4106 6200
278 335 432 393 1137

1691 336 1869 396 VITA
1915 337 1978 396 S.
2027 336 2280 396 LUCAZ.

3525 337 3680 396 1138

273 499 372 560 τῆς
432 491 620 564 δρθῆς,
681 491 914 552 πίστεως
973 491 1099 562 ὅρον
1147 490 1332 552 αὐτοῖς
1371 490 1668 564 παραδοὺς,
1698 495 1787 548 καὶ
1828 499 1918 548 νῦν

2041 495 2254 552 Veteris
2285 494 2670 552 Instrumenti
2695 493 2986 563 scriptura
3011 494 3304 550 adducens
3325 496 3679 560 testimonia,

278 582 371 653 μὲν
434 581 538 634 ἀπὸ
594 586 696 649 τῆς
755 579 1002 641 Παλαιᾶς
1034 579 1288 654 παράγων
1323 585 1564 659 Γραφῆς,
1611 587 1700 637 νῦν
1737 581 1792 637 δὲ
1837 583 1925 660 ἀφ’

275 671 442 742 οὕπερ
515 670 680 731 οὗτος
738 669 1028 738 ἀνετάξατο
1126 669 1473 744 Εὐαγγελίου
1551 670 1924 746 διερμηνεύων

279 758 463 821 αὐτοῖς
520 760 585 814 τὰ
636 760 759 834 περῖ
809 761 1070 834 Χριστοῦ,
1129 759 1218 814 καὶ
1275 757 1482 821 δεικνὺς
1538 764 1635 830 τὴν
1685 761 1924 817 Παλαιὰν

276 853 346 921 τῇ
415 850 524 920 Νέᾳ
583 848 731 920 μάλα
799 845 1224 922 συμϐαίνουσαν,
1274 851 1360 903 καὶ
1421 853 1547 906 Θεὸν
1599 850 1689 905 ἕνα
1719 852 1926 906 καῖτὸν

277 937 438 993 αὐτὸν
493 937 661 1007 αὐτὴν
721 960 774 992 τε
833 939 1084 1009 κάκείνην
1168 942 1627 1010 νομοθετήσαντα,
1703 940 1924 1014 πλήρης

279 1030 500 1102 ἡμερῶν
551 1027 660 1096 ἤδη
723 1029 1031 1102 γενόμενος,
1085 1027 1136 1082 ἐν
1189 1027 1376 1102 εἰρήνῃ
1432 1031 1566 1103 πρὸς
1596 1031 1686 1084 τὸν
1717 1037 1816 1099 τῆς
1852 1031 1926 1084 εἰ-

277 1119 450 1192 ρήνης
509 1115 727 1172 ἀναλύει
769 1119 919 1186 Θεὸν,
953 1118 1046 1172 τὸν
1079 1121 1218 1195 χοῦν
1253 1118 1345 1190 μέν
1375 1118 1662 1172 ἀπολιπὼν
1695 1123 1774 1190 τῷ
1807 1122 1924 1193 χοὶ,

274 1207 375 1275 τήν
409 1203 466 1260 δὲ
503 1207 689 1284 ψυχὴν
719 1211 837 1268 ταῖς
877 1207 1064 1281 χερσὶν
1115 1211 1212 1262 τοῦ
1271 1204 1576 1268 δεδωκότος
1618 1207 1924 1281 ἐμπαραοέ-

281 1315 463 1366 μενος,
513 1293 623 1348 ἐκεῖ
657 1299 1084 1368 μεταφοιτήσας,
1139 1290 1262 1351 ἔνθα
1293 1299 1328 1366 ἡ
1361 1302 1466 1352 τῶν
1507 1297 1718 1366 ςώντων
1747 1299 1924 1373 χώρα,

278 1381 401 1448 ἔνθα
443 1384 586 1452 ἦχος
630 1385 1022 1460 ἑορταζόντων,
1066 1380 1188 1440 ἔνθα
1237 1386 1668 1462 εὐφραινομένων
1712 1389 1926 1442 πάντων

279 1477 312 1543 ἡ
343 1475 614 1529 κατοικία.

349 1565 422 1620 ϐ’.
471 1567 710 1620 Τσιαῦτα
765 1569 870 1618 τῶν
929 1565 1061 1639 ὑπὲρ
1117 1560 1390 1627 εὐσεϐείας
1439 1565 1619 1621 ἄθλων
1659 1571 1755 1621 τοῦ
1795 1569 1926 1622 ἄπο-

280 1652 478 1708 στόλου
533 1652 602 1706 τά
656 1649 997 1726 διηγήματα,
1047 1655 1136 1707 καὶ
1191 1659 1352 1710 τοῦτο
1400 1654 1559 1718 τέλος
1610 1656 1756 1728 αὐτῷ
1815 1662 1922 1712 τῶν

284 1743 415 1815 ὑπὲρ
475 1745 713 1816 Χριστοῦ
770 1743 1048 1814 καμάτων·
1118 1745 1190 1796 ὧν
1241 1744 1329 1798 καὶ
1370 1748 1460 1798 νῦν
1513 1745 1564 1798 ἐν
1597 1744 1926 1822 ἀγαλλιάσει

283 1829 478 1904 θερίζει
523 1831 592 1885 τα
649 1827 950 1906 δράγματα,
1020 1833 1092 1894 ὡς
1155 1833 1286 1906 μετᾶ
1347 1833 1566 1889 Παύλου
1625 1833 1712 1888 καὶ
1764 1832 1922 1888 αὐτὸν

283 1915 538 1972 δύνασθαι
583 1917 776 1993 λέγειν·
840 1943 867 1972 ι(
929 1920 1036 1975 Τὸν
1103 1919 1283 1995 ἀγῶνα
1340 1921 1432 1976 τὸν
1497 1923 1664 1976 καλὸν
1725 1923 1926 1995 ἠγωνι-

281 2028 438 2078 σμαι,
503 2007 596 2061 τὸν
653 2005 858 2082 δρόμον
913 2007 1188 2078 τετέλεκα,
1245 2011 1344 2080 τήν
1392 2011 1572 2066 πίστιν
1629 2013 1923 2086 τετήρηκα,

281 2097 360 2173 ἐφ’
390 2098 468 2159 οἷς
516 2097 608 2152 τὸν
662 2105 760 2166 τῆς
803 2095 1150 2169 δικαιοσύνης
1201 2100 1458 2175 στέφανον
1479 2100 1861 2174 ἀποκείμενον.
1895 2123 1920 2153 ι

285 2185 436 2254 Πλὴν
487 2185 610 2241 ἀλλ’
665 2184 965 2252 ἀκόλουθον
1034 2189 1189 2261 οἶμαι
1252 2189 1470 2252 τούτοις
1525 2190 1928 2264 ἐπιμνησθῆναι

285 2277 370 2330 καὶ
415 2274 532 2329 ὅθεν
567 2273 657 2344 δὴ,
689 2277 778 2330 καὶ
810 2276 979 2344 ὅπως,
1011 2278 1104 2332 καὶ
1137 2278 1214 2357 ἐφ’
1262 2279 1370 2351 ὃτῳ
1415 2283 1518 2354 ἄρα
1548 2285 1654 2335 τῶν
1685 2282 1928 2355 χρόνων,

283 2365 345 2420 τὸ
409 2365 553 2439 ἱερὸν
595 2365 760 2420 αὐτοῦ
812 2364 1068 2440 λείψανον
1119 2369 1170 2438 ἐξ
1243 2370 1472 2444 Ἀχαὶας
1547 2370 1930 2443 ἀνακομισθὲν,

285 2456 360 2518 ὧς
395 2475 450 2508 τι
520 2455 661 2508 θεῖον
722 2454 1089 2530 θησαύρισμα,
1142 2460 1208 2530 τῇ
1270 2456 1497 2533 λαμπρᾷ
1534 2458 1624 2514 καὶ
1688 2457 1930 2532 βασιλίδι

281 2549 389 2599 τῶν
428 2541 643 2598 πόλεων
689 2541 1027 2602 ἀποδίδοται.

355 2635 412 2689 1’.
462 2632 622 2706 Λιῄει
679 2633 784 2688 ἀπὸ
840 2637 940 2687 τοῦ
990 2635 1226 2708 Σιρμίου
1265 2639 1400 2692 ποτέ
1429 2639 1565 2710 πρὸς
1595 2641 1686 2694 τὸν
1719 2641 1926 2714 Ἵστρον

287 2721 658 2782 Κωνστάντιος
702 2722 730 2774 ὁ
793 2724 1199 2777 Κωνσταντίνου
1260 2729 1357 2779 τοῦ
1443 2725 1696 2802 Μεγάλου
1777 2732 1928 2798 παῖς,

283 2811 467 2884 τρίτος
510 2809 715 2874 δὲκαθ’
766 2813 987 2879 ἡλικίαν
1029 2816 1140 2868 τῶν
1180 2811 1452 2892 ἀδελφῶν.
1489 2818 1586 2870 Καὶ
1625 2818 1761 2888 πρὸς
1793 2817 1929 2891 αὐτῇ

284 2905 354 2974 τῇ
413 2901 558 2978 δχθῃ
609 2898 708 2954 τοῦ
776 2901 988 2976 Ἴστρου
1038 2903 1240 2978 χρόνον
1292 2904 1352 2958 οὗ
1390 2906 1598 2980 βραχὺν
1635 2927 1932 2982 στρατοπε-

284 2987 632 3064 δευσάμενος,
691 2989 860 3061 ἤκουε
917 2991 1043 3054 τοὺς
1088 2993 1252 3068 πέραν
1303 3000 1401 3050 τοῦ
1454 2999 1667 3073 Ἴστρου
1719 2994 1930 3072 Βαρϐά-

284 3101 411 3154 ρους
480 3077 702 3153 μέλλειν
783 3081 1185 3158 ἐπιστρατεύειν
1268 3089 1336 3159 τῇ
1399 3088 1690 3161 Ῥωμαίων
1757 3089 1929 3163 ἀρχῆ.

285 3170 384 3226 Καὶ
443 3171 471 3224 ὁ
542 3172 636 3242 μὲν
686 3171 1002 3242 ὑποπτήξας
1056 3175 1131 3245 μή
1189 3195 1242 3228 τι
1286 3176 1450 3230 κακὸν
1525 3175 1578 3230 ἐν
1643 3181 1712 3250 τῇ
1765 3177 1928 3232 αὐτοῦ

286 3256 545 3331 δράσωσι,
595 3260 729 3332 πρὸς
775 3263 874 3330 τὴν
926 3263 1142 3336 Θρᾴκην
1187 3263 1342 3327 εὐθὺς
1391 3266 1481 3320 καὶ
1528 3267 1590 3320 τὸ
1641 3269 1928 3336 Βυζάντιον

286 3346 545 3417 ἤλαυνεν.
597 3349 685 3404 Ἐν
737 3350 983 3424 Ὁδρυσῷ
1032 3349 1088 3406 δὲ
1128 3354 1324 3426 χωρίῳ
1370 3351 1754 3426 καταλαϐόντι,
1806 3355 1930 3422 ἔνθα

287 3436 450 3492 πόλιν
507 3434 786 3512 Ἀδριανὸς
851 3441 880 3492 ὁ
951 3439 1241 3512 Ῥωμαίων
1307 3441 1560 3517 βασιλεὺς
1631 3445 1930 3516 ἀναστήσας

285 3529 386 3596 τήν
435 3527 630 3581 ἑαυτοῦ
689 3529 1060 3602 προσηγορίαν
1111 3535 1189 3602 τῷ
1247 3532 1401 3604 τόπῳ
1437 3531 1658 3604 δέδωκε,
1685 3535 1931 3610 πρόσεισί

287 3636 368 3677 τις
422 3619 531 3670 τῶν
581 3614 891 3671 ἐπισκόπων
929 3614 1004 3680 ὥς
1041 3639 1094 3672 τι
1145 3619 1388 3691 κομίζων
1436 3619 1616 3694 δῶρον
1649 3625 1794 3678 αὐτῶ
1827 3645 1930 3699 χα-

289 3705 585 3779 ριέστατον,
651 3711 757 3760 τῶν
831 3709 928 3760 τοῦ
999 3709 1240 3778 Χριστοῦ
1327 3716 1586 3781 μαθητῶν
1679 3711 1930 3788 Ἀνδρὲου

285 3792 376 3845 καὶ
433 3792 612 3846 Λουκὰ
671 3792 722 3846 ἐν
773 3791 972 3872 Ἀχαΐᾳ
1017 3794 1271 3871 τετάιρθαι
1309 3798 1528 3870 μηνύων
1583 3800 1650 3854 τὰ
1680 3802 1929 3874 σώματα.

284 3881 346 3936 '0
396 3877 452 3934 δὲ
495 3881 632 3952 ἥσθη
683 3902 740 3937 τε
781 3887 851 3956 τῇ
917 3881 1162 3958 ἀγγελίᾳ,
1207 3885 1296 3938 καὶ
1353 3886 1638 3960 Ἀρτέμιον
1687 3889 1732 3961 ᾦ
1785 3889 1934 3963 μάλα

285 3968 514 4044 ἐχρῆτο,
566 3971 656 4025 καὶ
715 3971 770 4025 ὅν
820 3975 920 4037 τῆς
969 3973 1104 4047 πρὸς
1147 3976 1381 4047 Χριστὸν
1413 3977 1628 4051 ἀγάπης
1661 3975 1780 4051 ᾔδει
1813 3978 1930 4034 διά-

284 4080 456 4136 πυρον
516 4059 744 4136 ἐραστὴν
797 4064 1086 4137 (μαρτυρεῖ
1140 4064 1232 4118 τὸν
1281 4062 1460 4120 ἔνθεον
1509 4066 1703 4122 τούτου
1757 4063 1933 4142 ἔρωτα

283 4153 362 4220 τῷ
405 4146 579 4222 ἀνδρὶ,
631 4151 660 4204 ὁ
718 4149 804 4204 ἐπὶ
854 4155 961 4206 τῶν
1007 4158 1208 4227 καιρῶν
1253 4155 1552 4210 Ἰουλιανοῦ
1585 4153 1672 4210 διὰ
1703 4159 1933 4231 Χριστὸν

288 4236 454 4300 ἆθλος
506 4239 594 4292 καὶ
645 4236 934 4312 κίνδυνος)¹
987 4245 1180 4297 τοῦτον
1225 4247 1354 4317 γοῦν
1399 4247 1488 4298 τὸν
1540 4245 1680 4300 οὕτω
1731 4248 1930 4322 θερμὸν

293 4327 422 4400 ὑπὲρ
503 4321 774 4390 εὐσεϐείας
817 4327 1050 4384 πνὲοντα
1099 4329 1260 4409 φίλον
1321 4333 1608 4407 ’Λρτέμιον
1666 4321 1802 4409 πρὸς
1834 4338 1930 4406 τήν

287 4417 395 4466 τῶν
449 4417 657 4468 σεπτῶν
704 4413 1042 4488 ἀνακομιδήν
1083 4417 1352 4491 σωμάτων
1403 4420 1596 4476 αὐτίκα
1646 4420 1932 4496 ἐκπέμπει.

293 4502 394 4558 Καὶ
466 4502 570 4576 γὰρ
612 4499 678 4570 δὴ
721 4503 812 4558 καὶ
864 4503 1022 4567 οὗτος
1074 4509 1138 4574 ἦν
1183 4509 1548 4571 Κωνστάντιος
1595 4511 1660 4565 τά
1705 4533 1762 4566 τε
1793 4511 1936 4568 ἄλλα

297 4590 538 4664 μέτριος,
569 4590 659 4646 τόν
683 4613 742 4646 τε
769 4591 972 4667 τρόπον
1015 4594 1274 4664 ἐπιεικὴς,
1303 4599 1390 4652 καὶ
1419 4599 1615 4673 πολλῷ
1636 4623 1696 4676 γε
1725 4601 1928 4674 κομιδῆ
1961 4585 2018 4652 D

292 4685 374 4751 τῷ
403 4679 524 4754 περί
567 4681 668 4750 τὴν
710 4685 817 4736 τῶν
880 4681 1187 4752 ἐκκλησιῶν
1238 4684 1538 4760 οἷ’κοδομήν
1573 4685 1734 4762 ἔρωτι
1800 4695 1929 4748 κάτ-

293 4788 450 4846 οχος.
513 4770 782 4824 Ἐντεῦθεν
809 4769 900 4824 καὶ
939 4771 1077 4845 πρὸς
1105 4777 1173 4846 τῇ
1212 4779 1310 4828 τοῦ
1341 4777 1541 4850 πατρὸς
1572 4779 1738 4834 αὐτοῦ
1768 4781 1926 4836 πόλει

290 4859 414 4930 περῖ
467 4858 558 4913 τὸν
628 4857 834 4913 ἐκείνου
898 4861 1063 4936 τάφον
1129 4862 1217 4916 οἶα
1282 4863 1442 4938 γέρας
1509 4866 1800 4932 ἀποδιδοὺς
1849 4877 1930 4945 τῷ

289 4945 475 5020 πατρὶ,
523 4947 644 5002 ναὸν
687 4945 736 5020 ἐξ
787 4947 961 5002 αὐτῶν
1010 4948 1294 5023 γρηπίδων
1329 4953 1610 5027 οἰκοδομεῖ
1651 4960 1928 5034 μέγιστον.

289 5034 366 5090 Οὗ
425 5033 491 5104 δὴ
544 5037 630 5090 καὶ
683 5035 976 5110 Ἀρτεμίου
1025 5037 1092 5092 τὰ
1137 5043 1244 5094 τῶν
1297 5041 1452 5116 ἱερῶν
1509 5033 1830 5102 ἀποστόλων
1880 5050 1927 5120 ἐξ

289 5122 522 5198 Ἀχαίας
572 5127 994 5199 ἂνακομίσαντος
1049 5127 1298 5204 λείψανα,
1347 5131 1398 5186 ἐν
1448 5133 1594 5208 αὖτῷ
1654 5142 1733 5210 τῷ
1803 5140 1930 5210 θείῳ

289 5215 656 5290 θυσιαστηρίῳ
687 5223 785 5286 τῆς
840 5217 985 5291 ἱερᾶς
1029 5195 1301 5294 τραπέζης
1343 5195 1624 5296 κατέθετο,
1674 5195 1930 5304 ’Ᾰνδρὲου

291 5304 384 5374 μὲν
427 5311 526 5374 τῆς
587 5305 840 5379 Πατρέων
889 5307 1126 5377 πόλεως,
1175 5317 1354 5367 Λουκᾶ
1413 5311 1468 5368 δὲ
1501 5315 1558 5370 ἐκ
1611 5311 1807 5386 Θηϐῶν
1830 5327 1932 5388 τῆς

285 5394 556 5458 Βοιωτίας
612 5400 1046 5474 μετενεχθέντος.
1107 5403 1296 5478 Βραχὺ
1354 5405 1414 5460 τὸ
1447 5405 1496 5459 ἐν
1535 5403 1683 5479 μὲσῳ
1713 5408 1802 5462 καὶ
1833 5411 1932 5466 Τι-

358 5641 384 5676 4
415 5643 462 5698 ιι
495 5644 639 5701 Tim.
675 5661 748 5713 ιν,
779 5645 833 5716 7,
866 5647 920 5704 8.

1959 3225 2008 3292 C

2041 601 2196 641 nunc
2227 601 2357 640 vero
2389 585 2460 640 ab
2510 600 2574 638 eo
2609 583 2762 654 quod
2798 583 2920 654 ipse
2951 586 3325 639 contexuerat
3373 583 3679 656 Evangelia

2035 675 2431 745 interpretans
2482 673 2626 740 ipsis
2686 687 2748 724 ea
2801 687 2928 740 quae
2989 672 3058 724 de
3105 672 3334 726 Christo
3385 678 3575 740 erant,
3626 678 3683 728 et

2039 765 2358 819 ostendens
2390 762 2568 816 Vetus
2591 761 3048 816 Instrumentam
3083 761 3322 815 omnino
3355 777 3678 816 consonum

2037 870 2164 908 esse
2193 853 2368 916 Novo,
2403 865 2705 921 unumque
2731 857 2782 903 et
2827 849 3096 904 eumdem
3129 865 3256 904 esse
3279 850 3460 904 Deum
3495 850 3591 919 qui
3626 855 3682 906 et

2037 942 2146 996 hoc
2177 949 2230 996 el
2261 940 2400 995 illud
2432 944 2738 1006 statuerat,
2775 937 2982 1008 plenus
3003 937 3130 1006 jam
3161 939 3390 993 dierum
3414 939 3679 1004 effectus,

2037 1032 2182 1087 redit
2209 1030 2264 1086 in
2301 1045 2437 1101 pace
2468 1029 2536 1083 ad
2581 1027 2761 1082 Deum
2797 1026 2970 1096 pacis,
3015 1026 3252 1098 pulvere
3283 1027 3517 1098 quidem
3549 1027 3679 1098 pul-

2037 1121 2154 1176 veri
2229 1119 2447 1183 relicto,
2509 1117 2706 1172 anima
2771 1133 2903 1170 vero
2963 1115 3020 1170 in
3083 1117 3355 1172 manibus
3397 1117 3524 1186 ejus
3578 1116 3680 1186 qui

2036 1211 2274 1266 dederat
2304 1207 2748 1274 commendata:
2776 1207 2915 1262 illuc
2944 1205 3241 1260 transiens
3273 1205 3374 1260 ubi
3406 1206 3564 1276 regio
3596 1209 3682 1260 est

2035 1299 2371 1366 viventium,
2407 1297 2506 1352 ubi
2539 1313 2718 1352 sonus
2735 1297 2880 1351 festa
2911 1294 3354 1363 celebrantium,
3377 1293 3478 1350 ubi
3508 1293 3680 1350 inha-

2035 1387 2239 1442 bitatio
2271 1394 2358 1442 est
2387 1385 2642 1442 omnium
2665 1383 3011 1439 laetantium.

2107 1477 2204 1530 IX.
2263 1475 2616 1546 Hujusmodi
2651 1479 2788 1528 sunt
2839 1472 3226 1528 certaminum
3276 1472 3528 1544 apostoli
3577 1489 3680 1544 pro

2039 1567 2248 1637 pietate
2271 1564 2636 1620 narrationes
2667 1580 2678 1616 :
2717 1562 2808 1616 hic
2839 1562 2948 1616 fuit
2977 1562 3088 1632 ipsi
3121 1562 3253 1617 finis
3286 1561 3550 1617 laborum
3577 1579 3679 1634 pro

2039 1655 2269 1711 Christo
2319 1669 2749 1726 perpessorum,
2811 1668 3059 1722 quorum
3116 1652 3290 1706 etiam
3351 1650 3680 1723 manipulos

2039 1763 2192 1802 nunc
2225 1747 2390 1801 metit
2436 1745 2496 1800 in
2555 1743 2774 1808 laetitia,
2825 1742 2903 1797 ita
2934 1751 2994 1797 ut
3043 1742 3228 1813 possit
3258 1745 3314 1796 et
3369 1741 3495 1811 ipse
3544 1758 3678 1796 cum

2039 1837 2219 1890 Paulo
2251 1835 2442 1890 dicere
2476 1849 2487 1889 :
2523 1856 2550 1884 «
2595 1834 2816 1888 Bonum
2849 1838 3138 1886 certamen
3171 1829 3401 1896 certavi,
3439 1847 3674 1885 cursum

2032 1925 2456 1990 consummavi,
2511 1923 2686 1976 ﬁdem
2730 1920 2973 1988 servavi,
3011 1925 3243 1990 prepter
3274 1935 3400 1989 quae
3429 1920 3680 1988 reposita

2033 2017 2121 2070 est
2152 2013 2294 2067 mihi
2327 2009 2802 2082 corouajustitiae
2834 2011 2874 2064 ‘.
2903 2031 2930 2058 υ
2961 2008 3378 2062 Verumtamen
3409 2007 3499 2062 his
3523 2023 3678 2061 nunc

2033 2117 2392 2172 consequens
2445 2117 2574 2155 esse
2629 2100 2835 2169 opinor
2883 2097 3238 2153 mentionem
3281 2097 3466 2152 facere
3497 2096 3677 2164 unde,

2033 2197 2089 2248 et
2149 2192 2465 2263 quomodo,
2538 2189 2823 2260 quibusve
2875 2203 3018 2242 sane
3073 2185 3440 2256 temporibus
3499 2203 3676 2240 sacrae

2035 2283 2214 2352 hujus
2261 2281 2518 2352 reliquiis
2559 2295 2626 2333 ex
2659 2277 2890 2344 Achaia,
2940 2275 3120 2330 veluti
3154 2275 3385 2330 divinus
3435 2275 3675 2346 quidam

2033 2373 2347 2428 thesaurus
2381 2373 2686 2441 reportatae
2719 2367 2860 2433 sint,
2893 2369 2948 2421 et
2979 2365 3147 2420 clarae
3169 2381 3235 2420 ac
3261 2364 3432 2436 regiae
3458 2363 3678 2419 civitati

2036 2463 2296 2518 redditae.

2105 2645 2174 2699 X.
2209 2642 2522 2698 Transibat
2543 2640 2839 2712 quondam
2874 2656 2907 2694 a
2935 2638 3148 2694 Sirmio
3181 2638 3251 2694 ad
3288 2638 3496 2693 Istrum
3526 2639 3676 2694 Con-

2037 2733 2311 2801 stantius,
2361 2728 2730 2786 Constantini
2791 2727 2986 2798 Magni
3043 2726 3220 2796 ﬁlius,
3271 2727 3372 2782 sed
3424 2726 3674 2784 fratrum

2035 2823 2261 2893 tertius,
2295 2825 2464 2893 atque
2512 2821 2582 2876 ad
2617 2819 2768 2874 hanc
2799 2817 2928 2874 lstri
2961 2820 3144 2888 ripam
3180 2834 3296 2872 non
3327 2816 3500 2888 longo
3523 2821 3676 2872 tem-

2035 2933 2171 2986 pore
2219 2916 2680 2978 castrametatus,
2740 2909 2964 2965 audivit
3019 2908 3298 2964 Barbaros
3377 2908 3474 2980 qui
3524 2907 3679 2963 ultra

2035 3005 2247 3061 Istrum
2275 3007 2442 3060 erant
2472 3001 2842 3057 conﬂicturos
2874 3013 3004 3053 cum
3029 2997 3424 3053 Romanorum
3459 2996 3678 3066 princi-

2038 3099 2174 3167 patu
2196 3111 2208 3148 :
2233 3098 2290 3150 et
2311 3093 2436 3164 ipse
2465 3091 2788 3147 formidans
2817 3103 2888 3142 ne
2908 3087 3045 3158 quid
3080 3085 3216 3142 mali
3247 3086 3306 3140 in
3329 3102 3436 3142 suo
3460 3085 3681 3156 princi-

2041 3193 2178 3257 patu
2219 3185 2494 3251 facerent,
2535 3179 2846 3236 confestim
2896 3176 2969 3232 ad
3014 3175 3320 3231 Thraciam
3363 3191 3428 3230 ac
3459 3179 3680 3246 Byzan-

2039 3275 2184 3330 tium
2217 3271 2518 3342 equitavit.
2551 3269 2814 3339 Cumque
2844 3267 2917 3322 ad
2963 3266 3256 3337 regionem
3299 3265 3680 3337 Odrysiorum

2041 3363 2424 3435 pervenisset,
2457 3359 2556 3413 ubi
2601 3357 2888 3410 Adrianus
2911 3358 3306 3410 Romanorum
3349 3355 3680 3424 imperator,

2041 3457 2336 3507 exstructa
2365 3448 2612 3512 civitate,
2671 3444 2761 3498 sui
2830 3441 3272 3514 appellationem
3331 3441 3454 3496 loco
3499 3441 3678 3506 dedit,

2042 3540 2264 3598 accedit
2304 3537 2378 3592 ad
2407 3551 2538 3590 eum
2591 3533 2828 3605 quidam
2862 3531 3186 3600 episcopus,
3237 3528 3416 3585 veluti
3458 3530 3678 3584 donum

2041 3628 2334 3701 quoddam
2381 3625 2491 3696 ipsi
2539 3621 2940 3694 gratissimum
2982 3620 3270 3690 deferens,
3318 3619 3560 3674 Andreze
3615 3633 3680 3672 ac

2040 3724 2205 3774 Lucae
2253 3714 2464 3774 Christi
2533 3711 2950 3782 discipulorum
3013 3725 3258 3779 corpora
3303 3709 3574 3764 indicans
3619 3707 3678 3761 in

2039 3807 2258 3864 Achaia
2313 3820 2438 3862 esse
2495 3802 2742 3872 sepulta.
2801 3802 2977 3858 Porro
3037 3802 3136 3856 ille
3194 3803 3253 3854 et
3307 3797 3512 3852 nuntio
3570 3812 3679 3864 ga-

2043 3895 2202 3952 visus
2251 3898 2360 3962 est,
2419 3897 2478 3949 et
2533 3891 2852 3948 Artemium
2915 3907 3030 3962 quo
3077 3887 3324 3944 maxime
3384 3883 3682 3948 utebatur,

2041 3991 2100 4042 et
2158 4001 2330 4057 quem
2387 3983 2604 4040 sciebat
2661 3981 2946 4036 fervidum
3007 3983 3328 4036 amatorem
3379 3974 3683 4031 charitatis

2042 4092 2180 4148 erga
2235 4073 2529 4130 Christum
2595 4071 2930 4144 (attestatur
2995 4069 3116 4124 viro
3180 4067 3440 4122 divinum
3503 4063 3684 4135 hujus

2043 4182 2324 4234 amorem,
2357 4166 2672 4226 certamen,
2693 4176 2758 4216 ac
2783 4157 3104 4231 periculum
3125 4157 3485 4227 temporibus
3501 4154 3684 4210 Julia-

2043 4254 2102 4310 ni
2136 4260 2368 4325 propter
2396 4251 2696 4308 Christum
2725 4249 3090 4318 susceptum)
3124 4263 3140 4314 ;
3173 4247 3326 4300 hunc
3357 4259 3494 4314 ergo
3525 4246 3684 4298 tanto

2045 4344 2266 4399 fervore
2313 4357 2418 4414 pro
2461 4340 2673 4411 pietate
2703 4338 3023 4410 spirantem
3055 4335 3310 4391 amicum
3357 4332 3682 4388 Artemium

2046 4435 2113 4488 ad
2147 4431 2534 4504 pretiosorum
2583 4443 2892 4500 corporum
2945 4423 3344 4482 reductionem
3375 4421 3682 4478 confestim

2045 4522 2282 4578 emittit.
2316 4519 2544 4575 Etenim
2575 4523 2700 4574 erat
2741 4517 2836 4572 hic
2867 4513 3242 4572 Constantius
3273 4517 3331 4568 et
3361 4511 3420 4566 in
3461 4509 3684 4566 caeteris

2043 4611 2398 4678 moderatus,
2415 4611 2472 4664 et
2494 4607 2753 4663 moribus
2789 4605 2947 4660 mitis
2970 4620 3035 4660 ac
3059 4603 3370 4670 modestus,
3393 4603 3450 4654 et
3470 4614 3684 4670 magno

2041 4701 2360 4756 admodum
2405 4697 2558 4752 circa
2601 4695 2976 4752 ecclesiarum
3009 4690 3456 4748 aediﬁcationem
3489 4703 3685 4744 amore

2041 4793 2381 4860 occupatus.
2443 4785 2606 4842 Unde
2652 4785 2823 4840 etiam
2880 4783 2951 4838 ad
3012 4782 3190 4853 patris
3247 4778 3338 4834 sui
3385 4775 3682 4834 civitatem

2041 4878 2194 4934 circa
2243 4877 2405 4931 illius
2436 4873 2793 4946 sepulcrum,
2828 4870 3006 4927 veluti
3060 4869 3309 4924 reddens
3336 4865 3482 4938 patri
3511 4865 3686 4920 bono-

2041 4985 2183 5034 rem,
2245 4966 2530 5037 templum
2585 4966 2656 5020 ab
2711 4963 2857 5034 ipsis
2918 4959 3314 5016 fundamentis
3362 4956 3684 5012 maximum

2042 5057 2311 5124 aedificat,
2361 5057 2420 5111 in
2475 5071 2592 5126 quo
2623 5054 2817 5120 etiam,
2881 5051 2976 5106 ubi
3033 5049 3328 5104 Artemius
3386 5061 3686 5102 sacrorum

2042 5145 2440 5218 apostolorum
2476 5143 2755 5215 reliquias
2784 5159 2850 5197 ex
2879 5139 3095 5195 Achaia
3127 5137 3434 5204 retulisset,
3467 5135 3526 5190 in
3559 5135 3686 5205 ipso

2043 5235 2238 5291 divino
2270 5233 2438 5289 altari
2481 5249 2660 5288 sacrae
2693 5245 2906 5286 mensae
2937 5227 3198 5298 reposuit
3228 5243 3242 5282 :
3293 5225 3532 5280 Andrew
3565 5224 3689 5294 qui-

2045 5324 2172 5380 dem
2217 5341 2247 5379 e
2279 5322 2506 5378 civitate
2539 5321 2897 5388 Patreorum,
2943 5319 3106 5373 Luca:
3149 5321 3342 5372 autem
3373 5330 3442 5370 ex
3471 5313 3688 5368 Thebis

2042 5413 2274 5470 Bwotiaa
2332 5410 2632 5468 translatis
2685 5407 3050 5480 corporibus.
3099 5409 3180 5462 Ac
3228 5404 3386 5460 brevi
3427 5405 3688 5476 tempore
