4012 6220
453 327 607 387 1139

1813 315 2097 377 MENSIS
2141 313 2527 377 OCTOBER.

3690 320 3812 381 1140

449 484 798 542 intermedio
830 482 1009 539 etiam
1050 481 1428 538 Timotheum
1458 481 1559 552 qui
1599 480 1658 534 in
1708 478 1884 534 choro
1916 477 2096 534 disci-

2216 477 2438 548 μόθεον,
2469 477 2561 531 τὸν
2611 481 2688 549 τῷ
2734 480 2890 551 χορῷ
2941 480 3050 531 τῶν
3089 479 3185 533 τοῦ
3214 478 3446 552 Χριστοῦ
3483 481 3722 552 μαθητῶν
3749 483 3810 537 οἶά

450 576 722 648 pulorum
783 573 996 631 Christi
1047 573 1203 629 velut
1245 573 1556 644 perspicua
1600 570 1868 643 quaedam
1929 566 2100 625 stella

451 665 858 737 splenduerat,
915 679 984 717 ex
1041 662 1267 734 Epheso
1324 663 1499 717 refert
1565 661 1761 726 Ioniae,
1829 658 2101 714 ministro

455 768 694 825 quoque
731 769 964 807 rursum
997 752 1069 806 ad
1103 751 1209 807 hoc
1259 767 1405 806 usus
1434 749 1717 806 Artemio.
1750 749 1860 804 Sed
1894 746 2100 803 habuit

453 849 507 899 et
537 844 730 913 ipsum
772 859 949 898 sacrae
990 857 1204 896 mensa
1246 838 1722 905 ambitus,veluti
1765 838 2101 893 reddentem

455 931 714 986 debitum
749 931 1042 1002 quoddam
1080 930 1310 1001 pietatis
1341 930 1464 986 suis
1495 927 1961 984 auxiliatoribus.
1996 929 2105 980 Ve—

455 1038 585 1076 rum
617 1020 958 1076 Timotheus
981 1021 1216 1091 quidem
1247 1019 1585 1092 hujusmodi
1613 1019 1815 1074 habuit
1845 1015 2105 1088 corporis

455 1109 873 1165 reductionem.

525 1199 619 1254 XI.
679 1199 852 1255 Porro
887 1198 944 1253 in
1001 1198 1117 1254 divi
1167 1203 1328 1255 Lucas
1391 1197 1727 1254 reductiona
1767 1195 1882 1252 tale
1913 1193 2104 1251 editur

456 1285 803 1341 miraculum
852 1302 1121 1342 sermone
1170 1304 1234 1342 ac
1277 1287 1562 1342 memoria
1592 1286 1854 1356 dignum.
1890 1285 2104 1338 Anato-

458 1375 571 1430 lius
629 1375 870 1445 quidam
931 1376 1238 1431 ennucbus
1287 1393 1440 1432 unus
1497 1391 1698 1430 eorum
1750 1374 1850 1446 qui
1904 1378 2106 1428 tunce

459 1464 613 1534 regio
644 1465 1119 1528 erantcubiculo,
1161 1465 1373 1520 misero
1432 1465 1686 1536 corporis
1745 1463 1946 1519 morbo
2002 1463 2104 1516 de-

459 1556 659 1608 tentus
690 1557 835 1608 erat.
871 1553 977 1607 Ubi
1005 1570 1144 1624 ergo
1178 1555 1458 1624 majorem
1493 1554 1652 1609 novit
1681 1568 1808 1608 esse
1842 1549 2105 1606 morbum

461 1657 636 1712 quam
671 1643 766 1711 qui
807 1642 1164 1697 medicorum
1227 1649 1426 1714 posset
1483 1649 1604 1698 arte
1666 1641 1878 1708 curari,
1929 1639 2108 1710 probe

461 1731 655 1786 sciens
686 1731 782 1786 ille
815 1733 962 1802 quod
998 1749 1122 1801 qua:
1157 1733 1540 1803 impossibilia
1571 1740 1708 1788 sunt
1739 1731 1892 1802 apud
1926 1728 2110 1784 homi-

461 1837 586 1890 nes,
621 1821 736 1876 Deo
791 1821 1090 1892 possibilia
1148 1827 1307 1886 sunt,
1351 1822 1628 1877 omnibus
1680 1821 1811 1877 aliis
1869 1819 2104 1888 relictis,

462 1911 533 1964 ad
597 1911 803 1966 Lucam
865 1910 1076 1966 Christi
1134 1911 1488 1982 discipulum
1547 1911 1828 1982 confugit,
1887 1913 1944 1963 et
2001 1907 2108 1962 hoc

462 1999 802 2055 auxiliatore
861 2001 1047 2054 utitur
1102 2001 1379 2055 adversus
1431 2001 1724 2057 morbum.
1785 1997 1893 2053 Ubi
1950 1999 2105 2052 enim

464 2105 613 2144 urna
652 2105 780 2159 quae
814 2089 1137 2158 pretiosum
1171 2089 1509 2144 continebat
1551 2087 1734 2159 ipsius
1776 2103 1986 2158 corpus
2035 2085 2106 2140 ad

464 2194 701 2233 sacrum
736 2177 1022 2249 templum
1066 2180 1189 2249 jam
1222 2184 1375 2234 esset
1405 2178 1619 2243 delata,
1663 2178 1815 2249 quod
1846 2195 1878 2232 a
1909 2176 2110 2231 funda-

466 2268 677 2322 mentis
706 2267 1085 2322 Constantius
1119 2273 1400 2336 erexerat,
1442 2268 1723 2324 accedens
1773 2266 1868 2321 hic
1917 2266 2108 2321 dictus

462 2354 1120 2428 Anatolius,simulque
1168 2356 1440 2427 bajulans
1491 2373 1625 2413 cum
1671 2355 1764 2412 his
1810 2355 1911 2427 qui
1941 2355 2104 2411 illam

464 2445 796 2515 portabant,
821 2446 1123 2501 confestim
1145 2446 1502 2515 deprimente
1525 2445 1727 2501 morbo
1743 2442 2103 2517 absolvitur:

464 2537 520 2588 et
551 2534 747 2589 vivens
777 2551 844 2589 ex
888 2543 1116 2589 mortuo
1159 2534 1265 2589 tale
1304 2535 1548 2606 adeptus
1584 2533 1956 2599 beneﬁcium,
1989 2537 2108 2588 tota

463 2639 570 2677 sua
609 2623 725 2678 vita
755 2639 870 2678 non
917 2621 1233 2677 intermisit
1263 2623 1482 2694 gratias
1528 2638 1699 2694 agere
1747 2621 2007 2692 apostolo
2041 2635 2106 2678 ac

469 2714 583 2767 Deo
616 2713 716 2784 qui
755 2728 856 2783 per
895 2713 1088 2784 ipsum
1123 2711 1460 2782 hujusmodi
1491 2713 1701 2768 edebat
1731 2709 2031 2766 miracula.

530 2800 656 2857 XII.
689 2800 962 2871 ltaigitur
991 2801 1244 2870 primum
1267 2817 1334 2855 ex
1355 2801 1568 2856 Thebis
1591 2801 1835 2856 relatum
1861 2798 2106 2855 divinis--

461 2889 598 2944 simi
622 2890 783 2944 Luca
798 2905 1030 2960 corpus,
1053 2888 1370 2944 honoriﬁce
1387 2889 1455 2943 ad
1467 2889 1634 2944 modu
1647 2905 1700 2943 m
1715 2905 1781 2943 ac
1802 2888 2107 2958 magnifice

459 2995 579 3033 una
607 2995 739 3033 cum
769 2979 1000 3033 Andrea
1032 2993 1097 3032 ac
1125 2977 1425 3032 Timotheo
1451 2977 1509 3032 in
1534 2979 1749 3047 templo
1783 2976 2103 3048 reponitur,

459 3069 610 3139 quod
657 3085 689 3122 a
737 3067 1072 3122 Constantio
1125 3066 1473 3121 aediﬁcatum
1531 3071 1706 3122 erat:
1766 3082 1898 3121 cum
1953 3067 2106 3121 circa

458 3173 756 3214 sacrarum
815 3155 1192 3226 reliquiarum
1225 3155 1634 3225 repositionem
1663 3155 1796 3212 fidei
1831 3172 2008 3228 opera
2037 3171 2104 3211 ac

2210 587 2330 622 τινα
2396 564 2622 646 διαφανῆ
2676 567 2873 642 ἀστέρα
2927 565 3305 642 ἐκλάμψαντα,
3361 567 3409 639 ἒξ
3468 572 3687 646 Ἐφέσου
3714 572 3812 626 ἂνα-

2212 658 2360 734 φέρει
2432 663 2534 726 τῆς
2580 656 2808 727 Ἰωνίας,
2871 656 3130 730 ὑπουργῷ
3185 658 3277 711 καὶ
3332 659 3485 722 αὖθις
3533 659 3662 734 πρὸς
3689 665 3812 717 τοῦτο

2210 745 2290 818 τῷ
2347 747 2623 820 Ἀρτεμίῳ
2689 747 3062 822 χρησάμενος.
3112 745 3272 804 Ἀλλ’
3328 745 3456 823 ἔσχε
3513 751 3602 803 καὶ
3639 749 3814 805 αύτὸνὸ

2211 837 2308 904 τῆς
2355 837 2500 910 ἱερᾶς
2558 835 2829 911 τραπέζης
2887 841 3033 900 θεῖος
3110 832 3429 911 περίϐολος,
3507 839 3721 913 καθέπερ
3778 861 3814 896 τι

2213 925 2380 999 χρέος
2421 931 2537 988 τοῖς
2571 926 2919 1002 συνεργάταις
2963 925 3129 980 αὐτοῦ
3184 934 3288 996 τῆς
3335 923 3611 990 εὐσεϐείας
3656 928 3816 984 ἄποδο-

2215 1011 2388 1069 θέντα.
2436 1014 2611 1069 ’Λλλᾶ
2657 1013 2922 1087 Τιμόθεος
2993 1015 3087 1088 μὲν
3145 1016 3405 1086 τοιαύτην
3435 1013 3568 1092 ἔσχε
3605 1018 3696 1088 τήν
3720 1017 3816 1072 ἀνία

2213 1101 2449 1177 κομιδὴν
2483 1107 2579 1158 τοῦ
2602 1103 2876 1177 σώματος.

2288 1194 2371 1249 ΙΔ.
2405 1193 2529 1249 Ἐπὶ
2572 1190 2630 1247 δὲ
2658 1196 2725 1267 τῇ
2781 1197 2879 1248 τοῦ
2920 1192 3065 1258 θείου
3131 1199 3322 1251 Δουκᾶ
3371 1197 3816 1271 θαυματουργεῖττί

2213 1301 2266 1336 τι
2306 1286 2554 1336 τοιοῦτον
2587 1279 2759 1358 λόγου
2790 1283 2878 1336 καὶ
2923 1289 3152 1356 μνὴμης
3182 1282 3351 1356 ἄξιον·
3401 1284 3710 1346 Ἀνατόλιός
3743 1305 3818 1354 τις,

2217 1369 2474 1445 εὐνοῦχος
2533 1372 2613 1433 εἷς
2670 1376 2777 1425 τῶν
2837 1370 2895 1426 ἐκ
2923 1376 3020 1427 τοῦ
3072 1372 3363 1447 βασιλικοῦ
3411 1378 3669 1435 κοιτῶνος
3703 1395 3820 1444 τηνι-

2216 1464 2386 1514 καῦτα
2436 1455 2532 1530 ὤν,
2583 1462 2741 1515 πάθει
2808 1457 2985 1516 δεινοῦ
3044 1462 3306 1534 σώματος
3389 1464 3713 1538 κατάσχετος
3756 1466 3818 1530 ἦν,

2215 1553 2301 1610 Ὡς
2351 1549 2444 1603 οὖν
2495 1554 2679 1620 μεῖζον
2712 1545 2833 1622 ᾔδει
2873 1551 2934 1605 τὸ
2964 1549 3192 1619 πάθοςῆ
3227 1553 3363 1606 κατά
3392 1554 3493 1621 τὴν
3525 1557 3631 1606 τῶν
3660 1553 3817 1626 ἰατρῶν

2218 1637 2416 1712 υέχνην
2473 1635 2669 1708 ἐδόκει,
2703 1639 2760 1692 εὗ
2808 1637 3011 1701 ἐκεῖνος
3042 1636 3203 1704 elatio;
3249 1640 3334 1695 ὅτι
3381 1641 3449 1695 τὰ
3479 1644 3628 1715 παρά
3662 1640 3822 1715 ἂνθρὼ-

2217 1747 2345 1788 ποις
2404 1723 2658 1798 ἄδύνατα,
2696 1731 2776 1799 τῷ
2833 1729 2948 1799 Θεῴ
3001 1726 3350 1799 δυνατὰ,τῶν
3379 1728 3571 1784 αλλων
3605 1730 3822 1804 ἀφέμενος

2217 1816 2454 1887 πάντων,
2499 1815 2586 1870 ἐπὶ
2627 1818 2718 1872 τὸν
2753 1815 2850 1871 τοῦ
2899 1821 3136 1891 Χριστοῦ
3207 1822 3458 1890 μαθητήν
3522 1824 3727 1874 Λουκᾶν
3748 1841 3824 1872 κα-

2216 1905 2490 1984 ταφεύγει,
2531 1906 2623 1961 καὶ
2680 1906 2846 1981 τούτῃ
2911 1907 3100 1981 βοηθῷ
3149 1914 3353 1982 χρῆται
3400 1908 3539 1964 κατᾶ
3578 1915 3672 1978 τῆς
3698 1910 3824 1962 νόσου

2215 1996 2330 2063 Τῆς
2389 1994 2492 2069 γάρ
2551 1999 2740 2068 σοροῦ,
2802 1995 2838 2064 ἢ
2887 1996 2978 2050 τὸν
3008 1997 3195 2068 τίμιον
3228 1996 3390 2051 αὐτοῦ
3411 2003 3631 2071 συνεῖχε
3660 2001 3822 2071 νεκρὸν,

2217 2083 2303 2138 ἐπὶ
2336 2085 2425 2139 τὸν
2483 2081 2640 2161 ἅγιον
2686 2083 2796 2156 ἤδη
2851 2085 3225 2158 κομιζομένης
3276 2088 3420 2155 ναὸν,
3453 2086 3513 2142 ὅν
3567 2088 3624 2142 ἐκ
3655 2088 3824 2163 βάθρων

2216 2175 2396 2230 αὐτῶν
2456 2175 2832 2238 Κωνστάντιος
2863 2173 3104 2251 ἤγειρεν,
3137 2176 3294 2239 οὗτος
3333 2177 3360 2231 ὁ
3394 2176 3618 2252 λεχθεὲς
3650 2178 3826 2233 Ἀνατό·

2217 2262 2338 2326 λιος
2387 2263 2729 2340 προσελθὼν,
2783 2265 2875 2318 καὶ
2935 2261 3395 2328 συνδιαϐαστάσας
3447 2271 3570 2327 τοῖς
3617 2268 3824 2342 φέρουσι.

2215 2352 2439 2423 ταύτην,
2507 2359 2854 2428 παραχρῆμα
2909 2358 3008 2408 τοῦ
3064 2355 3347 2423 πιέζοντος
3403 2354 3696 2411 ἀπολύεται
3746 2356 3825 2409 πά-

2217 2445 2365 2504 Θους.
2400 2441 2502 2497 Καὶ
2527 2443 2555 2497 ὁ
2589 2445 2694 2510 ζῶν
2721 2441 2827 2496 ἀπὸ
2857 2447 2953 2497 τοῦ
3002 2447 3194 2518 νεκροῦ
3241 2444 3506 2514 τοιαύτης
3554 2443 3822 2504 ἀπολαύσας

2217 2529 2539 2607 εὐεργεσίας,
2601 2531 2665 2585 ού
2716 2526 2929 2586 διέλιπε
3002 2535 3125 2606 παρ’
3176 2530 3314 2600 ὅλην
3371 2532 3544 2588 αὑτοῦ
3593 2534 3682 2602 τήν
3712 2534 3821 2602 ζωὴν

2214 2624 2293 2691 τῷ
2351 2641 2409 2675 τε
2453 2617 2747 2692 άποστόλῳ
2803 2621 2904 2688 τὴν
2955 2620 3118 2698 χάριν
3180 2619 3506 2697 ὁμολογῶν,
3537 2623 3722 2694 καὶτῷ
3769 2619 3820 2674 δι’

2215 2709 2380 2764 αὐτοῦ
2399 2715 2622 2764 τοιαῦτα
2653 2713 3158 2786 θαυματουργοῦντι
3191 2715 3326 2783 Θεῷ.

2289 2801 2391 2857 ΙΒ’.
2448 2795 2608 2858 Οὕτω
2670 2801 2764 2872 μέν
2816 2800 2906 2854 οὗν
2961 2799 3020 2854 έκ
3096 2797 3291 2870 Θηϐῶν
3375 2802 3722 2877 ἀνακομισθὲν
3774 2799 3820 2854 τὸ

2214 2892 2430 2962 πρῶτον
2489 2889 2550 2942 τὸ
2603 2891 2700 2941 τοῦ
2757 2886 3034 2942 θειοτάτου
3087 2893 3246 2961 σῶμα
3329 2896 3540 2958 Λουκᾶ,
3633 2889 3820 2961 ἐντίμως

2215 2976 2351 3054 ἄγαν
2411 2977 2500 3031 καὶ
2563 2975 3022 3050 μεγαλοπρεπῶς,
3094 2978 3229 3050 μετὰ
3275 2975 3817 3057 ⁷Δνδρέου,φημ³,καξ

2215 3067 2503 3138 Τιμοθέου,
2546 3069 2624 3137 τῷ
2661 3067 2806 3139 παρὰ
2845 3067 3219 3121 Κωνσταντίου
3277 3065 3691 3141 οἰκοδομηθέντι
3733 3068 3819 3135 ναῷ

2214 3156 2575 3226 κατατίθεται,
2625 3153 2815 3211 πολλὰ
2869 3155 2993 3230 περὶ
3061 3157 3160 3226 τήν
3230 3160 3340 3212 τῶν
3385 3157 3553 3232 ἱερῶν
3595 3156 3818 3230 λειψάνων

459 3247 746 3302 fervidum
787 3246 1113 3302 Constantii
1143 3245 1499 3302 desiderium
1532 3246 1845 3318 plurimum
1865 3249 2099 3307 demon-

2216 3243 2496 3308 κατάθεσιν
2560 3245 2798 3306 πίστεως
2863 3240 2996 3318 ἔργα
3051 3245 3140 3299 καὶ
3233 3246 3404 3309 πόθου
3497 3245 3694 3315 ζέοντος
3745 3246 3816 3299 τοῦ

459 3340 645 3392 strata
674 3339 828 3390 sunt.
865 3336 1204 3405 Quanquam
1240 3333 1333 3389 hic
1374 3343 1569 3405 postea
1600 3335 1842 3407 maligni
1876 3335 2101 3409 laqueis

459 3425 888 3496 aliquantulum
922 3429 1124 3495 captus
1153 3425 1209 3496 (ο
1243 3441 1444 3480 casum
1479 3426 1756 3481 miserum
1788 3425 1799 3480 l
1835 3427 1946 3484 heu
1980 3433 2102 3484 tur-

457 3515 754 3570 bulentam
779 3513 1213 3570 subversionem
1233 3514 1278 3586 l)
1301 3515 1648 3571 Arianorum
1665 3517 1878 3587 dogma
1898 3518 2100 3576 ebibit.

456 3603 659 3660 Multis
691 3612 878 3659 autem
909 3605 1284 3676 postmodum
1311 3605 1696 3676 temporibus,
1717 3606 2099 3679 Justinianus,

456 3693 780 3764 assumptis
833 3691 1061 3762 imperii
1109 3692 1375 3764 sceptris,
1410 3695 1590 3748 multo
1622 3693 1810 3749 adhuc
1850 3697 2101 3767 amplifi-

456 3782 686 3838 centius
718 3783 868 3837 circa
895 3781 1016 3836 haec
1039 3797 1202 3836 sacra
1224 3781 1622 3853 apostolorum
1649 3799 1888 3853 corpora
1916 3786 2105 3840 affici-

455 3878 570 3938 tur,
605 3878 655 3926 et
680 3872 844 3926 theca
874 3874 1147 3941 argentea
1175 3870 1294 3926 haec
1327 3872 1699 3940 concludens,
1733 3872 1886 3928 circa
1909 3873 2100 3943 ipsum

457 3963 639 4016 altare
689 3961 1019 4017 vehementi
1053 3960 1154 4016 Dei
1186 3975 1384 4015 amore
1427 3963 1676 4032 reponit,
1731 3978 1938 4034 nempe
1971 3981 2103 4036 pre-

454 4051 603 4106 tiosa
631 4050 691 4104 in
726 4051 977 4120 pretioso
1001 4048 1346 4104 conditorio.
1372 4050 1441 4103 Et
1461 4051 1693 4120 quidem
1720 4053 1866 4106 sacri
1901 4052 2103 4110 altaris

455 4156 717 4194 mensam
750 4140 918 4194 theca
948 4139 1289 4194 constituit:
1325 4155 1495 4210 porro
1530 4139 1828 4194 communi
1869 4147 2102 4212 aposto-

453 4229 645 4285 lorum
677 4227 912 4284 nomine
943 4228 1228 4299 templum
1264 4229 1630 4299 appellatur:
1670 4229 1740 4283 ad
1776 4231 1928 4299 quod
1963 4247 2104 4288 sane

455 4333 658 4374 omnes
691 4317 793 4388 qui
849 4316 1200 4373 conveniunt
1234 4316 1438 4372 fideles
1496 4316 1743 4373 laudant
1797 4318 1950 4374 hunc
1982 4325 2104 4375 tan-

455 4424 633 4479 quam
666 4406 1040 4478 discipulum,
1075 4405 1370 4463 celebrant
1400 4411 1465 4460 ut
1493 4406 1932 4476 evangelistam,
1968 4409 2100 4465 bea-

452 4495 681 4552 tiﬁcant
707 4499 988 4566 tanquam
1023 4511 1154 4550 eum
1209 4497 1308 4567 qui
1359 4495 1416 4551 in
1454 4496 1641 4551 sacris
1691 4498 1999 4554 sudoribus
2035 4516 2100 4555 ac

2214 3332 2589 3390 Κωνσταντίου
2647 3329 3034 3405 ἐνδειξαμένου,
3094 3332 3259 3388 εἶκαὶ
3307 3339 3426 3396 ταῖς
3486 3340 3584 3390 τοῦ
3613 3336 3815 3406 πονηροῦ

2212 3424 2412 3498 πάγαις
2455 3422 2613 3477 οὗτος
2666 3422 2858 3496 μικρὸν
2919 3421 3145 3497 ὕστερον
3207 3421 3377 3486 ἁλοὺς
3433 3421 3511 3497 (ὢ
3567 3424 3817 3495 πτώματος

2211 3514 2462 3588 ὀλεθρίου
2497 3516 2511 3572 l
2571 3515 2670 3582 τὴν
2731 3511 2982 3590 θολερὰ-ι,
3041 3518 3138 3592 φεῦ
3173 3517 3185 3570 l
3234 3515 3591 3591 ἄνατροπὴν)·
3624 3520 3708 3571 τοῦ
3732 3519 3813 3568 τῶν

2210 3605 2503 3678 Ἀρειανῶν
2563 3603 2733 3672 ἐξέπιε
2808 3601 3102 3680 δόγματος.
3193 3605 3422 3680 Χρόνοις
3514 3604 3572 3660 δὲ
3650 3605 3817 3662 ἱκανοῖς

2211 3693 2429 3768 ὕστερον
2488 3694 2865 3755 Ἰουστινιανὸς
2940 3692 3008 3748 τὰ
3064 3700 3314 3768 σκῆπτρα
3387 3701 3492 3764 τῆς
3582 3689 3814 3769 βασιλείας

2210 3777 2566 3857 παραλαϐὼν,
2626 3781 3052 3859 φιλοτιμότερον
3097 3780 3222 3838 ὅσον
3279 3784 3403 3858 περὶ
3458 3786 3532 3839 τὰ
3559 3783 3669 3853 ἰερὰ
3693 3777 3812 3834 ταυτί

2207 3877 2316 3927 τῶν
2380 3869 2705 3926 ἀποστόλῶν
2774 3869 3068 3936 διατίθεται
3126 3873 3378 3945 σώματα,
3450 3873 3546 3927 καὶ
3614 3869 3811 3944 ἀργυρέῃ

2212 3963 2350 4034 θήκῃ
2380 3965 2544 4014 ταῦτα
2588 3956 2901 4035 περιλαϐὼν
2960 3962 3091 4033 παρ’
3146 3961 3300 4032 αὐτῷ
3355 3965 3434 4033 τῷ
3492 3961 3618 4034 θείῳ
3670 3961 3813 4012 Gusta-

2212 4049 2440 4124 στηρίῳ,
2478 4046 2626 4122 μάλα
2658 4047 2939 4128 θεοφιλῶς
2993 4050 3356 4120 κατατίθεται,
3388 4048 3453 4104 τὰ
3481 4051 3656 4123 τίμια,
3683 4043 3812 4126 φημῖ,

2211 4137 2261 4191 έν
2320 4138 2510 4210 τιμίῳ.
2544 4139 2642 4192 Καὶ
2688 4138 2928 4212 τράπεζα
2989 4139 3089 4212 μὲν
3149 4143 3246 4192 τοῦ
3279 4137 3428 4213 ἱεροῦ
3470 4133 3811 4209 Θυσιαστηρίου

2209 4229 2243 4296 ἡ
2305 4230 2446 4297 θήκη
2505 4225 2675 4295 τελεῖ,
2733 4231 2898 4298 κοινῷ
2931 4225 2987 4282 δὲ
3016 4225 3124 4282 τῶν
3177 4224 3504 4282 ἀποστόλων
3559 4220 3812 4299 ὀνόματιὸ

2210 4317 2344 4378 νεὼς
2375 4315 2535 4378 οὗτος
2579 4317 3064 4392 προσαγορεύεται.
3099 4317 3176 4373 Οὐ
3210 4313 3276 4385 δὴ
3317 4317 3516 4379 πάντες
3571 4317 3620 4371 o't
3671 4308 3813 4368 πιστοὶ

2212 4406 2508 4475 συνιόντες,
2558 4404 2835 4460 ἐπαινοῦσι
2895 4403 3085 4460 τοῦτον
3146 4407 3223 4468 ὡς
3304 4407 3575 4478 μαθητὴν,
3632 4404 3815 4475 ἀνευφη-

2215 4499 2408 4568 μοῦσιν
2458 4495 2533 4557 ὡς
2601 4495 3021 4569 εὐαγγελιστήν,
3091 4496 3166 4559 ὡς
3239 4496 3403 4567 ἱερῶν
3465 4493 3702 4568 ἱδρώτων
3748 4486 3813 4541 καὶ

452 4584 753 4642 laboribus
785 4585 979 4640 divino
1013 4583 1186 4640 Paulo
1210 4601 1440 4656 semper
1471 4585 1582 4640 luit
1611 4586 1807 4641 socius
1843 4602 1856 4640 :
1882 4592 1938 4642 et
1969 4588 2102 4644 inde

2216 4587 2394 4640 πόνων
2452 4590 2530 4658 τῷ
2585 4587 2851 4657 θεσπεσίῳ
2908 4588 3302 4656 κοινωνήσαντι
3337 4583 3543 4657 Παύλῳ
3575 4578 3813 4639 διαπαντὸς

454 4675 976 4732 sanctiﬁcationem
1003 4674 1440 4746 participantes,
1467 4674 1754 4746 spirituali
1793 4676 2108 4747 implentur

451 4765 664 4832 gaudio
693 4781 706 4820 :
735 4764 910 4835 idque
940 4764 1128 4834 gratia
1157 4780 1221 4820 ac
1253 4764 1614 4835 benignitate
1649 4765 1880 4822 Domini
1922 4767 2103 4822 nostri

451 4857 581 4911 Jesu
639 4855 876 4924 Christi,
910 4855 1003 4910 cui
1035 4859 1123 4911 est
1151 4853 1337 4926 gloria
1384 4855 1445 4912 in
1491 4856 1703 4913 saecula
1736 4857 2100 4915 saeculorum.

450 4951 664 5002 Amen.

2218 4676 2608 4749 μακαρίζουσιο
2670 4675 2760 4728 καὶ
2861 4674 2959 4729 τοῦ
3050 4675 3252 4728 ἐκεῖθεν
3355 4667 3814 4746 μεταλαμϐάνοντες

2213 4766 2506 4838 ἁγιασμοῦ,
2555 4770 2730 4837 Χαρᾶς
2795 4761 3137 4834 πληροῦνται
3213 4766 3589 4836 πνευματικῆς
3660 4759 3806 4834 χάριτι

2211 4857 2301 4910 καὶ
2359 4853 2738 4933 φιλανθρωπίᾳ
2805 4859 2896 4910 τοῦ
2950 4857 3148 4929 Κυρίου
3194 4855 3358 4926 ἡμῶν
3391 4856 3574 4924 Ἰησοῦ
3603 4842 3811 4924 Χριστοῧν

2214 4946 2260 5020 ᾧ
2290 4947 2324 5015 ἡ
2365 4943 2493 5015 δόξα
2525 4944 2601 5007 εἷς
2630 4943 2756 5006 τοὺς
2781 4943 2980 5005 αἷῶνας
3017 4947 3129 5000 τῶν
3161 4942 3393 5001 αἰώνῶν.
3423 4943 3622 5017 Ἀμήν.
