4106 6200
255 371 406 430 1141

1539 373 1806 434 MARTY
1821 375 2004 436 [ΠοΜ
2062 377 2122 436 S.
2149 375 2358 436 -νΑῐὶῐ
2377 418 2389 432 .

3513 368 3668 430 1142

1603 697 2334 794 ΜΑΡΤΥΡΙΟΝ

553 925 899 1054 ΤΟΥ
979 924 1512 1056 ΑΓΙΟΥ
1611 923 2564 1054 ΜΑΡΤΥΡΟΣ
2670 918 3372 1052 ΟΥΑΡΟΥ

1603 1152 1725 1206 ΚΑΙ
1765 1157 1900 1206 ΤΩΝ
1946 1155 2075 1204 ΣΥΝ
2113 1149 2314 1226 ΑΥΤῼ.

933 1489 2153 1654 MARTYRIUM
2237 1489 2400 1652 S.
2495 1487 2983 1652 VARI

1601 1761 1690 1817 ET
1727 1760 2089 1817 SOCIORUM
2131 1759 2317 1816 EJUS.

761 1914 972 1974 (Latine
1007 1915 1148 1978 apud
1179 1915 1395 1966 Surium
1433 1916 1496 1966 ad
1530 1916 1670 1966 diem
1703 1915 1762 1964 19
1789 1915 2061 1974 Octobris;
2091 1915 2273 1966 Graece
2305 1928 2370 1964 ex
2402 1913 2524 1964 cod.
2563 1927 2662 1966 ma.
2695 1913 2853 1963 Paris.
2887 1925 2940 1961 n.
2974 1910 3146 1974 1480.)

329 2219 409 2270 A.
457 2214 799 2286 Μαξιμιανοῦ
865 2219 962 2271 τοῦ
1039 2215 1299 2291 τυράννου
1374 2215 1437 2270 τὸ
1495 2209 1745 2276 δυσσεϐὲς
1804 2213 1992 2281 ἀθᾶΑ

257 2306 430 2356 πᾶσαν
499 2300 694 2378 σχεδὸν
747 2305 846 2374 τὴν
921 2305 1247 2378 οἷ’κουμένην
1305 2302 1553 2367 ἐκδόντος
1611 2302 1902 2378 διάταγμα,

256 2391 559 2464 πέμψαντον
593 2389 650 2447 δὲ
679 2393 769 2447 καὶ
799 2399 913 2455 τοῖς
951 2397 1066 2449 κατ’
1099 2391 1380 2470 Αἴγυπτον
1431 2393 1717 2469 ἄρχουσιν,
1761 2393 1834 2454 ὡς

255 2479 460 2542 πάντας
508 2479 634 2543 τοὺς
681 2480 734 2537 ἐν
773 2481 908 2557 αὐτῇ
954 2485 1318 2558 Χριστιανοὺς
1358 2487 1466 2537 τῶν
1521 2487 1730 2555 μιαρῶν
1769 2483 1908 2537 ἁπο-

253 2568 494 2642 γίνεσθαι
542 2571 757 2642 θυσιῶν,
803 2571 893 2626 καὶ
939 2572 1039 2640 τήν
1086 2573 1288 2626 ἑαυτῶν
1339 2571 1660 2643 ἐξόμνυσθαι
1699 2569 1903 2640 πίστιν,

253 2660 287 2726 ἤ
323 2657 604 2720 ποικίλαις
643 2658 893 2714 κολάσεσι
925 2661 1012 2715 καὶ
1061 2659 1316 2734 βασάνοις
1345 2664 1440 2714 τοῦ
1476 2665 1570 2734 ζῇν
1625 2658 1907 2714 ἀπαλλάτ-

250 2749 436 2802 τεσθαι
470 2764 484 2779 ”
530 2751 616 2803 καὶ
659 2747 888 2804 πολλῶν
943 2749 1030 2804 ἐπὶ
1079 2754 1258 2822 τούτῳ
1305 2754 1512 2804 πιστῶν
1567 2747 1906 2826 συλληφθέν-

250 2857 383 2906 των,
417 2837 506 2891 καί
543 2842 650 2892 τῶν
689 2840 782 2912 μὲν
810 2840 900 2893 τὸν
939 2840 1072 2913 ὑπὲρ
1111 2841 1351 2914 Χριστοῦ
1393 2840 1618 2894 θάνατον
1669 2839 1911 2900 εὐκλεῶς

251 2927 738 3002 ἀπενεγκαμὲνων,
824 2933 931 2983 τῶν
1039 2925 1096 2983 δὲ
1189 2929 1423 3002 εἱρκταῖς
1506 2927 1596 2982 καὶ
1691 2925 1911 2999 δεσμοῖς

261 3015 783 3092 παραπεμφθέντων,
843 3015 995 3090 λιμῷ
1064 3037 1122 3072 τε
1195 3017 1284 3070 καὶ
1353 3013 1495 3090 δίψει
1552 3015 1910 3089 πιεζομένων,

256 3105 394 3178 ἀνήρ
449 3125 533 3159 τις
598 3101 696 3159 to;
767 3103 1072 3178 καταλόγου
1143 3105 1484 3180 Αἰγυπτίων,
1535 3103 1753 3160 πολλοῦ
1815 3105 1909 3176 μὲν

259 3193 407 3263 ἄξιος
436 3193 786 3266 Μαξιμιανῷ,
817 3193 1036 3248 πολλοῦ
1069 3192 1126 3248 δὲ
1163 3194 1253 3248 καί
1304 3195 1383 3266 τῷ
1435 3195 1606 3249 αὐτοῦ
1661 3195 1914 3268 στρατεύ-

262 3305 413 3356 ματι,
443 3279 676 3360 φοϐερὸς
708 3285 816 3358 οὐχ
861 3284 1058 3353 ἥκιστα
1102 3284 1418 3359 πολεμίοις.
1453 3281 1664 3360 Οὔαρος
1714 3280 1909 3354 ὄνομα,

256 3373 319 3428 τὸ
367 3373 519 3448 γένος
566 3373 860 3446 ἐπίσημος,
893 3375 991 3442 τήν
1045 3371 1199 3445 δόξαν
1245 3369 1630 3448 περίϐλεπτος,
1662 3372 1914 3447 τήν,ἆρε-

255 3464 355 3532 τήν
399 3457 753 3536 περιϐόητος,
788 3460 961 3536 λάθρα
1014 3463 1208 3518 ὁπόσαι
1257 3464 1445 3525 νύκτες
1502 3464 1564 3518 τὸ
1625 3459 1911 3533 δεσμωτή-

258 3571 372 3626 ριον
399 3550 600 3620 εἰσιὼν,
632 3555 794 3604 τοῦτο
831 3551 924 3623 μὲν
965 3549 1281 3624 ἐπιμελείας
1322 3552 1476 3622 ἠξίου
1525 3551 1648 3612 τοὺς
1693 3547 1912 3623 ἄνδρας,

253 3643 418 3694 τοῦτο
469 3637 526 3694 δὲ
573 3639 663 3694 καὶ
713 3641 844 3715 ὑπὲρ
885 3641 1077 3695 ἑαυτοῦ
1109 3639 1366 3715 εὔχεσθαι
1413 3639 1731 3716 παρεκάλει,
1776 3640 1912 3694 ὥστε

253 3729 344 3783 τὸν
391 3728 504 3784 ἴσον
545 3727 684 3784 Eri-1
809 3751 820 3762 -
883 3730 896 3750 ‘
995 3730 1008 3746 ’
1059 3731 1072 3748 “
1173 3731 1186 3750 ’
1241 3735 1266 3746 ·-
1460 3729 1518 3785 μ
1675 3733 1689 3752 ι
1747 3727 1830 3760 χλ
1876 3729 1888 3748 ι

607 3763 628 3784 ι
689 3751 771 3792 οις
811 3751 898 3784 Λπιι
951 3751 1110 3786 αυτον
1161 3753 1343 3808 αγωνα
1397 3753 1454 3786 τε
1479 3751 1633 3785 ιεσαι.
1697 3733 1911 3786 Εοεοοι-

253 3839 334 3872 κει
391 3819 492 3894 γὰρ
548 3813 626 3873 ἔτι
683 3817 996 3888 κατάδηλος
1059 3819 1305 3896 γενέσθαι
1361 3821 1422 3874 τὸ
1491 3815 1668 3890 σέϐας,
1704 3817 1792 3874 διὰ
1847 3819 1910 3873 τὸ

252 3909 380 3969 τοὺς
431 3908 764 3969 ὑπασπιστάς
802 3915 903 3978 τῆς
952 3904 1196 3970 ἂσεϐείας
1240 3908 1426 3986 φόνιόν
1475 3931 1528 3964 τι
1561 3907 1733 3964 πνέειν
1777 3907 1912 3962 κατά

257 4001 361 4052 τῶν
413 3993 774 4052 εὐσεϐούντων
825 4000 911 4053 καὶ
960 4000 1203 4071 μανικὸν,
1235 3999 1325 4052 καὶ
1358 3997 1450 4060 οὓς
1493 3997 1550 4052 ἂν
1604 3997 1909 4073 φωράσειαν

256 4088 630 4162 Χριστιανοὺς,
665 4089 791 4152 τοὺς
851 4089 944 4162 μὲν
990 4089 1141 4161 πυρὶ,
1183 4085 1310 4146 τοὺς
1361 4085 1418 4142 δὲ
1469 4085 1734 4160 θαλάσσῃ,
1781 4088 1909 4148 τοὺς

257 4173 314 4230 δὲ
343 4177 435 4231 καὶ
467 4176 665 4236 ἄλλαις
701 4177 956 4250 βασάνοις
987 4177 1074 4232 καὶ
1117 4176 1324 4249 θανάτῳ
1355 4173 1734 4250 παραδιδόναι.

329 4271 403 4320 Β’.
438 4266 588 4320 Ἐπεὶ
629 4263 721 4320 οὖν
769 4266 1081 4342 ἀνηγγέλθη
1143 4271 1220 4338 τῷ
1251 4264 1476 4342 ἄρχοντι
1509 4267 1584 4328 ὡς
1623 4265 1713 4320 καί
1769 4286 1910 4328 τινες

257 4357 367 4407 τῶν
431 4355 530 4422 τὴν
577 4348 784 4428 ἔρημον
855 4354 1147 4410 οἰκούντων
1220 4360 1423 4410 πιστῶν
1487 4355 1588 4410 ὑπὸ
1649 4359 1756 4410 τῶν
1811 4363 1910 4426 τῆς

259 4437 506 4502 ἀσεϐείας
562 4443 844 4517 ὑπηρετῶν
894 4442 1328 4523 συνελήφθησαν,
1381 4445 1567 4514 ἡσθεῖς
1623 4447 1693 4516 τῇ
1747 4447 1913 4520 ἀγγε-

259 4530 374 4600 λίᾳ,
403 4529 628 4591 τούτους
665 4531 760 4602 μὲν
793 4532 927 4586 κατὰ
955 4534 1016 4586 τὸ
1047 4535 1216 4606 παρὸν
1264 4533 1316 4588 ἐν
1343 4532 1571 4612 ἀσφαλεῖ
1601 4538 1666 4606 τῇ
1699 4539 1912 4613 φρουρᾷ

256 4620 713 4689 κατακλεισθῆναι
762 4619 990 4692 κελεύει,
1021 4623 1089 4676 τὰ
1137 4619 1195 4676 δὲ
1240 4627 1347 4676 τῶν
1376 4621 1654 4678 κολάσεων
1687 4621 1910 4698 ὄργανα,

253 4714 324 4782 τῇ
388 4707 641 4784 ὑστεραίᾳ
695 4707 1128 4782 εὐτρεπισθῆναι,
1186 4709 1274 4764 καὶ
1326 4711 1528 4774 αὐτοὺς
1589 4712 1906 4787 εἰσαχθῆναι

257 4799 394 4872 πρὸς
444 4799 542 4866 τήν
585 4797 844 4871 ἐξέτασιν.
873 4797 970 4860 Εἰς
1013 4799 1125 4852 ὦτα
1169 4804 1455 4872 τοιγαροῦν
1519 4805 1596 4873 τῷ
1657 4804 1910 4878 μακαρίῳ

2089 2215 2132 2270 Ι.
2174 2214 2314 2270 Cum
2337 2213 2724 2272 Maximianus
2745 2219 3031 2284 tyrannus
3057 2229 3156 2284 per
3187 2212 3524 2269 universum
3551 2212 3664 2267 fere

2015 2305 2212 2360 orbem
2229 2309 2394 2360 terrae
2417 2303 2667 2375 impium
2691 2303 2972 2359 edidisset
2993 2301 3273 2370 edictum,
3297 2301 3664 2371 misissetque

2015 2395 2189 2451 etiam
2242 2395 2312 2448 ad
2371 2395 2665 2465 praesides,
2701 2392 2801 2465 qui
2857 2397 3023 2449 erant
3078 2392 3137 2445 in
3169 2395 3424 2463 Egypto,
3459 2395 3523 2446 ut
3574 2390 3663 2445 vel

2017 2499 2222 2537 omnes
2251 2483 2306 2536 in
2331 2499 2398 2538 ea
2420 2484 2732 2539 existentes
2755 2481 3066 2537 Christiani
3095 2481 3448 2536 exsecranda
3469 2482 3666 2547 gusta-

2019 2577 2148 2626 rent
2177 2571 2465 2626 sacriﬁcia
2494 2575 2552 2626 et
2581 2587 2742 2626 suam
2777 2571 3115 2639 abjurarent
3146 2571 3344 2635 fidem,
3378 2568 3460 2622 vel
3487 2567 3663 2622 variis

2016 2660 2327 2716 tormentis
2359 2663 2415 2714 et
2445 2659 2748 2730 suppliciis
2779 2661 2892 2714 vita
2923 2659 3006 2713 eis
3048 2657 3436 2724 adimeretur;
3472 2665 3524 2710 et
3555 2655 3664 2709 hac

2019 2751 2090 2805 de
2117 2765 2295 2804 causa
2325 2748 2488 2804 multi
2515 2748 2717 2804 fideles
2750 2747 2999 2803 fuissent
3020 2745 3448 2817 comprehensi,
3481 2749 3537 2800 et
3568 2743 3665 2797 alii

2021 2839 2256 2909 quidem
2292 2854 2395 2910 pro
2425 2836 2654 2892 Christo
2678 2842 2922 2892 mortem
2947 2835 3200 2908 gloriose
3232 2833 3664 2898 sustinuissent,

2019 2927 2117 2982 alii
2157 2933 2350 2984 autem
2398 2928 2457 2982 in
2509 2942 2764 2983 carceres
2811 2929 2868 2980 et
2905 2923 3138 2980 vincula
3169 2923 3416 2995 conjecti
3446 2925 3664 2988 essent,

2023 3019 2294 3089 fameque
2345 3025 2398 3073 et
2445 3017 2544 3072 siti
2594 3023 3035 3088 premerentur:
3061 3014 3149 3070 vir
3179 3015 3414 3086 quidam
3451 3029 3520 3068 ex
3549 3028 3666 3067 nu-

2023 3121 2182 3162 mero
2216 3106 2464 3162 militum
2497 3105 2916 3178 Egyptiorum,
2953 3103 3054 3176 qui
3087 3103 3144 3158 in
3189 3118 3399 3174 magno
3433 3101 3669 3173 quidem

2021 3205 2142 3252 erat
2198 3198 2386 3270 pretio
2444 3198 2600 3268 apud
2677 3197 3122 3264 Maximianum,
3163 3203 3217 3250 et
3269 3194 3422 3264 apud
3475 3193 3668 3262 ipsum

2022 3288 2363 3356 exercitum,
2397 3291 2519 3344 erat
2565 3291 2754 3344 autem
2783 3287 3076 3358 terribilis
3111 3285 3402 3354 hostibus,
3433 3283 3670 3338 nomine

2023 3377 2230 3446 Varus,
2263 3391 2471 3448 genere
2505 3376 2776 3447 insignis,
2829 3374 3014 3447 gloria
3053 3373 3425 3445 conspicuus,
3445 3387 3513 3428 ac
3552 3372 3668 3427 vir-

2027 3469 2146 3521 lute
2202 3464 2412 3520 clarus.
2458 3467 2511 3520 Is
2557 3464 2704 3520 clam
2755 3463 3002 3534 singulis
3059 3463 3326 3518 noctibus
3383 3474 3670 3516 carcerem

1945 3543 1998 3606 Β
2023 3555 2376 3626 ingrediens,
2404 3555 2616 3626 partim
2661 3553 2896 3625 quidem
2943 3569 3041 3609 eos
3082 3551 3346 3619 curabat,
3379 3551 3476 3621 qui
3508 3556 3672 3607 erant

2025 3646 2084 3700 in
2143 3644 2392 3700 vinculis
2426 3661 2438 3698 :
2472 3644 2686 3717 partim
2743 3647 2940 3698 autem
2998 3658 3095 3697 eos
3141 3643 3384 3711 rogabat
3451 3645 3514 3695 ut
3567 3655 3669 3712 pro

2023 3735 2150 3806 ipso
2181 3741 2431 3799 orarent,
2465 3749 2574 3804 quo
2623 3749 2806 3805 aeque,
2835 3735 3008 3802 atque
3037 3730 3174 3803 ipsi,
3205 3735 3500 3785 certamen
3541 3745 3668 3799 per-

2024 3829 2240 3896 ageret.
2273 3823 2541 3879 Timebat
2583 3823 2741 3878 enim
2792 3821 2984 3877 adhuc
3032 3837 3200 3876 suam
3253 3819 3478 3891 aperire
3533 3817 3666 3873 reli-

2023 3916 2276 3987 gionem,
2311 3913 2464 3984 quod
2496 3911 2781 3968 satellites
2813 3909 3131 3982 impietatis
3163 3909 3376 3965 eaedem
3411 3911 3468 3963 et
3503 3907 3668 3962 furo-

2023 4019 2144 4060 rem
2204 4003 2496 4074 spirarent
2546 4002 2821 4058 adversus
2872 4000 3021 4072 pios,
3054 4007 3106 4054 et
3154 4014 3298 4071 quos
3346 3997 3668 4070 deprehen-

2023 4093 2246 4149 dissent
2274 4091 2654 4158 Christianos,
2687 4089 2833 4146 alios
2866 4089 3100 4161 quidem
3133 4088 3276 4160 igni,
3309 4087 3452 4143 alios
3475 4093 3667 4142 autem

2024 4181 2156 4238 aliis
2187 4180 2492 4237 tormentis
2521 4184 2578 4235 et
2607 4181 2782 4236 morti
2814 4179 3133 4235 traderent.

2094 4273 2162 4328 Il.
2197 4272 2340 4327 Cum
2371 4275 2566 4327 autem
2599 4269 2830 4342 praesidi
2853 4269 3061 4324 fuisset
3081 4268 3486 4324 renuntiatum
3512 4267 3668 4340 quod

2022 4361 2258 4432 quidam
2289 4377 2358 4416 ex
2386 4360 2681 4429 fidelibus,
2715 4359 2813 4430 qui
2859 4358 3206 4414 habitabant
3235 4359 3294 4412 in
3325 4358 3670 4424 solitudine,

2023 4449 2426 4520 comprehensi
2488 4449 2714 4504 fuerant
2743 4466 2775 4504 a
2805 4447 3091 4503 ministris
3138 4446 3480 4519 impietatis,
3516 4461 3666 4502 nun-

2021 4537 2104 4594 tio
2151 4536 2398 4605 laetatus,
2428 4552 2525 4592 eos
2558 4537 2793 4607 quidem
2815 4535 2984 4605 jubet
3011 4534 3072 4590 in
3114 4535 3418 4606 praesentia
3448 4533 3666 4589 includi

2021 4626 2238 4682 intuta
2284 4626 2567 4692 custodia,
2602 4625 2694 4681 die
2742 4631 2931 4680 autem
2984 4623 3254 4696 sequenti
3307 4622 3502 4694 parari
3553 4627 3670 4676 tor-

2021 4721 2239 4782 menta,
2271 4720 2328 4771 et
2385 4715 2544 4786 ipsos
2591 4713 2887 4770 introduci
2946 4714 3016 4768 ad
3067 4713 3398 4769 habendam
3451 4711 3524 4766 de
3580 4709 3664 4766 eis

2020 4806 2420 4874 quaestionem.
2453 4805 2596 4858 Cum
2630 4820 2723 4858 res
2752 4819 2883 4873 ergo
2915 4803 3166 4858 venisset
3204 4803 3274 4856 ad
3307 4817 3475 4856 aures
3507 4799 3664 4855 beati

258 4886 458 4960 Οὐάρῳ
511 4889 573 4943 τὸ
637 4891 868 4964 πρᾶγμα
934 4895 1218 4962 χωρῆσαν,
1275 4891 1539 4963 χρήματα
1596 4896 1712 4953 τοῖς
1769 4911 1902 4966 προ-

2023 4893 2170 4962 Vari,
2205 4895 2452 4966 pecunia
2503 4894 2638 4948 data
2705 4893 2778 4947 iis
2849 4891 2952 4962 qui
3017 4894 3305 4962 praeerant
3360 4889 3665 4958 custodiae,

258 4982 457 5032 εστῶσι
485 4980 585 5043 τῆς
644 4976 895 5053 φυλακῆς
953 4979 1274 5054 παρασχὼν,
1306 4980 1492 5041 νυκτὸς
1526 4977 1708 5034 εἷ’σεισι
1769 4981 1905 5054 πρὸς

256 5065 388 5131 τοὺς
429 5065 648 5140 ἄνδρας,
679 5069 769 5122 καὶ
829 5068 946 5124 λύει
997 5069 1092 5141 μὲν
1152 5067 1344 5131 αὐτοὺς
1390 5074 1497 5124 τῶν
1545 5067 1777 5144 δεσμῶν,
1820 5072 1906 5126 ἐκ-

255 5152 454 5213 ϐάλλει
512 5154 569 5213 δὲ
635 5157 725 5214 καὶ
781 5155 907 5220 τοὺς
966 5155 1137 5220 πόδας
1203 5157 1298 5213 τοῦ
1368 5157 1552 5228 ξύλου.
1614 5161 1905 5236 Θεραπείας

255 5248 512 5318 ἀξιώσας,
544 5249 659 5303 Γκαὶ
702 5255 908 5326 τροφῆς
968 5255 1259 5328 μετασχεῖν
1313 5253 1722 5326 παρασκευάσας
1781 5252 1910 5326 παρ’

254 5337 388 5398 ὅλας
447 5339 590 5393 ὀκτὼ
661 5337 870 5414 ἡμέρας
945 5339 1164 5403 ἀσίτους
1233 5338 1340 5410 ἤδη
1413 5338 1905 5415 διαμεμενηκότας,

251 5429 431 5484 πεσὼν
469 5427 738 5504 ἐλιπάρει,
777 5427 978 5503 Δὲομαι
1035 5430 1214 5503 ὑμῶν,
1247 5429 1447 5507 λέγων,
1479 5433 1692 5504 γνήσιοι
1749 5431 1906 5504 θερά-

248 5539 444 5580 ποντες
509 5522 604 5574 τοῦ
661 5519 913 5592 Χριστοῦ,
955 5518 1088 5592 ὑπὲρ
1153 5517 1289 5592 ἐμοῦ
1332 5519 1424 5574 τὸν
1459 5521 1585 5574 Θεὸν
1631 5520 1906 5574 ἱκετεῦααι

245 5613 350 5677 τῆς
395 5605 561 5677 αὐτῆς
611 5607 738 5680 ὑμῖν
787 5608 1010 5678 ἀξιῶσαι
1059 5607 1148 5662 καὶ
1199 5608 1265 5681 μὲ
1300 5606 1521 5682 μερίδος
1579 5609 1670 5663 καὶ
1721 5606 1906 5663 δοῦναι

254 5719 353 5772 μοι
397 5696 682 5774 καρτερίαν
731 5696 868 5773 πρὸς
923 5696 990 5751 τὰ
1048 5693 1212 5770 δεινά,
1250 5697 1460 5760 Δοῦλος
1503 5699 1605 5774 γάρ
1655 5698 1768 5771 εἰμι
1819 5699 1910 5752 καὶ

2016 4989 2188 5040 noctu
2241 4985 2312 5038 ad
2357 4999 2454 5038 eos
2505 4983 2850 5055 ingreditur,
2885 4985 2942 5036 et
2979 4997 3080 5036 eos
3129 4981 3368 5052 quidem
3420 4979 3589 5034 solvit
3633 4993 3664 5033 e

2013 5074 2286 5138 vinculis,
2320 5073 2494 5144 pede
2549 5079 2741 5128 autem
2785 5088 2814 5127 e
2864 5071 3033 5142 cippo
3091 5075 3340 5126 amovet.
3402 5073 3664 5140 Cumque

2018 5179 2117 5218 eos
2166 5165 2445 5230 curasset,
2474 5165 2532 5216 et
2563 5165 2626 5216 ut
2655 5161 2852 5216 cibum
2905 5165 3192 5215 sumerent
3223 5158 3528 5224 eﬂ‘ecisset,
3561 5157 3662 5230 qui

2015 5257 2167 5310 totos
2210 5257 2339 5309 octo
2383 5254 2508 5308 dies
2550 5253 2674 5324 jam
2723 5251 2908 5321 jejuni
2957 5253 3314 5318 manserant,
3357 5247 3664 5319 procidens

2016 5343 2204 5414 humi,
2253 5344 2636 5399 obsecrabat:
2671 5341 2829 5412 Rogo
2877 5357 2997 5404 vos,
3032 5339 3248 5408 dicens,
3282 5335 3546 5409 germani
3598 5353 3664 5392 ac

2019 5433 2228 5487 sinceri
2280 5432 2490 5488 Christi
2551 5429 2777 5496 famuli,
2812 5431 2924 5484 Deo
2959 5445 3062 5500 pro
3103 5444 3196 5484 me
3226 5427 3568 5499 supplicate,
3602 5429 3668 5482 ut

2017 5537 2110 5576 me
2143 5537 2374 5592 quoque
2404 5519 2626 5585 eadem,
2660 5535 2777 5588 qua
2805 5533 2921 5580 vos,
2957 5522 3118 5588 parte
3149 5517 3442 5588 dignetur,
3477 5524 3533 5571 et
3563 5517 3664 5572 ad-

2015 5625 2220 5666 versus
2255 5608 2410 5666 mala
2442 5612 2498 5665 et
2529 5624 2733 5680 aspera
2753 5609 2854 5663 det
2885 5607 3028 5663 mihi
3055 5606 3481 5663 fortitudinem.
3517 5605 3665 5662 Nam

2019 5715 2119 5769 ego
2154 5713 2388 5771 quoque
2432 5714 2564 5756 sum
2613 5713 2815 5755 servus
2871 5695 3104 5765 Christi,
3137 5701 3195 5753 et
3249 5697 3372 5766 ejus
3429 5699 3666 5753 sancto-
