4048 6202
470 257 625 316 1143

1821 259 2105 324 MENSIS
2149 265 2537 327 OGTOBER.

3680 277 3802 338 illi

468 431 595 472 rum
634 417 778 471 :sed
815 416 968 472 varia
1025 421 1082 473 et
1138 418 1341 474 acerba
1398 419 1689 492 supplicia
1735 425 1793 478 et
1838 423 2102 492 judicum

2235 424 2379 486 ιύτὸς
2435 427 2670 498 Χριστοῦ
2731 427 2818 481 καὶ
2875 431 2983 482 τῶν
3022 429 3188 484 αὐτοῦ
3221 427 3390 506 ἁγίων
3425 450 3438 463 °
3470 430 3608 487 ἀλλά
3663 455 3718 505 με
3759 437 3803 491 τὸ

467 501 688 558 szevitia
745 519 837 558 me
893 503 1183 563 volentem
1234 507 1466 579 prodire
1510 508 1568 564 in
1627 510 1886 568 medium
1936 513 2114 570 abdu-

468 599 626 663 cunt,
659 598 716 649 et
765 595 1034 652 timorem
1085 597 1400 653 incutiunt.
1445 598 1612 656 Orate
1653 616 1787 672 ergo
1836 620 1941 675 pro
1997 620 2111 676 me,

468 681 654 737 sancti
682 687 987 755 martyres,
1022 691 1198 742 orate.
1232 686 1345 743 Vos
1383 688 1540 744 enim
1593 705 1722 746 cras
1779 691 1838 746 in
1875 693 2114 750 Domino

469 773 1048 830 consummabimini.
1081 776 1165 831 Ad
1193 776 1312 832 haec
1361 779 1542 833 sancti
1580 796 1592 834 :
1626 780 1828 849 Nemo,
1870 781 2052 850 aiunt,
2080 800 2112 840 ο

470 862 646 916 frater
693 861 854 925 Vare,
917 867 1103 934 potest
1169 869 1385 921 metere
1432 868 1488 921 in
1541 869 1949 939 exsultatione,
1997 871 2110 928 nisi

470 949 632 1019 prius
664 950 720 1004 in
760 949 1037 1023 lacrymis
1081 953 1311 1010 semina
1341 955 1635 1026 dejecerit,
1668 963 1724 1014 et
1767 960 1868 1030 qui
1912 960 1969 1015 in
2030 961 2113 1016 eis

471 1039 816 1111 spargendis
846 1041 1269 1113 suscipiuntur,
1294 1044 1522 1102 labores
1547 1049 1912 1104 sustinuerit.
1935 1050 2115 1106 Simi-

469 1126 600 1182 liter
650 1132 838 1184 autem
887 1129 1100 1186 athleta
1144 1149 1373 1204 quoque
1443 1151 1554 1190 non
1621 1147 1950 1208 coronatur,
2001 1139 2116 1195 nisi

472 1217 635 1288 prius
675 1217 932 1288 legitime
975 1224 1298 1278 certaverit.
1329 1224 1588 1294 Agedum
1639 1243 1799 1298 ergo,
1849 1245 1880 1282 o
1922 1228 2115 1296 frater,

475 1307 558 1362 sis
591 1306 757 1362 nobis
781 1324 974 1363 comes
1009 1309 1254 1377 itineris,
1287 1316 1344 1366 et
1374 1315 1659 1382 perfectus
1683 1315 1851 1373 miles
1883 1317 2117 1374 Christi.

475 1395 766 1451 Habemus
800 1398 954 1453 enim
989 1398 1154 1454 illum
1187 1400 1403 1470 ipsum,
1439 1420 1544 1474 pro
1584 1422 1698 1476 quo
1743 1407 2118 1478 suscipimus,

476 1501 584 1540 nos
643 1485 894 1556 benigne
951 1503 981 1542 e
1040 1490 1269 1560 superis
1317 1491 1747 1564 defendentem,
1779 1501 1837 1551 et
1875 1497 2122 1552 latenter

477 1574 643 1630 nobis
673 1591 950 1647 magnum
985 1578 1338 1648 przebentem
1391 1583 1690 1640 auxilium.
1726 1585 1956 1641 Sanctis
2000 1588 2122 1644 haec

477 1666 832 1735 dicentibus,
863 1669 1098 1723 veniunt
1121 1672 1358 1740 quidam
1386 1674 1857 1747 milites,quibus
1881 1678 2120 1747 jussum

479 1756 686 1823 fuerat,
719 1761 781 1810 ut
828 1773 926 1813 eos
972 1759 1326 1817 deducerent
1357 1765 1427 1818 ad
1481 1767 1808 1836 praesidem.
1851 1770 1958 1834 Qui
1990 1786 2119 1824 cum

2215 512 2469 569 ποικίλον
2530 514 2620 569 καὶ
2665 515 2935 592 αὐστηρὸν
3002 522 3112 573 τῶν
3164 517 3464 588 κολάσεων,
3499 523 3582 575 καὶ
3635 523 3689 576 τὸ
3721 530 3804 578 τῶν

2221 599 2485 658 δικαστῶν
2537 605 2761 676 ἀπηνὲς,
2796 606 2870 669 εἷς
2924 607 3084 680 μέσον
3125 608 3344 684 ἀγαγεῖν
3400 609 3616 683 ἐμαυτὸν
3649 611 3806 687 βουλό-

2223 713 2401 767 μενον,
2453 694 2646 768 ἀπάγει
2702 694 2791 749 καὶ
2851 693 3059 754 δειλίαν
3115 697 3404 769 ἐντίθησιν,
3473 697 3668 770 εὔξασθε
3720 724 3810 758 τοι·

2217 787 2415 858 γαροῦν
2448 783 2580 857 ὑπὲρ
2617 783 2774 857 ἐμοῦ,
2808 786 2953 860 ἅγιοι
3007 787 3293 863 μάρτυρες,
3327 786 3553 860 εὔξασθε.
3600 791 3698 859 Τὴν
3739 791 3810 846 αὖ.

2222 891 2336 946 ριον
2391 873 2491 947 γᾶρ
2551 874 2707 947 ὑμεῖς
2765 875 2818 930 ἐν
2874 875 3060 950 Κυρίῳ
3125 876 3454 936 τελειοῦσθε.
3503 879 3633 954 Πρὸς
3682 886 3811 937 ταῦτα

2221 961 2274 1015 οἱ
2341 962 2508 1036 ἅγιοι,
2551 959 2763 1033 Οὐδεὶς,
2796 961 3015 1040 ἀδελῳέ,
3076 966 3255 1043 φασὶν,
3308 966 3497 1044 Οὔαρε,
3536 969 3732 1042 θερίζειν
3773 971 3810 1025 ἐν

2222 1046 2548 1125 ἀγαλλιάσει
2609 1047 2847 1121 δύναται,
2907 1052 2950 1108 εἰ
3022 1055 3097 1126 μή
3159 1058 3433 1128 χειμῶνος
3486 1056 3727 1131 πρότερον
3764 1059 3813 1111 τὰ

2225 1138 2506 1212 σπέρματα
2570 1137 2852 1216 καταϐαλῃ
2910 1143 3001 1197 καὶ
3056 1148 3164 1198 τῶν
3212 1144 3295 1199 ἐπ’
3344 1141 3523 1207 αὐτοῖς
3558 1145 3813 1220 ἀνασχηται

2223 1229 2426 1284 πόνων.
2482 1228 2888 1305 Παραπλησίως
2931 1228 2988 1286 δὲ
3026 1233 3112 1287 γαί
3156 1231 3406 1305 ἀθλητὴς
3452 1235 3516 1289 ού
3574 1239 3816 1310 στεφανοῦ-

2221 1337 2332 1381 ται,
2365 1317 2410 1372 εἰ
2446 1319 2521 1390 μὴ
2561 1321 2827 1394 πρότερον
2857 1321 3110 1395 νομίμως
3157 1319 3405 1393 ἂθλήσει.
3440 1327 3600 1399 Δεῦρο
3730 1321 3818 1390 οὖν,

2225 1404 2446 1483 ἀδελφέ,
2481 1407 2705 1471 σύνοδος
2754 1412 2891 1482 ἡμῖν
2949 1415 3130 1485 γενοῦ,
3154 1413 3241 1466 καὶ
3273 1412 3480 1475 τέλειος
3531 1414 3817 1485 στρατιώτης

2226 1497 2485 1568 Χριστοῦ.
2519 1501 2761 1572 Ἕχομεν
2803 1499 2905 1573 γὰρ
2930 1498 3089 1555 αὐτὸν
3119 1501 3344 1571 ἐκεῖνον,
3378 1502 3507 1576 ὑπὲρ
3540 1503 3598 1556 οὗ
3642 1504 3726 1565 τὰς
3755 1525 3821 1558 xo-

2229 1579 2414 1644 λασεις
2471 1581 2868 1659 ἀναδεχόμεθα,
2938 1586 3338 1663 φιλανθρώπως
3425 1592 3584 1663 ἡμῶν
3662 1589 3818 1645 ἄνωθεν

2228 1669 2785 1747 ἀντιλαμϐανόμενον,
2834 1677 2923 1730 ’καὶ
2992 1677 3211 1747 πολλὴν
3282 1679 3497 1752 ἀφανῶς
3559 1681 3822 1754 παρέχοντα

2227 1763 2325 1831 τήν
2387 1763 2658 1836 βοήθειαν.
2690 1767 2867 1819 Ταῦτα
2920 1771 3027 1820 τῶν
3093 1767 3258 1841 ἁγίων
3290 1765 3616 1838 διεσιόντων,
3654 1769 3824 1846 ἐφίσταν

481 1844 842 1916 aspexissent
897 1847 1131 1904 beatum
1208 1851 1423 1908 Varum
1477 1833 1767 1923 iacentem
1817 1833 1886 1913 ad
1947 1860 2121 1930 pedes

2235 1849 2318 1905 ταί
2374 1872 2516 1915 τινες
2556 1858 2663 1906 τῶν
2712 1861 2812 1923 τῆς
2866 1853 3085 1928 τάξεως,
3117 1857 3334 1931 ἀγαγεῖν
3385 1857 3579 1914 αὐτοὺς
3632 1879 3826 1932 προστα-

483 1944 827 2006 martyrum,
861 1940 917 1990 et
948 1954 1094 1994 novo
1132 1942 1462 2012 spectaculo
1495 1949 1690 2000 essent
1718 1946 1892 2002 veluti
1923 1948 2125 2003 obstu-

486 2023 717 2092 pefacti,
752 2025 876 2081 ideo
923 2027 1221 2099 benignis,
1271 2041 1332 2086 ut
1377 2032 1490 2087 sibi
1538 2033 1904 2103 videbantur,
1935 2039 2126 2094 verbis

485 2131 618 2170 cum
651 2130 716 2170 eo
749 2123 1019 2185 agentes:
1056 2120 1314 2191 Insanis,
1344 2122 1395 2176 ei
1426 2123 1654 2194 dicunt,
1683 2141 1715 2182 ο
1749 2125 1918 2182 homo
1941 2127 1968 2182 ?
2000 2128 2124 2184 Non

484 2203 658 2258 times
690 2204 930 2260 omnino
961 2222 1056 2276 ne,
1090 2210 1139 2264 si
1170 2208 1291 2265 baac
1349 2227 1441 2268 res
1473 2218 1610 2269 nota
1648 2215 1821 2270 fuerit
1868 2217 2126 2288 presidi,

483 2305 614 2345 cum
635 2292 875 2350 militari
892 2294 1175 2366 dignitate
1195 2299 1368 2355 vitam
1393 2317 1626 2372 quoque
1649 2304 1828 2360 simul
1852 2306 2127 2363 amittas?

484 2380 567 2434 Ad
605 2396 750 2450 quos
803 2382 999 2440 beatus
1041 2387 1220 2442 Varus
1254 2404 1268 2443 :
1312 2388 1567 2462 Utinam,
1611 2393 1823 2464 inquit,
1865 2396 2129 2452 inveniar

484 2471 778 2540 perfectus
833 2476 1218 2545 Christianus,
1252 2484 1310 2535 et
1359 2480 1528 2537 liceat
1575 2483 1720 2539 mihi
1750 2501 1877 2542 esse
1921 2487 2127 2545 horum

485 2565 821 2618 sanctorum
862 2565 1088 2621 socium
1122 2569 1484 2639 certaminis,
1517 2577 1574 2628 et
1603 2573 1662 2630 in
1693 2574 1915 2631 eisdem
1966 2577 2131 2634 habi-

486 2653 612 2706 tare
662 2652 1075 2710 tabernaculis.
1133 2657 1452 2716 Persuadet
1499 2667 1691 2720 autem
1738 2664 2017 2735 amicitia,
2070 2671 2134 2722 ut

487 2753 592 2809 ego
623 2740 786 2796 vobis
827 2741 1028 2814 ﬁdam,
1059 2749 1116 2800 et
1163 2763 1385 2818 eorum,
1413 2751 1511 2819 qui
1560 2750 1654 2808 hic
1701 2753 1979 2810 dicuntur
2033 2760 2135 2812 aut

490 2828 654 2897 ﬁunt,
688 2830 835 2885 nihil
860 2831 1105 2890 habeam
1137 2843 1498 2908 suspectum.

2231 1941 2407 2017 γέντες
2448 1943 2592 2016 παρά
2638 1942 2729 1998 τὸν
2765 1943 3021 2018 ἄρχοντα.
3055 1947 3122 2003 Οἳ
3163 1948 3273 2017 καὶ,
3304 1949 3394 2002 τὸν
3442 1948 3691 2024 μακάριον
3717 1948 3826 2006 06'1-

2234 2050 2327 2104 ρον
2369 2033 2694 2104 θεασάμενοι
2727 2034 2862 2108 πρὸς
2890 2041 3011 2097 τοῖς
3052 2036 3179 2090 ποσὶ
3211 2037 3459 2110 κείμενον
3501 2043 3606 2093 τῶν
3663 2039 3828 2112 μαρτύ-

2235 2144 2364 2199 ρων,
2404 2124 2493 2178 καὶ
2551 2125 2717 2179 οἶονεῖ
2781 2125 3209 2202 καταπλαγέντες
3268 2127 3356 2184 ἐπὶ
3427 2136 3509 2202 τῷ
3563 2136 3717 2202 καινῷ
3755 2137 3826 2186 τοῦ

2233 2215 2518 2287 θεάματος,
2551 2213 2640 2269 καὶ
2669 2212 2758 2270 διὰ
2785 2219 2948 2271 τοῦτο
2980 2217 3394 2294 φιλανθρωπίας
3445 2218 3638 2296 λόγους
3667 2226 3735 2293 τῷ
3759 2218 3830 2275 δο-

2229 2309 2341 2359 κεῖν
2406 2303 2820 2382 προσφέροντες,
2863 2306 3065 2377 Μαίνη,
3100 2307 3318 2382 λέγουσι
3374 2310 3512 2383 πρὸς
3567 2308 3830 2381 αὐτὸν,ἄν-

2233 2405 2453 2468 θρωπε;
2487 2395 2566 2451 Οὐ
2607 2391 2852 2456 δέδοικας
2881 2393 3026 2457 ὅλως
3062 2397 3163 2468 μή,
3192 2399 3525 2472 γνωσθέντος
3551 2404 3628 2472 τῷ
3647 2399 3833 2475 ἡγεμόνι

2231 2488 2328 2539 τοῦ
2375 2485 2714 2558 πραγματος,
2761 2489 2840 2556 τῷ
2888 2491 3264 2560 στρατιωτικῷ
3313 2487 3582 2562 ἀξιώματι
3650 2509 3835 2542 συναπο-

2235 2572 2400 2646 λέσῃς
2451 2573 2540 2627 καὶ
2590 2574 2686 2641 τήν
2737 2576 2923 2645 ζωήν;
2966 2577 3106 2649 Πρὸς
3135 2575 3227 2638 οὓς
3257 2578 3284 2632 6
3337 2598 3622 2653 μακαριος,
3665 2578 3836 2632 Γένοιτὸ

2239 2685 2333 2736 μοι
2391 2665 2712 2738 Χριστιανὸν
2790 2663 2914 2735 ἔφη,
2982 2663 3191 2720 τέλειον
3247 2666 3557 2741 εὑρεθῆναι,
3615 2669 3698 2722 καὶ
3753 2671 3838 2728 τοῖς

2237 2753 2414 2830 ἁγίοις
2447 2754 2661 2815 τούτοις
2692 2752 2954 2808 σύναθλόν
3001 2775 3059 2810 τε
3106 2756 3196 2810 καὶ
3237 2757 3530 2827 σύσκηνον.
3565 2759 3727 2813 Πείθει
3762 2753 3837 2830 γάρ

2242 2863 2308 2916 με
2339 2842 2554 2918 θαρέεῖν
2585 2843 2720 2913 πρὸς
2763 2843 2900 2916 ὑμᾶς
2933 2846 2966 2912 ἡ
2999 2842 3179 2921 φιλία,
3209 2844 3298 2899 καὶ
3331 2843 3483 2900 οὐδὲν
3519 2851 3625 2900 τῶν
3661 2844 3841 2901 ἐνταῦθα

2240 2931 2550 3008 λεγομενων
2582 2933 2618 3001 ἢ
2651 2932 3038 3006 πραττομένων
3076 2935 3420 2991 ὑποπτεύειν.

566 3008 661 3064 ΙΙΙ.
708 3009 810 3065 His
859 3012 943 3067 sic
992 3013 1183 3079 dictis,
1239 3015 1454 3073 milites
1505 3022 1762 3087 sanctos,
1815 3023 1914 3093 qui
1972 3027 2136 3079 erant

493 3113 595 3152 sex
645 3113 888 3154 numero
936 3101 1126 3170 (erant
1155 3104 1309 3159 enim
1351 3121 1553 3162 omnes
1602 3111 1839 3179 quidem
1887 3117 2134 3184 septem,

495 3185 596 3239 sed
643 3201 798 3240 unus
836 3187 960 3256 jam
1013 3194 1273 3246 mortuus
1314 3192 1504 3250 fuerat
1543 3197 1600 3251 in
1645 3197 2002 3272 solitudine),
2036 3217 2129 3256 ca-

491 3277 628 3329 tena
674 3275 899 3332 vinctos
954 3278 1321 3337 adduxerunt
1377 3284 1446 3339 ad
1497 3286 1828 3356 praesidem.
1879 3289 1980 3346 llle
2021 3307 2124 3347 au-

493 3369 609 3416 tem
643 3364 876 3420 sedebat
915 3366 976 3422 in
1026 3369 1250 3425 excelso
1301 3373 1596 3443 tribunali,
1629 3380 1688 3431 et
1726 3393 1853 3434 eum
1888 3379 2134 3438 circum-

493 3450 737 3507 sistebat
767 3455 1087 3514 multitudo
1120 3459 1392 3530 militum,
1417 3464 1517 3534 qui
1542 3465 1782 3522 omnino
1805 3469 2135 3538 pendebant

493 3557 528 3596 a
575 3541 765 3598 verbis
815 3543 972 3601 illius
1029 3551 1086 3602 et
1146 3557 1309 3607 nutu.
1343 3553 1481 3607 Cum
1527 3569 1664 3626 ergo
1707 3558 1981 3626 jussisset
2035 3577 2135 3617 eos

490 3636 693 3688 exutos
743 3631 1058 3704 introduci,
1089 3638 1307 3707 [statim
1357 3642 1592 3711 quidem
1638 3646 1860 3716 rogavit
1893 3665 1906 3703 :
1940 3652 2134 3712 Quod-

489 3734 624 3775 nam
651 3725 739 3777 est
768 3723 932 3778 vobis
953 3740 1138 3795 genus
1168 3732 1225 3783 et
1253 3745 1518 3799 quaenam
1551 3735 1828 3806 conditio,
1863 3755 2131 3808 quamam

488 3814 680 3865 autem
714 3816 905 3868 vestra
938 3816 1176 3870 nomina
1204 3817 1231 3871 ‘I
1263 3819 1328 3872 Et
1357 3836 1698 3892 responsum
1753 3842 1886 3881 mox
1935 3827 2005 3882 ab
2051 3828 2134 3884 eis

487 3900 771 3971 exigebat.
814 3902 1232 3974 Praepotentem
1286 3910 1442 3965 enim
1501 3915 1664 3970 vobis
1720 3917 1872 3986 juro,
1921 3915 2130 3986 aiebat,

486 3990 720 4044 deorum
780 3993 1050 4048 virtutem
1107 4012 1171 4050 ac
1221 3997 1540 4068 justitiam,
1575 4007 1728 4075 quod
1786 4022 1884 4061 vos
1942 4007 2132 4064 adhuc

487 4079 825 4147 superstites
881 4099 1173 4154 apponam
1251 4087 1389 4144 feris
1451 4091 1705 4150 edendos
1761 4099 1819 4150 et
1865 4097 2130 4154 canibus.

2311 3023 2382 3079 1".
2405 3021 2629 3078 Τούτων
2689 3020 2831 3076 οὕτω
2891 3021 3195 3101 λεχθέντων
3259 3024 3310 3078 o't
3367 3029 3693 3098 στρατιῶται
3740 3023 3841 3082 τοὺς

2241 3111 2425 3188 ἁγίους
2461 3110 2516 3181 ἓξ
2558 3107 2716 3174 ὄντας
2756 3112 2847 3166 τὸν
2889 3112 3118 3187 ἀριθμὸν
3163 3113 3323 3181 (ἑπτὰ
3367 3114 3462 3186 μὲν
3500 3115 3604 3191 γαρ
3652 3115 3698 3168 οἱ
3741 3112 3844 3166 πάν-

2241 3221 2326 3262 τες
2374 3199 2530 3268 ἦσαν,
2563 3196 2756 3278 ἔφθασε
2800 3198 2857 3255 δὲ
2907 3205 2934 3256 ὁ
2983 3203 3063 3263 εἷς
3102 3203 3239 3257 κατὰ
3282 3203 3381 3270 τήν
3429 3196 3642 3276 ἔρημον
3695 3217 3845 3256 τελευ-

2243 3293 2448 3362 τῆσαι),
2481 3287 2798 3362 δεδεμένους
2844 3288 3053 3360 ἁλύσει,
3085 3295 3163 3362 τῷ
3202 3293 3432 3366 ἡγεμόνι
3493 3299 3777 3367 προσῆγον.
3803 3290 3846 3345 Ὀ

2244 3377 2302 3433 δὲ
2330 3379 2410 3452 ἐφ’
2441 3379 2660 3454 ὑψηλοῦ
2714 3380 2806 3451 μὲν
2856 3384 3090 3444 καθῆστο
3117 3383 3214 3434 τοῦ
3275 3383 3553 3455 βήματος,
3586 3381 3849 3456 περιειστή-

2241 3491 2320 3525 κει
2355 3467 2412 3524 δὶ
2452 3469 2611 3525 αὐτὸν
2641 3467 2851 3539 πλῆθος
2895 3476 3263 3543 στρατιωτῶν,
3293 3476 3401 3524 τῶν
3448 3471 3656 3526 ἐκείνου
3702 3469 3846 3544 λόγων

2242 3561 2330 3614 καὶ
2385 3563 2481 3614 τοῦ
2519 3559 2785 3632 νεύματος
2831 3558 2977 3622 ὅλως
3038 3559 3422 3635 ἔξηρτημένοι.
3474 3559 3738 3621 Κελεύσας
3783 3557 3850 3613 οὖν

2241 3645 2604 3712 ἀποδυθέντας
2642 3649 2948 3723 εἷσοὶγεσθαι
2978 3648 3105 3710 τοὺς
3155 3649 3362 3725 ἁγίους,
3395 3649 3584 3719 εὐθὺς,
3616 3651 3732 3706 Οἶοι
3781 3649 3851 3718 μὲν

2242 3737 2446 3816 γένους,
2477 3740 2688 3813 ἠρὼτα,
2721 3737 2837 3801 ο⁹ίας
2870 3739 2925 3794 δὲ
2954 3739 3130 3814 τύχης
3161 3739 3312 3810 ἐστές
3353 3741 3475 3794 τίνα
3508 3737 3570 3794 δὲ
3618 3741 3759 3812 ὑμῶν
3804 3735 3852 3789 τὰ

2243 3829 2511 3902 ὀνόματα;
2546 3829 2649 3886 Καὶ
2704 3830 2803 3897 τὴν
2864 3829 3147 3903 ἀπόκρισιν
3180 3827 3253 3890 ὡς
3296 3831 3467 3904 τάχος
3529 3828 3740 3903 ἄπῄτει.
3767 3827 3849 3892 Τήν

2241 3913 2432 3997 ἔφορον
2466 3919 2567 3995 γὰρ
2614 3921 2739 3991 ὑμῖν
2769 3915 2996 3990 ὄμνυμι,
3033 3920 3186 3992 φησί,
3219 3915 3374 3987 δίκην
3430 3919 3523 3972 καὶ
3574 3921 3672 3987 τήν
3716 3915 3852 3991 μεγί-

2241 4009 2344 4079 λην
2386 4011 2492 4063 τῶν
2530 4009 2664 4062 θεῶν
2697 4005 2943 4080 δύναμιν,
2977 4008 3051 4070 ὡς
3104 4005 3181 4061 ἔτι
3237 4007 3535 4082 περιόντας
3601 4009 3736 4080 ὑμᾶς
3782 4006 3853 4072 οη-

487 4166 682 4222 Sancti
697 4175 886 4227 autem
903 4189 1087 4244 neque
1105 4177 1318 4233 fastum
1344 4185 1518 4236 tantae
1540 4185 1920 4254 auctoritatis,
1942 4203 2132 4258 neque

487 4256 796 4314 verborum
843 4263 1123 4319 smvitiam
1192 4269 1661 4342 extimescentes,
1717 4275 1916 4345 Nobis,
1972 4256 2132 4332 dice-

489 4344 653 4412 bant,
688 4363 720 4401 o
759 4348 961 4419 judex,
1015 4353 1175 4409 nulla
1204 4358 1389 4426 patria
1439 4365 1528 4416 est
1574 4363 1631 4417 in
1678 4367 1848 4420 terra.
1903 4344 2129 4424 Sumus

486 4434 644 4490 enim
678 4453 874 4494 revera
920 4439 1179 4512 hospites
1211 4450 1268 4500 et
1299 4449 1552 4505 adventa.
1597 4451 1740 4508 Nam
1787 4454 2129 4513 Christianis

484 4540 616 4580 vera
649 4527 834 4596 patria
863 4533 920 4584 et
954 4530 1157 4588 civitas
1198 4535 1257 4589 in
1306 4536 1464 4592 caelis
1495 4544 1581 4594 est
1619 4542 1919 4600 aediﬁcata.
1952 4547 2128 4602 Crede

488 4613 656 4671 nobis
708 4615 828 4673 haec
881 4618 960 4674 ita
1018 4637 1079 4720 se
1129 4622 1336 4680 habere
1365 4643 1385 4681 :
1417 4628 1609 4686 minas
1639 4637 1834 4688 autem
1868 4638 2000 4691 tuas
2035 4654 2126 4708 pa-
2152 4658 2212 4725 D

487 4720 617 4760 rum
667 4721 943 4764 curamus
978 4724 991 4762 :
1027 4709 1144 4766 imo
1176 4730 1309 4770 vero
1341 4721 1616 4787 optamus
1669 4726 1730 4776 ut
1788 4723 1958 4778 minas
2018 4733 2123 4781 tute

489 4809 602 4849 non
653 4809 715 4850 se
759 4811 949 4866 usque
995 4801 1063 4854 ad
1114 4802 1287 4858 verba
1327 4804 1516 4863 solum
1553 4810 1785 4880 sistant,
1816 4814 1917 4868 sed
1946 4813 2020 4870 ad
2049 4816 2126 4871 ef-

485 4883 700 4938 fectum
751 4885 926 4940 etiam
973 4887 1355 4948 deducantur.
1386 4897 1477 4951 Sic
1523 4898 1681 4954 enim
1730 4903 1839 4956 erit
1887 4904 2127 4961 manife-

489 4979 645 5026 stum
706 4977 974 5030 nostrum
1033 4978 1094 5033 in
1152 4981 1439 5040 Christum
1474 4987 1823 5045 desiderium
1861 5010 1874 5046 :
1908 5001 1965 5048 et
2001 4995 2128 5067 ipse

487 5063 636 5117 scies
668 5064 928 5130 omnino,
963 5068 1131 5136 quale
1164 5073 1442 5129 auxilium
1471 5077 1540 5130 ab
1567 5079 1688 5147 ipso
1720 5097 2124 5154 assequamur.

488 5152 630 5206 Cum
684 5154 865 5207 sancti
905 5155 1022 5210 haec
1062 5158 1364 5229 dixissent,
1399 5174 1674 5235 tyrannus
1706 5152 2022 5227 conversus
2055 5174 2122 5228 ad

486 5257 833 5309 assessores,
869 5243 1065 5313 Video,
1112 5249 1319 5321 inquit,
1357 5252 1462 5310 hos
1519 5257 1777 5314 infelices
1837 5278 2021 5316 unum
2071 5268 2128 5318 et

491 5329 641 5382 idem
695 5336 973 5403 tanquam
1040 5355 1106 5392 ex
1156 5355 1442 5397 consensu
1507 5348 1793 5403 meditari.
1846 5354 2130 5406 Parentur

489 5431 626 5511 ergo
681 5417 928 5489 ﬂagella,
985 5431 1042 5479 et.
1111 5444 1210 5484 eos
1286 5431 1467 5504 plagze
1523 5436 1754 5493 abunde
1812 5440 2124 5511 excipiant.

491 5503 631 5560 Cum
681 5512 873 5563 autem
921 5512 1086 5569 valde
1119 5518 1354 5586 quidem
1395 5503 1801 5597 verberantur,
1834 5529 1984 5584 nihil
2015 5547 2128 5585 au-

489 5603 608 5654 tem
641 5598 1073 5672 responderent,
1107 5605 1288 5676 judex
1337 5610 1534 5668 intulit
1590 5613 2127 5691 interrogationem,

2241 4097 2381 4172 ρίοις
2447 4096 2537 4150 καὶ
2596 4095 2717 4150 κυσὶ
2793 4095 2956 4170 βορὰν
3024 4097 3430 4169 παραθήσομαι.
3473 4097 3544 4152 Οἱ
3606 4093 3663 4151 δὲ
3713 4095 3851 4168 ἅγιοι,

2240 4183 2410 4260 μηδὲν
2465 4188 2604 4258 μήτε
2660 4186 2794 4260 πρὸς
2833 4186 2894 4238 τὸ
2955 4179 3185 4260 σοϐαρὸν
3246 4188 3343 4240 τοῦ
3392 4186 3710 4257 σχήματος,
3743 4185 3854 4256 μήτε

2236 4276 2373 4348 πρὸς
2399 4276 2499 4344 τήν
2533 4275 2788 4344 ἀπήνειον
2815 4278 2923 4328 τῶν
2955 4273 3140 4348 λόγων
3174 4272 3594 4341 ὑποσταλέντες,
3624 4275 3796 4345 Ἡμῖν,
3822 4271 3853 4322 ὦ

2239 4359 2466 4418 δικαστᾶ
2527 4363 2700 4432 εἶπον,
2733 4363 2929 4438 πατρὶς
2962 4362 3048 4416 ἐπὶ
3078 4369 3180 4438 γῆς
3237 4359 3365 4417 οὐδε
3424 4361 3524 4435 μία
3560 4384 3573 4395 ·
3611 4362 3741 4433 ξένοι
3772 4359 3855 4435 γὰρ

2237 4454 2400 4525 ἡμεῖς
2452 4450 2595 4514 ὅντες
2653 4454 2742 4506 καὶ
2800 4449 3197 4527 παρεπίδημοί.
3242 4453 3442 4526 Πατρὶς
3472 4453 3578 4528 γαρ
3627 4456 3859 4524 Χριστιαο

2235 4547 2351 4604 νοῖς
2406 4541 2622 4613 ἀληθὴς
2680 4544 2769 4597 καὶ
2826 4541 2991 4604 πόλις
3057 4541 3108 4596 ἐν
3178 4543 3429 4616 οὐρανοῖς
3501 4540 3857 4614 ᾠκοδόμηται.

2237 4633 2420 4687 Ταῦτα
2475 4631 2690 4686 πίστευε
2742 4633 2877 4705 ἡμῖν
2915 4631 3088 4693 οὕτως
3142 4630 3310 4707 ἔχειν.
3342 4634 3462 4689 Τῶν
3495 4628 3553 4686 δὲ
3587 4635 3693 4686 σῶν
3730 4629 3858 4684 ἆπει·

2238 4720 2350 4775 λῶν
2383 4718 2543 4795 ὀλίγη
2586 4719 2806 4794 φροντίς
2838 4738 2851 4752 ·
2889 4719 3102 4793 μᾶλλον
3133 4717 3187 4775 δὲ
3217 4723 3306 4775 καὶ
3339 4717 3408 4775 δι’
3439 4719 3613 4794 εὐχῆς
3642 4721 3706 4776 τὸ
3743 4722 3860 4790 πρᾶ-

2235 4831 2352 4884 γμα
2408 4809 2711 4884 ποιούμεθα
2768 4811 2843 4883 μή
2907 4811 3072 4885 μέχρι
3154 4809 3337 4887 λόγων
3393 4809 3583 4874 στῆναί
3641 4831 3726 4865 σοι
3779 4808 3860 4874 τήν

2235 4896 2490 4970 ἀπειλὴν,
2523 4899 2666 4955 ἂλλὰ
2705 4901 2795 4955 καί
2844 4899 2921 4961 είς
2969 4893 3122 4974 ἔργον
3165 4895 3410 4965 ἐκϐῆναι.
3451 4899 3612 4956 Οὕτω
3642 4900 3744 4976 γὰρ
3787 4895 3860 4952 καὶ

2235 4990 2373 5060 ἡμῖν
2407 4991 2433 5042 ὁ
2465 4988 2633 5052 πόθος
2674 4990 2702 5043 ὁ
2733 4990 2866 5064 πρὸς
2897 4989 3126 5065 Χριστὸν
3159 4986 3330 5058 δῆλος
3359 4985 3504 5043 ἔσται
3559 4988 3654 5042 καὶ
3719 4985 3862 5046 αὐτὸς

2239 5077 2353 5151 εἶ’σῃ
2419 5080 2652 5145 πάντως,
2713 5078 2905 5140 ὁποίας
2963 5079 3090 5152 παρ’
3139 5079 3304 5133 αὐτοῦ
3377 5078 3722 5153 τυγχάνομεν
3781 5077 3864 5142 τῆς

2237 5167 2568 5242 ἐπικουρίας.
2603 5173 2838 5225 Τοιαῦτα
2885 5174 2991 5223 τῶν
3031 5168 3196 5243 ἁγίων
3247 5166 3652 5238 διεξελθόντων,
3713 5167 3742 5221 ὁ
3791 5164 3869 5220 τύ-

2237 5276 2457 5327 ραννους
2490 5259 2624 5330 πρὸς
2656 5259 2780 5319 τοὺς
2840 5257 3124 5331 συνέδρους
3166 5257 3533 5334 ἐπιστραφεὶς,
3562 5255 3723 5326 Μίαν,
3757 5249 3867 5332 ἔφη,

2236 5347 2325 5400 καὶ
2373 5349 2471 5417 τὴν
2542 5347 2707 5416 αὐτὴν
2767 5342 2997 5422 ἔχοντας
3055 5345 3293 5420 μελέτην
3323 5347 3448 5408 τοὺς
3477 5343 3870 5418 καγοδαίμονας

2237 5438 2417 5512 ὥσπερ
2451 5439 2510 5494 ἐκ
2548 5439 2864 5513 συμφωνίας
2906 5439 3040 5513 ὁρῶ.
3083 5438 3357 5513 Μάστιγες
3397 5436 3488 5492 οὖν
3544 5435 3741 5498 αὐτοὺς
3787 5432 3865 5489 καὶ

2237 5527 2450 5603 πληγαὶ
2484 5525 2732 5600 δαψιλῶς
2762 5524 3184 5601 ἐκδεχέσθωσαν.
3223 5529 3313 5590 Ὦς
3343 5525 3400 5582 δὲ
3445 5526 3742 5582 ἐτύπτοντο
3784 5523 3867 5596 μὲν

2239 5615 2512 5692 σφοδρῶς,
2545 5615 2696 5672 οὐδὲν
2755 5613 2812 5670 δὲ
2866 5614 3232 5689 ἀπεκρίναντο,
3285 5615 3313 5670 ὁ
3363 5611 3618 5682 δικαστής
3679 5611 3862 5685 ἐπῆγεν
