4048 6202
261 306 411 367 1145

256 462 543 538 ἔρώτησιν,
567 461 739 526 οὕτως
774 463 939 520 εἰπών
976 483 989 496 ο

254 549 491 627 ἕϐδομος
548 555 701 627 ὑμῶν
744 559 848 609 ποῦ
908 553 1070 624 Eon;
1121 555 1331 612 Τούτου
1391 556 1669 629 ῥηθέντος,
1720 559 1911 615 αὐτίκα

258 640 543 719 δρομαίως
595 650 693 699 τοῦ
726 643 905 723 ὄχλου
938 643 1257 719 ὲξορμηθεὶς
1299 648 1326 701 6
1357 649 1735 721 γενναιότατος
1767 647 1911 706 Οὔα-

262 754 375 808 ρος,
410 733 539 796 στας
572 733 622 788 ἒν
659 730 806 807 μέσῳ
837 733 982 807 λέγει
1016 739 1092 806 τῷ
1122 735 1350 810 ἡγεμόνι
1394 757 1407 769 ·
1438 740 1680 801 Ἐκεῖνος
1729 739 1822 812 μὲν
1853 737 1911 793 ἐκ

260 823 477 878 πολλοῦ
507 824 599 878 τὸν
636 823 755 899 βίον
793 821 1149 897 μετήλλαξεν,
1184 824 1282 897 ἐμὲ
1314 824 1371 881 δὲ
1399 825 1761 901 γληρονόμον
1805 832 1911 883 τῶν

264 910 427 967 αὐτοῦ
460 913 798 983 ἐνεστήσατο.
832 912 902 969 Ei.’
925 935 977 968 τι
1011 912 1101 968 οὖν
1133 914 1322 989 ἐκείνῳ
1375 915 1574 991 χρέως,
1608 915 1908 972 ἀποδώσων

264 1003 426 1064 αὐτὸς
456 1001 703 1076 πάρειμι.

335 1094 409 1149 Δ’.
442 1094 703 1149 ’Ήκουσεν
733 1094 760 1147 6
790 1095 1034 1169 ἡγεμὼν,
1066 1093 1155 1150 καὶ
1187 1095 1317 1160 ὅλος
1348 1100 1444 1152 τοῦ
1494 1099 1668 1169 θυμοῦ
1697 1096 1906 1173 γέγονε⁶

264 1182 375 1251 καὶ,
408 1182 503 1244 Τίς
544 1182 720 1251 οὗτος,
752 1184 840 1237 καὶ
878 1183 1025 1247 τίνος
1052 1185 1325 1260 τάγματος
1352 1205 1365 1255 ;
1398 1188 1432 1255 ἡ
1481 1186 1628 1257 τάξις
1680 1185 1912 1263 λεγέτω,

267 1271 420 1348 φησί.
453 1272 512 1328 Ὀ
563 1269 639 1340 δὲ,
673 1272 960 1347 Τάγματος
1004 1274 1097 1345 μὲν
1142 1279 1239 1329 τοῦ
1286 1274 1344 1329 ἐκ
1374 1277 1614 1345 Τυάνων,
1649 1279 1915 1350 στρατιώ-

266 1380 370 1429 της
411 1357 467 1414 δὲ
516 1360 607 1414 καὶ
663 1365 770 1415 τῶν
830 1358 1123 1440 ἕπιφανῶν,
1161 1364 1501 1439 ἀπεκρίνατο.
1540 1371 1637 1420 Καὶ
1696 1367 1723 1420 6
1780 1368 1914 1440 ἡγε-

269 1449 406 1522 μὼν,
438 1448 677 1524 πληγείς
725 1449 812 1505 ἔπὶ
845 1451 1049 1524 τούτῳ.
1081 1453 1172 1515 Τίς
1205 1475 1262 1508 σε
1292 1456 1527 1528 πονηρὸς
1570 1453 1780 1528 δαίμων
1836 1456 1910 1518 είς

264 1536 529 1595 κίνδυνον.
564 1540 735 1611 εἶπεν,
778 1539 919 1595 οὕτω
952 1548 1118 1614 σαφῆ,
1161 1546 1377 1599 σεαυτὸν
1430 1544 1637 1614 ώθῆσαι
1687 1545 1915 1615 πεποίη-

264 1629 473 1698 κεν,ὡς
523 1629 612 1683 καὶ
654 1631 716 1685 τὸ
758 1638 857 1699 τῆς
896 1633 1213 1704 προσούσης
1269 1656 1353 1690 σοι
1414 1634 1699 1711 περιδὸξου
1759 1656 1916 1708 στρα-

263 1718 405 1781 τείας
458 1719 692 1792 ἀξίωμα,
739 1721 805 1774 τά
862 1720 1059 1776 ἐκεῖθέν
1100 1744 1157 1778 τε
1213 1726 1512 1799 σιτηρέσια,
1567 1728 1701 1801 παρ’
1759 1723 1915 1783 οὐδὲν

1538 310 2012 373 MARTYRIUM
2062 315 2124 372 S.
2176 312 2382 374 VARI.

3509 312 3664 371 1146

1040 466 1101 522 Ὁ
1140 464 1380 538 μάλιστά
1452 488 1515 543 γε
1572 469 1908 543 ζητούμενος

2033 472 2222 528 iicens
2251 489 2264 526 :
2300 471 2407 534 Qui
2440 470 2693 525 maxime
2738 473 3017 540 quaeritur
3048 469 3331 542 septimus
3384 488 3451 527 ex
3480 471 3662 539 vobis,

2021 562 2119 618 ubi
2152 562 2285 616 est?
2313 565 2434 615 Hoc
2480 560 2656 626 dicto,
2688 560 2902 614 cursim
2952 560 3149 614 statim
3183 577 3213 614 e
3263 560 3430 615 turba
3460 576 3666 632 egres-

2022 670 2123 708 sus
2175 649 2657 723 praeclarissimus
2719 648 2918 714 Varus,
2951 652 3116 703 stans
3160 649 3219 703 in
3272 650 3463 705 medio
3531 650 3669 705 dicit

2020 740 2254 812 praesidi
2286 755 2300 793 :
2337 737 2437 793 Ille
2489 739 2721 809 quidem
2766 738 2888 807 jam
2936 737 3035 791 diu
3069 737 3283 792 abhinc
3313 756 3382 793 ex
3414 739 3520 794 hac
3548 740 3668 794 vita

2020 828 2289 896 excessit,
2333 844 2424 882 me
2468 832 2662 882 autem
2721 842 2892 881 suum
2953 826 3244 880 haeredem
3283 827 3559 882 instituit.
3609 829 3666 883 Si

2021 919 2160 990 quid
2218 934 2354 989 ergo
2414 917 2485 971 ab
2543 916 2643 972 illo
2692 915 3033 984 debebatur,
3069 916 3279 971 adsum
3314 915 3440 988 ipse
3470 918 3671 973 reddi-

2023 1016 2216 1065 turus.

2094 1097 2184 1152 IV.
2244 1096 2475 1151 Audivit
2518 1112 2744 1165 praeses,
2780 1100 2835 1151 et
2883 1099 3041 1150 totus
3090 1095 3163 1150 ad
3221 1095 3367 1150 iram
3399 1099 3489 1150 est
3540 1111 3673 1151 con-

2022 1204 2223 1243 versus
2260 1204 2271 1241 :
2306 1186 2445 1251 Quis
2502 1186 2595 1241 hic
2645 1188 2740 1255 sit,
2772 1185 2986 1256 inquit,
3015 1186 3189 1257 dicat,
3249 1194 3305 1241 et
3352 1201 3381 1241 e
3414 1202 3669 1258 quanam

2024 1276 2095 1332 sit
2145 1276 2391 1348 legione.
2428 1275 2530 1331 Ille
2573 1283 2767 1331 autem
2803 1292 2816 1331 :
2850 1276 2930 1329 Ex
2984 1274 3209 1346 legione
3241 1274 3477 1346 quidem
3523 1280 3668 1344 Tya-

2023 1367 2211 1436 nensi,
2248 1367 2414 1422 miles
2445 1382 2575 1422 vero
2606 1366 2817 1431 clarus,
2852 1366 3169 1437 respondit.
3198 1366 3417 1421 Prasses
3448 1369 3669 1431 autem,

2022 1473 2091 1512 ea
2147 1458 2217 1510 de
2259 1472 2434 1511 causa
2490 1456 2949 1526 obstupefactus,
2988 1456 3126 1521 Quis
3182 1455 3371 1510 malus
3419 1457 3667 1520 daemon,

2023 1546 2232 1617 inquit,
2262 1546 2467 1613 eti‘ecil,
2504 1550 2567 1600 ut
2604 1550 2659 1600 te
2690 1545 2749 1600 in
2796 1545 3173 1600 manifestum
3206 1544 3540 1616 impelleres
3574 1561 3671 1615 pe-

2025 1636 2296 1705 riculum,
2332 1640 2396 1689 ut
2425 1640 2481 1691 et
2510 1634 2827 1707 gloriosam
2886 1639 3046 1689 tuam
3080 1634 3372 1701 militiam,
3405 1639 3463 1690 et
3493 1650 3669 1703 quam

2026 1745 2091 1785 ex
2122 1746 2189 1784 ea
2219 1729 2396 1785 habes
2442 1733 2721 1783 tesseram
2759 1727 3221 1795 frumentariam,
3256 1726 3425 1782 nihili
3469 1726 3670 1792 facias,

269 1808 471 1879 θέσθαι,
521 1809 610 1862 καὶ
658 1810 943 1873 τοσούτοις
1002 1814 1101 1881 τὴν
1165 1812 1303 1868 ἰδίαν
1354 1818 1539 1891 ψυχήν
1598 1813 1911 1893 περιϐαλεῖν

346 1897 364 1916 Ν
487 1902 509 1913 τ’
619 1902 660 1916 νγ
706 1900 719 1916 ἢ
779 1900 792 1916 ο
989 1903 999 1916 1
1176 1904 1241 1916 m\
1339 1904 1362 1916 υ
1574 1908 1598 1916 ο
1757 1909 1766 1916 ι
1868 1907 1912 1916 α..

2033 1824 2087 1873 et
2120 1826 2278 1874 tuam
2326 1818 2579 1873 animam
2632 1818 2690 1872 in
2750 1822 2909 1872 tanta
2962 1816 3116 1872 mala
3150 1816 3427 1886 injicias?
3458 1816 3670 1870 Beatus

268 1897 574 1973 χαλεποῖςς
619 1900 721 1954 Καὶ
773 1900 799 1953 6
862 1903 1143 1975 μακάριος,
1176 1904 1281 1959 Τὸν
1328 1904 1514 1978 ἄρτον,
1548 1908 1685 1974 εἶπε,
1717 1909 1807 1962 τὸν
1864 1907 1913 1977 ἐξ

272 1987 505 2061 οὐρανοῦ
535 1989 812 2059 καθιόντα,
844 1988 934 2044 καὶ
966 1990 1028 2045 τὸ
1061 1997 1201 2054 θεῖον
1252 1995 1518 2067 ποτήριον
1576 2000 1671 2050 τοῦ
1728 1997 1915 2069 τιμίου

270 2073 503 2148 α’ίματος
535 2078 764 2150 Χριστοῦ
803 2082 900 2132 τοῦ
934 2080 1129 2153 Κυρίου
1160 2102 1286 2153 μου,
1316 2088 1423 2137 τῶν
1478 2088 1583 2138 σῶν
1622 2087 1917 2159 προέκρινα

273 2172 447 2239 τιμῶν
501 2188 558 2221 τε
613 2168 703 2222 καὶ
763 2168 1038 2242 ὀψωνίων,
1082 2169 1235 2242 δόξαν
1308 2173 1389 2228 ἀεὶ
1479 2175 1741 2248 μένουσαν
1816 2181 1915 2241 τῆς

273 2256 521 2328 ῥεούσης,
569 2257 658 2311 καὶ
709 2260 854 2327 ζωήν
901 2258 1142 2329 ἄληκτον
1202 2270 1443 2340 φθαρτῆς
1515 2264 1605 2318 καὶ
1663 2264 1919 2340 προσκαί-

274 2364 389 2417 ρου.
424 2345 560 2401 Εἶτα
610 2343 779 2415 δῆλος
812 2347 896 2401 ἐπὶ
952 2353 1031 2419 τῷ
1061 2351 1218 2405 πάθει
1250 2352 1542 2425 γενόμενος
1575 2354 1602 2407 ὀ
1663 2352 1915 2423 δικάζων,

270 2428 588 2507 ἀποϐλέψας
646 2436 781 2509 πρὸς
839 2435 965 2498 τοὺς
1014 2437 1197 2510 ἁγίους
1256 2438 1307 2493 ἓν
1366 2440 1567 2513 πολλῷ
1618 2442 1770 2515 σάλῳ
1827 2443 1913 2496 καὶ

270 2520 463 2595 πικρίᾳ
522 2526 705 2597 ψυχῆς
754 2526 893 2581 εἷπε.
947 2526 1162 2601 Μάρτυς
1194 2530 1229 2597 ἡ
1284 2534 1391 2583 τῶν
1445 2530 1717 2603 μεγίστων
1779 2533 1914 2585 θεῶν

272 2606 522 2683 δύναμις,
577 2613 718 2685 ὑμᾶς
784 2614 1047 2689 πρότερον
1112 2615 1164 2669 ἐν
1227 2624 1415 2681 κακοῖς
1474 2619 1764 2697 ἀφέλωμαι
1821 2622 1919 2689 τὴν

274 2702 440 2769 ζωήν,
472 2705 718 2756 τοιοῦτον
771 2700 867 2774 ἐμὲ
928 2705 1309 2775 ζημιώσαντας
1357 2710 1694 2781 στρατιώτην
1727 2729 1739 2741 ’
1786 2709 1920 2781 ὑμέ-

269 2810 423 2863 τερον
456 2791 559 2864 γὰρ
594 2789 650 2844 ἃν
686 2791 769 2861 ε’ίη
801 2796 963 2847 τοῦτο
1012 2794 1100 2848 καὶ
1148 2795 1254 2870 οὐχ
1305 2793 1508 2872 ἑτέρου.
1554 2799 1622 2855 Οἱ
1671 2796 1728 2852 δὲ
1782 2799 1920 2873 μάρ-

268 2899 422 2953 τυρες
454 2878 504 2933 ἐν
563 2876 756 2952 μηδενὶ
804 2882 931 2943 τοὺς
991 2882 1193 2957 λόγους
1236 2886 1401 2940 αὐτοῦ
1432 2886 1776 2960 ποιούμενοι,
1814 2891 1921 2945 Μι-

270 2969 423 3043 κρὸν,
448 2970 619 3039 εἶπον,
652 2970 958 3044 ἀνάμεινον,
993 2970 1238 3044 δικαστά,
1270 2976 1356 3030 καί
1393 2976 1459 3031 τά
1498 2976 1645 3032 ὅπλα
1686 2986 1785 3047 τῆς
1832 2985 1923 3033 νῦν

274 3059 574 3129 στρατείας,
618 3060 711 3114 οἷα
766 3063 1139 3132 κατανοήσεις.
1187 3067 1283 3136 Τῷ
1340 3066 1441 3141 γὰρ
1499 3071 1606 3120 τῶν
1680 3064 1923 3143 ἄγγὲλων

273 3148 510 3221 τάγματι
556 3148 649 3202 τὸν
716 3146 880 3223 ἄνδρα
927 3153 1431 3225 προσενηνόγηαμεν.
1463 3157 1671 3211 Τούτου
1732 3156 1921 3232 ῥηθὲν-

273 3256 387 3305 τος,
420 3237 447 3290 6
482 3237 576 3309 μὲν
626 3238 825 3292 πείθειν
884 3236 1154 3315 ἐπεχείρει
1222 3241 1346 3304 τοὺς
1408 3244 1595 3319 ἁγίους
1644 3246 1920 3309 συνθέσθαι

272 3332 337 3394 τῆ
400 3322 639 3396 ἀσεϐείᾳ,
691 3328 780 3383 καὶ
836 3330 1021 3392 θυσίαν
1066 3337 1182 3386 τοῖς
1242 3334 1493 3405 ματαίοις
1552 3342 1923 3411 προσενεγκεῖν

274 3415 301 3468 6
346 3415 573 3486 μάταιος
606 3434 618 3447 ·
656 3417 707 3470 οἱ
774 3415 831 3472 δὲ
874 3416 1013 3491 μηδὲ
1061 3421 1122 3475 τὸ
1182 3422 1276 3485 οὖς
1332 3423 1481 3484 ὅλως
1536 3421 1771 3485 διδόντες
1811 3430 1926 3487 τοῖς

271 3501 439 3558 αὐτοῦ
471 3504 731 3577 ῥήμασιν,
762 3504 1126 3586 ἀνθυπὲφερον
1164 3529 1175 3541 ·
1230 3535 1258 3562 α
1290 3511 1412 3565 Θεοί
1445 3511 1499 3566 οἳ
1538 3514 1631 3566 τὸν
1691 3513 1921 3583 οὐρανὸν

271 3592 358 3645 καὶ
392 3594 489 3660 τήν
529 3600 629 3668 γῆν
679 3595 779 3648 οὐκ
826 3593 1107 3665 ἐποίησαν,
1142 3597 1549 3662 ἂπολὲσθωσαν.
1590 3626 1610 3651 ι
1657 3604 1789 3659 Μεθ’
1834 3601 1924 3665 οὓς

274 3680 302 3733 6
340 3682 603 3754 μακάριος
655 3681 889 3757 Οὔαρος,
926 3687 1141 3757 μείξονα
1189 3689 1287 3756 τὴν
1337 3688 1503 3762 ὀργὴν
1544 3688 1788 3759 ἒξάπτων
1848 3695 1927 3761 τῷ

277 3765 523 3843 δκαστῇ.
574 3773 633 3826 Τί
684 3775 979 3849 πράγματα
1028 3776 1310 3850 παρέχεις,
1360 3775 1533 3852 ἔλεγε,
1571 3785 1687 3841 τοῖς
1729 3780 1924 3853 ἁγίοις,

278 3860 437 3933 μωρὰ
469 3859 643 3934 λέγων
670 3861 757 3915 καὶ
791 3862 870 3925 εἷς
904 3862 1056 3918 οὐδὲν
1093 3868 1343 3939 χρήσιμα
1370 3886 1382 3934 ;
1415 3892 1441 3917 ‹‹
1472 3874 1526 3922 ‘0
1557 3868 1659 3941 γάρ
1718 3870 1926 3945 μωρὸς,

276 3948 429 4023 φησί,
465 3950 621 4024 μωρὰ
656 3949 909 4021 λαλήσει.
945 3976 969 4006 ι
1004 3953 1243 4023 (Ἠσαίας
1274 3957 1300 4008 6
1335 3954 1498 4031 μέγας
1532 3978 1616 4011 σοι
1640 3962 1800 4013 τοῦτο
1835 3959 1925 4013 καὶ

275 4036 375 4092 οὐκ
403 4038 533 4113 ἐγὼ)
562 4039 652 4093 καὶ
709 4044 879 4095 ταῦτα
922 4040 1063 4113 μηδὲ
1119 4043 1518 4120 ἀντοφθαλμεῖν
1575 4046 1781 4118 αὐτοῖς,
1818 4069 1925 4119 μη·-

275 4123 332 4181 δέ
364 4126 441 4189 εἷς
473 4125 674 4203 λόγους
707 4127 857 4191 ὅλως
895 4128 1028 4185 ἰέναι
1071 4129 1389 4205 δηνάμενος.

348 4305 423 4359 Ε’.
457 4306 678 4361 Τούτων
714 4306 945 4370 ἀκούσας
1004 4308 1209 4374 ἐκεῖνος
1260 4312 1358 4367 οὒκ
1389 4309 1466 4369 ἔτι
1524 4315 1783 4378 καθεκτὸς
1838 4316 1926 4383 ἦν,

276 4392 420 4448 ἀλλὰ
453 4396 628 4467 θυμοῦ
686 4397 940 4460 πλείονος
988 4397 1271 4471 πλθσθείς,
1303 4401 1387 4457 ἐπὶ
1449 4402 1619 4471 ξύλου
1677 4404 1773 4476 μὲν
1832 4404 1923 4458 τὸν

277 4478 484 4543 Οῧαςον
526 4482 872 4556 μετεωρίζειν
931 4484 1162 4544 ἐκέλευε.
1208 4489 1347 4562 Πρός
1408 4488 1463 4545 δὲ
1527 4490 1655 4554 τοὺς
1712 4492 1922 4567 ἁγίους,

1953 3202 2002 3269 C

2026 1914 2220 1962 autem
2259 1908 2480 1961 Varus:
2518 1911 2753 1973 Panem,
2789 1906 3001 1977 inquit,
3037 1906 3134 1977 qui
3167 1906 3236 1959 de
3268 1905 3409 1960 cmlo
3441 1904 3675 1960 descen-

2025 1997 2128 2067 dit,
2162 2001 2216 2051 et
2248 1996 2511 2050 divinum
2545 1996 2783 2050 calicem
2819 1994 3048 2065 pretiosi
3100 1994 3405 2065 sanguinis
3455 1992 3670 2047 Christi

2024 2086 2254 2141 Domini
2288 2086 2401 2140 mei
2444 2085 2672 2156 praetuli
2703 2085 2821 2140 tuis
2862 2085 3181 2139 honoribus
3232 2089 3289 2138 et
3322 2082 3669 2153 stipendiis:

2022 2176 2263 2246 gloriam
2297 2192 2424 2246 quae
2471 2190 2704 2245 semper
2741 2178 2958 2239 manet,
2992 2175 3043 2229 ei
3075 2190 3198 2243 quas
3232 2173 3381 2241 ﬂuit,
3409 2178 3465 2228 et
3493 2174 3673 2227 vitam

2024 2281 2153 2334 quas
2187 2279 2488 2333 nunquam
2526 2261 2765 2331 desinit,
2796 2262 2847 2317 ei
2882 2261 2941 2316 in
2990 2277 3164 2333 quam
3200 2261 3354 2315 cadit
3402 2261 3676 2316 interitus

2023 2360 2079 2411 et
2109 2361 2199 2411 est
2229 2360 2297 2409 ad
2345 2355 2513 2409 breve
2541 2359 2793 2424 tempus.
2832 2358 2989 2408 Tunc
3023 2353 3204 2423 judex
3257 2358 3452 2424 aperte
3484 2354 3679 2408 osten-

2024 2446 2168 2500 dens
2224 2460 2286 2498 se
2335 2460 2464 2499 esse
2523 2444 2717 2499 animo
2770 2443 3205 2514 perturbatum,
3257 2442 3551 2513 aspiciens
3610 2440 3682 2496 ad

2024 2540 2278 2596 sanctos,
2308 2534 2594 2589 concitate
2647 2540 2703 2587 et
2751 2532 2959 2587 acerbe
2994 2532 3175 2587 dixit:
3210 2532 3402 2587 Testis
3432 2530 3507 2585 sit
3540 2528 3685 2584 mihi

2025 2626 2215 2679 virtus
2265 2623 2655 2678 maximorum
2702 2623 2973 2688 deorum,
3010 2622 3171 2676 vobis
3222 2621 3391 2691 prius
3429 2621 3687 2675 adimam

2024 2714 2081 2768 in
2146 2712 2312 2767 malis
2367 2714 2568 2777 vitam,
2626 2710 2727 2781 qui
2778 2726 2867 2765 me
2908 2711 3006 2764 tali
3058 2709 3249 2765 milite
3299 2709 3686 2779 privaveritis-

2029 2801 2141 2855 11οο
2173 2801 2325 2856 enim
2362 2799 2538 2855 fuerit
2566 2809 2841 2865 vestrum,
2878 2802 2934 2853 et
2963 2814 3081 2853 non
3117 2797 3377 2853 alterius.
3412 2796 3689 2867 Martyres

2027 2896 2219 2946 autem
2268 2890 2445 2944 verba
2513 2890 2642 2958 ejus
2707 2886 3185 2951 nihilifacientes,
3246 2889 3529 2956 Exspecta
3585 2901 3692 2954 pa-

2030 2996 2292 3051 rumper,
2317 2980 2614 3045 dixerunt,
2650 2994 2682 3033 o
2707 2978 2907 3047 judex,
2953 2980 3011 3032 et
3048 2975 3271 3031 videbis
3329 2974 3529 3045 qualia
3572 2974 3691 3030 sint

2030 3087 2192 3124 arma
2222 3068 2401 3138 hujus
2434 3067 2655 3123 militiae
2699 3067 2782 3121 Ad
2831 3065 3094 3121 ordinem
3144 3065 3300 3120 enim
3346 3062 3692 3136 angelorum

2033 3158 2330 3213 hominem
2364 3156 2744 3212 adduximus.
2779 3155 2895 3211 Hoc
2928 3155 3103 3221 dicto,
3132 3153 3228 3208 ille
3251 3153 3488 3225 quidem
3521 3168 3693 3208 cona-

2037 3247 2210 3301 batur
2259 3248 2607 3317 persuadere
2657 3246 2899 3312 sanctis,
2935 3248 3002 3298 ut
3035 3242 3457 3298 assentirentur
3487 3242 3693 3312 impie-

2038 3335 2166 3402 tati,
2198 3339 2253 3389 et
2282 3334 2453 3390 rebus
2486 3334 2654 3388 vanis
2677 3333 2920 3388 oﬂ'erent
2943 3331 3322 3397 sacrificium,
3357 3330 3481 3401 ipse
3522 3329 3694 3401 plane

2040 3440 2225 3479 vanus
2255 3432 2308 3478 at
2366 3423 2635 3477 stolidus.
2671 3420 2762 3476 Illi
2821 3424 3016 3476 autem
3071 3436 3141 3475 ne
3197 3436 3397 3475 aurern
3450 3420 3689 3490 quidem

2038 3516 2164 3583 ejus
2216 3513 2403 3568 verbis
2447 3513 2788 3582 praebentes,
2832 3516 3026 3565 contra
3081 3511 3455 3565 referebant:
3514 3529 3538 3560 α
3576 3508 3689 3573 Dii,

2037 3604 2137 3674 qui
2170 3602 2381 3658 caelum
2432 3607 2487 3657 et
2514 3608 2746 3665 ,terram
2796 3616 2911 3654 non
2967 3600 3248 3665 fecerunt,
3283 3598 3567 3670 pereant‘
3604 3596 3617 3652 l
3665 3619 3694 3646 ››

2040 3693 2174 3747 Post
2232 3708 2379 3761 quos
2434 3691 2637 3745 beatus
2692 3689 2885 3744 Varus
2942 3688 3086 3743 iram
3133 3690 3319 3759 magis
3351 3688 3692 3757 accendens,

2034 3780 2237 3851 judici,
2298 3779 2470 3847 Quid,
2532 3778 2701 3844 dixit,
2761 3777 2982 3833 sanctis
3038 3777 3282 3832 exhibes
3342 3775 3694 3845 molestiam,

2038 3871 2216 3926 stulta
2265 3871 2485 3936 dicens,
2519 3872 2575 3924 et
2621 3868 2689 3923 ad
2724 3866 2867 3922 nihil
2916 3865 3083 3922 utilia
3112 3867 3139 3921 ?
3168 3889 3195 3915 «
3228 3864 3458 3920 Stultus
3490 3868 3687 3919 autem

2037 3958 2214 4013 stulta
2262 3956 2530 4028 loquetur
2560 3955 2599 4009 ’.
2633 3975 2659 4005 ι
2708 3955 2975 4025 (Magnus
3008 3954 3189 4009 Isaias
3232 3954 3339 4009 hoc
3385 3952 3493 4007 tibi
3524 3952 3691 4023 dicit,

2037 4056 2093 4104 et
2126 4066 2235 4103 non
2271 4048 2396 4119 ego)
2426 4046 2597 4117 idque
2628 4062 2760 4101 cum
2795 4060 2901 4100 nec
2929 4060 3028 4099 eos
3084 4044 3319 4114 quidem
3366 4046 3572 4098 contra
3602 4041 3693 4096 in-

2036 4137 2208 4203 tueri,
2243 4152 2349 4192 nec
2406 4152 2540 4191 cum
2602 4134 2685 4191 eis
2736 4134 2977 4189 omnino
3031 4134 3296 4189 conferre
3358 4147 3689 4187 sermonem

2036 4226 2197 4292 velis,
2231 4225 2317 4282 vel
2350 4224 2545 4297 potius
2581 4240 2693 4278 non
2726 4223 2935 4294 possis.

2107 4317 2175 4370 V.
2213 4317 2339 4369 Haac
2374 4330 2506 4370 cum
2545 4312 2638 4368 ille
2670 4313 2981 4375 audiisset,
3012 4326 3128 4366 non
3180 4315 3402 4381 poterat
3436 4308 3691 4382 amplius

2037 4406 2317 4472 cohiberi,
2350 4405 2449 4459 sed
2513 4404 2733 4472 majore
2792 4402 2877 4455 ira
2939 4402 3174 4471 plenus,
3217 4400 3395 4470 jussit
3452 4399 3691 4470 quidem

2035 4494 2250 4549 Varum
2287 4493 2343 4547 in
2396 4492 2554 4564 ligno
2604 4490 2912 4546 sublimem
2970 4488 3189 4544 extolli.
3234 4487 3461 4542 Sanctis
3499 4493 3691 4543 autem

277 4568 402 4624 Ἐάν
458 4577 557 4638 τῆς
638 4570 812 4643 ὑμῶν,
848 4574 1019 4644 εἶπεν,
1076 4574 1371 4639 ἐνστάσεως
1409 4581 1655 4649 ἡττηθῶ,
1714 4574 1919 4652 ἔξαρνος

2038 4583 2216 4639 dixit:
2250 4583 2307 4638 Si
2340 4583 2498 4637 fuero
2544 4598 2575 4636 a
2605 4584 2797 4636 vestra
2829 4584 3144 4650 superatus
3175 4575 3523 4643 constantia,
3565 4575 3688 4630 cul-

277 4658 492 4720 πάντως
545 4659 635 4713 καὶ
682 4667 783 4728 τῆς
833 4666 937 4714 τῶν
989 4664 1123 4717 θεῶν
1164 4661 1356 4737 ἔσομαι
1403 4666 1673 4741 λατρείας.
1734 4670 1926 4732 Οὕτως

279 4746 506 4821 ἰσχυρόν
568 4769 617 4803 τι
677 4752 769 4803 καί
822 4749 1090 4825 αὐστηρὸν
1148 4755 1183 4821 ἡ
1222 4753 1474 4825 άλήθεια,
1505 4757 1595 4810 καὶ
1652 4758 1927 4822 ἀσθένειαν

277 4834 553 4899 πολλάκις
593 4836 879 4913 διελέγχον
926 4844 1130 4915 ψυχῆς,
1163 4841 1341 4921 ιρέρειν
1404 4845 1571 4914 αὐτῆς
1636 4850 1735 4917 τὴν
1774 4846 1929 4903 ἐλευ-

278 4924 457 4998 θερίαν
519 4925 579 4981 οὐ
656 4925 978 5002 δυναμένης.
1009 4930 1077 4987 Ol.
1135 4928 1191 4985 δὲ
1234 4936 1331 4986 τοῦ
1362 4935 1603 5008 Χριστοῦ
1638 4937 1926 5011 μάρτυρες,

276 5015 583 5087 Δοκίμασόν
646 5038 739 5071 σου
797 5018 934 5081 τέως
975 5020 1073 5088 τὴν
1117 5018 1449 5093 δυναστείαν,
1493 5024 1791 5099 εἰρήκασιν,
1839 5025 1928 5080 ἐπὶ

271 5101 367 5158 τού
400 5105 669 5178 παρόντος
700 5109 861 5179 ἡμῶν
894 5105 1133 5185 ἀδελφοῦ
1169 5130 1181 5143 ·
1215 5110 1307 5166 καὶ
1340 5112 1453 5189 εἷ’γε
1494 5114 1690 5168 τούτου
1746 5116 1931 5188 κρείτ-

270 5214 378 5247 των
432 5194 626 5271 ὀςρθῇς,
668 5197 791 5252 τότε
828 5198 973 5273 τάχα
1034 5200 1124 5253 καί
1182 5199 1261 5277 ἐφ’
1314 5203 1461 5274 ἡμᾶς
1514 5208 1772 5277 χρηστῶν
1831 5204 1930 5257 οὐκ

268 5283 595 5356 ἁμοῐρήσεις
669 5286 923 5345 ἐλπίδων.
986 5290 1126 5363 Πρὸς
1187 5296 1354 5346 ταῦτα
1413 5294 1441 5347 6
1508 5290 1767 5362 δικαστὴς
1814 5299 1929 5355 τοῖς

271 5375 368 5448 μὲν
424 5376 603 5449 ἁγίοις
649 5378 715 5431 τά
784 5377 1153 5455 χαλεπώτατα
1220 5380 1547 5453 ἀπειλήσαν,
1596 5386 1694 5438 τοῦ
1762 5380 1927 5451 ξύλου

268 5472 664 5539 κατενεχθῆναι
721 5467 1042 5539 προστάττει
1096 5470 1187 5523 τὸν
1248 5469 1491 5546 μάρτυρα
1525 5490 1538 5504 ο
1598 5473 1689 5525 καί
1748 5472 1931 5547 ὥσπερ

349 5636 608 5693 ‘Jerem.
642 5653 696 5707 x,
730 5638 814 5693 11.
848 5638 868 5674 ³
899 5638 1010 5696 Isa.
1041 5655 1216 5696 χχχιι.
1246 5642 1299 5695 6.

2039 4680 2163 4728 tum
2217 4688 2450 4744 quoque
2497 4671 2737 4727 deorum
2791 4668 3030 4723 omnino
3064 4667 3383 4737 abnegaho.
3420 4666 3573 4720 Adeo
3603 4680 3692 4719 res

2038 4762 2219 4817 valida
2270 4769 2321 4815 et
2380 4760 2529 4815 acris
2578 4762 2666 4813 est
2724 4757 2958 4821 veritas,
2991 4761 3047 4812 et
3102 4773 3231 4825 quas
3289 4770 3435 4824 saepe
3500 4754 3693 4823 arguit

2040 4850 2220 4905 animi
2273 4848 2759 4911 imbecillitatem,
2794 4846 2890 4917 qui
2955 4862 3068 4900 non
3131 4848 3316 4915 potest
3374 4844 3499 4913 ejus
3544 4843 3691 4898 ferre

2038 4940 2386 4994 libertatem.
2418 4938 2631 4992 Christi
2684 4945 2879 4991 autem
2935 4939 3244 5005 martyres,
3279 4932 3568 5002 Experire,
3602 4932 3689 4986 di-

2038 5034 2265 5094 xerunt,
2297 5028 2354 5082 in
2406 5027 2513 5082 hoc
2546 5031 2741 5082 nostro
2794 5026 2967 5079 fratre
3002 5025 3134 5094 quid
3182 5023 3372 5094 possis
3406 5038 3420 5088 ;
3454 5032 3507 5076 et
3538 5021 3585 5076 si
3619 5036 3686 5076 eo

2040 5117 2216 5172 fueris
2264 5115 2530 5185 superior
2587 5114 2873 5182 fortassis,
2909 5120 2969 5167 ut
3028 5128 3251 5182 speras,
3284 5110 3343 5164 in
3394 5110 3563 5165 nobis
3594 5125 3683 5164 res

2040 5221 2272 5278 quoque
2303 5210 2456 5259 recte
2489 5203 2777 5258 succedet.
2811 5204 2898 5257 Ad
2940 5202 3061 5257 hmo
3084 5201 3263 5272 judex
3295 5217 3427 5255 cum
3462 5198 3683 5253 sanctis

2039 5295 2277 5367 quidem
2310 5296 2464 5349 esset
2496 5292 2752 5349 minatus
2784 5290 3325 5363 gravissima,jubet
3354 5288 3415 5343 in
3444 5290 3680 5360 cippum

2039 5384 2172 5439 duci
2220 5387 2531 5455 martyrem
2560 5398 2573 5438 :
2608 5389 2660 5437 et
2713 5381 2950 5452 perinde
2998 5397 3064 5434 ac
3096 5380 3145 5434 si
3176 5378 3534 5434 existimaret
3564 5394 3681 5433 non

1991 5477 2116 5550 συχ’
2169 5472 2355 5539 ἱκανήν
2406 5469 2633 5543 νομίσας
2682 5470 2817 5543 πρὸς
2859 5471 3108 5522 τοιοῦτον
3157 5466 3361 5541 εὐγενὲς
3399 5464 3677 5545 φρόνημα,
