4048 6202
422 335 567 394 ΗΠ

1761 332 2061 398 ΜΕΝΞΙΞ
2104 333 2483 397 OCTOBER.

3660 321 3792 381 1148

411 494 679 551 sufficere
716 493 821 551 hoc
852 492 1205 567 supplicium
1241 494 1526 551 adversus
1556 498 1678 551 tam
1709 510 2057 567 generosum

2168 492 2258 547 καὶ
2314 489 2657 565 παρασκευῆν
2716 488 2905 564 ψυχῆς
2969 484 3070 554 τὴν
3123 482 3349 539 κόλασιν
3393 477 3595 548 ταύτην
3624 478 3791 549 ἱμᾶσιν

409 587 466 639 et
496 588 615 640 tam
644 583 792 639 bene
823 583 1178 640 instructum
1201 584 1684 655 animum,jussit
1706 589 1766 640 ut
1786 592 2060 643 extensus

406 672 570 743 loris,
620 675 681 730 in
732 679 885 729 terra
939 675 1256 731 cederetur
1321 673 1653 741 crudeliter,
1687 675 1900 732 deinde
1958 691 2061 747 per

410 768 665 834 quatuor
712 763 866 818 viros
908 764 1184 830 tractum,
1217 762 1429 818 validis
1486 762 1667 821 clavis
1724 763 1947 819 conteri
2004 768 2061 819 et

409 850 722 923 confringi.
756 850 906 906 Forti
938 867 1074 924 ergo
1103 857 1162 907 et
1208 867 1494 924 generoso
1528 852 1723 909 animo
1756 853 1877 908 hac
1910 853 2062 909 mala

412 941 603 995 ferens
650 938 888 1008 athleta,
949 939 1023 995 ad
1077 946 1315 997 sanctos
1362 941 1639 998 omnibus
1684 942 2062 999 audientibus

411 1045 725 1085 conversus
750 1045 762 1084 :
790 1028 1119 1086 Benedicite
1140 1030 1358 1087 famulo
1388 1035 1600 1101 vestro,
1625 1030 1811 1087 sancti
1845 1037 2061 1103 patres,

411 1117 623 1190 inquit,
677 1118 1018 1175 benedicite.
1072 1119 1309 1193 Rogata,
1361 1128 1423 1177 ut
1457 1121 1598 1176 mihi
1644 1121 1797 1178 vires
1847 1122 2063 1178 conﬁr-

413 1211 648 1264 mentur
695 1224 729 1263 a
777 1207 1048 1276 Domino,
1080 1212 1138 1264 et
1187 1225 1280 1266 me
1327 1210 1454 1281 ejus
1487 1210 1720 1267 dextera
1751 1211 2060 1283 suscipiat.

408 1296 579 1352 Novit
608 1296 763 1352 enim
797 1295 1114 1353 humanam
1148 1297 1631 1369 imbecillitatem,
1654 1299 1755 1373 qui
1778 1315 1905 1357 eam
1940 1300 2064 1372 ipse

413 1401 650 1458 quoque
679 1392 903 1458 gestare
934 1386 1133 1454 voluit,
1165 1391 1223 1444 et
1253 1387 1438 1445 dixit:
1475 1408 1501 1440 α
1536 1388 1788 1461 Spiritus
1827 1390 2061 1461 quidem

411 1482 728 1547 promptus
783 1482 890 1544 est,
923 1492 1052 1532 caro
1084 1480 1276 1534 autem
1327 1477 1563 1535 infirma
1591 1477 1635 1533 ³.
1671 1501 1700 1530 ››
1730 1479 1925 1536 Sancti
1955 1480 2063 1553 igi.

414 1571 530 1635 tur,
584 1586 717 1626 cum
778 1569 981 1627 oculos
1037 1570 1096 1626 in
1155 1571 1368 1628 coelum
1427 1572 1834 1643 sustulissent,
1890 1572 2064 1639 Deus,

413 1657 705 1729 dixerunt,
737 1659 893 1716 Deus
921 1658 1213 1727 virtutum,
1246 1661 1369 1732 ipse
1398 1662 1627 1719 emittet
1655 1661 1761 1718 tibi
1790 1661 2063 1719 virtutem

409 1762 479 1803 ex
510 1747 651 1817 alto,
683 1752 740 1804 et
770 1749 948 1819 capiti
979 1754 1081 1806 tuo
1112 1748 1374 1822 imponet
1401 1748 1623 1822 galeam
1657 1750 1883 1820 salutis,
1916 1755 1975 1807 et
2007 1756 2064 1806 te

2168 581 2344 654 ὠμοῖς
2393 563 2496 659 ἔφη
2546 577 2683 633 κατὰ
2871 573 3094 629 ταθέντα
3146 572 3518 659 μαστίζεσθαι,
3561 568 3670 659 εἶτα
3721 563 3796 659 δια

2161 655 2445 745 τεσσειὶρων⁷
2484 667 2779 741 ἑλκόμενον
2813 661 3080 739 ῥοπάλοις
3126 659 3315 736 ἁδροῖς
3370 656 3692 715 συνθλᾶσθαι
3719 655 3798 709 καὶ

2162 755 2603 835 κατατρίϐεσθαι.
2638 755 2900 817 Γενναίως
2943 751 3035 808 οὖν
3101 751 3170 807 τὰ
3217 749 3360 806 δεινᾶ
3412 752 3584 803 ταῦτα
3637 745 3795 835 φέρων

2165 850 2194 905 6
2226 834 2474 920 ἀθλητὴς
2504 847 2639 921 πρὸς
2668 844 2795 906 τοὺς
2840 842 3027 919 ἁγίους
3071 839 3124 896 ἒν
3166 838 3385 911 ἐπηκόω
3440 836 3655 892 πάντων
3702 834 3799 889 ἐπι-

2165 937 2442 1015 στραφεὶς,
2464 935 2816 1009 Εὐλογήσατε
2843 933 2937 988 τὸν
2963 928 3159 986 δοῦλον
3193 930 3365 1002 ὑμῶν,
3393 927 3624 1015 πατέρες
3654 925 3796 998 ἅγιοι,

2166 1011 2352 1102 φησὶν,
2393 1025 2728 1102 εύλυγγξσατε
2759 1042 2772 1056 °
2807 1018 3022 1092 εὔξασθε
3062 1020 3209 1094 παρᾶ
3265 1016 3467 1091 Κυρίου
3509 1011 3798 1102 ἐνδυναμω-

2167 1090 2334 1187 βῆναί
2400 1136 2466 1189 με
2521 1115 2613 1170 καὶ
2662 1106 3048 1175 ἀντιλαϐέσθαι
3083 1130 3188 1183 μου
3234 1109 3335 1178 τήν
3393 1107 3568 1161 αὐτού
3626 1100 3797 1173 δεξιάν.

2165 1203 2294 1265 Οιδε
2346 1206 2453 1280 γὰρ
2517 1202 2677 1265 αὐτὸς
2735 1202 2835 1271 τὴν
2889 1196 3239 1274 ⁸ἀνθρωπίνῃν
3294 1192 3593 1262 ἀσθένειαν,
3645 1192 3672 1246 6
3723 1190 3799 1245 καὶ

2166 1294 2388 1375 φορέσαι
2416 1294 2619 1364 ταύτην
2649 1287 3098 1362 καταδεξάμενος,
3131 1286 3221 1341 καὶ
3260 1283 3427 1340 εἰπὼν
3452 1284 3541 1375 ὅτι
3575 1305 3608 1375 ιι
3628 1281 3694 1334 Τὸ
3721 1279 3800 1375 μὲν

2167 1369 2378 1456 πνεῦμα
2406 1382 2708 1457 πρόθυμον,
2739 1382 2776 1449 ἡ
2805 1376 2861 1434 δὲ
2892 1377 3018 1453 σὰρξ
3049 1376 3293 1445 ἀσθενής.
3315 1398 3335 1425 ο
3369 1371 3437 1431 Ol
3474 1369 3535 1427 δὲ
3574 1369 3801 1444 ἅγιοι,τᾶ

2171 1473 2394 1546 ὺμματα
2423 1471 2498 1533 εἷς
2558 1468 2824 1545 οὐρανοὺς
2868 1464 3253 1534 ἀνατείναντες,
3286 1464 3346 1520 Ὀ
3393 1461 3552 1528 Θεὸς,
3585 1459 3744 1527 εἶπον,
3776 1458 3798 1511 6

2169 1562 2297 1624 Θεὸς
2339 1565 2448 1617 τῶν
2492 1556 2797 1631 δυνάμεων,
2835 1555 2996 1619 αὐτὸς
3044 1551 3388 1628 ἐξαποστελεῖ
3436 1570 3526 1605 σοι
3586 1546 3793 1619 δύναμιν

2168 1649 2217 1720 ἐξ
2277 1649 2466 1724 ὕψους,
2524 1647 2613 1702 καὶ
2670 1647 2953 1721 περιθήσει
2984 1642 3073 1699 ἐπὶ
3121 1644 3220 1713 τήν
3260 1638 3507 1717 κεφαλήν
3573 1656 3667 1691 σου
3724 1654 3803 1689 πε-

2171 1738 2522 1815 ρικεφαλαίαν
2569 1735 2865 1811 σωτηρίου,
2920 1733 3010 1789 καὶ
3064 1733 3286 1805 ἱμάτιον
3337 1727 3671 1799 ἐκδικήσεως
3716 1743 3799 1815 πεῖ

406 1837 610 1911 induet
638 1810 1007 1896 vestimentis
1059 1810 1321 1897 ultionis.
1355 1810 1564 1899 Manus
1603 1841 1763 1899 illius
1795 1810 2059 1898 delendet

2171 1810 2391 1905 ριϐαλεῖ
2430 1848 2510 1896 σε,
2540 1827 2601 1883 ἹΙ
2653 1827 2780 1929 χεὶρ
2839 1823 3045 1929 ἐκείνου
3094 1817 3552 1928 συναντιλήψεταί
3594 1835 3696 1885 σοι,
3724 1810 3801 1929 καέ

405 1930 486 1996 te,
516 1932 575 1984 et
605 1927 909 1984 brachium
944 1934 1001 1985 te
1052 1930 1468 2001 corroborabit,
1499 1935 1558 1987 et
1587 1930 1892 2003 praeclaras
1921 1947 2062 2003 prae-

408 2015 572 2072 bebit
592 2016 866 2074 victorias
889 2026 1093 2074 contra
1115 2019 1534 2075 adversarium.
1567 2041 1595 2069 «
1619 2019 1877 2091 Exsurge
1898 2034 2059 2090 ergo,

411 2120 680 2175 exsurge,
713 2106 953 2163 induere
1006 2107 1345 2165 fortitudine
1393 2108 1615 2164 brachii
1670 2108 1756 2162 tui
1787 2107 1829 2175 4,
1866 2129 1894 2157 ››
1956 2107 2059 2163 hoc

413 2194 647 2249 discens
681 2211 715 2249 a
744 2196 938 2251 divina
968 2195 1293 2267 Scriptura,
1322 2201 1381 2252 et
1409 2198 1598 2255 sciens
1631 2198 1821 2269 qualis
1852 2198 1923 2253 ab
1941 2196 2060 2253 alto

414 2281 567 2337 adsit
596 2282 760 2339 nobis
781 2283 1033 2354 adjutor,
1067 2289 1125 2341 et
1154 2285 1419 2357 qualium
1451 2286 1735 2342 bonorum
1770 2287 2060 2359 perceptio

410 2386 510 2428 eos
554 2380 769 2437 manet,
821 2373 922 2444 qui
976 2379 1212 2446 propter
1268 2374 1431 2431 illum
1481 2375 1601 2432 haec
1642 2376 1763 2449 pati
1796 2376 2063 2433 lubenter

407 2459 734 2519 voluerunt.
769 2462 985 2535 Μαι-ψ·
1012 2468 1212 2521 autem
1245 2464 1463 2521 Christi
1494 2482 1629 2521 cum
1680 2466 1899 2522 interea
1932 2482 2058 2521 ver-

410 2550 730 2620 beraretur,
760 2555 816 2608 et
845 2552 1279 2624 quodammodo
1336 2556 1577 2611 sentiret
1606 2571 1840 2611 manum
1890 2571 2058 2627 opem

412 2652 443 2713 e
475 2636 617 2694 coelo
650 2639 957 2707 ferentem,
988 2640 1049 2696 in
1083 2641 1465 2700 exsultatione
1506 2644 1714 2699 anima:
1747 2643 1894 2699 dixit
1923 2661 2060 2699 san-

413 2726 521 2783 ctis
546 2744 559 2782 :
584 2727 753 2784 Nulla
774 2734 1009 2802 propter
1030 2747 1120 2787 me
1145 2732 1380 2788 tristitia
1410 2732 1613 2790 subeat
1643 2733 1817 2789 corda
1844 2737 2060 2790 vestra.

411 2816 556 2872 Ecce
604 2818 762 2874 enim
808 2824 1014 2876 vestra:
1063 2836 1282 2892 preces,
1315 2838 1441 2893 quae
1473 2822 1590 2878 Deo
1621 2825 2059 2894 persuaserunt,

411 2921 618 2976 aspera
664 2911 956 2965 tormenta
1003 2908 1179 2980 plana
1226 2911 1543 2966 eli'ecerunt
1573 2918 1625 2967 et
1655 2911 1822 2980 levia,
1855 2914 1913 2966 et
1943 2928 2064 2966 mo-

406 2993 641 3050 lestiam
689 3001 997 3052 mutarunt
1043 2998 1100 3052 in
1154 2999 1592 3071 recreationem,
1639 2998 1782 3055 adeo
1838 3004 1901 3055 ut
1957 3016 2061 3056 nec

406 3082 609 3154 plagas
634 3085 871 3155 quidem
904 3087 1180 3144 sentiam.

482 3171 578 3226 VI.
612 3175 750 3228 Post
780 3173 903 3229 haec
937 3190 1139 3232 rursus
1169 3191 1477 3247 aggressus
1506 3181 1592 3234 est
1620 3184 1899 3251 tyrannus
1929 3194 2057 3250 per-

2172 1903 2199 1974 6
2249 1917 2497 1994 βραχίων
2551 1914 2889 1990 κᾶτισχύσει,
2939 1911 3169 1988 λαμπρά
3232 1929 3290 1964 τε
3345 1906 3630 1983 παράσχοι
3682 1903 3802 1958 κατὰ

2170 2011 2265 2064 τοῦ
2296 2005 2666 2078 ἀντικειμένου
2692 2005 2758 2059 τὰ
2787 2002 3102 2077 νικητήρια.
3120 2024 3149 2053 α
3172 1998 3483 2075 Ἐξεγείρου
3509 1996 3799 2069 τοιγαροῦν,

2169 2095 2460 2174 ἐξεγείρου,
2491 2093 2703 2150 ἔνδυσαι
2731 2094 2832 2161 τήν
2866 2092 3026 2167 ἰσχὺν
3054 2093 3151 2144 τοῦ
3185 2085 3484 2164 βραχίονός
3518 2078 3802 2174 σουιὲπσρᾶ

2167 2166 2277 2254 τῆς.
2316 2166 2460 2249 θείας
2517 2189 2678 2240 τοῦτο
2737 2187 2954 2261 Γραφῆς
3021 2177 3438 2250 διδασκόμενος,
3496 2172 3589 2261 καί
3641 2166 3798 2261 εἶοὼς,

2171 2275 2291 2337 οἷος
2326 2277 2459 2347 ἡμῖν
2497 2271 2695 2337 ἄνωθεν
2736 2259 3059 2346 παρίσταται
3115 2268 3342 2343 βοηθος,
3383 2263 3475 2319 καὶ
3528 2259 3657 2317 οἷ’ων
3691 2260 3797 2332 ἁγα-

2170 2368 2277 2429 θῶν
2366 2361 2670 2426 ἀπόλαυσις
2732 2360 3008 2434 περιμένει
3072 2356 3200 2419 τοὺς
3262 2353 3331 2411 δι’
3389 2352 3598 2408 ἐκεῖνον
3658 2350 3801 2403 ταῦτα

2168 2454 2402 2531 πάσχειν
2462 2452 2902 2528 προῃρημένους.
2943 2448 3006 2507 Ὀ
3056 2444 3113 2502 δὲ
3165 2449 3264 2501 τοῦ
3321 2443 3562 2517 Χριστοῦ
3622 2435 3799 2533 μάρτυς

2169 2541 2220 2597 ἐν
2277 2523 2521 2614 τοσούτῳ
2558 2539 2916 2613 τυπτόμενος,
2946 2535 3037 2592 καὶ
3086 2534 3268 2608 ὥσπερ
3321 2531 3644 2603 αἲσθόμενος

2168 2634 2252 2687 θεν
2296 2607 2503 2707 χειρὸς.
2539 2607 2966 2701 ἐπιϐοηήθούσης,
2997 2624 3048 2681 ἐν
3102 2607 3421 2698 ἀγαλλιάσει
3482 2620 3670 2694 ψυχῆς
3715 2607 3798 2691 ἔφη

2167 2725 2303 2799 πρὸς
2330 2725 2458 2786 τοὺς
2490 2722 2677 2801 ἁγίους
2711 2742 2723 2754 ·
2765 2717 3030 2794 Μηδεμία
3072 2716 3222 2786 λύπη
3254 2716 3347 2778 τὰς
3396 2714 3552 2787 ὑμῶν
3595 2710 3801 2808 ὑποτρε-

2168 2795 2316 2889 χετω
2363 2795 2613 2887 καρδίας,
2649 2812 2812 2891 χάριν
2853 2812 3014 2882 ἡμῶν
3044 2825 3059 2839 ⁸
3104 2805 3222 2863 ἰδοὺ
3283 2805 3388 2880 γὰρ
3541 2795 3798 2900 (lacerati?

2171 2886 2323 2973 6p.th
2354 2886 2517 2977 εὐχὴ,
2548 2902 2611 2956 τὸ
2649 2886 2827 2975 τραχὺ
2870 2902 2979 2954 τῶν
3030 2898 3278 2972 βασάνων
3327 2892 3406 2954 είς
3462 2886 3800 2985 ὁμαλὸιο,“εῗς

2164 2972 2227 3044 τό
2278 2989 2483 3045 λυποῦν
2533 2989 2607 3051 εἷς
2654 2985 2823 3043 ἄνεσιν
2875 2987 3245 3061 μετεσκεύασε,
3287 2981 3376 3037 καὶ
3406 2980 3673 3034 τοσοῦτον
3705 2972 3798 3041 ὅσῳ

2172 3076 2312 3153 μηδὲ
2342 3077 2578 3156 πληγῶν
2608 3080 2757 3152 ἡμᾶς
2790 3075 3215 3132 ἐπαισθάνεσθαι.

2239 3169 2304 3233 ς’.
2353 3168 2431 3224 Τὸ
2490 3165 2623 3241 μετᾶ
2676 3169 2846 3222 ταῦτα
2902 3165 3104 3220 πείθειν
3161 3164 3190 3218 6
3243 3165 3503 3240 τύραννος
3554 3164 3798 3246 ἐπεχείρει

418 3261 686 3327 suadere,
718 3268 772 3317 et
802 3259 1077 3319 athletam
1101 3230 1397 3322 attrahere
1513 3230 2059 3340 ἰὶέέέιὶᾶῖιῖιζδᾌᾘα

2167 3230 2356 3329 πάλίν,
2387 3230 2500 3312 καὶ.
2534 3257 2671 3331 πρὸς
2730 3253 2953 3332 ἄρνησιν
3009 3252 3160 3309 εἷλκε
3206 3230 3614 3327 τὸν-ἀθλητὴν,
3644 3230 3799 3330 {alios

410 3350 463 3406 ei
495 3349 800 3421 pollicens,
834 3355 891 3408 et
919 3351 1127 3408 horum
1162 3353 1444 3427 ipsorum,
1468 3372 1595 3428 quas
1617 3357 1918 3427 sustinuit,
1944 3360 2062 3413 tor-

412 3443 763 3507 mentorum,
799 3457 914 3497 non
946 3441 1006 3497 in
1038 3441 1230 3511 illum,
1256 3445 1355 3500 sed
1390 3445 1449 3500 in
1483 3445 1631 3503 alios
1662 3446 1880 3503 Christi
1913 3464 2062 3503 mar-

407 3532 563 3600 tyres
587 3527 819 3600 culpam
841 3531 1164 3588 conferens.
1191 3533 1507 3606 Postquam
1540 3539 1734 3591 autem
1759 3534 1901 3592 vidit
1932 3554 2063 3593 san-

411 3622 571 3675 ctum
603 3618 816 3676 callida
845 3619 1005 3678 illius
1034 3621 1271 3679 inventa
1296 3625 1548 3697 amplius
1579 3625 1943 3695 irridentem,
1975 3628 2062 3685 ira

409 3707 595 3780 magis
649 3710 1141 3782 accensus,jubet
1173 3714 1386 3769 Varum
1429 3731 1631 3771 rursus
1661 3717 1952 3788 suspendi
1998 3717 2059 3773 in

408 3792 570 3870 ligno
616 3804 952 3871 comparato
1009 3801 1081 3856 ad
1138 3804 1557 3874 torquendum,
1588 3812 1639 3860 et
1671 3821 1806 3861 eum
1857 3805 2059 3862 ferreis

411 3885 663 3960 discerpi
696 3888 955 3961 ungulis.
989 3889 1134 3946 Cum
1166 3896 1363 3948 autem
1399 3893 1658 3965 martyri,
1690 3894 1831 3950 dum
1871 3896 2062 3952 crede-

411 3980 574 4032 retur
603 3993 839 4049 corpus,
872 3976 1139 4049 plurimas
1170 3996 1375 4036 carnes
1405 3982 1464 4036 in
1508 3986 1721 4037 terram
1765 3983 2057 4053 caderent,

412 4068 470 4119 et
499 4064 660 4121 illius
694 4066 981 4138 sanguine
1013 4067 1203 4124 solum
1253 4074 1681 4139 cruentaretur,
1714 4071 1902 4128 bonus
1932 4073 2060 4144 qui-

409 4152 541 4208 dem
572 4152 778 4223 Varus,
809 4160 1094 4227 tanquam
1139 4157 1288 4213 nihil
1332 4159 1583 4230 patiens,
1616 4163 1738 4216 erat
1784 4161 2057 4232 quietus:

411 4241 638 4297 sanctis
670 4248 863 4299 autem
896 4245 1149 4317 graviter
1178 4247 1418 4304 allectus
1448 4256 1565 4304 erat
1596 4249 1846 4317 animus,
1878 4253 1934 4306 et
1963 4266 2059 4307 eo-

406 4346 538 4386 rum
570 4331 793 4390 viscera
834 4334 1214 4392 laniabantur
1244 4341 1476 4410 propter
1508 4339 1689 4394 animi
1721 4339 2061 4397 consensio-

406 4435 563 4476 nem.
591 4421 714 4477 Non
734 4422 980 4479 ferentes
1003 4425 1201 4495 itaque
1218 4425 1430 4495 judicia
1452 4426 1882 4483 crudelitatem:
1909 4428 2056 4494 Quid

405 4524 540 4564 vero
600 4526 715 4565 non
762 4510 1064 4584 intelligis,
1097 4513 1396 4585 inquiunt,
1430 4532 1462 4571 o
1491 4518 1580 4584 tu,
1611 4517 1698 4572 vel
1731 4516 1871 4573 feris
1911 4518 2057 4589 ipsis

2169 3347 2625 3422 ὑπισχνούμενος,
2674 3343 2764 3400 καὶ
2805 3344 2979 3399 αὐτῶν
3026 3344 3099 3398 ὢν
3145 3342 3278 3418 ἄχρι
3323 3348 3422 3399 τοῦ
3469 3349 3561 3401 νῦν
3622 3345 3797 3413 ὑπέστη

2171 3437 2438 3512 βασάνων,
2482 3436 2583 3490 οὐκ
2619 3435 2845 3503 ἐκεῖνον,
2896 3431 3041 3488 ἀλλὰ
3088 3434 3215 3495 τοὺς
3252 3437 3349 3488 τοῦ
3395 3434 3634 3509 Χριστοῦ
3682 3435 3799 3507 μάρ-

2166 3546 2329 3601 τυρας
2360 3524 2709 3598 αἰτιώμενος.
2741 3523 2831 3584 Ὠς
2864 3519 2920 3576 δὲ
2960 3522 3103 3596 ἑώρα
3139 3523 3234 3577 τὸν
3284 3523 3434 3599 ἅγιον
3490 3521 3799 3600 διαγελῶντα

2169 3614 2382 3689 μᾶλλον
2431 3613 2592 3669 αὐτὸν
2640 3619 2742 3683 τῆς
2782 3610 3023 3667 ἐπινοίας
3071 3612 3162 3667 καὶ
3210 3616 3307 3668 τοῦ
3349 3613 3704 3690 σοφίσματος.
3732 3609 3796 3667 ἔτι

2164 3703 2388 3760 πλείονα
2434 3704 2526 3758 τὸν
2587 3702 2759 3777 θυμὸν
2829 3700 3115 3773 ἐκκαύσας,
3147 3706 3228 3775 τῷ
3283 3700 3638 3779 κολαστηρίῳ
3676 3701 3800 3772 ξύλῳ

2164 3795 2251 3849 καὶ
2308 3790 2460 3854 αὖθις
2533 3791 2901 3867 ἀναρτηθῆναι
2976 3787 3188 3844 κελεύει
3272 3791 3364 3846 τὸν
3439 3790 3679 3869 Οὔαρον,
3722 3792 3798 3843 καὶ

2165 3881 2309 3953 ὄνυξι
2369 3878 2616 3957 σιδηροῖς
2674 3880 3098 3951 καταξαίνεσθαι.
3132 3878 3284 3936 Ἐπεὶ
3343 3877 3401 3935 δὲ
3445 3885 3528 3953 τῷ
3586 3880 3793 3955 μάρτυρι

2164 3971 2512 4045 ξαινουμένοο
2562 3974 2659 4025 τοῦ
2701 3970 2979 4042 σώματος,
3019 3969 3075 4023 αἱ
3140 3968 3392 4032 πλείονες
3446 3974 3561 4026 τῶν
3614 3970 3798 4045 σαρκῶν

2164 4060 2241 4122 εἴς
2270 4066 2373 4136 γῆν
2402 4058 2825 4135 ἀπερῥίπτοντο,
2855 4058 2947 4113 καὶ
2986 4061 3066 4130 τῷ
3118 4056 3319 4123 ἐκεῖθεν
3376 4056 3570 4133 α’ίματι
3608 4060 3667 4114 τὸ
3704 4052 3801 4113 €31-

2163 4172 2262 4230 (ρος
2338 4151 2691 4227 ἐφοινίσσετο,
2735 4151 2763 4204 ὁ
2818 4150 2913 4222 μὲν
2966 4149 3211 4223 χρηστὸς
3261 4145 3476 4225 Οὔαρος
3533 4151 3611 4213 ὡς
3668 4144 3799 4204 οὐδὲν

2162 4241 2391 4316 πάσχων
2423 4239 2633 4313 ἤρεμος
2661 4240 2727 4307 ἦν
2757 4255 2772 4272 ⁸
2832 4231 3039 4311 ἔπασχε
3077 4234 3134 4292 δὲ
3162 4242 3284 4299 τοῖς
3333 4237 3509 4312 ἁγίοις
3558 4236 3730 4298 δεινῶς
3764 4236 3792 4302 ἡ

2163 4332 2341 4405 ψῦχὴ,
2386 4328 2477 4385 καὶ
2526 4328 2592 4383 τὰ
2648 4326 2939 4403 σπλάγχνα
3007 4326 3212 4382 τούτων
3267 4325 3523 4383 ἐκόπτετο
3595 4325 3679 4383 διὰ
3722 4324 3801 4379 τὸν

2163 4420 2475 4499 ὁμόψυχον,
2512 4418 2738 4492 Ἀμέλει
2795 4417 2887 4473 καὶ
2915 4417 3016 4485 τὴν
3073 4414 3339 4492 ὠμότητα
3391 4418 3468 4492 μὴ
3515 4415 3799 4495 ἐνεγκόντες

2161 4514 2259 4565 τοῦ
2294 4507 2651 4577 δικαστοῦ,Τί
2675 4504 2731 4562 δὲ
2757 4505 2819 4562 ού
2844 4506 3054 4576 συνίης,
3074 4507 3353 4573 εἷπον,καὶ
3384 4507 3590 4580 θηρίων
3622 4504 3798 4569 αὐτῶν,

406 4598 715 4669 agrestior,
747 4600 903 4671 quod
936 4604 994 4655 et
1046 4599 1267 4672 lapides
1297 4606 1354 4658 et
1383 4604 1601 4660 ferrum
1632 4621 1805 4676 passa
1833 4611 2049 4671 essent,

2167 4597 2479 4675 ἄγριώτερε,
2523 4597 2605 4653 ὅτι
2658 4595 2923 4652 καὶλίοοι
2975 4596 3065 4651 καὶ
3105 4592 3331 4671 σίδηρος
3376 4591 3572 4652 ἔπαθον
3606 4595 3664 4651 ἂν
3687 4613 3799 4650 τοσ-

402 4701 680 4757 percussa
726 4688 901 4744 toties
932 4689 960 4742 ‘I
990 4691 1116 4761 Ipse
1147 4695 1336 4747 autem
1379 4708 1451 4748 ne
1480 4693 1566 4748 sic
1595 4693 1831 4765 quidem
1865 4696 2055 4765 potuit

402 4775 636 4845 molliri,
670 4780 728 4834 et
757 4792 885 4833 eam
916 4794 1039 4833 rem
1073 4780 1505 4849 quodammodo
1528 4782 1736 4839 habuit
1759 4783 2049 4840 ludibrio:

404 4864 694 4934 Christus,
744 4866 1043 4937 inquiens,
1084 4873 1274 4926 vester
1337 4871 1595 4938 accedat,
1658 4872 1973 4946 ipsumque
2020 4890 2053 4930 a

397 4953 547 5011 meis
574 4954 783 5011 liberet
815 4957 1088 5013 manibus
1122 4973 1135 5013 :
1171 4959 1447 5017 nesciens
1476 4961 1711 5029 stultus,
1746 4964 1900 5035 quod
1932 4962 2053 5019 haec

399 5043 547 5100 ferre
589 5060 764 5116 posse
821 5060 1031 5116 magno
1081 5048 1137 5103 et
1194 5047 1331 5104 forti
1391 5049 1609 5121 animo,
1644 5050 2055 5123 significabant

400 5130 567 5189 illum
598 5133 837 5190 affuisse
867 5139 926 5190 et
975 5133 1277 5205 liberasse,
1308 5140 1367 5193 et
1394 5154 1567 5194 suum
1602 5156 1785 5196 rorem
1821 5140 2053 5197 dedisse

404 5219 670 5277 dolorum
707 5223 1085 5281 medicinam.
1107 5225 1321 5282 Beatus
1347 5234 1538 5282 autem
1571 5227 1688 5297 ille,
1712 5227 1883 5285 etiam
1912 5230 2051 5286 dum

406 5307 855 5382 discerperetur,
884 5310 1102 5379 Nolim,
1136 5312 1352 5386 inquit,
1383 5313 1619 5371 liberari
1666 5316 1738 5373 ab
1778 5316 1891 5388 his,
1925 5333 2050 5389 qum

408 5395 481 5451 ad
513 5403 743 5471 tempus
776 5400 1009 5473 durant,
1042 5404 1369 5475 tormentis,
1401 5405 1503 5462 sed
1535 5404 1605 5461 ab
1653 5405 1726 5463 iis
1758 5423 1886 5480 qua:
1935 5423 2053 5463 ma-

487 5631 509 5669 ⁸
538 5630 740 5691 Matth.
774 5649 924 5703 xxVI,
954 5635 1039 5690 41.
1075 5635 1098 5670 ⁴
1130 5637 1218 5695 Isa
1250 5655 1322 5706 LI,
1352 5640 1405 5697 9.

2162 4693 2293 4744 αὕτα
2338 4687 2758 4760 πληττόμενοι;
2796 4685 2967 4747 Αὐτὸς
3020 4682 3076 4740 δὲ
3132 4686 3223 4741 καὶ
3274 4687 3448 4750 οὕτως
3484 4685 3794 4761 ἀμείλικτος

2160 4779 2250 4848 ἦν,
2299 4777 2391 4833 καὶ
2446 4776 2631 4852 ὥσπερ
2698 4776 2773 4838 εἰς
2816 4773 3025 4850 χλεύην
3100 4776 3161 4830 τὸ
3235 4781 3466 4850 πρᾶγμα
3515 4776 3701 4842 τιθεὶς,
3744 4770 3796 4826 Ὀ

2162 4867 2421 4942 Χριστὸς,
2480 4866 2663 4944 φησὶν,
2715 4865 2743 4919 6
2796 4864 3059 4939 ὑμέτερος
3114 4864 3427 4939 παρελθὼν,
3478 4868 3587 4920 τῶν
3661 4860 3791 4935 ἐμῶν

2161 4956 2320 5012 αὐτὸν
2350 4951 2609 5028 ἐξελέσθω
2667 4957 2893 5033 χειρῶν,
2937 4954 3012 5027 μή
3063 4950 3222 5015 εἰδὼς
3253 4954 3281 5008 6
3328 4954 3579 5025 ἀνόητος,
3636 4952 3706 5014 ὡς
3738 4947 3794 5003 τὸ

2158 5049 2325 5101 ταῦτα
2390 5041 2646 5107 δύνασθαι
2702 5042 2879 5117 οὲρειν
2954 5038 3374 5117 μεγαλοψύχως
3440 5039 3682 5114 δήλωσις
3737 5035 3794 5105 ἦν

2162 5133 2245 5190 δτι
2294 5133 2385 5188 καὶ
2437 5139 2616 5207 παρῆν
2668 5130 2873 5193 ἐκεῖνος
2921 5130 3015 5187 καὶ
3086 5129 3353 5206 ἐξῃρεῖτο,
3400 5131 3491 5186 καὶ
3547 5132 3643 5202 τήν
3704 5143 3797 5198 παρ

2162 5224 2330 5280 αὐτοῦ
2362 5220 2554 5297 δρόσον
2596 5220 2733 5296 ἴαμα
2771 5218 2953 5276 ἐδίδου
3001 5224 3111 5275 τῶν
3164 5217 3392 5277 ὀδυνῶν.
3423 5221 3479 5274 Ὀ
3524 5217 3581 5275 δὲ’
3631 5213 3792 5292 μακά-

2163 5335 2279 5391 ριος
2307 5313 2397 5369 καὶ
2444 5312 2717 5387 ξεόμενος,
2742 5312 2830 5383 Μή
2882 5332 2975 5385 μοι
3006 5312 3251 5386 γένοιτο,
3278 5305 3404 5389 ἔφη,
3426 5315 3534 5366 τῶν
3571 5308 3793 5386 βασάνων

2163 5402 2551 5479 ἀπαλλαγῆναι
2616 5405 2722 5457 τῶν
2804 5399 3151 5479 προσκαίρων
3218 5400 3450 5469 τούτων,
3494 5397 3638 5454 ἀλλὰ
3696 5396 3789 5449 τῶν
