4012 6220
211 345 366 406 1H9

1496 345 1966 408 MARTYliIUM
2015 347 2078 407 S.
2126 348 2339 408 VARI.

3461 345 3619 405 “50

211 504 487 575 μενουσῶν
537 502 565 554 6
604 499 737 574 ἓμὸς
796 499 1037 570 ἐξέλοιτό
1082 523 1149 576 με
1177 505 1432 578 Χριστὸς,
1458 508 1514 561 σὶ
1547 503 1604 561 δὲ
1633 504 1721 561 καὶ
1751 506 1852 574 τὴν

1984 511 2139 576 ient;
2175 523 2340 563 meus
2393 522 2483 561 me
2531 505 2796 562 Christus
2851 506 3204 576 liberaverit,
3237 512 3291 564 te
3321 513 3515 565 autem
3563 512 3622 564 et

208 591 306 658 σην
337 589 604 664 ὠμότητα
631 591 909 652 τοιαύταις
941 591 1102 660 ἀξίως
1134 600 1466 670 κατακρινεῖ.

276 681 347 736 Ζ’.
381 682 588 735 Τοῦτον
635 675 1002 752 ἀμειϐόμενος
1053 679 1200 757 ἔργῳ
1247 683 1338 738 τὸν
1401 682 1568 760 λόγον
1630 685 1657 738 6
1709 682 1861 739 δικα-

212 771 343 838 στὴς
382 769 510 829 τοὺς
545 769 806 841 ξυστῆρσις
849 771 983 824 κατά
1021 775 1128 825 τῶν
1177 777 1274 826 τοῦ
1325 775 1597 850 μάρτυρος
1640 775 1862 851 ἐπέφερε

213 857 541 933 σπλάγχων,
573 858 806 932 Ὀράτω,
833 855 1030 934 λέγων,
1059 861 1166 935 πρὸ
1195 866 1302 917 τῶν
1338 863 1640 939 ὀφθαλμῶν
1675 865 1702 918 ὁ
1733 885 1860 918 κατ-

213 949 410 1022 άρατος
461 947 701 1019 καθάπερ
756 945 902 1022 ὕδωρ
962 949 1126 1004 αὐτού
1175 953 1530 1027 προχεόμενοι
1587 955 1655 1008 τὰ
1713 948 1862 1008 ἐνδό-

215 1047 357 1099 σθια.
400 1035 578 1092 Ἀλλὰ
629 1037 722 1090 τὸν
769 1041 866 1091 τοῦ
930 1041 1172 1111 Χριστοῦ
1225 1042 1472 1118 μάρτυρα
1511 1040 1639 1098 οὐδὲ
1686 1044 1719 1111 ἡ
1763 1049 1862 1111 τῆς

220 1127 451 1200 βασάνου
509 1125 714 1196 ταύτης
775 1126 1044 1202 πικρότης
1102 1128 1342 1186 ἐνδοῦναί
1389 1154 1443 1187 τι
1489 1138 1586 1188 τοῦ
1633 1134 1864 1206 πάσχειν

217 1211 305 1269 διὰ
383 1215 617 1289 Χριστὸν
691 1217 1108 1291 παρεσκεύασεν,
1170 1219 1230 1274 οὐ
1311 1221 1464 1294 ῥῆμα
1539 1223 1862 1298 φθεγξασθαι

217 1303 578 1379 ἀγεννὲς,ούκ
632 1302 776 1360 ἄλλο
836 1327 888 1360 τι
943 1308 1137 1382 μικρὸν
1191 1307 1226 1378 ἦ
1291 1315 1476 1382 μεῖζον
1541 1311 1864 1372 ὑποπαΛείς

215 1386 374 1467 ἔργον
410 1391 755 1466 ἐνδείξασθαι,
797 1394 842 1449 εί
879 1396 954 1468 μή
987 1397 1076 1451 καὶ
1113 1397 1336 1470 μείζονα
1396 1397 1610 1472 μᾶλλον
1649 1400 1739 1455 τὸν
1789 1399 1864 1462 είς

214 1483 456 1556 Χριστὸν
518 1481 803 1560 ἀνέφλεγεν
858 1481 1060 1558 ἔρωτα,
1091 1487 1179 1541 καὶ
1242 1489 1380 1561 πρὸς
1412 1489 1506 1550 τὰς
1538 1486 1866 1562 δριμυτέρας

213 1575 324 1626 τῶν
381 1569 660 1625 κολάσεων
748 1569 1098 1647 δριμυτέραις
1167 1575 1260 1629 τὸν
1317 1573 1576 1645 δικαστὴν
1637 1577 1864 1651 βάλλειν

213 1658 387 1714 ἐποίει
446 1665 566 1724 ταῖς
620 1660 963 1737 ἀποκρίσεσι.
1025 1664 1101 1717 Σὺ
1157 1664 1255 1736 μὲν
1309 1665 1430 1740 γάρ,
1474 1663 1599 1744 ἔφη,
1657 1668 1870 1737 πονηρά

215 1753 472 1823 πονηρῶν
531 1747 807 1822 δαιμόνων
875 1752 1116 1827 ὑπουργὲ
1187 1753 1276 1808 καὶ
1347 1755 1721 1829 μεσάνθρωπε,
1777 1755 1867 1810 καὶ

1969 605 2127 654 tuam
2160 595 2568 652 crudelitatem
2603 595 2821 650 talibus
2853 598 3057 652 merito
3088 598 3526 653 condemnabit.

2038 687 2159 743 νη.
2195 686 2352 741 Hanc
2375 686 2556 756 judex
2583 686 2709 754 ipso
2741 685 2889 740 facto
2935 685 3220 742 ulciscens
3269 688 3616 757 orationem,

1967 777 2027 832 in
2085 781 2306 832 viscera
2363 776 2636 847 martyris
2694 775 2892 829 intulit
2949 775 3340 831 novaculam:
3392 777 3616 848 Videat,

1970 867 2188 935 dicens,
2221 866 2611 921 exsecrandus
2639 869 2772 919 ante
2803 863 3026 931 oculos,
3065 874 3344 936 tanquam
3382 884 3617 937 aquam,

1969 973 2075 1012 sua
2115 956 2334 1011 eﬁ'undi
2383 954 2685 1010 intestina.
2721 954 2828 1009 Sed
2879 970 2949 1008 ne
2990 953 3161 1024 hujus
3209 955 3446 1025 quidem
3501 959 3620 1011 tor-

1971 1047 2152 1100 menti
2203 1044 2496 1099 acerbitas
2546 1042 2756 1108 eﬁ‘ecit,
2792 1047 2851 1096 ut
2880 1042 3095 1097 Christi
3143 1048 3359 1114 martyr
3399 1043 3622 1114 aliquid

1971 1135 2294 1189 remitteret
2322 1133 2392 1188 de
2425 1149 2530 1186 sua
2558 1132 2617 1186 in
2653 1130 2924 1202 patiendo
2957 1148 3062 1202 pro
3095 1131 3321 1186 Christo
3357 1137 3626 1188 constan-

1973 1223 2066 1288 tia,
2119 1239 2226 1278 nec
2275 1227 2338 1277 ut
2385 1221 2560 1277 molle
2608 1224 2708 1276 aut
2755 1221 3028 1292 ignavum
3091 1219 3327 1290 aliquod
3383 1221 3625 1277 verbum

1971 1310 2330 1382 loqueretur,
2354 1308 2442 1366 vel
2467 1308 2700 1381 aliquod
2731 1324 2978 1380 parvum
3004 1313 3104 1364 aut
3128 1325 3401 1380 magnum
3434 1317 3624 1366 osten-

1971 1401 2151 1469 deret,
2202 1416 2316 1470 quo
2362 1398 2722 1470 signiﬁcaret
2769 1413 2829 1453 se
2873 1397 3076 1452 cedere
3115 1413 3128 1451 :
3168 1397 3287 1453 imo
3337 1399 3621 1468 majorem

1973 1505 2232 1545 amorem
2292 1489 2342 1545 ei
2402 1488 2463 1543 in
2520 1487 2819 1543 Christum
2891 1487 3178 1555 accendit,
3236 1490 3293 1542 et
3347 1488 3626 1543 adversus

1973 1594 2175 1650 graves
2201 1577 2494 1633 cruciatus
2529 1577 2664 1632 fecit
2687 1591 2818 1631 eum
2849 1575 3018 1631 ferire
3042 1575 3299 1646 judicem
3329 1575 3628 1647 responsis

1975 1666 2364 1739 gravioribus.
2413 1666 2584 1733 Nam,
2624 1666 2702 1720 Tu
2751 1665 3015 1736 quidem,
3066 1665 3277 1736 inquit,
3311 1681 3342 1720 o
3379 1664 3628 1734 maligne

1977 1756 2262 1812 malorum
2321 1757 2647 1812 daemonum
2697 1754 3063 1819 administer,
3100 1763 3154 1809 et
3204 1754 3384 1809 hostis
3433 1754 3625 1809 homi-

219 1836 338 1892 λίαν
399 1843 518 1900 τοῖς
569 1837 792 1912 ἀγαθοῖς
834 1839 1192 1913 ἀντικείμενε,
1243 1842 1525 1916 ἐξενεγκεῖν
1593 1842 1721 1906 ἴσως
1773 1843 1862 1900 δυ-

1984 1862 2141 1913 num,
2176 1851 2233 1902 et
2262 1845 2364 1917 qui
2397 1845 2566 1901 bonis
2604 1843 2795 1900 valide
2825 1843 3169 1910 adversaris,
3206 1859 3332 1898 mea
3384 1843 3627 1898 fortasse

215 1929 358 2001 νησῃ
416 1947 522 1999 μου
561 1927 629 1981 τά
677 1924 961 1983 ἐνδόσθια·
1014 1932 1049 1999 ἡ
1099 1927 1155 1984 δὲ
1203 1938 1306 2000 τῆς
1355 1931 1495 2006 ἐμῆς
1533 1931 1758 2007 καρδίας
1794 1933 1870 1998 εἶς

218 2017 450 2091 Χριστὸν
508 2015 689 2078 πίστις
746 2018 946 2080 ἄσυλος
996 2017 1143 2074 ἔσται
1211 2021 1299 2075 καὶ
1367 2021 1746 2097 ἀναφαίρετος.
1800 2023 1868 2079 Οἱ

222 2102 277 2159 δὲ
311 2105 481 2181 ἅγιοι,
520 2106 588 2159 τά
633 2110 729 2160 τοῦ
773 2108 1046 2181 μάρτυρος
1102 2109 1388 2184 σπλάγχνα
1446 2110 1761 2186 ῥηγνύμενά
1808 2131 1868 2166 τε

218 2194 311 2248 καὶ
367 2194 442 2255 εἷς
483 2201 585 2268 γῆν
637 2195 780 2250 οὕτω
832 2194 1250 2274 διασπειρόμενα
1298 2201 1640 2272 θεασάμενοι,
1676 2199 1865 2279 φιλάν-

219 2285 436 2357 θρωπόν
499 2305 553 2339 τι
619 2285 708 2339 καὶ
776 2283 898 2340 λίαν
967 2290 1259 2362 περιπάθές
1336 2287 1694 2363 δακρύσαντες
1771 2290 1866 2344 τὸν

219 2373 478 2448 Χριστὸν,
512 2374 643 2448 ὑπὲρ
676 2372 737 2428 ού
770 2379 936 2430 ταῦτα
961 2372 1190 2452 ἔπασχε,
1227 2379 1428 2452 βοηθὸν
1481 2376 1734 2434 ἐκάλουν.
1767 2381 1864 2441 Οἷς

218 2457 497 2516 ἐπιϐαλὼν
537 2463 632 2524 τάς
673 2461 826 2538 ὄψεις
888 2466 916 2520 6
958 2463 1239 2536 δικαστής,
1271 2467 1359 2522 καὶ
1398 2467 1460 2522 τὸ
1511 2475 1613 2537 τῆς
1669 2474 1862 2547 φιλανι

218 2549 461 2625 θρωπίας
505 2551 540 2621 ἢ
583 2551 946 2632 φιλαδελφίας
996 2555 1210 2628 μᾶλλον
1260 2555 1388 2610 ἰδὼν
1446 2553 1749 2629 σύμϐολον,
1798 2557 1866 2612 τά

220 2640 272 2695 ἐν
305 2640 616 2717 ὀφθαλμοῖς
649 2639 875 2718 δάκρυα,
907 2644 998 2698 καὶ
1031 2645 1119 2699 οἷά
1147 2666 1298 2708 τινος
1326 2647 1592 2717 πλησθεὶς
1638 2645 1861 2716 ἡδονῆς,

220 2732 492 2800 ἽΙττησθε
521 2733 755 2800 πάντως,
789 2733 908 2788 εἶπε
941 2755 1075 2807 μετα
1110 2736 1270 2809 βοῆς,
1311 2735 1567 2807 ἥττησθε.
1606 2738 1701 2790 Καὶ
1746 2736 1867 2792 τού-

220 2841 317 2875 του
351 2820 550 2894 δεῖγμα
580 2823 615 2891 ἡ
646 2822 834 2892 πολλή
866 2823 999 2894 αὕτη
1042 2827 1310 2902 κατήφεια
1340 2825 1428 2880 καὶ
1451 2825 1772 2900 τάεδάκρυα.
1799 2826 1864 2882 Εἰ

221 2912 325 2986 γάρ
355 2907 614 2981 ἠδύνατο,
654 2913 840 2990 φησὶν,
875 2913 902 2967 6
938 2914 1198 2988 ὑμέτερος
1231 2916 1360 2970 Θεὸς
1407 2917 1507 2985 τήν
1561 2917 1866 2989 μυθευομέ-

220 3021 318 3070 νην
373 3000 573 3070 ταύτην
635 3001 762 3073 ὑμῖν
825 3002 1083 3057 ἀθάνατον
1148 3005 1290 3073 ζωην
1347 3011 1674 3080 παρασχεῖν,
1721 3005 1865 3068 τίνος

217 3089 384 3162 γάριν
435 3088 578 3144 οὕτω
622 3091 712 3144 τὸν
765 3095 946 3154 κακῶς
994 3091 1374 3165 ἀπολούμενον
1445 3095 1657 3169 ἑταῖρον
1710 3097 1863 3168 ὑμῶν

219 3178 486 3234 ἐπενοεῖτε
515 3198 528 3247 ;
561 3180 628 3236 Οἱ
659 3176 718 3234 δὲ
754 3181 889 3254 πρὸς
912 3181 1072 3237 αὐτόν
1107 3199 1120 3213 ⁸
1152 3184 1215 3239 Ἡ
1273 3188 1379 3238 τῶν
1440 3182 1682 3259 δακρύων
1726 3185 1862 3257 αὕτη

222 3267 432 3341 σταγὼν
473 3269 572 3336 τήν
629 3270 862 3346 φυσικὴν
913 3272 1103 3342 μηνύει
1158 3274 1515 3344 συμπάθειαν.
1568 3275 1716 3329 Ἐπεὶ
1769 3244 1947 3329 οὐκΟ

221 3354 281 3411 ἄν
314 3376 446 3410 ποτε
476 3357 640 3428 ἡμεῖς
671 3355 864 3431 γνώμῃ
892 3359 984 3413 τὸν
1009 3357 1243 3438 ἀδελςαὸν
1275 3361 1604 3436 κλαύσωμεν
1634 3362 1869 3436 τοιούτῳ

221 3443 557 3500 τελευτῶντα
587 3446 798 3518 θανάτῳ
827 3453 841 3479 ‘
882 3445 1096 3519 μᾶλλον
1125 3451 1228 3525 γάρ
1259 3451 1350 3505 καὶ
1387 3452 1653 3526 μακάριον
1709 3452 1867 3508 αὐτὸν

224 3537 323 3590 τοῦ
369 3533 561 3597 τελους
618 3536 905 3610 ἡγούμεθα
961 3539 1050 3592 καὶ
1107 3538 1404 3612 ζηλοῦμεν,
1439 3540 1522 3596 ὅτι
1577 3546 1646 3615 τῇ
1699 3563 1874 3617 προσ-

227 3623 403 3697 καίρῳ
448 3624 615 3699 ταύτῃ
681 3625 896 3700 βασάνῳ
947 3629 1046 3695 τὴν
1114 3628 1189 3691 εἷς
1238 3630 1316 3684 ἀεὶ
1387 3631 1647 3702 μένουσαν
1721 3633 1872 3707 βασιο

231 3712 379 3769 λείαν
430 3712 931 3788 ἐπραγματεύσατο.
984 3716 1060 3773 Οὐ
1111 3721 1302 3772 τοῦτον
1354 3717 1468 3777 οὖν.
1526 3719 1706 3796 ὥσπερ
1739 3716 1874 3794 ἔφη·

233 3827 352 3878 μεν,
387 3806 530 3861 ἀλλά
576 3809 634 3861 σὶ
685 3805 897 3878 μᾶλλον
949 3814 1250 3883 θρηνοῦμεν
1308 3815 1406 3880 τῆς
1454 3811 1752 3882 ἀπωλείας,
1784 3813 1874 3868 καὶ

231 3895 307 3948 ὧν
350 3892 573 3965 μέλλεις
620 3895 988 3970 κληρονομεῖν
1031 3897 1292 3972 χαλεπῶν
1345 3899 1691 3958 ἀντιδόσεων.
1742 3905 1878 3976 Χρι-

232 3988 365 4037 στοῦ
395 3984 496 4059 γὰρ
527 3985 699 4058 νόμος
727 3986 818 4039 καὶ
855 3987 987 4060 ὑπὲρ
1033 3987 1184 4060 ὑμῶν
1218 3986 1466 4066 δακρύειν
1510 3996 1617 4046 τῶν
1661 3990 1873 4068 ἐχθρῶν

230 4075 310 4143 τῷ
349 4080 449 4142 τῆς
481 4073 696 4147 ἀγάπης
732 4070 882 4148 μὸνῳ
908 4077 1000 4130 καὶ
1032 4083 1131 4145 τῆς
1160 4079 1564 4152 χρηστότητος.

303 4161 502 4218 H'.'Ev
560 4160 673 4233 ὅσῳ
731 4160 788 4217 δὲ
834 4168 1000 4219 ταῦτα
1061 4163 1307 4242 ἐλέγετο,
1347 4169 1474 4230 τοὺς
1537 4169 1634 4241 μὲν
1690 4168 1877 4242 ἁγίους

231 4249 322 4303 καὶ
364 4248 518 4314 αὖθις
545 4252 610 4305 τὸ
642 4248 1023 4328 δεσμωτήριον
1061 4254 1380 4331 ὑπεδέχετο,
1411 4254 1514 4320 ἕως
1548 4259 1575 4312 ὁ
1621 4256 1877 4326 δικαστής

229 4338 491 4429 ρκέιῷαιτο
552 4342 736 4402 ποίαις
794 4348 900 4397 τῶν
961 4347 1240 4400 κολάσεων
1301 4346 1495 4409 αὐτοὺς
1561 4345 1876 4419 παραδόσει.

249 4435 292 4488 Ο
327 4430 384 4485 δὲ
416 4433 684 4505 μακάριος
733 4433 944 4507 Οὔαρος
990 4435 1078 4491 ἐπὶ
1120 4440 1216 4491 τοῦ
1265 4437 1430 4510 ξύλυυ
1470 4440 1608 4511 ἦρτο
1663 4439 1753 4493 καὶ
1802 4436 1879 4493 ἔτι

237 4521 533 4593 μετέωρος,
566 4521 709 4576 οὕτω
742 4525 1104 4599 προσταχθὲν,
1146 4525 1311 4600 ἄχρις
1361 4527 1469 4604 ἀφή
1524 4549 1607 4582 σοι
1647 4529 1737 4583 καὶ
1781 4534 1880 4597 την

1977 1935 2258 1992 intestina
2315 1935 2562 1991 educere
2621 1932 2858 2004 poteris,
2911 1931 3025 1987 mei
3073 1940 3261 1987 autem
3313 1931 3504 1987 cordis
3565 1931 3625 1987 in

1975 2027 2269 2082 Christum
2349 2024 2492 2079 ﬁdes
2559 2022 2706 2077 mihi
2765 2022 2912 2092 eripi
2972 2038 3088 2077 non
3146 2021 3377 2092 poterit.
3427 2020 3624 2076 Sancti

1975 2120 2168 2171 autem
2201 2131 2335 2172 cum
2369 2113 2649 2168 vidissent
2694 2112 2966 2167 intestina
3006 2111 3278 2182 martyris
3312 2110 3623 2181 disrumpi,

1973 2211 2028 2262 et
2083 2221 2184 2276 per
2232 2206 2444 2259 terram
2517 2201 2796 2273 dispergi,
2855 2204 3049 2256 tenere
3101 2208 3156 2255 et
3211 2197 3622 2254 miserabiliter

1975 2299 2199 2362 ﬁentes,
2231 2292 2447 2348 Christi
2483 2292 2834 2348 invocabant
2875 2288 3181 2356 auxilium,
3217 2304 3318 2360 pro
3352 2303 3469 2359 quo
3502 2286 3624 2343 hac

1972 2384 2323 2454 patiebatur.
2359 2381 2423 2437 In
2456 2397 2606 2453 quos
2647 2396 2778 2436 cum
2814 2379 2994 2449 judex
3024 2377 3374 2448 conjecisset
3402 2375 3620 2446 oculos,

1972 2479 2030 2528 et
2086 2470 2492 2538 humanitatis,
2551 2474 2655 2526 aut
2725 2467 2920 2540 potius
2991 2467 3209 2524 amoris
3269 2466 3326 2521 in
3387 2467 3618 2522 fratrem

1971 2561 2198 2632 signum
2253 2560 2493 2614 vidisset
2550 2559 2860 2629 lacrymas,
2913 2573 3039 2628 quas
3090 2560 3256 2611 erant
3300 2555 3358 2609 in
3414 2554 3615 2622 oculis,

1970 2649 2147 2706 veluti
2205 2649 2456 2721 quadam
2517 2648 2772 2719 repletus
2830 2644 3083 2701 laetitia:
3158 2644 3420 2714 Superati
3480 2643 3619 2697 estis

1971 2740 2231 2806 omnino,
2283 2736 2537 2808 superati
2587 2735 2747 2802 estis,
2798 2734 2993 2805 inquit
3038 2732 3391 2788 vociferans.
3428 2731 3617 2800 Hujus

1970 2834 2162 2884 autem
2198 2827 2474 2883 indicium
2501 2830 2589 2882 est
2610 2825 2732 2880 haec
2755 2839 2969 2894 magna
2992 2821 3228 2877 tristitia
3249 2825 3305 2876 et
3326 2819 3616 2891 lacrymae.

1971 2919 2029 2974 Si
2089 2918 2242 2974 enim
2303 2919 2522 2988 posset,
2556 2914 2770 2985 inquit,
2804 2916 2992 2969 vester
3039 2911 3187 2966 Deus
3233 2910 3402 2976 hanc,
3444 2923 3616 2978 quam

1971 3025 2074 3063 vos
2129 3006 2375 3079 ﬁngitis,
2434 3003 2826 3060 immortalem
2885 3001 3061 3056 vitam
3121 2999 3287 3054 vobis
3343 2996 3616 3069 praebere,

1973 3111 2227 3168 quanam
2251 3096 2323 3150 de
2345 3110 2519 3149 causa
2549 3090 2825 3163 lugeretis
2848 3091 3121 3154 amicum,
3142 3087 3239 3159 qui
3274 3087 3438 3141 vobis
3472 3085 3621 3141 male

1982 3185 2166 3258 perit?
2197 3183 2285 3240 Illi
2319 3188 2508 3240 autem
2544 3183 2595 3238 ei
2627 3182 2938 3236 dixerunt:
2975 3179 3103 3234 Haec
3134 3180 3296 3247 gutta
3338 3176 3625 3247 lacryma-

1982 3291 2112 3331 rum
2154 3273 2482 3330 naturalem
2515 3271 2812 3344 signiﬁcat
2849 3266 3442 3325 commiserationem.
3475 3264 3623 3320 Nam

1981 3379 2088 3418 nos
2119 3366 2318 3418 nostra
2365 3360 2653 3416 sententia
2703 3374 3004 3429 nunquam
3058 3355 3461 3412 defleverimus
3503 3353 3627 3408 fra-

1982 3458 2152 3519 trem,
2186 3451 2283 3522 qui
2336 3449 2437 3504 tali
2496 3453 2676 3504 morte
2726 3447 2989 3503 decedit:
3029 3446 3142 3501 imo
3201 3461 3332 3500 vero
3391 3447 3630 3514 propter

1984 3542 2160 3598 talem
2194 3543 2498 3597 decessum
2532 3555 2666 3594 eum
2698 3537 2934 3592 beatum
2985 3535 3281 3598 ducimus,
3315 3537 3370 3588 et
3401 3532 3628 3587 felicem

1983 3647 2276 3698 vocamus,
2302 3628 2458 3700 quod
2493 3627 2622 3692 hoc,
2649 3627 2800 3697 quod
2835 3629 2925 3680 est
2949 3625 3017 3682 ad
3053 3628 3285 3695 tempus
3316 3625 3628 3687 tormento,

1984 3721 2153 3787 illud,
2178 3721 2326 3790 quod
2360 3733 2590 3788 semper
2624 3721 2840 3780 manet,
2868 3730 3108 3786 regnum
3135 3711 3482 3768 conciliavit.
3507 3709 3632 3763 Non

1985 3810 2140 3864 hunc
2169 3823 2326 3879 ergo,
2360 3812 2425 3862 ut
2454 3807 2732 3869 diximus,
2765 3804 2866 3859 sed
2916 3809 3080 3858 tuum
3113 3802 3307 3874 potius
3350 3798 3633 3854 deflemus

1986 3898 2309 3964 interitum,
2343 3900 2399 3952 et
2428 3895 2624 3966 gravia
2656 3893 2832 3963 mala,
2865 3908 2991 3963 qua:
3024 3890 3127 3946 tibi
3161 3893 3301 3946 sunt
3339 3892 3631 3944 eventura.

1987 3988 2201 4046 Christi
2234 3987 2388 4043 enim
2421 3985 2512 4041 lex
2542 3983 2834 4055 nosjubet
2881 3983 3019 4038 ﬂere
3066 3980 3244 4037 etiam
3287 3995 3389 4051 pro
3421 3975 3636 4032 nostris

1988 4077 2265 4146 inimicis,
2299 4073 2600 4132 charitatis
2633 4073 2758 4146 lege
2789 4079 2842 4128 et
2872 4070 3274 4143 benignitatis.

2058 4171 2209 4227 Vlll.
2243 4169 2480 4224 Interim
2513 4171 2707 4222 autem
2739 4166 2878 4221 dum
2929 4164 3050 4218 haec
3093 4163 3458 4228 dicebantur,
3494 4174 3633 4214 san-

1990 4271 2112 4318 ctos
2142 4261 2380 4334 quidem
2413 4274 2616 4314 rursus
2648 4256 2875 4327 excepit
2904 4270 3119 4320 carcer,
3153 4253 3339 4307 donec
3370 4249 3639 4307 conside-

1991 4359 2144 4412 raret
2196 4354 2398 4424 judex,
2452 4351 2807 4423 quibusnam
2861 4365 2958 4404 eos
3006 4347 3257 4402 traderet
3306 4343 3634 4416 suppliciis.

1992 4445 2205 4500 Beatus
2239 4449 2430 4497 autem
2476 4440 2664 4496 Varus
2694 4437 2965 4494 sublimis
3015 4437 3208 4492 adhuc
3258 4434 3546 4506 pendebat
3576 4433 3636 4486 in

1995 4534 2191 4606 ligno:
2228 4531 2308 4587 sic
2339 4531 2495 4586 enim
2541 4531 2779 4600 jussum
2827 4528 3015 4582 fuerat
3045 4530 3110 4580 ut
3142 4530 3420 4592 maneret,
3453 4523 3638 4576 donec

232 4611 445 4683 ψυχήν.
477 4612 564 4672 Ὡς
623 4612 688 4677 οὗ
736 4611 862 4674 τοὺς
922 4613 1111 4687 ἁγίους
1162 4615 1265 4669 ὑπὸ
1319 4614 1541 4689 δεσμοῖς
1584 4617 1673 4672 καὶ
1705 4639 1872 4696 φρου-

1994 4595 2282 4678 emitteret
2321 4595 2591 4676 animam.
2627 4619 2937 4689 Postquam
2969 4619 3164 4671 autem
3213 4613 3361 4668 vidit
3407 4614 3637 4667 sanctos

236 4705 360 4776 ραῖς
409 4700 544 4772 πρὸς
590 4702 690 4768 τήν
735 4700 950 4774 εἱρκτὴν
1009 4703 1315 4778 ἀγομένους
1364 4704 1638 4773 ἐθεάσατο,
1674 4705 1884 4782 μεγάλῃ

233 4793 306 4863 τῇ
357 4793 532 4865 φωνῇ,
581 4796 853 4865 Θαρσεῖτε,
898 4793 1031 4861 εἷπε,
1075 4794 1304 4870 πατέρες
1351 4793 1498 4870 ἐμοὶ,
1549 4804 1886 4872 θαρσεῖτὲ....

236 4876 396 4934 οὐδὲν
429 4876 536 4954 ἐγὼ
581 4878 880 4954 λογίζομαι
909 4882 1004 4944 τάς
1057 4883 1404 4960 ἐπαγομέγας
1451 4907 1543 4960 μοι
1593 4887 1886 4964 τιμωρίας,

235 4967 386 5024 ἀλλά
439 4987 506 5041 με
552 4973 632 5040 τῷ
677 4970 794 5042 ἐμῷ
850 4973 1076 5045 Χριστῷ
1134 4975 1436 5048 παράθεσθε
1493 4976 1583 5030 καὶ
1647 4981 1889 5052 Σωτῆρι,

237 5058 329 5114 καὶ
380 5057 654 5119 πεποιθὼς
712 5060 1050 5134 πορεύσομαι
1098 5063 1236 5140 πρὸς
1300 5065 1461 5121 αὐτὸν
1515 5071 1636 5128 ταῖς
1697 5066 1888 5141 ὑμετέ-

244 5169 364 5225 ραις
394 5148 583 5224 εὐχαῖς
614 5151 1046 5228 φρουρούμενος,
1079 5152 1168 5209 ὲπὶ
1216 5153 1373 5211 πέντε
1423 5160 1552 5232 γοῦν
1604 5158 1772 5232 ὥραις
1819 5163 1890 5232 τῇ

245 5239 467 5314 βασάνῳ
541 5237 954 5316 ἐγκαρτερήσας,
1015 5242 1066 5298 ἐν
1136 5243 1326 5319 εῖργξνῃ
1399 5248 1460 5301 τὸ
1523 5252 1736 5320 πνεῦμα
1810 5254 1890 5321 τῷ

243 5326 508 5384 δεδωκότι
561 5333 679 5402 Θεῷ
734 5329 1017 5405 παρέθετο.
1052 5334 1168 5390 Ἔτι
1225 5331 1282 5388 δὲ
1343 5339 1439 5404 ζῇν
1490 5335 1648 5390 αὐτὸν
1696 5339 1748 5392 οἱ
1800 5337 1890 5393 ἐπὶ

239 5422 353 5473 τῶν
402 5417 652 5492 βασάνων
709 5419 978 5494 οἰόμενοι,
1026 5419 1151 5477 οὐδὲ
1205 5423 1271 5478 τὸ
1349 5423 1546 5479 λοιπὸν
1617 5425 1888 5498 μεθίεοαν,

242 5505 394 5563 ἀλλά
460 5507 709 5583 κοράκων
773 5509 975 5583 τρόπον
1045 5511 1133 5565 καὶ
1213 5511 1348 5586 μετά
1394 5511 1618 5568 θάνατον
1674 5511 1886 5586 ἤκιζον.

244 5593 360 5652 ἐπεῖ
421 5592 478 5651 δὲ
535 5595 626 5650 καὶ
667 5597 853 5660 αὐτοῖς
897 5599 987 5652 καὶ
1035 5603 1116 5672 τῷ
1144 5601 1392 5674 τυράννῳ
1451 5597 1743 5678 διεγνώσθη
1806 5605 1888 5659 ὅτι

243 5683 455 5761 Οὔαρος
511 5686 760 5757 τέθνηκε,
806 5688 897 5743 τὸν
952 5689 1138 5765 νεκρὸν
1196 5690 1608 5767 καταγαγέντες,
1657 5694 1747 5748 καὶ
1802 5691 1891 5748 διὰ

1998 4713 2246 4779 vinctos,
2305 4715 2362 4767 et
2422 4726 2555 4764 cum
2614 4707 2957 4765 custodibus
3013 4707 3145 4760 duci
3209 4704 3267 4758 in
3326 4715 3640 4766 carcerem,

2001 4818 2218 4873 magna
2273 4815 2457 4856 voce:
2499 4799 2657 4854 Bono
2717 4796 2936 4865 animo,
2994 4793 3208 4865 inquit,
3259 4795 3451 4863 patres
3504 4790 3638 4854 mei,

1999 4891 2152 4948 bono
2182 4891 2377 4945 animo
2408 4891 2624 4944 estote:
2656 4901 2758 4956 ego
2802 4885 2955 4940 enim
2988 4880 3309 4938 nihilifacio
3341 4896 3465 4949 quae
3497 4875 3642 4932 mihi

2000 4980 2332 5034 inferuntur
2377 4965 2688 5047 Supplicia,
2734 4973 2835 5030 sed
2885 4987 2975 5027 me
3025 4987 3152 5027 meo
3200 4969 3428 5025 Christo
3482 4982 3643 5022 com-

2001 5070 2293 5134 mendate,
2343 5070 2400 5122 et
2453 5064 2756 5132 Salvatori,
2807 5067 2864 5120 et
2915 5062 3274 5119 conﬁdenter
3332 5059 3402 5115 ad
3448 5058 3643 5129 ipsum

1998 5161 2204 5216 vadam
2257 5159 2579 5212 vestrarum
2641 5154 2964 5209 orationum
3025 5150 3289 5206 munitus
3351 5145 3642 5220 praesidio.

2001 5251 2147 5306 Cum
2203 5262 2340 5318 ergo
2399 5245 2659 5316 quinque
2719 5243 2876 5298 horis
2923 5257 2984 5298 se
3023 5240 3242 5296 fortiter
3283 5238 3556 5309 gessisset
3585 5234 3642 5289 in

2004 5339 2108 5395 hoc
2155 5338 2468 5402 tormento,
2520 5334 2579 5388 in
2628 5347 2766 5405 pace
2814 5331 3078 5403 spiritum
3139 5330 3251 5385 Deo
3309 5324 3640 5384 committit.

2002 5431 2143 5483 Eum
2195 5427 2390 5480 autem
2439 5421 2631 5478 adhuc
2677 5421 2868 5476 vivere
2919 5422 3193 5490 putantes
3232 5416 3332 5488 qui
3362 5418 3646 5487 praerant

2001 5514 2336 5583 tormentis,
2370 5527 2443 5568 ne
2489 5511 2560 5568 de
2608 5513 2811 5566 cetero
2870 5507 3108 5581 quidem
3167 5508 3499 5571 cessarunt,
3541 5503 3644 5560 sed

2001 5608 2186 5664 instar
2233 5618 2537 5661 corvorum
2589 5599 2939 5673 torquebant
2986 5600 3160 5657 etiam
3202 5600 3333 5671 post
3371 5599 3640 5652 mortem.

2003 5698 2311 5769 Postquam
2342 5707 2476 5750 vero
2501 5691 2573 5749 ab
2597 5691 2738 5763 ipsis
2760 5691 3053 5764 cognitum
3088 5690 3218 5757 fuit,
3239 5691 3296 5744 et
3317 5704 3349 5744 a
3370 5690 3642 5759 tyranno,
