4048 6202
424 272 566 332 1151

421 441 714 489 mortuum
748 448 872 490 esse
899 434 1132 505 Varum,
1158 454 1368 510 corpus
1400 440 1823 512 deposuerunt,
1845 448 1901 500 et
1932 461 2062 501 cum

2180 444 2346 517 μέσου
2419 449 2515 499 τοῦ
2599 444 2785 506 ἄστεος

420 538 521 591 per
570 523 825 578 mediam
876 526 1195 582 traxissent
1243 527 1556 598 civitatem,
1601 533 1843 588 canibus
1892 552 2065 591 canes

414 612 774 667 exedendum
826 614 1211 670 tradiderunt.
1243 620 1429 688 Atque
1484 621 1666 676 Varus
1711 623 1946 695 quidem
1979 630 2067 679 ta-

412 700 524 756 lem
594 707 651 756 et
708 707 829 757 tam
904 704 1125 760 felicem
1198 707 1421 762 invenit
1487 712 1722 765 exitum.
1786 714 2067 769 Postridie

414 796 609 846 autem
640 809 773 846 cum
808 792 1097 849 sistendos
1149 802 1429 869 martyres
1461 807 1718 855 curasset
1751 804 2064 873 parricida,

420 896 606 951 neque
665 887 863 950 posset
920 886 1269 953 persuadere
1316 886 1568 956 (volebat
1608 892 1788 957 enim,
1821 897 1877 946 et
1906 893 2067 947 omni

422 986 528 1040 ope
560 972 941 1027 contendebat
972 974 1229 1044 conspici
1260 976 1439 1032 victor
1462 979 1517 1032 in
1545 982 1946 1051 persuadendo
1973 982 2064 1048 iis,

417 1058 511 1129 qui
546 1066 711 1115 erant
744 1064 857 1115 tam
885 1065 1263 1136 constantes),
1290 1071 1419 1135 post
1449 1067 1635 1123 multa
1660 1074 1715 1125 et
1746 1072 1903 1125 varia
1934 1089 2067 1144 sup-

423 1146 600 1217 plicia
638 1165 733 1204 eos
784 1151 1157 1218 condemnat,
1192 1157 1254 1207 ut
1296 1154 1487 1225 gladio
1522 1163 1761 1213 mortem
1797 1159 2062 1215 subeant.

419 1236 774 1309 Martyribus
805 1247 993 1294 autem
1026 1239 1153 1296 lceto
1177 1246 1233 1296 et
1254 1243 1428 1299 alacri
1462 1247 1657 1302 animo
1690 1264 2063 1304 consumma-

415 1326 512 1393 tis,
568 1343 701 1381 cum
764 1345 961 1383 sacras
1019 1346 1219 1387 eorum
1273 1332 1552 1405 reliquias
1598 1346 1769 1392 noctu
1824 1339 2064 1409 quidam

417 1415 731 1470 Christiani
781 1419 1177 1487 sustulissent,
1208 1423 1265 1477 in
1319 1423 1537 1495 insigni
1572 1425 1698 1482 loco
1731 1434 1930 1483 sancte
1962 1428 2063 1483 de-

419 1508 766 1574 posuerunt.

494 1593 587 1647 1X.
618 1594 888 1657 Quaedam
940 1600 1125 1653 autem
1181 1599 1393 1657 mulier
1441 1619 1509 1658 ex
1558 1604 1629 1659 iis
1678 1621 1801 1674 qua:
1842 1605 1899 1660 in
1942 1607 2065 1662 solo

420 1680 535 1737 Deo
592 1698 758 1753 Spem
820 1691 1149 1757 posuerant,
1189 1694 1311 1744 orta
1356 1690 1413 1745 in
1456 1692 1782 1763 Palaestina,
1829 1696 2064 1752 nomine

1771 281 2053 342 MENSIS
2099 281 2481 344 OCTOBEB.

3674 287 3827 346 “52

2881 443 3292 518 ἐφελκύσαντες,
3353 448 3505 501 κυσῖν
3568 448 3622 501 οί
3676 449 3826 507 κύνες

2183 534 2346 608 βορὰν
2386 531 2707 608 παρέδοσαν.
2742 536 2803 591 Ὀ
2846 535 2940 607 μὲν
2992 536 3084 589 οὗν
3134 534 3342 610 Οὔαρος
3394 542 3646 591 τοιοῦτον
3708 538 3829 611 εῦρε

2180 623 2240 678 τδ
2298 622 2481 693 τέλος,
2531 623 2622 677 καὶ
2682 624 2824 679 οὕτω
2884 621 3087 695 κομιδῆ
3138 627 3428 697 μακάριον,
3459 632 3527 699 τῇ
3590 626 3649 680 δὲ
3709 628 3833 695 ἑξῆς

2177 714 2304 776 τοὺς
2363 714 2638 787 μάρτυρας
2695 715 2723 767 6
2784 714 3072 784 μιαιφόνος
3137 717 3648 789 παραστησάμενος,
3716 715 3829 770 ἐπεὶ

2182 806 2257 876 μη
2291 804 2493 858 πείθειν
2527 804 2641 865 οἷός
2678 824 2736 859 τε
2766 804 2831 872 ἦν
2863 824 2875 836 ·
2912 800 3172 859 ἐϐούλετο
3204 807 3307 881 γὰρ
3348 806 3437 860 καὶ
3488 812 3590 860 πᾶν
3653 806 3831 861 ἐποίει

2177 896 2406 961 νικητὴς
2438 894 2689 968 ὀφθῆναι,
2720 898 2801 965 τῷ
2843 899 3161 967 μεταπεῖσαι
3192 897 3318 956 τοὺς
3360 895 3501 949 οὕτω
3543 892 3831 969 βεϐαίους,

2181 983 2315 1054 μετά
2372 980 2588 1043 πολλὰς
2644 982 2734 1036 καὶ
2786 982 3043 1045 ποικίλας
3099 984 3196 1045 τὰς
3252 984 3541 1057 τιμωρίας,
3576 985 3670 1039 τὸν
3744 983 3833 1039 διὰ

2177 1071 2361 1144 ξίφους
2414 1071 2590 1127 αὐτῶν
2630 1074 2849 1127 θάνατον
2888 1073 3219 1145 κατακρίνει,
3260 1073 3349 1127 καὶ
3399 1071 3464 1142 δὴ
3506 1078 3613 1127 τῶν
3678 1094 3832 1147 μαρ-

2174 1161 2350 1233 τύρων
2401 1162 2487 1237 ὑφ’
2528 1158 2705 1235 ἡδονῇ
2793 1161 2881 1215 καὶ
2946 1162 3224 1236 προθυμία
3279 1162 3708 1231 τελειωθέντων,
3768 1165 3835 1217 τὰ

2175 1251 2292 1323 ἱερὰ
2339 1249 2547 1305 τούτων
2606 1249 2833 1325 λείψανα
2892 1251 3085 1314 νυκτὸς
3149 1252 3466 1325 Χριστιανοί
3513 1272 3658 1313 τινες
3739 1253 3836 1327 ὑπερ

2177 1339 2450 1413 εΛόμενοι,
2475 1340 2639 1404 ὁσίως
2670 1340 2720 1395 ἐν
2753 1340 3010 1413 ἐπισήμῳ
3041 1340 3324 1405 κατέθεντο
3354 1343 3532 1413 τόπῳ.

2291 1611 2300 1626 '
2356 1610 2490 1639 vum:
2559 1608 2613 1639 Μ.
2669 1630 2753 1639 -.-
2811 1614 2918 1639 -r...
2976 1609 3058 1639 1-!
3328 1613 3568 1639 (3-1-3..
3632 1610 3796 1639 11-32

2247 1611 2320 1667 6'.
2356 1610 2493 1677 Γυνή
2558 1606 2616 1663 δὲ
2669 1630 2753 1671 τις
2811 1614 2918 1664 τῶν
2976 1609 3062 1665 ἐπὶ
3124 1610 3270 1683 μόνῳ
3327 1615 3441 1681 Θεῷ
3471 1613 3568 1679 τῆν
3632 1610 3835 1666 ἐλπίδα

2177 1699 2415 1768 Θεμένων
2446 1704 2544 1767 τῆς
2580 1696 2971 1767 Παλαιστηνῶν
3006 1700 3305 1774 ὁρμωμένη
3339 1708 3463 1774 γῆς.
3503 1702 3834 1773 Κλεοπάτρα

418 1771 742 1842 Cleopatra,
773 1790 899 1839 quas
932 1792 1107 1846 prope
1139 1779 1357 1846 aderat,
1392 1798 1523 1836 cum
1558 1783 1875 1839 decertaret
1908 1802 2063 1839 mar-

2178 1787 2344 1861 ταύτῃ
2404 1787 2466 1841 τὸ
2531 1784 3055 1859 ὅνομα,ἆθλοῦντος
3103 1794 3199 1844 τοῦ
3256 1790 3529 1863 μάρτυρος
3582 1789 3830 1863 Οὐάρου,

413 1867 502 1931 tyr
551 1860 759 1927 Varus,
792 1868 849 1918 et
892 1863 1124 1919 videbat
1178 1869 1388 1923 acerba
1436 1870 1542 1926 illa
1594 1876 1906 1941 tormenta,
1942 1892 2069 1945 quas

418 1948 656 2005 suberat
716 1958 951 2022 prepter
1004 1954 1320 2023 Christum,
1378 1964 1435 2013 et
1491 1961 1549 2013 in
1606 1963 1781 2017 corde
1838 1979 2070 2033 gravem

416 2038 642 2109 plagam
677 2041 1019 2111 accipiebat,
1053 2050 1109 2098 et
1142 2062 1346 2116 magna
1376 2049 1746 2105 afﬁciebatur
1780 2051 2067 2119 molestia,

418 2127 713 2197 Deumque
765 2129 1383 2203 obsecrabat,jejunio
1433 2154 1651 2193 vacans
1702 2143 1757 2194 et
1798 2141 2068 2208 orationi,

421 2220 484 2271 ut
514 2234 681 2273 suam
712 2219 975 2276 visitaret
1004 2222 1401 2281 baereditatem
1428 2229 1498 2282 ad
1526 2229 1809 2285 malorum
1844 2248 2072 2287 revoca-

420 2306 675 2361 tionem:
710 2308 865 2376 Ipsa,
898 2310 1164 2380 inquam,
1198 2330 1330 2368 cum
1364 2333 1533 2371 suum
1572 2319 1781 2387 ﬁlium,
1818 2322 1916 2391 qui
1951 2322 2067 2393 pri-

420 2409 574 2448 mam
608 2396 815 2465 agebat
837 2402 1085 2467 aetatem,
1114 2408 1277 2458 noctu
1312 2421 1441 2460 cum
1469 2406 1601 2463 aliis
1622 2410 2067 2482 assumpsisset,

416 2487 474 2537 et
518 2484 768 2539 venisset
807 2486 864 2540 in
901 2487 1092 2545 locum
1122 2490 1178 2545 in
1214 2508 1330 2563 quo
1373 2495 1606 2563 jacebat
1651 2513 1860 2569 corpus
1909 2516 2068 2553 mar-

418 2571 581 2643 tyris,
615 2572 672 2627 id
724 2574 896 2643 tollit,
930 2593 994 2631 ac
1044 2582 1315 2649 pretiosis
1366 2585 1531 2639 unxit
1578 2590 1961 2657 aromatibus,
2011 2592 2068 2644 et

418 2662 745 2734 splendidis
794 2666 988 2723 induit
1034 2671 1316 2727 vestibus.
1352 2675 1416 2729 Et
1448 2677 1722 2746 quoniam
1755 2678 2066 2734 vehemens

418 2757 543 2808 erat
600 2754 808 2811 fluctus
866 2758 1182 2829 impietatis
1241 2765 1521 2821 adversus
1579 2767 1958 2839 Christianos,
2013 2778 2066 2825 et

420 2843 618 2913 gravia
668 2849 808 2901 tunc
858 2848 1028 2917 capiti
1080 2850 1491 2923 imminebant,
1523 2857 1731 2911 timens
1762 2859 1818 2912 in
1866 2864 2064 2929 aperto

420 2934 721 2988 ostendere
754 2934 1048 3003 pietatem.
1076 2955 1208 2993 cum
1243 2942 1350 2995 sub
1384 2960 1555 2998 suum
1587 2945 1799 3000 lectum
1834 2946 2066 3002 tulisset

417 3028 703 3088 quantum
735 3026 900 3077 terra:
933 3026 1281 3095 sufﬁciebat,
1307 3045 1435 3085 eum
1472 3033 1707 3102 deponit
1738 3040 2061 3091 reverenter

2180 1875 2337 1950 ἐγγύς
2399 1898 2505 1930 που
2564 1880 2829 1951 παροῦσα,
2860 1879 2951 1932 καὶ
2999 1879 3095 1942 τὰς
3146 1880 3340 1953 πικρὰς
3399 1878 3599 1939 ἐκείνας
3658 1881 3831 1951 {316i-

2481 1967 2680 2038 ὑπέστη
2739 1965 2825 2022 διὰ
2880 1970 3104 2042 Χριστὸν
3162 1968 3459 2043 βλέπουσα,
3497 1971 3712 2044 βαρὲως
3773 1993 3830 2025 τε

2176 2059 2277 2125 τήν
2312 2055 2537 2131 καρδίαν
2577 2056 2859 2125 ἐτύπτετο,
2885 2059 2974 2112 καὶ
3020 2056 3201 2127 δεινῆς
3252 2059 3564 2132 ἐπληρουτο
3618 2058 3826 2129 λύπης,

2178 1988 2322 2035 νους,
2359 1968 2417 2027 ἃς

2178 2144 2425 2219 ἐλιπάρει
2494 2168 2553 2201 τε
2625 2148 2687 2201 τὸ
2764 2154 2941 2213 Θεῖον,
2988 2148 3206 2219 νηστείᾳ
3270 2156 3670 2222 προστετηκυῖα
3738 2152 3829 2203 καὶ

2175 2234 2482 2309 προσευχῇ,
2544 2237 2634 2290 τὸν
2699 2234 2864 2291 αὐτοῦ
2940 2238 3148 2310 κλῆρον
3206 2237 3289 2291 ἐπ’
3339 2237 3629 2307 ἀνακλήσει
3715 2244 3825 2293 τῶν

2178 2328 2355 2378 κακῶν
2398 2323 2805 2398 ἐπισκέψασθαι.
2840 2325 2987 2396 Αὕτη
3042 2326 3134 2380 τὸν
3186 2327 3387 2381 οἰκεῖον
3446 2324 3635 2393 παῖδα,
3679 2330 3828 2400 πρώ-

2173 2434 2272 2481 την
2326 2411 2527 2488 ἄγοντα
2585 2415 2684 2483 τὴν
2745 2413 2988 2484 ἡλικίαν,
3026 2417 3142 2487 μεθ’
3174 2416 3369 2489 ἑτέρων
3412 2416 3627 2489 νύκτωρ
3656 2438 3827 2491 παραυ

2176 2498 2439 2569 λαϐοῦσα,
2493 2503 2616 2559 ὅποι
2676 2525 2735 2559 τε
2794 2506 2821 2559 ὁ
2871 2505 3056 2580 νεκρὸς
3116 2510 3211 2559 τοῦ
3273 2508 3543 2580 μαρτυρος

2173 2589 2596 2661 καταλαϐοῦσα;
2645 2598 2838 2649 τοῦτον
2907 2596 3224 2669 ἀναιρεῖται,
3283 2597 3533 2670 ἀρώμασί
3595 2618 3657 2651 τε
3730 2619 3827 2652 πο-

2176 2682 2426 2737 λυτελέσι
2470 2682 2740 2758 μυρίσασα
2769 2683 2858 2738 καὶ
2892 2681 3175 2759 λαμπραῖς
3209 2684 3396 2750 ἐσθῆσι
3446 2681 3821 2759 περιϐαλοῦσα

2173 2772 2262 2825 καί
2322 2770 2538 2845 ἐπείπερ
2599 2774 2625 2827 ὁ
2682 2778 2780 2839 τῆς
2837 2769 3085 2836 ἀσεϐείας
3152 2773 3370 2830 κλύδων
3438 2775 3669 2848 ἐκράτει,
3727 2777 3819 2829 καὶ

2176 2860 2306 2935 ὑπὲρ
2338 2860 2579 2939 κεφαλῆς
2611 2864 2777 2937 ἤρετο
2832 2863 2901 2917 τὰ
2957 2860 3104 2918 δεινὰ
3162 2862 3214 2918 ἓν
3270 2869 3480 2941 φανερῷ
3539 2863 3820 2919 δεδοικυῖα

2171 2955 2494 3023 προαγαγεῖν
2550 2953 2647 3019 τὴν
2709 2947 3000 3021 εὐσέϐειαν,
3056 2953 3157 3007 ὑπὸ
3213 2955 3312 3022 τήν
3374 2954 3545 3023 αὐτῆς
3594 2954 3821 3023 κλίνην,

2170 3045 2272 3112 γῆν
2316 3040 2440 3093 ὅσον
2492 3040 2688 3114 ἀρκοῦν
2747 3041 2813 3110 ἦν
2872 3040 3239 3116 ἐκφορήσασα,
3300 3039 3606 3116 σεϐασμίως
3652 3045 3815 3098 αὐτὸν

418 3110 743 3164 accendens
774 3110 987 3176 lucem,
1018 3119 1073 3169 et
1104 3116 1420 3186 sumtibus,
1456 3129 1511 3174 ut
1554 3124 1760 3192 potuit,
1792 3126 1843 3180 ei
1875 3125 2056 3180 bono-

2175 3128 2514 3198 κατατίθησι.
2550 3135 2666 3206 φῶς
2712 3151 2771 3185 τε
2818 3127 3075 3185 ἄσϐεστον
3133 3132 3284 3203 αύτῴ
3344 3132 3686 3208 ὓφάπτουσα,
3723 3134 3821 3187 καὶ

419 3214 541 3251 rem
599 3199 883 3255 tribuens.
944 3203 1297 3262 Procedente
1350 3214 1548 3265 autem
1606 3216 1869 3285 tempore
1929 3232 2062 3274 cum

418 3286 705 3343 idolorum
740 3298 1122 3349 marcesceret
1149 3295 1438 3369 impietas,
1464 3302 1618 3356 venit
1646 3303 1697 3358 ei
1720 3302 1777 3358 in
1811 3314 2063 3361 mentem

421 3374 668 3431 alienam
702 3377 995 3436 dimittere
1046 3384 1362 3455 regionem,
1399 3394 1455 3444 et
1485 3392 1669 3448 redire
1700 3394 1756 3448 in
1793 3394 2063 3465 patriam.

423 3462 565 3516 Cum
594 3468 786 3518 autem
822 3482 933 3521 non
960 3479 1151 3539 posset
1183 3489 1395 3545 corpus
1424 3479 1741 3534 transferre
1773 3462 2063 3554 martyris,

425 3550 535 3605 nisi
567 3551 619 3607 id
654 3554 815 3624 prius
867 3556 1223 3628 significaret
1267 3567 1522 3635 praesidi,
1580 3569 1754 3624 rebus
1793 3571 2065 3627 omnibus

421 3641 547 3695 suis
607 3641 752 3697 bene
810 3649 1168 3716 compositis,
1205 3668 1305 3722 per
1354 3656 1667 3725 quemdam
1718 3674 1787 3713 ex
1836 3659 1929 3727 iis,
1967 3660 2065 3732 qui

418 3731 657 3802 ascripti
707 3739 869 3789 erant
908 3735 967 3790 in
1011 3754 1317 3797 numerum
1366 3750 1684 3816 oratorum,
1728 3750 1951 3804 accedit
1987 3731 2063 3804 ad

418 3821 527 3878 loci
561 3824 884 3894 prazsidem,
910 3835 963 3883 et
985 3845 1117 3885 eum
1148 3835 1411 3902 pecuniis
1436 3840 1779 3909 aggrediens
1804 3842 2063 3912 rogabat,

421 3916 481 3967 ut
514 3914 623 3968 sibi
657 3932 867 3984 corpus
916 3926 1210 3977 mortuum
1254 3926 1453 3981 efferre
1484 3931 1840 3985 concederet.
1874 3932 2062 3994 Quod-

421 4019 556 4057 nam
631 4008 822 4059 autem
881 4013 1035 4064 esset
1091 4027 1325 4083 corpus,
1390 4024 1442 4069 et
1513 4018 1775 4087 quisnam
1853 4022 2062 4076 modus

422 4092 624 4147 mortis
680 4095 998 4166 explicans,
1059 4100 1286 4157 dicebat
1361 4121 1532 4161 suum
1608 4109 1901 4176 maritum,
1962 4111 2060 4181 qui

420 4180 641 4251 primas
698 4184 1029 4244 obtinuerat
1084 4195 1276 4259 partes
1334 4192 1394 4249 in
1453 4197 1726 4267 exercitu,
1760 4180 2061 4271 multaque

420 4271 691 4340 praeclara
748 4278 802 4329 et
873 4276 1127 4349 insignia
1202 4285 1419 4352 tropaea
1499 4285 1778 4341 adversus
1869 4288 2060 4346 hostes

418 4363 695 4427 erexerat,
740 4377 868 4418 cum
927 4364 985 4419 in
1040 4382 1137 4421 eos
1198 4369 1376 4424 multa
1433 4375 1666 4429 strenue
1722 4379 1779 4429 et
1837 4376 2062 4433 fortiter

417 4447 716 4516 gessisset,
768 4467 837 4506 ex
881 4452 989 4509 hac
1035 4455 1149 4509 vita
1195 4458 1535 4527 excessisse,
1583 4478 1653 4517 ne
1696 4463 2053 4534 sepulturam

2173 3215 2531 3288 θυμιάμασιν,
2565 3219 2639 3278 ὡς
2680 3219 2822 3296 εἶχε,
2855 3220 3092 3291 νέμουσα
3141 3222 3241 3289 την
3287 3223 3480 3293 τιμήν.
3513 3222 3703 3296 Χρόνῳ
3762 3222 3823 3277 δὲ

2172 3304 2391 3379 ῦστερυν
2439 3313 2539 3374 τῆς
2621 3305 2919 3376 εἰδωλικῆς
2976 3303 3225 3371 ἀσεϐείας
3296 3310 3823 3385 ἀπομαραινομένης

2171 3398 2293 3447 νοῦν
2324 3391 2451 3468 ἔσχε
2478 3396 2577 3463 τὴν
2621 3394 2916 3470 ἀλλοτρίαν
2976 3397 3193 3474 ἀφεῖναι
3257 3398 3348 3453 καὶ
3401 3407 3501 3468 τῆς
3558 3398 3822 3473 πατρίδος

2171 3482 2321 3546 αὖθις
2354 3483 2598 3558 γενέσθαι
2635 3501 2648 3515 ⁸
2691 3483 2807 3540 ἐπεὶ
2841 3484 2897 3540 δὲ
2938 3486 3045 3561 ούχ
3099 3486 3191 3541 οἵα
3238 3508 3295 3542 τε
3341 3491 3407 3557 ἦν
3454 3489 3543 3543 καὶ
3590 3489 3682 3543 τὸν
3738 3511 3819 3543 νε-

2171 3574 2298 3646 κρὸν
2368 3575 2724 3647 μετακομίσαι
2782 3580 2878 3630 τοῦ
2952 3579 3245 3650 μάρτυρος,
3305 3577 3349 3631 εἰ
3414 3580 3488 3650 μὴ
3549 3578 3815 3651 πρότερον

2172 3663 2434 3738 γνωρίσοι
2490 3669 2568 3735 τῷ
2626 3664 2879 3739 ἡγεμόνι,
2920 3666 2987 3719 τὰ
3043 3668 3158 3720 κατ’
3190 3666 3349 3721 αὐτὸν
3405 3667 3461 3721 εὖ
3514 3670 3689 3722 πάντα
3733 3671 3819 3723 θε-

2175 3751 2333 3823 μένη,
2367 3750 2455 3807 διά
2483 3774 2631 3817 τινος
2661 3759 2768 3808 τῶν
2804 3752 2855 3807 ἐν
2916 3760 3032 3816 τοῖς
3083 3754 3309 3830 ῥήτορσι
3358 3756 3702 3830 γραμμένων,
3731 3756 3815 3829 τῷ

2170 3841 2257 3895 ἐπὶ
2310 3846 2406 3897 τοῦ
2471 3844 2640 3897 τόπου
2722 3845 3112 3917 ἡγεμονεύοντι
3179 3852 3501 3919 προσφοιτᾷ,
3555 3849 3643 3901 καὶ
3718 3847 3812 3901 τὸν

2170 3930 2337 4008 ἄνδρα
2372 3935 2652 4007 χρήμασιν
2703 3934 3032 4003 ὑπελθοῦσα,
3065 3933 3238 3991 ἐδεῖτο
3291 3937 3428 4010 αὐτῇ
3485 3939 3813 4013 χαρίσασθαι

2167 4025 2266 4092 τὴν
2308 4027 2406 4078 τοῦ
2451 4029 2645 4097 νεκροῦ
2703 4024 2951 4099 ἐκφοράν.
2987 4027 3079 4087 Τίς
3110 4024 3165 4081 δὲ
3210 4028 3237 4081 6
3278 4028 3467 4101 νεκρὸς
3516 4029 3607 4081 καὶ
3666 4027 3813 4088 ὅστις

2170 4112 2197 4165 ὁ
2255 4112 2456 4184 τρόπος
2516 4120 2615 4181 τῆς
2676 4112 2935 4183 τελευτῆς
3012 4115 3408 4190 ἑρμηνεύουσα,
3461 4117 3553 4171 τὸν
3610 4116 3807 4171 οῖκεῖον

2169 4198 2392 4277 ἔφασκεν
2433 4198 2620 4275 ἄνδρα,
2653 4203 2742 4256 τὸν
2784 4202 2835 4257 ἐν
2881 4208 2949 4277 τῇ
3005 4204 3257 4275 στρατείᾳ
3304 4205 3371 4259 τὰ
3402 4209 3590 4279 πρῶτα
3637 4202 3812 4259 διενε-

2166 4289 2384 4363 γκόντα,
2429 4287 2658 4365 λαμπρά
2686 4311 2745 4345 τε
2772 4292 2857 4345 καὶ
2911 4300 3174 4368 περιφανῆ
3232 4292 3525 4363 πολλάκις,
3559 4295 3625 4348 τὰ
3675 4294 3812 4348 κατὰ

2167 4382 2275 4432 τῶν
2325 4377 2609 4450 πολεμίων
2664 4382 2933 4449 στήσαντα
2978 4383 3231 4454 τρόπαια,
3273 4384 3361 4436 καὶ
3411 4382 3649 4444 πολλοῖς
3694 4389 3812 4445 τοῖς

2165 4469 2279 4522 κατ’
2366 4468 2542 4522 αὐτῶν
2628 4466 3189 4543 ἐγκαλλωπισάμενον
3273 4470 3649 4547 ἀριστεύμασι,
3712 4473 3804 4527 τὸν

419 4534 654 4606 quidem
688 4556 860 4610 quam
898 4559 999 4613 par
1021 4549 1162 4611 erat,
1188 4554 1589 4605 consecutum.
1617 4551 1819 4622 Hujus,
1844 4553 2054 4625 inquit,

2175 4557 2292 4629 βίον
2325 4554 2433 4611 ὦδε
2465 4557 2816 4633 μεταλαχεῖν,
2862 4557 3002 4631 μηδὲ
3048 4567 3148 4629 τῆς
3194 4568 3372 4634 ταφῆς
3421 4563 3809 4634 προσηκούσης

419 4638 520 4692 ego
553 4640 765 4696 corpus
796 4629 962 4685 valde
992 4634 1195 4687 studeo
1226 4632 1283 4688 in
1318 4652 1486 4692 suam
1529 4640 1845 4697 transferre
1876 4643 2058 4711 regio-

417 4728 570 4767 nem.
613 4716 771 4769 Cedil.
818 4716 1014 4788 itaque
1064 4722 1370 4789 provinciae
1421 4743 1630 4795 praeses
1678 4729 1964 4800 petitioni,
2006 4739 2061 4787 et

412 4804 702 4871 permittit
751 4808 799 4861 ei
858 4808 1041 4865 facere
1100 4814 1244 4883 quod
1308 4816 1660 4886 postulabat.
1707 4820 1812 4876 Illa
1868 4830 2058 4879 autem

414 4893 505 4947 sui
558 4895 792 4963 quidem
846 4898 1034 4954 mariti
1084 4918 1318 4973 corpus,
1352 4907 1452 4976 qui
1497 4907 1555 4961 in
1606 4908 1795 4965 aliena
1833 4912 2061 4981 regione

413 4982 513 5036 diu
547 4988 681 5040 ante
710 5002 741 5040 e
768 4986 914 5042 vivis
944 5000 1289 5061 excesserat,
1319 5002 1697 5054 monumento
1746 5003 2063 5057 mandave—

417 5075 527 5140 rat,
562 5072 617 5127 in
652 5074 707 5129 id
743 5074 955 5145 injecto
986 5082 1240 5149 pulvere.

482 5255 554 5310 X.
591 5257 734 5313 Cum
768 5260 947 5331 igitur
981 5264 1253 5337 martyris
1285 5283 1494 5339 corpus
1525 5271 1881 5341 sustulisset,
1914 5279 1971 5329 et
2003 5275 2059 5329 id

411 5358 613 5399 rursus
648 5348 933 5417 unxisset,
964 5359 1017 5406 et
1038 5352 1407 5423 splendidius
1439 5360 1879 5430 composuisset,
1903 5366 1958 5417 et
1991 5380 2062 5418 ne

411 5428 522 5485 hoc
580 5432 950 5493 Christianus
999 5441 1285 5514 quispiam
1345 5446 1494 5503 scire
1552 5428 1774 5519 posset,
1817 5449 1875 5505 in
1929 5466 2062 5506 arca

413 5517 680 5589 oleagina
737 5521 1133 5596 imposuisset,
1183 5536 1240 5586 et
1283 5517 1691 5593 abscondisset
1736 5517 1892 5609 (nam
1943 5538 2059 5609 pri-

415 5623 579 5663 mum
636 5610 868 5682 quidem
923 5614 1162 5674 timebat
1205 5623 1467 5691 gentium
1500 5625 1815 5698 insaniam,
1849 5627 2061 5685 deinde

2168 4645 2479 4716 ἀξιωθέντα.
2514 4647 2745 4719 Τούτου,
2779 4647 2934 4721 φησὶ,
2966 4650 3058 4703 τὸν
3108 4651 3293 4723 νεκρὸν
3350 4650 3454 4725 ἐγὼ
3512 4651 3601 4705 διὰ
3640 4672 3804 4705 σπου-

2170 4731 2270 4803 δῆς
2301 4736 2418 4808 ἄρτι
2452 4734 2669 4807 τίθεμαι
2717 4736 2852 4811 πρὸς
2894 4739 2994 4807 τὴν
3032 4739 3229 4793 οἰκείαν
3277 4746 3626 4812 μετενεγκεῖν.
3660 4741 3809 4795 Εῗκει

2165 4828 2453 4898 τοιγαροῦν
2487 4825 2514 4878 6
2545 4832 2644 4893 τῆς
2678 4824 2945 4899 ἐπαρχίας
2976 4828 3200 4901 ἡγεμὼν
3231 4830 3365 4902 πρὸς
3413 4830 3513 4897 τήν
3572 4828 3808 4898 αἴτησιν,

2170 4911 2259 4965 καὶ
2290 4913 2545 4985 πράττειν
2576 4911 2713 4986 αὒτῇ
2753 4914 2814 4968 τὸ
2845 4916 3246 4990 παριστάμενον
3290 4916 3564 4991 ἐπιτρέπει
3600 4938 3612 4950 ·
3659 4921 3694 4987 ἠ
3752 4916 3814 4971 δὲ

2169 5001 2259 5056 τὸν
2299 5002 2393 5073 μὶν
2423 5007 2521 5056 τοῦ
2558 5002 2754 5071 ἑαυτῆς
2785 5000 2979 5079 ἀνδρὸς
3010 5005 3194 5078 νεκρὸν
3252 5005 3343 5060 τὸν
3401 5005 3520 5079 βίον
3569 5005 3817 5062 ἐπάλλο-

2172 5085 2349 5159 δαπῆς
2391 5088 2594 5160 πολλῷ
2625 5092 2886 5166 πρότερον
2919 5091 3321 5157 καταλύσαντος
3356 5095 3603 5168 μνήματι
3644 5116 3821 5169 παρα-

2172 5175 2395 5233 δεδώκει
2428 5179 2577 5234 κόνιν
2608 5176 2965 5238 ἐπιϐαλοῦσα.

2242 5269 2299 5323 Ῑ’.
2333 5270 2439 5324 Τὸν
2471 5266 2527 5323 δὶ
2555 5273 2651 5323 τοῦ
2696 5270 2967 5345 μάρτυρος
3016 5271 3133 5346 ἄρτι
3186 5273 3485 5347 ἀνελομένη
3545 5274 3824 5350 μυρίσασά

2170 5378 2228 5412 τε
2288 5356 2461 5430 αὖθις,
2496 5356 2855 5433 λαμπρότερα
2904 5381 2963 5414 τε
3028 5358 3421 5435 περιϐαλοῦσα,
3468 5365 3555 5418 καὶ
3626 5366 3703 5428 ὡς
3759 5364 3828 5419 ἂν

2173 5448 2363 5520 μήτινι
2427 5451 2587 5502 τοῦτο
2651 5452 2840 5520 μαθεῖν
2889 5447 3115 5525 ὑπάρξοι
3164 5453 3528 5527 Χριστιανῶν,
3563 5453 3615 5508 ἐν
3671 5453 3824 5528 τύλῃ

2169 5535 2322 5613 ἐρέας
2385 5536 2642 5611 ἐνθεμένη
2698 5538 2787 5593 καὶ
2845 5540 3220 5616 ὑποκρύψασα,
3280 5541 3470 5599 ἐδεδίει
3528 5544 3634 5619 γὰρ
3683 5547 3828 5618 πρό.

2168 5646 2320 5701 τερον
2362 5628 2456 5700 μὲν
2497 5630 2605 5682 τῶν
2656 5626 2996 5701 ἐλληνίστῶν
3053 5632 3153 5700 τήν
3216 5633 3427 5707 μανίαν,
3463 5634 3596 5706 μετά
3644 5638 3828 5691 ταῦτα
