4048 6202
255 301 406 362 1153

1519 291 2008 353 MAR'I‘YRIUM
2053 291 2115 349 S.
2163 289 2374 350 VARI.

3493 291 3648 352 1154

249 459 305 517 δὲ
336 459 534 531 πολλῷ
563 458 733 514 πλέον
780 460 889 512 τῶν
950 449 1186 510 εὐσεϐῶν
1252 454 1352 522 τήν
1405 451 1737 527 θερμότητα,
1769 449 1894 505 πάν-

2019 454 2227 516 autem,
2261 453 2318 504 et
2366 446 2550 503 multo
2592 447 2779 518 magis
2829 447 3058 519 piorum
3098 449 3406 521 fervorem,
3459 453 3653 508 omni-

245 570 352 604 των
403 549 477 609 ὡς
515 549 578 603 τὸ
626 546 771 608 εἰκὸς
821 543 976 620 ἔργον
1017 548 1182 599 τοῦτο
1224 539 1646 597 σπουδαιότατον
1697 561 1889 594 ποιου-

250 641 427 713 μένων
480 637 809 711 ἀναιρεῖσθαι
854 639 961 688 τῶν
1017 634 1147 707 ὑπὲρ
1196 634 1430 705 Χριστοῦ
1485 632 1770 694 παθόντων
1825 631 1891 684 τὰ

247 728 498 800 λείψανα,
548 725 758 780 τούτων
809 721 898 777 οῦν
946 723 1020 782 ὡς
1069 719 1268 790 ἥδιστα
1314 719 1435 795 περὶ
1495 723 1659 775 ταῦτα
1701 717 1890 773 διαπο-

245 816 546 890 νουμένων,
604 814 779 882 ἐκείνη
853 813 951 882 τὴν
1030 808 1402 879 Παλαιστίνην
1461 803 1891 881 καταλαμϐάνει.

249 906 426 963 Αὐτοῦ
485 902 542 958 δὲ
587 901 851 978 γενομένη
901 903 1036 955 κατά
1080 920 1198 956 τινα
1246 900 1442 972 κώμην
1494 897 1640 972 παρὰ
1667 903 1747 970 τῷ
1791 903 1893 952 Θα-

249 991 441 1070 ϐωρίῳ
497 993 777 1066 κειμένην,
829 989 1000 1066 ’Έδρα
1058 988 1114 1044 δὲ
1165 990 1576 1062 κατωνόμαστο,
1635 989 1695 1042 τὸ
1750 992 1891 1051 θεῖον

251 1089 409 1157 σῶμα
475 1086 576 1138 τοῦ
671 1083 946 1156 μάρτυρος
1035 1078 1396 1148 κατατίθεται,
1474 1074 1764 1150 λαμπάδας
1838 1096 1895 1130 τε

254 1173 591 1250 ὑφάπτουσα,
654 1172 740 1226 καὶ
808 1171 994 1224 πολλὰ
1049 1173 1156 1222 τῶν
1210 1169 1460 1240 εὐόσμων
1509 1166 1760 1233 καίουσα,
1802 1167 1891 1218 καὶ

671 1083 946 1156 μάρτυρος

252 1261 341 1317 διὰ
387 1268 557 1334 τιμῆς
607 1259 787 1330 πάσης
847 1259 1071 1336 ἄγουσα,
1104 1259 1177 1319 ὥς
1239 1257 1331 1311 οὖν
1389 1256 1532 1312 πολύ
1568 1278 1621 1311 τι
1678 1256 1894 1324 πλῆθος

249 1351 549 1425 ἀνθρώπιον
606 1353 737 1418 ἧκον
796 1348 884 1404 ἐπὶ
932 1349 1030 1416 τήν
1080 1347 1236 1420 σορὸν
1286 1346 1452 1420 ἑώρα,
1493 1351 1744 1419 πανταχῆ
1792 1345 1896 1418 γὰρ

250 1437 356 1510 ἤδη
399 1444 565 1493 τοῦτο
597 1433 946 1508 διαϐεϐόητο,
989 1436 1081 1490 καὶ
1128 1434 1329 1496 πάντας
1368 1436 1402 1504 ἡ
1455 1434 1602 1507 ὀσμή
1651 1437 1759 1487 τῶν
1797 1433 1894 1486 αὖ·

249 1535 352 1586 τοῦ
401 1529 644 1608 χαρίτων
697 1529 860 1600 ὀξέως
916 1525 1122 1594 ἐκάλει,
1155 1527 1244 1579 καὶ
1287 1524 1380 1587 οὓς
1413 1524 1632 1599 χαλεπή
1665 1545 1749 1586 τις
1781 1522 1896 1578 ἐπι-

250 1618 487 1676 πεσοῦσα
543 1619 701 1681 νόσός
758 1616 954 1687 ἐπίεζε,
986 1617 1075 1671 καὶ
1133 1614 1224 1677 οὓς
1280 1619 1526 1690 πονηροῦ
1589 1615 1898 1686 πνεύματος

253 1715 497 1785 συνεῖχεν
548 1708 811 1783 ἐνέργεια,
861 1707 1055 1768 πάντες
1102 1706 1206 1780 γὰρ
1254 1710 1322 1779 τῇ
1371 1708 1469 1770 τῆς
1522 1707 1684 1778 σοροῦ
1728 1724 1899 1778 προσ-

2004 543 2136 610 bus,
2171 545 2236 596 ut
2274 556 2378 612 par
2423 546 2565 605 erat,
2597 538 2850 593 maximo
2896 540 3085 594 studio
3135 543 3641 612 contendentibus,

1998 648 2069 687 ne
2103 629 2442 686 tollerentur
2471 626 2730 699 reliquiw
2765 643 2988 693 eorum,
3021 629 3121 699 qui
3158 631 3313 701 passi
3343 639 3510 687 erant
3542 649 3643 704 pro
3731 695 3734 698 _

1997 721 2270 792 Christo),
2304 718 2455 775 venit
2497 719 2557 774 in
2587 717 2975 774 Palaestinam.
3009 718 3154 774 Cum
3197 721 3317 776 illic
3348 722 3557 779 fuisset
3587 725 3648 780 in

1999 811 2255 883 quodam
2296 809 2420 865 vico
2451 809 2551 880 qui
2592 807 2739 862 situs
2788 811 2913 863 erat
2943 809 3104 878 juxta
3135 808 3517 880 Thaborium,
3553 815 3647 869 cui

2001 916 2213 956 nomen
2262 903 2382 953 erat
2412 898 2576 957 Edra.
2613 896 2851 967 deponit
2890 896 3154 954 divinum
3187 915 3396 970 corpus
3431 907 3649 972 marty-

2000 993 2098 1061 ris,
2176 991 2589 1062 lampadesque
2675 989 3023 1057 accendens,
3103 994 3159 1045 et
3221 1006 3396 1047 urens
3463 994 3648 1049 multa

2000 1080 2310 1146 odorifera,
2370 1079 2426 1133 id
2487 1079 2738 1132 habebat
2787 1078 2845 1132 in
2904 1078 3061 1134 omni
3131 1079 3368 1136 honore.
3448 1081 3650 1138 Postca

2000 1172 2202 1226 videns
2226 1183 2495 1239 magnam
2521 1167 2829 1222 hominum
2854 1169 3297 1224 multitudinem
3321 1172 3647 1227 venientem

2003 1261 2074 1316 ad
2107 1257 2360 1313 loculum
2403 1257 2552 1328 (erat
2581 1255 2735 1311 enim
2786 1258 2833 1312 is
2876 1258 2996 1327 jam
3059 1258 3324 1314 omnium
3384 1277 3652 1317 sermone

2002 1348 2350 1416 celebratus,
2409 1349 2466 1401 et
2509 1346 2651 1400 odor
2699 1346 2824 1415 ejus
2883 1346 3203 1416 gratiarum
3251 1365 3458 1405 omnes
3538 1350 3650 1406 cito

2001 1436 2267 1500 vocabat,
2303 1440 2420 1490 tam
2453 1435 2554 1505 qui
2587 1435 2747 1507 gravi
2787 1434 2983 1507 aliquo
3034 1437 3236 1492 morbo
3283 1436 3648 1509 laborabant,

2004 1541 2176 1598 quam
2229 1541 2373 1595 quos
2432 1523 2673 1595 maligni
2731 1523 2972 1595 spiritus
3029 1524 3270 1581 vexabat
3316 1529 3574 1598 operatio
3631 1546 3645 1584 :

2003 1631 2209 1671 omnes
2240 1613 2398 1670 enim
2447 1630 2549 1683 per
2591 1629 2890 1669 accessum
2925 1614 2999 1669 ad
3030 1614 3312 1683 loculum,
3348 1633 3474 1672 mox
3504 1617 3648 1676 libe-

2006 1705 2286 1760 rabantur
2343 1703 2413 1758 ab
2453 1702 2525 1758 iis
2585 1719 2712 1774 quas
2771 1703 2855 1758 eis
2915 1702 3240 1760 molestiam
3292 1706 3650 1777 efferebant),

254 1799 469 1855 αλεύσει
513 1802 619 1853 τῶν
665 1795 1038 1872 ἐνοχλούντων
1091 1794 1247 1856 εὐθὺς
1300 1792 1746 1864 ἀπηλλάττοντο,
1783 1791 1898 1847 δέον

2019 1791 2367 1848 existimavit
2432 1796 2694 1862 oportere
2762 1792 3004 1862 martyri
3050 1794 3335 1866 templum
3402 1796 3653 1853 excitare

253 1890 412 1962 ᾠήθη
462 1888 554 1943 καὶ
602 1887 728 1941 ναὸν
773 1888 977 1960 ἒγεῖραι
1020 1886 1099 1956 τῷ
1144 1886 1373 1958 μάρτυρι
1407 1884 1598 1937 σεπτὸν
1648 1885 1682 1952 ἡ
1743 1881 1898 1960 φιλό-

260 2000 482 2053 μαρτυς,
525 1977 660 2044 ἐπεὶ,
695 1974 750 2032 δὲ
811 1973 995 2051 εἷ’χετο
1047 1981 1150 2044 τῆς
1209 1970 1535 2046 οἷκοόομῆς,
1578 1970 1898 2034 πολυτελῶς

257 2067 386 2142 ἄγαν
434 2067 524 2122 καὶ
566 2064 900 2140 φιλοτίμως,
932 2065 1110 2118 ποίων
1174 2064 1266 2136 μὲν
1323 2062 1589 2140 χαρίτων,
1626 2061 1785 2121 ποίας
1842 2058 1899 2115 δὲ

262 2159 354 2212 σὺ)
437 2155 610 2228 ἡδονῇ
699 2155 842 2230 ὥρας
919 2152 1096 2227 ἐκείνῃ

259 2243 514 2321 ἔμπλεως
569 2245 853 2322 γενομένη,
905 2242 1087 2321 χαίρει
1144 2244 1250 2317 γὰρ
1323 2242 1478 2319 ψυχὴ
1533 2239 1705 2296 καλοῦ
1759 2242 1896 2315 πρα-

259 2357 472 2414 γματος
504 2333 940 2408 ἐπιμελουμένη,
969 2336 1131 2388 τοῦτο
1175 2333 1294 2404 μὲν,
1325 2331 1408 2386 ὅτι
1459 2330 1613 2407 φύσει
1660 2330 1722 2384 τὸ
1773 2329 1900 2406 ἀγα-

259 2429 350 2483 θὸν
407 2432 580 2502 χαρᾶς
621 2425 876 2498 πρόξενον
917 2428 1033 2484 τοῖς
1074 2420 1457 2496 ἐργαζομένοις
1487 2417 1596 2494 ςδιὰ
1643 2420 1741 2486 τήν
1795 2420 1899 2473 ἀπὸ

256 2523 357 2572 τοῦ
397 2513 704 2578 συνειδότος
751 2512 1154 2589 πληροφορίαν,
1185 2513 1345 2564 τοῦτο
1393 2506 1450 2564 δὲ
1502 2510 1588 2563 καὶ
1647 2506 1736 2563 διὰ
1800 2509 1897 2576 τὴν

260 2605 627 2679 ἐλπιζομένην
677 2600 970 2671 ἀντίδοσιν,
1013 2605 1190 2675 χαρᾶς
1235 2599 1326 2653 οῦν
1367 2600 1741 2669 πληρωθεῖσα,
1786 2602 1902 2659 τοῖς

260 2699 516 2769 κρατοῦσι
566 2695 828 2772 χρήμοτα
866 2691 1069 2762 πέμπει
1111 2694 1276 2762 τιμῆς
1321 2687 1542 2758 ἀξιῶσαι
1593 2687 1688 2743 τὸν
1737 2685 1903 2741 παῖδα

257 2792 362 2854 τῆς
393 2785 519 2858 παρ’
549 2783 732 2842 αὐτοῖς
764 2779 1114 2852 αἱτουμένης,
1145 2777 1234 2832 καὶ
1285 2779 1628 2852 παραχρῆμα
1679 2775 1905 2851 βασιλι-

263 2877 351 2929 καὶ
409 2874 538 2947 παρ’
596 2871 732 2945 αὐτῇ
793 2864 1088 2937 συλλαϐαὶ,
1126 2862 1436 2943 βεϐαιοῦσαι
1487 2871 1566 2939 τῷ
1631 2864 1784 2921 παιδὶ
1841 2867 1903 2920 τὸ

1192 2149 1584 2228 προσμειδώση
1596 2174 1639 2222 ς,
1723 2155 1897 2226 χαρᾶς

265 2961 501 3019 ἀξίωμα.

335 2966 348 3015 ί
488 3005 501 3019 .
1003 2979 1016 2993 ⁸

301 2966 528 3109 ξΙαᾹξίῗΗ
577 3047 633 3105 δὲ
686 3048 822 3112 τέως
864 3048 960 3121 μὲν
1018 3041 1264 3120 ἀναϐολῇ
1309 3046 1372 3100 τὸ
1438 3051 1659 3121 πρᾶγμα
1692 3042 1904 3117 δίδωσι,

270 3139 391 3212 περὶ
464 3139 564 3206 τὴν
643 3133 946 3208 οἰκοδομὴν
1025 3133 1402 3208 ἐμμελέστατα
1477 3131 1904 3206 διαπονουμένη,

2009 1882 2428 1949 venerandum,
2454 1880 2667 1936 mulier
2694 1897 2900 1938 amans
2924 1886 3265 1954 martyrum.
3290 1885 3434 1940 Cum
3459 1892 3651 1942 autem

2009 1987 2220 2042 magno
2271 1977 2532 2042 sumptu,
2582 1974 2639 2025 et
2686 1986 2897 2041 magna
2975 1974 3348 2030 contentione
3426 1981 3658 2048 urgeret

2009 2060 2452 2116 aediﬁcationem
2480 2058 2854 2130 (quibusnam
2878 2059 3110 2132 quidem
3135 2062 3362 2132 gratiis,
3395 2080 3650 2135 quanam

2008 2153 2200 2206 autem
2234 2166 2355 2205 cuzn
2383 2148 2701 2219 voluptate,
2739 2147 3029 2220 elegantia
3068 2154 3125 2205 et
3155 2152 3346 2222 specie
3385 2153 3504 2210 illic
3536 2171 3650 2210 non

2010 2239 2323 2312 arridente)
2391 2238 2520 2310 ipsa
2597 2240 2808 2295 referta
2892 2237 3105 2294 laetitia:
3182 2241 3430 2312 (laetatur
3494 2245 3650 2299 enim

2009 2328 2227 2396 anima,
2259 2327 2342 2383 rei
2375 2327 2629 2398 pulchrae
2660 2343 2858 2383 curam
2889 2343 3116 2399 gerens,
3151 2330 3358 2401 partim
3391 2332 3650 2403 quidem,

2011 2417 2166 2488 quod
2209 2417 2355 2472 bono
2406 2419 2614 2471 natura
2644 2416 2722 2471 sit
2753 2416 3016 2484 insitum,
3051 2422 3114 2472 ut
3143 2417 3235 2488 iis,
3270 2421 3372 2490 qui
3411 2421 3466 2476 id
3511 2438 3653 2494 ope-

2012 2510 2238 2571 rantur,
2270 2504 2540 2559 conciliet
2596 2502 2905 2573 ltetitiam;
2954 2507 3165 2576 partim
3225 2516 3420 2564 autem
3480 2511 3656 2567 etiam

2012 2597 2248 2667 propter
2312 2608 2463 2662 eam,
2539 2609 2666 2663 quae
2724 2597 3014 2664 speratur,
3082 2597 3660 2671 remunerationem),

2012 2682 2321 2756 pecuniam
2375 2680 2558 2736 mittit
2610 2681 2684 2736 ad
2725 2697 2844 2747 eos,
2888 2682 2990 2753 qui
3022 2698 3214 2740 rerum
3263 2687 3655 2758 potiebantur,

2014 2775 2217 2844 petens
2240 2775 2304 2826 ut
2334 2771 2554 2827 honore
2582 2785 2753 2826 suum
2786 2770 3173 2843 dignarentur
3203 2774 3409 2830 ﬁlium.
3443 2777 3654 2834 Statim

2015 2866 2210 2917 autem
2270 2860 2342 2916 ad
2391 2875 2518 2915 eam
2577 2868 2710 2915 sunt
2764 2861 2959 2917 missa
2998 2860 3198 2918 littera
3246 2864 3655 2939 imperatoriae,

2015 2951 2357 3021 dignitatem
2384 2948 2503 3006 ﬁlio
2534 2948 2878 3006 tribuentes.

2088 3039 2181 3095 ΧΙ.
2219 3039 2318 3095 llla
2348 3055 2482 3095 vero
2516 3055 2638 3094 rem
2671 3039 2906 3110 quidem
2942 3040 3133 3097 dill‘ert
3161 3042 3416 3113 interim,
3441 3048 3504 3100 ut
3536 3062 3658 3118 quae

2018 3129 2079 3183 in
2109 3128 2446 3184 aediﬁcando
2480 3125 2772 3183 laboraret
2793 3127 3262 3199 diligentissime.
3296 3133 3438 3188 Cum
3470 3139 3660 3190 autem

273 3227 388 3283 ἐπεὶ
440 3225 494 3281 δὲ
541 3228 608 3282 τὰ
652 3230 749 3280 τοῦ
797 3229 927 3280 ναοῦ
958 3224 1121 3298 πέρας
1155 3225 1294 3298 εἶχε,
1327 3222 1416 3278 καὶ
1447 3222 1522 3284 εἷς
1552 3224 1722 3293 τιμήν
1752 3223 1907 3285 οὗτος

2026 3219 2255 3273 ﬁnitum
2295 3223 2450 3273 esset
2469 3217 2778 3289 templum,
2811 3218 2988 3290 idque
3010 3224 3191 3276 staret
3220 3229 3576 3279 exstructum
3603 3224 3663 3280 in

274 3319 512 3387 εῗστηκει
541 3321 620 3388 τῷ
685 3317 938 3390 μάρτυρι,
969 3312 1231 3389 συγκαλεῖ
1273 3314 1366 3386 μὲν
1407 3313 1531 3374 τοὺς
1594 3319 1692 3381 τῆς
1750 3311 1913 3386 ἐπαρ-

274 3408 405 3484 χίας
453 3405 781 3466 ἐπισκόπους
833 3403 922 3458 καὶ
971 3401 1388 3478 πρεσϐυτέρους,
1423 3401 1510 3455 ἐπὶ
1554 3406 1622 3475 τῇ
1663 3405 1758 3454 τοῦ
1787 3404 1914 3455 ναοῦ

272 3494 611 3568 καθιερώσει.
647 3491 921 3567 Συγκαλεῖ
975 3490 1030 3546 δὲ
1083 3491 1173 3546 καὶ
1218 3490 1337 3545 ὅσοι
1366 3495 1472 3545 τῶν
1509 3494 1763 3565 μοναχῶν
1826 3489 1913 3544 ἐπὶ

274 3593 352 3659 τῷ
407 3588 526 3641 κατ’
556 3586 754 3661 ἀρετὴν
816 3585 918 3658 βίῳ
972 3581 1300 3656 διέλαμπον,
1330 3583 1418 3637 καὶ
1471 3584 1569 3653 τῆς
1631 3587 1795 3656 σοροῦ
1852 3583 1914 3635 τὸ

276 3676 419 3747 ἱερὸν
498 3679 656 3747 σῶμα
724 3677 822 3728 τοῦ
902 3674 1174 3747 μάρτυρος
1233 3669 1584 3742 έκκομίσασα,
1645 3668 1916 3745 λαμπρῶς

276 3763 365 3819 ἐπὶ
395 3763 730 3824 πολυτέλοῦς
762 3760 1015 3826 κατέθετο
1061 3759 1279 3828 κλίνης,
1311 3757 1537 3830 ἐπέθηκέ
1595 3780 1653 3814 τε
1708 3759 1798 3813 καὶ
1856 3760 1916 3827 ἣν

277 3856 305 3908 ὁ
337 3859 462 3916 παῖς
494 3849 760 3929 χλαμύδα
814 3853 904 3906 καὶ
964 3851 1141 3920 ζώνην
1202 3846 1413 3903 ἐνδύναι
1461 3853 1557 3903 τοῦ
1607 3849 1915 3921 ἀξιώματος

275 3939 528 4017 ἔμελλεν,
587 3940 957 4018 εὐλογηθῆναί
1013 3961 1070 3994 τε
1128 3943 1344 4013 πρῶτον
1407 3938 1552 4011 παρὰ
1631 3941 1737 3991 τῶν
1807 3935 1919 3991 ἐκεῖ

275 4032 666 4103 συνελθόντων,
710 4033 803 4086 εἷθ’
851 4029 1025 4091 οὕτως
1075 4023 1506 4102 περιϐαλλέσοαι
1555 4029 1743 4080 τοῦτον
1801 4025 1919 4080 ἒκά·

1594 4113 1915 4192 ὃοξολογίαν

279 4213 420 4284 ὁμοῦ
467 4215 548 4281 τῷ
604 4213 763 4265 παντὶ
809 4208 1011 4279 πλήθει
1043 4207 1413 4280 ποιησαμένη,
1447 4206 1578 4275 αὐτῆ
1639 4225 1698 4260 τε
1751 4204 1841 4258 καὶ
1890 4205 1917 4258 ὁ

278 4305 407 4362 παῖς
466 4296 785 4362 ὑπελθόντες
849 4303 1057 4371 πρῶτοι
1104 4298 1166 4352 τὸ
1231 4300 1392 4369 σῶμα
1447 4299 1544 4349 τοῦ
1625 4295 1917 4369 μάρτυρος,

278 4390 368 4444 καὶ
434 4391 592 4442 τοῦτο
671 4383 1134 4451 διαϐαστάσαντες,
1193 4386 1243 4441 έν
1301 4392 1380 4459 τῷ
1463 4389 1560 4440 τοῦ
1609 4389 1736 4439 ναοῦ
1787 4385 1918 4459 ἱερῷ

281 4476 649 4548 θυσιαστηρίῳ
677 4478 838 4549 ἱερῶς
874 4478 1263 4544 κατατίθενται,
1290 4476 1357 4530 τὰ
1409 4474 1455 4530 δ’
1496 4474 1583 4530 ἐπὶ
1625 4474 1839 4535 τούτοις
1883 4475 1918 4540 ἡ

273 4143 402 4198 τερα
480 4124 895 4197 παρεσκεύασεν,
958 4117 1143 4175 ἔπειτα
1226 4118 1503 4193 πάννυχον

2023 3312 2306 3367 honorem
2367 3311 2662 3382 martyris,
2730 3317 3011 3368 convocat
3060 3314 3296 3383 quidem
3358 3317 3663 3386 provincias

2023 3401 2327 3471 episcopos
2349 3403 2404 3453 et
2436 3399 2800 3471 presbyteros
2823 3401 2890 3455 ad
2917 3403 3119 3471 templi
3143 3406 3663 3461 consecrationem.

2025 3489 2316 3544 Convocat
2359 3493 2554 3542 autem
2609 3487 2928 3544 monachos
2959 3491 3157 3558 etiam,
3192 3493 3291 3562 qui
3323 3492 3536 3548 virtute
3571 3511 3664 3550 rc—

2025 3578 2422 3650 splendebant.
2456 3579 2519 3632 Et
2550 3594 2682 3634 cum
2715 3595 2745 3634 e
2771 3579 2961 3636 loculo
3002 3598 3233 3637 sacrum
3267 3599 3478 3653 corpus
3514 3602 3665 3640 mar-

2023 3667 2163 3740 tyris
2221 3667 2548 3731 extulisset,
2610 3667 2666 3721 id
2721 3667 2780 3722 in
2824 3671 3132 3740 magniﬁco
3192 3671 3340 3727 lecto
3401 3674 3670 3744 praelate

2027 3757 2317 3828 deposuit.
2376 3755 2662 3824 Imposuit
2716 3757 2892 3811 etiam
2951 3757 3291 3831 clamydem,
3354 3766 3411 3817 et
3464 3779 3667 3817 zonam

2026 3845 2349 3915 dignitatis,
2383 3859 2554 3915 quam
2587 3843 2744 3899 ﬁlius
2775 3862 2919 3900 suus
2943 3852 3063 3902 erat
3093 3848 3427 3920 induturus,
3469 3849 3668 3907 volens

2027 3939 2090 3988 ut
2122 3935 2376 4004 primum
2410 3933 2890 3990 benedicerentur
2920 3935 2991 3991 ab
3034 3935 3125 4004 iis,
3161 3938 3255 4008 qui
3291 3938 3423 3994 illuc
3456 3956 3663 3996 conve-

2027 4030 2252 4090 nerant,
2287 4022 2497 4077 deinde
2529 4025 2842 4093 utrumque
2874 4024 3160 4081 indueret.
3188 4029 3385 4099 Itaque
3408 4046 3540 4084 cum
3566 4047 3669 4102 per

2029 4115 2258 4166 noctem
2318 4109 2490 4165 simul
2525 4127 2649 4164 cum
2685 4115 2806 4167 toto
2841 4114 3055 4184 populo
3106 4116 3334 4172 fecisset
3382 4118 3672 4191 gloriﬁca—

2026 4199 2266 4268 tionem,
2298 4199 2424 4270 ipsa
2449 4204 2505 4254 et
2535 4199 2688 4255 ﬁlius
2709 4201 2882 4256 simul
2905 4203 3224 4260 subeuntes
3253 4207 3426 4277 primi
3459 4225 3670 4281 corpus

2028 4288 2324 4359 martyris,
2367 4291 2424 4342 et
2451 4286 2508 4340 id
2545 4286 2814 4356 ferentes,
2865 4298 3230 4348 sacrosancte
3261 4294 3563 4366 deponunt
3612 4297 3672 4352 in

2030 4393 2193 4432 sacra
2216 4393 2314 4431 ara
2337 4375 2556 4446 templi.
2581 4378 2720 4433 Post
2749 4377 2872 4433 haec
2897 4386 3093 4435 autem
3115 4398 3318 4438 amans
3345 4390 3673 4455 martyrum

2029 4465 2348 4536 Cleopatra,
2381 4465 2650 4521 ardenter
2679 4466 2906 4523 instans
2937 4473 2994 4524 et
3023 4468 3371 4544 lacrymans,
3406 4474 3526 4528 {ilio
3573 4489 3677 4529 suo

281 4566 625 4646 φιλόμαρτυς
701 4563 1045 4636 Κλεοπάτρα,
1101 4567 1461 4638 προσκειμένη
1540 4567 1756 4638 θερμῶς
1830 4564 1907 4616 κα

2033 4558 2090 4610 et
2135 4554 2245 4610 sibi
2294 4555 2447 4610 bona
2498 4554 2746 4610 ﬁdeliter
2794 4558 3024 4628 petebat
3053 4575 3086 4614 a
3132 4565 3402 4631 martyre.
3439 4563 3677 4619 Interim

283 4653 611 4730 δακρύουσα,
638 4658 716 4726 τῷ
763 4651 918 4706 παιδί
965 4673 1023 4707 τε
1061 4654 1149 4706 καὶ
1201 4654 1363 4726 ἑαυτῇ
1393 4654 1457 4706 τὰ
1508 4653 1674 4726 ἀγαθὰ
1715 4651 1920 4710 πιστῶς

285 4744 404 4820 ᾔτει
479 4745 625 4821 παρὰ
678 4748 777 4800 τοῦ
841 4743 1134 4817 μάρτυρος,
1195 4741 1246 4796 ἐν
1312 4742 1489 4813 τούτῳ
1557 4739 1612 4795 δέ

289 4835 433 4901 θείας
485 4834 822 4911 λειτουργίας
877 4835 1036 4906 ἱερῶς
1096 4831 1462 4898 τελεσθείσης,
1521 4831 1750 4904 ποικίλῃ
1825 4831 1918 4904 μεν

286 4925 376 4979 καὶ
420 4923 646 5000 λαμπρᾷ
696 4928 763 4998 τῇ
819 4922 1056 4996 τραπέζῃ
1103 4925 1229 4983 τοῦς
1288 4919 1396 4975 ἐκεῖ
1447 4919 1804 4982 συνελθόντας
1847 4919 1920 4972 εἱ-

289 5014 515 5082 στία,τὰ
561 5011 618 5067 δὲ
666 5013 789 5088 περί
837 5014 938 5081 τὴν
987 5009 1260 5065 διακονίαν
1326 5028 1528 5079 ταυτην
1577 5007 1657 5080 τῷ
1704 5029 1762 5062 τε
1821 5009 1924 5078 υίῷ

285 5105 377 5159 καὶ
427 5104 591 5176 ἑαυτῇ
639 5101 886 5166 ἀνετίθει.
923 5103 1022 5158 Ἦν
1057 5098 1114 5155 δὲ
1144 5097 1590 5176 παρηγγελμένον
1622 5102 1701 5170 τῷ
1769 5094 1924 5152 παιδὶ

285 5194 434 5268 παρὰ
461 5195 564 5263 τῆς
610 5193 845 5266 μητέρος
880 5188 1010 5265 μηδ’
1042 5192 1274 5246 ὁποσοῦν
1312 5188 1526 5266 βρωτοῦ
1574 5209 1721 5249 τινος
1751 5186 1786 5256 ἣ
1821 5207 1921 5241 πο-

283 5288 381 5338 τοῦ
437 5281 700 5356 πρότερον
744 5276 1094 5355 μεταλαϐεῖν,
1125 5279 1248 5354 πρίν
1306 5277 1364 5334 δὲ
1420 5279 1488 5334 τα
1531 5285 1631 5347 τῆς
1683 5275 1923 5352 εὐωγίας

288 5373 364 5435 εἷς
396 5371 561 5448 πέρας
601 5371 798 5436 ἐλθεῖν.
834 5371 991 5428 Οὕτω
1021 5374 1128 5425 τῶν
1157 5369 1280 5444 περὶ
1311 5371 1410 5437 τήν
1461 5366 1698 5444 εὐωχίαν
1757 5366 1925 5439 πέρας

288 5460 552 5534 ἐχόντων,
584 5465 683 5525 τῆς
729 5460 936 5533 ἡμέρας
985 5480 1043 5514 τε
1071 5457 1179 5529 ἤδη
1238 5455 1522 5524 κλινάσης,
1557 5455 1702 5509 αλλὰ
1728 5453 1790 5507 τῦ
1830 5457 1922 5507 νῦν

289 5549 615 5624 ῥηθήσεσθαι
691 5548 894 5621 μέλλον
960 5547 1323 5622 μικροψόχων
1411 5548 1504 5620 μὲν
1563 5544 1776 5619 ταράξει
1835 5543 1924 5597 καὶ

288 5638 453 5700 ἇκοὰς
483 5637 573 5692 καὶ
603 5639 805 5712 ψυχας,
838 5643 944 5691 τῶν
995 5635 1052 5691 δὲ
1091 5641 1224 5692 Θεοῦ
1265 5637 1500 5712 τρόπους
1552 5633 1673 5688 ὅσον
1713 5631 1926 5709 ἐφικτον

1672 4743 1774 4814 ἄρα
1822 4747 1922 4808 τῆς

2033 4651 2228 4700 autem
2259 4643 2456 4699 divino
2481 4645 2806 4700 ministerio
2838 4653 3207 4706 sacrosancte
3238 4655 3488 4721 peracto,
3520 4652 3679 4708 varia

2033 4734 2268 4806 quidem
2318 4737 2375 4788 et
2417 4733 2723 4804 splendida
2770 4751 2974 4793 mensa
3003 4739 3226 4811 accepit
3257 4756 3376 4808 eos,
3410 4741 3507 4813 qui
3538 4741 3678 4797 illuc

2034 4825 2445 4878 convenerant.
2480 4823 2615 4887 Qua
2647 4828 2838 4881 autem
2864 4827 3231 4898 pertinebant
3264 4829 3334 4884 ad
3369 4829 3472 4884 hoc
3504 4829 3681 4884 mini-

2034 4912 2295 4981 sterium,
2330 4909 2450 4966 ﬁlio
2504 4916 2563 4968 et
2592 4913 2704 4969 sibi
2736 4915 3098 4987 imponebat.
3132 4917 3275 4974 Filio
3308 4934 3440 4974 vero
3499 4923 3687 4975 mater

2028 5001 2305 5072 jusseral,
2366 5003 2432 5056 ut
2488 5018 2593 5058 nec
2661 5002 2884 5075 cibum,
2945 5021 3051 5061 nec
3127 5013 3330 5078 potum
3403 5013 3682 5078 sumeret,

2036 5089 2373 5162 priusquam
2431 5091 2665 5147 ﬁnitum
2698 5097 2852 5149 esset
2887 5094 3236 5152 convivium.
3274 5095 3487 5154 Deinde
3519 5099 3680 5154 ﬁnito

2037 5178 2318 5247 convivio,
2379 5184 2438 5235 et
2491 5179 2583 5235 die
2635 5181 2759 5252 jam
2819 5182 3154 5252 inclinante,
3187 5186 3323 5256 (Sed
3383 5188 3464 5258 id,
3524 5188 3677 5258 quod

2037 5285 2194 5325 nunc
2223 5269 2536 5324 dicendum
2567 5274 2679 5337 est,
2699 5271 2948 5328 turbabit
2978 5273 3218 5346 quidem
3263 5291 3431 5332 aures
3471 5281 3528 5331 et
3557 5276 3680 5332 ani-

2037 5375 2163 5415 mos
2209 5373 2408 5415 eorum
2460 5359 2560 5430 qui
2617 5364 2758 5416 sunt
2813 5361 3008 5434 pusilli
3064 5366 3122 5419 et
3169 5364 3378 5436 abjecti
3427 5365 3606 5421 animi
3661 5383 3675 5421 :

2036 5463 2236 5505 eorum
2294 5452 2514 5516 autem,
2573 5451 2698 5522 qui,
2730 5452 2914 5522 quoad
2972 5453 3098 5524 ejus
3155 5453 3276 5510 ﬁeri
3336 5459 3545 5526 potest,
3582 5457 3678 5511 Dei

2037 5536 2269 5592 modum
2295 5541 2609 5606 norunt,et
2630 5555 2856 5611 magnae
2876 5539 3038 5598 illius
3059 5542 3355 5614 sapientiae
3379 5544 3681 5614 providen-

2041 5625 2173 5680 tiam
2209 5625 2633 5696 admirabilem,
2663 5629 2847 5703 magis
2865 5632 3109 5688 movebit
3131 5631 3389 5705 linguam
3413 5633 3481 5688 ad
3506 5634 3679 5688 bene-
