4012 6220
419 312 572 373 1155

1720 303 1997 363 MENSIS
2044 301 2424 363 OCTOBER.

3684 310 3835 369 1156

412 470 745 531 dicendum,
772 470 827 523 et
849 466 1049 521 factum
1072 463 1497 519 admittendum
1516 468 1744 534 propter
1766 478 1916 530 eam,
1942 479 2064 533 qua:

2180 457 2423 527 εἰδότων,
2471 458 2560 515 καὶ
2620 464 2722 526 τῆς
2780 459 3028 535 μεγάλης
3085 460 3291 517 ἐκείνου
3334 464 3527 541 σοφίας
3592 464 3835 541 παρειδῦ-

411 576 481 616 ex
510 575 575 615 eo
606 557 818 622 evenit,
846 554 1204 624 utilitatem),
1240 569 1382 624 puer
1403 553 1663 609 defessus
1686 553 1742 607 in
1778 568 1885 608 suo
1914 551 2060 608 lecto

409 648 763 706 recumbebat
785 650 1181 700 :materautem
1204 642 1307 695 ﬁlii
1325 641 1585 698 osculata
1602 641 1832 697 oculos:
1857 646 2060 713 Surge,

412 738 519 805 ﬁli,
556 738 808 801 dicebat,
840 739 895 789 et
926 750 1059 788 cum
1094 740 1274 786 matre
1316 732 1511 785 cibum
1538 746 1725 786 sume.
1760 730 2059 795 Quomodo

411 829 565 885 enim
595 828 823 883 defesso
847 828 901 879 et
928 822 1127 893 jejuno
1152 820 1940 891 fueritsomnusjucundus?
1960 819 2061 874 Ille

413 922 606 973 autem
636 931 770 971 cum
804 932 833 968 a
863 911 1189 967 vehementi
1221 916 1275 964 et
1306 914 1474 963 acuta
1510 910 1664 963 febre
1682 908 2058 975 detineretur,

415 1024 485 1061 ne
518 1006 687 1060 matri
740 1003 976 1075 quidem
1013 1003 1237 1072 poterat
1269 998 1634 1068 respondere.
1669 1002 1809 1052 Tum
1836 1002 2058 1052 mater:

411 1099 597 1159 Certe,
629 1093 841 1164 inquit,
878 1106 979 1145 nec
1010 1105 1115 1159 ego
1160 1088 1395 1159 quidem
1438 1086 1657 1154 cibum,
1700 1090 1800 1139 aut
1840 1086 2059 1156 aliquid

411 1184 568 1240 aliud
599 1182 867 1255 gustabo,
904 1178 1013 1233 nisi
1040 1178 1200 1248 prius
1232 1176 1587 1243 intellexero,
1624 1176 1917 1246 quomodo
1945 1175 2062 1229 haec

412 1292 505 1330 res
544 1272 798 1329 evenerit
841 1271 979 1324 ﬁlio.
1035 1268 1097 1322 Ei
1128 1268 1305 1338 igitur
1347 1266 1615 1321 assidens
1644 1265 1955 1332 insomnis,
2007 1268 2062 1319 et

412 1364 600 1421 morbi
633 1364 917 1427 ardorem,
951 1363 1015 1414 ut
1056 1362 1301 1430 poterat,
1335 1357 1707 1428 refrigerans,
1740 1360 1839 1410 aut
1871 1356 2061 1427 potius

412 1455 523 1510 sibi
564 1454 756 1525 ignem
806 1450 1131 1505 accendens
1165 1464 1193 1502 e
1224 1447 1563 1511 visceribus,
1597 1446 1755 1502 circa
1804 1445 2058 1499 mediam

411 1549 641 1600 noctem
695 1539 913 1611 (qualia
961 1545 1096 1593 sunt
1156 1536 1256 1592 Dei
1308 1534 1620 1607 judicia!)
1668 1532 1813 1589 vidit
1872 1532 2058 1588 ﬁlium

410 1633 612 1687 morbo
646 1629 996 1693 confectum,
1030 1632 1086 1681 et
1110 1627 1399 1696 jacentem
1430 1628 1752 1679 mortuum.

2171 550 2293 620 ξους
2363 549 2702 622 οἰκονομίας,
2758 554 2967 621 κινήσει
3022 551 3235 625 μᾶλλον
3293 555 3393 623 την
3446 554 3712 631 γλῶτταν
3765 557 3833 616 εἰς

2169 638 2467 719 εὐφημίαν,
2507 641 2596 695 καὶ
2653 640 2716 695 τὸ
2757 643 2990 718 γεγονὸς
3022 639 3375 712 ἀποδέξονται
3423 647 3525 712 τῆς
3576 648 3721 718 πρὸς
3778 649 3833 700 τὸ

2172 728 2445 805 συμφέρον
2505 726 2798 791 ἐκϐάσεως.
2858 727 3000 801 ’Ήδη
3059 735 3189 807 γοῦν
3243 732 3381 799 πρὸς
3447 733 3682 809 ἑσπέραν
3743 734 3835 800 ὧν,

2169 819 2477 879 κατάκοπος
2538 820 2565 873 ὁ
2620 825 2746 880 παῖς
2797 821 3043 895 γεγονὼς
3086 825 3154 894 τῇ
3206 821 3398 876 ἑαυτοῦ
3452 823 3611 898 κοίτῃ
3662 845 3835 897 προσ-

2172 906 2517 963 ανεκλίνετο*
2568 910 2602 976 ἠ
2656 906 2714 962 δὲ
2767 911 2954 983 μήτηρ
3016 914 3299 985 προσφῦσα
3346 918 3461 972 τοῖς
3493 919 3593 966 τοῦ
3634 911 3835 973 παιδὸς

2171 996 3048 1074 ὀφθαλμοῖς,”Λνίστασο,τέκνον,
3072 996 3353 1074 ἔλεγε,καί
3393 1000 3484 1055 σῦν
3516 1007 3589 1075 τῇ
3632 1004 3834 1077 μητέρι

2170 1085 2422 1141 κοινώνει
2476 1093 2684 1162 τροφῆς
2726 1107 2738 1120 ·
2792 1092 2908 1149 ’πῶς
2950 1089 3052 1161 γὰρ
3104 1088 3165 1142 ἃν
3212 1089 3377 1151 ὕπνος
3418 1088 3556 1159 ἡδὺς
3613 1113 3834 1165 κεκμη-

2171 1174 2288 1229 κότι
2328 1176 2419 1229 καὶ
2460 1174 2631 1247 ἂσίτῳ
2663 1174 2899 1251 γένοιτο,
2934 1177 2961 1229 ὁ
2994 1176 3070 1232 δὲ.
3105 1173 3295 1252 λάϐρῳ
3324 1199 3381 1232 τε
3406 1180 3497 1233 καὶ
3530 1182 3647 1249 ὀξεῖ
3672 1203 3838 1254 πυρε-

2169 1268 2248 1335 τῷ
2287 1263 2525 1338 κάτοχος
2559 1262 2657 1333 ὢν,
2692 1263 2815 1318 οὐδὲ
2850 1262 3019 1342 λόγον
3059 1259 3187 1340 ἔσχε
3232 1270 3301 1337 τῇ
3346 1269 3545 1342 μητέρι
3596 1269 3836 1343 ἀποκρί-

2170 1364 2380 1420 νασθαι,
2423 1352 2511 1406 καὶ
2544 1352 2678 1420 αῦτή
2707 1373 2720 1385 ’
2743 1359 2811 1409 ‘H
2848 1355 2981 1425 μὴν,
3015 1349 3140 1432 ἔφη,
3178 1352 3301 1409 οῦδὲ
3344 1356 3450 1431 ἐγὼ
3480 1366 3696 1432 τροιρῆς
3743 1360 3835 1413 οῦ-

2171 1438 2227 1495 δέ
2292 1463 2437 1503 τινος
2498 1443 2896 1516 ἁπογεῦσομαι,
2954 1444 2999 1498 εὶ
3063 1445 3139 1517 μὴ
3200 1446 3463 1520 πρότερον
3532 1448 3667 1521 περὶ
3741 1455 3836 1503 τοῦ

2167 1531 2516 1604 πράγματος,
2550 1532 2701 1593 ὅπως
2746 1531 2804 1586 ἂν
2841 1528 3023 1605 ἀποϐῇ
3055 1537 3136 1605 τῷ
3168 1534 3271 1604 υἱῷ
3305 1536 3561 1607 μάθοιμι,
3593 1538 3688 1591 καὶ
3734 1535 3840 1605 ei-

2168 1643 2235 1676 τα
2261 1624 2692 1697 παρακαθημένη
2736 1628 2817 1695 τῷ
2856 1621 3010 1678 παιδὶ
3061 1625 3289 1692 ἄϋπνος,
3330 1625 3419 1679 καὶ
3469 1628 3562 1680 τὸν
3623 1626 3687 1681 ἐκ
3738 1636 3837 1695 τῆς

406 1723 565 1775 νόσου
629 1718 906 1798 φλογμὸν,
969 1714 1149 1788 ὥσπερ
1210 1714 1276 1781 ἦν
1338 1712 1561 1767 δυνατὸν
1631 1710 2005 1785 ἀναψύχουσα,
2056 1709 2091 1778 ἢ
2155 1710 2370 1781 μᾶλλον
2420 1711 2582 1785 ἑαυτῇ
2638 1713 2699 1766 τὸ
2757 1716 2863 1786 πῦρ
2913 1709 3081 1767 πλέον
3161 1714 3266 1769 ἀπὸ
3320 1719 3427 1769 τῶν
3488 1715 3836 1790 σπλάγχνων

408 1812 733 1874 ἀνάπτουσαι,
776 1807 899 1879 περὶ
937 1802 1101 1878 μέσας
1134 1802 1329 1863 νύκτας
1363 1805 1476 1873 (οἷα
1504 1802 1571 1855 τὰ
1602 1805 1698 1855 τοῦ
1730 1804 1864 1855 Θεοῦ
1903 1799 2140 1874 κρίματα
2170 1802 2231 1875 ί),
2274 1802 2373 1874 όρᾶ
2402 1802 2493 1855 τὺν
2524 1799 2691 1856 παῖδα
2739 1804 2807 1873 τῇ
2855 1802 2998 1875 νόσῳ
3037 1804 3482 1880 κατεργασθέντα,
3520 1807 3614 1860 καὶ
3643 1810 3836 1882 νεκρὸν

410 1898 621 1975 ἅφωνόν
654 1917 712 1952 τε
741 1896 831 1951 καὶ
863 1894 1065 1949 ἄπνουν
1097 1892 1370 1965 κείμενον.

483 1993 609 2045 ΧΙῐ.
642 1992 783 2045 Cum
816 2005 950 2058 ergo
1000 1987 1274 2042 acerbum
1310 1985 1464 2039 hunc
1500 1984 1735 2039 vidisset
1765 1986 2055 2046 eventum,
2090 1984 2142 2048 B

413 2082 669 2153 primum
705 2079 939 2149 quidem
996 2076 1256 2145 caligans
1317 2074 1478 2127 humi
1538 2072 1771 2136 decidit,
1822 2087 2065 2141 eamque

418 2170 619 2225 statim
678 2185 783 2221 vox
842 2166 1072 2233 defecit,
1107 2180 1240 2218 cum
1285 2163 1623 2232 repentinus
1662 2160 1828 2216 dolor
1862 2160 2068 2213 fuisset

417 2259 628 2328 linguae
662 2256 844 2310 instar
875 2252 1112 2308 vinculi.
1146 2252 1255 2307 Sed
1283 2268 1411 2306 cum
1440 2266 1641 2321 parum
1674 2251 1745 2305 ad
1778 2265 1836 2305 se
1868 2247 2070 2303 rediis-

418 2351 524 2413 set,
556 2349 613 2399 et
662 2342 927 2398 nonnihil
990 2341 1349 2411 resipuisset,
1383 2340 1645 2395 humeris
1680 2338 1891 2394 tollens
1918 2353 2069 2391 mor-

419 2444 581 2490 tuum
615 2450 825 2504 corpus
858 2432 983 2499 ﬁlii,
1007 2436 1064 2486 ct
1088 2431 1156 2485 ad
1201 2447 1423 2485 sacram
1458 2429 1517 2484 id
1549 2446 1710 2485 aram
1744 2428 1955 2491 ferens,
1988 2427 2069 2482 ibi

420 2525 677 2596 deponit,
710 2531 761 2578 et
794 2522 1039 2595 capillos
1063 2519 1304 2587 vellens,
1336 2520 1497 2592 luget
1522 2518 1704 2574 ﬁlium
1759 2535 1771 2573 :
1820 2517 2070 2581 Perdidi,

419 2614 641 2680 dicens,
687 2630 718 2668 ο
779 2612 881 2679 ﬁli,
928 2629 1142 2680 meam,
1197 2627 1324 2683 quae
1372 2610 1430 2664 in
1491 2614 1544 2665 te
1593 2608 1871 2665 collocata
1926 2614 2068 2675 erat,

420 2720 608 2775 spem.
655 2702 752 2757 Ηθὶ
781 2702 925 2757 mihi
953 2702 965 2755 Ι
995 2719 1027 2758 o
1062 2701 1164 2770 ﬁli,
1199 2700 1290 2755 hei
1324 2698 1503 2754 mihi!
1543 2716 1575 2753 ο
1608 2698 1782 2754 chare
1810 2696 1935 2763 ﬂos,
1968 2696 2070 2766 qui

420 2794 504 2849 sic
526 2800 658 2847 ante
693 2799 921 2862 tempus
955 2790 1256 2845 marcuisti
1283 2787 1728 2844 miserabiliter!
1768 2786 1865 2840 Hei
1902 2784 2065 2852 mihi,

420 2887 580 2937 tuum
643 2898 749 2952 ego
807 2882 985 2934 ﬁnem
1016 2880 1203 2944 video,
1244 2893 1376 2948 quae
1424 2876 1730 2946 sperabam
1770 2889 1897 2927 esse
1926 2891 1958 2926 a
2018 2880 2069 2927 te

420 2972 695 3026 alendam
729 2970 789 3023 in
824 2972 1120 3023 senectute
1155 2967 1166 3020 ι
1199 2965 1395 3020 Talem
1430 2980 1603 3029 nunc,
1635 2980 1667 3017 o
1700 2961 2066 3030 charissime,

423 3061 830 3113 alimentorum
865 3056 1003 3111 mihi
1034 3055 1215 3110 vicem
1250 3052 1482 3108 reddis!
1518 3051 1688 3106 Tales
1718 3067 1822 3121 ego
1858 3051 2070 3105 misera

421 3150 541 3219 spei
569 3162 711 3201 meae
741 3144 952 3216 colligo
977 3144 1200 3198 fructus
1226 3142 1236 3195 l
1266 3143 1387 3205 Quo
1415 3158 1531 3208 ore,
1566 3156 1819 3211 quanam
1842 3139 2065 3211 lingua,

419 3236 633 3307 quibus
666 3234 888 3289 deﬂebo
920 3232 1143 3288 oculisi
1176 3232 1401 3287 Utinam
1430 3245 1616 3285 meam
1650 3246 1751 3299 pro
1783 3235 1877 3283 tua
1911 3245 2063 3284 mor-

2237 1983 2339 2040 IB'.
2362 1984 2474 2038 Τοῦ
2515 1988 2643 2057 γοῦν
2682 1988 2881 2057 πικροῦ
2920 1984 3118 2040 τούτοτ
3168 1982 3449 2059 δράματος
3500 1987 3836 2061 αἰσθομένη,

2176 2074 2364 2141 πρῶτα
2423 2071 2517 2142 μὲν
2576 2072 2678 2126 ὑπὸ
2740 2072 2949 2146 ἰλίγγου
3004 2075 3146 2148 πρὸς
3195 2083 3298 2147 γῆν
3345 2078 3698 2145 καταπίπτει,
3746 2080 3838 2131 καὶ

2178 2160 2344 2227 αὐτὴν
2374 2161 2479 2233 πρὸ
2508 2167 2607 2229 τῆς
2656 2165 2843 2236 ψυχῆς
2888 2162 3150 2217 ἀπέλιπεν
3194 2166 3228 2234 ἡ
3262 2167 3436 2244 φωνή.
3472 2169 3585 2234 Τῆς
3626 2168 3838 2242 ἁθρόας

2178 2245 2361 2317 λύπης
2430 2249 2546 2303 ἀντὶ
2606 2246 2819 2322 δεσμῶν
2874 2254 2942 2324 τῇ
2995 2251 3218 2327 γλώττῃ
3267 2254 3654 2327 γεγενημένης,
3720 2257 3839 2310 εἶτα

2182 2337 2373 2411 μικρὸν
2430 2336 2809 2413 ἂνενεγκοῦσα,
2840 2339 2927 2394 καὶ
2989 2340 3185 2415 ὀλίγου
3243 2364 3295 2396 τι
3354 2342 3695 2416 ἀνανήψασα,
3743 2346 3833 2399 τὸν

2177 2430 2272 2479 τοῦ
2337 2424 2533 2489 παιδῦς
2601 2429 2785 2501 νεκρόν
2843 2428 2930 2483 ἐπὶ
2996 2435 3105 2484 τῶν
3167 2426 3335 2502 ὤμων
3397 2430 3709 2503 ἀνελομένη
3782 2436 3838 2488 ὃν

2179 2512 2435 2587 ἐδείματο
2492 2522 2572 2588 τῷ
2620 2518 2851 2593 μάρτυρι
2898 2515 3307 2592 καταλαμϐάνει
3365 2520 3517 2589 ναὸν,
3565 2526 3646 2594 τῷ
3699 2525 3835 2597 ἱερῷ

2177 2623 2236 2657 τε
2290 2608 2480 2658 τοῦτον
2542 2608 2914 2682 Ουσιαστηρίῳ
2983 2606 3217 2685 φέρουσα
3293 2610 3669 2683 παρατίθεται,
3744 2614 3830 2665 καὶ

2179 2696 2286 2746 τῶν
2344 2698 2556 2768 τριχῶν
2613 2692 2920 2769 λαϐομένη,
2953 2696 3087 2771 πρὸς
3144 2698 3234 2752 τὸν
3294 2695 3464 2752 παῖδα
3512 2698 3829 2772 ἀνῴμωξεν,

2181 2782 2464 2846 Ἀπώλεάς
2494 2803 2622 2855 μου,
2656 2782 2906 2857 λέγουσα,
2936 2786 3032 2846 τὰς
3064 2784 3153 2840 ἐπὶ
3186 2787 3293 2857 σοὶ,
3323 2789 3523 2856 τέκνον,
3558 2787 3829 2863 Elatiam}

2180 2869 2356 2942 οἷ’μοι,
2389 2870 2434 2924 ὦ
2475 2878 2594 2941 παῖ,
2627 2871 2781 2945 οἷ’μοι
2814 2872 2975 2951 φίλον
3007 2872 3184 2944 όίνοος,
3208 2876 3313 2951 πρὸ
3344 2883 3442 2945 τῆς
3471 2876 3622 2950 ὥρας
3653 2878 3828 2939 οῦτως

2178 2958 2428 3021 ἐλεεινῶς
2461 2960 2896 3032 ἀπομαρανθείςί
2951 2965 3089 3025 Φεῦί
3134 2965 3215 3019 δτι
3254 2965 3317 3018 τὸ
3367 2966 3458 3019 σὸν
3508 2964 3620 3041 ἐγὼ
3667 2966 3829 3029 τέλος

2177 3048 2312 3124 ὁρῶ,
2346 3048 2468 3117 ἥτις
2502 3049 2604 3103 ὑπὸ
2632 3049 2717 3103 σοὶ
2753 3050 2966 3122 μᾶλλον
2999 3051 3088 3105 καὶ
3146 3058 3264 3114 ταῖς
3313 3059 3429 3109 σαῖς
3480 3052 3671 3110 ἐλπίσι
3717 3078 3828 3131 γη-

2178 3138 2682 3212 ροτροφηθησεσθαι
2732 3136 2991 3207 ἤλπιζον.
3042 3141 3268 3195 τοιαῦτά
3313 3163 3405 3213 μοι
3444 3146 3535 3196 νῦν
3577 3141 3830 3215 ἐκτίνεις,

2180 3225 2207 3277 ὁ
2248 3223 2529 3301 φίλτατος,
2561 3226 2625 3280 τὰ
2654 3232 2917 3305 τροφεῖα;
2950 3230 3242 3293 Τοιούτους
3273 3232 3307 3299 ἡ
3342 3228 3551 3285 δειλαια
3581 3238 3691 3287 τῶν
3740 3233 3831 3288 ἐλ-

417 3331 530 3381 tetn
566 3325 945 3395 aspexissem,
972 3321 1153 3377 etﬁlii
1189 3321 1329 3375 mihi
1366 3320 1559 3375 charis
1596 3319 1865 3372 manibus
1906 3333 2064 3371 man-

2178 3312 2349 3368 πίδων
2400 3314 2505 3390 ἐγὼ
2556 3313 2826 3388 δρέπομαι
2876 3319 3002 3380 τοὺς
3048 3324 3328 3395 καρποῦς;
3372 3322 3519 3394 Ποίῳ
3570 3322 3827 3394 συόματι,

415 3417 549 3469 data
581 3429 768 3468 essem
804 3411 1199 3468 monimento!
1231 3410 1463 3465 Utinam
1495 3408 1625 3480 ipsa
1656 3406 1761 3461 tibi
1806 3407 2060 3473 iacerem

413 3505 604 3575 potius
653 3508 902 3567 mortua,
955 3506 1010 3556 et
1041 3502 1360 3556 honorarer
1391 3508 1486 3554 tuo
1541 3515 1814 3569 processu
1866 3498 1935 3552 ad
1970 3512 2063 3551 se-

412 3595 726 3667 pulcrum!
789 3594 881 3648 Sic
914 3592 1069 3648 enim
1120 3609 1223 3663 ego
1282 3606 1476 3646 essem
1535 3589 1689 3644 felix.
1728 3590 1820 3644 Sic
1879 3589 1936 3643 in
1972 3603 2063 3643 me

412 3682 615 3753 utique
639 3685 983 3737 conservata
1016 3683 1170 3735 esset
1200 3679 1285 3735 lex
1323 3683 1578 3751 patrum.

412 3772 515 3845 κρᾶ
544 3775 659 3831 ταῖς
695 3774 811 3830 σαῖς
843 3767 928 3823 ἐπὶ
972 3768 1062 3823 τὸν
1094 3768 1262 3845 τάφον
1292 3766 1577 3839 τιμωμένη
1609 3761 1868 3839 προόδοις
1904 3782 1915 3795 '
1947 3760 2090 3817 οῦτω
2131 3761 2233 3838 γὰρ
2267 3760 2333 3830 ἦν
2360 3758 2635 3836 εὐδαίμων
2664 3761 2768 3839 ἐγώ
2802 3783 2815 3797 ·

407 3868 516 3918 τῶν
550 3860 795 3935 πατέρων
831 3859 1075 3934 ἐτηρεῖτο
1106 3858 1298 3932 νόμος.

480 3954 633 4009 Xlll.
684 3953 778 4009 Sic
836 3953 1083 4020 dicebat,
1126 3956 1182 4007 et
1223 3951 1529 4023 procidens
1569 3966 1776 4005 rursus
1806 3948 2062 4018 lugebat,

412 4049 471 4101 et
504 4049 780 4114 tanquam
816 4042 1007 4096 adhuc
1040 4042 1362 4096 animatum
1394 4039 1799 4111 alloquebatur
1854 4052 2064 4107 corpus

416 4132 743 4204 martyris:
796 4131 1100 4195 Quodnam
1161 4133 1412 4195 tantum,
1477 4129 1700 4193 dicens,
1761 4144 1792 4182 o
1850 4127 2062 4181 Christi

415 4227 655 4292 martyr,
691 4219 927 4274 sceleris
961 4218 1327 4287 admisimus,
1365 4227 1423 4272 ut
1456 4219 1513 4272 in
1566 4218 1715 4272 hanc
1740 4224 1852 4271 tam
1903 4231 2063 4271 acer-

415 4312 551 4366 bam
610 4310 1003 4364 incideremus
1035 4308 1430 4363 calamitatem
1472 4308 1499 4359 ‘2
1534 4306 1681 4372 Non,
1738 4304 1949 4360 marito
2002 4304 2062 4358 in

416 4408 651 4458 externa
682 4400 917 4471 regione
949 4398 1171 4467 relicto,
1198 4396 1383 4469 pluris
1415 4412 1589 4467 quam
1614 4395 1837 4466 reliqua
1866 4394 2063 4449 omnia

417 4491 525 4547 feci
556 4495 722 4544 tuum
756 4494 1053 4559 exportare
1084 4503 1295 4556 corpus
1332 4486 1357 4541 ?
1391 4490 1512 4540 Non
1555 4486 1626 4541 ab
1660 4485 1806 4557 ipsis
1858 4484 2064 4538 funda-

416 4580 631 4636 mentis
662 4578 767 4634 tibi
791 4577 1077 4647 templum
1109 4576 1417 4632 exstruxi?
1446 4574 1591 4640 Non,
1622 4574 1669 4629 si
1704 4573 1848 4628 nihil
1880 4573 2059 4627 aliud.

2179 3404 2309 3475 ποίᾳ
2338 3402 2563 3477 γλώσσῃ
2597 3404 2661 3459 τὰ
2708 3408 2773 3460 σὰ
2812 3408 3137 3484 φθέγξομαι,
3184 3410 3364 3472 ποίοις
3406 3411 3649 3484 ὄμμασιν
3702 3414 3830 3467 ἁνα-

2174 3492 2526 3565 κλαῦσομαις
2575 3493 2812 3571 ’Ὄφελον
2854 3497 2946 3550 τὸν
2998 3497 3130 3570 ὲμῦν
3178 3500 3403 3555 θάνατον
3456 3498 3699 3568 ἐπεῖδον,
3740 3503 3824 3556 διαέ

2174 3588 2292 3643 ταῖς
2324 3587 2420 3636 τοῦ
2476 3580 2670 3645 παιδὸς
2701 3583 2825 3656 ἐμοὶ
2859 3584 3044 3663 φίλαις
3074 3586 3233 3662 χερσί
3262 3593 3341 3660 τῷ
3386 3592 3633 3662 μνήματι
3684 3612 3825 3665 παρ-

2174 3670 2391 3743 εδόθην.
2442 3671 2673 3749 Ὄφελον
2720 3675 2859 3744 αὐτή
2916 3696 3001 3730 σοι
3068 3677 3402 3750 προεκείμην
3468 3679 3690 3751 μᾶλλον
3737 3703 3827 3736 νε-

2870 3763 3044 3828 οὕτως
3085 3764 3143 3821 ἃν
3182 3766 3264 3822 ἐπ’
3302 3766 3427 3841 ἐμοὶ
3480 3767 3755 3840 δήπουθεν
3796 3774 3821 3825 ὁ

2244 3944 2341 3999 Il".
2378 3943 2566 4007 Οὕτως
2608 3941 2784 4021 ἔλεγε,
2835 3948 2924 4002 καὶ
2970 3953 3343 4004 καταπεσοῦσα
3398 3949 3562 4005 πάλιν
3617 3946 3815 4020 ἔστενε,

2174 4035 2263 4088 καὶ
2291 4034 2365 4095 ὡς
2397 4034 2635 4110 ἐμψύχῳ
2666 4035 2744 4091 ἔτι
2786 4042 2865 4110 τῷ
2902 4043 2999 4093 τοῦ
3050 4040 3323 4115 μάρτυρος
3384 4042 3600 4113 σώματι
3652 4039 3819 4097 διελέ·

2174 4143 2299 4198 γετο
2336 4142 2348 4154 °
2381 4123 2448 4179 Τί
2478 4123 2892 4193 τηλικοῦτον,ὧ
2921 4132 3016 4181 τοῦ
3046 4128 3281 4203 Χριστοῦ
3316 4128 3813 4204 μάρτυς,ἠδικηκα.

2177 4234 2272 4285 μεν
2316 4212 2569 4287 λέγουσα,
2603 4215 2677 4279 ὡς
2719 4221 2886 4291 πικρᾷ
2927 4217 3151 4291 τοιαύτῃ
3202 4224 3506 4292 περιπεσεῖν
3540 4226 3814 4298 συμφορᾷ,

2174 4302 2272 4357 οὐκ
2327 4304 2378 4357 ἐν
2437 4303 2705 4379 ἀλλοτρίᾳ
2756 4307 2845 4360 τὸν
2898 4305 3065 4382 ἄνδρα
3120 4308 3517 4379 καταλιποῦσα,
3555 4311 3655 4379 τήν
3722 4314 3816 4365 τοῦ

2174 4393 2429 4464 σώματος
2504 4391 2735 4469 ἐκφορὰν
2788 4396 2915 4469 περὶ
2988 4398 3187 4459 παντὸς
3246 4396 3442 4471 ἐθέμην
3507 4403 3606 4453 τοῦ
3675 4405 3816 4465 σοῦ;

2172 4480 2286 4538 Οὐκ
2334 4480 2386 4552 ἐξ
2429 4482 2604 4537 αὐτῶν
2660 4482 2944 4557 κρηπίδων
3002 4484 3307 4559 ἐδειμάμην
3357 4507 3451 4540 σου
3501 4487 3597 4542 τὸν
3656 4488 3814 4558 ναόνς

2172 4569 2307 4637 Οὐκ,
2341 4571 2385 4625 εἰ
2434 4574 2508 4645 μή
2559 4594 2612 4627 τι
2660 4572 2824 4644 ἄλλο,
2855 4575 2952 4645 τὴν
2998 4579 3126 4649 γοῦν
3180 4575 3283 4630 ἂπὸ
3316 4578 3499 4651 ψυχῆς
3536 4575 3819 4652 εῗστςνεγγα

414 4671 518 4727 tibi
552 4668 736 4726 obtuli
771 4682 963 4723 meum
1007 4665 1185 4721 animi
1220 4664 1585 4736 propositum
1615 4664 1642 4718 ?
1672 4662 1817 4728 Quid
1864 4666 2059 4717 autem

2178 4659 2465 4731 πρόθεσιν;
2519 4661 2585 4719 Τί
2643 4660 2701 4717 δέ
2759 4683 2854 4731 μοι
2909 4669 3076 4718 ταῦτα
3134 4660 3416 4735 ἐϐούλετο,
3462 4667 3527 4721 Τί
3583 4668 3649 4721 τὸ
3710 4668 3820 4720 ἀντ’

414 4762 538 4818 haec
595 4759 707 4817 sibi
757 4758 1007 4814 volunt?
1054 4754 1387 4825 Non,quod
1443 4769 1546 4824 pro
1604 4753 1675 4808 iis
1731 4752 2060 4822 petebatur,

415 4854 631 4909 bonum
666 4855 810 4917 erat,
842 4848 1003 4904 salus
1044 4846 1146 4901 ﬁlii
1177 4848 1205 4901 ?
1243 4845 1389 4911 Non,
1424 4849 1488 4899 ut
1545 4858 1732 4915 usque
1791 4844 1861 4899 ad
1894 4858 2061 4898 sene-

414 4948 633 4998 ctutem
666 4938 837 4995 simul
890 4942 1151 4992 maneret
1198 4950 1329 4990 cum
1364 4938 1599 5005 parente
1628 4936 1655 4987 ?
1686 4933 1785 4988 Hei
1820 4932 1996 4989 mihi!
2030 4948 2064 4987 a

416 5036 638 5103 quanta
669 5044 771 5099 spe
802 5025 989 5083 decidi
1017 5024 1028 5079 !
1055 5041 1154 5095 pro
1179 5023 1448 5095 qualibus
1473 5021 1674 5095 qualia
1695 5023 1811 5077 vidi
1838 5022 1848 5076 l
1876 5022 2005 5091 Sed,
2029 5037 2061 5077 0

416 5125 635 5191 martyr
663 5116 901 5181 Christi,
933 5114 1018 5169 vel
1067 5112 1204 5169 mihi
1238 5112 1419 5167 ﬁlium
1453 5112 1630 5167 redde
1666 5110 2059 5183 superstitem,

413 5211 566 5265 sicut
596 5206 833 5263 Elisaeus
877 5202 1254 5269 Sunamitidi,
1287 5202 1375 5258 vel
1407 5218 1477 5257 ne
1512 5200 1656 5256 mihi
1692 5205 1935 5257 mortem
1968 5200 2062 5254 in-

411 5297 607 5353 videas
656 5294 885 5366 utilem,
920 5295 1019 5351 sed
1070 5310 1197 5365 qua:
1256 5298 1373 5347 tam
1417 5291 1728 5346 infeliciter
1780 5289 1977 5362 peperi
2007 5292 2063 5344 et

413 5386 552 5455 alui,
606 5386 696 5442 fac
749 5402 841 5442 me
909 5383 1087 5440 etiam
1136 5382 1374 5438 interire
1434 5397 1566 5436 cum
1629 5380 1771 5435 ﬁlio.
1826 5380 2063 5435 Interim

412 5479 607 5531 autem
641 5475 783 5530 dum
818 5472 1115 5543 Cleopatra
1146 5470 1329 5525 ﬁlium
1352 5469 1555 5525 acerbe
1581 5467 1840 5532 deﬁeret,
1864 5472 1921 5522 et
1943 5482 2063 5536 eos,

416 5566 513 5639 qui
538 5566 797 5631 aderant,
821 5568 1095 5631 moveret,
1118 5563 1260 5617 utet
1280 5560 1410 5631 ejus
1434 5575 1605 5615 casus
1630 5557 2062 5623 misererentur,

414 5659 471 5712 et
502 5655 851 5728 profundum
890 5652 980 5708 Dei
1010 5649 1366 5722 judiciorum
1401 5649 1676 5721 abyssum
1700 5647 2063 5704 admiraren-

2174 4748 2341 4803 αὐτοῦ
2396 4750 2717 4823 αἰτούμενον
2775 4752 2996 4825 ἀγαθὸν.
3042 4752 3148 4829 οὐχ
3177 4757 3212 4823 ἡ
3245 4758 3342 4807 τοῦ
3389 4751 3584 4815 παιδὸς
3637 4777 3819 4826 σωτη-

2177 4838 2409 4912 ρία;οῦ
2458 4839 2519 4894 τὸ
2569 4840 2734 4914 μέχρι
2784 4842 2973 4914 γήρως
3027 4842 3117 4896 καὶ
3168 4839 3454 4918 πρεσϐείου
3485 4847 3554 4917 τῇ
3585 4847 3816 4919 τεκούσῃ

2174 4937 2657 5004 συμπαραμεῖναι;
2718 4938 2828 4988 Φεῦ
2879 4932 3012 4987 ο’ίων
3080 4933 3319 5014 έσφάλην
3381 4941 3491 4991 τῶν
3552 4935 3813 5001 ἐλπίδων,

2173 5023 2261 5075 οἷα
2300 5020 2414 5074 ἀνθ’
2457 5019 2584 5076 ὀίων
2620 5019 2757 5077 εἶδον
2792 5020 2919 5097 ἐγώ.
2962 5021 3143 5091 Ἀλλ’,
3169 5025 3196 5079 ὁ
3242 5029 3340 5079 τοῦ
3381 5030 3620 5099 Χριστοῦ
3671 5027 3815 5098 μάρ-

2172 5131 2287 5179 τυς,
2332 5106 2367 5175 ἤ
2427 5132 2521 5183 μοι
2577 5112 2666 5165 τὸν
2709 5109 2877 5166 παῖδα
2932 5114 3069 5169 κατὰ
3124 5114 3216 5167 τὸν
3271 5112 3580 5170 Ἐλισσαῖον
3629 5113 3817 5175 ἀνάδος

2172 5199 2431 5273 περιόντα
2485 5204 2555 5274 τῇ
2618 5199 2997 5272 Σουναμίτιδι,
3038 5204 3073 5273 ἢ
3114 5203 3341 5259 θανάτου
3403 5206 3478 5277 μή
3542 5207 3817 5279 φθονήσῃς

2174 5286 2517 5357 λυσιτελοῦς,
2551 5288 2698 5345 ἀλλᾶ
2735 5292 2835 5360 τὴν
2878 5290 3022 5347 οὕτω
3069 5292 3158 5345 καὶ
3216 5289 3505 5369 δυστυχῶς
3560 5298 3815 5349 τεκοῦσαν

2171 5378 2261 5431 καὶ
2313 5378 2652 5452 θρεψαμένην
2707 5379 2824 5452 ἐμὲ,
2877 5380 3229 5454 συνοίχεσθαε
3283 5386 3363 5453 τῷ
3420 5378 3574 5437 παιδῖ
3641 5404 3817 5457 ’παρα⁶

2174 5467 2455 5525 σκεύασον.
2504 5470 2595 5525 Ἐν
2640 5470 2819 5542 τούτῳ
2882 5470 2974 5524 τὸν
3034 5467 3203 5524 παῖδα
3258 5474 3467 5545 πικρῶς
3529 5471 3818 5527 ἀνακλαιο-

2178 5554 2343 5628 μένης
2400 5563 2501 5627 τῆς
2570 5562 2945 5633 Κλεοπατρας,
3010 5560 3101 5613 καὶ
3166 5558 3295 5623 τοῦς
3350 5560 3624 5633 παρόντας
3700 5561 3819 5617 λίαν

2174 5648 2491 5722 περιπαθεῖς
2560 5646 2917 5724 ποιουμένης,
2978 5649 3050 5712 ὡς
3106 5650 3197 5704 καὶ
3273 5649 3442 5719 αὐτῆς
3510 5650 3682 5707 έλεεῖν
3754 5649 3817 5708 τὸ
