4012 6220
405 292 560 351 1159
1752 282 2042 341 Μπῑκςςῐς
2089 280 2467 341 omnem.
3674 279 3838 339 “an

398 462 459 509 ut
490 450 739 522 singulis
772 447 1088 505 Dominicis
1112 446 1160 502 ei
1188 449 1410 517 martyr
1436 449 1732 514 appareret
1763 461 1895 499 cum
1927 444 1982 499 fil

2254 448 2378 519 ερῶν
2431 442 2522 496 τὸν
2586 439 2833 516 μάρτυρα
2880 444 2981 495 τοῦ
3040 438 3235 503 παιδὸς
3288 439 3340 496 ἐν
3406 440 3578 514 ὁμοίᾳ
3743 441 3838 495 γαῖ

397 542 461 599 in
522 540 745 609 eodem,
799 540 855 594 in
915 554 1028 610 quo
1078 536 1264 606 prius,
1317 535 1557 602 amictu,
1608 534 1735 605 ejus
1794 534 1981 590 dolore

2252 532 2422 607 ετερον
2482 530 2793 586 ἐπίστασθαι
2860 534 2929 603 τῇ
2988 526 3259 605 ἀναϐολῇ,
3309 532 3455 604 παρᾶ
3504 532 3707 605 ψυχῆν

399 631 786 689 consolantes.
820 628 1081 698 Septimo
1126 636 1322 682 autem
1355 641 1509 680 anno
1560 640 1681 679 suae
1730 624 1788 679 in
1840 624 1975 679 meli

2255 645 2309 697 τῃ
2367 619 2638 690 διδόντας,
2670 615 2788 682 ἔτος
2817 615 3054 693 ἕϐδομον
3098 619 3148 690 ἐξ
3189 616 3318 675 ὅτου
3370 620 3436 675 τὰ
3476 627 3579 689 τῆς
3650 640 3839 693 μετα-

398 723 529 777 vitae
562 717 924 787 mutationis,
957 733 1091 772 cum
1142 715 1314 786 plena
1361 718 1517 769 esset
1546 713 1750 768 diebus
1782 712 1982 784 spiritu

2249 718 2337 781 ti]:
2369 711 2504 785 πρὸς
2541 710 2605 765 τὸ
2638 709 2879 784 βέλτιον,
2920 710 3013 765 καὶ
3051 708 3277 784 πλήρης
3313 712 3535 783 ἡμερῶν
3569 714 3690 763 τῶν
3733 714 3833 763 τοῦ

399 813 459 868 in
490 826 626 883 pace
676 808 833 881 pacis
883 806 1116 878 quidem
1148 805 1249 861 Dei
1282 804 1577 875 spiritum,
1609 819 1822 875 corpus
1853 808 1983 859 aute

2247 802 2470 875 εύματος
2500 802 2792 875 γενομένη,
2826 799 2878 854 ἐν
2922 798 3136 873 εἰρήνῃ,
3165 802 3246 869 τῷ
3292 799 3384 870 μὲν
3438 805 3541 867 τῆς
3588 798 3831 871 εἰρήνης

400 900 777 958 commendat
807 896 947 963 filio,
979 900 1042 950 ut
1081 911 1227 966 quos
1258 910 1373 949 una
1404 893 1655 949 habebat
1684 894 1918 962 domus,
1951 909 1981 948 e

2246 895 2276 962 ξ)
2315 890 2377 945 τὸ
2442 895 2675 964 πνεῦμῃ,
2714 890 2777 944 τὸ
2824 893 2982 961 σῶμα
3025 886 3083 942 δὲ
3120 892 3201 960 τῷ
3248 887 3402 942 παιδὶ
3442 888 3830 960 παρατίθεται,

399 993 575 1047 etiam
635 1004 789 1044 unus
842 986 1115 1042 conderet
1171 984 1423 1050 loculus,
1457 987 1513 1038 et
1546 998 1616 1038 ne
1647 983 1770 1053 ipse
1813 981 1983 1052 quide

2292 980 2384 1043 οὓς
2456 980 2553 1054 μία
2618 979 2767 1054 εἶχεν
2821 976 2991 1047 οἷ’κία,
3038 977 3267 1041 τούτους
3334 976 3427 1032 καὶ
3497 978 3599 1049 μία
3660 982 3829 1051 σορὸς

397 1082 705 1136 amborum
764 1076 955 1147 pulvis
1014 1073 1467 1144 disjungeretur.
1500 1072 1645 1128 Cum
1697 1072 1910 1142 quibus
1955 1073 1981 1125 d

2243 1072 2446 1140 ττευθῆ,
2503 1069 2594 1124 καὶ
2665 1065 2804 1141 μηδέ
2853 1066 2986 1122 αὐτὰ
3043 1064 3235 1139 διαστῇ
3292 1067 3358 1120 τὰ
3428 1074 3530 1135 τῆς
3586 1067 3827 1130 κόνεως.

401 1184 633 1241 quoque
665 1165 832 1223 nobis
862 1164 1017 1219 Deus
1048 1179 1175 1217 esse
1209 1162 1390 1234 partis
1419 1176 1645 1229 eorum,
1678 1160 1777 1232 qui
1810 1176 1985 1216 servai

2246 1161 2291 1214 0‘
2332 1160 2405 1214 ὧν
2451 1156 2565 1231 δώῃ
2616 1158 2707 1213 καὶ
2754 1160 2892 1229 ἡμῖν
2943 1157 2970 1210 6
3020 1158 3149 1218 Θεὸς
3180 1163 3283 1225 τῆς
3314 1161 3418 1210 τῶν
3480 1158 3826 1229 σωζομένων

400 1264 519 1326 tur,
542 1263 595 1311 et
615 1256 810 1310 videre
832 1252 1129 1323 regionem
1159 1250 1479 1306 viventium
1505 1266 1518 1303 :
1543 1249 1818 1321 quoniam
1852 1249 1980 1321 ipsu

2242 1250 2400 1314 νέσθαι
2436 1244 2677 1323 μερίδος,
2716 1247 2807 1301 καὶ
2854 1247 2955 1315 τήν
3005 1250 3113 1301 τῶν
3163 1246 3381 1314 ζώντως
3424 1247 3617 1319 χώραν
3667 1244 3826 1315 ἰδεῖν,

404 1348 571 1403 decet
611 1344 804 1400 omnis
852 1341 1035 1413 gloria
1063 1343 1120 1396 et
1149 1338 1411 1395 adoratio
1463 1353 1617 1394 nunc
1647 1340 1703 1393 et
1732 1352 1967 1409 semper

2292 1340 2441 1412 αὐτῷ
2481 1338 2671 1413 πρέπει
2731 1342 2875 1390 πᾶσα
2915 1333 3062 1405 δόξα,
3094 1336 3231 1407 τιμὴ
3279 1335 3367 1389 καὶ
3420 1334 3829 1409 προσκύνησις,

398 1435 457 1490 in
492 1432 700 1490 secula
732 1431 1102 1487 saeculorum.
1142 1430 1348 1485 Amen.

2246 1452 2250 1473 ν
2305 1429 2395 1483 καὶ
2444 1428 2525 1482 ἀεὶ
2569 1427 2682 1499 ,καὶ
2746 1425 2823 1488 εἷς
2913 1425 3040 1485 τοὺς
3116 1423 3317 1486 αἰῶνας
3391 1424 3495 1478 τῶν
3580 1424 3830 1479 αἰώνων.

2164 1520 2362 1592 Ἀμήν-

1644 1867 2566 1998 ΜΑΡΥΡΙΟΝ

1120 2120 1824 2219 ἾΠῚΥᾸῊἾΟΥ
1910 2114 2704 2214 ΜΕΓΑΛΟΜΑΡ¹

1511 2120 1824 2217 ΙἾΟΥ
1910 2113 3095 2214 ΜΕΓΑΛΟΜΑΡΤΥΡΟΣ

1478 2329 2740 2504 ΑΡΤΕΜΙΟΥ.

1754 2753 2367 2840 ΜΑιιΤΥιιιυ
2388 2752 2465 2839 Μ

1201 2935 1625 3049 SANUTI
1708 2935 1851 3046 ET
1928 2934 2323 3048 MAGNI
2403 2933 3025 3047 MAll’l‘Yl’tlS

1669 3162 2562 3329 ARTEMII.

864 3433 1076 3503 (Graece
1107 3450 1175 3489 ex
1204 3434 1332 3491 cod.
1369 3451 1477 3492 ms.
1512 3435 1668 3491 Paris
1700 3452 1757 3491 n.
1794 3435 1967 3507 1480;
2000 3434 2200 3492 Latine
2232 3437 2386 3507 apud
2421 3433 2650 3490 Surium
2682 3433 2754 3489 ad
2786 3431 2940 3488 diem
2971 3432 3041 3488 20
3072 3431 3386 3495 Octobris.)

490 3745 533 3799 Ι.
570 3749 702 3801 Post
760 3746 991 3801 Domini
1043 3750 1099 3800 et
1145 3746 1479 3814 Salvatoris,
1526 3747 1704 3801 nostri
1762 3746 1819 3800 in
1881 3745 2054 3801 cmlos

2245 3747 2312 3801 ι’.
2348 3744 2500 3800 Μετὰ
2548 3744 2646 3811 τήν
2694 3746 2792 3798 τοῦ
2833 3743 3037 3817 Κυρίου
3086 3743 3179 3795 καὶ
3230 3750 3493 3816 Σωτῆρος
3541 3748 3710 3818 ἡμῶν
3757 3748 3829 3807 εἰς

410 3850 743 3902 ascensum,
769 3851 900 3891 cum
925 3836 1051 3904 ejus
1075 3836 1347 3906 discipuli
1373 3840 1429 3890 et
1450 3836 1695 3907 apostoli
1721 3836 1991 3891 universu

2242 3834 2423 3894 οανοὺς
2491 3831 2789 3905 ἀνάληψιν,
2848 3836 2955 3885 τῶν
3027 3832 3194 3887 αἶ)τοῦ
3266 3838 3527 3906 μαθητῶν
3600 3856 3661 3890 τε
3741 3839 3826 3891 καὶ

410 3924 608 3979 orbem
660 3933 822 3979 terra;
871 3924 1184 3996 Evangelio
1244 3925 1841 3996 comprehendissent,
1894 3932 1949 3980 et

2246 3923 2491 3978 οστὸλων
2547 3923 2646 3990 σὴν
2707 3917 3038 3995 οἰκουμένην
3116 3927 3289 3976 πᾶσαν
3357 3927 3435 3993 τῷ
3502 3923 3827 4000 Εὐαγγε).ἷῳ

413 4029 613 4068 omnes
662 4013 898 4083 quidem
951 4021 1143 4083 partes
1168 4014 1291 4081 jam
1321 4014 1635 4068 distributa
1673 4022 1819 4069 esset
1850 4014 1997 4085 praed

2238 4007 2602 4084 ριλαϐόντων,
2643 4010 2731 4065 καὶ
2791 4015 3074 4084 πανταχοῦ
3146 4012 3241 4083 μὲν
3318 4008 3663 4076 διαδοθέντος
3716 4014 3819 4083 ἤδη

408 4102 560 4156 catio
593 4102 842 4171 pietatis,
876 4102 925 4156 is
958 4106 1174 4167 autem,
1212 4101 1309 4173 qui
1345 4101 1417 4155 ab
1452 4102 1617 4157 initio
1651 4104 1847 4172 generi
1879 4103 1992 4157 bon

2237 4108 2263 4157 ὗ
2300 4109 2402 4171 τῆς
2447 4096 2717 4163 εὐσεϐείας
2769 4100 3123 4173 κηρύγματος
3170 4104 3268 4155 τοῦ
3326 4098 3383 4156 δὲ
3433 4101 3679 4176 ἀρχῆθεν
3734 4105 3821 4158 ἆν-

412 4207 551 4244 num
614 4191 978 4259 adversatur,
1012 4190 1395 4245 intolerandis
1454 4192 1761 4246 tormentis
1801 4208 1901 4263 per
1937 4208 1996 4246 eo

2246 4193 2474 4265 ιειμένου
2531 4196 2609 4263 τῷ
2651 4196 2759 4246 τῶν
2816 4190 3120 4265 ἀνθρώπων
3170 4191 3332 4265 γένει,
3378 4193 3642 4263 βασάνους
3704 4196 3830 4270 ἄρ’)-

412 4280 512 4349 qui
574 4284 711 4334 tunc
770 4296 964 4334 rerum
1027 4279 1416 4351 potiebantur,
1464 4280 1782 4349 subjiceret
1836 4280 1996 4336 ﬁdele

2244 4302 2360 4343 τοις
2392 4278 2479 4335 διὰ
2507 4286 2613 4335 τῶν
2662 4281 2784 4335 τότὲ
2833 4279 3178 4354 κρατούντων
3223 4275 3641 4342 ὑποϐάλλοντος
3698 4286 3828 4343 τους

414 4368 719 4439 oportebat
764 4368 1075 4439 aliquando
1125 4368 1488 4423 Christianos
1538 4368 1682 4423 solvi
1722 4387 1751 4423 a
1794 4368 1961 4424 malis

2246 4371 2518 4433 πεύοντας
2574 4368 2679 4424 ἔδει
2737 4370 2869 4424 ποτε
2945 4367 3100 4424 λύσιν
3168 4368 3415 4444 γενέσθαι
3484 4373 3830 4443 Χριστιανοῖς

417 4457 724 4525 molestiis,
778 4462 836 4513 et
887 4474 1020 4512 cum
1079 4457 1288 4512 acerba
1345 4457 1499 4511 nube
1548 4457 1861 4529 impietatis
1917 4458 2001 4514 sol

2244 4482 2275 4513 ιν
2328 4460 2579 4533 ἀνιαρῶν,
2645 4458 2736 4513 καὶ
2812 4459 2946 4530 μετὰ
3020 4462 3117 4513 τοῦ
3179 4462 3382 4531 πικροῦ
3457 4458 3653 4536 νέφους
3734 4467 3828 4527 τῆς

411 4548 592 4603 etiam
642 4550 1051 4617 tempestatem
1107 4548 1556 4611 tormentorum,
1585 4545 1797 4616 quibus
1850 4546 1995 4602 afﬁci

2246 4547 2419 4611 εϐείας
2472 4547 2703 4616 λυθῆναι
2768 4549 2858 4602 καὶ
2905 4547 2997 4602 τὸν
3047 4553 3299 4621 χειμῶνα
3326 4555 3427 4617 τῆς
3476 4550 3597 4603 κατ’
3652 4550 3830 4604 αὐτῶν

411 4640 648 4704 bantur,
681 4641 737 4693 et
768 4636 894 4692 sisti
926 4636 1143 4707 virgam
1187 4638 1581 4706 peccatorum,
1610 4652 1737 4707 quas
1786 4637 1995 4693 immiti

2246 4637 2463 4712 ιωρίας,
2497 4638 2587 4692 καὶ
2639 4643 2828 4706 στῆναι
2872 4632 3069 4713 ῥάϐδον
3122 4636 3469 4710 ἁμαρτωλῶν
3517 4638 3657 4693 κατὰ
3702 4639 3830 4709 κλη-

411 4729 586 4784 batur
617 4728 896 4783 adversus
927 4725 1318 4779 hereditatem
1342 4726 1665 4795 justorum.
1686 4725 1830 4780 Cum
1865 4732 1995 4781 aute

2242 4750 2270 4782 υ
2318 4726 2539 4782 δικαίων
2589 4725 2908 4803 ἀφιεμένην.
2945 4727 3095 4783 Ἐπεὶ
3136 4724 3193 4781 δὲ
3230 4725 3425 4801 ἀνδρὸς
3465 4724 3642 4782 ἐδεῖσο
3693 4730 3826 4801 πρὸς

414 4820 483 4873 ad
521 4818 629 4873 hoc
660 4821 813 4871 esset
843 4831 989 4887 opus
1019 4815 1141 4869 viro
1163 4814 1264 4885 qui
1290 4812 1531 4869 haberet
1561 4814 1850 4886 insignem
1884 4816 1998 4869 ani:

2239 4821 2355 4886 ὖτο,
2414 4821 2681 4890 περιφανῆ
2739 4817 2839 4885 τήν
2900 4822 3001 4885 τῆς
3052 4818 3237 4891 ψυχῆς
3295 4815 3563 4890 εὐγένειαν
3628 4838 3823 4884 κεκτη-

413 4904 801 4972 nobilitatem,
834 4903 970 4958 talis
1021 4907 1214 4958 autem
1247 4907 1369 4957 erat
1399 4902 1718 4958 Constantii
1752 4908 1808 4958 et
1840 4904 1997 4959 Heler

2240 4926 2361 4974 νου,
2401 4908 2653 4965 τοιοῦτος
2711 4901 2770 4958 δὲ
2826 4904 2854 4958 ὁ
2904 4905 3251 4968 Κώνσταντος
3315 4904 3407 4959 καὶ
3454 4902 3685 4974 Ἑλένης
3716 4906 3824 4965 υίὸς

410 4995 585 5052 ﬁlius.
638 4992 1059 5049 Constantinus
1108 4992 1354 5064 Magnus
1420 4992 1909 5064 cognominatus:
1953 4994 1994 5050 is

2236 4999 2568 5055 υνσταντῖνος
2630 4994 2658 5047 ὁ
2717 4994 2899 5068 Μέγας
2974 4992 3312 5064 ἒπικληθείς,
3370 4993 3657 5070 ἀφίσταται
3738 4997 3820 5069 μὲν

408 5085 593 5157 patrio
651 5082 886 5154 quidem
949 5081 1166 5137 recedit
1221 5097 1431 5144 errore,
1466 5098 1674 5136 arcano
1718 5084 1973 5153 quodam

2250 5106 2274 5147 ς
2325 5084 2555 5159 πατρίου
2612 5081 2828 5154 πλάνης
2896 5082 3193 5159 ἀπορρήτῳ
3248 5084 3356 5139 τινὶ
3420 5069 3523 5138 καὶ
3582 5087 3824 5157 θειοτέρα

411 5174 606 5228 divino
659 5170 927 5236 consilio,
978 5175 1033 5225 et
1083 5170 1305 5226 accedit
1363 5171 1434 5225 ad
1494 5171 1816 5226 veritatem.
1866 5172 1995 5227 Vini

2242 5172 2462 5247 ιονομίᾳ
2505 5173 2596 5228 καὶ
2642 5176 2711 5247 τῇ
2760 5171 2993 5244 ἀληθείᾳ
3036 5172 3406 5248 προστίθεται,
3436 5178 3561 5243 νικᾷ
3625 5171 3709 5245 δὲ,
3759 5175 3826 5233 ὡς

410 5264 590 5330 enim,
617 5264 682 5317 ut
701 5277 909 5318 omnes
941 5264 1152 5327 sciunt,
1178 5260 1447 5317 inimicos
1482 5277 1584 5333 per
1605 5262 1796 5318 crucis
1827 5262 1885 5317 in
1918 5279 1994 5320 cu:

2245 5282 2362 5324 ντες
2389 5260 2711 5330 ⁷ίσασι,τ«›ἰ›ς
2760 5260 2991 5337 ἐχθροὺς
3035 5258 3124 5315 διὰ
3178 5267 3279 5331 τῆς
3336 5260 3389 5316 ἐν
3449 5260 3671 5335 οὐρανῷ
3739 5265 3829 5316 τοῦ

413 5351 891 5424 apparitionem:
943 5356 999 5408 et
1056 5351 1303 5423 Magnus
1365 5350 1562 5405 statim
1620 5350 1962 5422 appellatur,

2244 5354 2405 5427 αυροῦ
2472 5349 2786 5427 ἐμφανείας,
2846 5350 2938 5405 καὶ
3006 5347 3189 5425 Μέγας
3248 5350 3407 5415 εὐθὺς
3462 5354 3532 5422 τῇ
3592 5371 3650 5404 τε
3710 5352 3828 5424 περί

412 5443 650 5513 propter
688 5438 919 5510 pietatis
965 5438 1461 5511 magnitudinem,
1493 5442 1552 5493 et
1582 5437 1641 5494 in
1672 5438 1866 5496 hostes
1892 5439 1996 5497 vict

2248 5463 2269 5496 ν
2356 5436 2627 5495 εὐσέϐειαν
2710 5437 3098 5516 μεγαλειότητι
3164 5442 3253 5495 καὶ
3336 5444 3406 5515 τῇ
3481 5442 3602 5494 κατ’
3658 5441 3832 5495 αὐτῶν

412 5532 581 5587 riam.
617 5530 832 5586 Deinde
878 5532 1053 5587 etiam
1086 5547 1299 5605 magno
1330 5531 1490 5603 Regi,
1522 5535 1579 5586 et
1609 5532 1902 5587 communi
1936 5549 1996 5589 or

2249 5552 2323 5605 ιῃ,
2354 5527 2838 5605 προσαγορεύεται,
2876 5528 2992 5583 εἶτα
3046 5527 3140 5584 καῖ
3193 5533 3274 5601 τῷ
3326 5528 3549 5604 μεγάλῳ
3610 5528 3833 5586 Βασιλεῖ

412 5622 575 5679 nium
616 5620 856 5677 Domino
888 5620 1134 5677 victoria:
1168 5622 1420 5677 reddens
1473 5619 1706 5692 gratias,
1740 5621 1922 5678 mittit
1962 5638 1996 5692 p

2245 5621 2282 5676 ιὶ
2322 5625 2479 5691 κοινᾷ
2534 5618 2748 5675 πάντων
2796 5618 3039 5693 Δεσπὸτῃ
3080 5619 3310 5695 χάριτας
3349 5626 3451 5688 τῆς
3503 5619 3661 5691 νίκης
3698 5619 3829 5675 ἄπο-
