4048 6202
235 356 386 418 1161

1441 350 1916 416 MARTYRIUM
1963 350 2026 414 S.
2070 352 2430 416 ARTEMII.

3485 359 3640 424 1162

231 522 436 592 διδοὺς,
471 520 722 598 δόγματα
749 521 865 580 τοῖς
924 516 1028 593 πρὸ
1075 519 1172 573 τοῦ
1221 513 1534 590 βασιλεῦσιν
1581 511 1872 587 ἀντίβροπο

1994 530 2198 572 omnes
2229 521 2422 586 partes
2473 515 2630 572 orbis
2662 521 2826 573 terrae
2865 517 3114 588 decreta,
3147 536 3273 592 quae
3304 529 3468 579 erant
3500 540 3636 582 con-

229 621 330 684 τῆς
393 611 720 685 οἰκουμένης
787 611 1070 686 πανταχοῦ
1139 603 1523 679 διαπέμπεται,
1587 602 1715 664 τοὺς
1785 603 1878 676 μὲν

228 713 336 764 τῶν
407 705 651 762 εἰδώλων
718 708 1093 779 καθαιρεῖσθαι
1161 702 1321 763 ναοὺς
1390 700 1478 753 καί
1548 699 1622 761 εἰς
1692 695 1884 774 ἔδαφος

228 799 709 872 καταστρέφεσθαι,
769 790 1247 866 ἀνοικοδομεῖσθαι
1299 787 1355 844 δὲ
1408 787 1574 844 πάλιν
1625 786 1707 843 ἐπ’
1757 786 1882 841 ὀνό-

235 910 365 962 ματι
397 890 634 961 Χριστοῦ
685 886 770 940 καὶ
823 888 928 939 τῶν
988 881 1153 937 αὐτοῦ
1215 883 1472 954 μαθητῶν
1528 878 1616 933 καὶ
1671 875 1878 951 μαρτῦ·

232 999 364 1055 ρων,
425 977 609 1041 ο’ἷκους
665 980 1008 1053 παριφανεῖς,
1065 973 1152 1029 καὶ
1212 972 1274 1034 ’ἀς
1334 973 1525 1045 πρώην
1586 968 1881 1040 ἐκκλησίας

233 1070 287 1123 οἱ
318 1063 593 1129 δυσσεϐεῖς
651 1067 1030 1140 κατέστρεψαν,
1081 1063 1180 1132 τὴν
1227 1060 1491 1137 προτέραν
1543 1059 1694 1122 αὖθις
1744 1059 1878 1112 ἀπο-

232 1151 535 1228 λαμϐάνειν
569 1154 916 1229 εὐπρέπειαν.

305 1248 382 1303 Β’.
427 1245 489 1303 Τί
541 1243 630 1300 οῦν
691 1246 718 1299 ὁ
764 1249 881 1305 τοῖς
939 1242 1164 1318 ἀγαθοῖς
1219 1241 1516 1316 βασκαίνων
1575 1233 1872 1304 διάϐολος;

231 1335 332 1390 οὐκ
357 1334 583 1410 ἐνεγκὼν
632 1335 732 1403 τὴν
777 1330 1043 1402 τοσαύτην
1097 1325 1426 1402 μεταϐολὴν,
1480 1325 1666 1390 ἄλλως
1712 1348 1770 1381 τε
1819 1324 1876 1380 δὲ

227 1424 450 1479 καὶτὸν
505 1424 628 1478 τότε
681 1425 986 1494 κρατοῦντα
1044 1416 1225 1491 εἰδὼς,
1285 1417 1393 1492 οὐχ
1450 1417 1564 1472 οἶόν
1627 1437 1685 1470 τε
1741 1416 1873 1470 εἶναι

226 1515 363 1586 πρὸς
401 1514 498 1580 τὴν
569 1511 797 1584 ματαίαν
866 1508 1030 1564 πάλιν
1095 1514 1202 1563 τῶν
1268 1505 1514 1562 εἰδώλων
1586 1506 1874 1578 θρησκείαν

225 1601 560 1669 ἐπανελθεῖν,
612 1598 842 1657 ἄλλοοεν
894 1602 1031 1672 ἡμῖν
1083 1597 1275 1673 ἐγείρει
1324 1597 1417 1652 τὸν
1463 1593 1729 1670 πόλεμον,
1783 1594 1874 1649 καὶ

226 1695 294 1764 τῇ
327 1693 444 1745 κατ’
474 1686 882 1764 Ἀλεξάνδρειαν
919 1685 1220 1758 Ἐκκλησία
1248 1687 1342 1741 τὸν
1384 1680 1614 1754 δυσσεϐῆ
1659 1686 1876 1758 Ἀρειον

225 1781 570 1854 παρενείρας,
655 1779 744 1833 καὶ
839 1775 1021 1852 ὥσπερ
1119 1776 1336 1851 ὀργάνῳ
1397 1776 1502 1830 τινὶ
1574 1777 1639 1848 τῇ
1709 1773 1871 1828 αὐτοῦ

223 1868 447 1946 γλώττῃ
508 1868 880 1944 χρησὶμενος,
929 1867 1134 1939 κτίσμα
1182 1865 1272 1919 τὸν
1325 1868 1423 1919 τοῦ
1481 1867 1614 1918 Θεοῦ
1671 1863 1870 1928 ἀνακη-

228 1960 436 2035 ρύττειν
472 1958 593 2012 Υἰὸν
641 1956 844 2030 τολμᾷ,
895 1956 986 2010 καὶ
1036 1957 1136 2024 τῆς
1183 1958 1279 2009 τοῦ
1329 1957 1462 2007 Θεοῦ
1510 1952 1598 2008 καὶ
1658 1953 1868 2024 ΙΙατρὸς

228 2049 414 2111 οὐσίας
447 2045 794 2122 δογματίζειν
823 2043 1140 2119 ἀλλότριον.
1182 2050 1294 2113 Τῆς
1341 2046 1578 2117 πονηρᾶς
1625 2039 1682 2096 δὲ
1729 2041 1869 2096 ταύ-

226 2160 329 2206 της
360 2137 582 2212 ’Άρείου
616 2134 776 2206 δόξης
824 2132 1239 2204 διαδονηθείσης
1290 2134 1351 2187 τὸ
1382 2133 1556 2211 τέχος
1602 2131 1685 2186 καὶ
1734 2131 1873 2184 ἀπο-

229 2222 564 2296 σϐεσθείσης,
597 2227 688 2280 ἅτε
737 2230 835 2281 τοῦ
888 2218 1140 2285 εὐσεϐοῦς
1206 2221 1474 2299 βασιλέως
1523 2222 1622 2290 τήν
1674 2220 1724 2275 ἐν
1776 2227 1872 2274 Νι-

227 2317 354 2389 καίᾳ
408 2322 514 2372 τῶν
569 2315 724 2380 θείων
784 2314 1033 2388 Πατέρων
1104 2314 1571 2388 συγκροτήσαντος
1627 2308 1870 2381 σύνοδον,

227 2409 314 2462 καὶ
348 2406 504 2462 αὐτὸν
541 2405 635 2479 μὲν
665 2407 880 2478 Ἀρειον
909 2405 1023 2466 ῗτοῦ
1081 2407 1186 2456 τῶν
1225 2400 1413 2475 ἱερέων
1460 2399 1874 2470 ἀπεληλακότος

228 2498 594 2569 συστήματος,
639 2495 734 2549 τὸν
786 2491 841 2547 δὲ
892 2491 1072 2563 αληΟῆ
1134 2492 1261 2545 Θεὸν
1313 2489 1402 2543 καὶ
1459 2489 1652 2562 Κὺριον
1710 2489 1871 2558 ἡμῶν

225 2589 437 2656 Ἰησοῦν
485 2583 715 2660 Χριστὸν
773 2581 1066 2657 ὁμοοῦσιον
1111 2584 1190 2652 τῷ
1248 2579 1417 2652 Πατρὶ
1462 2577 1551 2632 καὶ
1601 2574 1872 2631 συναὶδιον

228 2674 660 2750 ἆνακηρύξαντος
729 2674 802 2734 ὡς
868 2672 932 2726 τὸ
986 2670 1277 2743 πρότερον,
1363 2667 1515 2728 αὖθις
1593 2666 1620 2720 6
1679 2665 1873 2741 ἐχθρὸς

227 2764 451 2834 ἐλύσσα,
509 2762 599 2817 καὶ
658 2763 758 2831 τὴν
812 2760 1076 2837 προτέραν
1138 2757 1302 2813 αὐτοῦ
1383 2755 1667 2831 θρησκείαν
1729 2755 1876 2810 ἐπει-

230 2861 359 2930 ρᾶτο
407 2851 574 2908 πάλιν
625 2850 967 2920 ἀνακινῆσαι,
1019 2849 1107 2903 καὶ
1167 2847 1258 2902 τὸν
1308 2845 1470 2920 ἀξίως
1536 2844 1682 2916 αὐτῷ
1740 2845 1876 2917 πρὸς

228 2949 388 3001 τοῦτο
442 2942 854 3016 ὑπηρετήσοντα
911 2937 1033 2993 λίαν
1098 2935 1374 3008 ἐπιμελῶς
1421 2934 1704 3010 ἀνηρεῦνα.
1757 2937 1874 2991 Τοῦ

226 3035 403 3088 τοίνυν
449 3030 692 3108 μεγάλου
747 3029 837 3083 καὶ
901 3027 1122 3102 πρώτου
1180 3027 1514 3083 Χυιστιανῶν
1578 3021 1871 3099 βασιλέως,

228 3117 464 3181 εὐσεϐῶς
493 3141 550 3176 τε
591 3121 702 3192 ἅμα
749 3118 839 3173 καὶ
878 3117 1063 3179 καλῶς
1105 3117 1240 3170 κατὰ
1289 3115 1351 3168 τὸ
1405 3113 1726 3188 τριακοστὸν
1784 3110 1874 3166 καὶ

231 3208 476 3284 δεύτερον
543 3215 643 3277 τῆς
702 3205 878 3282 ἀρχῆς
942 3199 1060 3265 ἔτος
1130 3204 1232 3259 ὑπὸ
1295 3205 1394 3272 την
1455 3207 1564 3256 τῶν
1634 3202 1872 3256 Βιθυνῶν

228 3297 519 3374 ἐπαρχίαν,
587 3296 750 3365 ἡνίκα
816 3300 916 3361 τῆς
1000 3293 1136 3367 πρὸς
1227 3289 1434 3365 Πέρσας
1528 3285 1870 3362 ἐκστρατείας

225 3389 533 3463 ἀπήρχετο,
563 3386 663 3453 τὴν
718 3381 999 3459 βασιλείαν
1051 3379 1410 3453 ἂποθεμένου,
1461 3377 1872 3434 Κωνσταντίνου

224 3499 281 3534 τε
316 3483 429 3550 μετ’
480 3474 638 3530 αὐτὸν
688 3474 784 3528 τοῦ
841 3468 1055 3541 παιδὸς,
1104 3473 1202 3538 τήν
1258 3472 1354 3524 τοῦ
1412 3465 1644 3542 πατέρος
1694 3466 1874 3544 ἀρχὴν

228 3563 634 3637 διαδεξαμένου.
668 3561 782 3616 ἐπεὶ
815 3557 872 3614 δὲ
912 3557 1069 3622 οὗτος
1113 3556 1331 3613 ἀπέτισε
1377 3558 1440 3612 τὸ
1485 3557 1684 3631 χρεὼν,
1719 3557 1746 3610 6
1777 3557 1872 3610 τοῦ

233 3654 472 3728 μεγάλου
538 3648 945 3708 Κωνσταντίνου
1013 3644 1337 3726 ἀδελφιδοῦς
1431 3645 1750 3714 Ἰουλιανὸς,
1809 3645 1868 3706 ’ὀς

227 3744 317 3798 καὶ
356 3736 694 3815 παραϐάτης,
747 3737 837 3792 διὰ
890 3738 988 3804 τὴν
1041 3743 1140 3805 τῆς
1188 3733 1432 3806 ἀληθοῦς
1483 3734 1729 3804 ἀθέτησιν
1777 3733 1866 3788 πί-

226 3854 394 3894 στεως
461 3830 549 3886 καὶ
609 3830 744 3904 πρὸς
811 3829 872 3882 τὸ
936 3825 1266 3897 Ἑλληνικὸν
1332 3821 1490 3886 σέϐας
1571 3825 1871 3897 μετάθεσιν,

225 3922 449 3982 δικαίως
515 3918 745 3989 ἐκλήθη,
814 3920 1141 3991 τυραννικῶς

226 4007 582 4086 λαμϐάνεται.
653 4003 1009 4064 ’Λόελοιδοῦν
1076 4002 1133 4059 δὲ
1207 4005 1370 4061 αὐτὸν

228 4103 424 4162 εἴπενὸ
467 4101 654 4174 λόγος,
714 4098 829 4151 καθ’
887 4097 916 4150 δ
1087 4095 1424 4170 ἒτερογενοῦς
1483 4092 1722 4171 ἀδελφοῦ
1778 4097 1873 4147 τοῦ

231 4189 610 4250 Κωνσταντίου
643 4187 906 4261 ἐτύγχανε
935 4184 1232 4261 γεννηθεῖς⁴
1265 4186 1354 4238 καὶ
1406 4185 1509 4260 γὰρ
1556 4183 1605 4257 ἐξ
1644 4183 1873 4253 Ἑλένης

239 4283 334 4356 μὲν
367 4287 464 4348 τῆς
504 4277 720 4346 ἀληθῶ,
776 4276 1040 4350 μακαρίας
1085 4274 1246 4334 αὐτὸς
1293 4274 1457 4346 μῦνος
1504 4274 1531 4327 6
1583 4279 1873 4328 Κωνσταν-

233 4377 376 4431 τίνος
405 4367 690 4444 γεγέννητο
734 4371 812 4437 τῷ
860 4364 1044 4437 πατρὶ,
1096 4361 1155 4417 έκ
1203 4360 1486 4437 Θεοδώρας
1536 4360 1592 4417 δὲ
1633 4370 1732 4432 τῆς
1779 4365 1874 4418 θυ-

231 4460 426 4536 γατρὸς
516 4454 854 4524 Μαξιμιανοῦ
917 4456 1013 4508 τοῦ
1106 4451 1197 4506 καὶ
1289 4449 1634 4525 Ἑρκυυλίου,
1728 4456 1873 4525 τρεῖς

232 4549 406 4617 οῦτοι,
465 4544 801 4617 Δαλματιος,
861 4538 1283 4604 ’Λναϐαλλιανὸς
1341 4541 1432 4597 καὶ
1483 4542 1870 4605 Κωνστάντιος.

1220 3919 1329 3970 τῶν
1403 3917 1693 3988 σκήπτρων
1759 3913 1872 3969 ἐπι-

1466 4003 1871 4060 Κωνσταντίνου

1994 606 2171 662 traria
2215 607 2464 664 decretis
2515 608 2778 680 priorum
2809 609 3230 680 imperatorum
3267 629 3280 669 :
3315 630 3542 687 nempe,
3578 621 3639 673 ut

1992 697 2371 752 diruerentur
2416 696 2632 770 templa
2661 696 2976 764 idolorum,
3023 704 3080 755 et
3118 700 3386 760 funditus
3416 709 3632 762 everte-
3713 687 3716 690 ί

1993 789 2196 841 rentur
2228 802 2242 841 :
2303 787 2362 842 in
2394 785 2607 842 Christi
2640 795 2830 844 autem
2880 790 3117 845 nomine
3149 807 3352 848 rursus
3385 795 3638 851 aediﬁca-

1993 879 2212 942 rentur,
2248 879 2305 931 et
2336 876 2462 947 ejus
2495 877 2912 949 discipulorum
2933 883 2990 934 et
3019 884 3344 953 martyrum
3368 884 3519 938 aedes
3544 883 3632 939 in-

1991 963 2211 1036 signes,
2243 970 2299 1021 et
2330 982 2476 1038 quas
2507 966 2670 1039 prius
2695 967 2860 1038 impii
2883 973 3210 1026 everterant
3235 970 3523 1041 ecclesias,
3556 988 3633 1030 ea:

1991 1073 2196 1112 rursus
2230 1057 2478 1130 priorem
2509 1059 2774 1116 decorem
2807 1059 3150 1132 reciperent.

2058 1238 2127 1293 II.
2152 1238 2297 1305 Quid
2320 1255 2476 1312 ergo,
2502 1240 2599 1312 qui
2623 1240 2788 1297 bonis
2811 1241 3046 1309 invidet,
3066 1242 3331 1301 diabolus
3350 1247 3378 1301 ?
3401 1247 3525 1302 Non
3549 1248 3630 1304 fe-

1986 1345 2122 1383 rens
2146 1333 2363 1384 tantam
2396 1329 2802 1397 mutationem,
2827 1335 2882 1386 et
2904 1331 3120 1403 alioqui
3144 1333 3334 1389 sciens
3366 1335 3490 1391 ﬁeri
3515 1353 3630 1393 non

1983 1435 2176 1490 posse,
2203 1424 2267 1474 ut
2297 1418 2396 1490 qui
2421 1423 2557 1474 tunc
2582 1419 2810 1476 tenebat
2834 1421 3172 1491 imperium,
3199 1423 3414 1480 rediret
3434 1427 3503 1481 ad
3528 1444 3628 1484 va-

1983 1524 2121 1564 num
2153 1507 2376 1563 cultum
2408 1508 2878 1578 simulacrorum,
2912 1509 3150 1566 aliunde
3182 1510 3239 1566 in
3272 1529 3380 1569 nos
3411 1514 3627 1571 bellum

1981 1596 2227 1652 excitat:
2260 1600 2315 1652 et
2336 1612 2467 1651 cum
2487 1596 2544 1652 in
2568 1597 2882 1654 Ecclesiam
2908 1597 3364 1657 Alexandrinam
3389 1601 3628 1676 impium

1979 1685 2183 1740 Arium
2218 1685 2568 1752 induxisset,
2600 1694 2650 1742 et
2687 1691 2964 1759 tanquam
2996 1687 3395 1747 instrumento
3427 1693 3624 1766 aliquo

1979 1775 2106 1844 ejus
2144 1773 2342 1846 lingua
2377 1779 2530 1830 esset
2553 1791 2708 1844 usus,
2735 1776 2908 1831 audet
2939 1777 3250 1848 praedicare
3279 1778 3381 1834 Dei
3412 1781 3622 1837 Filium

1901 1892 1954 1956 Β
1978 1877 2106 1918 esse
2137 1866 2421 1927 creatum,
2455 1867 2512 1918 et
2541 1863 2811 1934 dogmate
2843 1867 3121 1932 statuere,
3155 1881 3288 1920 eum
3321 1883 3446 1923 esse
3481 1869 3626 1925 alie-

1925 1950 1948 1956 ’
1981 1967 2120 2006 num
2154 1969 2187 2007 a
2217 1950 2390 2007 Deiet
2419 1951 2604 2007 Patris
2636 1953 2908 2011 essentia.
2942 1957 3060 2010 Hac
3093 1961 3284 2012 autem
3320 1956 3470 2013 mala
3500 1959 3622 2014 Arii

1977 2041 2248 2110 Opinione
2269 2041 2382 2096 cito
2413 2042 2724 2109 exstincta,
2749 2047 2949 2115 utpote
2971 2046 3125 2116 quod
3159 2045 3292 2118 pius
3310 2047 3623 2120 imperator

1977 2130 2176 2186 Nicaeae
2199 2131 2527 2186 divinorum
2551 2131 2783 2187 Patrum
2807 2141 3219 2206 congregasset
3242 2137 3621 2208 synodum,et

1977 2220 2174 2291 ipsum
2207 2219 2438 2290 quidem
2461 2220 2658 2276 Arium
2683 2221 2960 2278 movisset
2991 2237 3020 2278 e
3051 2229 3201 2278 ccetu
3232 2228 3620 2295 sacerdotum,

1976 2325 2176 2364 verum
2214 2313 2408 2364 autem
2445 2313 2620 2365 Deum
2660 2313 2717 2365 et
2768 2311 3080 2367 Dominum
3125 2318 3384 2370 nostrum
3415 2315 3621 2371 Jesum

1979 2397 2280 2452 Christum
2339 2398 2603 2467 ejusdem
2663 2414 2791 2455 esse
2849 2416 2984 2455 cum
3045 2404 3210 2458 Patre
3250 2404 3667 2474 cssentize,et'

1980 2492 2349 2557 coaeternum,
2385 2489 2536 2543 sicut
2567 2488 2731 2558 prius
2762 2489 3156 2559 praedicasset,
3183 2492 3459 2549 inimicus
3489 2511 3620 2550 rur-

1981 2593 2081 2632 sus
2113 2576 2272 2631 rabie
2299 2575 2650 2648 agitabatur,
2682 2582 2739 2632 et
2781 2578 3029 2648 priorem
3061 2596 3226 2636 suam
3275 2583 3618 2654 religionem

1980 2681 2185 2721 rursus
2238 2665 2562 2721 conabatur
2591 2682 2834 2732 movere,
2895 2673 2952 2722 et
2983 2669 3083 2738 qui
3115 2686 3214 2741 pro
3248 2671 3532 2742 dignitate
3562 2674 3613 2729 ei

1988 2757 2069 2813 rei
2103 2757 2426 2824 inserviret,
2459 2756 2765 2828 diligenter
2796 2757 3147 2829 inquirebat.
3181 2761 3322 2816 Cum
3374 2779 3626 2833 magnus

1982 2863 2115 2916 ergo
2147 2849 2204 2901 et
2235 2845 2450 2917 primus
2472 2845 2934 2903 Christianorum
2955 2847 3292 2920 imperator,
3325 2850 3415 2922 pie
3447 2853 3625 2909 simul

1981 2941 2037 2992 et
2081 2935 2324 3007 pulchre
2355 2934 2649 2992 tricesimo
2680 2937 2934 2992 secundo
2967 2953 3120 2993 anno
3152 2939 3243 2994 sui
3278 2939 3531 3013 imperii,
3564 2944 3625 2998 in

1981 3024 2278 3098 provincia
2308 3025 2715 3097 Bithynorum,
2749 3026 2978 3096 quando
3009 3027 3435 3098 expeditionem
3470 3031 3625 3086 ince-

1983 3115 2066 3184 pit
2101 3114 2287 3169 facere
2319 3117 2522 3168 contra
2551 3114 2772 3185 Persas,
2815 3115 3180 3185 deposuisset
3209 3117 3537 3189 imperium,
3570 3125 3628 3176 et

1983 3205 2358 3261 Constantius
2390 3205 2548 3260 titius
2574 3207 2753 3277 patris
2784 3206 3162 3263 successisset
3185 3208 3449 3280 imperio,
3475 3216 3624 3283 post-

1984 3311 2160 3368 quam
2191 3296 2241 3350 is
2271 3311 2496 3366 quoque
2538 3296 2780 3351 exsolvit
2810 3295 3092 3366 debitum,
3126 3297 3313 3368 ipsius
3347 3300 3623 3370 patruelis

1981 3383 2273 3451 Julianus,
2307 3383 2405 3454 qui
2457 3382 2629 3438 etiam
2670 3388 3093 3456 transgressor,
3136 3392 3441 3458 propterea
3471 3391 3625 3461 quod

1981 3490 2176 3528 veram
2237 3473 2412 3527 ﬁdem
2446 3476 2599 3527 esset
2629 3479 2998 3544 aspernatus,
3031 3479 3088 3529 et
3126 3491 3189 3531 se
3237 3477 3309 3531 ad
3347 3479 3624 3549 gentilem

1985 3559 2334 3616 traduxisset
2359 3558 2720 3630 religionem,
2748 3561 2881 3630 jure
2899 3560 3004 3616 fuit
3028 3560 3369 3634 appellatus,
3395 3571 3627 3636 sceptra

1983 3648 2283 3722 tyrannice
2305 3647 2706 3720 apprehendit.
2735 3647 3058 3704 Constantii
3085 3659 3277 3706 autem
3301 3653 3624 3723 patruelem

1985 3754 2118 3794 eum
2177 3737 2454 3806 diximus,
2487 3736 2765 3808 quoniam
2817 3740 2987 3793 natus
3045 3739 3152 3793 fuit
3183 3755 3250 3795 ex
3289 3742 3624 3796 Constantio

1984 3825 2351 3884 Constantini
2386 3826 2582 3891 fratre,
2638 3824 2848 3880 diversi
2883 3831 3075 3882 tamen
3115 3830 3366 3900 generis.
3401 3831 3625 3886 Etenim

1985 3933 2054 3972 ex
2083 3931 2212 3970 vere
2253 3915 2418 3969 beata
2461 3912 2678 3968 Heiena
2711 3912 2837 3985 ipse
2881 3914 3296 3971 Constantinus
3331 3916 3496 3974 solus
3527 3936 3628 3974 na-

1985 4010 2076 4063 tus
2107 4008 2192 4060 est
2232 4003 2402 4076 patri.
2437 4002 2515 4057 Ex
2545 4002 2848 4058 Theodore
2882 4008 3071 4059 autem
3125 4003 3244 4060 lilia
3275 4006 3624 4079 Maximiani,

1985 4095 2081 4168 qui
2115 4094 2290 4150 etiam
2325 4092 2514 4147 dictus
2555 4096 2638 4147 est
2679 4092 3005 4158 Herculius,
3057 4094 3115 4149 hi
3148 4099 3266 4150 tres
3299 4095 3419 4151 nati
3466 4103 3623 4153 sunt.

1984 4183 2330 4252 Dalmatius,
2361 4181 2782 4238 Anaballianus
2830 4188 2887 4238 et
2927 4184 3320 4242 Constantius.
3354 4188 3529 4243 Porro
3561 4203 3628 4243 ex

1985 4273 2319 4330 Constantio
2351 4271 2574 4338 Gallus,
2610 4277 2667 4327 et
2697 4272 2770 4338 is,
2803 4272 2873 4328 de
2903 4290 3017 4345 quo
3065 4275 3124 4329 in
3167 4277 3474 4347 praesentia
3505 4277 3628 4348 agi-

1985 4370 2104 4430 tur,
2127 4361 2507 4433 turpissimus
2527 4360 2813 4416 Julianus.
2839 4361 2946 4426 Qui
2969 4364 3198 4434 quidem
3221 4381 3379 4432 cum,
3405 4371 3467 4421 ut
3484 4367 3634 4421 dixi-

1987 4470 2144 4525 mus,
2177 4468 2242 4506 ex
2278 4450 2584 4522 tyrannide
2637 4451 2957 4522 accepisset
2982 4452 3317 4523 imperium,
3355 4455 3632 4527 gravissi-

1989 4559 2148 4598 mum
2179 4556 2376 4596 rursus
2392 4538 2610 4595 bellum
2635 4540 2942 4612 excitatur)
2960 4546 3016 4596 et
3037 4541 3388 4613 gravissima
3409 4559 3633 4610 earum,

225 4642 322 4698 Ἐκ
361 4634 736 4694 Κωνσταντίου
797 4629 854 4685 δὲ
912 4629 1149 4699 Γάλλος,
1217 4633 1307 4684 καὶ
1374 4633 1401 4685 ὁ
1462 4632 1647 4705 παρὼν
1717 4629 1872 4692 οὗτος

1991 4647 2238 4704 quarum
2271 4645 2528 4701 unquam
2567 4629 2668 4684 fiat
2691 4630 2929 4696 mentio,
2962 4631 3149 4686 oritur
3175 4633 3526 4703 persecutio.

231 4728 515 4803 αἴσχιστος
570 4721 891 4784 διονλεανός,
958 4721 1034 4777 0.5
1087 4740 1233 4781 τινος
1281 4723 1380 4790 τήν
1430 4721 1725 4793 βασίλειον,
1785 4722 1858 4784 ὡς
1931 4716 2162 4798 ἔφημεν,
2235 4718 2296 4774 ἐκ
2359 4715 2675 4793 τυραννίδος
2735 4718 3030 4794 εἰληφότος
3104 4720 3311 4796 ἀργὴν.
3398 4722 3552 4785 αὖθις
3607 4724 3636 4778 ὁ

234 4821 370 4877 κατὰ
433 4815 779 4890 Χριστιανῶν
845 4808 1254 4886 ἀναρριπίζεται
1349 4809 1620 4883 πόλεμος,
1695 4811 1784 4866 καὶ

237 4903 504 4982 διωγμός.

308 5003 379 5059 Γ’.
415 4998 545 5062 Καθ’
595 4997 654 5050 ὃν
703 4991 812 5064 ἤδη
865 4992 1052 5066 καιρὸν
1105 4992 1195 5047 καὶ
1227 4994 1255 5048 6
1303 4991 1465 5068 μέγας
1513 4992 1602 5048 καὶ
1651 5015 1880 5073 περιτρα-

231 5094 330 5160 νής
353 5092 449 5158 τήν
484 5082 780 5151 εὐσέϐειαν,
812 5083 839 5137 6
873 5086 1042 5150 θεῖος,
1090 5081 1254 5156 φημὶ.
1308 5081 1602 5156 Ἀρτέμιος
1643 5083 1737 5137 τὸν
1780 5085 1881 5137 τοῦ

240 5179 536 5255 μαρτυρίου
574 5174 851 5254 ,στέφανον
907 5168 1228 5241 ἀνεδήσατο.
1300 5170 1510 5241 Διδάξει
1563 5170 1619 5227 δὲ
1669 5173 1878 5248 προϊὼν

238 5273 265 5327 6
296 5269 468 5346 λόγος
501 5266 843 5344 σαφέστερον.
891 5261 1048 5335 ’Λρτι
1097 5265 1194 5314 τοῦ
1245 5261 1490 5337 μεγάλου
1541 5260 1878 5317 Κωνσταντί.

238 5381 330 5416 νου
361 5360 450 5414 τὸν
489 5356 602 5430 βίον
641 5349 1035 5417 ἀπολιπόντος,
1087 5349 1160 5410 ὡς
1205 5350 1232 5403 ὁ
1282 5349 1448 5423 λόγος
1499 5349 1700 5428 φθάσας
1752 5347 1882 5419 ἐδή-

242 5450 437 5518 λωσεν,
489 5444 566 5506 εἷς
610 5445 756 5516 τρεῖς
816 5439 989 5515 ἀρχὰς
1059 5439 1093 5508 ἡ
1151 5441 1260 5493 τῶν
1318 5437 1609 5512 Ῥωμαίων
1671 5438 1884 5510 ἐξουσία

244 5534 582 5612 διεμερίσθη,
630 5535 738 5586 τῶν
797 5530 930 5584 υἱῶν
991 5522 1674 5599 αὐτοῦ,’Κωνσταντίνου,
1732 5531 1886 5585 Κων-

245 5624 493 5684 σταντίου
547 5643 606 5676 τε
669 5621 758 5675 καὶ
829 5619 1197 5688 Κώνσταντος,
1262 5617 1459 5679 ταῦτας
1526 5615 1882 5690 διελομένων,

561 5749 828 5810 ΡΑτιιοι.
876 5745 984 5807 Gn.
1032 5745 1131 5807 CX
1143 5745 1212 5822 ν,

1879 4810 2181 4886 βαρύτατος
2256 4812 2366 4863 τῶν

2459 4806 2686 4862 πώποτε
2757 4829 2861 4881 μνη
2874 4808 3252 4882 μονευομὲνων
3304 4810 3363 4866 ἀν
3373 4811 3637 4890 εγείρεται

2063 4995 2160 5052 IlI.
2185 4993 2304 5058 Quo
2336 4991 2571 5064 quidem
2596 4995 2859 5064 tempore
2881 5008 3132 5064 magnus
3163 4997 3220 5051 et
3249 4994 3460 5066 pietate
3493 4994 3637 5051 insi-

1988 5081 2143 5154 gnis,
2168 5081 2414 5150 divinus,
2448 5079 2712 5150 inquam,
2763 5080 3062 5137 Artemius
3104 5080 3213 5136 fuit
3258 5083 3515 5154 martyrii
3547 5098 3638 5140 co-

1990 5186 2133 5226 rona
2159 5169 2487 5225 redimitus.
2522 5168 2584 5223 Id
2618 5184 2749 5224 vero
2782 5168 3041 5238 apertius
3064 5170 3293 5226 docebit
3323 5172 3638 5243 procedens

1991 5261 2193 5316 oratio.
2228 5259 2370 5314 Cum
2396 5274 2648 5330 magnus
2671 5257 3228 5329 Constantinusjam
3258 5276 3288 5316 e
3309 5261 3635 5318 vitaexces-

1992 5351 2185 5415 sisset,
2211 5353 2276 5404 ut
2306 5352 2395 5403 est
2428 5348 2823 5419 praemissum,
2864 5347 2923 5402 in
2970 5355 3086 5405 tres
3119 5353 3312 5421 partes
3357 5351 3466 5406 fuit
3497 5351 3640 5407 divi-

1993 5456 2123 5496 sum
2168 5438 2496 5494 Romanum
2528 5437 2865 5508 imperium,
2897 5453 3030 5494 cum
3063 5441 3188 5510 ejus
3219 5439 3323 5494 ﬁlii
3356 5441 3642 5496 Constan-

1996 5528 2170 5594 tinus,
2222 5525 2620 5595 Constantius,
2656 5531 2712 5582 et
2754 5526 3040 5584 Constans
3088 5527 3147 5584 id
3186 5528 3540 5586 divisissent.
3575 5530 3642 5585 Et

1996 5617 2178 5689 primo
2252 5615 2514 5690 quidem,
2572 5632 2784 5690 nempe
2845 5617 3250 5687 Constantino,
3309 5619 3641 5692 superiores

3242 5743 3320 5802 37
