4048 6202
471 299 625 360 1163

1813 289 2094 354 MENSIS
2136 289 2516 353 OCTOBER.

3688 297 3812 357 1164

467 459 688 528 Galliis,
720 461 777 514 et
802 473 930 528 quae
972 460 1110 511 sunt
1150 455 1304 510 ultra
1335 453 1526 526 Alpes,
1560 460 1613 508 et
1642 451 1848 508 insulae
1889 452 2108 506 Britan-

2218 450 2304 503 καὶ
2338 455 2415 523 τῷ
2469 451 2561 522 μὲν
2618 451 2825 525 πρώτῳ
2894 450 3276 524 Κωνσταντίνῳ
3342 453 3395 506 αἱ
3459 451 3566 508 ἅνω
3621 454 3813 511 Γαλλίαι

468 550 608 605 nica
657 562 838 618 usque
884 546 954 600 ad
1013 543 1346 601 Occidentis
1404 543 1696 598 Oceanum
1757 541 2108 612 obtigerunt.

466 636 765 695 Cdnstanti
796 641 1016 702 autem,
1051 639 1115 689 ut
1153 638 1469 706 postremo,
1514 630 1751 687 inferior
1782 630 1987 696 Gallia,
2015 645 2108 684 seu

465 727 652 795 Italia,
685 730 740 782 et
774 726 901 796 ipsa
932 725 1133 780 Roma.
1178 722 1555 778 Constantius
1585 725 1776 776 autem
1821 719 2112 774 secundus

465 833 535 872 ex
565 816 699 870 ﬁliis
731 813 1120 880 Constantini,
1156 813 1255 883 qui
1286 816 1430 866 tunc
1450 811 1619 866 rebus
1642 814 1880 881 praeerat
1913 809 2113 864 Orien-

464 906 564 974 tis,
609 904 916 960 decertans
975 903 1252 956 adversus
1311 900 1537 966 Persas,
1598 903 1818 970 partem
1860 896 2112 952 Orientis

465 993 695 1064 accipit,
716 997 774 1047 et
806 990 1167 1062 Byzantium,
1204 988 1439 1044 nomine
1472 991 1690 1043 mutato
1723 987 1778 1040 in
1824 987 2111 1040 Constan-

465 1081 797 1153 tinopolim,
831 1086 889 1135 et
929 1096 1135 1134 novam
1170 1079 1440 1143 Romam,
1479 1077 1611 1131 facit
1651 1075 1866 1146 regiam
1905 1093 1918 1140 ;
1951 1080 2006 1130 et
2037 1075 2108 1128 ab

464 1171 693 1240 Illyrico
752 1185 936 1239 usque
995 1168 1070 1222 ad
1126 1167 1536 1238 Propontidem
1569 1180 1803 1220 omnem
1840 1168 2107 1230 tractum,

463 1259 658 1314 Asiam
704 1258 932 1324 deinde,
981 1257 1346 1328 Syriamque,
1379 1259 1435 1309 et
1476 1253 1869 1320 Palaestinam,
1903 1262 1956 1308 et
1995 1256 2111 1307 Me-

463 1347 875 1420 sopotamiam,
920 1354 972 1400 et
1030 1346 1336 1417 Egyptum
1395 1359 1717 1413 omnesque
1773 1340 2020 1405 insulas,
2055 1343 2110 1394 et

464 1451 831 1508 quaecunque
867 1435 1145 1490 Romanis
1182 1435 1486 1505 parebant,
1510 1431 1813 1500 vectigalia
1846 1446 1952 1486 suo
1985 1429 2110 1484 red-

465 1527 552 1581 dit
584 1525 848 1596 imperio.
910 1523 1154 1593 Magnus
1187 1526 1382 1576 autem
1421 1520 1734 1588 Artemius,
1793 1534 1924 1574 cum
1957 1520 2110 1573 esset

463 1615 633 1670 valde
665 1619 837 1669 notus
903 1611 1235 1683 imperatori
1267 1609 1627 1676 Constantio,
1657 1609 1715 1663 in
1776 1607 1937 1663 omni
1970 1611 2110 1662 tem-

466 1721 624 1776 pore,
657 1708 713 1759 et
742 1703 902 1758 omni
961 1700 1191 1772 negotio
1237 1704 1513 1772 perpetuo
1570 1714 1702 1753 cum
1734 1714 1800 1754 eo
1841 1697 2106 1752 versaba~

2220 540 2308 593 καὶ
2350 539 2415 593 τὰ
2472 538 2716 595 ἐπέκεινα
2771 537 3028 596 0Ἀλπεων
3089 539 3144 594 α⁹ί
3201 562 3260 596 τε
3318 545 3618 615 Βρετανικαὶ
3670 552 3816 616 νῆσοι,

2219 626 2440 690 καὶὲως
2498 634 2594 684 τοῦ
2640 630 2923 704 Ἐσπερίου
2981 631 3256 701 Ὠκεανοῦ,
3315 630 3520 702 κλῆρός
3575 631 3816 703 ἐδόθησαν,

2218 721 2296 789 τῷ
2330 715 2385 773 δέ
2429 740 2490 794 γε
2539 719 2899 791 Κωνστχντίῳ
2958 718 3261 788 ὑπεστάτω,
3308 721 3361 774 αἱ
3408 722 3552 776 κάτω
3601 722 3816 791 Γαλλίιι,

2217 808 2470 883 ἣγουναὶ
2505 808 2731 865 Ἰταλίαι
2777 808 2865 863 καὶ
2920 808 3056 879 αὗτή
3116 811 3150 878 ἡ
3210 811 3418 883 Ῥώμη.
3481 813 3539 868 Ὀ
3595 810 3648 866 δὲ
3701 819 3817 866 Κων-

2219 897 2478 964 στάντιος,
2539 899 2567 951 6
2636 895 2902 971 δεύτερος,
2940 905 3048 952 τῶν
3110 901 3523 955 Κωνσταντίνου
3588 903 3725 970 υἱῶν,
3773 903 3817 965 ὃς

2215 990 2278 1055 ἦν
2310 985 2395 1040 ἐπὶ
2427 991 2533 1040 τῶν
2570 993 2669 1054 τῆς
2719 988 2891 1058 Ἐῴας
2935 989 2997 1042 τό
3047 1009 3105 1042 τε
3152 988 3485 1062 πρά-(μάτων
3537 990 3664 1063 πρὸς
3713 993 3819 1051 τοὺς

2219 1076 2422 1146 Ηέρσας
2482 1077 2908 1149 ἀγωνιζόμενον,
2955 1077 3018 1130 τὸ
3062 1083 3163 1146 τῆς
3214 1077 3516 1147 Ἀνατολῆς
3566 1079 3817 1148 ἀσπάζεται

2221 1166 2406 1238 μέρος,
2457 1162 2547 1218 κοιῖ
2613 1165 2675 1218 τὸ
2744 1167 3031 1234 Βυζάντιον
3112 1167 3508 1238 μετονομασθὶν
3573 1167 3644 1228 εἷς
3704 1175 3819 1221 Κων-

2217 1252 2663 1308 σταντινοῦπολιν
2697 1254 2785 1307 καὶ
2825 1252 2944 1308 νέαν
2975 1255 3220 1327 Ῥώμην,
3269 1261 3508 1311 ποιεῖται
3557 1255 3820 1331 βασίλειον,

2213 1343 2303 1396 καὶ
2335 1343 2401 1397 τὰ
2448 1342 2556 1396 ἀπὸ
2610 1347 2701 1398 τοῦ
2751 1341 3064 1419 Ἰλλυρικοῦ
3120 1345 3285 1418 μέχρι
3335 1352 3436 1414 τῆς
3492 1344 3820 1420 Προποντίδος

2216 1431 2389 1485 ὁπόσοι
2432 1432 2645 1500 ὑπήκοα
2713 1432 3028 1504 Ῥωμαίοις,
3097 1435 3196 1504 τήν
3255 1455 3313 1488 τε
3369 1435 3565 1510 Συρίαν
3603 1434 3688 1488 καὶ
3739 1442 3821 1490 [Ια-

2217 1520 2499 1591 λαιστίνην
2542 1520 2726 1591 αὐτὴν,
2787 1521 2877 1576 καὶ
2930 1524 3372 1596 Μεσοποταμίαν,
3414 1525 3505 1578 καὶ
3557 1523 3821 1598 Αἴγυπτον,

2214 1610 2303 1663 καὶ
2335 1610 2428 1671 τὰς
2469 1611 2668 1680 νήσους
2710 1610 2938 1678 ἀποίσεις,
2990 1614 3057 1684 τῇ
3119 1613 3283 1666 αὐτοῦ
3335 1612 3586 1686 βασιλείᾳ
3631 1615 3712 1667 καὶ
3753 1634 3824 1667 πο-

2213 1697 2390 1769 λιτείᾳ
2430 1697 2670 1767 ὑποτελῆ
2730 1699 3070 1768 καθίστησιν.
3121 1701 3181 1758 Ὀ
3231 1697 3289 1756 δὲ
3335 1703 3504 1778 μέγας
3557 1701 3823 1776 Ἀρτέμιος,

461 1800 578 1862 tur,
608 1797 670 1848 ut
722 1794 820 1863 qui
853 1795 1009 1847 esset
1057 1790 1285 1844 amicus
1339 1789 1622 1860 optimus,
1657 1791 1712 1840 et
1771 1803 1837 1842 ex
1877 1786 1974 1850 iis,
2009 1785 2105 1855 qui

2218 1790 2497 1865 γνώριμος
2530 1786 2602 1843 ὤν
2637 1788 2762 1844 ἐστᾶ
2814 1789 3050 1861 μάλιστα
3096 1795 3174 1864 τῷ
3219 1791 3433 1865 βασιλεῖ
3481 1792 3824 1863 Κωνσταντίῳ,

460 1889 626 1938 erant
674 1881 884 1936 virtute
915 1888 968 1935 et
1000 1879 1262 1935 doctrina
1303 1878 1588 1950 insignes,
1621 1881 1678 1932 et
1709 1875 1920 1930 ardens
1952 1892 2107 1929 ama-

460 1977 551 2028 tor
583 1970 711 2026 [idei
746 1969 1234 2033 Christianorum,
1267 1982 1382 2037 quo
1417 1966 1649 2021 nomine
1679 1965 1803 2034 ejus
1834 1962 2106 2018 amicitiae

459 2067 516 2116 et
535 2059 949 2116 familiaritatis
972 2058 1386 2130 agnoscebatur
1410 2057 1580 2126 longe
1605 2053 2100 2109 studiosissimus.

461 2152 598 2220 Ejus
647 2153 840 2204 autem
876 2147 1127 2219 patriam
1159 2151 1216 2201 et
1244 2162 1429 2217 genus
1463 2161 1630 2199 nemo
1683 2143 1912 2213 scriptis
1946 2158 2106 2196 man-

461 2239 638 2304 davit,
671 2237 782 2292 nisi
815 2237 966 2307 quod
999 2239 1123 2290 erat
1179 2250 1390 2305 magno
1421 2238 1475 2289 et
1505 2232 1716 2288 illustri
1748 2231 1872 2288 loco
1931 2235 2103 2286 natus

459 2329 543 2382 vir
580 2325 982 2391 beatissimus,
1015 2329 1073 2380 et
1107 2341 1177 2380 ex
1208 2322 1539 2380 hominibus
1568 2338 1777 2395 genere
1808 2322 2104 2378 nobilibus

459 2432 642 2490 genus
675 2415 942 2480 ducebat,
974 2414 1308 2484 virtuteque
1364 2415 1421 2468 et
1459 2410 1862 2482 magnitudine
1919 2412 2100 2466 animi

459 2511 587 2562 erat
617 2504 888 2577 insignis.
924 2503 1086 2560 Unde
1117 2503 1294 2558 etiam
1345 2501 1466 2557 haec
1496 2502 1564 2556 de
1595 2517 1661 2557 eo
1695 2502 1907 2571 scripto
1942 2507 2100 2570 sunt,

456 2597 610 2669 quod
651 2598 985 2652 sanctarum
1022 2592 1405 2665 reliquiarum
1439 2591 1657 2647 Christi
1689 2590 2104 2662 apostolorum,

455 2689 720 2754 Andreae,
757 2687 1023 2758 inquam,
1074 2693 1128 2738 et
1160 2688 1346 2750 Lucae,
1382 2686 1437 2738 et
1486 2680 1800 2750 Timothei,
1836 2681 1961 2752 ipse
1992 2688 2105 2748 est,

455 2778 557 2850 qui
607 2793 640 2832 a
697 2775 1036 2832 Constantio
1083 2773 1292 2843 jussus
1356 2772 1465 2826 fuit
1524 2772 1712 2826 facere
1761 2771 2107 2842 exportatio-

454 2883 592 2923 nem
623 2866 724 2937 (1),
760 2869 824 2920 ut
854 2880 960 2918 suo
995 2867 1253 2932 tempore
1284 2860 1642 2932 significabit
1671 2860 1875 2914 oratio.

2220 1885 2380 1946 συνῆν
2449 1877 2630 1949 τούτῳ
2700 1875 2988 1941 διαπαντὸς
3056 1877 3108 1934 ἐν
3173 1880 3332 1934 παντὶ
3401 1886 3578 1956 καιρῷ
3646 1902 3699 1936 τε
3754 1882 3825 1934 καὶ

2217 1968 2518 2042 πράγματι,
2572 1962 2664 2020 ἅτε
2711 1969 2800 2021 καὶ
2849 1967 3010 2045 φίλος
3060 1968 3132 2022 ὢν
3192 1967 3432 2044 ἄριστος,
3479 1969 3570 2024 καὶ
3614 1976 3712 2025 τῶν
3762 1969 3824 2022 ἐπ’

2215 2056 2379 2131 ἀρετῇ
2437 2057 2526 2110 καὶ
2582 2053 2800 2126 παιδείᾳ
2885 2057 3357 2132 λαμπρυνομένων
3417 2060 3507 2114 καί
3571 2066 3667 2128 τῆς
3719 2062 3825 2132 Χρισ

2218 2149 2448 2200 στιανῶν
2480 2146 2714 2209 πίστεως
2762 2143 3021 2220 διάπυρος
3071 2147 3322 2220 ἐραστής.
3362 2151 3455 2220 Τῷ
3505 2169 3590 2203 τοι
3626 2148 3708 2202 καὶ
3747 2154 3824 2214 τῆς

2217 2235 2341 2307 περὶ
2397 2234 2555 2289 αὐτὸν
2652 2233 2889 2310 ἑταιρίας
2946 2235 3042 2291 εἶτ’
3098 2237 3190 2291 οὗν
3255 2235 3464 2315 φιλίας,
3529 2234 3828 2304 σπουδαστής

2220 2319 2608 2397 ὴριεέστατος
2709 2323 3053 2400 ἐγνωρίζετο,
3159 2325 3420 2401 πατρίδος
3529 2324 3585 2382 δὲ
3668 2327 3828 2380 τούτου

2225 2414 2450 2486 μνήμην
2511 2415 2600 2468 καὶ
2640 2416 2792 2489 γένος
2854 2412 3035 2476 οὐδεὶς
3102 2415 3446 2490 ἀνάγραπτον
3500 2412 3828 2492 παραδέδωκε,

2216 2500 2368 2572 πλὴν
2427 2501 2510 2557 ὅτι
2565 2507 2672 2557 τῶν
2735 2501 3072 2578 εὐπατριδῶν
3133 2504 3223 2558 καὶ
3305 2503 3562 2580 μεγάλων
3621 2505 3827 2577 ὑπῆρχεν

2219 2594 2246 2646 6
2298 2593 2783 2667 τρισμακάριστος,
2837 2591 2885 2662 ἐξ
2938 2593 3166 2669 εὐγενῶν
3223 2615 3282 2648 τε
3335 2595 3397 2649 τὸ
3453 2596 3614 2668 γένος
3668 2589 3826 2660 ἕλκων,

2215 2681 2304 2735 καὶ
2336 2682 2435 2750 τήν
2485 2679 2733 2757 ἀνδρείαν
2787 2678 3168 2757 περίϐλεπτος,
3220 2683 3269 2756 ἐξ
3316 2684 3390 2737 ὧν
3431 2684 3528 2737 καὶ
3571 2680 3692 2738 τάδε
3732 2681 3827 2755 περῖ

2215 2770 2382 2825 αὐτοῦ
2422 2769 2850 2844 ἀναγέγραπται,
2901 2770 2984 2825 ὅτι
3039 2776 3150 2826 τῶν
3209 2771 3376 2846 ἁγίων
3434 2772 3701 2846 λειψάνων
3741 2773 3825 2824 τῶν

2213 2863 2309 2914 τοῦ
2341 2862 2578 2934 Χριστοῦ
2618 2860 2993 2926 Ἀποστόλων,
3045 2858 3306 2935 Ἀνδρέου
3346 2861 3492 2935 φημὶ
3549 2862 3634 2915 καὶ
3681 2861 3827 2915 Λουκᾶ

456 2955 547 3010 καὶ
604 2951 903 3026 Τιμοθέου,
961 2948 1125 3010 αὐτός
1176 2949 1314 3003 ἐστιν
1374 2948 1402 3001 6
1459 2948 1557 3016 τὴν
1617 2943 1952 3019 ἀνακομιδὴν
2015 2948 2116 3002 ὑπὸ
2165 2949 2539 3005 Κωνσταντίου
2595 2951 2921 3020 ποιήσασθαι
2979 2951 3309 3020 κελευσθεὶς,
3355 2951 3428 3013 ὼς
3487 2950 3624 3005 κατὰ
3674 2948 3825 3021 καιρὸν

459 3045 487 3098 6
518 3041 680 3117 λόγος
711 3039 983 3114 γνωρίσει.

530 3137 618 3191 IV.
645 3133 789 3188 Cum
820 3147 955 3203 ergo
987 3134 1184 3186 essent
1207 3134 1324 3184 tres
1355 3128 1755 3198 imperatores,
1788 3133 1855 3183 ut
1887 3129 2101 3185 dictum
2134 3129 2184 3197 C

457 3229 562 3290 est,
586 3227 643 3277 et
666 3219 1071 3291 unusquisque
1101 3233 1302 3273 eorum
1336 3233 1452 3272 suae
1485 3217 1904 3288 partisteneret
1925 3218 2106 3290 impe-

460 3313 636 3377 rium;
673 3308 899 3382 primus
924 3306 1341 3363 Constantinus
1362 3321 1510 3361 asua
1529 3309 1690 3376 parte
1714 3305 2021 3362 discedens
2053 3313 2110 3363 et

458 3401 646 3456 ultimi
681 3398 895 3466 fratris,
952 3414 1077 3469 quer.-
1110 3397 1160 3451 ei
1204 3396 1512 3467 obtigerat,
1546 3400 1769 3468 partem
1801 3397 2105 3465 invadens,

459 3505 594 3545 cum
641 3488 738 3544 ille
789 3487 1033 3542 Romam
1093 3489 1249 3541 esset
1289 3486 1603 3556 profectus,
1647 3501 1962 3556 aggressus
2019 3491 2108 3541 est

461 3578 737 3650 quiddam
765 3577 1046 3647 injustum
1073 3575 1259 3630 facere
1282 3583 1481 3630 contra
1513 3573 1770 3641 fratrem,
1793 3574 2108 3646 ipsumque

463 3668 761 3724 absentem
794 3669 884 3720 est
930 3664 1298 3731 criminatus,
1347 3664 1501 3735 quod
1553 3679 1640 3717 res
1697 3679 1813 3718 non
1859 3663 2108 3719 fuissent

464 3761 618 3814 recto
650 3754 868 3820 divisae,
902 3760 959 3809 et
990 3754 1145 3826 quod
1177 3752 1427 3823 imperii,
1463 3753 1615 3822 quod
1647 3753 1717 3806 ad
1752 3752 1944 3824 ipsum
1982 3770 2105 3820 per-

467 3846 712 3911 tinebat,
737 3859 1007 3916 magnam
1026 3846 1247 3914 partem
1266 3844 1435 3896 frater
1456 3847 1817 3913 usurpasset.
1835 3842 2107 3914 Regionis

468 3942 663 3993 autem
719 3936 894 3990 duces
946 3937 1002 3989 et
1030 3933 1322 3998 custodes,
1363 3947 1513 4002 quos
1574 3933 1858 3987 Constans
1889 3933 2107 3988 consti-

466 4031 675 4092 tuerat,
703 4025 974 4080 dixerunt
1004 4038 1066 4077 se
1095 4021 1241 4076 citra
1271 4019 1426 4074 illius
1453 4020 1796 4074 sententiam
1829 4026 1884 4076 et
1917 4021 2109 4076 volun-

466 4120 645 4172 tatem
677 4113 818 4169 nihil
840 4128 1008 4183 posse
1047 4112 1284 4166 omnino
1317 4125 1542 4164 movere
1577 4125 1589 4162 :
1621 4115 1772 4164 esset
1802 4111 1956 4164 enim
1992 4111 2109 4164 im-

466 4205 651 4277 pium.
688 4203 785 4257 Ille
808 4207 1000 4256 autem
1027 4217 1088 4255 se
1115 4201 1308 4255 statim
1331 4199 1579 4270 paratad
1606 4198 1847 4260 bellum,
1869 4205 1923 4253 et
1945 4217 2108 4256 arma

468 4301 653 4349 movet
686 4293 966 4347 adversus
997 4306 1150 4356 eum,
1187 4289 1285 4360 qui
1319 4288 1537 4342 nullam
1575 4288 1784 4343 fecerat
1808 4288 2107 4358 injuriam.

466 4383 629 4437 Cadit
649 4381 843 4452 itaque
877 4378 1296 4433 Constantinus
1329 4376 1386 4430 in
1414 4375 1562 4431 bello
1587 4392 1872 4448 pugnans,
1906 4383 1962 4432 et.
1985 4395 2110 4448 par-

2287 3130 2357 3185 Δ’.
2390 3130 2478 3190 Ὠς
2529 3128 2622 3183 οὖν
2673 3127 2905 3203 εἶ’ρηται,
2956 3135 3062 3184 τῶν
3121 3129 3389 3204 βασιλέων
3435 3135 3606 3206 τριῶν
3651 3147 3830 3205 τυγχα-

2217 3217 2438 3287 νόντων,
2467 3217 2558 3271 καὶ
2606 3225 2706 3287 τῆς
2755 3219 2926 3273 αὐτοῦ
2989 3219 3184 3293 μοίρας
3245 3218 3468 3274 ἐγέστου
3521 3220 3692 3274 αὐτῶν
3743 3219 3829 3290 βα-

3265 3314 3673 3369 Κωνσταντῖνος
3751 3313 3828 3372 τῆς

2817 3397 3146 3463 ἀπαναστὰς,
3249 3398 3338 3452 καὶ
3406 3399 3548 3472 πρὸς
3609 3399 3701 3467 τήν
3753 3398 3830 3449 τοῦ

2216 3486 2452 3560 ἐσχάτου
2520 3481 2758 3564 ἀδελφοῦ
2825 3483 3190 3556 κληροδοσίαν
3257 3485 3594 3556 ἐπανελθὼν,
3660 3485 3830 3540 ἐκείνου

2217 3575 2351 3647 πρὸς
2383 3578 2479 3644 τὴν
2524 3573 2748 3646 Ῥώμην
2801 3573 3292 3646 ἀποδημήσαντος,
3344 3576 3616 3654 ἐπεχείρει
3657 3596 3706 3630 τι
3748 3578 3830 3627 τῶν

2219 3305 2552 3375 σιλεύοντος,
2622 3308 2650 3362 6
2719 3312 2935 3382 πρῶτος
3002 3308 3173 3363 αὐτῶν

2218 3395 2425 3455 οἷ’κείας
2497 3393 2720 3469 μερίδος

2216 3661 2413 3718 ἀδίκων
2444 3665 2580 3718 κατᾶ
2634 3668 2732 3718 τοῦ
2790 3661 3029 3738 ἀδελφοῦ
3089 3662 3498 3735 διαπράξασθαι,
3562 3665 3649 3720 καὶ
3700 3663 3829 3718 αὐτὸν

2218 3754 2278 3806 οὐ
2310 3753 2551 3827 παρόντα
2585 3748 2894 3824 διέϐαλλεν,
2928 3755 3004 3815 ὡς
3037 3753 3099 3807 o6
3133 3751 3317 3815 καλῶς
3369 3759 3479 3808 τῶν
3530 3754 3830 3828 πραγμάτων

2217 3840 2671 3915 διανεμηθέντων,
2729 3843 2820 3897 καὶ
2881 3841 2963 3896 ὅτι
3020 3841 3275 3898 πλεῖστον
3341 3843 3502 3917 μέρος
3563 3850 3660 3911 τῆς
3713 3840 3832 3910 αὖτῷ

2217 3930 2602 4006 προσηκούσης
2635 3932 2815 4006 ἀρχῆς
2865 3931 3260 4008 ἐσφετερίσατο,
3312 3933 3380 3988 Οἱ
3431 3929 3487 3985 δέ
3527 3939 3627 4000 τῆς
3677 3929 3833 4005 χώρας

2216 4021 2511 4095 στρατηγοί
2567 4041 2624 4075 τε
2679 4022 2768 4075 καὶ
2823 4019 3079 4098 φύλακες,
3139 4019 3230 4082 οὓς
3263 4022 3290 4075 6
3333 4021 3589 4082 Κώνστας
3648 4022 3833 4097 ἐχειρο-

2213 4111 2457 4178 τόνησεν,
2491 4108 2588 4162 οὐκ
2636 4104 2834 4184 ἔφασαν
2879 4110 3056 4184 χωρὶς
3105 4117 3208 4179 τῆς
3253 4108 3460 4163 ἐκείνου
3523 4110 3743 4186 γνώμης
3789 4124 3834 4157 τε

2217 4201 2305 4253 καὶ
2342 4199 2546 4274 βουλῆς
2607 4197 2861 4263 δύνασθαί
2910 4222 2963 4256 τι
3015 4202 3207 4274 μικρὸν
3349 4202 3484 4276 μέγα
3540 4202 3834 4273 μετακινεῖν,

2218 4288 2428 4342 ἀνόσιον
2479 4287 2607 4364 γὰρ,
2641 4289 2669 4343 6
2713 4287 2769 4343 δὲ
2818 4288 3011 4343 αὐτίκα
3069 4290 3204 4364 πρὸς
3253 4290 3498 4361 πόλεμον
3549 4286 3834 4352 ἀποδύεται,

2219 4379 2310 4432 καὶ
2343 4377 2486 4434 ὅπλα
2515 4384 2654 4433 κινεῖ
2691 4378 2826 4432 κατὰ
2872 4383 2968 4442 τοῦ
3016 4376 3186 4451 μηδὲν
3238 4375 3620 4449 ἀδικήσαντος.
3671 4376 3834 4434 Πίπτει

464 4476 580 4528 tem
633 4469 878 4525 alienam
940 4467 1200 4538 cupiens,
1263 4482 1388 4519 eam
1449 4465 1619 4519 etiam
1675 4466 2101 4538 amisit,quam

2218 4469 2397 4522 τοίνυν
2431 4468 2591 4529 οὗτος
2625 4469 2652 4521 6
2687 4470 3088 4529 Κωνσταντῖνος
3119 4466 3178 4520 ἐκ
3215 4472 3293 4538 τῷ
3325 4466 3558 4539 πολέμῳ
3611 4465 3837 4540 μαχόμε-

455 4562 615 4633 juste
645 4559 950 4614 videbatur
999 4561 1215 4611 tenere.
1259 4555 1420 4610 Unde
1469 4555 1642 4609 etiam
1695 4556 1820 4626 ejus
1855 4557 2102 4627 p0pulus

463 4650 661 4706 deficit
691 4649 760 4703 ad
786 4649 1177 4710 Constantem,
1202 4647 1258 4698 et
1279 4644 1338 4698 in
1369 4642 1528 4697 illius
1548 4643 1828 4713 redigitur
1847 4650 2107 4714 potesta-

462 4745 576 4794 tem
611 4737 924 4806 imperium
961 4732 1316 4798 Occidentis,
1347 4747 1481 4786 cum
1518 4732 1589 4786 ad
1623 4731 1682 4786 id
1717 4731 1938 4787 nullum
1973 4739 2101 4788 stu-

462 4833 625 4887 dium
661 4829 973 4900 posuisset.
1011 4831 1157 4882 Deus
1187 4841 1324 4880 vero
1357 4824 1415 4879 in
1441 4825 1600 4894 justa
1632 4829 1842 4880 statera
1874 4825 2106 4880 univer-

461 4935 589 4976 sum
617 4917 983 4987 judicasset:
1030 4914 1130 4984 qui
1179 4913 1353 4968 etiam
1398 4928 1511 4967 non
1557 4927 1785 4966 movere
1829 4913 2106 4968 terminos

462 5012 718 5081 patrum,
753 5019 942 5076 neque
974 5004 1045 5058 de
1104 5001 1267 5056 sulco
1310 5001 1622 5072 propinqui
1669 5001 1888 5071 aliquid
1921 5002 2109 5056 detra-

460 5099 596 5154 here
628 5098 743 5152 lata
775 5094 901 5167 lege
959 5090 1140 5148 semel
1173 5091 1495 5156 constituit,
1533 5105 1626 5154 ne,
1659 5089 1797 5145 dum
1845 5089 2108 5161 improbe

460 5201 522 5241 se
551 5186 697 5258 gerit
735 5184 867 5256 quis
899 5183 958 5238 in
992 5179 1404 5252 pr0pinquum,
1440 5177 1762 5247 inprudens
1797 5180 1962 5248 justa
2006 5179 2105 5235 Dei

460 5273 547 5329 ira
577 5275 1016 5330 condemnetur.
1053 5269 1290 5326 Obtinet
1325 5283 1458 5340 ergo
1481 5267 1764 5324 Constans
1794 5268 2107 5340 imperium

2214 4577 2324 4624 νος,
2358 4555 2448 4610 καὶ
2489 4563 2589 4623 τῆς
2644 4553 2863 4630 μερίδος
2912 4560 3019 4611 τῶν
3076 4553 3388 4630 ἀλλοτρίων
3438 4555 3710 4628 ἐπιθυμῶν
3755 4571 3836 4605 κα-

2213 4652 2361 4699 κεῖνα
2418 4644 2490 4698 ὧν
2561 4643 2733 4699 ἐδοκει
2804 4639 3041 4720 βεϐαίως
3105 4651 3343 4718 κρατεῖν,
3412 4645 3834 4718 προσαπώλεσεν.

2213 4736 2392 4798 Ἔνθεν
2441 4755 2526 4789 τοι
2574 4736 2663 4788 καὶ
2701 4735 2728 4788 6
2758 4734 2954 4788 τούτου
3005 4733 3136 4796 λαὸς
3195 4734 3349 4798 εὐθὺς
3399 4734 3676 4810 ἀποκρίνει
3719 4731 3836 4803 πρὸς

2217 4825 2558 4891 Κώνσταντα,
2625 4825 2712 4877 καὶ
2769 4823 2968 4896 γίνεται
3029 4827 3194 4894 ἡτῆς
3247 4825 3510 4896 Ἐσπέρας
3564 4825 3706 4898 ἀρχὴ
3765 4819 3839 4873 ὑπ’

2217 4913 2426 4984 ἐκείνῳ,
2488 4910 2656 4985 μηδὲν
2711 4912 2834 4987 περὶ
2892 4911 3096 4982 ταύτης
3147 4910 3531 4980 σπουδάσαντι,
3582 4918 3676 4967 τοῦ
3723 4911 3837 4963 Θεοῦ

2218 4999 2273 5055 δὲ
2302 5000 2364 5055 τὸ
2395 5007 2498 5056 πᾶν
2531 4999 2581 5055 ἐν
2631 5004 2854 5073 σταθμῷ
2905 4999 3098 5072 δικαίῳ
3148 4997 3487 5071 δικάσαντος,
3539 5001 3598 5063 ’ὸς
3638 4999 3724 5054 καὶ
3770 4998 3834 5068 μή

2217 5095 2378 5143 κινεῖν
2409 5089 2531 5164 ὅρια
2562 5089 2833 5164 πατέρων,
2865 5091 2942 5162 μή
2976 5085 3032 5143 δὲ
3061 5096 3159 5157 τῆς
3189 5093 3286 5142 τοῦ
3338 5088 3572 5158 πλησίον
3622 5083 3837 5142 αὕλακὸς

3467 5179 3560 5232 ἳνα
3625 5178 3699 5248 μή
3771 5175 3835 5243 τῷ

2219 5269 2450 5336 πλησίον
2509 5269 2973 5345 πονηρευόμενος,
3035 5267 3211 5340 ἑαυτῷ
3283 5267 3423 5344 λάθῃ
3480 5271 3578 5339 τήν
3643 5262 3832 5321 δικαίαν

2215 5201 2268 5234 τι
2342 5184 2625 5253 παρασπᾷν
2697 5180 2829 5248 ἅπαξ
2931 5178 3375 5251 νενομοθέτηκεν,

532 5564 608 5635 (1)
639 5564 782 5619 Vide
811 5563 984 5618 vitam
1032 5563 1091 5619 S.
1135 5563 1300 5618 Luca
1352 5577 1421 5618 ex
1467 5559 1858 5634 Metaphraste
1897 5560 1966 5616 ad
2015 5561 2078 5616 18
2116 5561 2341 5631 Octob,
2374 5577 2502 5634 cap.
2533 5561 2566 5616 3
2595 5578 2608 5630 ;
2641 5559 2880 5634 Niceph.
2912 5559 3010 5617 lib.
3055 5579 3090 5617 x
3128 5561 3296 5631 Hisa,
3336 5575 3462 5632 cap.
3498 5559 3600 5628 ll;
3641 5557 3832 5614 Baron.

458 5636 516 5692 in
550 5639 668 5694 not.
702 5635 941 5692 ibidem.
