4048 6202
213 247 366 310 1165

1410 251 1892 317 MARTYRIUM
1937 254 2003 317 S.
2049 252 2411 316 ARTEMII.

3458 249 3614 312 i166

211 406 376 482 ὀργὴν
409 411 944 489 καταψηφιζόμενος.
1005 410 1289 470 Βασιλεύει
1334 413 1514 470 τοίνυν
1544 415 1570 468 6
1604 415 1856 479 Κώνστας
1887 478 1891 484 ί

2006 417 2149 475 otius
2179 416 2532 485 Occidentis,
2553 417 2702 474 duas
2723 422 2912 489 partes
2936 416 2994 473 in
3018 433 3197 474 unam
3227 415 3616 490 conjungens,

211 495 293 573 ἐφ’
323 497 458 569 ὅλης
508 507 608 568 τῆς
666 499 916 576 ἑσπερίου
961 502 1165 579 ἀρχῆς,
1207 503 1304 566 τὰς
1351 502 1447 559 δύο
1493 501 1858 579 κληροδοσίας

213 585 290 650 εἷς
351 583 405 642 ἕν
472 589 727 662 συνάψας,
794 591 880 645 καὶ
964 591 1088 664 μίαν
1157 591 1338 667 ἀρχὴν
1424 593 1703 673 ἀμφότερα
1779 597 1860 652 05'-

217 697 396 750 μενος.

288 768 359 823 Ε’.
406 767 481 824 Οὖ
532 767 707 831 πολὺς
757 769 880 840 ἐνῆν
949 772 1157 844 καιρὸς,
1225 771 1313 826 καὶ
1383 773 1410 828 6
1473 775 1715 837 Κώνστας
1784 775 1860 840 εἷς

215 857 442 927 κώμους
507 858 595 912 καὶ
676 861 840 932 μέοας
905 859 1284 930 ἐναποκλίνας,
1353 862 1442 916 καὶ
1518 862 1854 927 ἀλλοκότους

218 945 444 1021 ἔρωτας,
499 949 758 1023 ῥαθύμως
805 952 903 1020 τὴν
951 949 1083 1016 ὅλην
1134 953 1314 1030 ἀρχὴν
1365 949 1688 1022 διὲπὲττέυε,
1739 977 1858 1010 τοσ-

217 1042 372 1091 οῦτον
431 1039 706 1113 βασιλείας
759 1043 985 1117 μέγεθος
1033 1043 1460 1119 ἒξορχούμενος.
1509 1041 1860 1101 Ἐπιϐουλεό-

218 1147 330 1182 aut
360 1133 643 1203 τοιγαροῦν
676 1133 763 1184 καὶ
806 1131 967 1192 αὐτὸς
1018 1132 1310 1204 παρᾶτινος
1358 1138 1466 1188 τῶν
1516 1140 1856 1209 στρατηγῶν,

219 1216 444 1288 ὀνόματι
477 1221 824 1294 Μαγνεντίου,
884 1221 974 1274 καὶ
1028 1221 1163 1292 μετὰ
1207 1229 1308 1290 τῆς
1365 1223 1642 1296 βασιλείας
1692 1245 1858 1298 προσ-

219 1305 524 1362 απόλλυσιν
555 1311 736 1364 καὶτὸ
787 1313 905 1383 ζῇν.
956 1311 1160 1366 Τούτου
1208 1312 1485 1380 πεσόντος,
1529 1320 1715 1387 κρατεῖ
1759 1321 1860 1383 τῆς

220 1397 399 1472 ἀρχῆς
446 1398 862 1472 ὁΜαγνὲντιος,
917 1401 1031 1473 μεθ’
1090 1399 1152 1455 οὗ
1209 1405 1308 1467 τῆς
1365 1400 1678 1477 τυραννίδος
1746 1425 1864 1458 συν·

221 1488 554 1548 επελάϐοντο
633 1497 980 1558 Νεπωτι-ανὸς
1067 1497 1158 1551 καὶ
1253 1500 1612 1572 Βρεττανίων·
1679 1503 1862 1557 Ταζὶτα

223 1585 409 1654 μαθὼν
440 1584 467 1637 6
500 1585 872 1646 Κωνστάντιος
907 1585 965 1640 ἐκ
1000 1591 1106 1639 τῶν
1159 1593 1262 1656 τῆς
1309 1585 1552 1665 ἀδελφῆς
1602 1588 1862 1664 γραμμά-

217 1691 349 1742 των,
427 1671 637 1746 ἀπάρας
713 1674 772 1728 ἐκ
835 1681 935 1744 τῆς
994 1674 1319 1748 ’Δνατολῆς,
1405 1679 1495 1732 καὶ
1572 1680 1708 1753 πρὸς
1760 1679 1860 1747 τὴν

215 1762 228 1779 ”
241 1762 478 1835 Εσπέραν
573 1762 884 1836 γενόμενος,

981 1763 1227 1820 συνάπτει
1324 1767 1458 1842 πρὸς
1523 1767 1862 1844 ἀμφοτέρους

1975 513 2032 564 et
2062 524 2130 563 ex
2159 506 2449 564 ambobus
2481 523 2666 564 unum
2701 506 2919 564 faciens
2941 507 3278 578 imperium.

2045 785 2106 836 V.
2139 783 2264 838 Non
2289 783 2540 839 multum
2565 784 2890 839 intercessit
2915 785 3214 856 temporis,
3242 792 3296 842 et
3324 791 3615 846 Constans

1973 874 2043 928 ad
2077 872 2528 928 comessationes
2559 873 2860 930 declinans
2891 881 2944 930 et
2973 875 3300 940 ebrietates,
3326 881 3382 932 et
3397 877 3618 934 alienos

1975 979 2220 1028 amores,
2254 961 2505 1033 segniter
2533 961 2869 1018 universum
2887 965 3122 1035 gerebat
3144 965 3478 1035 imperium,
3516 982 3618 1038 per

1973 1051 2176 1106 ludum
2194 1053 2248 1106 et
2264 1049 2632 1105 saltationem
2659 1055 2874 1106 tantam
2896 1052 3104 1107 molem
3128 1053 3442 1109 sustinens.
3470 1056 3616 1127 Ergo

1975 1141 2026 1195 ei
2071 1145 2353 1211 parantur
2385 1139 2614 1195 insidias
2645 1156 2677 1194 a
2708 1140 2962 1210 quodam
2997 1142 3144 1197 duce
3174 1143 3483 1212 exercitus,
3513 1161 3619 1200 no-

1979 1231 2132 1284 mine
2162 1229 2515 1299 Magnentio,
2549 1233 2606 1284 et
2635 1245 2767 1284 cum
2791 1229 3036 1300 imperio
3065 1231 3243 1287 simul
3274 1248 3508 1306 quoque
3533 1234 3619 1288 vi-

1977 1324 2096 1374 tam
2126 1318 2362 1373 amittit.
2396 1319 2540 1374 Cum
2575 1318 2624 1373 is
2654 1318 2982 1388 cecidisset,
3015 1319 3326 1391 imperium
3376 1326 3622 1393 occupat

1980 1407 2518 1479 Magnentius,cum
2551 1423 2667 1478 quo
2689 1407 2868 1462 simul
2891 1408 3230 1464 invaserunt
3251 1411 3620 1482 tyrannidem

1981 1497 2337 1568 Nepotianus
2401 1501 2458 1552 et
2509 1497 2865 1552 Brettanion.
2941 1499 3066 1552 Hac
3117 1515 3247 1552 cuin
3308 1499 3624 1570 accepisset

1979 1585 2353 1642 Constantius
2371 1601 2440 1642 ex
2463 1586 2669 1642 litteris
2701 1586 2916 1642 sororis
2948 1591 3004 1642 et
3025 1587 3095 1641 ab
3117 1587 3350 1643 Oriente
3373 1589 3625 1646 venisset

1981 1677 2052 1731 ad
2070 1675 2461 1738 Occidentem,
2492 1674 2637 1730 bello
2662 1691 2871 1731 manus
2899 1677 3154 1732 conserit
3173 1692 3302 1733 cum
3329 1677 3446 1733 illis
3469 1684 3526 1734 et
3548 1678 3626 1734 vi-

1979 1763 2136 1830 vicit,
2171 1779 2303 1820 cum
2337 1762 2665 1818 Bretlanion
2689 1765 2759 1819 ad
2783 1781 2916 1821 eum
2943 1765 3266 1822 defecisset.
3301 1767 3461 1833 Quod
3493 1769 3624 1838 qui-

221 1849 466 1923 πόλεμον
521 1853 611 1905 καὶ
665 1853 800 1907 κατὰ
852 1854 1047 1928 κράτος
1105 1860 1248 1926 νικᾷ,
1302 1861 1401 1910 τοῦ
1467 1857 1865 1932 Βρεττανίωνος

2006 1856 2110 1910 lem
2145 1859 2400 1924 tempore
2422 1852 2657 1923 signum
2684 1853 2873 1910 crucis
2907 1854 3251 1924 maximum,
3293 1861 3350 1912 et
3383 1857 3625 1912 miriﬁce

229 1940 363 2014 πρὸς
397 1939 554 1995 αὐτὸν
617 1941 1029 2014 ἀποκλίναντος,
1091 1943 1178 1999 ὅτε
1231 1946 1320 1998 καὶ
1377 1945 1439 2000 τὸ
1490 1951 1587 2000 τοῦ
1646 1951 1875 2017 σταυροῦ

229 2034 458 2102 σημεῖον
520 2030 768 2104 μέγιστόν
816 2052 872 2086 τε
920 2034 1011 2086 καὶ
1065 2030 1254 2094 δεινῶς
1313 2033 1533 2112 ἐκφανὶν
1589 2036 1746 2106 ἅπαν,
1801 2036 1875 2096 ὡς

226 2118 688 2196 ὑπεραστράπτειν
743 2125 823 2192 τῷ
901 2119 1334 2194 καταπληκτικῷ
1405 2130 1505 2192 τῆς
1559 2123 1760 2199 α’ίγλης
1814 2125 1876 2178 τὸ

230 2213 335 2275 τῆς
390 2207 598 2282 ἡμέρας
653 2213 767 2284 φῶς
826 2207 914 2263 ἐπὶ
952 2216 1060 2265 τῶν
1096 2211 1500 2285 Ἰεροσολύμων
1556 2211 1710 2292 ὤφθη
1751 2212 1877 2287 περὶ

229 2296 422 2372 τρίτην
481 2296 622 2371 ὥραν
679 2297 918 2371 μάλιστα
973 2302 1073 2368 τῆς
1123 2300 1331 2374 ἡμέρας
1379 2309 1479 2370 τῆς
1528 2302 1722 2377 ἑορτῆς
1778 2310 1880 2372 τῆς

227 2387 537 2462 λεγομένης
591 2393 970 2457 Πεντηκοστῆς
1022 2389 1328 2458 ἑστηκυίας,
1382 2387 1573 2458 διῆκον
1626 2391 1731 2445 ἀπὸ
1783 2396 1880 2446 τοῦ

237 2477 468 2552 Κρανίου
500 2475 843 2548 καλουμένου
874 2477 1072 2548 τόπου,
1122 2478 1255 2553 ἄχρι
1303 2480 1390 2534 καὶ
1429 2484 1527 2533 υοῦ
1579 2478 1884 2543 Ἐλαιῶνος

235 2563 418 2640 ὄρους,
455 2565 572 2620 ὅθεν
609 2566 854 2644 ὑπῆρχεν
889 2566 916 2620 6
951 2567 1149 2641 Σωτὴρ
1186 2569 1286 2636 τήν
1334 2568 1606 2642 ἀνάληψιν
1654 2571 1886 2639 ποιησά-

230 2676 418 2728 μενος.
481 2658 678 2730 Κρατεῖ
733 2654 910 2709 τοίνυν
963 2662 1065 2725 τῆς
1145 2656 1426 2730 βασιλείας
1488 2657 1881 2725 Κωνστάντιος,

236 2752 343 2802 τῶν
386 2750 484 2800 τοῦ
553 2743 795 2820 μεγάλου
864 2745 1269 2800 Κωνσταντίνου
1327 2746 1458 2801 υἷῶν
1526 2749 1690 2820 μόνος
1748 2747 1882 2801 ὑπο-

233 2835 498 2913 λειφθείς.
534 2836 805 2897 Ἀτενίσας
838 2835 929 2890 οὗν
979 2837 1116 2908 πρὸς
1145 2836 1207 2890 τὸ
1253 2842 1352 2904 τῆς
1406 2837 1582 2911 ἀρχῆς
1635 2839 1882 2910 μεγεθος,

233 2927 325 2982 καὶ
360 2925 682 3000 ἐλιγγιάσας
731 2926 825 2981 ἅτε
869 2923 935 2994 δὴ
983 2927 1271 3000 ἅνθρωπος
1321 2925 1417 2994 ὤν,
1470 2928 1560 2982 καὶ
1612 2928 1688 3000 μὴ
1740 2921 1884 3002 ἔχων

233 3017 324 3070 τὸν
386 3014 445 3069 ἐκ
499 3019 595 3068 τοῦ
653 3014 839 3088 γένους
900 3013 1044 3086 αὐτῷ
1127 3016 1532 3085 συνασπίζοντα·
1604 3014 1727 3072 οὔτε
1784 3017 1885 3091 γὰρ

239 3104 386 3176 αὐτῷ
427 3109 553 3164 παῖς
603 3102 864 3177 ἐγεγόνει,
911 3102 1034 3158 οὔτε
1079 3125 1162 3165 τις
1222 3109 1329 3159 τῶν
1375 3103 1626 3183 ἀδελφῶν
1667 3105 1886 3161 κατελε-

1977 1959 2286 2015 apparens,
2320 1942 2460 1998 adeo
2511 1950 2572 1997 ut
2621 1942 2953 1998 admirabili
2986 1944 3298 2016 splendore
3326 1953 3626 2017 superaret

1977 2031 2169 2089 lucem
2201 2029 2334 2098 diei,
2369 2030 2560 2086 visum
2594 2035 2682 2085 est
2711 2030 3128 2103 Hierosolymis
3185 2033 3341 2088 circa
3397 2033 3624 2089 tertiam

1981 2121 2179 2178 horam
2212 2120 2347 2189 diei,
2380 2135 2513 2174 cum
2543 2124 2696 2175 esset
2725 2120 2849 2176 dies
2882 2123 3085 2186 festus,
3119 2123 3217 2193 qui
3249 2122 3461 2178 dicitur
3487 2123 3628 2179 Pen-

1979 2215 2220 2277 tecoste,
2255 2209 2589 2280 pertingens
2635 2226 2670 2264 a
2712 2208 2858 2277 loco,
2892 2211 2994 2281 qui
3069 2211 3280 2266 dicitur
3337 2210 3627 2270 Calvariaa.

1983 2316 2172 2372 usque
2203 2299 2274 2354 ad
2309 2304 2567 2354 montem
2597 2297 2826 2368 Oliveti,
2848 2300 3004 2354 unde
3029 2300 3136 2355 fuit
3157 2304 3501 2372 assumptus
3531 2315 3631 2356 no-

1985 2397 2102 2445 ster
2142 2387 2424 2444 Salvator.
2460 2386 2776 2458 Imperium
2817 2403 2952 2460 ergo
3010 2392 3166 2445 tenet
3228 2389 3625 2456 Constantius,

1987 2479 2225 2535 relictus
2255 2476 2418 2532 solus
2440 2491 2508 2530 ex
2538 2476 2734 2547 magni
2760 2477 3127 2532 Constantini
3162 2477 3317 2533 ﬁliis.
3344 2480 3484 2534 Cum
3505 2493 3636 2548 ergo

1988 2568 2057 2622 ad
2089 2565 2316 2638 imperii
2341 2563 2804 2636 magnitudinem
2829 2565 3125 2620 deﬁxisset
3155 2566 3376 2632 oculos,
3411 2571 3468 2622 et
3493 2566 3634 2621 cali-

1989 2665 2200 2728 gasset,
2243 2659 2309 2708 ut
2337 2654 2438 2725 qui
2481 2657 2635 2708 esset
2693 2653 2890 2722 homo,
2921 2658 2979 2708 et
3010 2671 3122 2710 non
3164 2654 3400 2710 haberet
3431 2671 3498 2709 ex
3529 2671 3634 2711 suo

1987 2760 2214 2815 genere,
2248 2741 2349 2814 qui
2398 2758 2532 2797 eum
2574 2740 2911 2797 defenderet
2939 2743 3149 2814 (neque
3180 2744 3334 2798 enim
3376 2743 3428 2799 ei
3459 2748 3634 2800 natus

1990 2835 2176 2890 fuerat
2200 2832 2378 2900 ﬁlius,
2399 2847 2586 2902 neque
2599 2836 2960 2886 remanserat
2975 2832 3186 2903 aliquis
3210 2849 3280 2888 ex
3307 2833 3628 2905 fratribus),

1989 2929 2046 2980 et
2075 2923 2327 2990 timeret,
2351 2937 2422 2976 ne
2455 2920 2512 2976 in
2537 2935 2673 2976 eum
2697 2936 2904 2976 rursus
2935 2920 3150 2992 aliquis
3182 2923 3509 2994 insurgeret
3544 2927 3634 2993 ty-

1993 3029 2232 3081 rannus,
2265 3012 2466 3068 statuit
2485 3027 2554 3066 ex
2584 3011 2845 3083 cognatis
2866 3010 3122 3082 aliquem
3157 3011 3416 3083 accipere
3449 3012 3636 3067 coha-

1993 3105 2209 3171 redem,
2243 3105 2299 3158 et
2345 3100 2574 3171 imperii
2627 3100 2990 3156 defensorem
3027 3117 3042 3157 :
3073 3102 3226 3172 quod
3273 3101 3448 3157 etiam
3481 3101 3638 3158 fecit.

242 3191 453 3248 λειπτο·
484 3192 574 3247 καὶ
633 3189 809 3253 δείσας
871 3194 946 3264 μή
1000 3212 1082 3254 τις
1131 3191 1277 3265 αὐτῴ
1334 3192 1498 3248 πάλιν
1552 3192 1877 3262 ἐπανασταίη

2006 3194 2136 3248 Nam
2171 3207 2305 3248 cum
2354 3189 2588 3246 Gallum
2631 3189 2853 3245 Juliani
2889 3190 3120 3246 fratrem
3151 3191 3326 3246 Sirmi
3358 3193 3640 3246 Caesarem

241 3281 519 3355 τύραννος,
583 3280 865 3336 σκέπτεται
941 3286 1052 3338 τῶν
1119 3287 1394 3358 συγγενῶν
1477 3304 1597 3338 τινα
1692 3278 1879 3338 λαϐεῖν

244 3370 574 3447 σόγκληρον,
608 3370 698 3424 καὶ
739 3376 838 3439 τῆς
891 3369 1169 3444 βασιλείας
1219 3371 1576 3442 ὑπεσπιστὴν,
1616 3372 1646 3427 ’ὀ
1679 3370 1746 3440 δὴ
1795 3371 1884 3426 καὶ

243 3461 534 3529 πεποίηκε.
597 3457 808 3513 Γάλλον
857 3460 951 3513 τὸν
1004 3459 1306 3516 Ἰουλιανοῦ
1356 3459 1589 3539 ἀδελφὸν
1650 3461 1890 3535 Καίσαρα

245 3549 636 3620 ποιησάμενος·
698 3548 911 3620 ἀνεψιὸς
974 3545 1029 3602 δὲ
1107 3550 1242 3624 πρὸς
1327 3552 1529 3624 πατρὸς
1589 3551 1617 3604 6
1676 3548 1888 3610 Γάλλος

249 3639 416 3710 αὐτῷ’
480 3635 848 3699 Κωνστάντιος
894 3635 996 3711 γὰρ
1058 3638 1085 3691 6
1143 3637 1360 3693 Γάλλου
1448 3641 1538 3692 καὶ
1593 3640 1891 3695 Ἰουλιανοῦ

250 3729 452 3799 πατὴρ,
547 3723 781 3802 ἀδελφὸς
856 3726 922 3794 ἦν
985 3727 1386 3782 Κωνσταντίνου
1459 3733 1556 3782 τοῦ
1627 3726 1890 3803 μεγάλου.

253 3820 460 3874 Τοῦτον
494 3813 583 3869 οὖν
612 3814 663 3869 ἐν
709 3819 788 3886 τῷ
843 3815 1058 3888 Σιρμίῳ
1105 3817 1618 3892 προχειρισάμενος,
1667 3815 1896 3893 γυναῖκά

252 3925 312 3961 τε
367 3905 518 3975 αὐτῷ
586 3903 829 3978 ζεόγνυσι
894 3905 992 3971 τήν
1058 3905 1247 3958 ἑαυτοῦ
1304 3903 1546 3980 ἀδελφήν
1612 3912 1898 3960 Κωνσταν-

254 3996 397 4062 τίαν,
428 3995 659 4056 πίστεως
708 3992 798 4047 καὶ
853 3988 1205 4068 βεϐαιότητος
1256 3997 1442 4070 χάριν,
1486 3997 1576 4049 καί
1626 3993 1898 4070 ἄρχοντας

258 4085 405 4156 αὐτῷ
472 4081 690 4138 δίδωσιν
743 4083 905 4146 αὐτὸς
951 4087 1311 4154 καταστήσας·
1361 4082 1422 4140 δῦ
1472 4086 1578 4160 γὰρ
1608 4084 1793 4156 ἐκείνῳ
1839 4105 1900 4159 γε

1995 3284 2246 3339 creasset
2274 3279 2422 3350 (erat
2451 3283 2647 3333 autem
2679 3277 2731 3333 ei
2762 3277 2961 3334 Gallus
2993 3279 3274 3350 patruelis
3309 3296 3322 3334 :
3355 3281 3644 3337 Constan-

2000 3371 2119 3426 tius
2145 3369 2326 3436 enim,
2344 3366 2497 3425 Galli
2518 3371 2571 3422 et
2592 3367 2811 3422 Juliani
2836 3372 3019 3438 pater,
3047 3369 3224 3425 frater
3238 3369 3426 3424 fuerat
3449 3368 3644 3439 magni

1997 3458 2412 3528 Constantini),
2435 3455 2486 3511 ei
2511 3457 2609 3510 dat
2633 3473 2891 3522 uxorem,
2907 3473 3066 3512 suam
3091 3473 3349 3514 sororem
3372 3460 3647 3513 Constan-

1999 3551 2162 3613 tiam,
2197 3551 2260 3604 ut
2306 3563 2396 3602 res
2445 3549 2597 3601 esset
2645 3545 2864 3601 firmior
2895 3551 2952 3602 et
2981 3547 3230 3613 cautior,
3261 3553 3314 3602 et
3347 3547 3561 3618 praebet
3593 3546 3643 3602 ei

2002 3635 2403 3706 magistratus,
2422 3649 2564 3703 quos
2585 3632 2710 3705 ipse
2731 3633 3113 3689 constituerat
3133 3636 3274 3704 (non
3296 3635 3450 3689 enim
3483 3633 3647 3689 Gallo

2003 3725 2216 3780 licebat
2245 3723 2301 3778 id
2334 3721 2446 3779 sibi
2478 3737 2798 3790 assumere,
2831 3739 2965 3777 cum
3003 3729 3158 3778 esset
3186 3723 3418 3791 Caesar),
3452 3721 3648 3777 Domi-

2008 3816 2233 3871 tianum
2267 3813 2500 3884 quidem
2531 3815 2585 3866 et
2632 3811 3004 3868 Thalassium
3036 3811 3305 3869 amittens
3345 3812 3648 3884 praefectos

2013 3903 2336 3977 praetorios,
2369 3901 2654 3958 Montium
2689 3905 2880 3957 autem
2913 3902 3301 3972 imperatoriis
3334 3901 3654 3971 przeficiens

2013 3992 2360 4058 rationibus,
2385 4005 2558 4061 quem
2577 3990 2752 4046 etiam
2777 3990 3034 4046 solemus
3055 4006 3258 4046 vocare
3289 3994 3655 4062 quastorem,

2016 4086 2072 4139 et
2101 4081 2278 4136 simul
2313 4095 2446 4137 eum
2479 4078 2652 4134 etiam
2686 4095 2901 4135 ornans
2935 4081 3151 4136 honore
3183 4079 3433 4135 Patricii.

261 4174 441 4251 ἐφεῖτο
500 4175 732 4247 Καίσαρι
790 4173 924 4229 ὄντι·
994 4173 1296 4230 Θαλάσσιον
1361 4177 1454 4248 μὲν
1523 4173 1848 4236 ἀποστείλας
1907 4172 2146 4246 ἔπαρχον
2211 4168 2584 4244 πραιτωρίων,
2643 4168 2879 4225 Μόντιον
2939 4167 2994 4225 δὲ
3052 4168 3140 4224 ἐπὶ
3195 4174 3302 4224 τῶν
3365 4170 3660 4245 βασιλικῶν

263 4264 625 4336 πραγμάτων,
657 4263 717 4316 ὃν
749 4264 838 4318 καὶ
868 4263 1202 4339 κοιαίστωρα
1234 4265 1420 4321 καλεῖν
1451 4264 1597 4320 οἶδεν
1624 4267 1650 4320 6
1683 4263 1873 4338 λόγος,
1907 4263 2018 4335 ἅμα
2047 4259 2137 4314 καὶ
2167 4261 2452 4333 πατρίκιον
2481 4262 2672 4313 τοῦτον
2693 4261 2955 4332 τιμήσας.

339 4358 402 4416 ς’.
435 4353 496 4408 Ὁ
545 4350 603 4406 δὶ
654 4350 866 4416 Γάλλος
920 4354 992 4415 ὡς
1031 4354 1154 4409 τότε
1192 4357 1338 4430 παρὰ
1387 4361 1484 4412 τοῦ
1536 4353 1912 4412 Κωνσταντίου

269 4440 537 4519 πεμφθεὶς
568 4438 655 4494 ἐπὶ
683 4448 782 4508 τῆς
813 4441 1006 4512 Ἐῲας,
1058 4443 1238 4520 εἷ’χετο
1284 4450 1391 4500 τῶν
1443 4445 1799 4521 πραγμάτων,
1853 4442 1910 4496 ὅν

2095 4352 2184 4405 Vl.
2244 4350 2444 4406 Gallus
2503 4354 2718 4414 autem,
2773 4355 2836 4404 ut
2885 4351 2981 4422 qui
3042 4354 3181 4408 tunc
3239 4370 3272 4407 a
3327 4351 3670 4408 Constantio

2025 4440 2237 4495 missus
2267 4444 2418 4494 esset
2461 4440 2532 4494 ad
2580 4439 2901 4507 Orientem,
2933 4444 3058 4496 erat
3088 4441 3347 4497 intentus
3369 4441 3541 4497 rebus
3571 4455 3676 4510 ge-

275 4529 465 4585 αυτίκα
499 4527 756 4600 μαθόντες
805 4529 857 4582 οἱ
908 4530 1104 4602 Πέρσαι
1156 4533 1293 4607 πρὸς
1340 4534 1679 4608 Ἀντιόχειαν
1731 4532 1891 4610 ἀφικό

2006 4530 2252 4585 'rendis.
2284 4531 2459 4594 Quem
2503 4545 2636 4583 cum
2689 4531 2942 4600 primum
2977 4531 3341 4602 accepissent
3371 4530 3555 4586 Persa:
3582 4545 3677 4584 ve-

280 4639 457 4691 μενον,
506 4615 971 4692 κατωρρώδησαν,
1026 4620 1144 4674 νέον
1193 4641 1251 4674 τε
1299 4621 1459 4676 αὐτὸν
1519 4622 1609 4676 καί
1665 4634 1927 4696 θερμουρ·

277 4709 372 4781 γὸν
403 4707 478 4768 εἷς
524 4706 590 4760 τὰ
638 4705 768 4781 ἔργα
813 4707 1134 4779 πυθόμενοι,
1185 4710 1276 4763 καὶ
1326 4710 1425 4764 οὐκ
1473 4709 1552 4765 ἔτι
1600 4710 1926 4780 ἒποιτςσαντο

279 4799 381 4864 τὴν
419 4793 503 4850 ἐπὶ
563 4796 689 4856 τοὺς
745 4795 1050 4867 Ῥωμαίους
1105 4794 1364 4867 ἐξέλασιν,
1413 4799 1502 4853 καὶ
1554 4801 1581 4854 6
1625 4801 1718 4872 μὶν
1775 4801 1826 4854 ἐν
1859 4804 1928 4873 τῇ

285 4883 594 4958 ’Λντιοχείᾳ
631 4890 730 4952 τῆς
779 4885 978 4959 Συρίας
1025 4887 1091 4955 ἦν
1138 4887 1213 4946 ὡς
1263 4884 1594 4957 δεδήλωται,
1646 4889 1929 4945 Κωνστάν-

284 4994 400 5034 τιος
449 4971 507 5028 δὲ
551 4972 602 5028 ἐν
648 4977 716 5046 τῇ
767 4972 998 5051 Ἐσπέρᾳ
1063 4977 1290 5046 καθίστη
1351 4977 1417 5032 τὰ
1472 4980 1782 5054 πράγματα,
1841 4978 1931 5032 καὶ

282 5063 404 5117 τότε
459 5059 525 5130 δὴ
589 5060 848 5134 μάλιστα,
905 5065 1153 5136 καθαρῶς
1218 5066 1492 5145 ἡσύχασεν
1549 5069 1583 5137 ἡ
1641 5069 1932 5142 Ῥωμαίων

287 5152 437 5230 ἀρχὴ
473 5152 608 5225 πρὸς
632 5150 959 5226 ἀμφοτέρων
1011 5153 1420 5230 φυλαττομένη.
1473 5158 1572 5214 Καὲ
1622 5163 1790 5212 ταῦτα
1843 5157 1936 5229 μὲν

286 5246 480 5297 τοῦτον
534 5239 663 5314 ἔσχε
715 5240 805 5295 τὸν
870 5240 1095 5314 τρόπον.
1158 5246 1214 5299 Ὀ
1285 5244 1342 5300 δὲ
1391 5247 1630 5314 Γάλλος,
1687 5249 1788 5315 τήν
1841 5249 1938 5300 τοῦ

294 5327 562 5402 Καίσαρος
620 5328 1034 5406 ἀμφιασάμενος
1115 5330 1436 5408 ἁλουργίδα,
1511 5337 1597 5388 καὶ
1659 5331 1768 5402 ἤδη
1833 5337 1940 5388 τῶν

294 5420 528 5495 πρώτων
561 5424 662 5486 τῆς
695 5419 971 5493 βασιλείας
1007 5421 1304 5495 ἀρξάμενος
1350 5418 1638 5477 ἐπιϐαίνειν
1691 5426 1941 5498 βαθμῶν,

298 5507 398 5563 οὐκ
447 5503 632 5578 ἔμενεν
682 5506 771 5562 ἐπὶ
818 5515 920 5578 τῆς
962 5509 1219 5580 τοιαύτης
1269 5511 1499 5584 γνώμης
1549 5511 1637 5564 καὶ
1686 5511 1944 5581 πίστεως,

299 5597 369 5666 ἦς
399 5595 542 5670 πρὸς
589 5595 680 5650 τὸν
730 5596 1096 5653 Κωνστάντιον
1145 5597 1463 5671 ἐποιήσατο,
1518 5597 1943 5675 βασιλικώτερον

2037 4618 2192 4674 niese
2237 4617 2626 4684 Antiochiam,
2662 4617 2867 4673 timore
2913 4623 3051 4674 sunt
3091 4619 3305 4686 affecti,
3336 4635 3468 4674 cum
3513 4617 3677 4673 audi-

2037 4709 2260 4764 vissent
2315 4725 2446 4764 eum
2509 4724 2638 4764 esse
2685 4709 2985 4778 juvenem,
3035 4719 3087 4764 et
3135 4710 3206 4765 ad
3262 4725 3350 4764 res
3398 4708 3680 4779 gerendas

2039 4816 2223 4855 acrem
2248 4803 2304 4854 et
2334 4797 2760 4864 vehementem,
2793 4813 2898 4854 nec
2930 4799 3188 4855 fecerunt
3209 4798 3463 4871 amplius
3483 4813 3682 4853 excur-

2041 4890 2265 4946 sionem
2298 4888 2356 4942 in
2407 4903 2579 4958 agros
2611 4887 3032 4945 Romanorum.
3067 4889 3134 4945 Et
3163 4888 3261 4945 ille
3300 4888 3529 4960 quidem
3561 4894 3686 4942 erat

2044 4978 2356 5035 Antiochiae
2411 4978 2614 5049 Syriae,
2648 4982 2714 5034 ut
2765 4983 3067 5034 ostensum
3127 4983 3258 5047 est;
3312 4978 3686 5034 Constantius

2045 5076 2237 5124 autem
2273 5083 2365 5122 res
2395 5067 2790 5123 constituebat
2819 5068 2880 5122 in
2928 5067 3239 5124 Occidente
3271 5085 3284 5123 :
3319 5077 3375 5123 et
3399 5071 3535 5124 tunc
3566 5072 3690 5123 erat

2047 5157 2300 5212 maxime
2332 5155 2596 5226 quietum
2639 5157 3025 5212 Romanorum
3059 5157 3394 5228 imperium,
3428 5165 3487 5212 ut
3535 5158 3689 5228 quod

2048 5247 2118 5301 ab
2135 5244 2404 5315 utrisque
2434 5245 2847 5303 custodiretur.
2864 5250 2931 5301 Et
2959 5245 3080 5302 hac
3103 5245 3338 5317 quidem
3352 5247 3512 5301 modo
3531 5246 3694 5302 modo

2051 5353 2111 5390 se
2142 5335 2460 5391 habebant.
2490 5334 2690 5390 Gallus
2719 5341 2913 5390 autem
2965 5350 3097 5389 cum
3131 5335 3374 5389 Cesaris
3407 5334 3697 5390 induisset

2053 5441 2397 5496 purpuram,
2467 5427 2525 5479 et
2572 5423 2698 5495 jam
2771 5423 3046 5496 cmpisset
3103 5423 3423 5480 ascendere
3479 5424 3699 5494 primos

2053 5513 2268 5585 gradus
2298 5512 2549 5585 imperii,
2583 5527 2701 5568 non
2733 5513 2952 5568 mansit
2978 5512 3034 5568 in
3072 5511 3275 5569 eadem
3324 5515 3613 5569 sententia
3642 5517 3702 5568 et

2057 5603 2190 5672 fide,
2224 5618 2399 5674 quam
2431 5603 2670 5659 dederat
2716 5602 3076 5670 Constantio,
3110 5602 3285 5659 nimis
3318 5619 3417 5674 pro
3456 5603 3700 5673 imperio
