4048 6202
424 300 586 359 1167

1772 279 2059 341 MENSIS
2104 279 2483 343 OCTOBER.

3685 293 3837 353 1168

427 474 520 514 res
570 470 769 528 gerere
817 448 1179 523 aggrediens,
1211 450 1268 504 et
1319 461 1453 502 cum
1500 460 1712 515 magna
1742 442 1983 499 audacia
2021 444 2077 497 et

2190 442 2297 494 τῶν
2354 444 2695 517 πραγμάτων
2761 444 3091 519 ἀπτὸμενος.
3142 446 3232 502 καὶ
3285 448 3421 520 μετά
3476 444 3696 504 πολλοῦ
3743 454 3837 505 τοῦ

431 545 763 617 arrogantia
808 541 1192 597 constituens.
1226 540 1381 601 Quos
1429 535 1586 591 enim
1631 549 1766 589 cum
1798 532 1923 603 ipso
1956 547 2077 585 ma-

431 638 711 708 gistratus
743 631 1016 687 cmiserat
1046 624 1450 691 Constantius,
1487 623 1586 694 qui
1620 620 2081 692 imperialiumet

430 725 690 782 civilium
721 736 917 776 rerum
951 721 1125 773 erant
1168 716 1418 787 judices,
1456 712 1707 785 praetorii
1750 711 2080 781 przefectum

429 814 828 873 Domitianum
879 813 1173 876 (mortuus
1241 803 1393 858 enim
1453 806 1575 857 crat
1640 799 1972 867 Thalassus)
2022 803 2079 852 et

433 910 781 975 quaestorem
814 897 1122 964 Montium,
1158 894 1311 966 quod
1342 909 1458 947 non
1492 893 1778 963 parerent,
1811 896 1863 943 et
1894 888 2079 942 inser-

430 995 621 1049 virent
658 1008 689 1045 a
721 988 938 1045 ratione
970 986 1197 1053 alienis,
1230 988 1285 1038 et
1324 999 1451 1053 qu
1482 979 1740 1037 cohiberi
1772 994 1887 1033 non
1918 981 2080 1047 pote-

433 1086 589 1149 rant,
621 1081 748 1151 ejus
797 1074 1269 1149 appetitionibus,
1304 1089 1436 1127 cum
1478 1070 1759 1141 jussisset
1792 1067 2080 1123 militibus

436 1172 675 1243 alligare
725 1170 889 1225 funes
933 1181 1133 1221 eorum
1179 1163 1447 1234 pedibus,
1475 1160 1656 1231 jussit
1687 1157 1840 1213 trahi
1867 1173 1965 1229 per
1997 1158 2077 1211 fo-

435 1277 586 1326 rum,
620 1264 676 1315 et
731 1263 1045 1327 utrumque
1083 1254 1313 1317 occidit,
1348 1268 1479 1306 cum
1538 1250 1644 1305 viri
1705 1250 1950 1303 fuissent
1981 1262 2079 1316 ge-

434 1349 632 1407 rendis
684 1345 1127 1419 magistratibus
1177 1341 1407 1412 egregii,
1443 1346 1498 1395 et
1549 1339 1754 1409 quovis
1813 1337 1974 1392 lucro
2023 1338 2080 1389 et

436 1440 831 1498 emolumento
879 1434 1099 1491 inventi
1150 1436 1347 1488 essent
1378 1429 1725 1501 superiores.
1759 1428 1913 1490 Quos
1945 1442 2077 1479 cum

436 1528 857 1601 composuisset
886 1523 1140 1581 civitatis
1162 1520 1491 1592 episcopus,
1518 1516 1765 1589 sepeliit,
1788 1516 2077 1588 insignem

436 1634 639 1675 eorum
671 1616 942 1672 virtutem
976 1611 1275 1669 reveritus.

3782 538 3793 555 ς

2192 531 2418 601 θράσους
2492 531 2583 587 καὶ
2649 541 2749 603 τῆς
2818 532 3133 604 ἀλαζονείας
3201 534 3641 611 διὰτασσὸμενος·
3711 538 3837 600 τοὺς

2187 620 2288 694 γάρ
2337 620 2611 697 ἄρχοντας
2670 624 2760 685 οὕς
2819 623 2910 679 σὺν
2966 624 3116 698 αὖτῷ
3183 626 3485 706 ἐπεπόμφει
3550 628 3839 686 Κωνστάν-

2189 729 2324 794 τιος,
2383 716 2490 764 τῶν
2540 712 2840 785 βάσιλικῶν
2898 735 2956 769 τε
3011 715 3100 769 καὶ
3149 715 3452 772 πολιτικῶν
3501 718 3836 794 πράγμάτων

2190 793 2346 861 ὄντας
2398 798 2700 871 διαιτητὰς,
2746 803 2838 857 τόν
2896 824 2953 858 τε
3002 810 3109 859 τῶν
3195 806 3533 882 Πραιτορίων
3592 808 3837 883 ὕπαργον

2190 890 2513 961 Δομετιανὸν
2566 892 2618 963 (ὁ
2678 892 2783 968 γάρ
2849 891 3152 956 Θαλάσσιος
3231 876 3534 970 έτεθντξκτι)
3599 876 3837 952 καί-τᾶν

2188 978 2275 1032 ἐπὶ
2305 983 2402 1033 τοῦ
2446 980 2810 1053 κοιαίστωρος
2854 983 3110 1041 Μάντιον.
3163 981 3253 1039 διά
3300 986 3362 1039 τὸ
3396 987 3473 1059 μὴ
3523 989 3834 1060 πειθαρχεῖν

2189 1067 2382 1128 αὐτοὺς
2448 1068 2539 1123 καὶ
2609 1070 2898 1147 ὑπουργεῖν
2964 1078 3082 1135 ταῖς
3139 1072 3475 1148 παραλόγοις
3533 1076 3699 1129 αὑτοῦ
3748 1076 3835 1129 καὶ

2190 1157 2506 1221 ἀκαθέκτοις
2548 1159 2769 1233 ὁρμαῖς,
2830 1159 3089 1236 σχοίνους
3145 1168 3261 1224 τοῖς
3319 1167 3673 1237 στρατιώταις
3727 1169 3832 1218 τῶν

2187 1244 2369 1301 ποδῶν
2424 1246 2600 1302 αὐτῶν
2648 1247 2937 1323 ἐξάψασθαι
2981 1251 3549 1326 παρακελευσάμενος,
3598 1252 3686 1308 ἐπὶ
3737 1260 3834 1320 τῆς

2187 1336 2386 1411 ἀγοράς
2443 1346 2667 1412 συρῆναι
2742 1341 3033 1415 προσέταξε
3120 1342 3209 1397 καὶ
3302 1342 3646 1418 ἀμφοτέρους
3743 1345 3832 1397 ἀπ’

2188 1425 2436 1495 έκτεινεν,
2469 1424 2662 1502 ἄνδρας
2692 1427 2744 1482 ἐν
2774 1430 3060 1503 [ἀξιώμασι
3115 1430 3532 1505 διαπρέψαντας,
3564 1434 3653 1486 καὶ
3704 1454 3837 1487 παν-

2187 1519 2279 1577 τὸς
2319 1514 2543 1591 κέρδους
2593 1520 2681 1572 καὶ
2732 1519 3028 1592 λήμματος
3080 1520 3388 1595 εὑρεθέντας
3440 1522 3837 1596 ὑψηλοτέρους,

2191 1604 2283 1665 οὕς
2327 1607 2354 1659 ὁ
2402 1612 2501 1675 τῆς
2560 1606 2775 1668 πόλεως
2832 1606 3177 1681 περιστείλας
3238 1609 3553 1681 ἐπίσκοπος,
3624 1609 3837 1684 ἔθαψεν,

2189 1692 2450 1756 αἰδεσθεὶς
2479 1697 2541 1749 τὸ
2566 1703 2665 1764 τῆς
2698 1694 2894 1770 ἀρετῆς
2924 1696 3097 1752 αὐτῶν
3132 1693 3567 1772 ἀνυπέρϐλητον.

506 1800 623 1854 Vll.
658 1793 1028 1852 Constantius
1060 1799 1255 1847 autem
1312 1805 1451 1846 cum
1482 1787 1763 1843 audiisset
1811 1786 1892 1853 id,
1925 1784 2077 1855 quod

2259 1786 2330 1839 Ζ’.
2393 1785 2453 1841 Ὀ
2502 1782 2557 1839 δὲ
2606 1786 3003 1855 Κωνστάντιος,
3063 1784 3249 1856 ἐπειδὴ
3325 1789 3556 1863 τάχιστα
3612 1788 3838 1853 ἐπύθετο

434 1888 747 1951 acciderat,
782 1884 1013 1941 Gallum
1063 1883 1134 1937 ad
1184 1897 1243 1937 se
1282 1878 1543 1936 accersit.
1579 1877 1678 1932 Ille
1709 1880 1904 1932 autem
1946 1890 2080 1929 cum

436 1980 610 2035 sciret
660 1976 916 2046 quidem,
951 1990 1008 2029 se
1057 1988 1171 2027 nou
1223 1968 1414 2026 vocari
1446 1969 1515 2022 ad
1567 1969 1783 2023 bonum
1826 1965 2086 2035 aliquod,

438 2084 645 2126 rursus
703 2069 898 2121 autem
952 2062 1254 2131 cogitaret,
1299 2058 1453 2130 quod
1525 2058 1572 2113 si
1632 2055 1813 2111 nollet
1864 2070 2087 2124 parere,

448 2158 740 2225 oporteret
780 2152 995 2207 bellum
1030 2152 1235 2218 facere,
1270 2146 1450 2203 armis
1484 2145 1748 2217 protinus
1780 2143 2082 2214 correptis,

446 2246 622 2316 elegit
670 2242 865 2314 potius
915 2254 1135 2311 pacem.
1170 2238 1238 2292 Et
1286 2236 1583 2308 praamissa
1614 2250 1790 2289 uxore
1829 2233 1900 2289 ad
1934 2232 2087 2287 miti-

444 2335 700 2408 gandum
723 2328 1149 2397 Constantium,
1182 2327 1304 2398 ipse
1336 2341 1569 2397 quoque
1599 2340 1706 2379 sua
1735 2326 1940 2395 sponte
1970 2321 2088 2377 adi-

440 2424 544 2479 bat
575 2418 921 2493 periculum.
957 2420 1147 2487 Atque
1203 2414 1545 2471 Constantia
1600 2413 1834 2484 quidem
1886 2412 2083 2467 statim

438 2512 702 2585 profecta
745 2512 854 2577 est,
889 2511 954 2563 ut
1011 2505 1252 2560 fratrem
1302 2503 1460 2575 prior
1503 2501 1857 2571 conveniret,
1902 2505 1959 2556 et
2023 2501 2082 2555 in

436 2603 629 2659 animo
674 2599 901 2654 habens
959 2610 1165 2665 rogare
1214 2610 1317 2665 pro
1359 2593 1592 2658 marito,
1626 2596 1688 2648 ut
1733 2590 1879 2646 nihil
1911 2606 2084 2661 grave

432 2696 492 2750 in
546 2705 681 2747 eum
714 2690 1006 2743 statueret.
1041 2686 1186 2739 Cum
1218 2687 1412 2739 autem
1471 2686 1738 2753 prompto
1796 2689 1850 2735 et
1906 2679 2081 2735 alacri

431 2781 611 2839 animi
667 2778 861 2835 studio
917 2776 1027 2831 iter
1084 2775 1336 2839 iniisset,
1381 2774 1535 2828 inter
1572 2773 1829 2826 eundum
1877 2770 2082 2825 incidit

432 2873 493 2927 in
554 2867 845 2924 morbum.
910 2865 976 2919 Et
1025 2879 1157 2917 cum
1209 2861 1570 2917 ascendisset
1625 2859 1684 2914 in
1727 2858 2077 2928 Bithyniam,

434 2961 497 3015 in
552 2959 799 3029 quadam
860 2956 993 3023 ejus
1034 2951 1302 3017 statione,
1334 2967 1459 3020 quae
1508 2948 1800 3004 Gallicana
1844 2948 2077 3013 dicitur,

440 3052 529 3103 est
571 3051 822 3101 mortua.
872 3041 1075 3097 Gallus
1132 3046 1331 3094 autem
1386 3038 1491 3092 etsi
1551 3037 1679 3104 hoc,
1740 3036 1892 3107 quod
1944 3052 2077 3105 prie-

438 3142 525 3191 ter
574 3132 907 3204 opinionem
955 3128 1260 3195 acciderat,
1295 3143 1568 3198 magnam
1609 3130 1935 3195 reputasset
1982 3142 2074 3180 ca-

438 3227 787 3292 lamitatem,
824 3222 944 3277 ibat
990 3225 1185 3275 tamen
1234 3218 1491 3283 ulterius,
1528 3233 1639 3272 non
1689 3217 1974 3272 desistens
2007 3218 2077 3272 ab

438 3317 534 3381 iis,
568 3330 696 3385 qua:
728 3316 1031 3367 statuerat.
1064 3310 1374 3378 Postquam
1424 3323 1556 3363 vero
1604 3306 1762 3361 venit
1792 3306 1865 3361 ad
1908 3306 2069 3362 Nori—

438 3422 635 3459 corum
668 3403 983 3466 civitatem,
1018 3415 1142 3469 quae
1171 3403 1406 3453 vocatur
1451 3396 1762 3467 Pytaviota,
1797 3396 1911 3450 huc
1962 3396 2078 3451 llle-

439 3494 694 3559 diolano,
728 3508 857 3546 cum
909 3490 1024 3545 illic
1076 3495 1215 3544 tunc
1263 3492 1415 3543 esset
1460 3487 1860 3551 Constantius,
1896 3486 2077 3541 mitti.

436 3594 531 3639 tur
553 3587 668 3637 dux
697 3582 983 3637 exercitus
1014 3578 1347 3645 Barbation,
1383 3576 1484 3647 qui
1517 3575 1681 3631 Gallo
1722 3578 1912 3630 aufert
1944 3593 2080 3646 pur-

438 3690 669 3745 puram.
702 3676 774 3727 Et
820 3687 952 3726 cum
1010 3686 1143 3724 eum
1175 3668 1406 3722 fecisset
1438 3666 1742 3736 privatum,
1778 3665 1991 3735 relegat
2020 3666 2079 3720 in

439 3763 758 3835 quamdam
807 3758 1059 3814 insulam
1110 3756 1431 3813 Dalmatiae.
1467 3758 1607 3810 Cum
1641 3754 1838 3809 Gallus
1887 3759 2079 3810 autem

438 3851 691 3908 venisset
722 3852 778 3905 in
812 3848 1087 3916 insulam,
1120 3847 1406 3902 Eusebius
1438 3844 1765 3911 eunuchus,
1801 3844 1899 3915 qui
1933 3862 2078 3915 pra:-

440 3942 616 4012 positi
675 3945 811 3995 tunc
870 3938 1124 3993 habebat
1182 3936 1480 4001 honorem,
1530 3940 1588 3989 et
1662 3935 1762 4005 qui
1820 3950 1954 3989 cum
2014 3951 2079 3991 eo

442 4036 625 4099 erant,
689 4028 1045 4100 persuadent
1100 4024 1457 4090 Constantio,
1522 4028 1583 4078 ut
1638 4025 2077 4094 quamprimum

442 4119 673 4174 Gallum
734 4116 957 4172 tolleret
1014 4116 1083 4169 de
1138 4113 1344 4169 medio.
1405 4112 1503 4168 Ille
1562 4130 1695 4169 vero
1746 4129 2078 4182 persuasus,

442 4209 621 4264 mittit
652 4208 750 4279 qui
785 4208 977 4277 ipsum
1008 4205 1413 4260 interﬁcerent.
1456 4204 1598 4259 Cum
1631 4203 1670 4259 ii
1726 4208 1920 4258 autem
1961 4204 2079 4272 jam

439 4301 612 4365 irent,
646 4298 1018 4352 Constantius
1050 4311 1258 4349 rursus
1290 4299 1483 4349 motus
1531 4299 1620 4348 est
1660 4293 2077 4361 misericordia,

437 4391 495 4442 et
526 4386 688 4440 misit
720 4384 989 4439 ocissime
1029 4382 1271 4450 litteras,
1306 4398 1433 4453 qua:
1464 4382 1693 4437 Gallum
1726 4400 1758 4436 a
1792 4386 1975 4438 morte
2005 4382 2077 4436 li-

435 4475 737 4531 berabant.
799 4472 1085 4528 Eusebius
1137 4477 1355 4537 autem,
1388 4476 1445 4525 et
1475 4472 1567 4539 qui
1614 4488 1745 4526 cum
1778 4487 1843 4525 eo
1891 4476 2075 4540 erant,

2196 1875 2259 1928 τὸ
2328 1869 2560 1947 συμϐὰν.
2633 1876 3020 1949 μετάπεμπτον
3080 1878 3152 1939 ὡς
3211 1878 3397 1932 ἑαυτὸν
3447 1878 3688 1934 ἐποιεῖτο
3752 1881 3841 1934 τὸν

2196 1962 2428 2019 Γάλλον.
2463 1966 2523 2022 Ὀ
2556 1962 2612 2019 δὲ
2642 1966 2802 2027 εἰδὼς
2850 1967 2944 2039 μὲν
2999 1968 3071 2028 ὡς
3124 1968 3225 2021 οὐκ
3274 1966 3356 2022 ἐπ⁸
3404 1970 3583 2043 ἀγαθῷ
3628 1970 3842 2044 τυγχά-

2196 2074 2274 2106 νει
2304 2051 2665 2125 καλοῦμενος,
2698 2054 2891 2110 ἐννοῶν
2925 2053 2982 2110 δὲ
3011 2054 3175 2110 πάλιν
3236 2058 3309 2118 ὼς
3342 2055 3391 2112 εἴ
3450 2059 3524 2130 μὴ
3575 2058 3837 2133 βούλοιτο

2200 2142 2510 2211 ὑπακούειν,
2578 2142 2828 2216 πόλεμον
2906 2145 3107 2219 ἀνάγκη
3203 2151 3400 2214 ποιεῖν,
3469 2145 3614 2201 ὅπλα
3699 2148 3839 2221 πρὸς

2197 2234 2566 2289 Κωνστάντιον
2636 2234 2694 2290 ἐκ
2758 2240 2853 2289 τοῦ
2929 2234 3107 2297 εὒΟέος
3208 2235 3498 2313 ἀράμενον,
3600 2240 3838 2311 αἱρεῖταν

2198 2320 2415 2395 μᾶλλον
2454 2325 2521 2379 τὰ
2577 2331 2676 2393 τῆς
2727 2323 2970 2399 εἰρήνης,
3022 2326 3110 2379 καὶ
3158 2327 3258 2395 τήν
3307 2330 3535 2402 γυναῖκα
3584 2348 3841 2403 προαπο-

3233 2415 3660 2489 έκμειλίξασθαι,
3750 2419 3837 2473 καὶ

2195 2502 2353 2565 αὐτὸς
2384 2504 2545 2577 ἀπῄει
2577 2503 2887 2576 αὐτόμολος
2944 2503 2997 2565 ἒς
3046 2505 3137 2560 τὸν
3190 2502 3454 2561 κίνδυνον.
3505 2506 3567 2560 ἸΙ
3603 2507 3696 2578 μὲν
3749 2506 3837 2561 οὖν

2954 2593 3239 2668 ἐξώρμησε

2194 2679 2436 2758 ἀδελφῷ,
2467 2682 2557 2736 καὶ
2589 2679 2849 2753 δεηθῆναι
2896 2682 3094 2736 τούτου
3148 2684 3277 2757 ὑπὲρ
3324 2688 3421 2737 τοῦ
3473 2680 3661 2758 ἀνδρὸς
3699 2704 3840 2757 προ·

2196 2414 2411 2476 στείλας
2477 2415 2551 2477 ὡς
2616 2415 2706 2469 τὸν
2772 2416 3139 2471 Κωνστάντιον

2196 2592 2533 2649 Κωνσταντία
2624 2592 2860 2667 προτέρα
2954 2593 3239 2668 ἐξώρμησε
3338 2601 3692 2669 προεντυχεῖν
3761 2602 3837 2667 τῷ

2194 2772 2534 2843 θυμουμένη,
2566 2776 2662 2826 τοῦ
2707 2774 2779 2844 μή
2832 2792 2884 2825 τι
2928 2772 3005 2833 εἷς
3055 2772 3215 2826 αὐτὸν
3272 2771 3665 2847 βουλεύσασθαι
3705 2774 3839 2843 ἀνή-

2190 2880 2399 2914 κεστον*
2471 2859 2657 2933 πολλῇ
2719 2858 2775 2914 δὲ
2830 2860 3108 2935 προθυμίᾳ
3163 2862 3286 2934 περὶ
3342 2862 3441 2930 τὴν
3520 2860 3837 2938 ὁδοιπορίαν

2192 2948 2455 3022 χρωμένη
2490 2948 2563 3011 εἷς
2597 2951 2752 3004 νόσον
2819 2949 3025 3004 ἐνέπεσε
3078 2952 3270 3022 μεταξὺ
3318 2953 3685 3024 πορευομένη,
3745 2954 3832 3005 καὶ

2189 3038 2441 3100 Βιθυνίας
2494 3034 2743 3105 ἐπιϐᾶσα,
2810 3039 2860 3093 έν
2930 3044 3155 3111 σταθμῷ
3201 3060 3308 3093 τινι
3361 3041 3565 3110 ταύτης
3626 3038 3837 3095 Γαλλι-

2188 3128 2331 3200 κάνῳ
2364 3126 2641 3202 λεγομένῳ
2685 3128 2955 3192 ἀπέθανεν.
3008 3130 3068 3185 Ὁ
3117 3126 3173 3183 δέ
3234 3128 3464 3196 Γάλλος,
3521 3131 3605 3184 καὶ
3668 3135 3835 3185 τοῦτο

2188 3216 2491 3291 παραδόξαν
2552 3219 2699 3288 αὐτῷ
2749 3214 2982 3291 συμϐὰν,
3037 3219 3277 3291 μεγάλην
3330 3219 3609 3294 συμφοράν
3666 3241 3835 3289 ποιη-

2190 3305 2441 3378 σάμενος,
2493 3306 2643 3379 ὅμως
2687 3303 2774 3380 ᾔει
2823 3308 2885 3360 τὸ
2926 3307 3135 3381 πρνέσω,
3185 3312 3291 3362 τῶν
3347 3305 3691 3381 δεδογμένων
3730 3310 3836 3363 οὐκ

2193 3394 2238 3417 ς)-
2352 3396 2360 3411 1
2606 3398 2660 3417 τη
2740 3397 2752 3411 ι
2814 3393 2855 3412 eu
2945 3396 2958 3413 ν
3252 3398 3261 3411 ι
3370 3396 3383 3415 9
3443 3396 3454 3415 ν
3721 3395 3758 3413 ν·

2190 3415 2552 3468 εςισταμενος.
2623 3400 2755 3452 lam:
2811 3416 2866 3449 οε
2915 3417 2990 3457 εις
3034 3402 3310 3468 Νορικους
3357 3418 3603 3473 αρικετο,
3664 3416 3835 3451 πολιν

2188 3484 2361 3539 αὐτῶν
2426 3481 2814 3540 Πυταϐιώτατα
2870 3484 3237 3558 καλουμένην,
3314 3485 3540 3549 ἐνταῦθα
3610 3483 3679 3553 δὴ
3730 3487 3840 3540 ἀπὸ

2188 3571 2541 3629 Μεδιολάνων
2610 3574 3018 3647 καταπέμπεται
3123 3575 3422 3649 στρατηγὸς
3503 3571 3841 3649 Βαρϐοιτὶων⁹

2190 3662 2301 3718 ἐκεῖ
2363 3669 2459 3718 τοῦ
2525 3663 2891 3719 Κωνσταντίου
2958 3665 3019 3717 τὸ
3086 3668 3380 3733 τηνικαῦτα
3442 3664 3840 3738 τυγχάνοντος,

2190 3754 2249 3815 ’ὸς
2279 3754 2369 3807 τὸν
2410 3753 2622 3809 Γάλλον
2680 3753 2985 3831 ἀνραιρεῖται
3042 3759 3143 3822 τῆς
3198 3752 3549 3829 ἀλουργίδος,
3610 3753 3697 3806 καὶ
3759 3752 3843 3814 εἷς

2193 3842 2416 3914 ἰδιώτην
2490 3842 2907 3915 μετασκευάσας,
3004 3840 3270 3916 ἐξόριστον
3352 3843 3515 3897 αὐτὸν
3584 3841 3660 3903 ε’ίς
3716 3864 3841 3896 τινα

2191 3938 2353 4000 νῆσον
2385 3938 2482 3999 τῆς
2517 3930 2826 4002 Δαλματίας
2866 3933 3179 4000 κατέστησε.
3230 3934 3339 3987 Τοῦ
3392 3929 3607 3985 Γάλλου
3658 3930 3712 3985 δέ
3757 3931 3838 3990 εἴς

2188 4030 2288 4091 την
2320 4030 2483 4092 νῆσον
2517 4022 2846 4097 ἀφιγμένου,
2882 4017 3140 4081 Εὐσέϐιος
3174 4022 3200 4075 ὁ
3233 4020 3517 4094 εὐνοῦχος,
3551 4023 3579 4075 ὁ
3610 4024 3708 4091 τήν
3737 4026 3839 4075 τοῦ

2190 4112 2557 4187 πραιποσίτου
2620 4110 2743 4165 τότε
2807 4111 2977 4183 τιμὴν
3036 4105 3203 4183 ἔχων,
3261 4110 3351 4163 καὶ
3405 4112 3457 4163 οἱ
3515 4112 3606 4164 συν
3670 4111 3840 4182 αυτῷ,

2189 4204 2435 4265 πείθουσι
2493 4202 2865 4256 Κωνστάντιον
2920 4200 2994 4259 ὡς
3041 4199 3275 4272 τάχιστα
3333 4198 3543 4253 Γάλλον
3606 4202 3839 4269 ποιήσα-

2191 4304 2307 4343 συαι
2342 4286 2606 4343 ἐκποδών*
2670 4290 2697 4342 ὁ
2754 4286 2809 4343 δὲ
2875 4288 3111 4351 πεισθεὶς
3170 4288 3373 4359 πέμπει
3424 4288 3552 4349 τοὺς
3612 4289 3839 4343 ἀποκτε-

2187 4386 2408 4441 νοῦντας
2440 4379 2622 4448 αυτὸν,
2652 4381 2741 4434 καὶ
2774 4377 2881 4448 ἤδη
2932 4380 3138 4433 τούτων
3195 4377 3618 4454 ἀφικνουμένων,
3666 4377 3833 4434 πάλιν

2187 4473 2215 4525 ὁ
2269 4470 2636 4531 Κωνστάντιος
2705 4470 2779 4530 εἷς
2846 4466 2998 4523 ἔλεον
3070 4464 3406 4539 μετεὸλγίθη,
3473 4470 3560 4523 καὶ
3631 4469 3835 4540 πέμπει

434 4565 791 4636 persuadent
846 4563 1220 4633 Magistrano,
1256 4561 1355 4631 qui
1397 4560 1753 4627 mittebatur,
1787 4575 1857 4614 ne
1916 4562 2077 4630 prius

2190 4559 2491 4635 διάταχέων
2522 4563 2822 4632 γράμματα
2852 4559 2941 4611 τὸν
2980 4557 3189 4612 Γάλλον
3235 4562 3332 4612 τοῦ
3387 4559 3592 4621 πάθους
3637 4558 3837 4615 ἀνακα-

432 4652 652 4708 venirct
691 4652 760 4707 ad
803 4650 1193 4706 ostendendae
1246 4648 1487 4714 litteras,
1524 4664 1700 4718 quam
1760 4647 2073 4703 audivisset

434 4741 667 4797 Gallum
702 4740 879 4795 fuisse
900 4740 971 4794 de
1002 4738 1192 4792 medio
1222 4737 1541 4794 sublatum.
1578 4736 1707 4791 Haec
1740 4737 1889 4793 facta
1919 4744 2071 4806 sunt,

435 4837 493 4888 et
524 4831 727 4887 Gallus
751 4829 862 4885 fuit
893 4828 1254 4884 interfectus.

504 5013 657 5068 Vlll.
697 5010 1073 5067 Constantius
1100 5013 1294 5065 autem
1328 5008 1570 5075 veritus,
1606 5008 1755 5078 quod
1791 5024 1903 5063 non
1938 5024 2071 5079 pos-

432 5109 521 5159 set
551 5102 712 5159 solus
771 5106 960 5156 totum
1013 5115 1207 5171 regere
1254 5097 1590 5170 imperium,
1642 5096 1891 5153 maxime
1939 5115 2071 5153 cum

432 5192 598 5261 Galli,
650 5190 883 5263 quando
934 5190 1163 5254 vellent,
1198 5186 1637 5259 promptissime
1692 5186 2074 5242 incitarentur

428 5283 709 5338 adversus
766 5280 1100 5351 imperium,
1132 5287 1254 5334 tam
1314 5282 1550 5350 propter
1605 5277 1757 5332 vires
1790 5278 2070 5347 corporis,

427 5388 605 5440 quam
638 5376 875 5442 propter
904 5370 1201 5425 levitatem
1235 5367 1725 5437 animorum,jam
1751 5367 2072 5421 ducebatur

426 5458 787 5527 pmnitentia,
822 5459 974 5528 quod
1013 5458 1242 5513 Gallum
1277 5458 1345 5512 de
1389 5457 1578 5512 medio
1610 5453 1967 5510 sustulisset.
2002 5456 2069 5510 Et

424 5562 559 5601 cum
620 5550 943 5614 reputasset
1000 5562 1119 5613 eos,
1154 5546 1252 5616 qui
1308 5549 1448 5599 sunt
1495 5545 2066 5614 generefconjuncti,

425 5650 553 5691 esse
599 5632 852 5689 externis
901 5638 958 5688 et
990 5632 1193 5689 alienis
1236 5632 1409 5704 longe
1446 5633 1691 5688 tutiores
1724 5633 1795 5688 ad
1829 5633 1943 5703 regi
1978 5650 2066 5689 so-

2186 4648 2470 4721 λουμενος.
2516 4652 2574 4705 Ὀ
2608 4645 2663 4701 δὲ
2715 4643 2969 4710 Εὐσέϐιος
3014 4646 3102 4701 καὶ
3155 4647 3206 4700 οἱ
3258 4645 3348 4700 σὺν
3392 4646 3538 4719 αὖτῷ
3586 4648 3836 4710 πείθουσι

2182 4740 2273 4794 τὸν
2306 4736 2616 4813 πεμφθέντα
2656 4735 3074 4812 Μαγιστριανὸν,
3113 4737 3188 4808 μή
3241 4735 3501 4809 πρότερον
3550 4735 3831 4803 ἐπιστῆναι

2186 4826 2462 4883 δεικνύντα
2516 4829 2577 4881 τὸ
2637 4828 2887 4900 γράμμα.
2955 4825 3079 4899 πρῗν
3138 4824 3197 4880 ἄν
3288 4826 3534 4887 πύθοιτο.
3616 4825 3832 4880 Γάλλον

2184 4916 2549 4991 ἀνῃρημένον.
2586 4915 2831 4991 Ἐγένετο
2861 4918 3049 4983 ταῦτα,
3084 4914 3173 4969 καὶ
3215 4916 3243 4969 ὁ
3285 4912 3497 4975 Γάλλος
3541 4913 3835 4983 ἐτεθνήκει.

2256 5008 2333 5062 Μ’.
2366 5007 2425 5062 Ὀ
2458 5002 2514 5059 δὲ
2565 5005 2935 5064 Κωνστάντιος
2994 5004 3117 5077 περὶ
3165 5010 3282 5065 τοῖς
3320 5005 3604 5079 πράγμασι
3656 5003 3839 5067 δείσας

2187 5096 2263 5167 μή
2333 5094 2440 5168 οὐχ
2495 5089 2610 5153 οἷός
2668 5094 2792 5163 τεῇ
2826 5094 2990 5164 μόνος
3052 5092 3262 5162 ἀπάσης
3323 5094 3456 5147 εἶναι
3505 5100 3605 5161 τῆς
3650 5094 3836 5169 ἀργῆς

2185 5184 2472 5259 ἐγκρατὴς,
2514 5181 2698 5244 ἄλλως
2749 5203 2807 5237 τε
2856 5180 2912 5236 δὲ
2963 5183 3052 5236 καὶ
3106 5186 3213 5236 τῶν
3273 5181 3551 5247 Γαλατῶν,
3601 5183 3836 5253 ὀξύταταζ

2178 5296 2236 5329 τε
2299 5275 2389 5328 καὶ
2467 5273 2629 5328 ὁπότε
2693 5278 3095 5347 προθυμηθεῖεν
3188 5272 3263 5333 εἰς

2180 5363 2558 5438 ἐγειρομένων,
2611 5359 2703 5415 διά
2751 5382 2808 5416 τε
2856 5362 3112 5433 σώματος
3156 5360 3315 5436 ἰσχὺν
3372 5364 3460 5416 καὶ
3515 5363 3841 5441 κουφότητα.

3334 5274 3433 5335 τὰς
3513 5272 3833 5347 τυραννίδας

2178 5453 2542 5529 φρονημάτων
2585 5449 2911 5523 μετεμέλετο
2962 5446 3071 5520 ἤδη
3134 5450 3224 5504 τὸν
3276 5449 3485 5504 Γάλλον
3531 5450 3839 5521 ὑπεξελόιν,

2175 5543 2264 5599 καὶ
2297 5540 2682 5615 λογισάμενος,
2712 5540 2775 5593 τὸ
2811 5539 3065 5615 συγγενὲς
3100 5542 3196 5593 τοῦ
3248 5539 3455 5593 ὁΟνείου
3502 5538 3588 5595 καὶ
3644 5539 3839 5595 ἀλλο-

2174 5636 2361 5707 γενοῦς
2420 5626 2815 5707 ἀσφαλέστερον
2872 5629 3003 5682 εἶναι
3079 5631 3271 5703 μακρῷ
3328 5629 3462 5701 πρὸς
3542 5630 3845 5686 κοινωνίαν
