4048 6202
243 302 393 361 1169

1446 300 1915 361 MARTYRIUM
1961 304 2025 361 S.
2073 300 2426 362 ARTEMII.

3482 310 3638 368 H70

231 466 328 528 τῆς
391 459 695 533 βασιλείας,
744 458 1042 513 Ἰουλιανὸν
1088 457 1180 511 τὸν
1230 454 1464 535 ἀδελφὸν
1514 462 1611 511 τοῦ
1671 457 1874 514 Γάλλον.

1999 462 2292 530 cietatem,
2319 462 2618 519 Julianum
2671 466 2904 521 fratrem
2934 467 3081 523 Galli
3112 482 3179 523 ex
3209 467 3364 524 lonia
3393 470 3638 524 accersi-

229 548 286 603 ἐκ
312 556 412 618 τῆς
472 548 679 610 Ἰωνίας
735 547 1225 622 μεταπεμψάμενος
1281 546 1332 600 ἐν
1387 552 1455 620 τῇ
1505 544 1885 617 Μεδιολάνων,

238 636 479 712 Καίσαρα
535 635 899 703 ἀναδείκνυσι,
959 635 1050 691 καὶ
1105 637 1204 704 τὴν
1270 634 1510 713 ἀδελφὴν
1585 636 1729 708 αὖτῷ
1786 640 1887 707 τὴν

233 727 422 781 ἑαυτοῦ
498 726 725 796 Ἑλένην
797 726 873 789 εἶς
948 726 1125 799 γάμον
1197 722 1409 796 ἐκδοὺς,
1468 726 1556 780 καὶ
1607 727 1671 779 τὰ
1725 726 1889 780 πιστά

235 818 371 890 πρὸς
431 815 589 871 αὐτὸν
646 815 1013 889 ποιησάμενον
1071 818 1264 869 τοῦτον
1321 816 1413 887 μὲν
1468 813 1761 888 ἐξέπεμψεν
1811 816 1885 876 εἷς

233 907 327 967 τὰς
379 906 641 973 Γαλλίας,
704 903 918 979 φύλακα
964 911 1069 973 τῆς
1135 904 1307 958 ἐκεῖσε
1368 902 1649 979 βασιλείας
1700 904 1882 977 ὲσόμε·

234 1017 348 1065 νον,
384 995 544 1056 αὐτὸς
578 993 634 1051 δὲ
661 995 735 1058 εἰς
768 993 1076 1069 Ἰλλυριοὺς
1108 994 1435 1073 ἀφικόμενος
1468 994 1520 1048 ἐν
1549 999 1626 1066 τῷ
1672 993 1886 1065 Σιρμίῳ

236 1082 436 1159 διῆγεν.
486 1086 748 1147 Ἀκούσας
805 1082 861 1139 δὲ
910 1085 991 1138 ὅτι
1034 1084 1085 1138 οἱ
1135 1083 1299 1157 πέραν
1347 1084 1563 1155 Ἴστρου
1612 1078 1886 1155 Βάρϐαροι

240 1174 537 1249 μέλλουσιν
577 1174 974 1251 ἐπιστρατεύειν
1021 1178 1089 1248 τῇ
1138 1173 1422 1247 Ῥωμαίων
1454 1174 1625 1248 ἀρχῇ,
1678 1175 1885 1247 ἀπάρας

239 1265 470 1319 ἀπὸτοῦ
519 1264 752 1338 Σιρμίου
802 1265 877 1324 εἷς
935 1265 1026 1318 τὸν
1082 1266 1292 1336 Ἵστρον
1356 1257 1533 1333 διέϐη.
1595 1262 1693 1316 Καὶ
1751 1265 1885 1337 πρὸς

236 1354 376 1427 αὖτῇ
408 1358 476 1427 τῇ
522 1352 662 1428 ὄχθῃ
722 1354 919 1431 χρόνον
974 1353 1071 1407 οὐκ
1112 1351 1299 1427 ὀλίγον
1352 1354 1610 1423 ποιήσας,
1659 1350 1774 1405 ἐπεὶ
1821 1352 1889 1406 τὰ

230 1450 336 1498 τῶν
402 1439 692 1519 βαρϐάρων
741 1447 967 1516 ἠρεμεῖν
1039 1442 1305 1515 ἐμάνθανε
1356 1443 1520 1497 πάλιν
1581 1445 1884 1514 συνθήματα,

231 1532 318 1588 ἐπὶ
350 1534 449 1602 τὴν
480 1539 698 1606 Θρᾳκην
741 1531 975 1601 ἤλαυνεν
1025 1531 1194 1593 αὖθις.
1248 1538 1332 1594 Ὠς
1385 1530 1442 1586 δὲ
1490 1531 1540 1586 ἐν
1602 1529 1888 1607 Ὀδρυσοῖς

231 1620 493 1697 ἐτύγχανε
543 1624 807 1698 γεγονὼς,
859 1618 988 1677 ἔνθα
1034 1620 1198 1677 πόλιν
1249 1622 1458 1684 κτίσας.
1526 1619 1807 1696 Ἀδριανὸς
1857 1622 1883 1675 6

237 1711 491 1788 βασιλεὺς
554 1715 654 1783 τήν
711 1714 901 1767 ἑαυτοῦ
954 1710 1317 1767 καταλέλοιπε
1374 1716 1453 1783 τῷ
1510 1712 1663 1784 τόπῳ
1719 1727 1887 1784 προσ-

234 1801 480 1877 ηγορίαν,
524 1800 753 1865 ἐπύθετο
803 1803 938 1876 πρός
989 1822 1138 1864 τινος
1179 1806 1288 1856 τῶν
1338 1799 1669 1869 ἐπισκόπων,
1716 1800 1788 1862 ὡς
1819 1800 1886 1854 τά
1916 1839 1970 1904 Β

293 1892 303 1904 .
562 1895 585 1904 -
756 1895 781 1904 -
844 1892 885 1904 ..
1048 1895 1075 1904 -
1132 1892 1144 1904 .
1310 1888 1348 1904 ,ε
1522 1891 1566 1904 ..
1627 1886 1650 1904 κ
1698 1888 1708 1904 .

238 1892 465 1965 σώματα
522 1895 629 1945 τῶν
689 1895 786 1945 τοῦ
844 1892 1080 1966 Χριστοῦ
1121 1888 1462 1961 ἀποστόλων,
1522 1886 1780 1963 Ἀνδρέου
1829 1910 1887 1943 τε

239 1982 329 2036 καὶ
396 1985 600 2050 Λουκᾶ,
671 1980 724 2035 ἐν
810 1980 1013 2055 ’Λχαΐᾳ
1104 1981 1413 2053 τεθαμμένοι
1502 1978 1886 2055 τυγχάνουσιν,

229 2068 484 2146 Ἀνδρέου
520 2070 612 2144 μὲν
674 2069 725 2124 ἐν
780 2072 1035 2143 Ηάτραις,
1090 2076 1273 2125 Λουκᾶ
1322 2067 1377 2124 δὲ
1427 2069 1476 2123 ἐν
1525 2065 1731 2138 Θήϐαις
1786 2076 1883 2138 τῆς

234 2158 527 2221 Βοιωτίας.
585 2165 671 2221 Ὡς
716 2156 807 2213 οὖν
855 2157 1084 2228 ἤκουσεν
1134 2160 1161 2213 6
1217 2156 1469 2233 βασιλεὺς
1522 2162 1686 2213 ταῦτα
1734 2165 1885 2212 Κων-

234 2248 505 2314 στάντιος,
554 2245 696 2317 ἥσθη
756 2268 813 2302 τε
869 2252 948 2319 τῷ
1006 2246 1161 2323 λόγῳ
1225 2246 1316 2301 καὶ
1373 2245 1608 2321 έπιμέγα
1666 2241 1883 2317 ἐϐόησε,

232 2339 319 2391 καὶ
397 2336 533 2409 πρὸς
598 2336 728 2399 τοὺς
792 2336 1064 2411 παρόντας
1167 2335 1321 2415 unci,
1428 2335 1701 2392 Καλέσατέ
1789 2357 1883 2408 μοι

229 2427 323 2481 τὸν
366 2427 531 2502 φίλον
583 2427 895 2501 Ἀρτέμιον·
947 2430 1048 2481 τοῦ
1099 2422 1154 2480 δὲ
1202 2425 1373 2499 τάχος
1422 2424 1881 2500 παραγενομένου,

238 2516 535 2595 Συγχαίρω
588 2537 696 2587 σοι,
752 2512 877 2595 ἔφη,
929 2513 1135 2589 ἀνδρῶν
1184 2515 1432 2570 ἀπάντων
1482 2513 1881 2581 θεοφιλέστατε.

238 2606 300 2663 Ὀ
334 2602 388 2659 δὲ
410 2606 543 2680 πρὸς
583 2604 766 2663 αὐτόν.
817 2606 921 2660 Καὶ
964 2604 1081 2676 εἷής
1130 2626 1225 2679 μοι
1268 2604 1498 2679 χαίρων,
1549 2603 1593 2657 ὦ
1637 2602 1881 2677 βασιλεῦ,

241 2692 555 2764 διαπαντὸς,
584 2696 674 2749 καὶ
728 2697 803 2768 μή
858 2694 990 2749 ποτέ
1039 2715 1095 2749 σε
1143 2698 1249 2749 τῶν
1302 2693 1566 2767 λυπηρῶν
1619 2714 1671 2748 τι
1716 2714 1881 2748 κατα-

241 2783 502 2859 λήψοιτο.
549 2785 646 2841 Καὶ
680 2786 706 2839 6
754 2783 1033 2859 βασιλεὺς,
1080 2789 1267 2855 Ζητεῖς
1316 2781 1373 2839 δέ
1414 2806 1464 2839 τι
1508 2784 1879 2858 χαριέστερον,

236 2871 281 2926 ὦ
312 2872 487 2950 φίλων
516 2871 719 2949 ἄριστε,
751 2880 850 2942 τῆς
889 2877 996 2927 τῶν
1033 2876 1303 2946 σωμάτων
1350 2877 1456 2927 τῶν
1506 2876 1601 2926 τοῦ
1651 2873 1879 2947 Χριστοῦ

234 2962 555 3018 ἀποστόλων
617 2962 917 3038 εὕρέσεωςς
976 2962 1066 3018 καὶ
1117 2964 1145 3018 6
1193 2962 1359 3039 μέγας
1433 2960 1739 3037 Ἀρτέμιος⁶
1786 2962 1881 3025 Τίς

233 3053 323 3108 καὶ
372 3054 557 3117 πόθεν.
599 3054 643 3108 ὦ
675 3050 927 3125 δέσποτα,
977 3054 1005 3107 6
1052 3057 1243 3109 τοῦτον
1289 3055 1425 3127 ἡμῖν
1471 3053 1561 3107 τὸν
1611 3052 1878 3126 θησαυρὸν

238 3143 553 3219 φανερώσας
583 3143 681 3211 τὴν
732 3144 970 3217 σήμερον
999 3162 1012 3211 ;
1064 3141 1167 3198 Καὶ
1200 3142 1638 3203 ὁΚωνστάντιος.
1688 3142 1747 3198 Ὁ
1777 3147 1875 3209 τῆς

236 3232 491 3309 ’Λχαΐας,
542 3229 665 3311 ἔφη,
726 3231 1041 3300 ἒπίσκοπος,
1101 3234 1129 3287 6
1186 3236 1276 3287 νῦν
1333 3232 1602 3310 ἐφορεύων
1663 3232 1714 3286 έν
1764 3232 1875 3287 Πά-

229 3343 406 3397 τραις.
440 3322 599 3379 Ἀλλ’
644 3320 820 3389 ἄπιθι,
871 3320 1078 3393 ἀνδρῶν
1114 3320 1313 3397 ἄριστε,
1360 3322 1448 3377 καὶ
1489 3323 1551 3377 τὸ
1598 3322 1769 3398 τάχος
1818 3320 1872 3375 έν

230 3411 809 3470 Κωνσταντινουπόλει
881 3433 976 3484 μοι
1068 3413 1167 3481 τήν
1257 3412 1465 3466 τούτων
1531 3407 1871 3483 ἀνακομιδὴν

220 3502 463 3571 ποίῃσον.
532 3505 705 3556 Ταῦτα
788 3500 1018 3563 ἀκούσας
1101 3502 1247 3577 παρὰ
1327 3506 1423 3556 τοῦ
1510 3500 1777 3576 βασιλέως
1845 3502 1873 3555 6

229 3595 417 3668 μέγας,
466 3592 564 3661 τὴν
622 3589 710 3645 ἐπὶ
768 3592 896 3652 τοὺς
962 3590 1303 3653 ἀποστόλους
1371 3589 1494 3645 ὁδὸν
1559 3590 1871 3665 ἐπορεύετο,

223 3680 291 3735 τά
319 3682 524 3736 τούτων
554 3680 895 3754 ἀνακομίσων
939 3681 1068 3755 ὁίγια
1120 3678 1369 3754 λείψανα,
1399 3680 1432 3734 ’ἀ
1464 3678 1528 3750 δή
1580 3683 1669 3735 καὶ
1722 3681 1871 3754 μάλα

223 3770 534 3843 θαυμασίως
589 3771 1083 3843 ἀνακομισάμενος,
1140 3770 1190 3824 ἐν
1254 3775 1333 3842 τῷ
1382 3772 1510 3844 παρ’
1558 3770 1723 3825 αὐτοῦ
1773 3776 1870 3825 τοῦ

218 3860 595 3915 Κωνστάντίου
644 3858 704 3914 ἐκ
750 3860 964 3935 βάθρων
1016 3856 1429 3929 οἷκοδοληοέντι
1482 3864 1608 3931 ναῷ,
1661 3858 1747 3914 ἐπὶ
1790 3858 1869 3932 τῷ

208 3955 317 4004 τῶν
352 3949 673 4005 ἀποστόλων
732 3948 978 4021 ὀνόματι,
1026 3948 1170 4021 παρά
1214 3954 1292 4021 τῷ
1320 3954 1415 4004 τοῦ
1462 3949 1665 4023 πατρὸς
1712 3950 1869 4026 τάφῳ

217 4042 385 4093 ταῦτα
442 4036 719 4107 κατέθετο,
776 4038 863 4093 καὶ
921 4038 1081 4113 γέρας
1140 4059 1201 4114 γε
1259 4038 1404 4109 αὐτῷ
1458 4044 1557 4107 τῆς
1618 4037 1865 4111 λειτουρ-

219 4128 342 4203 γίας
375 4130 402 4182 6
438 4127 715 4203 βασιλεὺς,
750 4124 1046 4198 δεηθέντων
1077 4132 1185 4183 τῶν
1230 4127 1565 4200 ἐπισκόπων,
1613 4129 1712 4196 τήν
1764 4135 1865 4197 τῆς

218 4215 498 4289 Αἰγύπτου
556 4216 824 4291 παρέσχεν
885 4217 1084 4292 ἀρχήν.
1146 4220 1411 4279 Τοιοῦτος
1464 4216 1555 4271 καὶ
1604 4218 1709 4292 πρὸ
1755 4222 1862 4272 τῶν

217 4311 320 4373 τῆς
391 4304 685 4378 μαρτυρίας
751 4306 975 4381 ἀγώνων
1074 4306 1317 4383 ὑπῆρχεν
1399 4306 1714 4381 Ἀρτέμιος,
1772 4309 1860 4363 καὶ

220 4393 366 4448 οὕτω
394 4394 539 4466 παρά
565 4398 725 4447 πᾶσιν
756 4391 1053 4468 αἰδέσιμος.

287 4484 361 4538 Θ’.
424 4481 743 4555 Ἐπορεόετο
805 4484 898 4555 μὲν
959 4482 1049 4538 οὖν
1111 4486 1139 4539 6
1198 4482 1361 4561 μέγας
1419 4487 1705 4560 Ἀρτέμιος
1761 4489 1859 4557 τήν

1997 555 2119 606 tum
2162 551 2580 619 Mediolanum,
2628 558 2785 608 creat
2831 556 3151 624 Caesarem;
3186 562 3241 612 et
3288 575 3420 613 cum
3472 574 3636 614 suam

1999 657 2257 697 sororem
2282 642 2558 698 Helenam
2578 643 2627 699 ei
2661 644 2916 699 dedisset
2937 645 2996 700 in
3022 648 3479 711 matrimonium,
3504 650 3641 704 fide-

1999 747 2110 801 que
2143 733 2213 787 ab
2245 749 2309 787 eo
2342 738 2578 803 accepta
2609 734 2719 789 sibi
2753 734 3021 801 cavisset,
3046 751 3179 791 eum
3214 738 3446 809 quidem
3485 738 3643 795 misit

1998 821 2056 875 in
2116 821 2381 886 Galliam,
2416 822 2533 878 illic
2591 823 2852 879 futurum
2904 826 3199 881 custodem
3236 828 3485 898 imperii,
3520 830 3643 897 ipse

1999 918 2189 966 autem
2224 910 2283 965 in
2335 911 2627 983 Illyricum
2677 913 2911 969 veniens
2957 916 3197 986 degebat
3244 915 3464 971 Sirmii.
3498 915 3641 971 Cum

1998 1004 2192 1055 autem
2224 1001 2562 1073 audivisset,
2597 1005 2749 1073 quod
2777 1004 3036 1070 Barbari,
3072 1007 3171 1075 qui
3203 1006 3455 1077 agebant
3478 1009 3642 1060 trans

1997 1089 2353 1155 Danubium,
2386 1095 2581 1147 essent
2611 1093 2839 1148 ducturi
2871 1096 3190 1149 exercitum
3222 1102 3423 1151 contra
3453 1095 3644 1166 impe-

1997 1179 2147 1232 rium
2211 1182 2628 1249 Romanorum,
2668 1182 2879 1237 Sirmio
2924 1184 3212 1254 profectus
3269 1184 3499 1240 transiit
3537 1189 3642 1239 Da-

1996 1268 2265 1323 nubium.
2300 1270 2437 1325 Cum
2471 1276 2664 1326 autem
2699 1271 2872 1343 longo
2904 1278 3163 1343 tempore
3212 1274 3291 1328 ibi
3326 1274 3529 1329 fuisset
3568 1276 3640 1329 ad

1996 1357 2183 1427 ipsam
2218 1358 2430 1428 ripam,
2462 1363 2518 1413 et
2552 1376 2749 1416 rursus
2789 1360 3167 1417 intellexisset
3210 1363 3493 1417 Barbaros
3524 1379 3639 1418 non

1995 1462 2123 1501 esse
2154 1463 2214 1501 se
2261 1447 2384 1503 loco
2422 1453 2705 1518 moturos,
2740 1451 3033 1520 profectus
3074 1455 3163 1506 est
3208 1449 3268 1505 in
3311 1451 3639 1506 Thraciam.

1995 1535 2303 1606 Postquam
2360 1553 2491 1592 vero
2548 1539 2657 1593 fuit
2688 1540 2839 1610 apud
2875 1540 3149 1609 Odrysas,
3185 1540 3284 1594 ubi
3328 1541 3638 1605 Adrianus,

1995 1630 2327 1681 constructa
2371 1627 2619 1694 civilate,
2653 1629 2702 1682 ei
2746 1628 2869 1683 loco
2919 1646 3087 1683 suam
3121 1629 3354 1699 reliquit
3386 1630 3639 1700 appella-

1994 1714 2233 1780 tionem,
2266 1715 2486 1771 audivit
2515 1735 2545 1770 a
2592 1718 2841 1789 quodam
2876 1719 3167 1789 episcopo,
3202 1718 3359 1788 quod
3400 1736 3642 1789 corpora

1994 1803 2205 1859 Christi
2266 1805 2662 1876 apostolorum
2739 1807 2977 1861 Andreae
3039 1812 3096 1862 et
3180 1808 3345 1861 Lucae
3416 1807 3640 1877 sepulta

1997 1901 2155 1947 erant
2187 1894 2245 1948 in
2279 1894 2509 1962 Achaia,
2543 1897 2786 1951 Andreas
2825 1897 3061 1968 quidem
3101 1896 3308 1964 Patris,
3346 1902 3507 1951 Lucae
3532 1914 3637 1951 au-

1995 1985 2109 2037 tem
2162 1983 2373 2039 Thebis
2444 1986 2683 2041 Bwotiae.
2715 1990 3025 2057 Postquam
3077 1990 3269 2041 autem
3332 1985 3642 2056 imperator

1994 2070 2115 2126 haec
2166 2072 2385 2127 audivit
2444 2073 2842 2141 Constantius,
2877 2082 3108 2146 prepter
3164 2076 3217 2129 id
3266 2078 3354 2131 est
3410 2073 3638 2129 laetatus

1994 2169 2045 2216 et
2080 2178 2289 2235 magna
2319 2180 2453 2219 voce
2486 2164 2773 2231 clamavit,
2809 2169 2864 2219 et
2896 2164 2989 2231 iis,
3022 2164 3120 2235 qui
3152 2165 3416 2231 aderant,
3452 2164 3634 2219 dixit:

1992 2249 2204 2307 Vocate
2264 2252 2404 2307 mihi
2464 2253 2704 2308 charum
2742 2254 3088 2309 Artemium.
3134 2255 3275 2308 Cum
3337 2253 3387 2308 is
3441 2257 3634 2308 autem

1993 2340 2432 2411 quamprimum
2463 2343 2719 2399 venisset
2753 2359 2765 2397 :
2800 2341 3069 2399 Gratulor
3091 2343 3218 2409 tibi,
3244 2342 3459 2414 inquit,
3490 2342 3635 2398 viro-

1992 2444 2121 2482 rum
2174 2430 2427 2484 omnium
2480 2431 2940 2502 religiosissime,
2974 2436 3031 2486 et
3062 2448 3179 2485 una
3225 2437 3417 2485 tecum
3450 2430 3632 2487 lastor.

1994 2516 2093 2571 Ille
2124 2534 2257 2573 vero
2289 2518 2369 2572 illi
2400 2518 2539 2573 dixit
2574 2536 2586 2573 :
2625 2520 2761 2574 Mihi
2792 2524 3071 2590 perpetuo
3104 2518 3331 2588 laeteris,
3364 2536 3395 2574 ο
3445 2520 3632 2591 impe-

1992 2611 2166 2675 rator,
2204 2623 2306 2662 nec
2338 2611 2393 2661 te
2446 2624 2704 2678 unquam
2755 2607 2975 2677 aliquid
3010 2606 3325 2662 molestum
3365 2623 3635 2677 compre-

1994 2696 2224 2750 hendat.
2284 2695 2603 2765 Imperator
2658 2699 2852 2750 autem
2889 2712 2901 2750 :
2935 2695 3231 2760 Qumrisne
3290 2695 3535 2766 aliquid,
3603 2712 3635 2751 ο

1990 2785 2311 2841 amicorum
2360 2785 2599 2856 optime,
2647 2786 2873 2857 gratius
2934 2801 2999 2839 ac
3050 2785 3372 2856 jucundius
3429 2784 3633 2838 inven-

1988 2876 2145 2931 tione
2215 2892 2521 2947 corporum
2593 2874 2803 2931 Christi
2870 2874 3317 2947 apostolorum?
3384 2874 3631 2945 Magnus

1986 2981 2117 3021 vero
2148 2965 2439 3020 Artemius
2474 2982 2486 3019 :
2522 2966 2799 3030 Quisnam
2831 2966 2944 3033 [aut
2986 2966 3298 3031 undenam,
3351 2962 3563 3033 inquit,
3596 2980 3628 3018 o

1988 3054 2241 3123 domine,
2273 3059 2362 3111 est
2414 3055 2485 3121 is,
2533 3056 2632 3127 qui
2673 3055 2828 3110 hunc
2876 3054 3047 3110 hodie
3094 3054 3436 3110 thesaurum
3488 3068 3625 3123 ape-

1987 3145 2103 3199 ruit
2131 3146 2158 3198 ?
2187 3144 2561 3201 Constantius
2610 3149 2801 3201 autem
2830 3162 2842 3199 :
2876 3144 3124 3212 Achaiae,
3156 3144 3370 3215 inquit,
3403 3142 3624 3212 episco-

1987 3251 2118 3305 pus,
2152 3233 2250 3305 qui
2279 3250 2435 3289 nunc
2461 3235 2730 3305 praesidet
2755 3233 2964 3290 Patris.
2997 3232 3109 3288 Sed
3141 3233 3255 3299 abi,
3291 3250 3322 3287 ο
3365 3232 3623 3287 virorum

1986 3324 2306 3378 amicorum
2330 3324 2567 3394 optime,
2593 3328 2647 3377 et
2673 3340 2735 3377 ea
2759 3322 3195 3394 quamprimum
3219 3326 3455 3391 experta
3487 3324 3625 3377 Con-

1985 3412 2444 3483 stantinopolim.
2479 3412 2608 3466 Haec
2656 3428 2785 3466 cum
2837 3413 2907 3466 ab
2965 3412 3315 3483 imperatore
3375 3427 3623 3482 magnus

1984 3502 2243 3557 audisset
2269 3502 2587 3568 Artemius,
2621 3505 2776 3556 recta
2820 3500 2925 3555 ivit
2956 3502 3025 3556 ad
3065 3500 3381 3571 apostolos,
3422 3516 3622 3555 eorum

1983 3596 2213 3647 sanctas
2271 3591 2554 3647 allaturus
2612 3590 2909 3663 reliquias.
2962 3591 3114 3654 Quas
3190 3590 3424 3660 quidem
3488 3606 3618 3644 cum

1980 3679 2147 3735 valde
2194 3680 2615 3735 admirabiliter
2645 3683 3024 3751 exportasset,
3071 3679 3131 3733 in
3191 3676 3429 3749 templo,
3466 3678 3620 3747 quod

1983 3770 2054 3823 ab
2095 3769 2219 3839 ipso
2268 3772 2601 3825 Constantio
2632 3773 2990 3825 exstructum
3024 3772 3115 3823 est
3162 3784 3195 3822 a
3225 3764 3621 3821 fundamentis

1980 3856 2039 3912 in
2095 3859 2330 3914 nomine
2374 3857 2793 3930 apostolorum,
2826 3873 3005 3929 prope
3045 3855 3376 3927 sepulcrum
3438 3853 3620 3923 patris

1978 3963 2077 4003 eas
2134 3948 2422 4019 deposuit.
2453 3950 2515 4003 Ei
2577 3952 2769 4004 autem
2830 3947 2888 4002 in
2957 3946 3262 4018 praemium
3314 3942 3620 3998 ministerii

1978 4038 2139 4093 dedit
2170 4040 2507 4110 imperator,
2541 4038 2885 4110 rogantibus
2925 4036 3239 4108 episcopis,
3273 4050 3492 4089 munus
3526 4048 3622 4089 re-

1976 4126 2186 4181 ctionis
2220 4127 2463 4199 Egypti.
2496 4126 2655 4183 Talis
2678 4126 2783 4181 fuit
2813 4124 3104 4180 Artemius
3134 4123 3305 4179 etiam
3338 4125 3471 4178 ante
3501 4138 3618 4177 cer-

1974 4216 2198 4272 tamina
2232 4216 2513 4289 martyrii,
2546 4224 2599 4271 et
2646 4218 2787 4272 adeo
2818 4218 2942 4272 erat
2985 4214 3139 4287 apud
3199 4228 3402 4268 omnes
3447 4227 3619 4267 vene-

1977 4306 2217 4360 randus.

2044 4489 2142 4546 IX.
2168 4492 2356 4561 Atque
2379 4487 2853 4560 proﬁciscebatur
2884 4486 3124 4558 quidam
3156 4500 3407 4557 magnus
3437 4487 3614 4540 Arte-

214 4572 239 4627 ἐ
284 4574 298 4598 ,
380 4569 404 4591 )I
670 4570 696 4589 ν
884 4573 897 4589 s
1052 4576 1079 4587 υ
1136 4569 1160 4589 κ
1231 4595 1242 4604 ἱ
1272 4576 1285 4591 ς
1372 4574 1385 4593 9
1435 4576 1445 4596 ι

243 4593 282 4627 π
329 4576 630 4629 Αιγυπτον.
662 4590 783 4629 apti.
837 4593 938 4629 tm
986 4593 1082 4627 του
1132 4586 1325 4629 eoo/.0:
1363 4578 1512 4629 αέιαν
1561 4572 1864 4629 περιϐαλό-

1986 4580 2128 4629 mins
2159 4580 2216 4629 in
2248 4579 2578 4629 quvntum.
2614 4576 2777 4629 ducis
2808 4576 2979 4629 modo
3010 4579 3279 4629 suscepta
3308 4574 3466 4629 digni

384 4572 630 4647 ἱ¹γυπτον.
662 4572 783 4645 ἄρτι
837 4573 938 4640 τὴν
986 4576 1082 4627 τοῦ
1132 4572 1325 4636 δουκὸς
1363 4574 1512 4647 ἀξίαν
1561 4572 1864 4651 περιϐαλό-

1986 4580 2128 4635 cuius
2159 4580 2217 4635 in
2248 4579 2578 4649 Egyptum,
2614 4576 2777 4632 ducis
2808 4576 2979 4632 modo
3010 4579 3279 4645 suscepta
3308 4574 3612 4644 dignitate.

220 4685 407 4738 μενος.
438 4665 496 4717 Ὀ
526 4663 900 4725 Κωνστάντιος
934 4660 991 4717 δὲ
1038 4669 1137 4734 τῆς
1188 4667 1596 4721 Κωνσταντινου
1646 4668 1863 4732 πόλεως

215 4754 449 4829 ἀπάρας,
496 4755 596 4823 τὴν
642 4753 731 4808 ἐπὶ
785 4753 979 4827 Συρίας
1029 4750 1264 4808 ἐποιεῖτο
1315 4752 1463 4823 ὁδὸν,
1522 4756 1609 4810 καὶ
1664 4755 1865 4831 φθάσας

212 4844 313 4911 τήν
361 4837 738 4918 μεγαλόπολιν
792 4842 1155 4916 ’Δντιόχειαν,
1211 4842 1378 4897 αὐτοῦ
1428 4863 1531 4897 που
1579 4864 1860 4917 κατασκη-

210 4937 322 4999 νοῖ,
352 4932 442 4986 τὸν
490 4930 626 5006 πρὸς
676 4929 803 4992 τοὺς
857 4928 1065 5005 Πέρσας
1114 4929 1540 5005 ἐτοιμαζόμενος
1588 4932 1857 5008 πόλεμοψ

210 5023 379 5077 αὐτοῦ
448 5018 505 5077 δὲ
568 5022 639 5092 τῇ
691 5019 851 5076 πόλει
921 5022 1347 5096 προσμένοντος,
1396 5021 1617 5099 ἀφίκετο
1676 5025 1861 5101 γράμ-

214 5133 357 5187 ματα
405 5112 541 5183 πρὸς
591 5110 776 5180 αὐτὸν,
828 5107 1107 5181 δηλοῦντα
1162 5112 1261 5180 τὴν
1313 5112 1612 5169 Ἰουλιανοῦ
1663 5114 1858 5170 ἐπανά-

212 5222 421 5257 στασιν.
480 5202 540 5257 Ὀ
587 5201 687 5276 γὰρ
745 5200 1065 5271 Ἰουλιανὸς,
1124 5202 1198 5265 ὡς
1247 5199 1554 5273 δεδήλωται
1617 5225 1711 5278 μοι
1767 5204 1856 5259 καὶ

209 5293 466 5366 πρόσθεν,
522 5289 609 5343 ἐπὶ
668 5288 882 5367 φυλακῇ
934 5295 1042 5346 τῶν
1095 5292 1393 5367 Ἐσπερίων
1438 5293 1514 5357 εἷς
1568 5295 1663 5357 τὰς
1722 5292 1861 5349 Γαλ-

206 5382 331 5441 λίας
365 5380 468 5434 ὑπὸ
505 5381 601 5434 τοῦ
633 5380 1011 5436 Κωνσταντίου
1064 5386 1266 5458 Καῖσαρ
1299 5380 1669 5458 ἀποδειχθεὶς,
1700 5382 1860 5448 αὐτὸς

200 5472 491 5529 έπιπλεῖον
544 5469 595 5526 ἰν
654 5476 732 5544 τῷ
786 5476 883 5529 τοῦ
942 5472 1210 5550 Καίσαρος
1272 5478 1520 5550 σχήματι
1582 5476 1714 5532 εἶναι
1779 5480 1853 5551 μή

203 5560 602 5639 ἀνασχόμενος,
654 5558 895 5637 διάδημά
949 5583 1007 5618 τε
1064 5564 1415 5639 περιτίθεται,
1474 5566 1565 5621 καὶ
1624 5572 1703 5640 τῷ
1758 5575 1859 5637 τῆς

209 5648 491 5729 βασιλείας
557 5649 744 5706 ἑαυτὸν
809 5649 1127 5731 ἐπιφημίζει
1233 5654 1483 5729 ὀνόματι.
1578 5657 1731 5714 Ἐπεὶ
1800 5654 1856 5713 δὲ

1974 4667 2347 4724 Constantius
2391 4671 2584 4723 autem
2636 4666 2924 4736 profectus
2954 4662 3455 4735 Constantinopoli
3488 4670 3614 4717 ten-

1971 4760 2145 4815 debat
2176 4761 2233 4815 in
2268 4759 2494 4830 Syriam
2532 4774 2544 4811 :
2579 4762 2637 4813 et
2667 4774 2799 4813 cum
2829 4757 2889 4811 in
2936 4771 3206 4827 magnam
3252 4752 3616 4824 pervenisset

1968 4848 2359 4915 Antiochiam,
2392 4848 2609 4902 ibidem
2644 4846 2768 4916 figit
2788 4844 3248 4909 tabernaculum,
3272 4840 3493 4897 bellum
3517 4856 3613 4910 pa-

1970 4955 2105 4994 rans
2139 4940 2415 4993 adversus
2464 4938 2686 4992 Persas.
2719 4935 2861 4989 Cum
2912 4933 2991 4987 ibi
3037 4936 3229 4987 autem
3264 4933 3520 4986 maneret
3552 4930 3610 4983 in

1969 5029 2218 5094 civitate,
2252 5030 2527 5083 venerunt
2558 5026 2630 5080 ad
2690 5041 2822 5080 eum
2864 5024 3089 5090 litterae,
3124 5021 3610 5077 insurrectionem

1965 5117 2186 5174 Juliani
2222 5116 2636 5189 signiﬁcantes.
2669 5113 2937 5169 Julianus
2967 5114 3145 5179 enim,
3179 5115 3243 5165 ut
3288 5126 3322 5163 a
3370 5125 3463 5163 me
3486 5108 3609 5179 jam

1966 5215 2099 5263 ante
2133 5207 2241 5262 fuit
2271 5206 2648 5271 declaratum,
2685 5204 2754 5259 ad
2806 5202 3130 5259 custodiam
3176 5198 3504 5255 Occidentis
3551 5198 3609 5251 in

1967 5296 2157 5354 Gallia
2188 5298 2376 5351 Caesar
2407 5299 2634 5350 creatus
2666 5310 2699 5349 a
2730 5291 3089 5359 Constantio,
3122 5307 3237 5345 non
3272 5290 3464 5344 ferens
3486 5303 3609 5342 am-

1966 5386 2122 5457 plius
2154 5402 2278 5441 esse
2308 5385 2365 5440 in
2401 5384 2594 5439 habitu
2628 5383 2886 5448 Caesaris,
2919 5381 3111 5435 induit
3141 5380 3430 5443 diadema,
3463 5381 3520 5431 et
3548 5390 3610 5431 se

1966 5474 2216 5548 appellat
2246 5475 2479 5530 nomine
2511 5471 2894 5545 imperatoris.
2928 5470 3240 5541 Postquam
3273 5472 3466 5524 autem
3496 5466 3609 5522 sibi

1968 5566 2280 5639 imperium
2314 5565 2630 5636 usurpavit,
2664 5562 2811 5619 nihil
2860 5563 2983 5633 jam
3017 5577 3255 5634 parvum
3298 5558 3608 5630 cogitabat,

1968 5672 2157 5728 neque
2214 5656 2505 5713 statuebat
2537 5652 2648 5711 sibi
2692 5652 2943 5725 amplius
2990 5665 3117 5709 esse
3159 5647 3553 5706 cunctandum
3597 5662 3610 5712 ;
