4012 6220
277 635 279 638 .
357 605 579 662 ropam,
613 606 741 661 quis
790 588 987 644 obedit
1037 587 1336 656 Romanis,
1386 586 1675 641 instructo
1724 584 2002 649 exercitu,

351 342 504 404 1171
1694 333 1980 395 MENSIS
2023 333 2061 394 Ο

2180 333 2405 395 OBER.

3615 334 3786 396 1172

356 501 456 558 sed
488 499 684 555 volens
715 497 774 553 in
805 511 975 553 suam
1006 495 1265 568 redigere
1292 497 1638 566 potestatem
1673 497 1852 550 totam
1888 496 1996 550 Eu-
2026 494 2061 558 Α

2180 488 2429 547 τελάϐετο
2486 496 2593 548 τῶν
2651 492 3010 568 πραγμάτων,
3069 495 3172 549 οὐκ
3230 489 3307 548 ἔτι
3368 493 3566 568 μικρὸν
3625 492 3788 548 οὐδὲν

2114 580 2327 636 ἐνενόει·
2400 579 2524 636 οὐδὲ
2580 580 2900 656 διαμέλλειν
2964 582 3224 659 ἐγίνωσκε
3281 580 3410 651 δεῖν,
3473 583 3625 638 ἀλλὰ
3683 586 3786 651 τήν

361 695 461 750 per
502 679 821 734 Germanos
885 676 1139 748 perrexit
1201 675 1269 730 ad
1334 673 1682 730 Danubium.
1745 674 1815 729 Et
1869 689 2003 729 cum

2180 671 2388 745 ὂρώπην
2457 674 2593 734 τέως
2655 674 2739 750 ὑφ’
2796 674 2971 745 ἑαυτῷ
3028 675 3352 744 ποιήσασθαι
3422 678 3596 728 πᾶσαν
3666 672 3786 727 ἐθέ-

362 768 694 826 ulteriorem
757 767 943 837 ripam
1003 763 1510 838 apprehendisset,
1545 780 1646 835 per
1694 762 1820 818 loca
1851 762 2009 818 illius

363 859 610 916 ducebat
658 855 996 912 exercitum.
1028 859 1238 910 Latens
1271 869 1405 910 vero
1457 852 1778 925 praefectos,
1813 856 1868 907 et
1898 851 2012 907 Ita-

365 948 456 1003 liae
488 948 766 1014 Taurum,
799 944 901 1016 qui
933 944 1268 1010 vocabatur,
1301 948 1358 998 et
1390 941 1601 1014 lllyrici
1632 942 2008 1007 Florentium,

368 1041 684 1109 postquam
733 1035 889 1089 venit
929 1034 1000 1088 ad
1047 1037 1306 1098 Paeonas,
1342 1031 1636 1086 transiens
1668 1030 1742 1085 ad
1772 1029 2014 1085 alteram

370 1130 588 1197 partem
632 1122 812 1190 ﬂuvii,
846 1122 1043 1177 statim
1099 1125 1156 1176 et
1211 1120 1542 1175 universam
1579 1118 1866 1188 Illyricam
1926 1133 2015 1174 re-

371 1215 600 1286 gionem
632 1213 694 1268 in
725 1227 896 1268 suam
928 1211 1152 1282 redegit
1182 1213 1550 1281 potestatem,
1583 1213 1640 1264 et
1672 1208 1923 1274 Italiam,
1963 1211 2021 1262 et

374 1321 564 1377 usque
595 1304 665 1359 ad
698 1303 994 1359 Oceanum
1025 1300 1445 1356 occidentalem
1468 1300 1770 1356 universas
1800 1303 2020 1371 gentes,

379 1412 507 1467 quae
540 1401 704 1450 erant
733 1391 963 1464 imperii
994 1391 1412 1446 Romanorum.

457 1675 523 1734 X.
557 1676 936 1734 Constantius
971 1679 1168 1732 autem
1200 1690 1336 1730 cum
1378 1673 1501 1729 hac
1549 1670 1887 1737 audivisset,
1920 1669 2032 1724 iuit

389 1769 790 1831 conturbatus,
825 1770 890 1821 ut
927 1770 1016 1822 est
1060 1768 1541 1833 consentaneum,
1573 1767 1629 1818 et
1658 1762 1728 1817 de
1758 1761 2033 1817 Constan-

2119 759 2251 830 λων,
2286 760 2459 830 ὁπόση
2496 762 2818 834 ,Ῥωμαίοις
2853 763 3133 831 ὑπακούει,
3187 768 3266 836 τῷ
3316 767 3530 837 στρατῷ
3578 785 3789 818 συντα-

2121 852 2369 923 ξάμενος,
2437 849 2526 907 διᾶ
2592 859 2882 927 Γερμανῶν
2947 852 3036 909 ἐπὶ
3100 855 3190 910 τὸν
3269 855 3476 928 Ἴστρον
3545 853 3784 928 ἐχώρει.

2209 942 2222 958 \
2316 948 2341 958 ιν
2471 941 2489 972 ι
2539 953 2544 960 ι
2647 939 2672 960 Ἰ
3012 945 3025 964 Ι
3338 945 3352 962 ἢ
3448 950 3470 960 ο
3569 944 3582 962 ν
3670 945 3682 963 Ι

2122 946 2224 995 Και
2277 963 2380 1010 της
2426 962 2590 1017 περαν
2643 953 2822 1017 οχθης
2884 938 3216 1016 λαϐόμενος,
3273 941 3362 999 δια
3407 967 3514 999 των
3565 965 3791 1014 εκεινης

2124 1030 2348 1106 χωρίων
2380 1029 2605 1101 ἤλαυνε,
2646 1033 2772 1094 τοὺς
2804 1032 3088 1112 ὑπάρχους
3130 1031 3187 1088 δὲ
3237 1031 3536 1104 διαλαθὼν,
3585 1036 3687 1088 τόν
3728 1055 3792 1088 τε

2123 1124 2232 1174 τῶν
2266 1119 2512 1176 Ἰταλιῶν
2546 1123 2760 1197 Ταῦρον
2811 1119 2956 1177 οῦοω
2995 1121 3356 1196 καλούμενον,
3401 1124 3490 1178 καὶ
3542 1126 3638 1178 τὸν
3684 1127 3794 1175 τῶν

2129 1208 2422 1283 Ἱλλυριῶν
2451 1208 2809 1286 Φλορὲντιον,
2842 1209 3029 1281 ἐπειδὴ
3086 1213 3222 1266 κατὰ
3267 1211 3528 1276 πλείονας
3576 1211 3794 1286 ἐγένετο

2131 1293 2434 1372 διατριϐὰς,
2484 1298 2572 1352 ἐπὶ
2621 1298 2813 1372 θάτερα
2869 1305 2966 1355 τοῦ
3023 1305 3278 1374 ποταμοῦ
3333 1301 3526 1356 αὐτίκα
3583 1305 3691 1370 τήν
3737 1321 3797 1354 τε

2134 1385 2414 1461 Ἰλλυρίδα
2441 1393 2612 1443 πᾶσαν
2645 1390 2729 1466 ὑφ’
2757 1391 2932 1462 ἑαυτῷ
2965 1397 3067 1467 γῆν
3099 1391 3221 1469 εἶχε
3250 1392 3336 1445 καὶ
3379 1392 3476 1451 τας
3528 1389 3796 1455 Ἰταλίας,

2131 1477 2222 1532 καὶ
2279 1478 2347 1530 τὰ
2404 1474 2570 1553 μέχρι
2630 1479 2922 1552 Ἐσπερίου
2977 1479 3235 1538 Ὀκεανοῦ
3291 1479 3578 1553 σύμπαντα
3642 1478 3800 1550 ἔθνη-

2137 1567 2311 1621 ὁπόσα
2338 1573 2440 1634 τῆς
2475 1566 2765 1640 Ῥωμαίων
2800 1568 3206 1641 ἐπικρατήσεως
3237 1571 3321 1638 ἦν.

2209 1660 2262 1711 Ι’.
2297 1657 2358 1713 Ὀ
2391 1653 2448 1710 δὲ
2499 1658 2868 1723 Κωνστάντιος
2915 1657 3084 1714 ταῦτα
3137 1659 3460 1731 πυθόμενος,
3513 1657 3804 1734 ἐταραγθη

2138 1765 2219 1816 τε,
2248 1744 2432 1819 ὣσπερ
2479 1745 2625 1808 εἰκὸς
2683 1749 2770 1817 ἦν,
2829 1748 2920 1802 καὶ
2979 1748 3103 1823 περὶ
3165 1746 3810 1805 Κωνσταντινουπόλεως

388 1857 632 1928 tinopoli
666 1855 980 1911 admodum
1012 1853 1248 1919 timens,
1283 1869 1352 1909 ne
1383 1851 1533 1922 quod
1577 1849 1674 1905 ille
1706 1849 1904 1906 animo
1945 1864 2035 1903 co-

2180 1834 2390 1890 ιάλιστα
2419 1833 2622 1903 δείσας,
2649 1839 2748 1908 μή,
2781 1835 2916 1912 ὅπερ
2947 1842 3192 1900 κακεῖνος
3233 1835 3514 1906 διενοεῖτο,
3549 1836 3809 1913 φθάσειεν

393 1946 634 2016 gitabat,
668 1960 794 2000 eam
826 1943 982 2014 prior
1016 1943 1074 1997 in
1127 1958 1296 1998 suam
1346 1941 1635 2012 redigeret
1669 1942 2036 2010 potestatem,

395 2050 522 2089 eam
569 2032 702 2088 totis
751 2032 971 2087 viribus
1021 2031 1324 2087 festinabat
1355 2044 1772 2100 praaoccupare.
1805 2026 2042 2082 Interim

403 2136 595 2186 autem
629 2131 765 2185 dum
797 2129 867 2185 ab
899 2145 964 2184 eo
997 2127 1377 2200 colligebatur
1407 2126 1719 2194 exercitus,
1751 2125 2047 2196 dispersus

408 2236 510 2291 per
573 2219 835 2274 civitates
889 2217 1160 2285 Orientis,
1193 2221 1250 2271 et
1293 2232 1355 2272 se
1395 2214 1633 2287 parabat
1691 2215 1760 2269 ad
1822 2217 2046 2269 tantam

406 2311 583 2379 viam,
643 2309 934 2381 significat
990 2306 1306 2379 episcopis,
1351 2309 1415 2362 ut
1471 2322 1602 2362 eum
1661 2305 2050 2376 praecedentes

404 2399 643 2454 veniant
695 2397 1133 2469 quamprimum
1183 2397 1455 2454 Nicaeam.
1488 2395 1623 2450 Erat
1680 2394 1834 2449 enim
1895 2393 1952 2447 in
1986 2408 2051 2447 ea

412 2487 729 2543 secundam
762 2487 1047 2558 synodum
1070 2489 1551 2556 congregaturus,
1577 2483 1648 2539 ab
1672 2481 1875 2554 impiis
1897 2481 2052 2537 Aria-

413 2576 508 2633 nis
565 2575 844 2632 incitatus
902 2576 1180 2630 adversus
1249 2572 1630 2630 Homousion.
1691 2571 1836 2628 Cum
1895 2587 2050 2638 vero,

419 2668 772 2723 transmissa
799 2666 1016 2734 Cilicia,
1045 2665 1298 2722 venisset
1336 2666 1408 2720 ad
1457 2664 1664 2735 Mopsi,
1697 2664 1798 2735 qui
1837 2678 2052 2719 vocan-

416 2763 534 2827 tur,
568 2757 777 2827 lontes,
810 2757 1072 2828 quaedam
1095 2753 1464 2811 imbecillitas
1486 2753 1536 2810 ei
1556 2758 1792 2826 repente
1823 2752 2053 2818 accidit,

413 2864 520 2903 nec
579 2850 803 2918 poterat
859 2845 1105 2900 ulterius
1165 2843 1451 2916 progredi.
1493 2845 1813 2915 Postquam
1861 2846 2057 2898 autem

417 2936 604 2991 sensit
651 2952 712 2992 se
759 2936 882 3006 jam
933 2934 1086 2989 male
1119 2933 1348 3004 habere,
1381 2937 1438 2990 et
1467 2950 1583 2989 non
1614 2932 1902 2988 victurum
1935 2947 2061 2988 esse

417 3022 694 3094 amplius,
743 3021 1060 3076 Antiochiae
1113 3021 1384 3091 episcopo
1433 3019 1730 3076 celerrime
1785 3017 2060 3074 accersito

417 3111 651 3178 Euzoio,
686 3111 832 3181 petit
865 3114 928 3165 ut
959 3109 1299 3180 baptizetur.
1334 3113 1400 3162 Et
1432 3125 1561 3164 cum
1593 3108 1945 3180 baptizatus,
1971 3124 2064 3179 pa-

420 3217 551 3255 rum
588 3199 793 3255 fuisset
824 3203 1140 3270 superstes,
1161 3196 1275 3254 illic
1305 3213 1335 3252 e
1363 3199 1479 3254 vita
1509 3198 1750 3267 excedit,
1783 3213 1917 3252 cum
1949 3195 2062 3251 im-

2149 1926 2317 1990 αὐτην
2379 1927 2462 2004 ὑφ’
2529 1927 2717 1981 ἑαυτὸν
2775 1932 3173 1998 ποιησέμενος,
3243 1925 3488 2003 ἐπείγετο
3544 1926 3688 1981 κατᾶ
3743 1926 3811 1978 τὸ

2151 2015 2375 2073 δυνατὸν
2409 2011 2868 2088 προκαταλαϐεῖν.
2903 2017 2990 2073 Ἐν
3023 2016 3137 2089 ὅσῳ
3187 2013 3244 2070 δὲ
3292 2017 3319 2070 ὁ
3369 2016 3596 2088 στρατὸς
3653 2015 3815 2083 αὐτῷ

2154 2107 2492 2182 συνελέγετο,
2559 2107 2696 2162 κατὰ
2760 2107 2854 2168 τὰς
2918 2105 3109 2167 πόλεις
3181 2107 3280 2173 τῆς
3347 2105 3519 2178 Ἐῲας
3584 2100 3817 2159 ἐσκεδα-

2155 2199 2369 2270 σμένος,
2411 2195 2501 2250 καὶ
2551 2192 2782 2269 ἔμελλεν
2835 2193 3173 2270 ἐξαρτύεσθαι
3224 2195 3299 2256 ὡς
3348 2195 3484 2269 πρὸς
3532 2192 3816 2260 τοσαύτην

2157 2283 2306 2357 ὁδὸν,
2338 2284 2594 2359 σημαίνει
2633 2291 2751 2346 τοῖς
2803 2284 3118 2346 ἐπισκόποις
3163 2283 3238 2348 εἷς
3282 2285 3381 2353 τὴν
3433 2284 3664 2338 Νίκαιαν
3718 2283 3816 2336 αὖ·

2156 2376 2247 2430 τὸν
2300 2375 2374 2436 ὡς
2429 2374 2512 2428 ὅτι
2559 2375 2792 2449 τάχιστα
2850 2373 3082 2450 ὀφθῆναι
3130 2372 3623 2453 προαφικομένους·
3685 2371 3814 2444 ἐμε-

2160 2463 2291 2519 λέτα
2329 2463 2430 2539 γὰρ
2485 2465 2541 2517 ἐν
2601 2462 2735 2536 αὐτῇ
2805 2461 3053 2537 δευτέραν
3123 2469 3488 2537 συγκροτῆσαι
3557 2459 3817 2531 σύνοδον⁹

2159 2555 2306 2628 παρὰ
2371 2558 2477 2607 τῶν
2533 2548 2805 2607 δυσσεϐὦν
2855 2550 3180 2627 Ἀρρειανῶν
3233 2552 3368 2607 κατᾶ
3411 2556 3509 2606 τοῦ
3570 2553 3818 2623 Ὀμοου-

2162 2643 2280 2698 σίου
2329 2644 2822 2718 παροτρυνὸμενος.
2890 2642 3042 2700 Ἐπεὶ
3113 2641 3166 2697 δὲ
3221 2644 3319 2712 τὴν
3358 2642 3614 2698 Κιλικίαν
3670 2638 3816 2711 διεξ-

2163 2733 2362 2802 ελθὼν,
2395 2733 2470 2795 εἷς
2516 2735 2614 2798 τὰς
2669 2735 2861 2808 Μόψου
2907 2732 3244 2806 καλουμένας
3302 2735 3505 2803 κρήνας
3563 2733 3818 2810 ἀφίκετο,

2165 2821 2404 2878 ἀσθένειά
2451 2843 2534 2886 τις
2592 2823 2740 2895 αὖτῷ
2798 2823 3119 2893 ἐξαπιναίως
3174 2824 3494 2898 προσέπεσε,
3553 2823 3646 2876 καὶ
3709 2819 3821 2894 οὑχ

2166 2912 2282 2975 οἶός
2312 2934 2369 2969 τε
2398 2914 2465 2983 ἦν
2497 2913 2582 2968 ἐπὶ
2614 2915 2674 2968 τὸ
2706 2914 2892 2987 πρόσω
2923 2916 3147 2988 χωρεῖν,
3185 2912 3288 2982 ,Ὧς
3322 2909 3378 2966 δὲ
3431 2909 3628 2986 ᾔσθετο
3686 2911 3826 2986 φαύ-

2169 3001 2280 3065 λως
2312 2997 2456 3078 ἔχων
2489 3001 2597 3074 ἤδη
2629 3003 2718 3058 καὶ
2751 3003 2849 3058 οὐκ
2878 3000 2937 3056 ἄν
2988 3004 3350 3078 βιωσόμενος,
3398 3005 3498 3071 τὴν
3547 3000 3823 3078 ταχίστην

2167 3094 2257 3148 τὸν
2288 3091 2627 3168 Ἀντιοχείας
2659 3091 2954 3147 ἐπίσκοπον
2997 3092 3236 3161 stcta-rw
3297 3092 3822 3165 μεταπεμψάμενος,

2177 3183 2432 3260 βαπτίσαι
2497 3181 2654 3238 αὐτὸν
2726 3181 3020 3256 ἐπιτρέπει,
3087 3181 3176 3236 καὶ
3263 3177 3329 3250 δὴ
3409 3179 3829 3253 βαπτισάμενος

420 3297 677 3362 parasset
723 3251 981 3359 integros
1046 3251 1425 3359 quadraginta
1451 3304 1656 3356 annos,
1687 3251 1892 3358 viginti
1925 3285 2061 3357 qui-

2180 3275 2264 3328 καὶ
2328 3273 2516 3349 μικρὸν
2552 3268 2819 3341 ἐπιϐιοὺς,
2870 3271 3055 3334 αὐτόθι
3103 3268 3388 3345 προλείπει
3433 3270 3496 3323 τὸ
3549 3271 3674 3340 ζῇν,
3730 3268 3831 3342 βαρ

424 3380 551 3434 dem
585 3393 718 3433 cum
753 3383 932 3449 patre,
968 3376 1130 3433 solus
1159 3381 1354 3432 autem
1388 3377 1662 3447 reliquos.

494 3545 597 3600 XI.
627 3545 771 3601 Cum
819 3559 953 3600 eum
1013 3547 1204 3599 autem
1253 3542 1582 3599 deﬂevisset
1648 3542 1955 3613 exercitus,
2015 3549 2070 3598 et

419 3635 580 3706 justa
612 3632 664 3689 ei
722 3632 970 3699 fecisset,
1026 3632 1083 3687 in
1117 3649 1252 3688 arca
1300 3635 1644 3704 posuerunt,
1675 3648 1809 3687 cum
1857 3647 2070 3704 corpus

424 3723 843 3778 instruxissent
872 3721 968 3789 iis,
1000 3738 1126 3794 qua:
1159 3720 1350 3777 solent
1381 3721 1504 3777 fieri
1538 3721 1608 3776 ad
1637 3721 1765 3786 hoc,
1793 3725 1856 3776 ut
1878 3722 2069 3793 duret,

429 3817 485 3867 et
523 3828 660 3868 cum
692 3812 751 3868 in
783 3827 1020 3867 currum
1044 3810 1481 3882 imposuissent;
1508 3801 1769 3867 tulerunt
1789 3811 2072 3868 Constan-

430 3901 764 3973 tinopolim,
796 3917 928 3955 cum
965 3899 1216 3972 propriis
1265 3901 1446 3955 armis
1478 3899 1888 3972 unusquisque
1941 3917 2074 3957 eum

431 4001 738 4061 sequentes
768 3990 827 4044 in
888 3990 1092 4044 eodem
1147 3992 1380 4054 ornatu,
1420 4005 1616 4059 quem,
1647 3989 1789 4044 dum
1841 3989 2074 4060 viveret,

433 4079 686 4135 habebat
740 4077 892 4132 inter
941 4076 1250 4148 principes.
1309 4078 1494 4148 Atque
1551 4076 1591 4131 ii
1641 4078 1874 4147 quidem
1906 4095 2079 4134 vene-

436 4176 572 4226 runt
631 4165 1210 4238 Constantinopolim,
1271 4167 1546 4222 ducentes
1605 4183 1833 4240 corpus.
1909 4167 2081 4225 Venit

437 4262 632 4314 autem
664 4261 721 4313 et
757 4256 1042 4327 Julianus,
1075 4255 1449 4329 proﬁciscens
1477 4273 1545 4312 ex
1578 4256 1826 4329 Illyrico,
1857 4262 1915 4313 et
1952 4257 2080 4329 jam

441 4347 684 4403 ﬁrmiter
720 4351 924 4402 tenens
974 4347 1311 4402 universum
1363 4347 1698 4420 imperium,
1734 4347 1896 4404 nullo
1956 4356 2082 4419 post

438 4441 684 4492 mortem
721 4435 1044 4492 Constantii
1076 4451 1215 4491 auso
1267 4437 1317 4491 ei
1349 4452 1688 4508 repugnare.
1721 4439 1862 4493 Cum
1891 4448 2083 4493 autem

439 4527 690 4582 ferretur
747 4542 956 4596 corpus
1026 4525 1086 4580 in
1148 4525 1430 4595 templum
1492 4527 1590 4582 SS.
1650 4527 2085 4597 Apostolorum,

445 4615 545 4670 ubi
579 4631 755 4685 prope
776 4619 1000 4686 patrem
1031 4630 1163 4669 eum
1195 4623 1358 4670 erant
1390 4613 1654 4685 posituri,
1680 4613 1947 4669 Julianus
1968 4614 2091 4685 ipse

2179 3362 2428 3424 σιλεόσας
2492 3363 2559 3418 τὰ
2625 3363 2908 3436 σύμπαντα
2963 3358 3055 3432 ἔτη
3128 3359 3542 3433 τεσσαράκοντα,
3600 3359 3673 3411 τὶ
3733 3359 3830 3430 μὲν

2180 3452 2354 3509 εἷ’κοσι
2390 3452 2523 3526 μετὰ
2559 3455 2657 3507 τοῦ
2687 3453 2947 3526 πατέρος,
2983 3450 3151 3524 μόνος
3182 3448 3240 3504 δὲ
3268 3449 3333 3505 τὰ
3365 3447 3660 3503 ἐπίλοιπα.

2254 3545 2356 3600 ΙΑ’.
2416 3542 2593 3600 Αὐτὸν
2655 3539 2711 3596 δὲ
2767 3544 2800 3611 ἡ
2860 3542 3082 3616 στρατιᾶ
3156 3538 3568 3613 ὀλοφυρομένη,
3627 3538 3721 3591 καὶ
3770 3537 3836 3590 τὰ

2179 3633 2514 3706 νομιζόμενα
2579 3630 2659 3686 ἐπ’
2725 3632 2876 3702 αὐτῷ
2952 3629 3236 3702 τέλέσασα,
3331 3627 3559 3700 λάρνακι

2183 3722 2445 3794 ἐνέθεσαν,
2499 3727 2615 3782 τοῖς
2665 3719 2912 3785 εἰωθόσιν
2963 3719 3039 3782 είς
3083 3719 3146 3774 τὸ
3195 3716 3469 3794 διαρκέσαι
3537 3719 3830 3770 σκευάσαν-

2185 3833 2270 3874 τες
2299 3813 2392 3867 τὸν
2435 3811 2644 3886 νεκρὸν,
2701 3811 2793 3866 καὶ
2843 3809 2918 3872 εἷς
2965 3810 3169 3883 ἅμαξαν
3212 3809 3508 3880 ἐνθέμενοι,
3571 3803 3828 3879 ἐκόμιζον

2188 3902 2277 3957 ἐπὶ
2352 3902 2450 3971 τήν
2536 3898 3134 3967 Κωνσταντινούπολιν,
3231 3895 3325 3950 σὺν
3403 3900 3524 3957 τοῖς
3609 3894 3834 3953 οἰκείοις

2183 3987 2406 4053 ἕκαστος
2440 3987 2636 4051 ὅπλοις
2678 3988 2824 4060 αὐτῷ
2874 3987 3220 4066 ἐφεπόμενοι,
3276 3985 3366 4040 καὶ
3418 3984 3554 4039 κατὰ
3599 3985 3693 4038 τὸν
3744 3980 3836 4035 αὖε

2184 4084 2276 4137 τὸν
2322 4083 2528 4154 κόσμον
2587 4079 2747 4154 ὅνπερ
2801 4077 2889 4133 καὶ
2926 4083 3132 4147 ζῶντος
3189 4074 3242 4130 ἐν
3297 4079 3412 4137 τοῖς
3463 4075 3700 4148 ἡγεμόσι
3753 4091 3834 4124 τε-

2188 4172 2450 4247 ταγμένοι
2495 4169 2814 4245 ἐτύγχανον.
2857 4167 3024 4224 Οὗτοι
3082 4166 3176 4240 μὲν
3235 4162 3303 4233 δὴ
3353 4164 3452 4232 τὴν
3493 4169 3836 4219 Κωνσταντιο

2189 4258 2451 4316 νοόπολιν
2484 4259 2639 4332 εἶχον
2671 4255 2888 4331 ἄγοντες
2918 4257 3011 4312 τὸν
3069 4254 3281 4328 νεκρὸν,
3337 4253 3430 4307 καὶ
3480 4253 3508 4307 ὁ
3542 4250 3838 4310 Ἰουλιανὸς

2193 4351 2602 4423 συνομαρτησεν
2667 4347 2725 4402 ἐκ
2790 4350 2900 4400 τῶν
2968 4343 3258 4418 Ἰλλυριῶν
3327 4340 3686 4420 ἀφικόμενος,
3752 4338 3838 4393 καὶ

2195 4437 2304 4509 ἤδη
2351 4433 2590 4513 βεϐαίως
2621 4431 2767 4510 ἔχων
2794 4437 2894 4505 τὴν
2923 4439 3096 4490 πᾶσαν
3130 4430 3430 4509 βασιλείαν,
3481 4428 3705 4492 οὐδενὸς
3749 4427 3837 4481 2'3-

2196 4529 2287 4584 τὸν
2369 4527 2504 4601 μετά
2567 4525 2657 4579 τὸν
2724 4523 3096 4582 Κωνσταντίου
3163 4521 3385 4587 θάνατον
3460 4518 3836 4586 ἐναντιωθῆναι

2196 4615 2604 4689 τολμήσαντος,
2663 4611 3038 4686 κομιζομένου
3098 4607 3155 4666 δὲ
3208 4613 3305 4664 τοῦ
3364 4611 3556 4682 νεκροῦ
3610 4605 3702 4661 ἐπὶ
3754 4605 3837 4659 τὸν

3634 3631 3832 3680 τοῦτον

444 4705 804 4778 praecedebat
843 4703 1081 4772 lectum,
1113 4702 1289 4775 capiti
1321 4703 1510 4758 ablato
1543 4704 1890 4760 diademate.
1925 4705 2057 4760 Post

2199 4705 2329 4763 νεὼν
2387 4709 2494 4759 τῶν
2552 4700 2937 4774 Ἀποστόλων,
2994 4699 3086 4755 ’ίνα
3141 4719 3243 4774 περ
3299 4697 3460 4752 αὐτὸν
3515 4697 3834 4766 καταθήσειν

449 4812 626 4867 quam
671 4799 864 4851 autem
920 4810 1052 4851 eum
1088 4792 1461 4865 sepelierunt,
1487 4793 1610 4863 jam
1643 4792 1880 4849 veniens
1911 4793 1971 4850 in
1998 4811 2086 4850 re-

448 4887 628 4958 giam,
648 4893 788 4939 tunc
819 4900 1024 4939 rursus
1054 4883 1336 4954 imposuit
1364 4883 1655 4951 diadema,
1685 4888 1741 4938 et
1771 4898 1964 4939 rerum
1997 4901 2093 4957 po-

446 4976 722 5040 tiebatur,
745 4973 1045 5043 solusjam
1071 4973 1465 5028 Romanorum
1490 4972 1819 5028 universum
1844 4973 2091 5045 adeptus

445 5064 786 5135 imperium.
828 5064 972 5118 Cum
1022 5077 1160 5132 ergo
1208 5061 1556 5118 excessisset
1602 5062 1998 5133 Constantius,
2030 5063 2090 5120 in

449 5168 571 5218 eos,
605 5153 702 5224 qui
759 5153 1075 5218 restabant,
1125 5159 1180 5207 et
1227 5150 1476 5207 maxime
1526 5153 1626 5222 qui
1670 5157 1904 5224 propter
1945 5154 2093 5209 invi-

448 5243 601 5297 diam
637 5241 1001 5313 przpbuerant
1033 5257 1269 5297 causam
1302 5241 1451 5297 Galli
1491 5243 1822 5311 occisionis,
1856 5245 1950 5300 ira
1976 5260 2092 5299 suae

447 5330 726 5387 fervorem
751 5329 1007 5387 ostendit
1033 5331 1323 5387 Julianus.
1343 5333 1410 5388 Et
1441 5333 1659 5389 statim.
1691 5333 1932 5389 Eusebio
1964 5335 2093 5406 qui-

449 5421 580 5475 dem
614 5421 920 5491 praaposito
954 5428 1126 5494 caput
1158 5421 1388 5490 adimit,
1421 5424 1577 5495 quod
1609 5423 1848 5480 omnino
1869 5423 2093 5480 videre-

449 5518 544 5567 tur
563 5510 688 5566 suis
718 5509 1030 5567 calumniis
1051 5511 1214 5569 Gallo
1237 5512 1450 5568 caedem
1472 5513 1821 5583 adornasse;
1846 5514 2087 5570 Paulum

452 5606 650 5656 autem
684 5600 1026 5674 Hispanum,
1058 5601 1155 5674 qui
1186 5607 1308 5658 erat
1337 5620 1487 5658 unus
1517 5620 1584 5659 ex
1615 5603 1826 5660 scribis
1855 5604 2096 5678 impera-

453 5692 618 5762 toris,
650 5691 828 5749 tradit
882 5690 1026 5764 igni,
1059 5697 1122 5750 ut
1171 5693 1268 5764 qui
1316 5693 1373 5750 in
1413 5691 1643 5750 Gallum
1674 5695 1863 5752 fuerat
1895 5696 2095 5755 acerbe

3266 4787 3430 4848 αὐτὸς
3498 4787 3694 4859 ἠγεῖτο
3749 4790 3837 4850 τῆς

3601 4872 3836 4947 κειραλῆς

2200 4796 2437 4868 πλησίον
2493 4797 2591 4849 τοῦ
2649 4793 2853 4864 πατρὸς
2921 4788 3182 4865 ἔμελλον,

2199 4887 2393 4957 κλίνης
2460 4886 2487 4938 ὁ
2553 4884 2870 4950 Ἰουλιανὸς,
2948 4882 3010 4936 τὸ
3085 4875 3329 4950 διάδημα
3399 4879 3500 4940 τῆς

2201 4976 2493 5050 περιελὼν.
2547 4973 2701 5032 Ἐπεὶ
2759 4969 2816 5026 δὲ
2868 4965 3068 5044 ἔθαψαν
3115 4966 3294 5039 αὐτὸν,
3343 4964 3432 5020 ἒπῖ
3481 4965 3548 5019 τὰ
3599 4962 3839 5038 βασίλεια

2201 5064 2309 5139 ἤδη
2357 5063 2866 5138 ἀπαλλαττόμενος,
2903 5060 2966 5116 τό
3013 5079 3071 5115 τε
3119 5055 3362 5130 διάδημα
3407 5054 3559 5116 αὖθις
3607 5052 3838 5108 ἔπέθετο.

2203 5156 2308 5214 Καὶ
2345 5159 2452 5209 τῶν
2510 5152 2843 5229 πραγμάτων
2893 5149 3155 5226 ἐγκρατὴς
3212 5145 3302 5216 ἦν,
3365 5145 3531 5218 μόνος
3588 5139 3699 5214 ἤδη
3757 5143 3844 5211 τὴν

2204 5244 2489 5318 Ῥωμαίων
2520 5241 2656 5314 ὅλην
2715 5238 2992 5317 βασιλείαν
3033 5237 3482 5309 ὓποζωσάμενος.
3546 5232 3700 5290 Ἐπεὶ
3757 5231 3842 5286 οὖν

2204 5337 2232 5392 ὁ
2264 5335 2633 5396 Κωνστάντιος
2682 5331 2740 5387 ἐκ
2787 5327 2970 5387 ποδὼν
3024 5331 3110 5398 ἦν,
3169 5327 3246 5389 εἰς
3301 5326 3430 5386 τοὺς
3485 5321 3847 5394 ὑπολειπομέ-

2203 5444 2328 5486 νους
2358 5423 2448 5479 καὶ
2484 5421 2723 5496 μάλιστα
2757 5424 2839 5493 τῷ
2885 5417 3069 5498 φρόνῳ
3116 5417 3217 5487 τὴν
3271 5413 3445 5470 αἰτίαν
3495 5410 3847 5487 παρασχομέ-

2202 5529 2326 5574 νους
2382 5518 2482 5582 τῆς
2533 5507 2857 5586 ἀναιρέσεως
2897 5504 3138 5577 Γάλλου,
3193 5504 3428 5581 ἆνεψυχε
3474 5501 3537 5556 τὸ
3589 5501 3709 5569 ζέον
3752 5501 3845 5568 τῆς

2206 5605 2372 5680 ὀργῆς
2438 5600 2761 5669 Ἰουλιανὸς,
2824 5598 2912 5653 καὶ
2981 5594 3171 5652 αὐτίκα
3235 5586 3496 5650 Εὗσὲὄιον
3585 5590 3683 5664 μὲν
3757 5591 3843 5646 τὸν

2205 5675 2568 5771 Ῑίραιπόσιτον
2633 5696 2734 5761 τῆς
2806 5684 3050 5769 κεφαλῆς
3136 5683 3467 5763 ἀφαιρεῖται,
3549 5675 3694 5736 διότι
3748 5683 3843 5752 τήν
