4012 6220
273 356 423 415 1173

1478 355 1953 416 MARTYRIUM
2000 355 2064 415 S.
2114 354 2457 415 ARTEMII.

3512 356 3667 415 11⁵14

269 512 451 587 ἀρχὴν
486 509 730 590 ἐφαίνετο
764 510 823 565 ἐκ
851 514 959 565 τῶν
1010 508 1173 565 αἰ)τοῦ
1233 507 1531 579 διαϐολῶν,
1556 512 1648 566 τὸν
1708 514 1912 567 ἅπαντα

2028 514 2312 569 invectus.
2362 514 2578 569 Ambos
2627 528 2883 584 namque
2930 513 3352 570 Chalcedonem
3404 513 3588 584 misit,
3616 520 3669 568 et

263 605 342 672 τῷ
402 599 604 672 Γάλλῳ
658 600 822 673 φόνυν
872 601 1383 675 συγκειρασάμενος·
1452 600 1664 655 Παῦλον
1722 599 1777 655 δὲ
1826 603 1916 655 τὸν

268 690 477 745 Σπανὸν
538 691 616 751 εἷς
678 691 807 753 τοὺς
872 690 1216 767 ὓπογραφέας
1300 695 1396 745 τοῦ
1482 690 1750 766 βασιλέως
1831 713 1917 745 τε·

267 778 490 850 λοῦντα,
532 779 661 854 πυρῖ
720 776 1116 852 παραδίδωσιν,
1180 780 1254 841 ὡς
1312 778 1498 833 πολλά
1565 776 1631 847 δὴ
1669 777 1817 851 μάλα
1841 784 1919 850 τῷ

266 866 467 939 Γάλλῳ
524 865 1020 941 ἐμπικρανάμενον.
1088 867 1329 931 Τυῦτους
1389 869 1481 940 μὲν
1535 866 1626 921 οῦν
1670 868 1916 945 ἀμφοτέ-

267 976 396 1031 ρους
437 956 513 1016 εἱς
570 958 669 1025 τὴν
724 954 1058 1024 Χαλκηδόνα
1121 954 1454 1029 διαπέμψας,
1499 958 1608 1011 ἐκεῖ
1645 961 1712 1027 τῇ
1744 956 1918 1026 οἶκεία

269 1045 391 1119 δίκῃ
458 1046 652 1120 ὑπάγει
713 1045 985 1118 ἑκάτερον,
1051 1045 1233 1100 ἀνεῖλε
1310 1043 1364 1100 δὲ
1428 1047 1517 1100 καὶ
1601 1043 1916 1101 Γαυδέντιον

272 1135 578 1209 στρατηγὸν
624 1141 726 1204 τῆς
784 1136 1071 1212 Ἀφρικῆς,
1139 1137 1231 1190 καὶ
1269 1133 1474 1197 ἄλλους
1514 1136 1663 1198 τινας
1721 1136 1913 1191 ὀπόσοι

266 1246 317 1280 τι
353 1224 428 1286 εἷς
462 1223 620 1278 αὐτὸν
671 1226 1154 1297 πεπαρῳνήκεσανο
1217 1223 1361 1279 ἀλλᾶ
1400 1224 1627 1287 τούτους
1677 1226 1773 1297 μὲν
1830 1222 1918 1279 διὰ

269 1312 609 1391 γραμμάτων
639 1313 917 1387 ξέκόλασε,
974 1314 1066 1367 τὸν
1123 1311 1178 1368 δὲ
1224 1318 1320 1367 τοῦ
1385 1318 1629 1387 Χριστοῦ
1674 1314 1919 1388 μάρτυρα

265 1404 357 1459 καὶ
426 1409 659 1477 γενναῖον
720 1402 968 1473 ἄθλητὴν
1030 1405 1315 1478 Ἀρτέμιαν
1376 1403 1536 1465 αὐτὸς
1607 1402 1676 1456 δι’
1726 1404 1917 1457 ἑαυτοῦ

1310 1043 1364 1100 δὲ
1428 1047 1517 1100 καὶ

267 1492 321 1547 ἐν
376 1493 692 1571 Ἀντιοχείᾳ
761 1494 948 1567 παρὼν
1000 1494 1089 1546 καὶ
1147 1493 1383 1566 παρόντα
1426 1490 1513 1546 διὰ
1544 1493 1643 1560 τὴν
1673 1492 1746 1553 εἰς
1786 1494 1917 1565 Χρι-

266 1583 391 1637 στὸν
432 1581 757 1657 ὁμολογίαν,
807 1582 1186 1655 ἀπανθρώπως
1229 1580 1477 1649 έκολασε,
1510 1581 1597 1634 καὶ
1642 1584 1738 1648 τῆς
1779 1601 1918 1656 παρ-

265 1673 434 1741 οὐσης
478 1671 639 1725 αὐτὸν
704 1672 1088 1747 ἀπεγ·3μνιυσεν
1139 1670 1402 1741 ἐξουσίας,
1467 1672 1542 1743 μὴ
1604 1669 1779 1746 φέρων
1822 1672 1918 1738 τήν

260 1761 427 1815 αὐτοῦ
485 1760 791 1835 παρρησίαν
850 1761 940 1814 καὶ
1007 1754 1273 1816 ἔνστασιν.
1323 1762 1383 1817 Ὀ
1441 1761 1545 1835 γάρ
1597 1759 1913 1827 Ἰουλιανὸς,

264 1853 338 1912 ὡς
372 1848 705 1921 δεδήλωται,
734 1852 833 1918 τήν
883 1855 990 1905 τῶν
1037 1850 1325 1923 Ῥωμαίων
1378 1851 1728 1926 περιθέμενος
1763 1851 1918 1925 βασι-

2022 601 2139 656 illic
2164 606 2479 673 utrumque
2501 619 2607 657 suo
2629 601 2817 657 aﬂ‘ecit
2838 603 3144 675 supplicio.
3170 603 3463 659 Interfecit
3491 604 3667 658 etiam

2023 691 2413 746 Gaudentium
2448 691 2650 746 ducem
2685 692 2975 747 exercitus
3019 693 3242 759 Africae,
3276 696 3332 747 et
3382 693 3669 764 quosdam

2024 780 2191 845 alios,
2225 781 2320 849 qui
2352 779 2401 834 ei
2437 779 2880 835 insultaverant.
2917 781 3024 835 Sed
3060 797 3157 835 eos
3198 781 3435 850 quidem
3482 780 3673 851 puniit

2025 885 2126 940 per
2174 869 2425 937 litteras;
2475 869 2686 923 Christi
2746 874 2941 924 autem
3004 875 3314 941 martyrem
3363 878 3410 924 et
3464 871 3669 924 fortem

2023 958 2300 1013 athletam
2336 958 2679 1024 Artemium,
2706 959 2826 1029 ipse
2852 975 2949 1028 per
2981 975 3043 1013 se
3067 958 3385 1013 Antiochiae
3418 975 3671 1029 praesens

2024 1056 2367 1119 praesentem
2404 1058 2635 1117 propter
2656 1047 2872 1102 Christi
2908 1047 3330 1104 confessionem
3359 1048 3672 1102 inhumane

2024 1136 2233 1208 puniit.
2279 1141 2335 1191 et
2382 1153 2466 1205 ea,
2510 1153 2680 1206 quam
2742 1136 3015 1202 habebat,
3067 1136 3306 1206 privavit
3363 1141 3672 1209 potestate,

2024 1243 2135 1279 non
2172 1226 2363 1280 ferens
2391 1227 2512 1295 ejus
2542 1225 2769 1280 dicendi
2818 1226 3142 1281 libertatem
3177 1231 3234 1282 et
3262 1228 3669 1282 constantiam.

2023 1317 2288 1371 Julianus
2318 1316 2497 1384 enim,
2524 1333 2678 1381 cum,
2711 1322 2773 1372 ut
2803 1322 3105 1372 ostensum
3138 1322 3243 1384 est,
3278 1320 3671 1373 Romanorum

2029 1410 2371 1477 usurpasset
2420 1406 2751 1475 imperium,
2787 1406 3040 1461 maxime
3088 1407 3358 1461 studebat
3408 1407 3670 1478 gentium

2021 1511 2273 1549 errorem
2302 1495 2358 1549 in
2384 1511 2556 1549 suum
2584 1495 2777 1549 locum
2804 1497 3130 1551 restituere.
3161 1497 3221 1550 In
3244 1512 3447 1551 omnes
3470 1497 3669 1567 itaque

2023 1590 2217 1657 partes
2248 1586 2485 1641 mittens
2520 1585 2746 1640 litteras
2787 1586 3019 1653 iubebat
3064 1586 3304 1641 deorum
3360 1586 3574 1656 templa
3614 1591 3672 1640 et

2023 1674 2226 1729 altaria
2282 1679 2548 1746 prompto
2582 1682 2633 1729 et
2665 1674 2837 1729 alacri
2895 1673 3075 1729 animi
3119 1674 3309 1729 studio
3339 1676 3580 1739 exstrui,
3614 1680 3671 1729 et

2024 1779 2400 1834 quoscunque
2432 1765 2648 1819 reditus
2683 1780 2930 1834 magnus
2952 1764 3372 1818 Constantinus
3405 1763 3674 1817 attribuit

2022 1853 2304 1918 ecclesiis,
2339 1857 2396 1907 et
2426 1854 2549 1922 ejus
2594 1852 2747 1907 ﬁlius
2784 1852 3181 1917 Constantius,
3215 1868 3311 1907 eos
3344 1852 3581 1919 ademit,
3615 1859 3674 1907 et

264 1940 434 2011 λείαν,
469 1939 765 2011 ἐσπούδαζε
799 1939 1037 2014 μάλιστα
1093 1942 1184 1995 τὸν
1241 1940 1616 2014 Ἐ)ληνισμὸν
1682 1940 1913 2016 ἐπανορ·

2027 1941 2262 2011 templis
2293 1942 2654 1996 consecravit
2686 1940 2995 2009 idolorum,
3029 1957 3130 2010 pro
3161 1939 3471 2009 episcopis,
3508 1956 3673 2010 pres-

267 2031 415 2083 θοῦν.
477 2032 769 2105 Πανταχοῦ
825 2029 1007 2082 τοίνυν
1085 2029 1385 2104 γράμματα
1445 2025 1909 2100 διαπεμπόμενος,

267 2115 479 2171 ἐκέλευε
534 2118 599 2169 τὰ
639 2116 866 2188 ξτοῦτων
930 2118 1129 2190 τεμένη
1197 2117 1289 2170 καὶ
1355 2115 1486 2179 τοὺς
1540 2116 1763 2190 βωμοὺς
1823 2117 1911 2171 ἀνι

272 2210 441 2275 ιστᾷν,
494 2207 628 2279 μετά
665 2204 885 2275 πολλῆς
942 2207 1075 2275 ὅσης
1124 2208 1221 2274 τῆς
1279 2203 1519 2274 σπουδῆς
1569 2206 1744 2259 τεκαὶ
1777 2226 1915 2277 προ-

273 2296 490 2368 θυμίας,
557 2295 645 2349 καὶ
706 2294 834 2354 ὅσας
892 2295 919 2348 6
983 2294 1145 2368 μέγας
1212 2298 1615 2358 Κωνσταντῖνος
1654 2300 1775 2355 ταῖς
1833 2294 1915 2349 ἐκ·

2024 2030 2240 2102 byteris
2272 2035 2328 2086 et
2370 2031 2651 2099 diaconis,
2688 2030 3049 2086 constituens
3098 2029 3363 2097 aadituos,
3394 2045 3669 2101 asperso-

2024 2135 2138 2184 res,
2198 2121 2493 2175 sacrificos
2552 2127 2605 2174 et
2653 2119 3032 2189 canephoros,
3067 2124 3124 2173 et
3153 2134 3516 2189 quaecunque
3566 2136 3670 2174 no-

2025 2208 2184 2264 mina
2234 2226 2399 2281 nugas
2451 2210 2762 2280 imponunt
2811 2207 3139 2279 gentilium.
3187 2207 3316 2262 Ηδεο
3348 2206 3582 2277 quidem
3614 2211 3673 2262 et

2027 2298 2140 2354 alia
2170 2299 2387 2353 fiebant
2418 2298 2943 2369 Constantinopoli.

268 2384 522 2456 κλησίαις
581 2385 884 2459 προσόδους
951 2385 1227 2460 ἀπένειμε,
1287 2386 1376 2440 καὶ
1436 2388 1463 2440 6
1536 2387 1727 2440 τούτου
1786 2388 1900 2449 υἱὸς
1988 2390 2381 2459 Κωνστάντιος,
2432 2391 2629 2451 ταύτας
2711 2387 2951 2467 ἀφελὼν,
3020 2394 3137 2450 τοῖς
3224 2391 3331 2443 τῶν
3418 2384 3667 2441 εἷ’δώλων

266 2482 419 2538 ναοῖς
485 2477 799 2556 ἀφιέρωσεν,
859 2476 970 2531 ἄντ’
1028 2472 1335 2531 ἐπισκόπων
1386 2475 1476 2531 καὶ
1524 2473 1901 2551 πρεσϐυτέρων
1972 2479 2059 2532 καὶ
2111 2477 2373 2533 διακόνων
2430 2482 2768 2550 καταστήσας
2835 2479 3121 2554 ζακόρους,
3177 2478 3267 2534 καὶ
3342 2479 3671 2552 νεωκόρους,

266 2564 357 2620 καὶ
419 2567 633 2639 ῥάντας,
682 2568 771 2620 καὶ
836 2566 1019 2633 θύτας,
1072 2566 1163 2619 καὶ
1220 2566 1585 2642 κανηφόρους,
1637 2566 1728 2620 καὶ
1782 2566 1910 2629 ὅσας
1968 2568 1995 2621 ὁ
2055 2566 2342 2638 έλληνικὸς
2398 2568 2563 2630 ὕθλος
2632 2569 2949 2647 ἐπιφημίζει
3032 2566 3440 2643 προσωνυμίαις.
3499 2570 3677 2624 Ταῦτα

272 2655 366 2727 μὶν
398 2654 487 2708 κάὶ
509 2651 663 2729 ἔτερα
685 2653 1029 2730 διεπραττετο
1050 2656 1187 2709 κατὰ
1205 2656 1303 2723 τήν
1329 2654 1917 2713 Κωνσταντινουπολιν.

337 2744 441 2800 ΙΒ’.
474 2743 620 2798 Μετᾶ
667 2740 723 2797 δὲ
769 2748 937 2798 ταῦτα
988 2740 1222 2818 μητέρος
1266 2744 1435 2799 αὐτοῦ
1475 2742 1708 2820 ἀδελφὸν
1739 2738 1905 2819 ἔχων,

267 2832 565 2887 ἸουΛιανὸν
624 2836 890 2907 τοῦνομα,
948 2834 1048 2902 τήν
1114 2837 1211 2888 τοῦ
1255 2835 1679 2907 Χριστιανισμοῦ
1733 2836 1913 2889 πίστιν

268 2918 359 2975 διὰ
412 2923 510 2991 τὴν
568 2921 772 2977 ἐκείνου
833 2923 996 3000 χάριν
1044 2921 1476 2996 ἐξομοσάμενον,
1552 2922 1643 2978 καί
1701 2922 1919 2995 πολλὴν

270 3010 402 3086 ὑπὲρ
460 3015 556 3066 τοῦ
631 3011 1009 3085 Ἑλληνισμοῦ
1084 3014 1394 3087 προθυμίαν
1454 3012 1915 3087 ἐπιδεικνύμενον,

268 3097 512 3174 ἄρχοντα
562 3107 662 3171 τῆς
716 3100 852 3172 ἑῴας
920 3102 977 3156 ’ὃν
1024 3100 1253 3157 καλοῦσι
1312 3104 1532 3177 κόμητα
1600 3102 1916 3177 ἐξέπεμψεν,

269 3187 668 3264 ἐντειλάμενος,
736 3191 804 3244 τά
873 3192 968 3264 μὲν
1034 3196 1141 3245 τῶν
1229 3190 1535 3262 ἐκκλησιῶν
1623 3190 1917 3269 πράγματα

271 3284 465 3334 κακοῦν
524 3300 581 3334 τε
646 3280 736 3334 καὶ
796 3277 1144 3359 διαφθείρειν,
1210 3286 1495 3356 πανταχοῦ
1555 3279 1611 3336 δὲ
1676 3281 1766 3336 καὶ
1827 3257 1998 3336 Stoic

270 3367 447 3439 πάσης
490 3365 633 3432 ἰδέας
654 3368 744 3424 τὸν
788 3367 1155 3442 Ἐλληνισμὸν
1187 3369 1358 3440 αὔξειν
1402 3391 1462 3426 τε
1520 3371 1610 3425 καὶ
1659 3370 1918 3445 ἐπαίρειν.

270 3459 332 3514 Ὀ
364 3455 422 3512 δὲ
450 3456 779 3536 ἀφικόμενος
811 3457 862 3512 ἐν
925 3457 1233 3533 Ἀντιοχείᾳ
1275 3458 1528 3534 ἐπειρᾶτο
1566 3459 1762 3533 μείζων
1812 3464 1921 3514 τῶν

272 3546 676 3620 ἐντεταλμένων
739 3552 854 3605 τοῖς
910 3544 1093 3625 ἔργοις
1117 3548 1429 3625 ζφαίνεσθαι,
1481 3550 1570 3604 καὶ
1621 3547 1686 3619 δή
1747 3570 1921 3624 προσ-

270 3642 578 3716 αφαιρεῖται
624 3638 716 3709 μὲν
776 3643 961 3692 πασῶν
1038 3643 1145 3693 τῶν
1205 3637 1513 3709 ἐκκλησιῶν
1574 3641 1778 3694 ἅπαντα
1856 3641 1923 3695 τά

268 3725 559 3799 κειμήλια,
601 3726 699 3780 ὅσα
738 3725 789 3781 ἐν
831 3726 1050 3801 ἀργύρῳ
1079 3748 1137 3782 τε
1177 3727 1264 3782 καὶ
1296 3733 1490 3803 χρυσῷ
1540 3730 1630 3784 καὶ
1665 3733 1919 3802 σηρικοῖς

270 3816 542 3894 ὑφάσμασι
600 3811 850 3887 διετέλει,
900 3814 1181 3871 ἀποκλείει
1226 3813 1408 3871 δὲκαὶ
1449 3818 1545 3879 τὰς
1596 3816 1919 3888 ἐκκλησίας,

265 3908 363 3959 τοῦ
424 3904 499 3977 μὴ
548 3925 668 3959 τινα
726 3905 997 3982 εἰσφοιτᾷν
1079 3904 1131 3960 ἐν
1216 3905 1405 3967 αὑταῖς
1479 3907 1651 3981 εὐχῆς
1743 3902 1917 3973 ἕνεκα,

268 3991 492 4067 κλεῖθρα
531 3994 622 4048 καὶ
681 3993 939 4068 μυχμοῦς
999 4000 1115 4056 τοῖς
1170 3993 1419 4049 πολῶσιν
1483 3990 1784 4054 ἐπιϐαλών.
1823 3996 1919 4052 Καὶ

262 4086 433 4137 ταῦτα
464 4085 558 4156 μὲν
600 4084 738 4139 κατᾶ
784 4084 881 4151 τὴν
948 4085 1243 4159 Ἀντιόχου
1309 4083 1491 4140 πόλιν’
1528 4086 1555 4139 6
1619 4092 1719 4154 τῆς
1768 4087 1922 4143 Ἀνα-

265 4172 441 4241 τολῆς
498 4169 686 4247 ἅρχων
749 4171 1053 4247 εἷργάζετρ,
1112 4174 1139 4227 6
1209 4170 1266 4228 δὲ
1308 4172 1563 4245 βασιΛεῦς
1596 4171 1916 4243 Ἰουλιανὸς,

267 4256 346 4315 ἔτι
404 4261 538 4315 κατᾶ
585 4262 686 4330 τήν
754 4262 1324 4317 Κωνσταντινούπολιν
1380 4260 1585 4318 διεῖλκέ
1622 4284 1741 4318 τινα
1781 4262 1917 4338 χρό-

268 4371 381 4420 νον,
431 4351 495 4404 τὰ
526 4350 579 4404 ἐν
624 4349 792 4425 ταύτῃ
825 4352 1106 4429 κρατιξνας,
1151 4352 1227 4414 εἷς
1269 4352 1400 4420 ὅπερ
1434 4352 1647 4424 ἐνόμιζε
1682 4353 1919 4425 μάλιστα

270 4442 340 4512 τῇ
378 4438 627 4513 βασιλεία
673 4440 984 4517 συμφέρειν,
1008 4442 1098 4496 καὶ
1142 4443 1275 4504 ὅπος
1317 4443 1345 4496 ὁ
1378 4441 1744 4515 Ἑλληνισμὸς
1772 4443 1919 4515 αὐτῷ

272 4530 409 4603 πρὸς
474 4530 537 4583 τὸ
637 4529 1054 4607 μεγαλειότερον
1118 4532 1313 4609 ἐξαρθῇ
1394 4539 1610 4588 σκοπῶν
1696 4556 1753 4588 τε
1828 4536 1916 4589 καὶ

2096 2749 2223 2804 XII.
2260 2749 2391 2804 Post
2422 2748 2542 2804 haec
2589 2752 2782 2803 autem
2828 2763 2959 2803 cum
3011 2747 3214 2803 matris
3266 2763 3381 2803 suas
3434 2747 3670 2802 haberet

2026 2838 2284 2905 fratrem,
2318 2838 2553 2895 nomine
2600 2837 2925 2903 Julianum,
2955 2837 3053 2905 qui
3085 2842 3150 2891 ut
3180 2836 3262 2891 illi
3310 2836 3677 2908 gratificare—

2028 2931 2143 2997 tur,
2178 2928 2609 2985 Christianismi
2660 2928 2829 2984 ﬁdem
2884 2928 3274 2998 abjuraverat,
3326 2931 3381 2981 et
3429 2942 3529 2996 pro
3583 2942 3673 2981 er-

2027 3035 2151 3074 rore
2225 3019 2486 3090 gentium
2567 3017 2905 3074 ostendebat
2977 3022 3312 3089 promptum
3371 3020 3429 3070 et
3487 3014 3676 3069 alacre

2029 3108 2209 3163 animi
2270 3109 2555 3177 studium,
2597 3108 2794 3163 emisit
2851 3106 3100 3162 Orientis
3152 3109 3452 3173 rectorem,
3502 3119 3674 3174 quem

2027 3202 2234 3254 vocant
2263 3198 2555 3266 comitem,
2575 3198 2790 3266 jubens
2818 3200 2879 3250 ut
2902 3210 2993 3251 res
3026 3195 3263 3266 quidem
3296 3192 3675 3249 ecclesiarum

2029 3292 2258 3342 vexaret
2280 3291 2337 3341 et
2362 3289 2646 3358 perderet,
2681 3287 2897 3357 ubique
2952 3290 3141 3340 autem
3175 3288 3232 3339 et
3259 3282 3419 3340 omni
3454 3282 3677 3337 ratione

2028 3392 2279 3432 errorem
2327 3375 2585 3447 gentium
2632 3382 2863 3447 augeret
2895 3378 2951 3429 et
2981 3372 3300 3428 extolleret.
3354 3371 3453 3427 Ille
3501 3370 3678 3440 igitur

2029 3482 2161 3521 cum
2194 3465 2441 3521 venisset
2483 3463 2866 3528 Antiochiam,
2901 3461 3219 3517 conabatur
3266 3459 3459 3531 reipsa
3508 3458 3677 3530 plura

2030 3559 2324 3627 praestare,
2368 3570 2545 3625 quam
2597 3553 2648 3608 ei
2709 3553 2895 3608 fuerat
2951 3552 3327 3621 imperatum.
3373 3550 3442 3603 Et
3489 3547 3673 3603 eccle-

2028 3646 2133 3701 siis
2167 3643 2399 3715 quidem
2450 3643 2640 3698 aufert
2677 3656 3039 3712 quascunque
3078 3638 3370 3693 habebant
3402 3637 3671 3707 pretiosa,

2027 3740 2145 3790 tam
2181 3734 2239 3788 in
2273 3738 2513 3804 argento
2545 3736 2601 3786 et
2632 3748 2796 3797 auro,
2828 3745 2994 3798 quam
3032 3728 3088 3782 in
3122 3725 3323 3781 sericis
3372 3724 3675 3779 vestimen-

2027 3826 2123 3880 tis.
2150 3824 2297 3888 Quin
2331 3822 2505 3878 etiam
2536 3821 2758 3877 claudit
2788 3818 3088 3885 ecclesias,
3113 3832 3185 3871 ne
3207 3816 3338 3886 quis
3371 3813 3431 3867 in
3462 3829 3560 3868 eas
3591 3813 3676 3866 in-

2028 3916 2368 3986 grederetur
2424 3910 2698 3983 precandi
2757 3925 2956 3974 causa,
3002 3904 3275 3962 claustris
3316 3908 3373 3959 et
3410 3902 3671 3957 vectibus

2021 4003 2219 4075 januis
2244 4002 2561 4072 impositis.
2585 4000 2651 4054 Et
2674 3999 2793 4053 haec
2819 3997 3053 4068 quidem
3078 3992 3391 4049 Antiochia
3425 3990 3672 4046 faciebat

2028 4108 2221 4148 comes
2269 4089 2542 4145 Orientis.
2595 4091 2908 4159 Imperator
2958 4088 3151 4140 autem
3201 4083 3469 4138 Julianus
3519 4082 3673 4134 Con-

2027 4179 2397 4251 stantinopoli
2427 4179 2662 4250 aliquod
2695 4176 2886 4232 adhuc
2917 4173 3253 4229 morabatur
3290 4176 3544 4241 tempus,
3578 4184 3671 4223 res

2027 4272 2385 4327 confirmans
2414 4278 2466 4324 et
2499 4267 2897 4330 corroborans,
2932 4268 3102 4334 prout
3133 4262 3183 4317 ei
3217 4259 3469 4315 maxime
3498 4273 3669 4328 expe-

2026 4363 2149 4417 dire
2197 4361 2503 4415 videbatur
2549 4355 2792 4427 imperio
2820 4372 2832 4409 :
2868 4359 2923 4410 et
2955 4359 3018 4407 ut
3048 4368 3209 4407 error
3238 4349 3497 4420 gentium
3548 4364 3671 4402 ma-

2025 4453 2236 4525 gnifice
2312 4449 2697 4514 extollerelur,
2758 4445 3140 4501 considerans
3212 4443 3267 4495 et
3332 4451 3667 4525 procurans.

2026 4523 2226 4598 Postea
2254 4557 2389 4595 vero
2440 4539 2745 4594 discedens
2797 4528 3297 4599 Constantinopoli
3358 4541 3491 4581 cum
3545 4523 3670 4578 uni-

270 4620 808 4695 πραγμκτευόμενος.
868 4627 1041 4695 ’Άρας
1094 4620 1185 4677 οῦν
1229 4622 1289 4677 ἐκ
1337 4629 1435 4692 τῆς
1486 4629 1916 4679 Κωνσταντινου-

2027 4648 2190 4688 verso
2216 4630 2492 4695 exercitu,
2526 4628 2637 4684 iter
2669 4625 2909 4682 faciebat
2939 4627 2999 4678 in
3027 4621 3274 4692 Syriam.

270 4706 489 4769 πόλεως
548 4710 639 4763 σὺν
713 4710 873 4765 παντὶ
924 4715 1005 4783 τῷ
1053 4716 1267 4788 στρατῷ
1302 4713 1403 4782 τήν
1448 4713 1535 4767 ἐπὶ
1591 4717 1691 4779 τῆς
1724 4713 1919 4787 Συρίας

268 4797 509 4853 ἐποιεῖτο
541 4795 686 4854 ὁδόν.

342 4894 419 4945 [Γ.
454 4888 693 4953 Διελθὼν
738 4888 918 4946 τοίνυν
966 4892 1174 4947 ἅπασαν
1205 4893 1303 4961 τήν
1351 4891 1606 4968 Φουγίαν,
1652 4894 1739 4948 καὶ
1775 4895 1909 4969 πρὸς

263 4978 366 5047 τὴν
404 4975 643 5051 ἐσχάτην
676 4978 845 5049 αὑτῆς
872 4977 1036 5035 πόλιν
1066 4982 1129 5035 τὸ
1147 4980 1488 5055 καλούμενον
1528 4982 1752 5041 Ἰκόνιον
1790 5004 1913 5039 κατ·

266 5070 523 5139 αντήσας,
584 5066 816 5138 ἐξέκλινε
878 5072 976 5139 τήν
1037 5072 1298 5148 Ἰσαυρίαν
1378 5072 1719 5131 καταλιπών,
1816 5073 1912 5128 Καὶ

263 5158 360 5212 τὸν
423 5156 716 5233 λεγόμενον
769 5161 982 5235 Ταῦρον
1046 5158 1387 5238 ὑπεραναϐάς
1435 5183 1449 5197 ·
1500 5162 1663 5233 ἦλθεν
1693 5163 1780 5218 ἐπὶ
1819 5165 1913 5225 τὰς

266 5245 457 5308 πόλεις
514 5252 617 5315 τῆς
668 5245 943 5317 Κιλικίας,
994 5249 1083 5305 καὶ
1138 5254 1218 5322 τῷ
1270 5254 1492 5325 σταθμῷ
1532 5251 1914 5325 προσπελάσας

263 5339 345 5407 τῷ
392 5333 445 5389 ἐν
513 5335 663 5407 Ἰσσῷ
710 5338 876 5392 αὐτοῦ
932 5358 1039 5393 που
1095 5346 1450 5412 καταπηνοῖ,
1495 5343 1587 5395 τὸν
1638 5340 1697 5394 ἐκ
1736 5344 1914 5396 Μακε-

270 5422 451 5486 δονίας
511 5423 864 5501 Ἀλέξανδρον
935 5430 1348 5503 μιμησάμενος⁶
1414 5431 1601 5486 αὖτὸθι
1659 5431 1762 5506 γὰρ
1826 5431 1919 5486 κά-

270 5520 447 5577 κεῖνος
478 5514 530 5569 ἐν
590 5517 748 5590 Ἰσσῷ
804 5518 895 5574 τὸν
927 5522 1064 5596 πρὸς
1119 5527 1340 5596 Δαρεῖον
1380 5522 1471 5577 τὸν
1517 5527 1733 5597 Περσῶν
1770 5524 1917 5599 βασι-

272 5605 373 5662 λέα
410 5607 764 5679 συνεκρότησε
820 5609 1086 5685 πόλεμον,
1145 5612 1236 5665 καὶ
1279 5615 1468 5667 τοῦτον
1506 5614 1753 5683 νικήσας,
1794 5611 1915 5667 ἐπί-

273 5715 453 5771 σημον
510 5694 604 5751 τὸν
671 5698 839 5755 τόπον
908 5698 1223 5776 σῖργάσατο·
1284 5701 1483 5768 ἐκεῖθεν
1537 5703 1632 5759 τὸν
1690 5702 1913 5760 Ἰσσικὸν

2090 4896 2235 4952 ΧΙΙΙ.
2277 4896 2417 4949 Cum
2467 4893 2660 4963 itaque
2708 4888 3040 4944 universam
3094 4881 3441 4954 pervasisset
3486 4876 3670 4949 Phry-

2019 4986 2195 5058 giam,
2228 4988 2283 5039 et
2314 4984 2382 5037 ad
2409 4982 2534 5053 ejus
2569 4979 2836 5034 ultimam
2884 4976 3142 5031 venisset
3189 4972 3504 5033 civitatem,
3539 4980 3668 5037 quae

2016 5080 2252 5132 vocatur
2274 5072 2562 5137 Iconium,
2596 5067 2904 5125 declinavit
2934 5063 3132 5121 relicta
3166 5059 3408 5116 Isauria.
3434 5059 3503 5111 Et
3531 5071 3667 5111 cum

2018 5166 2303 5229 Taurum,
2337 5161 2437 5232 qui
2470 5158 2702 5223 dicitur,
2736 5157 3088 5227 superasset,
3116 5150 3273 5205 venit
3304 5149 3373 5204 ad
3408 5145 3667 5201 civitates

2019 5253 2252 5309 Ciliciae.
2286 5253 2428 5305 Cum
2476 5264 2611 5303 vero
2659 5244 3001 5301 accessisset
3049 5241 3119 5295 ad
3165 5237 3506 5303 stationem,
3540 5250 3667 5305 quas

2020 5348 2104 5399 est
2134 5343 2191 5396 in
2226 5345 2371 5409 Isso,
2394 5339 2512 5393 illic
2545 5337 3007 5398 castrametatur,
3032 5330 3399 5385 Macedonem
3430 5325 3670 5380 Alexan-

2022 5434 2187 5488 drum
2233 5430 2517 5485 imitatus.
2553 5427 2699 5483 Narn
2743 5424 2842 5480 ille
2889 5437 3121 5493 quoque
3154 5420 3208 5474 in
3244 5420 3367 5473 Isso
3394 5430 3526 5471 cum
3562 5419 3669 5469 Da-

2022 5523 2105 5577 rio
2138 5537 2272 5594 rege
2301 5520 2602 5575 Persarum
2654 5512 2943 5570 commisit
2992 5509 3276 5583 prazlium.
3330 5508 3452 5571 Quo
3498 5504 3668 5571 victo,

2020 5593 2223 5667 locum
2248 5607 2503 5665 reddidit
2533 5605 2843 5676 insignem.
2879 5600 3043 5656 Illinc
3097 5599 3290 5655 sinum
3341 5593 3671 5650 transmisit

2023 5700 2287 5769 Issicum,
2321 5694 2555 5753 etvenit
2585 5690 2973 5758 Antiochiam,
3004 5689 3151 5745 iram
3196 5686 3427 5760 spirans
3468 5682 3667 5737 adver-
