4012 6220
388 281 545 341 1175

1723 269 2012 336 MENSIS
2056 267 2446 334 OCTOBER.’

3643 263 3806 324 {176

388 458 486 498 sus
518 441 900 510 Christianos,
933 443 989 496 et
1018 453 1079 497 se
1110 456 1208 497 eos
1237 456 1367 498 esse
1397 438 1636 498 omnino
1687 454 2026 496 eversurum

2158 431 2350 489 ιόλπον
2419 431 2766 509 διαπεράσας,
2819 432 2986 504 ἦλθεν
3043 433 3120 496 εἷς
3187 431 3558 508 ’Δντιόχειαν,
3617 437 3804 506 θυμοῦ

387 530 690 588 minitans.
714 531 857 588 Cum
886 529 1249 588 Antiochiam
1281 547 1417 604 ergo
1448 532 1704 588 venisset
1734 538 2033 600 tyrannus,

388 628 444 676 et
499 621 559 676 in
619 621 859 676 domum
920 621 1239 678 divertisset
1307 620 1763 695 imperatoriam,
1819 627 1872 674 et
1930 633 2037 673 nec

390 725 574 766 unum
634 710 873 781 quidem
931 711 1081 766 diem
1146 710 1479 783 quievisset,
1513 711 1584 765 ad
1616 725 1750 765 cum
1803 705 2035 764 adducti

390 806 548 867 sunt,
578 799 758 855 veluti
807 801 973 871 signo
1023 799 1157 856 dato
1190 801 1472 868 accusati,
1504 799 1798 870 Eugenius
1830 801 1887 852 et
1914 797 2038 852 Ma-

392 891 607 956 carius,
640 891 742 962 qui
773 891 881 962 ipsi
925 907 1158 963 quoque
1208 896 1374 949 erant
1423 908 1552 964 pars
1602 890 2037 963 presbyteratus

392 976 659 1032 Ecclesiae
701 978 1094 1035 Antiocheam.
1129 980 1284 1045 Quos
1314 997 1446 1036 cum
1481 979 1750 1051 protinus
1778 984 2038 1033 curasset

393 1065 720 1122 sistendos:
755 1067 1001 1131 Quinam
1050 1069 1214 1136 estis,
1255 1068 1466 1140 inquit,
1509 1073 1564 1125 et
1613 1068 1904 1139 quodnam
1953 1069 2040 1121 est

393 1156 559 1213 vobis
619 1157 744 1213 vitae
807 1159 1065 1214 studium
1090 1159 1118 1214 ’ἲ
1145 1159 1302 1215 Dixit
1356 1159 1653 1231 Eugenius
1681 1174 1694 1213 :
1727 1156 2039 1213 Christiani

394 1261 624 1314 sumus,
657 1251 713 1303 et
751 1246 965 1303 Christi
1010 1249 1204 1320 gregis
1247 1253 1532 1320 pastores.
1577 1248 1705 1304 Haec
1745 1252 1835 1303 est
1875 1245 2042 1302 nobis

392 1335 530 1403 vita,
563 1335 684 1391 haec
716 1338 988 1399 conditio,
1021 1338 1130 1394 hoc
1161 1339 1442 1395 studium.
1484 1339 1635 1394 Dixit
1683 1341 1877 1394 autem
1927 1337 2040 1391 im-

394 1430 665 1496 perator:
705 1427 812 1482 Ubi
843 1431 930 1484 est
961 1430 1034 1497 is,
1066 1444 1240 1499 quem
1271 1429 1464 1486 dicitis
1497 1427 1711 1485 Christi
1761 1442 1994 1500 gregem
2017 1427 2045 1480 ?

395 1514 696 1585 Eugenius
745 1521 940 1573 autem
969 1534 981 1572 :
1015 1517 1354 1588 Universus,
1395 1518 1604 1590 inquit,
1648 1517 1805 1574 orbis
1853 1521 2042 1587 terrm,

396 1620 572 1674 quem
623 1605 707 1660 sol
754 1606 982 1678 aspicit,
1013 1611 1070 1662 et
1115 1608 1212 1680 qui
1246 1608 1307 1663 in
1339 1624 1405 1664 eo
1435 1615 1567 1663 sunt
1616 1607 1902 1664 homines.
1936 1607 2042 1662 Ju-

397 1691 595 1749 lianus
626 1698 817 1749 autem
845 1711 858 1750 :
892 1695 1034 1762 Nos,
1067 1695 1277 1767 inquit,
1311 1697 1660 1768 quibusnam
1693 1712 2043 1767 prmsumus,

398 1786 454 1838 et
499 1781 556 1837 in
607 1799 896 1855 quosnam
948 1784 1118 1840 hodie
1167 1785 1496 1842 obtinemus
1541 1787 1876 1858 imperium,
1909 1801 1941 1840 ο
1980 1788 2042 1838 tu

400 1871 603 1927 infelix
651 1877 708 1928 et
751 1874 928 1930 miser
984 1874 1360 1943 homuncule,
1394 1875 1443 1932 si
1483 1891 1882 1947 quamcunque
1940 1879 2051 1930 ter-

399 1977 523 2016 ram
575 1961 658 2017 sol
707 1962 936 2034 aspicit,
980 1964 1246 2019 Christus
1293 1981 1525 2038 gregem
1573 1965 1875 2038 possidet?
1903 1963 2049 2019 Mar-

401 2059 490 2122 tyr
521 2067 648 2106 vero
676 2068 688 2107 :
725 2052 946 2118 Eidem,
979 2052 1190 2124 inquit,
1224 2054 1384 2126 gregi
1418 2071 1620 2125 praees,
1650 2071 1681 2110 ο
1713 2053 2046 2125 imperator,

400 2140 570 2208 cujus
601 2155 711 2195 nos
742 2156 949 2195 sumus
978 2147 1256 2212 pastores.
1289 2143 1401 2198 Per
1430 2142 1728 2197 Christum
1767 2141 1924 2196 enim
1957 2158 2050 2197 re-

398 2242 501 2298 ges
534 2233 801 2299 regnant,
835 2233 891 2283 et
922 2230 1151 2301 tyranni
1182 2230 1242 2286 in
1288 2235 1442 2288 terra
1488 2231 1885 2287 dominantur.
1919 2233 2048 2303 Ipse

403 2334 636 2390 quoque
665 2319 929 2376 Christus
952 2321 1125 2379 hodie
1147 2322 1385 2393 quidem
1407 2322 1513 2378 tibi
1535 2323 1694 2379 dedit
1715 2322 2046 2394 imperium,

403 2409 637 2465 etiamsi
669 2412 1013 2482 apparueris
1048 2412 1311 2483 ingratus
1341 2412 1400 2468 in
1434 2413 1893 2483 benefactorem;
1923 2429 2049 2468 cras

393 2501 589 2556 autem
641 2499 801 2555 dabit
845 2499 964 2556 alii.
999 2505 1071 2558 Es
1098 2503 1253 2557 enim
1305 2503 1478 2559 unius
1523 2503 1660 2569 diei,
1693 2509 1751 2559 et
1778 2503 1902 2574 ipse
1930 2502 2049 2558 im-

398 2604 572 2660 peras
629 2587 722 2655 iis,
756 2589 853 2660 qui
899 2594 1040 2646 sunt
1088 2592 1262 2646 unius
1293 2592 1428 2648 diei.
1465 2590 1553 2647 Illi
1585 2597 1779 2648 autem
1828 2599 1914 2648 est
1959 2607 2046 2648 re-

391 2693 579 2750 gnum
638 2682 942 2751 aaternum,
1000 2683 1059 2736 et
1115 2682 1263 2751 quod
1335 2697 1639 2754 nunquam
1711 2681 1888 2738 ﬁnem
1953 2697 2045 2737 ac-

389 2767 553 2839 cipit.

464 2946 612 3005 XIV.
692 2951 976 3019 Apostata
1049 2965 1180 3006 vero
1229 2967 1244 3008 :
1313 2951 1516 3025 Impia,
1576 2953 1634 3008 et
1689 2967 1724 3008 a
1778 2951 2044 3019 deorum,

387 3036 604 3107 inquit,
695 3036 883 3094 aliene
980 3038 1399 3110 benevolentia,
1502 3057 1636 3098 cum
1737 3042 2048 3098 hesternus

389 3124 468 3181 sit
520 3125 787 3182 Christus
843 3131 1003 3195 tuus,
1055 3132 1112 3183 et
1159 3129 1330 3186 unius
1387 3130 1525 3200 diei,
1571 3136 1627 3187 et
1674 3131 1746 3188 ab
1795 3132 2045 3204 Augusti

389 3215 636 3271 Caesaris
690 3222 947 3287 tempore
1003 3217 1331 3290 incmperit,
1373 3224 1500 3276 ate
1543 3237 1679 3293 ergo
1725 3221 1896 3277 hodie
1944 3238 2043 3277 rex

391 3311 642 3358 aeternus
698 3306 974 3360 creatur?
1019 3307 1238 3379 Martyr
1293 3313 1529 3364 autem:
1575 3311 1734 3374 Quod
1795 3312 1866 3366 ad
1926 3310 2042 3366 hu-

391 3394 737 3451 manitatem
772 3397 1008 3468 quidem
1029 3397 1257 3467 attinet,
1276 3398 1708 3474 inelfabilisque
1731 3407 1788 3457 et
1809 3403 2043 3457 inenar-

392 3484 600 3540 rabilis
631 3485 1108 3558 dispensationis,
1142 3505 1243 3545 seu
1277 3492 1470 3547 carnis
1501 3497 1805 3564 susceptm,
1838 3496 2045 3565 myste~

394 3573 574 3644 rium,
623 3575 707 3631 ita
763 3575 956 3646 habet,
1007 3594 1039 3633 ο
1096 3577 1431 3651 imperator.
1479 3583 1672 3649 Quoad
1729 3598 1860 3638 vero
1917 3581 2043 3652 ejus

393 3663 674 3732 divinam,
733 3673 788 3722 et
857 3681 982 3737 quae
1053 3673 1144 3724 est
1217 3673 1352 3724 ante
1419 3669 1654 3740 saecula,
1714 3671 2042 3743 generatio-

393 3772 551 3825 nem,
612 3755 844 3812 nullum
921 3757 1245 3815 invenietur
1323 3763 1555 3832 tempus
1628 3776 1690 3817 ea
1762 3760 2042 3816 anterius.

392 3848 717 3917 Imperator
802 3850 1023 3916 autem,
1112 3849 1456 3906 existimans
1536 3857 1840 3924 martyrem
1922 3865 2047 3906 esse

393 3938 676 4006 agrestem
734 3937 1090 4008 quempiam,
1153 3943 1210 3992 et
1266 3938 1431 3994 nulla
1488 3939 1796 4011 praeditum
1855 3940 2046 3995 erudi-

393 4025 573 4093 tione,
606 4023 859 4080 irridens
904 4027 1125 4097 inquit:
1170 4027 1331 4082 Tuus
1375 4043 1512 4099 ergo
1559 4029 1838 4096 Christus,
1874 4045 1904 4084 ο
1938 4027 2046 4083 mi-

395 4129 506 4180 ser,
546 4112 637 4168 bis
689 4113 801 4168 fuit
857 4114 1215 4186 generatus?
1260 4116 1320 4170 Si
1374 4132 1508 4171 vero
1567 4123 1869 4188 pmpterea
1925 4117 2048 4188 glo-

399 4201 591 4268 riaris,
626 4207 766 4258 sunt
795 4203 971 4259 etiam
1002 4205 1155 4275 apud
1188 4205 1413 4261 Graecos
1450 4206 1560 4261 viri
1600 4205 2046 4278 sapientissimi,

399 4307 516 4347 non
548 4289 736 4346 solum
771 4289 883 4358 bis,
914 4293 1016 4348 sed
1065 4293 1240 4349 etiam
1273 4298 1361 4349 ter
1390 4295 1589 4367 geniti.
1625 4294 1768 4352 Nam
1814 4299 1871 4350 et
1899 4294 2053 4351 Mer-

402 4380 622 4450 curius,
658 4383 1004 4453 cognomine
1055 4384 1494 4457 Trismegistus,
1541 4394 1626 4441 ter
1682 4388 1839 4442 venit
1888 4403 1950 4442 se
1992 4386 2051 4442 in

404 4473 624 4528 mundo
675 4473 1006 4543 ostendens,
1042 4477 1330 4543 quomodo
1370 4480 1609 4531 narrant
1647 4477 1773 4546 ejus
1817 4476 1968 4532 sacri
1998 4479 2055 4533 et

2141 521 2310 579 πλέον
2360 524 2495 578 κατὰ
2559 525 2914 599 Χριστιανῶν,
2978 521 3068 578 καὶ
3138 521 3334 585 αὐτοὺς
3408 522 3668 598 ἐκτρίψαι
3731 523 3804 583 εἰς

2147 611 2310 674 τέλος
2369 610 2843 686 διαπειλούμενος.
2897 611 3148 677 Ἐλθόντι
3190 617 3481 688 τοιγαροῦν
3558 617 3642 683 τῷ
3711 633 3807 666 τυ-

2149 700 2324 773 ράννῳ
2386 699 2524 754 κατὰ
2578 701 2676 768 τήν
2726 701 3086 775 Ἀντιόχειαν,
3145 701 3234 754 καὶ
3291 701 3428 774 πρὸς
3482 705 3602 761 τοῖς
3644 701 3804 773 βασι-

2145 788 2316 851 λείοις
2351 786 2523 843 οἷ’κοις
2555 790 3051 861 κατασκηνώσαντι,
3082 788 3171 844 καὶ
3223 790 3300 862 μὴ
3351 787 3408 844 δὲ
3455 790 3594 865 πρὸς
3659 789 3805 860 ἡμέ-

2147 903 2239 957 ραν
2277 882 2396 958 βίαν
2446 881 2785 957 σχολάσαντι
2835 886 3229 959 προσήχθησαν
3279 883 3428 956 αὐτῷ
3461 881 3651 957 ὥσπερ
3695 880 3801 936 ἐπέ

2144 994 2291 1036 τινος
2355 971 2816 1049 παραγγέλματος
2889 969 3293 1044 διαϐληθέντες,
3374 973 3632 1047 Εὖγένιος
3711 972 3802 1025 καὶ

2149 1062 2449 1138 Μακάριος,
2531 1066 2632 1117 τοῦ
2711 1059 3104 1138 πρεσϐυτερίου
3161 1070 3262 1131 τῆς
3339 1061 3390 1117 έν
3478 1061 3805 1135 Ἀντιοχείᾳ

2149 1151 2475 1222 Ἐκκλησίας
2506 1151 2596 1206 καὶ
2629 1152 2784 1207 αὖτοξ
2821 1148 2988 1227 μέρος
3036 1153 3419 1227 τυγχάνοντες,
3469 1150 3563 1214 οῦς
3606 1150 3808 1212 εὐθέως

2149 1238 2658 1316 ’παραστησάμενος⁸
2719 1239 2876 1305 Τίνες
2930 1239 3070 1312 ἐστὲ,
3127 1236 3379 1318 ἔφηκαὶ
3435 1239 3555 1296 τίνα
3585 1237 3655 1310 δή
3700 1260 3807 1293 που

2195 1331 2209 1348 ἢ
2306 1327 2322 1348 )
2471 1331 2483 1345 ι
2654 1330 2667 1348 \
2775 1331 2789 1348 ἱ
2870 1330 2884 1348 ῒ
3038 1329 3062 1348 ἢ
3275 1325 3298 1349 ’θ
3597 1329 3611 1346 9
3671 1330 3683 1346 f

2149 1352 2248 1398 την
2299 1351 2524 1404 αγωγην
2579 1351 2670 1384 και
2735 1352 2798 1386 το
2867 1333 3205 1404 επιτήοευμα
3273 1349 3480 1405 εχετες
3542 1333 3804 1402 Ευγενιος

2151 1416 2274 1498 ἔφη’
2343 1420 2660 1494 Χριστιανοί
2715 1418 2899 1492 ἐσμεν,
2955 1419 3045 1474 καὶ
3095 1426 3194 1490 τῆς
3263 1419 3503 1494 Χριστοῦ
3553 1419 3807 1492 ποίμνης

2151 1507 2456 1584 ἆγελάρχαι
2505 1507 2870 1585 τυγχάνομεν,
2927 1514 3087 1564 τοῦτο
3149 1509 3271 1584 βίος
3326 1512 3462 1581 ἡμῖν
3517 1510 3608 1563 καὶ
3654 1511 3806 1585 τ’ὂχη

2150 1599 2238 1652 καὶ
2302 1595 2656 1672 ἐπιτήδευμα.
2711 1600 2817 1655 Καὶ
2867 1600 2896 1654 ’ὁ
2941 1598 3218 1674 βασιλεὺςο
3281 1601 3392 1656 Ποῦ
3439 1599 3619 1654 τοίνυν
3657 1597 3806 1652 έστῖν

2153 1687 2217 1757 ἣν
2250 1687 2405 1760 ὑμεῖς
2451 1709 2582 1764 φατε
2619 1692 2715 1744 τοῦ
2753 1692 2991 1764 Χριστοῦ
3022 1688 3257 1763 ποίμνην
3285 1711 3298 1759 ς
3332 1689 3430 1743 Καὶ
3461 1690 3488 1743 6
3520 1688 3806 1762 Εὐγένιος⁸

2075 1819 2128 1884 Β
2155 1781 2307 1836 Πᾶσα
2405 1778 2724 1852 οὶκουμένη,
2760 1780 2893 1849 ὅσην
2921 1800 2979 1834 τε
3007 1777 3170 1848 ⁴ἥλιος
3219 1777 3407 1858 ἐφορᾷ,
3440 1779 3530 1833 καὶ
3561 1779 3686 1834 ὅσοι
3721 1776 3811 1832 ἐπὶ

2155 1869 2357 1941 ταύτης
2423 1871 2554 1926 εἷ’σῖν
2625 1870 2920 1947 ἄνθρωποι.
2980 1873 3082 1929 Καὶ
3141 1874 3168 1927 ὁ
3229 1870 3545 1934 Ἰουλιανός.
3607 1873 3815 1946 τημεῖς

2158 1964 2213 2022 δέ
2241 1965 2401 2022 τίνων
2459 1963 2700 2041 ἄρχομεν
2734 1963 2822 2019 καὶ
2863 1963 3021 2019 τίνων
3069 1960 3426 2036 βασιλεῦομεν
3461 1963 3732 2038 σήμερον,
3766 1959 3814 2012 ὦ

2155 2055 2508 2129 ταλαίπωρον
2562 2053 2624 2107 σύ
2685 2054 2774 2108 καὶ
2834 2049 3097 2126 δυστυχές
3151 2051 3476 2125 ἀνθρώπιον,
3537 2050 3580 2103 εἰ
3674 2046 3813 2118 ὅσην

2157 2143 2313 2214 ἧλιοι
2362 2145 2530 2221 έιρορᾷ
2575 2150 2679 2220 γῆν
2723 2143 2751 2198 6
2803 2143 3034 2216 Χριστὸς
3088 2143 3325 2214 ποίμνην
3368 2142 3628 2210 κέκτηται
3656 2159 3672 2208 ;
3705 2142 3813 2197 Καὶ

2159 2235 2186 2290 ὁ
2249 2235 2473 2308 μάρτυς·
2529 2239 2636 2302 Τῆς
2696 2231 2891 2301 αὐτῆς,
2926 2231 2970 2285 ὦ
3028 2229 3274 2305 βασιλεῦ,
3316 2230 3557 2303 ποίμνης
3611 2251 3676 2284 τε
3719 2230 3812 2285 καὶ

2159 2321 2357 2398 ἀγέλης
2416 2323 2740 2390 έπιστατεῖς,
2778 2324 2951 2397 ἧσπερ
3021 2319 3087 2390 δὴ
3146 2321 3236 2375 καὶ
3287 2322 3451 2392 ἡμεῖς
3495 2318 3812 2398 ἀγελαρχαι

2157 2413 2526 2489 τυγχάνομεν
2562 2408 2629 2466 δι’
2679 2409 2843 2465 αὐτοῦ
2891 2410 2992 2484 γὰρ
3047 2408 3290 2483 βασιλεῖς
3335 2409 3689 2485 βασιλεύουσι
3719 2408 3810 2463 καὶ

2156 2504 2404 2578 τῦραννοι
2463 2505 2720 2573 κρατοῦσι
2767 2507 2893 2576 γῆς.
2927 2499 3024 2554 Καὶ
3073 2499 3233 2562 αὐτός
3292 2520 3377 2554 σοι
3417 2500 3480 2554 τὸ
3523 2499 3808 2574 βασίλειον

2157 2588 2358 2671 δέδωκε
2414 2591 2678 2664 σήμερον,
2734 2586 2830 2644 κᾶν
2879 2588 3037 2650 αὐτὸς
3086 2587 3346 2663 ἁχάριτος
3402 2589 3523 2662 περὶ
3579 2589 3675 2642 τὸν
3729 2588 3810 2642 εὗ-

2156 2681 2374 2756 εργέτην
2438 2678 2661 2754 ἐφάνης·
2731 2675 2918 2752 αῦριον
2988 2674 3046 2732 δὲ
3122 2675 3290 2732 πάλιν
3365 2677 3532 2752 ἑτέρῳ
3615 2675 3807 2736 δώσει,

2154 2768 2481 2848 Ἐιρημέρων
2514 2767 2705 2844 ἄρχεις
2736 2767 2918 2836 αὐτὸς,
2950 2771 3028 2838 τῷ
3073 2765 3129 2822 δὲ
3176 2769 3210 2837 ἡ
3255 2765 3504 2843 βασιλεία
3559 2768 3807 2829 αἰώνισς.

2153 2861 2246 2915 καὶ
2277 2860 2443 2934 πέρας
2484 2855 2745 2914 οὐδέποτε
2777 2854 3077 2933 δεχομένη.

2225 2953 2322 3008 IA‘.
2356 2949 2454 3003 Καὶ
2506 2950 2534 3004 6
2592 2943 2931 3022 παραϐάτης·
2995 2947 3207 3005 Ἀνόσιε
3233 2946 3323 3002 καὶ
3373 2953 3472 3017 τῆς
3507 2951 3614 3004 τῶν
3670 2953 3807 3012 θεῶν

2155 3038 2405 3114 εὐμενίας
2439 3037 2719 3113 ἀλλότριε,
2752 3038 2944 3113 χθιζὸς
2974 3034 3046 3092 ὥν
3091 3037 3119 3092 6
3149 3037 3238 3099 σὸς
3278 3037 3506 3113 Χριστὸς
3537 3040 3626 3092 καὶ
3669 3037 3813 3114 ἐφή-

2159 3150 2345 3205 μερος,
2388 3129 2494 3182 ἀπὸ
2532 3132 2638 3183 τῶν
2711 3127 3030 3202 Αὐγούστου
3095 3147 3155 3181 τε
3251 3128 3516 3203 Καίσαρος
3586 3129 3808 3204 χρόνων

2076 3191 2472 3292 Οᾶρξάμενος,
2542 3217 2762 3279 αἰώνιος
2833 3214 3088 3290 βασιλεὺς
3149 3215 3253 3271 ὐπὸ
3323 3220 3420 3271 σοῦ
3485 3216 3809 3290 κεχειροτό-

2145 3329 2303 3380 νηται
2365 3309 2646 3381 σήμερονς
2706 3307 2805 3361 Καὶ
2864 3306 2892 3361 6
2954 3304 3178 3381 μάρτυς·
3241 3306 3368 3376 Ναὶ,
3419 3307 3555 3359 κατὰ
3604 3305 3702 3378 μὲν
3745 3307 3807 3360 τὸ

2149 3399 2487 3472 ἀνθρώπινον
2521 3397 2611 3451 καὶ
2661 3397 2726 3451 τὸ
2791 3403 2890 3465 τῆς
2940 3396 3215 3472 ἀφράστου
3252 3395 3344 3449 καὶ
3399 3394 3643 3470 ἀρῥήτου
3703 3395 3803 3448 αὖ-

2147 3492 2244 3542 τοῦ
2295 3486 2606 3560 οἰκονομίας
2669 3487 2993 3560 μυστήριον,
3053 3483 3234 3540 εἷ’τουν
3273 3486 3563 3560 σαρώσεως
3619 3485 3802 3546 οὕτως

2149 3573 2290 3652 ἔχει,
2351 3573 2599 3650 βασιλεῦ,
2662 3574 2774 3630 ἐπεὶ
2845 3574 2981 3630 κατὰ
3048 3576 3149 3644 τὴν
3230 3573 3372 3628 Θείαν
3455 3575 3624 3629 αὐτοῦ
3708 3575 3803 3629 καὶ

2149 3666 2477 3740 προάιώνιον
2529 3666 2774 3740 γέννησιν
2833 3661 3012 3725 οὐδείς
3081 3665 3426 3739 εὑρεθήσεται
3483 3663 3685 3742 χρόνος
3773 3665 3802 3718 6

2149 3756 2354 3826 ταύτης
2390 3755 2701 3832 ὑπέρτερον.
2735 3753 2836 3812 Καὶ
2873 3755 2901 3808 6
2945 3751 3219 3828 βασιλεὺς,
3250 3753 3481 3826 νομίσας
3537 3752 3803 3830 ἄγροικον

2154 3843 2468 3915 εἶναίξτινα
2521 3847 2613 3900 τὸν
2667 3848 2764 3899 τοῦ
2831 3845 3067 3919 Χριστοῦ
3120 3844 3365 3918 μάρτυρα
3427 3842 3517 3898 καὶ
3581 3841 3804 3905 παιδίας

2154 3936 2454 4011 ἀμέτοχον,
2480 3931 2858 4010 διαχλευάζων
2891 3931 3043 4010 φησί’
3087 3932 3204 3990 Οὐκ
3228 3931 3346 4002 οῦν,
3380 3931 3426 3986 ὦ
3465 3929 3806 4006 ταλαίπωρε,

2157 4025 2184 4080 ὁ
2240 4025 2470 4100 Χριστός
2518 4045 2616 4079 σου
2669 4021 2752 4085 δὶς
2815 4022 2917 4098 ἄρα
2973 4024 3316 4100 γεγέννηται,
3363 4022 3455 4078 καὶ
3497 4021 3585 4077 ἐπὶ
3625 4022 3805 4095 τούτῳ

2154 4115 2491 4188 κομπάζεις;
2524 4113 2644 4170 Εἰσὶ
2676 4111 2765 4168 καὶ
2798 4113 2926 4188 παρ’
2954 4110 3227 4182 ’Ἓλλησιν
3259 4109 3446 4186 ἄνδρες
3474 4112 3804 4186 σοφώτατοι,

2158 4205 2222 4259 οὐ
2260 4204 2422 4277 μόνον
2474 4199 2558 4265 δὶς
2604 4203 2971 4278 γεννηθέντες,
3027 4199 3172 4257 ἆλλᾶ
3219 4200 3308 4256 καὶ
3355 4201 3514 4276 τρίς·
3558 4200 3676 4256 ὅτε
3705 4205 3802 4276 γὰρ

2159 4294 2368 4370 Ἐρμῆς
2401 4294 2428 4347 ὁ
2476 4292 2870 4367 Τρισμέγιστος
2918 4288 3376 4363 ἐπικαλούμενος,
3417 4290 3605 4364 τρίτον
3638 4290 3805 4359 ἦλθεν

2161 4383 2237 4446 είς
2276 4383 2481 4455 κόσμον
2507 4381 2690 4436 ἑαυτὸν
2733 4378 3054 4449 ἐπιδεικνὺς,
3105 4380 3284 4441 καθὼς
3349 4380 3404 4434 αἱ
3459 4381 3601 4454 ἱεραὶ
3640 4379 3805 4435 αὐτοῦ

2159 4474 2248 4527 καὶ
2318 4471 2613 4545 θαυμάσιαι
2683 4466 2869 4545 βίϐλοι
2929 4467 3330 4546 διαγορεῦουσι,
3386 4469 3476 4524 καὶ
3525 4467 3614 4524 διὰ
3641 4474 3800 4525 τοῦτο

405 4559 738 4618 admirandi
767 4560 940 4630 libri;
974 4567 1030 4618 et
1063 4562 1192 4618 ideo
1227 4564 1567 4620 nominatur
1607 4565 2047 4637 Trismegistus,

2163 4561 2562 4638 Τρισμέγιστος
2591 4562 2939 4634 ὀνομάζεται,
2971 4560 3181 4634 ὁμοίως
3231 4557 3289 4616 δέ
3324 4559 3412 4616 καὶ
3468 4557 3805 4636 Πυθαγόρας,

403 4650 464 4706 id
514 4652 619 4720 est,
675 4653 762 4705 ter
821 4650 1131 4706 maximus.
1180 4650 1458 4708 Similiter
1516 4656 1713 4709 autem
1770 4653 2054 4725 Pythago-

2163 4653 2191 4707 6
2228 4653 2424 4708 τούτου
2463 4651 2805 4727 Μνησάρχου
2836 4650 3237 4724 υἱὸς,ίΣάμιος.

407 4757 523 4807 ras,
554 4739 654 4810 qui
690 4739 800 4795 hoc
836 4740 945 4795 fuit
983 4740 1281 4811 posterior,
1331 4743 1456 4814 ipse
1496 4758 1725 4814 quoque
1763 4747 1850 4800 ter
1891 4743 2048 4800 venit
2096 4744 2152 4800 in
2212 4745 2414 4812 vitam,
2463 4747 2527 4799 ut
2583 4743 2681 4815 qui
2738 4741 2926 4813 primo
2985 4741 3221 4812 quidem
3275 4740 3449 4797 fuerit
3503 4741 3810 4799 nauclerus

409 4829 734 4902 Egyptius,
786 4829 994 4885 deinde
1071 4831 1437 4904 Euphorbus,
1496 4833 1566 4889 de
1624 4849 1738 4905 quo
1799 4833 2068 4890 meminit
2115 4833 2437 4904 Homerus;
2482 4836 2776 4906 postremo
2828 4836 3022 4889 autem
3068 4833 3446 4904 Pythagoras,
3487 4829 3810 4889 Mnesarchi

412 4919 590 4988 filius,
623 4919 875 4974 Samius.

485 5008 602 5065 XV.
638 5009 856 5080 Martyr
886 5015 1081 5068 autem
1115 5012 1368 5069 suaviter
1399 5013 1650 5070 irridens
1685 5029 1872 5087 nugas
1906 5013 2061 5072 docti

413 5099 805 5170 imperatoris,
891 5104 947 5157 et
1028 5101 1344 5173 impiorum
1430 5103 1734 5175 gentilium
1817 5103 2063 5161 stultilo-

413 5188 738 5258 quentiam,
789 5190 1127 5260 conjectans
1181 5194 1374 5247 autem
1425 5197 1736 5263 tyrannum
1795 5209 1898 5265 per
1939 5191 2062 5248 haec

410 5277 586 5333 verba
676 5279 872 5335 conari
968 5280 1210 5336 irridere
1302 5281 1517 5338 Christi
1607 5282 2060 5356 generationem,

413 5381 546 5420 cum
625 5383 840 5439 magna
910 5369 1210 5427 severitate
1290 5370 1342 5427 ei
1413 5371 1560 5428 dixit
1614 5377 1670 5428 et
1724 5371 2057 5428 nobilitate:

419 5453 734 5525 Oportebat
818 5473 923 5513 nec
1007 5458 1114 5514 tibi
1189 5459 1426 5531 quidem
1503 5460 1742 5517 omnino
1827 5477 2065 5533 respon-

412 5545 565 5612 dere,
623 5560 657 5600 o
715 5543 1111 5617 iniquissime,
1172 5565 1277 5604 nec
1334 5553 1392 5605 te
1457 5549 1578 5606 ulla
1651 5549 1878 5622 dignari
1934 5549 2065 5607 allo-

413 5632 672 5706 cutione,
706 5635 806 5693 sed
867 5639 1105 5709 propter
1158 5653 1307 5707 eam,
1351 5654 1478 5711 qua
1519 5639 1706 5710 adest,
1738 5637 2063 5696 multitudi-

2242 5013 2344 5070 IE'.
2405 5012 2510 5069 Καὶ
2612 5012 2640 5067 6
2720 5012 2946 5088 μάρτυς,
3033 5007 3137 5082 ὴδυ
3233 5030 3286 5066 τι
3384 5008 3641 5086 γελάσας,
3709 5013 3813 5066 τῶι

2167 5101 2574 5176 κομψευμάτων
2626 5105 2722 5157 τοῦ
2772 5105 2941 5180 σοφοῦ
3011 5097 3303 5176 βασιλέως,
3371 5100 3461 5154 καὶ
3546 5106 3649 5169 τῆς
3715 5101 3816 5155 τῶν

2170 5186 2380 5246 ἀσεϐῶν
2439 5189 2720 5261 Ἑλλήνων
2794 5189 3170 5266 μωρολογίας,
3234 5190 3541 5259 ὑπονοήςας
3599 5185 3656 5243 δὲ
3728 5189 3816 5244 τόν

2167 5279 2429 5356 τύραννον
2465 5282 2566 5351 τήν
2613 5283 2710 5335 τοῦ
2761 5280 2994 5354 Χριστοῦ
3043 5277 3293 5354 γέννησιν
3325 5276 3414 5334 διὰ
3443 5298 3656 5333 τουτων
3716 5283 3818 5334 τῶν

2171 5369 2433 5447 ῥημάτων
2481 5367 2770 5445 χλευάζειν
2818 5366 2926 5439 ἤδη
2973 5369 3336 5443 πειρώμενον,
3387 5363 3491 5443 ἔφη
3541 5366 3683 5440 πρὸς
3722 5367 3818 5423 αὖ·

2173 5459 2268 5513 τὸν
2313 5459 2449 5532 μετὰ
2495 5455 2716 5528 πολλῆς
2773 5463 2874 5527 τῆς
2932 5456 3228 5532 αὐστηρίας
3273 5457 3365 5512 καὶ
3411 5455 3819 5532 γενναιότητος.

2171 5545 2321 5606 Ἔδει
2351 5549 2450 5619 τὴν
2481 5547 2662 5624 ἀρχὴν
2691 5547 2765 5621 μή
2799 5544 2858 5602 δὲ
2905 5547 3294 5623 ἀποκρίνασθαί
3341 5567 3447 5617 σοι,
3489 5565 3824 5621 παρανομω-

2172 5659 2315 5710 τατε,
2383 5639 2459 5713 μή
2521 5635 2578 5694 δὲ
2613 5642 2714 5709 τῆς
2775 5633 2890 5700 οἷάς
2937 5634 3030 5694 οῦν
3105 5634 3412 5713 ἀπολογίας
3465 5637 3824 5710 καταξιῶσαι,
