4012 6220
217 320 373 382 H77

1417 320 1913 386 MARTYRIUM
1958 323 2025 384 S.
2070 323 2418 384 ARTEMII.

3466 328 3622 426 1178

214 483 362 540 ἀλλᾶ
392 482 482 539 διὰ
509 484 602 539 τὸν
645 487 964 558 παρεστῶτα
994 481 1168 559 ὅχλον
1206 483 1291 539 ὅτι
1338 491 1438 553 τῆς
1478 488 1576 539 τοῦ
1625 485 1864 558 Χριστοῦ

1996 500 2133 550 nem,
2188 485 2466 556 quoniam
2527 484 2852 556 complures
2904 504 2971 543 ex
3022 488 3096 544 iis
3153 493 3290 546 sunt
3335 489 3404 545 de
3449 505 3625 562 grege

214 577 457 648 ποίμνης
506 575 557 630 οἱ
612 573 836 636 πλείους
897 573 1073 629 αὐτῶν
1130 575 1518 654 τυγχάνουσιν,
1564 575 1718 629 εἷπον
1770 575 1868 628 ὅσα

217 663 284 733 δή
319 664 613 732 εἷπον,καῖ
670 667 762 717 νῦν
826 662 910 718 ἐπ’
969 662 1145 738 ὀλίγω
1203 663 1333 737 ἐρῶ,
1363 671 1464 733 τῆς
1523 664 1697 718 αὐτῶν
1767 685 1867 734 κη·

216 749 451 826 δόμενος
511 751 806 828 σωτηρίας,
867 751 952 808 ὅτι
1009 753 1099 807 τὸν
1251 751 1450 808 ἄνωθεν
1479 754 1568 806 καὶ
1600 754 1704 828 πρὸ
1736 750 1870 806 πολι

216 839 330 896 λῶν
351 847 548 918 γενεῶν
580 841 632 896 οὶ
676 848 953 919 προφῆται
1018 840 1488 919 προκατήγγειλαν
1533 843 1624 896 καὶ
1680 839 1871 897 πολλᾶ

221 939 322 1000 τῆς
367 931 666 1006 παρουσίας
715 933 884 986 αύαού
950 933 1020 987 τὰ
1079 932 1369 1008 μαρτύρια,
1411 925 1471 986 ἐκ
1512 953 1570 986 τε
1599 937 1705 987 τῶν
1740 934 1870 1007 παρ’

225 1022 352 1094 ὑμῖν
395 1025 668 1096 χρησμῶν
698 1019 789 1076 καὶ
841 1020 891 1090 ἐξ
927 1022 1101 1076 αὐτῶν
1153 1027 1262 1077 τῶν
1320 1017 1651 1086 Σιϐιλλείων
1691 1041 1871 1096 γραμ-

216 1112 425 1184 μάτων.
483 1113 582 1166 Καὶ
638 1118 738 1180 τῆς
799 1111 1267 1184 ἐνανθρωπήσεως

211 1201 301 1256 ἐπὶ
359 1201 605 1276 σωτηρίᾳ
694 1200 1082 1271 καίάνακλήσει

1348 1113 1518 1166 αὐτοῦ
1585 1113 1620 1181 ἡ
1699 1111 1868 1179 αἰτία,

1185 1207 1294 1270 τῆς
1383 1205 1492 1256 τῶν
1569 1201 1868 1274 ἀνθρώπων

213 1289 535 1352 ἐκπτώσεως
574 1289 813 1366 γέγονεν’
859 1289 1034 1354 ἐλθὼν
1073 1291 1176 1367 γὰρ
1236 1289 1322 1345 ἐπὶ
1382 1298 1481 1360 τῆς
1546 1297 1647 1366 γῆς
1697 1295 1868 1344 πᾶσαν

225 1382 384 1434 νεῖσον
425 1379 674 1451 ἀπήλασε
701 1378 792 1434 καὶ
848 1383 1020 1436 πᾶσαν
1075 1379 1373 1453 μαλακίαν,
1406 1380 1494 1434 καὶ
1552 1377 1871 1454 παραδόξως

227 1468 303 1523 ἑνὶ
334 1468 542 1545 ῥήματι
581 1468 801 1543 νεκροὺς
834 1469 961 1544 ἤγεὶ
994 1489 1080 1542 ρεν
1111 1466 1409 1536 ὀδωδότας,
1439 1470 1501 1524 τὸ
1552 1466 1607 1524 δὲ
1655 1470 1869 1523 πάντων

225 1560 690 1633 θαυμασιώτερον,
785 1559 916 1631 ὑπὲρ
982 1565 1083 1629 τῆς
1150 1563 1244 1614 τοῦ
1318 1560 1529 1632 κόσμου
1607 1558 1876 1633 σωτηρίας

221 1648 406 1702 παθὼν
445 1648 508 1701 τὸ
567 1645 655 1702 διὰ
709 1652 940 1720 σταυροῦ
998 1649 1188 1717 πάθος,
1232 1649 1422 1718 ἀνέστη
1469 1649 1770 1723 τριήμερος
1815 1647 1874 1702 ἐκ

213 1741 322 1792 τῶν
384 1741 612 1814 νεκρῶν,
661 1737 763 1792 ὑπὸ
826 1737 1057 1813 μάρτυσι
1114 1738 1510 1805 πεντακοσίοις,
1567 1739 1657 1792 καὶ
1713 1758 1875 1812 στρα-

223 1829 441 1880 τιωτῶν
491 1826 874 1901 φρουρούντων
928 1827 1094 1882 αὐτοῦ
1146 1831 1238 1884 τὸν
1289 1825 1598 1904 τάφον,’ίνα
1648 1830 1723 1901 μὴ
1760 1830 1871 1902 σχῇ
1905 1862 1959 1927 Β

219 1916 461 1994 χώρανό
500 1917 602 1985 τήν
643 1916 930 1972 ἀνάστασιν
979 1917 1146 1973 αὐτοῦ
1204 1920 1606 1996 συκοφαντῆσαι
1672 1915 1872 1991 βουλό-

221 2025 403 2078 μενος,
453 2004 543 2059 καὶ
598 2005 827 2068 ἀναστάς
868 2005 925 2060 ἐγ
973 2011 1174 2082 νεκρῶν
1220 2003 1376 2085 ὤφθη
1425 2013 1541 2070 τοῖς
1606 2008 1872 2080 μαθηταῖς

224 2091 408 2163 αὐτοῦ,
440 2093 521 2170 ἐφ’
586 2094 744 2157 ’ὀλαις
788 2095 1187 2172 τεσσαράκοντα
1243 2095 1475 2174 ἡμέραις
1541 2098 1654 2169 μετ’
1686 2096 1874 2171 {ws-.5»

225 2186 807 2264 συναναστρεφόμενος,
865 2187 954 2241 καὶ
1026 2187 1276 2260 ὁρώντων
1361 2186 1536 2242 αὐτῶν
1589 2186 1678 2241 καὶ
1751 2185 1877 2261 βλε-

233 2273 445 2328 πόντων
504 2273 580 2336 εἷς
641 2275 905 2348 οὐρανοὺς
963 2274 1268 2350 ἀνελήφθη,
1355 2277 1454 2344 τήν
1538 2280 1635 2330 τοῦ
1722 2275 1878 2350 ἁγίου

228 2362 540 2437 Πνεύματος
598 2361 802 2439 δωρεάν
870 2365 960 2420 καὶ
1021 2363 1246 2440 δύναμιν
1293 2367 1510 2426 τούτοις
1568 2365 1876 2436 ἐξαποστεί-

226 2451 350 2524 λας,
405 2451 546 2508 ὥστε
601 2453 690 2508 καί
749 2454 1032 2531 γλώσσαις
1079 2453 1389 2530 ἀλλογενῶν
1448 2453 1876 2532 ἂποφθέγγεσθαι

223 2541 315 2596 καὶ
373 2542 449 2615 μὴ
510 2541 698 2620 χρείαν
757 2539 905 2620 ’ἐχειν
958 2547 1055 2598 τοῦ
1104 2543 1513 2617 ἐρμηνεύοντος*
1546 2542 1730 2598 ἐλάλει
1776 2545 1878 2620 γὰρ

223 2629 274 2686 ἐν
306 2631 490 2692 αὐτοῖς
547 2632 609 2686 τὸ
671 2633 894 2706 Πνεῦμα
949 2633 1011 2688 τὸ
1052 2633 1226 2709 ἅγιον,
1266 2632 1356 2688 καὶ
1409 2634 1474 2688 τά
1521 2631 1708 2708 πόρῥω
1752 2631 1882 2709 βλέ-

223 2741 342 2774 πειν
401 2718 605 2788 ἐδίδου,
654 2721 744 2776 καὶ
793 2721 1152 2798 προφητεύειν
1207 2723 1274 2776 τά
1334 2721 1627 2797 μέλλοντα·
1681 2719 1880 2785 οἵτινες

225 2807 534 2879 ἐξελθόντες
592 2807 852 2884 ἐκηρύξαν
914 2810 1077 2866 αὐτοῦ
1130 2816 1435 2890 πανταχοῦ,
1501 2809 1668 2885 μηδὲν
1703 2810 1883 2892 ἐπιφε-

230 2897 474 2973 ρόμενοι,
523 2899 557 2969 ἢ
605 2900 768 2972 μόνον
811 2900 910 2969 τὴν
967 2899 1131 2956 αὐτοῦ
1189 2902 1418 2976 ἀόρατον
1480 2898 1728 2975 δύναμιν,
1784 2902 1883 2957 οὐκ

231 2985 427 3042 ἀσπίδα
456 2988 547 3042 καὶ
592 2985 722 3064 δόρυ
769 2993 858 3044 καί
910 2989 1062 3067 ξίφος
1111 2990 1458 3070 κατέχοντες,
1492 2990 1638 3047 ἀλλά
1684 2993 1881 3067 γυμνοὶ

228 3078 318 3131 καὶ
381 3074 584 3132 ἄοπλοι
636 3079 727 3132 καὶ
787 3075 1034 3150 πένητες,
1093 3080 1183 3135 καὶ
1265 3082 1439 3136 πάντα
1503 3082 1595 3136 τὸν
1676 3082 1884 3155 κόσμον

230 3165 566 3242 ἐξώγρησαν,
635 3167 858 3243 νεκροὺς

948 3168 1263 3244 ἐγείροντες,
1342 3169 1582 3246 λεπροὺς
1655 3173 1884 3243 καθαρί-

1979 576 2205 642 Christi,
2240 575 2358 632 dixi
2415 592 2780 648 quaecunque
2831 579 3053 645 dixi,et
3103 597 3259 636 nunc
3308 581 3484 637 etiam
3534 582 3624 635 di-

1979 681 2106 720 cam
2165 681 2497 736 parumper,
2557 682 2756 721 curam
2827 681 3034 738 gerens
3102 685 3298 725 eorum
3376 669 3622 725 salutis:

1979 754 2274 810 Christum
2308 755 2380 809 ab
2414 753 2531 809 alto
2579 758 2930 826 repetentes,
2967 756 3166 812 multis
3219 762 3349 813 ante
3397 757 3625 815 smculis

1980 845 2274 915 prophetas
2306 845 2468 916 prius
2500 844 2944 914 annuntiarunt,
2978 845 3279 918 multaque
3309 853 3449 902 sunt
3497 849 3628 919 ejus

1980 934 2265 989 adventus
2320 933 2676 1004 testimonia,
2708 939 2827 990 tam
2879 951 2945 990 ex
2987 936 3081 1002 iis,
3114 953 3240 1007 quae
3289 943 3428 993 sunt
3474 937 3631 1008 apud

1981 1040 2086 1078 nos
2145 1022 2417 1088 oraculis,
2477 1039 2651 1094 quam
2710 1040 2779 1079 ex
2825 1023 2968 1096 ipsis
3018 1027 3248 1097 scriptis
3304 1025 3625 1097 Sibyllinis.

1980 1113 2119 1183 Ejus
2151 1117 2344 1168 autem
2376 1117 2655 1184 susceptae
2687 1114 2878 1169 carnis
2907 1129 3078 1170 causa
3128 1114 3241 1170 fuit
3271 1119 3508 1186 propter
3539 1132 3629 1171 sa-

1980 1199 2160 1256 lutem
2220 1207 2277 1256 et
2336 1202 2763 1273 reparationem
2822 1203 3022 1274 lapsus
3090 1202 3419 1260 hominum.
3479 1205 3629 1261 Nam

1981 1306 2113 1345 cum
2162 1290 2420 1346 venisset
2454 1291 2508 1346 in
2544 1296 2778 1361 terram,
2811 1307 3036 1348 omnem
3089 1293 3354 1348 morbum
3407 1292 3631 1366 expulit

1982 1385 2038 1436 et
2095 1397 2329 1436 omnem
2390 1380 2795 1436 infirmitatem
2843 1398 2858 1437 :
2917 1387 2974 1437 et
3026 1383 3450 1438 admirabiliter
3516 1400 3632 1439 uno

1983 1471 2156 1526 verbo
2207 1471 2478 1527 excitavit
2526 1475 2808 1540 mortuos,
2841 1472 2936 1544 qui
2987 1473 3270 1529 fetebant.
3318 1473 3478 1539 Quod
3527 1490 3635 1528 au-

1982 1565 2098 1616 tem
2143 1565 2230 1616 est
2277 1560 2538 1616 omnium
2596 1561 2843 1618 maxime
2901 1562 3264 1630 admirabile,
3299 1579 3402 1634 pro
3445 1562 3634 1618 salute

1983 1651 2188 1706 mundi
2222 1667 2426 1723 passus
2457 1655 2704 1708 mortem
2753 1668 2856 1723 per
2885 1668 3136 1719 crucem,
3173 1652 3342 1708 tertio
3373 1651 3464 1707 die
3497 1669 3635 1708 sur-

1983 1739 2187 1795 rexita
2220 1741 2483 1808 mortuis,
2517 1741 2765 1796 testibus
2812 1741 2882 1796 iis
2931 1741 3238 1809 militibus,
3285 1741 3381 1812 qui
3433 1758 3634 1797 serva-

1983 1829 2125 1885 bant
2155 1830 2284 1900 ejus
2315 1829 2665 1902 sepulcrum,
2700 1835 2758 1886 et
2788 1829 3098 1902 plusquam
3150 1831 3487 1903 quingentis
3530 1832 3637 1886 ho-

1985 1918 2258 1988 minibus,
2292 1934 2364 1974 ne
2408 1919 2599 1974 locum
2662 1919 2894 1988 habeat,
2946 1920 3046 1990 qui
3108 1920 3231 1975 vult
3288 1919 3636 1975 calumniari

1985 2010 2114 2078 ejus
2146 2008 2655 2065 resurrectionem.
2682 2009 2747 2063 Et
2769 2025 2904 2066 eum
2936 2011 3339 2066 surrexisseta
3365 2009 3638 2075 mortuis,

1984 2099 2146 2154 visus
2196 2102 2284 2154 est
2331 2098 2456 2153 suis
2500 2097 2820 2170 discipulis,
2875 2103 3022 2156 totos
3070 2099 3454 2171 quadraginta
3510 2099 3633 2154 dies

1986 2205 2118 2244 cum
2148 2187 2232 2244 eis
2263 2204 2521 2255 versans,
2561 2187 2759 2260 eisque
2805 2187 3140 2244 videntibus
3190 2192 3246 2244 et
3294 2189 3635 2259 aspicienti-

1987 2278 2118 2344 bus,
2162 2277 2272 2332 t‘uit
2317 2282 2655 2349 assumptus
2686 2279 2745 2332 in
2783 2277 2979 2333 ccelos.
3008 2276 3266 2349 Denique
3309 2277 3394 2333 eis
3441 2277 3630 2333 sancti

1985 2368 2236 2438 Spiritus
2285 2368 2505 2424 donum
2555 2367 2790 2424 demisit
2819 2373 2877 2423 et
2905 2367 3204 2436 virtutem,
3248 2368 3391 2423 adeo
3444 2375 3504 2422 ul
3545 2366 3632 2423 lo-

1988 2461 2307 2528 querentur
2338 2456 2553 2526 linguis
2586 2455 3072 2527 alienigenarum,
3105 2463 3156 2511 et
3189 2473 3304 2512 non
3337 2473 3485 2528 opus
3526 2456 3633 2512 ha-

1987 2547 2186 2602 berent
2217 2545 2551 2618 interprete.
2587 2545 2962 2617 Loquebatur
3004 2547 3159 2603 enim
3193 2546 3253 2602 in
3284 2547 3366 2602 eis
3396 2555 3636 2602 sanctus

1989 2634 2256 2706 Spiritus,
2289 2639 2344 2691 et
2371 2635 2548 2690 dabat
2590 2634 2696 2700 eis,
2731 2639 2795 2691 ut
2825 2636 3105 2700 viderent,
3141 2653 3267 2707 quas
3299 2639 3462 2691 erant
3507 2652 3637 2706 pro-

1989 2724 2082 2781 cui
2139 2727 2383 2793 remota,
2437 2732 2490 2781 et
2542 2723 2740 2781 futura
2797 2724 3197 2796 praedicerent.
3243 2724 3350 2792 Qui
3400 2724 3637 2794 quidem

1989 2815 2228 2886 egressi,
2261 2814 2451 2884 ipsum
2507 2815 2725 2886 ubique
2774 2814 3180 2886 praedicarunt,
3213 2822 3266 2871 et
3299 2813 3443 2870 nihil
3485 2812 3636 2868 infe-

1991 2907 2204 2969 rentes,
2237 2906 2441 2975 praeter
2470 2902 2650 2959 solam
2697 2903 2822 2975 ejus
2873 2904 3169 2974 virtutem,
3203 2920 3330 2976 quae
3377 2918 3489 2958 non
3540 2917 3639 2958 ca-

1992 2995 2164 3051 debat
2197 2995 2311 3050 sub
2344 2999 2668 3066 aspectum,
2703 3010 2890 3067 neque
2918 2993 3211 3068 clypeum,
3245 2993 3508 3050 lanceam
3540 2996 3638 3049 aut

1991 3100 2191 3141 ensem
2235 3089 2539 3142 tenentes:
2573 3085 2674 3141 sed
2730 3086 2895 3154 nudi,
2937 3085 3214 3150 inermes,
3259 3087 3315 3139 et
3353 3099 3636 3156 pauperes

1994 3175 2281 3230 mundum
2314 3179 2588 3244 ceperunt
2620 3175 2974 3244 universum,
3007 3179 3272 3231 mortuos
3301 3174 3636 3240 excitantes,

234 3263 437 3327 ζοντες.
517 3256 776 3333 δαιμόνια
852 3257 1236 3322 ἐκϐάλλοντες.
1297 3264 1403 3318 Καὶ
1459 3266 1625 3318 ταῦτα
1697 3262 1878 3335 τίνες;

1996 3261 2252 3333 leprosos
2302 3263 2671 3331 mundanles,
2704 3263 2994 3318 daemonia
3039 3263 3358 3333 ejicientes.
3392 3261 3638 3326 Quinam

237 3346 414 3410 ἁλιεῖς
465 3347 556 3402 καὶ
608 3347 980 3424 ἀγράμματοι,
1030 3350 1118 3406 καὶ
1163 3358 1262 3422 τῆς
1297 3355 1395 3407 τοῦ
1442 3352 1654 3427 κόσμου
1694 3353 1882 3432 σοφίας

233 3435 528 3515 ἆμέτοχοι.

309 3525 405 3588 Ις’.
467 3524 573 3587 0'3;
631 3523 690 3580 δέ
757 3527 925 3590 αὐτὸς
1007 3531 1422 3606 παρεισήγαγες,
1512 3528 1885 3608 ἐπικερτομῶν

235 3616 335 3683 τὴν
385 3619 484 3670 τοῦ
538 3617 773 3692 Χριστοῦ
818 3619 1087 3694 γέννησιν,
1157 3619 1352 3695 ἄνδρας
1424 3621 1623 3699 σοφοὺς
1681 3643 1738 3676 τε
1796 3620 1886 3676 καὶ

237 3703 555 3780 θεολόγους,
597 3705 673 3767 ὡς
723 3711 814 3761 νῦν
877 3705 1121 3784 εἷ’ρηκας,
1171 3708 1335 3764 εἶκαὶ
1383 3707 1610 3783 δοίημεν
1645 3710 1886 3782 ίᾶληθῶς

235 3793 480 3868 γενέσθαι
538 3799 702 3850 τοῦτο
753 3796 814 3851 τὸ
863 3800 1266 3872 παραλήρημα,
1333 3798 1384 3854 τί
1417 3801 1760 3875 γεννηθέντες
1803 3798 1887 3862 δὶς

235 3886 329 3942 καὶ
421 3887 538 3961 τρὶς
632 3888 722 3942 καὶ
804 3888 1053 3964 τετράκις
1138 3891 1230 3946 τὸν
1297 3891 1505 3965 κόσμον
1572 3890 1885 3969 ὠφέλησαν,

238 3972 274 4043 ἤ
312 3973 475 4047 μέρος
505 3997 556 4032 τι
604 3981 712 4031 τῶν
763 3981 864 4032 τοῦ
894 3980 1106 4053 κόσμου
1143 3979 1335 4055 μικρὸν
1372 3982 1407 4051 ἢ
1435 3979 1772 4056 ἐλάχιστονξ
1805 3981 1888 4044 τίς

239 4065 299 4118 ἐκ
343 4069 455 4119 τῶΛ
512 4060 720 4121 ϐίϐλων
764 4068 970 4141 Ἑρμοῦ
1027 4090 1084 4124 τε
1131 4069 1220 4123 καὶ
1282 4071 1623 4148 Πυθαγόρου.
1671 4071 1891 4146 νεκροὺς

239 4151 707 4226 ἐζανέστησεν,ἢ
789 4153 1026 4232 λεπροὺς
1111 4156 1440 4234 ἐκαθάρισεν,
1507 4161 1541 4231 ἢ
1629 4158 1887 4234 δάίμονας

243 4243 546 4315 ἀπήλασεν,
580 4245 672 4308 οὖς
706 4246 862 4319 ὑμεῖς
905 4247 1266 4327 φεραπεύετε;
1298 4250 1463 4308 Ἀλλ’
1519 4253 1734 4324 Ἐρμῆς
1793 4251 1889 4325 μὲν

247 4333 276 4387 ὁ
375 4335 768 4410 Τρισμέγιστος
879 4339 968 4411 ὕφ’
1070 4339 1226 4412 ὓμῶν
1319 4341 1891 4416 προραγορευόμενος,

246 4421 546 4498 Αἰγύπτιος
600 4427 814 4504 γέγονεν
884 4426 1190 4502 ἄνθρωπος,
1238 4429 1327 4486 καὶ
1392 4432 1512 4494 τοὶς
1574 4431 1889 4507 Αἰγυπτίων

244 4511 438 4586 νόμοις
496 4517 736 4594 τραφεὶς,
799 4519 1027 4592 γυναῖκά
1082 4540 1141 4575 τε
1197 4521 1406 4595 γήμας,
1456 4519 1651 4584 παῖδας
1695 4520 1892 4594 ἔτεκεν,

1996 3357 2186 3407 autem
2217 3351 2336 3407 hazc
2371 3352 2630 3407 fecerunt
2651 3353 2676 3407 ‘2
2709 3351 3047 3417 Piscatores,
3080 3357 3139 3408 et
3182 3351 3367 3422 ignari
3413 3351 3638 3408 littera-

1996 3457 2138 3511 rum,
2166 3449 2220 3496 et
2250 3441 2350 3512 qui
2392 3441 2595 3497 mundi
2637 3442 2937 3512 sapientia:
2969 3458 3083 3497 non
3117 3446 3283 3497 erant
3315 3441 3638 3512 participes.

2066 3529 2214 3586 XVI.
2273 3533 2427 3594 Quos
2500 3534 2694 3588 autem
2769 3532 2892 3601 ipse
2965 3529 3271 3600 induxisti,
3332 3528 3643 3585 ludiﬁcans

1998 3620 2212 3678 Christi
2269 3621 2726 3692 generationem,
2757 3621 2914 3676 viros
2973 3622 3174 3678 doctos
3221 3625 3279 3676 et
3316 3620 3641 3692 theologos,

2001 3717 2066 3768 ut
2096 3729 2250 3768 nunc
2285 3711 2502 3779 dixisti,
2534 3711 2762 3766 etiamsi
2813 3710 3278 3768 concesserimus
3308 3727 3437 3766 vere
3462 3711 3646 3764 fuisse

2000 3802 2109 3858 has
2140 3818 2346 3873 nugas,
2373 3801 2513 3872 quid
2545 3800 2656 3864 bis,
2681 3807 2734 3856 et
2765 3804 2874 3868 ter,
2899 3805 2956 3857 et
2979 3805 3184 3872 quater
3213 3800 3390 3873 geniti
3424 3799 3645 3855 mundo

2003 3892 2367 3964 profuerunt,
2401 3889 2485 3946 vel
2520 3890 2724 3946 mundi
2757 3907 2963 3962 parva,
2996 3895 3171 3962 atque
3201 3891 3344 3946 adeo
3394 3888 3645 3944 minima

2004 3981 2153 4054 parti
2175 3981 2202 4035 ?
2231 3981 2370 4047 Quis
2401 3994 2469 4035 ex
2500 3979 2766 4036 Mercurii
2800 3984 2856 4035 et
2888 3979 3223 4052 Pythagora:
3273 3978 3440 4034 libris
3489 3993 3649 4031 mor-

2006 4079 2138 4131 tuos
2169 4071 2490 4140 suscitavit,
2523 4074 2622 4126 aut
2652 4071 2913 4142 leprosos
2945 4069 3267 4136 mundavit,
3299 4072 3399 4124 aut
3427 4069 3651 4124 daemo-

2007 4179 2112 4219 nes
2157 4161 2398 4232 expulit,
2432 4177 2578 4233 quos
2603 4177 2706 4216 vos
2734 4159 2971 4215 colitis?
3001 4161 3111 4216 Sed
3161 4158 3482 4216 Mercurius
3525 4157 3654 4228 qui-

2009 4255 2161 4319 dem,
2195 4251 2292 4324 qui
2327 4269 2360 4308 a
2389 4250 2550 4306 vobis
2599 4250 2815 4305 dicitur
2861 4250 3304 4321 Trismegistus,
3338 4247 3446 4304 fuit
3476 4247 3650 4304 homo

2007 4342 2330 4414 Egyptius,
2354 4345 2410 4396 et
2430 4341 2490 4396 in
2524 4341 2748 4413 legibus
2770 4341 3054 4395 educatus
3084 4338 3401 4411 {Egyptiisz
3435 4343 3492 4393 et
3519 4353 3652 4394 cum

2010 4431 2270 4488 duxisset
2309 4445 2571 4497 uxorem,
2605 4427 2827 4500 peperit
2869 4428 3043 4495 ﬁlios,
3075 4445 3326 4499 quorum
3359 4432 3494 4483 natu
3529 4442 3653 4481 ma-

2003 4521 2194 4592 jorem
2223 4520 2330 4575 Tat
2360 4518 2687 4586 nominant,
2709 4533 2844 4575 cum
2877 4535 2991 4589 quo
3024 4517 3304 4589 loquitur,
3329 4518 3378 4572 ei
3401 4533 3536 4572 suas
3559 4516 3656 4571 dc-

247 4598 320 4654 ὦν
353 4603 441 4656 τὸν
493 4600 882 4682 πρεσϐύτερον,
915 4607 1027 4665 Τὰτ
1078 4608 1406 4683 ὀνομάζουσι
1452 4612 1588 4685 πρὸς
1633 4610 1689 4666 δν
1740 4610 1885 4666 αὐτὸς

2013 4612 2216 4668 dicans
2265 4610 2580 4680 orationes,
2625 4614 2680 4666 et
2728 4625 2860 4666 cum
2909 4609 3174 4680 Asclepio
3224 4623 3292 4663 ex
3338 4605 3652 4679 Epidauro,

250 4687 584 4764 διαλέγέται,
633 4693 894 4758 καὶτοὺς
956 4697 1155 4753 ἑαυτοῦ
1212 4697 1409 4776 λόγους
1468 4701 1709 4777 ἀφοσιοῖ,
1765 4699 1899 4778 πρός

247 4797 306 4832 τε
339 4779 430 4834 τὸν
490 4779 542 4852 ἐξ
573 4779 901 4859 Ἐπιδαύρου
953 4785 1292 4857 ’Δσκληπιὸν
1327 4789 1418 4844 τὸν
1457 4789 1902 4865 προκατάρξαντα

252 4869 370 4922 καθ’
431 4870 568 4943 ὑμᾶς
615 4879 718 4942 τῆς
763 4874 1017 4950 ἱατρικῆς
1054 4875 1388 4951 ἐπιστήμης,
1418 4880 1465 4951 ᾦ
1517 4880 1607 4934 vari
1645 4881 1744 4950 τὴν
1780 4880 1900 4935 ἐαυ-

253 4962 352 5012 τοῦ
399 4957 681 5037 θεολογίαν
725 4960 979 5044 διασαφεῖ
1026 4964 1201 5031 οὕτως
1248 4965 1502 5047 ἔχουσαν·
1543 4970 1674 5025 Θεὸν
1711 4975 1903 5039 νοῆσαι

256 5045 350 5117 μὲν
399 5046 669 5123 χαλεπὸν,
730 5057 926 5129 φρᾶσαι
987 5051 1044 5109 δὲ
1095 5045 1378 5127 ἀδύνατον,
1439 5055 1553 5114 ἔστι
1607 5060 1711 5134 γὰρ
1751 5078 1903 5135 τρισ-

250 5135 576 5212 υπόστατος,
607 5142 1000 5216 ἀνερμήνευτος
1043 5144 1196 5200 ούσία
1225 5147 1315 5201 καὶ
1347 5147 1526 5226 φύσις,
1561 5148 1660 5204 οὐκ
1701 5146 1904 5223 ἔχουσα

252 5228 397 5300 παρὰ
453 5229 673 5302 βροτοῖς
704 5230 1050 5308 ἐξομοίωσιν.
1085 5233 1191 5298 Οῧς
1231 5234 1288 5291 δὲ
1337 5237 1488 5301 θεοὺς
1547 5239 1906 5313 ὀνομάζουσιν

253 5314 556 5391 ἅνθρῶποι,
616 5319 762 5376 πολὺ
802 5324 864 5378 τὸ
920 5321 1164 5397 μυθῶδες
1208 5324 1298 5380 καὶ
1372 5326 1638 5405 σφαλερὸν
1689 5328 1904 5392 ἑαυτοῖς

254 5403 646 5495 ἐπεσπάσαντο.
681 5411 742 5468 οὐ
777 5414 885 5487 μὴν
915 5413 1060 5471 ἀλλὰ
1101 5414 1189 5469 καὶ
1222 5417 1346 5491 περί
1384 5403 1482 5488 τῆς
1526 5403 1624 5473 τοῦ
1671 5420 1907 5495 Χριστοῦ

251 5490 519 5584 ἐλεύσεως
571 5500 657 5554 καὶ
722 5501 886 5566 αὐτὸς
939 5499 1186 5577 ἆμυδράν
1255 5490 1373 5559 τινα
1432 5490 1766 5584 προφητείαν
1823 5505 1907 5564 δι-

250 5583 524 5672 αγορεύει,
557 5587 657 5644 οὐκ
713 5587 764 5662 ἐξ
823 5591 1036 5661 ἑαυτοῦ,
1087 5589 1215 5647 ἀλλ’
1244 5591 1303 5648 ἐκ
1343 5601 1445 5664 τῆς
1471 5583 1734 5672 Ἑϐραίων
1795 5600 1910 5652 θεο-

251 5669 445 5750 λογίας
495 5677 694 5751 ταύτην
762 5680 1196 5756 ἀπαρυσάμενος.
1268 5681 1440 5741 Ἀλλά
1513 5669 1579 5741 τί
1643 5707 1737 5761 μοι
1802 5689 1910 5742 τῶν

2013 4700 2134 4772 qui,
2168 4707 2234 4757 ut
2261 4717 2362 4757 vos
2392 4700 2592 4768 vultis,
2625 4699 2736 4756 fuit
2772 4702 2970 4756 auctor
2999 4703 3057 4756 et
3088 4699 3354 4771 princeps
3398 4697 3652 4752 scientiae

2012 4791 2346 4847 medicina:
2372 4790 2466 4846 cui
2488 4789 2664 4847 etiam
2695 4806 2862 4845 suam
2895 4789 3166 4862 explicat,
3189 4804 3313 4859 qua:
3344 4786 3428 4842 sic
3457 4785 3652 4853 habet,

2012 4879 2402 4952 theologiam:
2439 4879 2621 4935 Deum
2654 4878 2976 4949 intelligere
3007 4879 3242 4951 quidem
3276 4882 3366 4933 est
3394 4874 3654 4946 difﬁcile,

2013 4971 2111 5026 sed
2144 4974 2207 5025 ut
2236 4985 2370 5026 eum
2412 4969 2598 5024 verbis
2645 4968 2956 5040 exprimas,
2988 4967 3232 5024 minime
3275 4969 3465 5039 potest
3507 4962 3652 5019 ﬁeri.

2013 5064 2115 5116 Est
2145 5059 2298 5116 enim
2330 5059 2391 5115 in
2422 5063 2589 5114 terna
2619 5057 2945 5114 consistens
2975 5056 3295 5129 hypostasi,
3318 5053 3570 5111 essentia
3601 5056 3657 5109 et

2015 5153 2244 5218 natura,
2268 5165 2392 5222 quae
2416 5164 2530 5204 non
2564 5152 2752 5220 potest
2781 5145 3076 5218 explicari,
3101 5162 3212 5201 non
3245 5145 3467 5200 habens
3499 5142 3655 5215 apud

2015 5239 2281 5295 homines
2295 5236 2794 5295 assimilationem.
2811 5235 2965 5299 Quos
2979 5239 3168 5291 autem
3192 5235 3325 5290 deos
3347 5233 3657 5289 nominant

2015 5328 2307 5394 homines,
2330 5327 2369 5383 ii
2396 5327 2612 5383 multas
2646 5335 2699 5382 et
2730 5325 3086 5398 periculosas
3107 5325 3177 5380 ad
3199 5341 3262 5381 se
3293 5325 3658 5379 attraxerant

2019 5417 2263 5474 fabulas.
2287 5416 2618 5481 Quinetiam
2651 5417 2720 5472 de
2751 5415 2969 5472 Christi
2992 5415 3243 5472 adventu
3275 5413 3398 5486 ipse
3423 5428 3657 5485 quoque

2017 5508 2326 5565 obscuram
2360 5507 2678 5580 quamdam
2711 5505 2883 5562 refert
2911 5502 3301 5578 prophetiam,
3322 5509 3388 5561 ut
3411 5504 3508 5577 qui
3541 5518 3658 5560 non

2017 5614 2087 5654 ex
2117 5614 2198 5665 se,
2231 5599 2334 5654 sed
2365 5612 2434 5654 ex
2463 5596 2836 5653 Hebraorum
2885 5611 3013 5652 eam
3057 5593 3314 5652 hauserit
3343 5592 3658 5665 theologia.

2019 5688 2129 5746 Sed
2159 5687 2304 5760 quid
2333 5687 2632 5745 mihicum
2655 5685 2910 5760 putridis
2929 5689 2988 5745 et
3009 5685 3162 5745 male
3189 5683 3480 5744 olentibus
3511 5683 3660 5741 Mer-
