4048 6202
477 305 631 364 1179
1811 313 2075 375 ΜΕΝΞΙξ

2225 312 2527 375 ITOBER.
3696 314 3823 375 1180

473 464 619 521 curii
647 463 857 531 verbis,
883 478 1008 534 qua:
1041 480 1075 520 a
1103 465 1268 522 vobis
1299 467 1534 539 quidem
1566 470 1624 525 in
1657 471 1876 529 honore
1905 475 2071 532 habet

2235 495 2456 567 σαπρῶν
2486 512 2545 546 τε
2572 490 2663 547 καὶ
2694 486 2981 546 ὀδωδότων
3016 491 3219 565 Ἑρμοῦ
3278 490 3559 565 ῥημάτων,
3580 496 3680 547 τῶν
3728 497 3824 567 παρ’

471 557 587 618 tur,
610 553 725 622 iam
760 557 956 608 autem
989 554 1085 609 diu
1121 559 1254 612 ante
1286 564 1631 628 putruerunt
1657 565 1715 616 et
1733 562 2069 619 efﬂuxerunt

2234 580 2362 654 ὑμῖν
2420 581 2764 653 τιμωμένων,
2804 578 2912 652 ἤδη
2973 582 3077 656 πρὸ
3122 578 3339 635 πολλυῦ
3405 582 3703 650 σεσηπότων
3759 584 3826 637 καὶ

471 640 666 712 Neque
699 643 855 697 enim
887 644 958 698 de
987 643 1132 700 vivis
1164 645 1252 701 fas
1276 652 1363 702 est
1385 664 1589 719 rogare
1615 655 1879 708 mortuos
1902 652 1997 717 iis,
2021 670 2069 725 ῳ

2232 668 2691 745 ἀπερῥυηκότωνς
2744 667 2871 724 οὐδὲ
2918 669 3021 744 γάρ
3081 668 3229 725 ὅσιον
3293 670 3415 743 περὶ
3476 676 3582 724 τῶν
3652 671 3830 740 ζώντων

470 746 538 786 ex
567 730 785 786 divinis
826 731 1075 803 eloquiis
1124 733 1335 791 habent
1366 752 1532 794 veros
1565 747 1865 813 martyres,
1902 742 1997 812 qui
2027 760 2068 797 (lt

2234 730 2433 835 ἐρωτξὶν
2462 730 2473 741 ⁷
2499 759 2626 821 τοὺς
2677 730 3194 835 νεκροὺς,’ἔχοντας’
3226 757 3283 814 ἐν
3325 764 3430 815 τῶν
3459 760 3719 836 θεοσόφων
3754 759 3832 814 λο-

469 825 704 876 ventum
738 821 950 877 Christi
984 829 1037 878 et
1067 823 1433 881 divinitatem
1467 830 1953 899 praenuntiarunt.

2234 849 2359 924 γίων
2407 848 2535 910 τοὺς
2579 850 2805 920 ἀληθεῖς
2856 852 3152 924 μάρτυρας,
3195 848 3246 904 o'i
3309 850 3409 918 τήν
3474 849 3571 905 τοῦ
3634 849 3832 922 Χριστοῦ

2229 938 2528 1012 παρουσίαν
2561 959 2618 992 τε
2648 938 2737 993 καὶ
2771 939 3000 1007 θεότητα
3032 937 3530 1013 προκατήγγειλαν.

541 999 709 1057 XVII.
745 1002 1096 1074 Pythagoras
1145 1009 1359 1074 autem,
1394 1008 1493 1079 qui
1547 1017 1712 1066 sectae
1759 1012 1969 1069 Italica
2014 1013 2119 1070 fuit

2299 999 2395 1083 lZ'.
2441 999 2790 1104 Πυθαγόρας
2825 1024 2883 1082 δὲ
2919 999 2967 1081 ¹ὁ
3032 999 3132 1097 της
3189 999 3464 1092 Ἰταλικῆς
3493 1028 3741 1103 κατάρξας
3768 1028 3831 1081 ai-

470 1098 672 1145 auctor
702 1099 753 1145 et
786 1092 1076 1164 princeps,
1111 1095 1245 1165 quid
1296 1113 1574 1167 magnum
1619 1104 1674 1155 et
1705 1101 2068 1157 admirandul

2238 1116 2425 1179 οέσεως
2464 1116 2517 1170 τί
2566 1118 2700 1191 μέγα
2762 1117 2852 1171 καὶ
2911 1117 3216 1190 θαυμαστὸν
3285 1115 3338 1170 ἐν
3402 1121 3480 1188 τῷ
3541 1116 3641 1191 βίῳ
3703 1137 3836 1190 προς-

470 1177 623 1249 fecit,
651 1185 738 1235 ter
770 1181 823 1234 in
856 1181 1033 1236 vitam
1069 1185 1434 1254 productus?
1456 1191 1539 1243 An
1574 1191 1723 1261 quod
1758 1208 1883 1247 cum
1915 1192 2068 1249 fUiSSt

2236 1203 2528 1279 παραχθεὶς
2596 1204 2982 1279 ἀπειργάσατο,
3040 1204 3074 1273 ἢ
3144 1204 3226 1259 δτι
3303 1202 3354 1258 ἐν
3412 1201 3687 1276 Ὀλυμπία
3737 1206 3834 1277 γενό

468 1266 770 1339 Olympiae,
797 1276 859 1325 ut
879 1287 979 1327 vos
1003 1272 1220 1341 dicitis,
1246 1291 1483 1331 aureum
1506 1293 1678 1333 suum
1704 1281 1893 1336 femur
1912 1286 2066 1338 oster

475 1357 939 1377 μ..
996 1361 1146 1377 ου.
1322 1366 1334 1377 .
1534 1368 1545 1377 .
1634 1372 1643 1377 -
1791 1370 1804 1377 -

2370 1315 2414 1361 ς,
2465 1293 2539 1355 ὡς
2593 1294 2745 1363 ὑμεῖς
2799 1314 2950 1371 φατε,
3004 1296 3247 1367 χρυσοῦν
3298 1292 3390 1346 τὸν
3441 1292 3631 1346 ἑαυτοῦ
3692 1294 3833 1365 μηρὸν

468 1357 553 1412 dit
583 1357 974 1416 Hellanodicis
996 1362 1024 1415 Ῥ
1050 1361 1150 1418 Vel
1185 1366 1337 1434 quod
1390 1368 1745 1438 mugientem
1791 1370 1995 1426 bovem
2029 1389 2066 1426 sa

472 1446 839 1495 criﬁealnrnq
865 1465 876 1495 ε
905 1450 1103 1495 Habet,
1140 1451 1328 1495 innuit
1382 1456 1636 1495 nnimnm
1662 1458 1766 1495 υςμῖ
1802 1459 1943 1495 ΜΠ·ιῖ
1979 1477 2066 1495 om

2378 1357 3072 1452 ’El).av06€xatc.67ré6uEt-t
3104 1403 3118 1451 ;
3151 1382 3243 1436 καὶ
3291 1383 3420 1455 βοῦν
3471 1382 3681 1434 θύεσθαι
3730 1381 3836 1454 μέλ-

2530 1471 2842 1495 -_,-_'.,_-.,-..-
2890 1465 3151 1495 ’A..-'}-1_
3207 1466 3303 1495 2’..-
3363 1469 3550 1495 .l,.-..A-.
3594 1466 3807 1495 1.--}-.1

472 1446 839 1503 crificaturus
865 1465 877 1503 :
905 1450 1106 1518 Habet,
1140 1451 1348 1523 inquit,
1381 1456 1639 1512 animam
1662 1458 1768 1513 viri
1802 1459 1945 1514 mihi
1979 1477 2067 1515 am

2370 1490 2401 1523 α
2436 1471 2842 1543 μυκησάμενον·
2890 1465 3173 1540 ’Δνοδρὸς,
3205 1466 3331 1542 ἔφη,
3362 1469 3551 1542 ψυχὴν
3594 1466 3710 1539 ἐμοῖ
3737 1466 3836 1544 φιλ-

468 1536 718 1601 cissimi,
751 1543 806 1593 et
839 1555 938 1609 per
990 1541 1281 1613 mugitum
1330 1560 1422 1599 me
1469 1545 1688 1602 salutat
1734 1548 1979 1604 infelix?
2006 1550 2066 1606 Se

2370 1580 2394 1611 υ
2450 1558 2728 1629 κέκτηται.
2788 1558 2878 1614 καὶ
2925 1556 3015 1613 διὰ
3079 1563 3176 1612 τοῦ
3228 1558 3551 1630 μυκήματος
3601 1577 3839 1629 προσάγοι

467 1628 621 1697 quod
658 1628 933 1698 aquilam,
970 1647 1095 1701 quae
1148 1632 1403 1689 sublime
1446 1635 1696 1697 volabat.
1734 1653 1833 1709 per
1862 1639 2065 1695 ineant;

2370 1692 2372 1700 ,
2442 1669 2508 1721 με
2540 1650 2567 1703 ὁ
2625 1647 2996 1724 ταλαίπωρος,
3045 1647 3134 1702 καὶ
3175 1646 3327 1702 ἀετὸν
3366 1646 3417 1701 ἐν
3466 1646 3588 1720 ὕψει
3636 1667 3839 1701 καταπε-

465 1717 685 1771 tionem
719 1716 856 1772 fecit
886 1720 1089 1774 cadere
1121 1720 1178 1774 in
1208 1726 1419 1777 terram
1440 1724 1467 1778 ?
1487 1728 1617 1780 Haec
1650 1726 1930 1784 miracula
1961 1729 2063 1784 feci

2239 1737 2452 1809 τόμενον
2496 1735 2566 1792 δι’
2608 1735 2825 1810 ἐπῳδῆς
2876 1740 3193 1792 καταπεσεῖν
3243 1734 3329 1790 ἐπὶ
3392 1739 3500 1808 γῇς
3563 1736 3837 1803 ﬂaminica;

466 1820 595 1860 cum
625 1810 776 1861 esset
805 1805 1084 1880 Olympiae
1113 1813 1200 1865 ter
1229 1812 1462 1881 genitus
1505 1815 1878 1887 Pythagoras,
1913 1819 2064 1874 insar

2240 1805 2413 1882 Γαῦτα
2445 1827 2472 1879 ὁ
2536 1828 2653 1901 τρὶς
2686 1805 2967 1904 γεννηθεὶς
3016 1805 3443 1899 ἐθαυματούργει
3501 1822 3552 1877 ἐν
3601 1823 3838 1896 Ὀλυμπίᾳ

467 1893 664 1965 gloriae
699 1910 892 1950 amore
925 1901 1153 1967 captus,
1185 1903 1242 1955 et
1270 1900 1494 1957 visione
1528 1903 1645 1959 haec
1677 1906 2065 1976 apprehende:

2238 1916 2539 1991 γενόμενος,
2590 1914 2904 1990 δοξομανῶν
2957 1917 3047 1971 καὶ
3105 1918 3567 1994 φαντασιούμενος
3628 1916 3654 1968 6
3717 1933 3836 1987 τρισ-

468 1986 555 2037 ter
582 1981 803 2049 infelix,
834 1985 933 2054 qui
969 1987 1410 2056 quaternionem
1449 1991 1870 2062 jusjurandum
1906 2001 2066 2051 const

2240 2005 2438 2077 ίθλιος,
2503 2007 2530 2060 6
2589 2007 2686 2074 τήν
2744 2005 3035 2079 τετρακτὺν
3088 2006 3248 2082 ὅρκον
3279 2009 3564 2080 τιθέμενος
3601 2004 3685 2059 καὶ
3738 2002 3838 2055 ταῦ-

468 2073 698 2141 tuebat,
731 2078 787 2128 et
815 2090 947 2130 eum
982 2077 1212 2133 dicebat
1245 2079 1462 2136 fontem
1494 2086 1723 2138 aeterna:
1756 2093 1995 2155 naturae,
2021 2105 2066 2157 ψ

2239 2116 2327 2165 την
2380 2116 2596 2174 φάσκων
2646 2097 2831 2171 πηγὴν
2880 2094 3100 2151 ἀεννάου
3157 2095 3391 2173 φύσεως,
3452 2097 3480 2149 ὁ
3547 2094 3671 2154 τοῦς
3734 2092 3837 2145 κυά-

466 2162 634 2217 fabas
686 2162 915 2218 colebat
962 2170 1196 2236 propter
1226 2185 1369 2239 quas
1403 2172 1591 2241 periit,
1625 2189 1758 2228 eum
1791 2175 1915 2230 suis
1946 2176 2057 2230 fam

2238 2159 2739 2256 uo*J¢.0266psvoq,
2782 2181 2851 2237 δι’
2911 2185 3008 2246 οὕς
3068 2183 3320 2239 ἀπώλετο
3355 2204 3491 2257 μετα
3546 2188 3653 2236 τῶν
3705 2179 3836 2233 αὖτοῦ

466 2249 711 2305 liaribus
744 2252 922 2307 simul
946 2255 1222 2324 expulsus
1243 2272 1277 2312 a
1296 2260 1642 2315 Tarentinis.
1670 2262 1815 2318 Nam
1839 2279 1969 2319 cum
1998 2282 2064 2321 no

2234 2249 2481 2348 ἐταίρων,
2543 2271 2645 2326 ὑπὸ
2728 2276 2837 2325 τῶν
2922 2271 3259 2347 Τάραντίνων
3361 2270 3832 2341 συνελαυνόμενος·

465 2336 545 2391 let
574 2338 798 2393 calcare
828 2339 1042 2408 locum,
1078 2342 1135 2397 in
1165 2361 1281 2416 quo
1316 2346 1456 2401 faba:
1481 2353 1645 2404 erant
1671 2350 1961 2421 dispersae,
1998 2355 2054 2409 ib

2236 2362 2301 2431 μή
2347 2336 2703 2435 ’βουλόμενος
2760 2362 2862 2435 γὰρ
2926 2360 3017 2415 τὸν
3083 2360 3249 2416 τόπον
3304 2366 3568 2429 πατῆσαι,
3632 2357 3680 2412 ἐν
3725 2357 3762 2427 ᾧ
3798 2355 3834 2408 oi

476 2425 609 2481 dem
644 2426 996 2485 interﬁcitur
1028 2447 1160 2487 cum
1193 2434 1580 2493 familiaribus
1611 2442 1667 2495 et
1697 2440 2022 2512 discipulis,
2056 2460 2074 2499 ε

2236 2449 2427 2523 ιῦαμοι
2509 2448 2839 2525 ἐσπαρμένοι
2923 2448 3235 2526 ἐτύγχανον,
3320 2450 3486 2505 αὐτοῦ
3565 2449 3692 2522 μετά
3749 2452 3834 2501 τῖυν

468 2517 832 2573 consumitur
861 2518 932 2574 ab
964 2519 1237 2579 inimicis.
1272 2524 1507 2582 Theano
1556 2533 1750 2586 autem
1799 2532 1928 2602 ejus
1967 2550 2066 2590 ιλιι

2234 2541 2447 2615 ἑταίρων
2508 2538 2599 2595 καὶ
2687 2541 2946 2612 μαθητῶν
3040 2540 3489 2619 κατασφάττεται,
3585 2538 3671 2593 καὶ
3751 2539 3832 2589 τῶν

463 2610 521 2661 et
570 2606 878 2680 discipula,
920 2625 1052 2666 eum
1102 2612 1283 2669 nollet
1328 2615 1517 2673 dicere
1564 2635 1826 2690 causam,
1873 2627 2061 2695 propte

2236 2606 2429 2708 ιχθρῶν
2482 2606 2698 2709 γίνεταί
2742 2606 3146 2707 παρανάλωμα.
3210 2606 3387 2687 ὁεανὼ
3448 2606 3508 2686 δὲ
3573 2632 3608 2699 ἡ
3680 2628 3834 2683 τούτον

461 2710 638 2765 quam
684 2696 814 2752 faba
854 2714 970 2754 non
1011 2710 1337 2772 vescuntur,
1372 2703 1500 2777 ipsa
1541 2723 1789 2780 quoque,
1825 2710 1875 2765 ei
1910 2710 2059 2785 lingu

2237 2696 2426 2796 νάμετὴ
2456 2696 2546 2776 καὶ
2597 2722 2896 2796 μαθήτρια,
2961 2721 3048 2793 μὴ
3110 2719 3345 2777 θέλουσα
3400 2721 3503 2789 τήν
3551 2718 3717 2773 αἰτίαν
3740 2735 3835 2770 κατ-

460 2790 785 2857 θοῖηβυῖδίδν
820 2788 1142 2858 Ρθτίωίῗυΐο
2215 2788 2382 2867 ειπεῖν
2415 2810 2484 2865 δι’
2532 2811 2597 2880 ἢν
2638 2813 2730 2867 τὸν
2782 2812 2991 2885 κύαμον
3036 2810 3135 2866 οὐκ
3182 2810 3443 2879 ἐσθίουσι,
3489 2811 3593 2877 τήν
3626 2805 3836 2883 γλῶτταν

2214 2896 2543 2971 ἐκτμηθεῖσα
2573 2897 2863 2973 πρότερον,
2894 2898 2985 2952 καὶ
3018 2895 3153 2966 αἱ)τή
3186 2896 3671 2971 προσαπόλλυται.

530 2965 733 3021 XVIII.
767 2966 895 3023 Haec
927 2974 1063 3024 sunt
1103 2972 1435 3043 sapientum
1468 2975 1948 3050 philosophorum
1981 2982 2100 3053 pri-

2284 2965 2390 3044 Ili'.
2450 2992 2626 3042 Ταῦτα
2677 2991 2783 3041 τῶν
2862 2990 3042 3061 σοφῶν
3108 2982 3423 3065 φιλοσόφων
3481 3007 3555 3041 τα
3602 2982 3836 3059 προτερή-

457 3051 682 3122 vilegia,
717 3055 818 3123 qui
857 3056 947 3111 bis
988 3062 1044 3113 et
1092 3066 1175 3115 ter
1222 3066 1359 3117 sunt
1398 3064 1599 3135 geniti,
1634 3071 1697 3121 ut
1742 3068 1864 3140 ipse
1912 3051 2055 3127 diiis

2235 3099 2376 3147 ιατα,
2408 3082 2516 3132 τῶν
2551 3074 2633 3140 δὶς
2670 3077 2760 3131 καὶ
2798 3076 2920 3151 τρὶς
2972 3077 3332 3153 γεννηθέντων
3385 3075 3461 3137 ὡς
3514 3074 3681 3135 αὐτὸς
3734 3071 3833 3145 ἐρη·

460 3142 728 3197 oratorie.
761 3142 863 3198 Illa
920 3150 1117 3202 autem
1176 3155 1315 3205 sunt
1364 3153 1478 3206 mei
1526 3153 1738 3211 Christi
1798 3159 2058 3217 miraculi

2238 3167 2491 3241 epeucac,
2548 3167 2770 3221 κάκεῖνα
2824 3170 2921 3220 τοῦ
2978 3166 3116 3239 ἐμοῦ
3183 3167 3423 3241 Χριστοῦ
3490 3163 3586 3218 ἐπὶ
3629 3158 3836 3235 σωτηρίᾳ

458 3234 693 3299 prepter
727 3233 954 3303 generis
997 3236 1233 3295 humani
1283 3241 1534 3300 salutem
1566 3250 1620 3302 et
1653 3248 2056 3306 restitutionen

2456 3223 2491 3237 ς,
3011 3223 3021 3239 .
3235 3223 3244 3241 ,
3753 3223 3775 3235 ,.
3822 3223 3829 3229 .

2234 3223 2302 3310 tali
2346 3256 2645 3327 ἀνακλήσει
2688 3260 2784 3310 τοῦ
2833 3256 2940 3311 τῶν
2985 3254 3286 3329 ἀνθρώπων
3339 3254 3534 3330 γένους
3570 3252 3636 3307 τὰ
3686 3268 3832 3325 τερατ.

458 3315 527 3369 Et
560 3314 911 3389 Pythagoras
942 3325 1173 3394 quidem
1207 3332 1264 3383 et
1290 3331 1607 3389 Mercurius
1637 3334 1942 3393 hominum
1978 3355 2049 3393 an

2237 3314 2560 3419 tupvvﬁpau:
2621 3345 2722 3400 Καὶ
2786 3314 3103 3420 Ηυθαγόράς
3169 3343 3263 3417 μὲν
3338 3314 3427 3396 καὶ
3496 3314 3835 3417 ⁸Ερμῆςῑτᾶς

460 3419 588 3459 mas
620 3407 918 3467 deducunt
948 3414 1018 3468 ad
1050 3415 1404 3484 profundum
1446 3421 1787 3490 inferorum,
1818 3426 2058 3497 quasdat

2234 3407 2652 3509 κέν-ἀνθρώπων
2703 3435 2884 3509 ψυχὰς
2943 3434 3018 3495 εἰς
3074 3434 3166 3487 τὸν
3228 3429 3360 3503 ᾅδου
3411 3432 3663 3504 πυθμένα
3702 3425 3832 3483 κατά-

457 3508 657 3550 earum
683 3502 1220 3574 transmigrationes
1244 3512 1297 3563 et
1318 3511 1716 3570 traductiones
1737 3515 2055 3573 introducet

2234 3544 2386 3593 ιουσι,
2424 3524 2876 3597 μετεμψυχώσεις
2943 3520 3008 3593 δή
3076 3542 3227 3582 τινας
3283 3521 3372 3576 καὶ
3443 3517 3832 3597 μεταγγισμοὸς

456 3585 563 3651 tes,
600 3584 914 3657 aliquando
946 3594 1179 3663 quidem
1211 3596 1269 3651 in
1298 3598 1577 3656 animalia
1624 3604 1863 3660 rationis
1902 3621 2054 3679 expet

2236 3584 2655 3687 παρεισάγοντες,
2678 3584 2818 3667 ’τὲοτι
2872 3612 2963 3680 μὲν
3027 3610 3103 3675 είς
3149 3608 3327 3688 ἄλογα
3377 3614 3490 3678 ζῶα
3534 3610 3636 3663 καὶ
3702 3604 3834 3678 θηρῖι

458 3674 534 3725 tia
564 3680 616 3729 et
650 3674 867 3733 bestias
898 3696 995 3736 eas
1023 3683 1394 3743 traducentes
1421 3704 1433 3745 :
1467 3689 1783 3761 aliquando
1814 3674 2007 3751 autem
2041 3696 2055 3750 i

2235 3701 2409 3765 ἀὐτας
2452 3697 2923 3775 μεταϐιϐάζοντες,
2958 3700 3090 3755 ποτὶ
3141 3697 3199 3754 δὲ
3239 3700 3313 3760 εἰς
3363 3699 3525 3773 ἰχθῦς
3582 3698 3669 3752 καὶ
3722 3692 3833 3770 φυτᾶ

455 3767 646 3830 pisces
677 3771 735 3821 et
766 3767 994 3837 plantas
1017 3796 1031 3839 ;
1054 3776 1110 3828 et
1131 3773 1275 3830 alias
1309 3779 1588 3847 quasdam
1622 3783 2013 3840 revocationes
2044 3804 2053 3839 ι

2236 3790 2299 3845 Lati
2366 3788 2540 3852 ἄλλας
2623 3792 2771 3855 τινὰς
2862 3788 3323 3860 ἔπανακυκλήσεις
3405 3790 3496 3842 καὶ
3572 3783 3834 3862 περιόδους

458 3855 712 3911 ambitus
741 3857 1045 3930 fingentes.
1080 3862 1348 3921 Christus
1400 3873 1617 3935 autem,
1655 3875 1718 3927 ut
1747 3871 1900 3929 Deus
1932 3890 2056 3930 veru

2232 3884 2589 3942 ιατασπῶντες
2676 3881 2845 3942 αὐτὰς
2930 3880 3020 3934 καὶ
3107 3876 3589 3952 ἀπορῤαπίζοντες.
3649 3876 3705 3932 Ὀ
3789 3867 3830 3923 δὲ

455 3950 509 3998 et
538 3947 811 4016 aeternus,
844 3964 977 4004 cum
1027 3951 1278 4009 animam
1327 3956 1558 4013 fecisset
1603 3959 2011 4034 immortalem,
2044 3982 2053 4018 ι

2233 3970 2469 4043 (ριστὸς,
2501 3971 2620 4033 καθ’
2651 3971 2679 4023 '6
2722 3970 2850 4031 Θεὸς
2885 3970 3148 4045 ὑπάρχων
3196 3966 3411 4038 ἀληθὴς
3466 3967 3560 4020 καὶ
3622 3964 3831 4029 αἰώνιος,

458 4038 607 4087 senii
640 4039 929 4102 expertem
964 4038 1179 4106 divino,
1213 4042 1312 4113 qui
1345 4044 1452 4100 fuit
1482 4047 1554 4101 ab
1585 4048 1774 4118 initio,
1808 4052 2015 4123 spiritu
2046 4071 2056 4108 ι

2235 4038 2469 4114 ιθάνατον
2543 4059 2708 4129 αὐτην
2806 4059 2895 4113 καὶ
3005 4058 3195 4133 ἀγήρω
3290 4056 3693 4115 κατασκευάσας
3771 4051 3833 4118 τῷ

457 4122 873 4194 insufﬂatione,
901 4131 1130 4198 quando
1154 4132 1470 4193 fabricatus
1492 4138 1600 4193 fuit
1628 4122 1881 4211 primum
1913 4144 2047 4200 hom

2234 4147 2470 4226 ιπαρχῆς
2533 4122 2796 4220 πνεύματι
2882 4148 3011 4219 θείῳ
3052 4122 3186 4201 ’καὶ
3261 4144 3641 4223 ἐμφυσήμκτι,
3698 4140 3832 4208 ἡνίκα

459 4227 591 4265 nem
645 4214 729 4279 (ut
768 4214 970 4287 divini,
1004 4223 1061 4275 et
1092 4236 1234 4292 quos
1284 4241 1457 4283 nemo
1498 4233 1688 4299 potest
1731 4231 2057 4289 calumniar

2234 4214 2569 4311 τὸν-πρῶτον
2628 4235 3059 4311 ἐδημιούργησεν
3116 4234 3425 4308 ἄνθρωπον,
3485 4233 3562 4294 ὡς
3624 4232 3676 4285 αἱ
3720 4229 3832 4282 Gaia:

457 4300 710 4356 referunt
738 4301 871 4359 libri
904 4305 1119 4380 Musis),
1147 4326 1273 4367 eam
1299 4330 1504 4372 rursus
1526 4334 1624 4387 per
1644 4318 2055 4379 inobedientiat

2233 4326 2302 4381 ιαὶ
2362 4300 2861 4397 66:66Xn10t'105
2930 4323 3171 4388 Μωσέως
3231 4319 3419 4398 βίϐλοι
3511 4320 3831 4397 διασαφοῦσι,

457 4385 705 4487 lapsam,
728 4395 784 4446 et
814 4393 1209 4468 deceptionem
1242 4385 1549 4474 serpentis,
1575 4406 1673 4478 qui
1701 4410 1867 4465 atl‘ert
1898 4412 2055 4466 anim

2236 4421 2479 4471 πεσοῦσαν
2545 4415 2708 4471 πάλιν
2741 4413 2830 4470 διᾶ
2884 4422 2985 4485 τῆς
3053 4420 3335 4489 παρακοῆς
3364 4411 3451 4467 καὶ
3509 4418 3610 4481 τῆς
3646 4408 3834 4478 ἀπάτης

458 4481 723 4548 exitium,
745 4481 871 4553 ipse
899 4486 1136 4544 veniens
1168 4489 1225 4545 in
1256 4495 1493 4560 terram,
1518 4500 1573 4552 et
1600 4496 1661 4552 in
1692 4514 1759 4554 ea
1790 4498 2056 4573 degens“

2236 4508 2308 4561 τὸῦ
2340 4504 2696 4581 ψυχοφθόρου
2730 4481 3020 4578 δράκοντος
3071 4481 3245 4559 ἐλθὼν
3291 4481 3404 4557 ἐπὶ
3462 4507 3568 4577 γῆς
3614 4498 3703 4553 καὶ
3757 4515 3834 4549 πο-

456 4570 605 4622 viam
639 4570 846 4627 salutis
865 4574 1032 4630 nobis
1056 4579 1391 4647 ostendens,
1416 4598 1518 4652 per
1538 4570 1900 4658 baptismum
1924 4595 1979 4647 et
2009 4570 2054 4646 rt

2236 4570 2598 4669 ιιτευσάμενος
2685 4594 2773 4650 καὶ
2855 4592 3134 4665 ὑποδείξας
3200 4596 3338 4667 ἡμῖν
3390 4589 3513 4647 ὁδὸν
3586 4587 3834 4663 σωτηρίας

456 4666 866 4718 surrectionem
894 4680 927 4719 a
948 4667 1193 4722 mortuis
1212 4670 1284 4725 ab
1308 4670 1509 4729 inferis
1540 4676 1765 4732 reduxit
1796 4678 1870 4733 ad
1900 4679 2054 4736 ccelo:

2235 4686 2302 4738 ἱιά
2348 4687 2448 4739 τοῦ
2496 4683 2869 4757 βαπτίσματος
2898 4684 2987 4738 καὶ
3034 4689 3134 4752 τῆς
3163 4681 3222 4736 ἐκ
3250 4685 3459 4756 νεκρῶν
3506 4678 3672 4735 αὐτοῦ
3728 4678 3833 4731 ἀνα-

454 4746 520 4802 Et
554 4764 752 4806 rursus
781 4752 1020 4809 veniens
1043 4756 1516 4827 adjudicandum
1550 4764 1710 4821 vivos
1741 4770 1797 4822 et
1817 4776 2052 4825 mortuo:

2235 4773 2466 4843 τάσεως,
2490 4772 2549 4828 ἐκ
2602 4779 2709 4829 τῶν
2769 4777 2867 4828 τοῦ
2927 4768 3059 4842 ᾅδου
3116 4772 3405 4844 πυθμένων
3464 4768 3541 4831 εἷς
3592 4767 3833 4843 οὐρανοὺς

454 4836 625 4895 faciet
656 4857 891 4915 surgere
916 4860 1180 4918 corpora,
1203 4853 1259 4905 et
1279 4853 1595 4926 conjunget
1616 4857 1740 4913 suis
1762 4859 2052 4918 animabu:

2240 4862 2404 4933 αὐτην
2454 4836 2463 4843 ⁷
2502 4861 2832 4941 ἐπανήγαγε,
2873 4836 2965 4917 καὶ
3059 4836 3241 4917 πάλιν.
3287 4859 3593 4935 ἐρχόμενος
3660 4836 3834 4931 ’κρῖναι

452 4931 507 4985 et
538 4929 738 4987 reddet
768 4932 1083 5007 unicuique
1115 4941 1432 4999 secundum
1466 4960 1574 5000 sua
1598 4962 1772 5018 opera
1793 4947 1834 5006 ί.

2235 4956 2412 5018 ζῶντας
2462 4950 2552 5006 καὶ
2607 4953 2851 5028 νεκροὺς,
2911 4951 3256 5025 ἐξαναστήσει
3321 4952 3389 5004 τὰ
3457 4949 3705 5021 σώματα,
3759 4964 3833 4999 και

2207 5040 2428 5116 συνάψει
2484 5047 2603 5106 ταῖς
2654 5043 2859 5097 ἑαυτῶν
2910 5045 3139 5120 ψυχαῖς,
3169 5039 3259 5095 καί
3316 5036 3590 5094 ἀποδώσει
3641 5034 3833 5103 ἑκάστῳ

2204 5130 2341 5187 κατᾶ
2377 5131 2443 5187 τὰ
2482 5126 2611 5207 ἔργα
2640 5133 2826 5189 αὐτοῦ.

523 5198 674 5260 XIX.
706 5200 837 5259 Haac
868 5219 1002 5260 cum
1028 5208 1245 5279 martyr
1266 5207 1474 5265 fuisset
1497 5210 1964 5287 philosophatus,
1986 5217 2092 5273 ini-

2276 5225 2360 5280 ΙΘ.
2394 5198 2575 5280 Ταῦτά
2628 5226 2725 5277 τοῦ
2777 5222 3047 5300 μάρτυρος
3114 5220 3609 5300 φιλοσοφήσσντος,
3656 5220 3683 5272 6
3740 5235 3832 5270 πα-

453 5305 607 5360 quus
626 5290 928 5354 Julianus:
950 5292 1176 5366 Videte,
1195 5296 1405 5369 inquit,
1423 5301 1525 5356 viri
1546 5303 1792 5360 Romani
1814 5313 1866 5361 et
1889 5306 2046 5364 Graec

2233 5309 2443 5385 civem:
2496 5290 2796 5373 Ἰουλιανός
2828 5290 3281 5388 ’.⁸ορᾶτε,“ἐίρη,
3330 5290 3528 5384 ,ἄνδρες
3582 5290 3831 5380 Ῥωμαῖοι

449 5374 603 5433 hunc
633 5379 974 5439 sceleratum
1007 5388 1064 5440 et
1093 5388 1511 5445 exsecrandum
1550 5389 1872 5463 hominem,
1905 5412 2047 5467 qua:

2232 5398 2291 5453 ,αὶ
2317 5374 2612 5472 Ἕλληνες,
2642 5399 2858 5457 τουτονὶ
2888 5374 2978 5456 τὸν
3012 5374 3357 5473 παλαμναῖον
3394 5397 3483 5454 καὶ
3540 5395 3830 5467 ἀλιτήριον,

447 5467 535 5519 tas
566 5479 635 5520 ex
664 5467 869 5527 Gracia
898 5471 1230 5545 disciplinis
1277 5476 1482 5535 effudit
1519 5495 1706 5552 nugas
1734 5481 1795 5538 in
1827 5488 2045 5543 nostra:

2233 5489 2369 5545 τόσον
2403 5488 2463 5546 ἐκ
2489 5467 2930 5563 τῶννὲλληνικῶν
2992 5467 3330 5564 μαθημάτων
3377 5485 3513 5543 κατᾶ
3558 5492 3656 5555 τῆς
3704 5485 3831 5557 ἡμε-

519 5656 537 5693 ί
571 5645 621 5707 Ι.
660 5648 788 5709 Cor.
818 5666 872 5723 v,
907 5654 993 5711 10.
