4012 6220
216 366 369 427 1181
1428 365 1903 427 MARTYRIUM
1948 365 2011 425 S.
2059 363 2418 425 ARTEMII.
3468 356 3620 416 1182

209 524 369 599 τὲρας
408 521 697 597 θρησκείας
763 520 1143 577 κατεσκέδασεν
1200 523 1407 595 ὕθλονς
1450 525 1538 581 Μὰ
1593 526 1682 579 τὸν
1741 524 1866 597 ἐμοὶ

2011 526 2343 596 eligionem.
2379 524 2484 578 Per
2514 522 2696 578 solem
2724 520 2862 575 mihi
2889 520 3328 587 charissimum,
3361 535 3475 574 non
3510 534 3629 573 am-

213 611 684 691 προσφιλέστατον
762 610 948 683 ἥλιον,
1026 611 1124 666 ούκ
1198 608 1389 685 ἔμασιν
1464 614 1720 686 ἀνέξομαι
1803 616 1865 669 τὸ

2019 616 2131 669 lius
2172 616 2353 670 feram
2386 611 2597 667 Grmcis
2631 610 2958 679 disciplinis
2991 609 3218 665 institui
3254 610 3501 664 maxime
3524 608 3629 660 im-

214 707 552 778 Χριστιανῶν
622 700 929 757 ἄθεώτατον
1007 700 1413 757 ἐκπαιδεύεσθαι
1487 705 1664 778 γὲνος.
1726 701 1866 758 Ἰδοὺ

2011 706 2138 758 ium
2179 719 2363 775 genus
2396 700 2875 755 Christianorum.
2908 699 3051 754 Ecce
3092 698 3247 753 enim
3298 714 3470 753 sacrae
3522 696 3629 751 do-

216 793 321 866 γάρ
377 797 477 859 τῆς
527 790 673 865 ἱερᾶς
730 786 980 851 παιδείας
1021 790 1111 844 καὶ
1162 795 1319 855 οὗτος
1371 793 1399 845 ὁ
1446 793 1590 846 κύων
1624 789 1867 864 μεταλα-

2014 794 2174 848 trinaa
2208 791 2404 863 aliqua
2433 808 2500 845 ex
2532 795 2692 860 parte
2725 789 2966 844 effectus
3000 788 3288 858 particeps
3321 786 3411 841 hic
3444 787 3626 850 canis,

221 881 357 955 χὼν,
392 881 489 933 κᾶν
524 881 627 934 οὐκ
656 878 861 941 εῦθείας
896 881 983 934 καὶ
1016 878 1255 953 ὁμαλῆς,
1297 880 1422 935 ἀλλ’
1455 881 1606 953 ὅμως
1652 880 1867 949 πολλὴν

2011 885 2108 937 Lcet
2132 898 2244 937 non
2268 880 2673 946 recte,multas
2697 884 2887 933 tamen
2921 881 2978 932 et
2999 876 3347 945 injucundas
3380 874 3632 946 ineptias

218 992 341 1024 τινα
371 970 461 1024 καὶ
496 970 698 1041 ἀτερπῆ
748 970 871 1044 περὶ
918 970 1019 1037 τὴν
1062 969 1302 1043 ἱστορίαν
1356 970 1687 1045 μορολογίαν
1736 992 1869 1025 κατ-

2012 974 2181 1028 ﬂ'udit
2213 974 2365 1027 circa
2399 970 2728 1026 historiam.
2789 968 2919 1023 Haec
2979 984 3110 1021 cum
3144 965 3409 1031 dixisset,
3458 964 3633 1034 jubet

222 1059 362 1133 έχεε.
414 1060 595 1115 Ταῦτα
654 1057 843 1125 εἰπὼν,
892 1057 1103 1113 κελεύει
1152 1060 1240 1112 τὸν
1305 1061 1551 1134 μάρτυρα
1597 1064 1714 1113 τοῖς
1765 1056 1871 1127 δη..

2011 1073 2291 1131 martyrem
2325 1060 2471 1115 tradi
2506 1060 2832 1125 lictoribus,
2865 1064 2918 1113 et
2948 1055 3149 1127 ﬂagris
3181 1054 3319 1110 caedi
3354 1054 3422 1108 ad
3458 1051 3633 1123 quin-

228 1148 375 1220 μίοις
424 1144 800 1217 παραδοθῆναι
879 1148 969 1200 καὶ
1040 1152 1355 1221 μαστιγοῦν,
1412 1150 1543 1225 ἄχρι
1594 1147 1682 1202 καὶ
1752 1170 1872 1203 πενο

2011 1158 2182 1208 entas
2200 1168 2383 1223 usque
2400 1150 2620 1222 plagas.
2649 1149 2732 1203 llli
2750 1153 2944 1203 autem
2961 1164 3084 1202 eum
3112 1150 3410 1217 acceptum
3432 1144 3632 1214 ﬂagris

222 1236 489 1290 τακοσίων
555 1240 809 1309 πληγῶν.
866 1236 934 1291 Οἱ
998 1234 1053 1290 δὲ
1112 1232 1393 1306 λαϐόντες,
1442 1234 1635 1309 ᾔκιζον
1702 1238 1867 1291 ἀπαν-

2015 1244 2280 1297 azdebant
2310 1240 2653 1295 inhumane.
2680 1241 2749 1293 Et
2772 1253 2955 1309 prazco
2988 1235 3313 1292 clamabat:
3347 1235 3456 1288 Fac
3475 1232 3631 1303 quod

226 1326 460 1399 θρώπως
491 1330 608 1385 ταῖς
644 1324 878 1397 μάστιξι,
913 1325 1003 1379 καὶ
1034 1327 1061 1379 ὁ
1093 1328 1259 1401 κήρυξ
1304 1322 1433 1381 ἐϐόα
1470 1347 1481 1358 ·
1516 1328 1761 1395 Ποίησον
1808 1328 1870 1381 τὸ

2018 1334 2104 1387 ult
2134 1334 2452 1402 imperator
2482 1348 2497 1383 :
2532 1330 2733 1383 desine
2766 1327 2945 1382 stulta
2995 1326 3171 1396 loqui,
3205 1329 3261 1380 et
3289 1321 3633 1378 liberaberis

225 1419 324 1470 τοῦ
360 1411 628 1487 βασιλέως
679 1413 917 1486 θέλημα,
944 1420 1141 1469 παῦσαι
1199 1420 1307 1470 τῶν
1362 1414 1747 1492 μωρολογιῶν,
1781 1416 1871 1470 καὶ

2011 1422 2053 1475 ,1)
2085 1422 2178 1488 iis,
2213 1420 2311 1491 qui
2346 1427 2399 1475 te
2446 1418 2715 1489 puniunt.
2753 1416 2970 1487 Martyr
2998 1422 3192 1471 autem
3237 1413 3461 1469 fortiter
3494 1410 3635 1467 tole-

227 1503 597 1577 ἆπαλλαγήσῃ
650 1510 758 1557 τῶν
843 1503 1187 1574 κολαζόντων
1255 1526 1333 1561 σε.
1396 1507 1455 1562 Ὀ
1537 1503 1592 1560 δὲ
1667 1507 1873 1580 μάρτυς

2011 1510 2163 1576 abat,
2199 1510 2335 1563 dum
2378 1508 2796 1573 verberaretur,
2830 1510 3049 1573 tacens,
3082 1510 3139 1559 et
3198 1502 3341 1557 nihil
3394 1500 3633 1556 omnino

227 1593 500 1667 ἐκαρτέρει
589 1594 950 1665 τυπτόμενος,
1005 1598 1226 1649 σιωπῶν
1312 1594 1401 1648 καὶ
1482 1591 1653 1667 μηδὲν
1725 1594 1872 1655 ὅλως

2011 1599 2328 1670 oquens.In
2356 1598 2588 1653 beatum
2618 1611 2752 1650 vero
2794 1595 3113 1650 Macarium
3154 1590 3352 1649 oculos
3376 1592 3635 1663 deﬁgens

226 1682 618 1759 φθεγγόμενος.
680 1682 954 1744 Ἀτενίσας
1014 1680 1070 1737 δὲ
1125 1684 1261 1758 πρὸς
1321 1683 1413 1738 τὸν
1478 1686 1575 1738 τοῦ
1635 1686 1873 1757 Χριστοῦ

2011 1695 2312 1759 mperalor,
2337 1686 2387 1741 ei
2412 1686 2549 1741 dicit
2583 1702 2595 1739 :
2630 1686 2715 1740 Tu
2736 1688 2927 1740 autem
2962 1684 3103 1755 quid
3151 1682 3297 1737 dicis
3330 1682 3400 1737 de
3431 1680 3633 1750 teipse,

232 1770 479 1845 μάρτυρα
513 1770 818 1845 Μακάριον,
851 1771 983 1849 φησῖ
1032 1772 1167 1843 πρὸς
1218 1771 1379 1827 αὐτόν
1414 1792 1426 1805 ·
1487 1772 1561 1827 Σῦ
1604 1770 1661 1826 δὲ
1699 1772 1750 1826 τί
1792 1771 1877 1826 λέ-

231 1881 347 1936 γεις
405 1860 527 1934 περὶ
597 1864 841 1928 σεαυτοῦ,
886 1858 1147 1935 δυστυχὲς
1205 1861 1547 1935 ἀνθρώπιονς
1596 1862 1876 1936 Μακάριος
1910 1903 1961 1968 Β

231 1946 256 1968 κ
393 1950 445 1968 n‘
522 1950 542 1968 Ὗ
585 1948 607 1968 θ
804 1952 815 1967 1
948 1955 971 1966 ου
1027 1947 1051 1965 ν
1252 1950 1265 1966 ι
1368 1952 1380 1968 Ι
1588 1952 1601 1967 V
1644 1953 1667 1968 Λ
1732 1954 1742 1968 1

231 1946 357 2026 ἔφη,
391 1950 462 2005 Σῦ
496 1950 542 2004 εἶ
582 1948 859 2025 δυστυχὴς
906 1955 984 2022 τῷ
1024 1947 1134 2004 ὄντι
1178 1950 1268 2006 καὶ
1308 1952 1525 2007 πάντων
1577 1952 1875 2026 ἀνθρώπων

234 2038 595 2107 ἀθλιώτατος,
629 2036 738 2113 ἐγὼ
779 2036 835 2093 δὲ
888 2040 1151 2113 μακάριος
1204 2038 1447 2111 ἀληθῶς,
1482 2045 1876 2118 συμφωνοῦσαν

239 2122 383 2201 ἔχων
420 2133 535 2189 τοῖς
582 2127 866 2204 πράγμασι
915 2130 1002 2182 καὶ
1055 2130 1152 2197 τὴν
1204 2130 1615 2203 προσωνυμίαν,
1650 2131 1732 2186 ὅτι
1790 2132 1882 2185 τὸν

236 2218 475 2290 Χριστὸν
509 2216 804 2291 ὁμολογῶν
835 2223 1141 2292 προσκυνῶ,
1176 2219 1336 2280 αύτὸς
1370 2217 1426 2273 δὲ
1473 2224 1663 2275 τοῦτον
1710 2222 1884 2294 ἀπηρ-

234 2307 406 2375 ντςσω,
440 2303 664 2378 δαίμοσι
694 2306 783 2360 καὶ
812 2310 891 2378 τῷ
942 2304 1189 2378 διαϐόλῳ
1219 2307 1684 2382 προσκολληθεὶς,
1718 2309 1770 2363 οἳ
1828 2330 1885 2364 σε

233 2397 325 2449 καὶ
371 2396 435 2450 οὐ
484 2394 710 2450 θέλοντα
748 2397 829 2466 τῷ
874 2396 1084 2469 αἰωνίῳ
1127 2398 1257 2471 πυρὶ
1308 2398 1751 2473 παραπεμψουσι.
1786 2402 1885 2456 Καὶ

233 2487 262 2541 ὁ
306 2480 665 2558 παραϐάτης⁶
721 2482 835 2543 Οἷδ’
884 2487 967 2540 ὅτι
1025 2488 1268 2558 θανατᾷς,
1301 2489 1455 2563 φησί,
1487 2489 1575 2543 καὶ
1622 2490 1757 2563 πρὸς
1800 2490 1888 2564 ὀρ-

234 2580 337 2653 γὴν
380 2578 603 2647 κινῆσαί
656 2598 721 2651 με
769 2576 1036 2645 σπεύδεις,
1069 2577 1165 2633 ’ίνα
1204 2586 1395 2643 θᾶττον
1452 2579 1778 2651 ἐξαναλώσω
1811 2602 1887 2638 σε.

239 2666 400 2726 Ἀλλ’
432 2665 539 2741 οὐχ
569 2666 643 2729 ὡς
678 2666 836 2729 αὐτὸς
868 2664 1108 2736 ἤλπισας
1144 2668 1315 2731 οὕτως
1357 2665 1505 2725 ἔσται
1538 2692 1643 2729 σοι.

313 2758 386 2811 K'.
446 2756 596 2825 Πλὴν
664 2754 810 2811 ἀλλὰ
864 2762 1024 2812 τοῦτο
1073 2763 1291 2832 πρῶτον
1356 2759 1667 2834 ἀπόκριναι,
1720 2761 1772 2814 τί
1830 2760 1891 2815 τὸ

241 2842 397 2917 δόξαν
452 2846 603 2916 ὑμῖν,
634 2849 678 2898 ὦ
726 2846 1042 2920 κατάρατοι,
1076 2846 1157 2902 ὅτι
1206 2850 1281 2920 μή
1315 2845 1372 2903 δὲ
1406 2854 1532 2921 μιᾶς
1563 2870 1710 2911 τινος
1744 2849 1890 2920 ἐξου-

242 2934 330 2989 σία
381 2935 508 3007 ὑμῖν
558 2934 960 3009 ἐντειλαμένης,
1001 2938 1160 2992 παντὶ
1208 2938 1297 2992 καὶ
1338 2944 1621 3014 πανταχοῦ
1673 2938 1893 3014 διατρε-

243 3022 575 3098 χοντες,τᾶς
628 3030 737 3078 τῶν
789 3026 1044 3100 μεγάλων
1096 3028 1231 3081 θεῶν
1282 3026 1519 3091 σπονδάς
1558 3050 1616 3084 τε
1653 3029 1744 3083 καὶ
1801 3032 1893 3084 θυ-

246 3113 371 3175 σίας
426 3113 740 3185 ἀνατρέπειν
818 3112 1165 3184 σπουδάζετε,
1218 3114 1561 3181 διδάσκοντες
1627 3119 1754 3180 τοὺς
1806 3121 1898 3173 ἆν-

248 3203 525 3277 θρώπους,
556 3204 785 3266 τούτους
849 3206 923 3275 μή
985 3206 1116 3259 εἶναι
1159 3217 1333 3277 θεούς,
1398 3209 1474 3280 μὴ
1533 3206 1589 3263 δὲ
1645 3216 1897 3285 σωτῆρας

1983 1777 2183 1833 infelix
2215 1776 2607 1832 homuncule?
2639 1776 2851 1829 Beatus
2872 1779 3067 1829 autem
3090 1772 3233 1826 dixit
3256 1774 3512 1839 martyr:
3546 1769 3633 1823 Tu

1987 1884 2047 1923 es
2064 1882 2259 1923 revera
2283 1865 2502 1930 infelix,
2536 1869 2591 1919 et
2621 1863 2884 1919 omnium
2909 1861 3209 1917 hominum
3234 1859 3631 1915 miserrimus:

1988 1974 2092 2029 ego
2143 1960 2334 2011 autem
2378 1970 2507 2009 vere
2551 1954 2773 2016 beatus,
2808 1951 3028 2006 habens
3070 1947 3517 2022 appellationem
3553 1945 3633 2001 rei

1990 2043 2451 2111 convenientem,
2476 2040 2749 2113 quoniam
2786 2039 3082 2093 Christum
3107 2038 3392 2093 confitens
3424 2035 3630 2089 adoro:

1991 2134 2112 2206 ipse
2143 2142 2334 2188 autem
2368 2148 2502 2187 eum
2535 2131 2781 2201 negasti,
2835 2127 3199 2183 daemonibus
3240 2124 3546 2179 adhaerens
3578 2127 3636 2178 et

1992 2223 2243 2291 diabolo,
2278 2221 2377 2293 qui
2411 2226 2466 2276 te
2509 2220 2595 2275 vel
2624 2219 2873 2274 invitum
2905 2217 3304 2272 transmittent
3334 2215 3405 2268 ad
3438 2213 3633 2284 ignem

1994 2322 2297 2369 aeternum.
2331 2310 2754 2379 Transgressor
2784 2310 2973 2362 autem
3007 2304 3273 2359 Julianus
3310 2319 3323 2356 :
3364 2300 3515 2367 Scio,
3549 2299 3638 2354 in-

1996 2402 2141 2474 quit,
2176 2405 2233 2456 te
2264 2404 2510 2454 mortem
2530 2414 2761 2469 cupere,
2781 2400 2837 2451 et
2866 2395 3101 2451 studere
3134 2408 3227 2448 me
3256 2392 3324 2447 ad
3350 2391 3493 2447 iram
3518 2406 3641 2445 mo-

1996 2510 2146 2559 vere,
2183 2495 2245 2547 ut
2272 2495 2331 2547 te
2360 2490 2475 2545 cito
2532 2504 2898 2543 consumam.
2960 2486 3169 2542 Verum
3228 2500 3341 2539 non
3385 2482 3467 2537 ita
3513 2480 3641 2549 erit,

2001 2590 2067 2641 ut
2090 2586 2361 2656 sperasti.

2075 2764 2195 2819 XX.
2230 2764 2338 2819 Sed
2374 2762 2482 2818 hoc
2532 2760 2676 2816 mihi
2725 2759 2985 2831 primum
3028 2756 3333 2828 responde,
3366 2753 3648 2825 quidnam

2003 2854 2167 2910 vobis
2198 2853 2389 2909 visum
2422 2851 2518 2919 sit,
2551 2868 2583 2907 ο
2615 2849 2975 2913 exsecrandi,
3000 2847 3177 2918 quod,
3210 2860 3342 2901 cum
3362 2841 3524 2899 nulla
3554 2857 3649 2896 vo-

2006 2943 2094 2999 bis
2119 2942 2366 3013 jusserit
2398 2944 2678 3013 potestas,
2715 2955 2917 2994 omnes
2968 2941 3161 3007 partes
3190 2935 3489 2999 obeuntes,
3522 2946 3647 2986 ma-

2006 3047 2258 3104 gnorum
2297 3033 2541 3087 deorum
2596 3029 2848 3086 studetis
2878 3031 3129 3083 evertere
3161 3023 3446 3080 libamina
3474 3025 3649 3092 atque

2008 3121 2314 3187 sacriﬁcia,
2362 3122 2631 3177 docentes
2687 3118 2977 3182 homines,
3026 3132 3124 3171 eos
3170 3130 3285 3171 non
3317 3128 3441 3169 esse
3488 3111 3648 3177 deos,

2010 3227 2197 3281 neque
2241 3214 2562 3266 servatores
2605 3208 2763 3265 orbis
2798 3212 2982 3275 terrae,
3016 3221 3121 3260 nec
3150 3202 3393 3259 humani
3425 3198 3653 3271 generis

247 3301 348 3362 τῆς
414 3292 765 3367 οἴκουμένης,
805 3296 895 3349 καὶ
952 3301 1049 3350 τοῦ
1108 3298 1447 3371 ἀνθρωπείου
1506 3299 1694 3375 γένους
1750 3319 1891 3374 προ-

2011 3317 2204 3359 curam
2238 3316 2454 3370 gerere,
2491 3314 2636 3368 quos
2668 3298 2739 3351 ab
2759 3313 2874 3351 aevo
2897 3300 2953 3351 et
2987 3293 3190 3349 multis
3214 3300 3365 3347 retro
3397 3287 3651 3353 saeculis,

247 3383 450 3453 νοητάς
508 3404 567 3438 τε
622 3383 710 3437 καὶ
768 3382 1100 3457 κηδεμόνας,
1156 3385 1251 3449 οὖς
1312 3390 1346 3456 ἡ
1413 3388 1504 3442 ἀπ’
1556 3388 1753 3451 αἰῶνος
1813 3388 1902 3443 καὶ

252 3473 457 3527 ἄνωθεν
532 3470 1018 3547 πατροπαράδοτος
1084 3478 1192 3529 τῶν
1270 3476 1568 3551 ἀνθρώπων
1647 3480 1902 3548 συνήθεια

253 3557 426 3615 σέϐειν
484 3582 541 3615 τε
592 3562 680 3616 καὶ
738 3567 1061 3637 προσκυνεῖν
1115 3562 1487 3639 παραδέδωκε,
1519 3568 1613 3622 τὸν
1668 3565 1724 3622 δὲ
1777 3569 1904 3641 Χρι-

256 3650 379 3705 στὸν
415 3651 544 3725 χθὲς
602 3656 699 3706 τοῦ
757 3654 883 3707 εἶναι
945 3652 1238 3727 ἀρξάμενον
1297 3656 1386 3710 καὶ
1445 3657 1513 3711 οὐ
1576 3656 1903 3731 προπολλοῦ

254 3747 357 3809 τῆς
408 3740 677 3814 ἡμετέρας
715 3747 918 3816 γενεᾶς,
971 3745 1097 3798 Θεὸν
1152 3746 1482 3818 προαιώνιον
1533 3747 1623 3801 καὶ
1675 3745 1903 3821 βασιλέα

256 3834 365 3883 τῶν
408 3829 551 3885 ὅλων
587 3832 1000 3905 ἀνακηρύττετε.
1038 3834 1143 3888 Καὶ
1192 3834 1219 3887 ὁ
1273 3836 1587 3909 Μακάριος’
1639 3836 1753 3892 Ούκ
1800 3837 1903 3909 ἠρ-

256 3920 451 3987 κέσθης
480 3924 597 3981 ταῖς
628 3920 885 3996 Εὐγενίου
919 3928 1110 3999 σοφαῖς
1162 3920 1518 3993 ἀποδείξεσιν,
1551 3926 1902 3997 ἆνομώτατε;

258 4007 406 4075 πλην
464 4007 614 4084 κάγώ
673 4030 755 4063 σοι
824 4011 1153 4085 ὁμοτρόπως
1225 4013 1375 4084 αύτῷ
1432 4014 1526 4075 τὰς
1590 4013 1906 4086 ἀποκρίσεις

258 4099 589 4169 ποιήσομαι,
622 4100 705 4152 ὅτι
728 4100 965 4171 Χριστὸς
994 4099 1051 4153 ’δν
1086 4097 1176 4153 διὰ
1199 4099 1439 4175 γέλωτος
1478 4100 1539 4155 σὺ
1570 4102 1660 4156 καὶ
1690 4100 1903 4177 χλεύης

258 4189 418 4258 ποιῇ,
449 4187 615 4248 αὐτὸς
645 4192 761 4249 τοῖς
795 4185 955 4249 ἰδίοις
988 4186 1171 4263 εἴρηκε
1215 4196 1504 4263 μαθηταῖς,
1548 4193 1904 4266 Πορευθέντες

264 4274 341 4335 εἷς
412 4277 503 4329 τὸν
582 4275 785 4349 κόσμον
850 4278 1081 4344 ἅπαντα,
1155 4280 1528 4350 μαθητεύσατε
1597 4282 1771 4335 πάντα
1839 4281 1903 4335 τὰ

264 4361 414 4433 ἔθνη,
443 4365 786 4437 βαπτίζοντες
819 4366 1012 4427 αὐτοὺς
1072 4365 1148 4431 είς
1195 4369 1255 4422 τὸ
1304 4367 1475 4443 ὄνομα
1528 4374 1625 4425 τοῦ
1676 4372 1906 4443 Πατρὸς,

263 4454 351 4507 καὶ
402 4458 497 4508 τοῦ
530 4458 678 4524 Υίοῦ,
712 4457 803 4510 καὶ
859 4460 955 4511 τοῦ
1012 4457 1166 4531 ἁγίου
1198 4459 1528 4533 Πνεύματος,
1562 4457 1906 4523 διδάσκοντες

264 4541 459 4605 αὐτοὺς
497 4544 679 4619 τηρεῖν
730 4546 905 4600 πάντα
949 4545 1047 4601 ὅσα
1086 4544 1440 4620 ἐνετειλάμην
1496 4549 1647 4622 ὑμῖν,
1708 4550 1761 4604 οἳ
1817 4549 1907 4603 καὶ

2010 3409 2042 3447 a
2086 3389 2353 3462 patrihus
2394 3390 2532 3443 data
2581 3387 2890 3443 hominum
2950 3383 3327 3450 consuetudo,
3380 3379 3653 3436 colendos

2009 3481 2246 3535 tradidit
2276 3483 2334 3535 et
2391 3478 2714 3533 adorandos
2748 3493 2761 3531 :
2795 3475 3095 3531 Christum
3144 3478 3363 3537 autem,
3397 3470 3496 3541 qui
3528 3468 3653 3523 heri

2012 3570 2185 3640 coepit
2214 3584 2362 3638 esse,
2394 3571 2451 3622 et
2478 3582 2593 3622 non
2630 3563 2874 3620 multum
2910 3566 3040 3619 ante
3087 3564 3350 3617 nostram
3395 3561 3648 3623 aetatem,

2016 3660 2191 3714 Deum
2234 3662 2368 3712 ante
2400 3654 2633 3724 saecula,
2671 3662 2723 3710 et
2754 3656 2967 3724 Regem
3003 3651 3407 3706 universorum
3441 3646 3653 3717 praedi-

2013 3749 2159 3805 catis
2180 3788 2192 3801 .
2222 3748 2507 3802 Macarius
2536 3750 2731 3800 autem
2767 3762 2779 3799 :
2814 3748 2940 3799 Non
2966 3742 3067 3798 tibi
3099 3740 3475 3802 suffecerunt,
3512 3754 3543 3791 ο
3574 3736 3659 3790 vir

2014 3838 2407 3910 iniquissime,
2468 3836 2762 3908 sapientes
2820 3833 3064 3906 Eugenii
3114 3827 3657 3889 demonstrationes,

2014 3928 2167 4000 quod
2198 3928 2397 3983 eadem
2432 3930 2488 3982 et
2518 3925 2589 3981 de
2620 3923 2824 3981 iisdem
2877 3938 3107 3993 semper
3136 3922 3456 3989 interrogas
3485 3917 3512 3969 ‘2
3533 3916 3656 3969 Cm-

2013 4021 2197 4071 terum
2230 4031 2335 4087 ego
2367 4030 2601 4085 quoque
2624 4012 2725 4067 tibi
2758 4012 2957 4067 eodem
2992 4011 3185 4075 modo,
3218 4024 3327 4079 quo
3368 4007 3491 4077 ipse
3523 4004 3655 4059 red-

2015 4106 2146 4161 dam
2182 4121 2458 4176 responsa
2491 4120 2503 4157 :
2537 4102 2701 4168 Quod
2731 4102 3015 4167 Christus,
3049 4115 3221 4172 quem
3256 4106 3316 4152 tu
3351 4094 3558 4150 irrides
3590 4108 3654 4147 ac

2014 4194 2355 4258 ludiﬁcaris,
2390 4195 2515 4265 ipse
2561 4194 2682 4248 suis
2710 4191 2858 4247 dixit
2906 4188 3213 4261 discipulis
3248 4204 3260 4241 :
3290 4208 3316 4237 ι(
3350 4185 3567 4240 Euntes
3596 4181 3657 4236 in

2018 4285 2304 4340 mundum
2338 4285 2698 4349 universum,
2733 4282 2937 4337 docete
2981 4295 3183 4336 omnes
3215 4280 3435 4347 gentes,
3470 4272 3658 4345 bapti-

2018 4378 2218 4429 zantes
2256 4390 2354 4428 eos
2384 4372 2442 4427 in
2502 4371 2739 4427 nomine
2781 4369 2989 4438 Patris,
3021 4373 3079 4424 et
3122 4367 3274 4433 Filii,
3308 4370 3363 4421 et
3410 4363 3663 4435 Spiritus

2018 4464 2229 4531 sancti,
2289 4463 2564 4518 docentes
2622 4477 2718 4517 eos
2768 4473 2999 4516 servare
3048 4456 3249 4513 omnia
3306 4465 3668 4525 quaecunque

2019 4551 2291 4608 mandavi
2329 4551 2490 4607 vobis
2521 4551 2564 4604 ³.
2599 4572 2626 4599 ››
2658 4550 2765 4613 Qui
2798 4551 2969 4604 etiam
3017 4545 3257 4620 profecti
3289 4544 3411 4599 haec
3442 4543 3664 4597 docue-

263 4634 639 4705 πορευθέντες,
696 4638 862 4690 ταῦτα
936 4633 1198 4706 ἐδίδαξαν,
1261 4636 1472 4714 φεύγειν
1531 4658 1588 4693 τε
1637 4637 1745 4693 ἀπὸ
1800 4643 1898 4693 τῶν

2023 4646 2183 4707 runt,
2216 4642 2411 4712 fugere
2442 4657 2589 4695 vana
2628 4639 2961 4705 simulacra,
2995 4642 3053 4693 et
3094 4634 3349 4693 converti
3384 4633 3451 4687 ad
3490 4632 3667 4685 Deum

269 4723 509 4795 ματαίων
552 4721 823 4793 εἶδώλων,
863 4726 953 4780 καὶ
993 4724 1328 4801 ἐπιστρέφειν
1388 4727 1475 4782 ἐπὶ
1526 4728 1655 4783 Θεὸν
1713 4734 1908 4799 ζῶντα,

266 4814 325 4873 ὃς
372 4808 547 4868 ἔκτισε
601 4814 694 4868 τὸν
746 4815 976 4888 οὐρανὸν
1028 4816 1116 4871 καὶ
1161 4817 1261 4884 τὴν
1310 4823 1439 4892 γῆν,
1474 4818 1525 4872 οἱ
1566 4815 1621 4872 δὲ
1662 4819 1774 4873 θεοί
1814 4836 1914 4873 σου

265 4901 357 4965 οὒς
406 4904 571 4963 αὐτὸς
610 4910 957 4977 προσκυνεῖς,
1004 4902 1280 4977 δαιμόνων
1335 4906 1434 4961 εἰσὶ
1480 4905 1779 4980 πλάσματα
1824 4906 1914 4962 καὶ

269 4991 452 5065 μύθων
502 4991 791 5066 εὐρέματα,
847 4993 937 5048 καὶ
998 4990 1322 5064 διαϐολικῆς
1383 4994 1645 5071 ἐνεργείας
1712 5018 1913 5075 κυοφο-

265 5082 505 5154 ρήματα.
542 5082 695 5157 Λέγει
757 5084 862 5159 γὰρ
918 5083 1039 5157 περὶ
1090 5084 1264 5139 αὐτῶν
1316 5086 1350 5153 ἡ
1405 5086 1644 5161 ἡμετέρα
1702 5087 1913 5163 Γραφή,

265 5171 389 5225 Θεοὶ
421 5170 475 5225 οἳ
502 5174 595 5226 τὸν
628 5172 852 5246 ούρανὸν
884 5174 974 5227 καὶ
1024 5174 1122 5241 τὴν
1164 5180 1264 5248 γῆν
1313 5174 1412 5228 ούκ
1456 5172 1713 5244 ἐποίησαν
1772 5177 1917 5230 ἀπο-

264 5258 564 5324 λέσθωσαν.
599 5261 675 5318 Οὐ
712 5261 875 5334 μόνον
920 5259 997 5332 δὲ,
1030 5261 1176 5317 ἀλλὰ
1215 5264 1304 5317 καὶ
1362 5262 1531 5336 νόμος
1567 5264 1765 5325 αὐτοὺς
1795 5261 1913 5320 ἓτε-

264 5370 358 5424 ρος
403 5348 709 5425 βασιλικὸς,
756 5352 784 5405 ὁ
830 5349 976 5426 παρᾶ
1023 5351 1431 5410 Κωνσταντίνου
1480 5356 1577 5408 τοῦ
1632 5358 1729 5408 σοῦ
1781 5375 1914 5431 συγ-

336 5498 357 5532 ²
381 5498 589 5571 Matth,
611 5516 785 5570 xxvu,
820 5501 907 5571 19,
937 5501 1028 5556 20.
1121 5500 1145 5535 ³
1172 5500 1287 5560 Jer.
1319 5518 1375 5572 x,
1407 5503 1497 5559 11.

2022 4731 2241 4799 vivum,
2276 4730 2375 4801 qui
2436 4730 2650 4785 creavit
2708 4728 2918 4785 coelum
2966 4731 3022 4783 et
3050 4732 3287 4782 terram.
3337 4722 3423 4777 Dii
3472 4723 3665 4775 autem

2024 4822 2132 4889 tui,
2158 4838 2304 4892 quos
2332 4821 2455 4891 ipse
2488 4819 2716 4887 adoras,
2750 4825 2887 4873 sunt
2926 4818 3205 4889 figmenta
3236 4814 3585 4875 daemonum,
3610 4814 3668 4864 et

2024 4909 2256 4966 inventa
2297 4909 2626 4963 fabularum
2658 4908 3073 4978 diabolicaeque
3107 4907 3261 4960 fetus
3290 4900 3662 4975 operationis.

2024 4998 2102 5054 De
2134 4998 2205 5053 iis
2242 4998 2398 5054 enirn
2439 4996 2582 5051 dicit
2614 5000 2815 5052 nostra
2843 4996 3143 5067 Scriptura
3178 5010 3191 5048 :
3226 5014 3253 5044 «
3282 4993 3391 5056 Dii,
3425 4990 3524 5061 qui
3557 5005 3666 5044 cce-

2023 5087 2146 5143 lum
2179 5092 2237 5143 et
2268 5092 2481 5143 terram
2514 5103 2628 5142 non
2683 5087 2965 5151 fecerunt,
3014 5087 3253 5156 pereant
3283 5083 3324 5137 ².
3362 5103 3389 5131 ››
3413 5080 3527 5136 Νεο
3559 5078 3668 5135 hoc

2022 5177 2237 5244 solum,
2270 5177 2371 5231 sed
2404 5174 2515 5230 alia
2547 5191 2777 5247 quoque
2809 5172 3296 5245 leximperatoria
3325 5187 3357 5226 a
3387 5171 3668 5225 Constan-

2021 5268 2144 5323 tino
2170 5271 2270 5323 tuo
2301 5271 2547 5337 cognato
2572 5267 2707 5333 lata,
2740 5282 2839 5321 eos
2866 5263 3104 5336 expellit
3128 5261 3198 5317 ab
3227 5260 3589 5324 adoratione,
3612 5266 3667 5314 et

2021 5355 2287 5414 dissolvit
2312 5370 2509 5413 eorum
2543 5356 2738 5412 cultus
2760 5354 2783 5389 ³
2805 5373 2818 5411 :
2840 5354 2941 5425 qui
2971 5367 3103 5409 cum
3132 5350 3191 5405 in
3224 5348 3519 5405 Christum
3542 5363 3666 5405 cre-

345 5644 425 5715 (1)
456 5642 841 5728 Huiuslogis,
884 5645 968 5728 vel
1002 5646 1196 5719 potius
1228 5646 1433 5705 harum
1468 5648 1654 5721 legum
1682 5650 2177 5710 meminitEuseb.
2206 5651 2308 5709 lib.
2341 5668 2377 5709 ιι
2409 5650 2550 5710 Vitae
2583 5650 2944 5711 Conslantini
2976 5671 3103 5728 cap.
3146 5655 3233 5724 43,
3267 5653 3333 5711 44
3366 5650 3453 5720 45,
3487 5647 3666 5710 etllb.

266 5732 342 5784 xv,
366 5731 488 5787 cap.
516 5718 586 5772 23
609 5735 623 5785 ;
658 5715 862 5775 Baron.
885 5720 973 5775 32.
