4012 6220
406 292 561 350 1183

1744 288 2028 349 MENSIS
2071 288 2454 351 OCTOBER.

3650 296 3785 354 1181

403 450 665 517 didisset,
698 449 987 507 idolorum
1020 450 1244 521 templa
1273 448 1473 507 evertit
1494 449 1713 516 omnia,
1741 453 1801 505 et
1820 466 1947 521 quae
1965 449 2039 505 eis

2158 452 2345 522 γενοῦς
2404 446 2659 517 ἔκτεθεῖς,
2719 444 2977 505 ἐκϐάλλει
3049 455 3150 520 τῆς
3226 452 3670 525 προσκυνήσεως,
3716 455 3789 508 καὶ

405 540 749 610 oﬂ'eruntur,
773 539 1058 595 sacrificia
1088 543 1285 611 aperte
1315 539 1446 595 fecit
1467 555 1715 597 cessare.
1748 539 1895 604 Quid
1919 556 2055 611 ergo

408 628 544 683 mali
569 629 837 698 facimus,
870 646 902 685 o
936 629 1272 700 imperator,
1306 629 1355 684 si
1407 645 1537 700 quae
1578 629 1729 685 Deus
1760 628 1964 699 jussit,
1997 637 2052 685 et

408 732 659 788 magnus
688 719 891 774 statuit
921 718 1254 790 imperator,
1278 735 1595 785 servamus,
1619 718 1957 775 ethomines
1980 719 2051 774 ad

407 822 475 862 ea
505 807 836 863 hortamur:
860 825 985 880 qua:
1018 812 1214 864 autem
1244 812 1524 875 veterum,
1557 814 1616 862 ut
1647 806 1866 876 dixisti,
1899 807 2056 863 viro—

406 912 538 951 rum
568 897 898 964 ignorantia
920 914 987 953 ex
1004 898 1336 955 daemonum
1359 898 1581 953 invenit
1598 896 2052 962 machinatione,

406 987 832 1055 interdicimus,
866 992 922 1043 et
953 988 1144 1044 modis
1184 988 1455 1044 omnibus
1490 987 1914 1059 prohibemus?

2164 534 2425 592 καταλύει
2483 538 2663 593 αὐτῶν
2722 538 2790 592 τὰ
2843 533 3178 612 σεϐάσματα,
3220 539 3279 601 ’ὸς
3320 540 3395 602 εἷς
3454 542 3685 615 Χριστὸν
3723 563 3793 595 πι-

2161 626 2402 697 στεύσας,
2432 628 2500 681 τὰ
2544 631 2654 681 τῶν
2704 625 2951 682 εἰδώλων
3006 624 3204 701 τεμένη
3257 627 3426 684 πάντα
3462 630 3794 703 κατέστρεᾲε,

2161 715 2251 770 καὶ
2318 717 2416 779 τὰς
2495 717 2901 791 προσαγομένας
2988 716 3172 780 θυσίας
3254 716 3441 779 αὐτοῖς
3511 716 3796 794 διαρῥήδην

2162 803 2483 860 κατέπαυσε.
2513 806 2577 863 Τί
2627 806 2809 861 τοίνυν
2865 802 3185 878 ἀδικοῦμεν,
3228 806 3273 860 ὦ
3328 807 3576 882 βασιλεῦ,
3617 808 3651 862 ἃ
3688 807 3798 869 Θεὸς

2164 895 2476 969 προσέταξε,
2527 894 2616 950 καὶ
2686 893 2942 970 βασιλεὺς
3007 895 3177 970 μέγας
3241 898 3635 970 νενομοθέτηκε
3688 918 3799 971 κρα-

2163 982 2429 1051 τύνοντες,
2479 984 2569 1038 καὶ
2628 979 2801 1039 σέϐειν
2857 985 2986 1047 τοὺς
3036 983 3355 1059 ἀνθρώπους
3410 985 3799 1059 ὑποτιθέμενοι,

409 1074 442 1129 ἃ
487 1073 544 1130 δὲ
590 1078 624 1145 ἡ
679 1080 783 1133 τῶν
842 1076 1113 1147 παλαιῶν,
1147 1079 1221 1140 ὼς
1268 1076 1424 1155 ἔφης,
1457 1074 1662 1150 ἀνδρῶν
1710 1074 1866 1133 ἄνοια
1924 1073 1983 1129 ἐκ
2036 1080 2137 1145 τῆς
2183 1079 2290 1129 τῶν
2343 1073 2617 1148 δαιμόνων
2663 1073 2852 1152 ἒφεῦρε
2894 1095 3020 1151 μηχ
3048 1076 3361 1153 ανουργίας,
3393 1076 3803 1152 ἀπαγορεύοντες

409 1186 467 1220 τε
497 1167 585 1221 καὶ
617 1172 747 1222 πΞσι
776 1169 1003 1241 τρόποις
1035 1167 1454 1229 διακωλύοντες.

480 1258 621 1314 ΧΧΙ.
656 1261 1079 1331 Transgressor
1107 1269 1297 1317 autem
1327 1259 1619 1329 Julianus,
1641 1260 1750 1315 Sed
1782 1260 2058 1315 Constan-

410 1346 591 1413 tinus,
623 1347 838 1419 inquit,
869 1365 1003 1404 cum
1043 1349 1366 1405 miserrime
1397 1349 1661 1421 quaedam
1718 1347 2056 1404 innovasset

412 1442 648 1508 propter
694 1438 743 1493 ei
777 1443 938 1507 grata
968 1439 1205 1506 scelera,
1240 1438 1450 1494 defecit
1484 1455 1517 1493 a
1541 1438 1675 1504 diis,
1714 1439 1988 1508 deceptus
2019 1454 2053 1493 a

410 1526 572 1582 vobis
601 1527 865 1599 Gnlilaals,
900 1533 966 1584 ut
989 1530 1085 1601 qui
1106 1534 1257 1586 esset
1279 1530 1438 1585 nulla
1460 1529 1727 1586 doctrina
1750 1527 2047 1600 praeditus,

409 1622 465 1671 et
494 1634 599 1672 nec
633 1619 935 1685 Romanis,
984 1635 1088 1675 nec
1137 1620 1351 1677 Graecis
1382 1619 1612 1691 legibus
1671 1635 1737 1675 ac
1787 1617 2049 1673 moribus

2237 1256 2347 1313 ΚΓ.
2386 1256 2487 1312 Καὶ
2545 1256 2573 1311 ὁ
2614 1251 2935 1331 παραϐάτης
2966 1273 2980 1287 ⁶
3034 1254 3213 1314 Ἀλλά
3259 1263 3694 1325 Κωνσταντῖνος,
3731 1256 3803 1312 οἷ-

2160 1344 2429 1420 κτρύτατα
2458 1344 2803 1419 νεωτερίσας,
2846 1342 2936 1400 διά
2970 1346 3066 1409 τὰς
3095 1345 3259 1424 φίλας
3319 1348 3471 1418 αὐτῷ
3530 1346 3797 1420 ἀνοσιουρο

2161 1434 2283 1508 γίας
2340 1432 2541 1505 ἀπέστη
2602 1438 2707 1489 τῶν
2765 1435 2925 1505 θεῶν,
2988 1436 3073 1513 ὑφ’
3114 1437 3277 1507 ἡμῶν
3327 1440 3437 1490 τῶν
3498 1434 3800 1491 Γαλιλαίων

2159 1520 2533 1595 ἐξαπατηθεὶς,
2564 1522 2655 1577 ἅτε
2695 1521 2761 1591 δὴ
2806 1523 2896 1578 καὶ
2936 1520 3183 1584 παιδείας
3224 1524 3524 1600 ἀμέτοχος,
3574 1525 3667 1578 καὶ
3710 1528 3801 1597 μή-

2155 1632 2213 1667 τε
2242 1617 2359 1675 τοῖς
2389 1612 2723 1685 Ῥωμαϊκοῖς
2773 1609 3131 1684 έμπεδωθεὶς,
3178 1615 3319 1685 μήτε
3372 1618 3491 1675 τοῖς
3563 1611 3804 1683 Έλληνι-

409 1707 804 1765 conﬁrmatus.
865 1710 982 1781 Ego
1023 1714 1240 1779 autem,
1273 1726 1305 1764 ο
1335 1690 1537 1780 impie,
1587 1707 1684 1778 qui
1716 1706 1948 1778 perveni
1979 1706 2039 1762 ad

2160 1706 2277 1764 κοῖς
2305 1700 2498 1775 νόμοις
2524 1702 2611 1756 καὶ
2646 1699 2836 1773 ἔθεσιν,
2867 1700 2979 1779 ἐγὼ
3010 1698 3090 1770 δὲ,
3123 1702 3167 1756 ὧ
3197 1702 3397 1776 ἀνόσιε,
3418 1709 3522 1773 τῆς
3555 1701 3803 1772 Ἐλληνι-

409 1812 708 1853 summum
740 1798 943 1854 Graecae
974 1802 1032 1854 et
1066 1804 1337 1855 Romanae
1378 1798 1744 1867 eruditionis,
1777 1804 1830 1853 el
1872 1797 1930 1852 in
1964 1812 2054 1852 ve-

408 1890 599 1941 terum
628 1890 885 1944 virorum
907 1889 1218 1960 theologia,
1235 1889 1528 1956 Mercurii,
1551 1888 1817 1960 inquam,
1838 1885 2052 1958 Orphei

410 1983 461 2032 et
493 1975 743 2033 Platonis
774 1996 908 2035 sum
948 1980 1318 2046 exercitatus,
1350 1984 1408 2035 et
1438 1979 1499 2035 in
1528 1978 1792 2036 Judaicis
1822 1992 2054 2047 quoque

409 2065 715 2136 scripturis
764 2085 879 2123 non
914 2085 1122 2139 parum
1166 2074 1455 2135 versatus,
1487 2072 1711 2124 vestras
1762 2065 1930 2122 nihili
1964 2067 2050 2120 fa-

408 2153 565 2210 ciens
624 2157 972 2228 praestigias,
1009 2159 1180 2227 jubeo
1211 2158 1481 2214 homines
1503 2158 1692 2213 redire
1722 2158 1794 2211 ad
1828 2170 2049 2211 morem

408 2246 464 2296 et
482 2243 705 2299 cultum
730 2262 762 2300 a
791 2248 1059 2316 patribus
1077 2248 1380 2316 traditum,
1415 2252 1472 2302 et
1496 2245 1975 2317 antiquissimum
1995 2249 2052 2300 et

405 2330 591 2401 pium,
624 2332 875 2390 multum
933 2336 1123 2391 valere
1172 2336 1389 2407 jubens
1421 2336 1626 2391 inanes
1680 2334 2049 2390 indoctorum

403 2420 729 2491 Opiniones.
754 2424 864 2479 Sed
904 2424 1001 2480 hic
1032 2442 1264 2499 quoque
1288 2432 1444 2483 veste
1476 2428 1743 2491 exuatur,
1774 2428 1832 2480 et
1860 2421 2050 2493 ﬂagel-

398 2509 589 2565 lorum
612 2511 783 2567 faciat
804 2513 1152 2584 periculum,
1169 2523 1309 2571 utex
1325 2515 1433 2572 hoc
1447 2516 1683 2571 effectus
1709 2513 2045 2582 modestior,

397 2598 483 2654 vel
516 2599 731 2655 invitus
762 2604 980 2659 nostris
1012 2620 1074 2659 se
1104 2605 1412 2661 submittat
1440 2605 1686 2677 legibus.

2163 1797 2265 1860 κῆς
2322 1812 2379 1846 τε
2435 1791 2525 1845 καὶ
2566 1794 2887 1864 Ῥωμαϊκῆς
2944 1788 3188 1853 παιδείας
3235 1790 3403 1866 ἄκρας
3468 1790 3804 1864 ἐπειλημμέ-

2162 1903 2277 1955 νος,
2306 1882 2396 1937 καὶ
2452 1882 2548 1944 τὰς
2605 1887 2715 1937 τῶν
2758 1879 3009 1936 παλαιῶν
3051 1878 3259 1957 ἀνδρῶν
3291 1878 3585 1958 θεολογίας
3617 1884 3804 1953 Ἑρμοῦ

2161 1974 2220 2029 τὲ
2277 1993 2422 2051 φημι
2478 1970 2569 2026 καὶ
2601 1972 2843 2048 Ὀρφέως
2893 1972 2986 2026 καὶ
3045 1970 3361 2041 Ηλάτωνος,
3421 1970 3799 2044 ἐξησκημένος,

2162 2061 2270 2136 οὐχ
2297 2062 2489 2132 ἣκιστα
2547 2057 2604 2115 δὲ
2644 2059 2733 2116 καὶ
2771 2065 2891 2122 ταῖς
2924 2058 3251 2124 Ἰουδαϊκαῖς
3295 2065 3540 2136 γραφαῖς
3594 2060 3801 2131 ὡμιλη-

2158 2152 2291 2220 κὼς,
2332 2152 2422 2207 καὶ
2460 2153 2562 2221 τὴν
2608 2150 2821 2207 τούτων
2872 2151 3149 2226 τερθρείαν
3207 2149 3602 2220 έξουθενηκὼς,
3649 2149 3796 2205 πάλιν

2158 2241 2246 2298 ἐπὶ
2284 2243 2347 2297 τὸ
2386 2239 2871 2317 πατροπαράδοτον
2913 2242 3001 2296 καὶ
3052 2240 3418 2316 ἀρχαιότατον
3477 2241 3573 2296 καὶ
3630 2251 3798 2315 θεοφι-

2158 2330 2251 2386 λὲς
2298 2332 2426 2393 τοὺς
2481 2331 2801 2407 ἀνθρώπους
2840 2324 2959 2394 ἔθος
3022 2351 3082 2386 τε
3139 2332 3227 2385 καὶ
3270 2325 3429 2392 σέϐας
3488 2330 3799 2405 ἀνατρέχειν

2158 2416 2568 2494 διακελεύομαι,
2604 2419 2784 2496 μακρά
2815 2419 3028 2498 χαίρειν
3086 2420 3252 2475 εἰπὼν
3312 2424 3435 2481 ταῖς
3493 2420 3609 2474 τῶν
3652 2419 3801 2473 άπαι-

2157 2506 2356 2566 δεύτων
2406 2508 2772 2585 κενολογίαις,
2819 2508 2969 2579 ἀλλ’,
3000 2508 3445 2585 ἀπογυμνούσθω
3492 2510 3593 2564 καὶ
3652 2509 3793 2569 οὗτος

2153 2606 2255 2669 τῆς
2313 2601 2639 2675 ἀμπεχόνης
2702 2599 2792 2655 καὶ
2850 2602 2949 2669 τῆς
3012 2603 3120 2654 τῶν
3184 2598 3463 2677 μαστίγων
3504 2599 3702 2674 πείρας
3749 2596 3796 2652 ἒν

401 2684 604 2758 μεθέξει
661 2686 910 2762 γινέσθω,
953 2689 1027 2753 ὡς
1084 2689 1144 2746 ἃν
1199 2691 1258 2746 ἐκ
1316 2690 1511 2748 τούτου
1571 2690 2003 2768 σωφρονέστερος
2059 2688 2323 2764 γεγονὼς,
2382 2693 2497 2751 τοῖς
2557 2687 2849 2764 ἡμετέροις
2900 2690 3092 2763 νόμοις
3150 2689 3243 2743 καὶ
3311 2710 3387 2762 μη
3462 2687 3798 2764 βουλόμενος

395 2774 711 2850 ὒποκύψειε.

466 2868 638 2926 XXII.
672 2872 817 2929 Cum
875 2875 935 2930 hi
981 2892 1113 2946 ergo
1170 2877 1491 2933 inhumane
1534 2876 1953 2942 cruciarentur,
1985 2876 2043 2929 et

398 2960 755 3029 gravissimis
787 2963 1160 3021 afﬁcerentur
1191 2965 1546 3028 verberibus.
1570 2965 1774 3021 beatus
1803 2967 1860 3019 et
1906 2963 2039 3035 pius

397 3048 714 3117 Artemius,
750 3050 872 3121 qui,
922 3058 987 3108 ut
1025 3054 1193 3123 prius
1223 3061 1307 3110 est
1338 3058 1663 3123 ostensum,
1696 3054 1814 3108 dux
1845 3055 1901 3108 et
1927 3052 2039 3107 Au-

2222 2870 2345 2928 KB'.
2393 2869 2616 2928 Τούτων
2676 2868 2856 2926 τοίνυν
2923 2868 3297 2945 ἀπανθρώπως
3360 2867 3790 2944 τιμωρουμένων

2149 2960 2431 3033 αἰκισμοῖς
2502 2980 2560 3015 τε
2643 2960 2969 3036 βαρυτάτοις
3054 2959 3458 3034 ἀλγυνομένων,
3510 2960 3541 3015 ὃ

2150 3070 2267 3126 ριος
2308 3051 2400 3107 καὶ
2458 3047 2683 3120 εὐσεϐὴς
2716 3051 3021 3127 Ἀρτέμιος,
3055 3050 3129 3113 ὡς
3179 3047 3633 3126 προδεδήλωται,
3667 3048 3789 3118 Δοὶιξ

397 3135 645 3205 gustatis
691 3139 918 3211 Egypti
977 3141 1089 3197 fuit
1126 3159 1159 3196 a
1208 3142 1544 3198 Constantio
1585 3143 1959 3208 constitutus,
1984 3144 2039 3196 et

2154 3139 2239 3196 καὶ
2288 3138 2703 3215 Δύγουστάλιος
2765 3140 2870 3197 ὑπὺ
2915 3140 3291 3199 Κωνσταντίου
3358 3146 3460 3209 τῆς
3514 3139 3787 3214 Αἰγύπτου

398 3229 701 3297 propterea
731 3230 886 3299 quod
912 3246 974 3286 se
1004 3235 1155 3287 recte
1177 3239 1232 3287 et
1261 3232 1483 3304 integre
1512 3235 1737 3304 gereret
1766 3232 1824 3287 in
1857 3230 2042 3286 admi-

398 3314 763 3386 nistratione,
797 3334 991 3376 rerum
1025 3337 1258 3393 quoque
1286 3322 1459 3394 Syrias
1492 3327 1791 3394 acceperat
1829 3338 2036 3393 procu-

399 3404 704 3474 rationem,
733 3412 1037 3479 postquam
1067 3410 1289 3466 audivit
1309 3412 1622 3483 imperium
1645 3420 1835 3468 tenere
1860 3410 2041 3467 Julia-

400 3508 565 3563 num,
599 3499 655 3550 et
684 3497 756 3551 ad
789 3496 1007 3554 bellum
1040 3499 1340 3557 Persicum
1374 3517 1704 3573 properare,
1739 3505 1797 3556 et
1818 3499 2042 3570 accepit

397 3581 641 3672 litteras,
669 3603 796 3658 quae
837 3588 1148 3659 jubebant,
1190 3595 1252 3646 ut
1297 3606 1430 3647 cum
1488 3595 1607 3648 toto
1665 3591 1915 3648 exercitu
1965 3590 2069 3672 ad.

396 3670 807 3744 imperatorem
864 3678 1181 3747 accederet,
1214 3680 1343 3752 ipse
1397 3696 1628 3752 quoque
1676 3678 2037 3736 Antiochiam

394 3761 574 3830 venit,
612 3767 675 3819 ut
701 3766 905 3835 jussus
936 3768 1144 3834 fuerat,
1177 3772 1233 3825 et
1292 3786 1427 3825 cum
1475 3785 1563 3836 eo,
1596 3786 1730 3825 cum
1763 3785 1880 3841 quo
1940 3784 2040 3839 par

398 3858 539 3919 erat,
592 3852 810 3910 honore
882 3859 939 3912 et
995 3857 1341 3915 satellitibus
1398 3858 1627 3915 adstitit
1682 3859 2037 3931 imperatori,

398 3942 629 4009 quando
678 3944 750 4000 de
788 3946 1139 4018 martyribus
1182 3947 1435 4004 habebat
1473 3948 1874 4020 quaestionem.
1907 3949 2039 4005 Haec

398 4038 589 4086 autem
622 4032 848 4102 videns,
880 4040 937 4089 et
969 4037 1141 4093 corde
1163 4036 1481 4105 sauciatus,
1506 4041 1562 4094 et
1592 4054 1654 4094 se
1674 4040 1880 4095 erroris
1911 4055 2041 4095 esse

399 4119 783 4193 defensorem,
816 4124 865 4179 si
907 4125 1118 4182 tacitus
1151 4143 1236 4196 ea,
1268 4144 1397 4199 quae
1430 4127 1667 4196 ﬁebant,
1704 4128 2035 4199 przeteriret,

396 4208 731 4279 arbitratus,
771 4212 951 4270 libere
986 4216 1057 4271 de
1108 4216 1320 4288 pietate
1349 4216 1613 4289 loquitur
1641 4235 1707 4275 ac
1736 4234 1870 4275 vera
1902 4218 2038 4275 reli-

396 4297 589 4368 gione,
623 4308 677 4357 et
697 4302 837 4358 dicit
865 4306 914 4359 ei
939 4322 951 4360 :
977 4305 1020 4360 Ο
1042 4306 1380 4379 imperator,
1414 4323 1513 4365 cur
1544 4309 1686 4365 adeo
1719 4308 2039 4365 inhumane

394 4391 635 4460 torques
668 4392 826 4448 viros
857 4403 1087 4452 sanctos
1127 4405 1180 4453 et
1208 4402 1321 4453 Deo
1362 4401 1750 4467 consecratos,
1784 4404 1841 4455 et
1879 4399 2037 4471 cogis

2149 3231 2521 3301 κατασταθεὶς,
2550 3231 2639 3285 καὶ
2693 3227 2779 3285 διὰ
2829 3232 2927 3300 τὴν
2978 3231 3143 3305 ὀρθὴν
3178 3230 3340 3285 αὐτοῦ
3392 3229 3483 3284 καὶ
3549 3230 3789 3303 ἀμώμη-

2148 3342 2241 3376 τον
2288 3322 2502 3395 πρᾶξιν,
2536 3322 2841 3396 ἒπιτροπήν
2888 3316 3071 3376 λαϐὼν
3122 3321 3211 3375 καὶ
3268 3324 3376 3376 τῶν
3434 3326 3540 3389 τῆς
3604 3319 3789 3392 Συρίας

2150 3410 2523 3483 ἐπιμελεῖσθαι
2599 3410 2953 3488 πραγμάτων,
3039 3410 3273 3472 ἀκούσας
3340 3411 3425 3465 δτι
3497 3408 3785 3467 Ἰουλιανὸς

2152 3495 2525 3574 βεϐασίλευκε,
2583 3500 2676 3556 καὶ
2732 3501 2868 3577 πρὸς
2927 3500 3019 3556 τὸν
3086 3499 3346 3575 Περσικὸν
3423 3499 3782 3574 κατεπείγεται

2146 3591 2418 3665 πόλεμον,
2460 3589 2762 3667 γράμματα
2828 3588 3114 3665 δεξάμενος
3179 3589 3245 3645 τὰ
3308 3587 3783 3665 παρακελευόμενα

2152 3682 2287 3753 μετά
2368 3681 2565 3744 παντὸς
2646 3685 2744 3737 τοῦ
2826 3681 3229 3757 στρατεύματος
3307 3678 3387 3739 εἰς
3457 3677 3789 3752 ’Δντιόχειαν

2148 3768 2408 3842 ἀπαντᾷν,
2443 3770 2580 3826 κατά
2626 3770 2687 3825 τὸ
2751 3766 3037 3826 κελευαθὶν
3094 3769 3183 3823 καὶ
3247 3767 3410 3830 αὐτὸς
3469 3767 3547 3829 εἷς
3591 3766 3787 3823 Ἀντιόα

2149 3877 2304 3933 χειαν
2341 3860 2685 3937 παρεγένετο,
2724 3859 2816 3914 καὶ
2869 3862 3003 3933 μετὰ
3047 3865 3149 3929 τῆς
3196 3857 3594 3933 προσηκούσης
3652 3855 3787 3925 αύσῷ

2147 3951 2316 4022 τιμῆς
2364 3969 2423 4003 τε
2478 3950 2569 4003 καὶ
2623 3947 2949 4024 δορυφορίας
2996 3948 3345 4023 παρειστήκει
3408 3950 3489 4018 τῷ
3552 3945 3782 4019 βασιλεῖ,

2150 4038 2239 4093 ὅτε
2268 4038 2358 4093 καὶ
2406 4039 2505 4107 τὴν
2548 4043 2658 4094 τῶν
2709 4036 2880 4114 ἁγίων
2931 4038 3218 4113 μαρτύρων
3267 4035 3505 4091 ἐποιεῖτο
3541 4033 3778 4105 ἐξέτασιν.

2147 4126 2249 4181 Καὶ
2291 4124 2358 4195 δὴ
2397 4130 2565 4183 ταῦτα
2594 4128 2760 4201 ὁρῶν,
2800 4126 3037 4204 πληγεὶς
3076 4147 3135 4181 τε
3161 4126 3261 4193 τὴν
3310 4121 3560 4199 καρδίαν,
3597 4123 3684 4178 καὶ
3714 4121 3780 4181 ὡς

2150 4217 2454 4293 συνήγορος
2486 4217 2619 4271 εἶναι
2667 4220 2736 4290 τῇ
2784 4215 2965 4290 πλάνῃ
2997 4216 3226 4290 νομίσας
3258 4212 3304 4269 εί
3342 4216 3565 4268 σιωπῶν
3599 4209 3781 4286 παρέλ-

2150 4308 2340 4372 θοιτά
2394 4306 2675 4383 γινόμενα,
2724 4306 3153 4383 παρρησιάζεται
3201 4305 3302 4374 τήν
3351 4297 3658 4368 εὐσέϐειαν,
3701 4297 3781 4354 καί

2147 4418 2281 4474 φησι
2310 4397 2447 4471 πρὸς
2478 4396 2658 4466 αὐτὸν,
2684 4400 2749 4451 Ὢ
2792 4394 3045 4471 βασιλεῦ,
3078 4393 3217 4450 διατί
3279 4393 3451 4455 οὕτως
3511 4390 3782 4464 ἀπανθρώ-

394 4479 570 4576 fidem
601 4498 780 4576 suam,
806 4485 1138 4558 abnegare?
1164 4490 1325 4545 Scias
1342 4492 1397 4546 te
1428 4506 1659 4562 quoque
1679 4491 1874 4564 ipsum
1906 4506 2035 4547 esse

2154 4508 2254 4556 πω,
2287 4484 2480 4562 ἄνδρας
2530 4488 2721 4563 ἁγίους
2766 4485 2856 4542 καὶ
2907 4489 3023 4558 Θεῷ
3069 4484 3484 4562 ἀφιερωμένους
3543 4481 3779 4550 αἱκίζεις,

393 4569 707 4641 hominem,
732 4574 1049 4632 obnoxium
1082 4577 1286 4634 iisdem
1320 4580 1751 4649 affectionibus,
1782 4584 1839 4636 et
1862 4580 2036 4652 parti-

394 4659 580 4731 cipem
599 4664 863 4734 ejusdem
888 4670 1547 4734 naturae,etearumdem
1570 4668 2033 4742 perpessionum,

392 4749 618 4807 etiamsi
643 4756 699 4808 te
720 4755 873 4810 Deus
904 4757 1118 4812 creavit
1147 4756 1579 4830 imperatorem,
1600 4759 1646 4816 si
1666 4759 1839 4815 modo
1862 4776 1895 4815 a
1918 4759 2034 4816 Deo

391 4841 663 4912 accepisti
692 4841 1024 4914 imperium,
1057 4849 1114 4901 et
1148 4864 1263 4903 non
1296 4848 1489 4920 potius
1511 4848 1701 4905 malus
1730 4850 1956 4906 daamon
1976 4853 2033 4907 te

389 4930 666 4989 adversus
706 4950 814 4990 nos
872 4936 1121 5007 petitum
1172 4939 1413 5010 accepit,
1447 4944 1508 4995 ut
1565 4941 1775 4996 cribret
1820 4940 2032 4997 Christi

387 5021 649 5079 triticum
699 5028 757 5080 et
813 5028 1241 5097 superseminet
1285 5028 1527 5085 zizania.
1560 5030 1670 5086 Sed
1719 5034 1808 5086 est
1844 5046 2032 5087 vanus

389 5110 516 5181 ejus
550 5116 809 5171 conatus.
848 5115 975 5173 Non
1016 5121 1157 5173 sunt
1182 5120 1336 5174 enim
1370 5118 1420 5174 ei
1452 5118 1626 5187 vires,
1652 5122 1713 5175 ut
1736 5124 1926 5176 antea.
1952 5118 2033 5175 Ex

389 5215 501 5270 quo
533 5202 685 5259 enim
732 5205 888 5261 venit
930 5205 1218 5278 Christus,
1251 5212 1308 5263 et
1352 5207 1467 5265 ﬁxa
1495 5216 1580 5266 est
1602 5225 1761 5279 crux,
1792 5216 1847 5265 et
1877 5209 1936 5265 in
1966 5225 2032 5264 ea

389 5289 497 5345 fuit
520 5292 787 5351 Christus
817 5295 876 5352 in
906 5297 1095 5354 altum
1128 5298 1413 5367 sublatus,
1446 5300 1654 5356 cecidit
1693 5301 2028 5356 daemonum

386 5382 733 5452 arrogantia,
762 5389 819 5441 et
847 5392 986 5443 sunt
1015 5388 1378 5461 contemptui
1416 5389 1631 5447 habita:
1679 5406 1877 5447 eorum
1931 5406 2027 5444 ar-

386 5471 493 5526 tes.
518 5468 598 5527 Ne
616 5471 837 5530 fallaris
860 5492 1017 5549 ergo,
1042 5494 1073 5533 o
1096 5478 1429 5551 imperator,
1449 5496 1640 5552 neque
1660 5479 2026 5537 daemonibus

383 5559 738 5633 gratificans,
770 5567 1129 5636 aggredieris
1158 5568 1428 5642 persequi
1455 5586 1643 5643 genus
1669 5568 2026 5626 Christiano-

382 5664 551 5709 rum:
583 5651 686 5710 sed
717 5651 876 5712 disce
894 5654 1106 5713 Christi
1127 5657 1400 5714 virtutem
1431 5674 1560 5717 esse
1589 5657 1749 5717 omni
1780 5674 1843 5717 ex
1864 5662 2026 5731 parte

2143 4576 2235 4632 καὶ
2269 4578 2577 4653 ἀναγκάζεις
2616 4576 2865 4652 ἐξάρνους
2890 4573 3128 4650 γενέσθαι
3155 4580 3258 4643 τῆς
3306 4572 3481 4627 αὐτῶν
3536 4571 3778 4637 πίστεως,

2144 4662 2254 4730 i’oet
2279 4665 2572 4743 τοιγαροῦν
2616 4665 2700 4721 ὅτι
2743 4667 2833 4721 καὶ
2882 4665 3049 4726 αὐτὸς
3096 4659 3380 4738 ἄνθρωπος
3429 4659 3476 4714 εί
3521 4660 3781 4734 ὁμοιοπα-

2143 4757 2265 4826 Θής,
2318 4756 2407 4811 καὶ
2473 4762 2577 4826 τῆς
2634 4755 2804 4825 αὐτῆς
2878 4754 3087 4834 φύσεως
3140 4754 3229 4808 καὶ
3276 4755 3385 4807 τῶν
3445 4750 3778 4834 παθημάτων

2147 4844 2527 4919 μετεσχηκὼς,
2572 4844 2661 4899 καὶ
2705 4841 2755 4897 εἷ’
2792 4832 2924 4904 Θεός
2976 4862 3035 4897 σε
3090 4838 3318 4918 βασιλέα
3362 4838 3710 4907 κατέστησεν,
3740 4832 3782 4889 εἴ

2141 4931 2244 5007 ἄρα
2290 4953 2351 5007 γε
2399 4934 2487 4989 καὶ
2539 4931 2599 4989 ἐκ
2644 4936 2779 4989 Θεοῦ
2828 4932 2892 4988 τὸ
2944 4932 3221 5003 βασίλειον
3271 4928 3526 5005 εἴληφας,
3567 4925 3658 4981 καὶ
3708 4924 3775 4997 μή

2140 5023 2382 5097 πονηρὸς
2441 5020 2667 5091 δαίλων,
2715 5022 2896 5096 ὥσπερ
2943 5021 3037 5077 τὸν
3094 5014 3221 5077 Ἰὼϐ
3282 5019 3567 5094 πρότερον,
3615 5014 3775 5072 οὕτως

2139 5110 2230 5168 καὶ
2271 5113 2329 5167 σε
2356 5115 2475 5169 καθ’
2504 5114 2666 5187 ἡμῶν
2700 5111 3117 5185 ἐξαιτησάμενος
3156 5108 3401 5187 εἴληφεν,
3436 5105 3527 5161 ἵνα
3575 5104 3774 5172 σινιάσῃ

2139 5202 2231 5257 τὸν
2260 5205 2359 5258 τοῦ
2389 5204 2649 5277 Χριστοῦ,
2682 5206 2852 5270 σῖτον,
2888 5199 2977 5255 καὶ
3027 5198 3314 5271 ἔπισπείρῃ
3364 5196 3593 5266 ζιζάνια.
3627 5190 3767 5251 Ἀλλ’

2141 5289 2218 5353 εἷς
2253 5289 2429 5364 μάτην
2481 5292 2649 5347 αὐτοῦ
2696 5298 2758 5346 τὸ
2808 5288 3141 5366 ἐγχείρημα.
3171 5286 3293 5345 Οὐκ
3338 5280 3417 5341 ἔτι
3457 5285 3559 5361 γάρ
3611 5281 3770 5351 αὐτῷ,

2140 5378 2301 5459 ἰσχὺς
2333 5380 2407 5443 ὡς
2456 5381 2545 5436 καὶ
2602 5381 2870 5457 πρότερον
2901 5397 2916 5411 ⁸
2967 5377 3055 5457 ἀφ’
3090 5376 3152 5432 οὗ
3186 5376 3288 5452 γὰρ
3337 5374 3475 5443 ἦλθε
3530 5370 3773 5459 Χριστὸς,

2136 5457 2235 5523 καὶὴ
2274 5470 2552 5547 κατεπάγη
2603 5469 2834 5547 σταυρὸς
2883 5466 2975 5523 καὶ
3017 5468 3207 5541 ὑψώθη
3255 5462 3491 5540 Χριστὸς
3545 5461 3596 5515 ἐν
3636 5457 3773 5527 αὒτῷ

2136 5563 2421 5622 πέπτωκεν
2471 5565 2507 5634 ἡ
2550 5565 2657 5619 τῶν
2718 5557 2995 5635 δαιμόνων
3052 5557 3245 5637 ὀφρύς,
3288 5555 3381 5611 καὶ
3441 5547 3770 5623 καταπεορό-

2134 5675 2292 5729 νηται
2331 5653 2400 5712 τὰ
2438 5651 2647 5712 τούτων
2693 5648 3060 5727 τεχνάσματα.
3092 5646 3184 5717 Μὴ
3231 5643 3321 5703 οὖν
3371 5643 3583 5715 ἀπαιτῶ,
3628 5641 3773 5715 βασι-
