  <div class='ocr_page' id='page_1' title='image "/cluster/home/n/w/nwhite01/storage/ocr_20150623/115/hvd.32044073502262/598.png"; bbox 0 0 4012 6220; ppageno 0'>
   <div class='ocr_carea' id='block_1_1' title="bbox 243 331 402 392">
    <p class='ocr_par' dir='ltr' id='par_1_1' title="bbox 243 331 402 392">
     <span class='ocr_line' id='line_1_1' title="bbox 243 331 402 392; baseline 0 0"><span class='ocrx_word' id='word_1_1' title='bbox 243 331 402 392; x_wconf 76' lang='grc'><strong>1185</strong></span> 
     </span>
    </p>
   </div>
   <div class='ocr_carea' id='block_1_2' title="bbox 1455 331 2449 400">
    <p class='ocr_par' dir='ltr' id='par_1_2' title="bbox 1455 331 2449 400">
     <span class='ocr_line' id='line_1_2' title="bbox 1455 331 2449 400; baseline 0.005 -4"><span class='ocrx_word' id='word_1_2' title='bbox 1455 331 1938 396; x_wconf 78' lang='lat' dir='ltr'><strong>MARTYRIUM</strong></span> <span class='ocrx_word' id='word_1_3' title='bbox 1987 335 2050 397; x_wconf 92' lang='lat' dir='ltr'><strong>S.</strong></span> <span class='ocrx_word' id='word_1_4' title='bbox 2098 335 2449 400; x_wconf 78' lang='lat' dir='ltr'><strong>ARTEMII.</strong></span> 
     </span>
    </p>
   </div>
   <div class='ocr_carea' id='block_1_3' title="bbox 2643 15 3244 28">
    <p class='ocr_par' dir='ltr' id='par_1_3' title="bbox 2643 15 3244 28">
     <span class='ocr_line' id='line_1_3' title="bbox 2643 15 3244 28; baseline 0.013 -8"><span class='ocrx_word' id='word_1_5' title='bbox 2643 15 2656 20; x_wconf 81' lang='lat'><strong>-</strong></span> <span class='ocrx_word' id='word_1_6' title='bbox 2675 15 2794 24; x_wconf 56' lang='lat'>_~___</span> <span class='ocrx_word' id='word_1_7' title='bbox 2817 17 2884 22; x_wconf 87' lang='lat'><strong>-.__</strong></span> <span class='ocrx_word' id='word_1_8' title='bbox 2903 17 3188 28; x_wconf 73' lang='lat'><strong>-_--—...-__-_.--+—</strong></span> <span class='ocrx_word' id='word_1_9' title='bbox 3203 21 3244 28; x_wconf 64' lang='lat'><strong>--</strong></span> 
     </span>
    </p>
   </div>
   <div class='ocr_carea' id='block_1_4' title="bbox 3501 358 3656 420">
    <p class='ocr_par' dir='ltr' id='par_1_4' title="bbox 3501 358 3656 420">
     <span class='ocr_line' id='line_1_4' title="bbox 3501 358 3656 420; baseline 0.006 -3"><span class='ocrx_word' id='word_1_10' title='bbox 3501 358 3656 420; x_wconf 77' lang='lat'>“86</span> 
     </span>
    </p>
   </div>
   <div class='ocr_carea' id='block_1_5' title="bbox 237 489 1882 588">
    <p class='ocr_par' dir='ltr' id='par_1_5' title="bbox 237 489 1882 588">
     <span class='ocr_line' id='line_1_5' title="bbox 237 489 1882 588; baseline 0.001 -42"><span class='ocrx_word' id='word_1_11' title='bbox 237 489 354 562; x_wconf 83' lang='grc' dir='ltr'>λεῦ,</span> <span class='ocrx_word' id='word_1_12' title='bbox 390 493 466 566; x_wconf 79' lang='grc' dir='ltr'>μὴ</span> <span class='ocrx_word' id='word_1_13' title='bbox 526 490 584 548; x_wconf 72' lang='grc' dir='ltr'><strong>δὲ</strong></span> <span class='ocrx_word' id='word_1_14' title='bbox 628 497 748 588; x_wconf 53' lang='grc' dir='ltr'>ταῖς</span> <span class='ocrx_word' id='word_1_15' title='bbox 799 490 1021 566; x_wconf 82' lang='grc' dir='ltr'>δαίμοσι</span> <span class='ocrx_word' id='word_1_16' title='bbox 1079 491 1442 588; x_wconf 74' lang='grc' dir='ltr'>χαριζόμενος</span> <span class='ocrx_word' id='word_1_17' title='bbox 1498 491 1717 588; x_wconf 44' lang='grc' dir='ltr'>το-τῶν</span> 
     </span>
    </p>
   </div>
   <div class='ocr_carea' id='block_1_6' title="bbox 1998 489 3646 588">
    <p class='ocr_par' dir='ltr' id='par_1_6' title="bbox 2013 495 3646 588">
     <span class='ocr_line' id='line_1_6' title="bbox 2013 495 3646 588; baseline 0.015 -37"><span class='ocrx_word' id='word_1_18' title='bbox 2013 495 2288 555; x_wconf 81' lang='lat' dir='ltr'><strong>invictam</strong></span> <span class='ocrx_word' id='word_1_19' title='bbox 2319 503 2376 557; x_wconf 89' lang='lat' dir='ltr'><strong>et</strong></span> <span class='ocrx_word' id='word_1_20' title='bbox 2411 503 2884 576; x_wconf 79' lang='lat' dir='ltr'><strong>insuperabilem.</strong></span> <span class='ocrx_word' id='word_1_21' title='bbox 2919 511 3000 568; x_wconf 85' lang='lat' dir='ltr'><strong>Ea</strong></span> <span class='ocrx_word' id='word_1_22' title='bbox 3048 517 3266 579; x_wconf 84' lang='lat' dir='ltr'><strong>autem,</strong></span> <span class='ocrx_word' id='word_1_23' title='bbox 3319 530 3444 586; x_wconf 53' lang='lat' dir='ltr'><strong>qua!</strong></span> <span class='ocrx_word' id='word_1_24' title='bbox 3493 517 3646 588; x_wconf 88' lang='lat' dir='ltr'><strong>dico,</strong></span> 
     </span>
    </p>
   </div>
   <div class='ocr_carea' id='block_1_7' title="bbox 236 577 1908 658">
    <p class='ocr_par' dir='ltr' id='par_1_7' title="bbox 236 577 1908 658">
     <span class='ocr_line' id='line_1_7' title="bbox 236 577 1908 658; baseline 0.001 -21"><span class='ocrx_word' id='word_1_25' title='bbox 236 585 473 637; x_wconf 79' lang='grc' dir='ltr'>στιανῶν</span> <span class='ocrx_word' id='word_1_26' title='bbox 548 577 762 644; x_wconf 75' lang='grc' dir='ltr'>εὐσεϐὲς</span> <span class='ocrx_word' id='word_1_27' title='bbox 829 580 1044 637; x_wconf 78' lang='grc' dir='ltr'><strong>διώκειν</strong></span> <span class='ocrx_word' id='word_1_28' title='bbox 1140 581 1409 658; x_wconf 77' lang='grc' dir='ltr'>ἐπιχείρει</span> <span class='ocrx_word' id='word_1_29' title='bbox 1491 581 1684 657; x_wconf 77' lang='grc' dir='ltr'>φύλον,</span> <span class='ocrx_word' id='word_1_30' title='bbox 1761 581 1908 638; x_wconf 83' lang='grc' dir='ltr'><strong>ἀλλά</strong></span> 
     </span>
    </p>
   </div>
   <div class='ocr_carea' id='block_1_8' title="bbox 243 669 1901 748">
    <p class='ocr_par' dir='ltr' id='par_1_8' title="bbox 243 669 1901 748">
     <span class='ocr_line' id='line_1_8' title="bbox 243 669 1901 748; baseline 0.002 -23"><span class='ocrx_word' id='word_1_31' title='bbox 243 672 480 745; x_wconf 77' lang='grc' dir='ltr'>μάνθανε</span> <span class='ocrx_word' id='word_1_32' title='bbox 511 673 586 734; x_wconf 88' lang='grc' dir='ltr'>ὡς</span> <span class='ocrx_word' id='word_1_33' title='bbox 630 674 665 742; x_wconf 83' lang='grc' dir='ltr'>ἡ</span> <span class='ocrx_word' id='word_1_34' title='bbox 697 677 795 727; x_wconf 80' lang='grc' dir='ltr'>τοῦ</span> <span class='ocrx_word' id='word_1_35' title='bbox 843 675 1083 748; x_wconf 72' lang='grc' dir='ltr'>Χριστοῦ</span> <span class='ocrx_word' id='word_1_36' title='bbox 1139 669 1370 745; x_wconf 75' lang='grc' dir='ltr'>δύναμις</span> <span class='ocrx_word' id='word_1_37' title='bbox 1429 671 1682 743; x_wconf 83' lang='grc' dir='ltr'>ἀνίκητος</span> <span class='ocrx_word' id='word_1_38' title='bbox 1728 673 1901 744; x_wconf 83' lang='grc' dir='ltr'>πάντη</span> 
     </span>
    </p>
   </div>
   <div class='ocr_carea' id='block_1_9' title="bbox 239 759 1906 836">
    <p class='ocr_par' dir='ltr' id='par_1_9' title="bbox 239 759 1906 836">
     <span class='ocr_line' id='line_1_9' title="bbox 239 759 1906 836; baseline 0.002 -22"><span class='ocrx_word' id='word_1_39' title='bbox 239 760 330 815; x_wconf 81' lang='grc' dir='ltr'>καὶ</span> <span class='ocrx_word' id='word_1_40' title='bbox 361 759 658 831; x_wconf 74' lang='grc' dir='ltr'>ἀήττητος·</span> <span class='ocrx_word' id='word_1_41' title='bbox 693 759 842 836; x_wconf 80' lang='grc' dir='ltr'>ἔχεις</span> <span class='ocrx_word' id='word_1_42' title='bbox 893 765 1002 816; x_wconf 81' lang='grc' dir='ltr'>τῶν</span> <span class='ocrx_word' id='word_1_43' title='bbox 1053 761 1330 817; x_wconf 65' lang='grc' dir='ltr'>τοσούτων</span> <span class='ocrx_word' id='word_1_44' title='bbox 1380 761 1566 834; x_wconf 88' lang='grc' dir='ltr'>λόγων</span> <span class='ocrx_word' id='word_1_45' title='bbox 1613 762 1703 816; x_wconf 82' lang='grc' dir='ltr'>καὶ</span> <span class='ocrx_word' id='word_1_46' title='bbox 1744 761 1906 827; x_wconf 76' lang='grc' dir='ltr'>αὐτὸς</span> 
     </span>
    </p>
   </div>
   <div class='ocr_carea' id='block_1_10' title="bbox 241 849 1902 928">
    <p class='ocr_par' dir='ltr' id='par_1_10' title="bbox 241 849 1902 928">
     <span class='ocr_line' id='line_1_10' title="bbox 241 849 1902 928; baseline 0.001 -24"><span class='ocrx_word' id='word_1_47' title='bbox 241 849 656 928; x_wconf 70' lang='grc' dir='ltr'><strong>πληροφορίαν,</strong></span> <span class='ocrx_word' id='word_1_48' title='bbox 689 849 740 906; x_wconf 80' lang='grc' dir='ltr'><strong>εἷ’</strong></span> <span class='ocrx_word' id='word_1_49' title='bbox 789 871 853 925; x_wconf 88' lang='grc' dir='ltr'><strong>γε</strong></span> <span class='ocrx_word' id='word_1_50' title='bbox 903 852 993 904; x_wconf 80' lang='grc' dir='ltr'>καὶ</span> <span class='ocrx_word' id='word_1_51' title='bbox 1042 850 1248 921; x_wconf 74' lang='grc' dir='ltr'>ἀπατᾷ-ι</span> <span class='ocrx_word' id='word_1_52' title='bbox 1307 852 1526 906; x_wconf 86' lang='grc' dir='ltr'>σεαυτὸν</span> <span class='ocrx_word' id='word_1_53' title='bbox 1577 850 1638 906; x_wconf 80' lang='grc' dir='ltr'><strong>οὐ</strong></span> <span class='ocrx_word' id='word_1_54' title='bbox 1688 850 1902 926; x_wconf 76' lang='grc' dir='ltr'>βούλει,</span> 
     </span>
    </p>
   </div>
   <div class='ocr_carea' id='block_1_11' title="bbox 359 939 384 954">
    <p class='ocr_par' dir='ltr' id='par_1_11' title="bbox 359 939 384 954">
     <span class='ocr_line' id='line_1_11' title="bbox 359 939 384 954; baseline 0 0"><span class='ocrx_word' id='word_1_55' title='bbox 359 939 384 954; x_wconf 69' lang='grc' dir='ltr'><strong><em>γ</em></strong></span> 
     </span>
    </p>
   </div>
   <div class='ocr_carea' id='block_1_12' title="bbox 241 933 1899 1014">
    <p class='ocr_par' dir='ltr' id='par_1_12' title="bbox 241 933 1899 1014">
     <span class='ocr_line' id='line_1_12' title="bbox 241 933 1899 1014; baseline 0 -22"><span class='ocrx_word' id='word_1_56' title='bbox 241 935 292 1010; x_wconf 79' lang='grc' dir='ltr'><strong>ἐξ</strong></span> <span class='ocrx_word' id='word_1_57' title='bbox 347 939 420 992; x_wconf 83' lang='grc' dir='ltr'>ὧν</span> <span class='ocrx_word' id='word_1_58' title='bbox 463 960 546 993; x_wconf 91' lang='grc' dir='ltr'><strong>σοι</strong></span> <span class='ocrx_word' id='word_1_59' title='bbox 589 943 862 1014; x_wconf 79' lang='grc' dir='ltr'>χρησμῶν</span> <span class='ocrx_word' id='word_1_60' title='bbox 915 933 1256 1014; x_wconf 77' lang='grc' dir='ltr'>Ὀρειϐἀσιος</span> <span class='ocrx_word' id='word_1_61' title='bbox 1291 939 1318 992; x_wconf 89' lang='grc' dir='ltr'><strong>ὁ</strong></span> <span class='ocrx_word' id='word_1_62' title='bbox 1360 939 1548 1012; x_wconf 67' lang='grc' dir='ltr'>ἰατρὸς</span> <span class='ocrx_word' id='word_1_63' title='bbox 1583 937 1674 992; x_wconf 78' lang='grc' dir='ltr'><strong>καὶ</strong></span> <span class='ocrx_word' id='word_1_64' title='bbox 1721 937 1899 993; x_wconf 62' lang='lat' dir='ltr'><strong>xenii-</strong></span> 
     </span>
    </p>
   </div>
   <div class='ocr_carea' id='block_1_13' title="bbox 240 1027 3522 1127">
    <p class='ocr_par' dir='ltr' id='par_1_13' title="bbox 240 1027 3522 1127">
     <span class='ocr_line' id='line_1_13' title="bbox 240 1027 3522 1127; baseline 0.008 -43"><span class='ocrx_word' id='word_1_65' title='bbox 240 1050 408 1106; x_wconf 88' lang='grc' dir='ltr'>στωρ,</span> <span class='ocrx_word' id='word_1_66' title='bbox 465 1031 614 1104; x_wconf 77' lang='grc' dir='ltr'>παρᾶ</span> <span class='ocrx_word' id='word_1_67' title='bbox 667 1035 765 1086; x_wconf 68' lang='grc' dir='ltr'>τοῦ</span> <span class='ocrx_word' id='word_1_68' title='bbox 824 1031 876 1086; x_wconf 81' lang='grc' dir='ltr'>ἐν</span> <span class='ocrx_word' id='word_1_69' title='bbox 936 1031 1170 1109; x_wconf 73' lang='grc' dir='ltr'>Δελφοῖς</span> <span class='ocrx_word' id='word_1_70' title='bbox 1231 1028 1590 1093; x_wconf 80' lang='grc' dir='ltr'>’Λπόλλωνος</span> <span class='ocrx_word' id='word_1_71' title='bbox 1622 1027 1741 1106; x_wconf 77' lang='grc' dir='ltr'>ἄρτι</span> <span class='ocrx_word' id='word_1_72' title='bbox 1783 1031 2087 1106; x_wconf 82' lang='grc' dir='ltr'>κεκόμικεν.</span> <span class='ocrx_word' id='word_1_73' title='bbox 2139 1039 2283 1116; x_wconf 86' lang='grc' dir='ltr'><strong>Ἐγὼ</strong></span> <span class='ocrx_word' id='word_1_74' title='bbox 2332 1037 2389 1096; x_wconf 79' lang='grc' dir='ltr'><strong>δέ</strong></span> <span class='ocrx_word' id='word_1_75' title='bbox 2445 1063 2527 1098; x_wconf 91' lang='grc' dir='ltr'><strong>σοι</strong></span> <span class='ocrx_word' id='word_1_76' title='bbox 2577 1045 2666 1099; x_wconf 80' lang='grc' dir='ltr'>καὶ</span> <span class='ocrx_word' id='word_1_77' title='bbox 2715 1046 2808 1102; x_wconf 81' lang='grc' dir='ltr'>τὸν</span> <span class='ocrx_word' id='word_1_78' title='bbox 2892 1051 3146 1127; x_wconf 74' lang='grc' dir='ltr'>χρησμὸν</span> <span class='ocrx_word' id='word_1_79' title='bbox 3207 1053 3391 1127; x_wconf 78' lang='grc' dir='ltr'>αὐτὸν,</span> <span class='ocrx_word' id='word_1_80' title='bbox 3429 1053 3522 1111; x_wconf 81' lang='grc' dir='ltr'>κΞὶν</span> 
     </span>
    </p>
   </div>
   <div class='ocr_carea' id='block_1_14' title="bbox 241 1117 1431 1198">
    <p class='ocr_par' dir='ltr' id='par_1_14' title="bbox 241 1117 1431 1198">
     <span class='ocr_line' id='line_1_14' title="bbox 241 1117 1431 1198; baseline -0.001 -20"><span class='ocrx_word' id='word_1_81' title='bbox 241 1119 417 1198; x_wconf 69' lang='grc' dir='ltr'>βούλῃ</span> <span class='ocrx_word' id='word_1_82' title='bbox 448 1121 914 1196; x_wconf 79' lang='grc' dir='ltr'>ἐπαναγνώσομαι,</span> <span class='ocrx_word' id='word_1_83' title='bbox 949 1119 1064 1196; x_wconf 76' lang='grc' dir='ltr'>ἔχει</span> <span class='ocrx_word' id='word_1_84' title='bbox 1095 1120 1199 1196; x_wconf 83' lang='grc' dir='ltr'><strong>γὰρ</strong></span> <span class='ocrx_word' id='word_1_85' title='bbox 1236 1117 1431 1182; x_wconf 79' lang='grc' dir='ltr'>οὕτως.</span> 
     </span>
    </p>
   </div>
   <div class='ocr_carea' id='block_1_15' title="bbox 243 1271 1680 1354">
    <p class='ocr_par' dir='ltr' id='par_1_15' title="bbox 243 1271 1680 1354">
     <span class='ocr_line' id='line_1_15' title="bbox 243 1271 1680 1354; baseline -0.006 -15"><span class='ocrx_word' id='word_1_86' title='bbox 243 1281 450 1340; x_wconf 61' lang='grc' dir='ltr'>Εἴπατε</span> <span class='ocrx_word' id='word_1_87' title='bbox 475 1285 554 1351; x_wconf 81' lang='grc' dir='ltr'>τῷ</span> <span class='ocrx_word' id='word_1_88' title='bbox 586 1277 824 1354; x_wconf 71' lang='grc' dir='ltr'>βασιλεῖ·</span> <span class='ocrx_word' id='word_1_89' title='bbox 857 1276 1194 1354; x_wconf 34' lang='grc' dir='ltr'>χαμαιὶῃπέσε</span> <span class='ocrx_word' id='word_1_90' title='bbox 1225 1273 1484 1354; x_wconf 64' lang='grc' dir='ltr'>ᾂαίδαλος</span> <span class='ocrx_word' id='word_1_91' title='bbox 1516 1271 1680 1354; x_wconf 57' lang='grc' dir='ltr'>αρλάο</span> 
     </span>
    </p>
   </div>
   <div class='ocr_carea' id='block_1_16' title="bbox 241 1343 1776 1436">
    <p class='ocr_par' dir='ltr' id='par_1_16' title="bbox 241 1343 1776 1436">
     <span class='ocr_line' id='line_1_16' title="bbox 241 1343 1776 1436; baseline -0.007 -25"><span class='ocrx_word' id='word_1_92' title='bbox 241 1356 360 1412; x_wconf 77' lang='grc' dir='ltr'><strong>Οὐκ</strong></span> <span class='ocrx_word' id='word_1_93' title='bbox 388 1351 470 1410; x_wconf 77' lang='grc' dir='ltr'>ἔτι</span> <span class='ocrx_word' id='word_1_94' title='bbox 501 1343 706 1436; x_wconf 64' lang='grc' dir='ltr'>Φοῖϐος</span> <span class='ocrx_word' id='word_1_95' title='bbox 739 1343 1152 1436; x_wconf 54' lang='grc' dir='ltr'>ἔχει’ἷιαλρὸἒιν,</span> <span class='ocrx_word' id='word_1_96' title='bbox 1187 1349 1250 1403; x_wconf 76' lang='grc' dir='ltr'>οὐ</span> <span class='ocrx_word' id='word_1_97' title='bbox 1283 1345 1516 1436; x_wconf 56' lang='grc' dir='ltr'>μάντιδα</span> <span class='ocrx_word' id='word_1_98' title='bbox 1545 1346 1776 1436; x_wconf 44' lang='lat' dir='ltr'><strong>diuvat},</strong></span> 
     </span>
    </p>
   </div>
   <div class='ocr_carea' id='block_1_17' title="bbox 238 1415 1730 1500">
    <p class='ocr_par' dir='ltr' id='par_1_17' title="bbox 238 1415 1730 1500">
     <span class='ocr_line' id='line_1_17' title="bbox 238 1415 1730 1500; baseline -0.004 -17"><span class='ocrx_word' id='word_1_99' title='bbox 238 1426 316 1483; x_wconf 78' lang='grc' dir='ltr'><strong>Οὐ</strong></span> <span class='ocrx_word' id='word_1_100' title='bbox 347 1426 523 1500; x_wconf 79' lang='grc' dir='ltr'>παγὰν</span> <span class='ocrx_word' id='word_1_101' title='bbox 555 1415 883 1490; x_wconf 65' lang='grc' dir='ltr'>λαλὲουίῖαν,</span> <span class='ocrx_word' id='word_1_102' title='bbox 915 1415 1201 1491; x_wconf 76' lang='grc' dir='ltr'>ἀπέσϐετο,</span> <span class='ocrx_word' id='word_1_103' title='bbox 1233 1415 1322 1475; x_wconf 79' lang='grc' dir='ltr'>καὶ</span> <span class='ocrx_word' id='word_1_104' title='bbox 1355 1419 1527 1476; x_wconf 81' lang='grc' dir='ltr'>λάλον</span> <span class='ocrx_word' id='word_1_105' title='bbox 1561 1415 1730 1494; x_wconf 75' lang='grc' dir='ltr'>ὕδωρ.</span> 
     </span>
    </p>
   </div>
   <div class='ocr_carea' id='block_1_18' title="bbox 307 1649 1894 1728">
    <p class='ocr_par' dir='ltr' id='par_1_18' title="bbox 307 1649 1894 1728">
     <span class='ocr_line' id='line_1_18' title="bbox 307 1649 1894 1728; baseline -0.004 -14"><span class='ocrx_word' id='word_1_106' title='bbox 307 1656 426 1714; x_wconf 86' lang='grc' dir='ltr'><strong>ΚΓ’.</strong></span> <span class='ocrx_word' id='word_1_107' title='bbox 485 1657 672 1712; x_wconf 78' lang='grc' dir='ltr'>Ταῦτα</span> <span class='ocrx_word' id='word_1_108' title='bbox 729 1650 962 1714; x_wconf 75' lang='grc' dir='ltr'>ἀκούσας</span> <span class='ocrx_word' id='word_1_109' title='bbox 1019 1652 1048 1706; x_wconf 98' lang='lat'><strong>6</strong></span> <span class='ocrx_word' id='word_1_110' title='bbox 1111 1651 1388 1728; x_wconf 78' lang='grc' dir='ltr'>βασιλεὺς,</span> <span class='ocrx_word' id='word_1_111' title='bbox 1461 1649 1780 1725; x_wconf 69' lang='grc' dir='ltr'>ἐκπλήξεώς</span> <span class='ocrx_word' id='word_1_112' title='bbox 1835 1672 1894 1707; x_wconf 83' lang='grc' dir='ltr'><strong>τε</strong></span> 
     </span>
    </p>
   </div>
   <div class='ocr_carea' id='block_1_19' title="bbox 229 1739 1889 1819">
    <p class='ocr_par' dir='ltr' id='par_1_19' title="bbox 229 1739 1889 1819">
     <span class='ocr_line' id='line_1_19' title="bbox 229 1739 1889 1819; baseline -0.004 -18"><span class='ocrx_word' id='word_1_113' title='bbox 229 1745 322 1801; x_wconf 78' lang='grc' dir='ltr'><strong>καὶ</strong></span> <span class='ocrx_word' id='word_1_114' title='bbox 379 1739 624 1819; x_wconf 73' lang='grc' dir='ltr'>Θάμϐους</span> <span class='ocrx_word' id='word_1_115' title='bbox 681 1746 1010 1816; x_wconf 76' lang='grc' dir='ltr'>πκηροῦται,</span> <span class='ocrx_word' id='word_1_116' title='bbox 1061 1742 1151 1795; x_wconf 72' lang='grc' dir='ltr'>καὶ</span> <span class='ocrx_word' id='word_1_117' title='bbox 1197 1741 1288 1796; x_wconf 87' lang='grc' dir='ltr'><strong>τὸν</strong></span> <span class='ocrx_word' id='word_1_118' title='bbox 1367 1741 1537 1815; x_wconf 82' lang='grc' dir='ltr'>θυμὸν</span> <span class='ocrx_word' id='word_1_119' title='bbox 1593 1742 1889 1817; x_wconf 78' lang='grc' dir='ltr'><strong>ἀνεγείρας,</strong></span> 
     </span>
    </p>
   </div>
   <div class='ocr_carea' id='block_1_20' title="bbox 235 1826 1889 1912">
    <p class='ocr_par' dir='ltr' id='par_1_20' title="bbox 235 1826 1889 1912">
     <span class='ocr_line' id='line_1_20' title="bbox 235 1826 1889 1912; baseline -0.004 -21"><span class='ocrx_word' id='word_1_120' title='bbox 235 1839 372 1912; x_wconf 68' lang='grc' dir='ltr'>μέγα</span> <span class='ocrx_word' id='word_1_121' title='bbox 397 1855 458 1890; x_wconf 84' lang='grc' dir='ltr'><strong>τε</strong></span> <span class='ocrx_word' id='word_1_122' title='bbox 489 1833 579 1888; x_wconf 71' lang='grc' dir='ltr'>καί</span> <span class='ocrx_word' id='word_1_123' title='bbox 625 1831 942 1907; x_wconf 69' lang='grc' dir='ltr'>διαπρύσιον</span> <span class='ocrx_word' id='word_1_124' title='bbox 985 1826 1270 1902; x_wconf 62' lang='grc' dir='ltr'>ἀνεϐόησε.</span> <span class='ocrx_word' id='word_1_125' title='bbox 1315 1831 1414 1893; x_wconf 86' lang='grc' dir='ltr'>Τίς</span> <span class='ocrx_word' id='word_1_126' title='bbox 1451 1831 1540 1885; x_wconf 82' lang='grc' dir='ltr'>καὶ</span> <span class='ocrx_word' id='word_1_127' title='bbox 1595 1831 1754 1894; x_wconf 79' lang='grc' dir='ltr'>πόθεν</span> <span class='ocrx_word' id='word_1_128' title='bbox 1789 1832 1889 1884; x_wconf 77' lang='grc' dir='ltr'>οὗ-</span> 
     </span>
    </p>
   </div>
   <div class='ocr_carea' id='block_1_21' title="bbox 2017 587 3650 674">
    <p class='ocr_par' dir='ltr' id='par_1_21' title="bbox 2017 587 3650 674">
     <span class='ocr_line' id='line_1_21' title="bbox 2017 587 3650 674; baseline 0.014 -33"><span class='ocrx_word' id='word_1_129' title='bbox 2017 587 2118 643; x_wconf 89' lang='lat' dir='ltr'><strong>tibi</strong></span> <span class='ocrx_word' id='word_1_130' title='bbox 2167 593 2305 646; x_wconf 89' lang='lat' dir='ltr'><strong>sunt</strong></span> <span class='ocrx_word' id='word_1_131' title='bbox 2351 593 2496 649; x_wconf 84' lang='lat' dir='ltr'><strong>satis</strong></span> <span class='ocrx_word' id='word_1_132' title='bbox 2539 597 2774 668; x_wconf 88' lang='lat' dir='ltr'><strong>cognita</strong></span> <span class='ocrx_word' id='word_1_133' title='bbox 2803 603 2860 655; x_wconf 89' lang='lat' dir='ltr'><strong>et</strong></span> <span class='ocrx_word' id='word_1_134' title='bbox 2915 617 3213 674; x_wconf 87' lang='lat' dir='ltr'><strong>persuasa,</strong></span> <span class='ocrx_word' id='word_1_135' title='bbox 3249 605 3298 660; x_wconf 98' lang='lat' dir='ltr'><strong>si</strong></span> <span class='ocrx_word' id='word_1_136' title='bbox 3329 610 3384 662; x_wconf 91' lang='lat' dir='ltr'><strong>te</strong></span> <span class='ocrx_word' id='word_1_137' title='bbox 3416 623 3533 662; x_wconf 88' lang='lat' dir='ltr'><strong>non</strong></span> <span class='ocrx_word' id='word_1_138' title='bbox 3563 587 3650 664; x_wconf 87' lang='lat' dir='ltr'><strong>vis</strong></span> 
     </span>
    </p>
   </div>
   <div class='ocr_carea' id='block_1_22' title="bbox 2015 676 3657 763">
    <p class='ocr_par' dir='ltr' id='par_1_22' title="bbox 2015 676 3657 763">
     <span class='ocr_line' id='line_1_22' title="bbox 2015 676 3657 763; baseline 0.012 -31"><span class='ocrx_word' id='word_1_139' title='bbox 2015 676 2301 748; x_wconf 80' lang='lat' dir='ltr'><strong>decipere,</strong></span> <span class='ocrx_word' id='word_1_140' title='bbox 2336 696 2406 735; x_wconf 89' lang='lat' dir='ltr'><strong>ex</strong></span> <span class='ocrx_word' id='word_1_141' title='bbox 2437 683 2754 754; x_wconf 86' lang='lat' dir='ltr'><strong>responsis,</strong></span> <span class='ocrx_word' id='word_1_142' title='bbox 2779 702 2902 759; x_wconf 67' lang='lat' dir='ltr'><strong>quae</strong></span> <span class='ocrx_word' id='word_1_143' title='bbox 2923 689 2997 743; x_wconf 80' lang='lat' dir='ltr'><strong>ad</strong></span> <span class='ocrx_word' id='word_1_144' title='bbox 3019 695 3075 746; x_wconf 87' lang='lat' dir='ltr'><strong>te</strong></span> <span class='ocrx_word' id='word_1_145' title='bbox 3097 707 3284 763; x_wconf 86' lang='lat' dir='ltr'><strong>nuper</strong></span> <span class='ocrx_word' id='word_1_146' title='bbox 3312 693 3506 751; x_wconf 88' lang='lat' dir='ltr'><strong>attulit</strong></span> <span class='ocrx_word' id='word_1_147' title='bbox 3535 697 3657 753; x_wconf 84' lang='lat' dir='ltr'><strong>Ori-</strong></span> 
     </span>
    </p>
   </div>
   <div class='ocr_carea' id='block_1_23' title="bbox 2014 765 3656 857">
    <p class='ocr_par' dir='ltr' id='par_1_23' title="bbox 2014 765 3656 857">
     <span class='ocr_line' id='line_1_23' title="bbox 2014 765 3656 857; baseline 0.014 -38"><span class='ocrx_word' id='word_1_148' title='bbox 2014 765 2219 857; x_wconf 79' lang='lat' dir='ltr'><strong>basius</strong></span> <span class='ocrx_word' id='word_1_149' title='bbox 2251 773 2392 825; x_wconf 87' lang='lat' dir='ltr'><strong>tuus</strong></span> <span class='ocrx_word' id='word_1_150' title='bbox 2424 771 2686 830; x_wconf 89' lang='lat' dir='ltr'><strong>medicus</strong></span> <span class='ocrx_word' id='word_1_151' title='bbox 2721 781 2779 831; x_wconf 89' lang='lat' dir='ltr'><strong>et</strong></span> <span class='ocrx_word' id='word_1_152' title='bbox 2809 783 3064 847; x_wconf 68' lang='lat' dir='ltr'><strong>quaestor</strong></span> <span class='ocrx_word' id='word_1_153' title='bbox 3095 797 3126 835; x_wconf 90' lang='lat' dir='ltr'><strong>a</strong></span> <span class='ocrx_word' id='word_1_154' title='bbox 3156 781 3431 851; x_wconf 89' lang='lat' dir='ltr'><strong>Delphico</strong></span> <span class='ocrx_word' id='word_1_155' title='bbox 3477 785 3656 857; x_wconf 83' lang='lat' dir='ltr'><strong>Apol-</strong></span> 
     </span>
    </p>
   </div>
   <div class='ocr_carea' id='block_1_24' title="bbox 2013 855 3652 944">
    <p class='ocr_par' dir='ltr' id='par_1_24' title="bbox 2013 855 3652 944">
     <span class='ocr_line' id='line_1_24' title="bbox 2013 855 3652 944; baseline 0.015 -35"><span class='ocrx_word' id='word_1_156' title='bbox 2013 855 2149 912; x_wconf 87' lang='lat' dir='ltr'><strong>line.</strong></span> <span class='ocrx_word' id='word_1_157' title='bbox 2185 862 2298 930; x_wconf 85' lang='lat' dir='ltr'><strong>Ego</strong></span> <span class='ocrx_word' id='word_1_158' title='bbox 2326 865 2543 930; x_wconf 87' lang='lat' dir='ltr'><strong>autem,</strong></span> <span class='ocrx_word' id='word_1_159' title='bbox 2576 867 2684 921; x_wconf 88' lang='lat' dir='ltr'><strong>etsi</strong></span> <span class='ocrx_word' id='word_1_160' title='bbox 2717 868 2885 937; x_wconf 89' lang='lat' dir='ltr'><strong>nolis,</strong></span> <span class='ocrx_word' id='word_1_161' title='bbox 2919 870 3112 940; x_wconf 86' lang='lat' dir='ltr'><strong>ipsum</strong></span> <span class='ocrx_word' id='word_1_162' title='bbox 3153 871 3256 926; x_wconf 89' lang='lat' dir='ltr'><strong>tibi</strong></span> <span class='ocrx_word' id='word_1_163' title='bbox 3305 873 3492 944; x_wconf 81' lang='lat' dir='ltr'><strong>legam</strong></span> <span class='ocrx_word' id='word_1_164' title='bbox 3526 855 3652 932; x_wconf 78' lang='lat' dir='ltr'><strong>res-</strong></span> 
     </span>
    </p>
   </div>
   <div class='ocr_carea' id='block_1_25' title="bbox 2013 951 2856 1017">
    <p class='ocr_par' dir='ltr' id='par_1_25' title="bbox 2013 951 2856 1017">
     <span class='ocr_line' id='line_1_25' title="bbox 2013 951 2856 1017; baseline 0.014 -17"><span class='ocrx_word' id='word_1_165' title='bbox 2013 961 2285 1017; x_wconf 89' lang='lat' dir='ltr'><strong>ponsum.</strong></span> <span class='ocrx_word' id='word_1_166' title='bbox 2323 951 2418 1008; x_wconf 87' lang='lat' dir='ltr'><strong>Sic</strong></span> <span class='ocrx_word' id='word_1_167' title='bbox 2448 954 2604 1009; x_wconf 92' lang='lat' dir='ltr'><strong>enim</strong></span> <span class='ocrx_word' id='word_1_168' title='bbox 2641 954 2811 1012; x_wconf 89' lang='lat' dir='ltr'><strong>habet</strong></span> <span class='ocrx_word' id='word_1_169' title='bbox 2843 974 2856 1013; x_wconf 94' lang='lat'>:</span> 
     </span>
    </p>
   </div>
   <div class='ocr_carea' id='block_1_26' title="bbox 3575 1059 3652 1132">
    <p class='ocr_par' dir='ltr' id='par_1_26' title="bbox 3575 1059 3652 1132">
     <span class='ocr_line' id='line_1_26' title="bbox 3575 1059 3652 1132; baseline -0.052 0"><span class='ocrx_word' id='word_1_170' title='bbox 3575 1059 3652 1132; x_wconf 79' lang='grc' dir='ltr'><strong>μὴ</strong></span> 
     </span>
    </p>
   </div>
   <div class='ocr_carea' id='block_1_27' title="bbox 2005 1283 3329 1355">
    <p class='ocr_par' dir='ltr' id='par_1_27' title="bbox 2005 1283 3329 1355">
     <span class='ocr_line' id='line_1_27' title="bbox 2005 1283 3329 1355; baseline 0.015 -22"><span class='ocrx_word' id='word_1_171' title='bbox 2005 1283 2183 1355; x_wconf 63' lang='lat' dir='ltr'><strong>picae</strong></span> <span class='ocrx_word' id='word_1_172' title='bbox 2221 1297 2308 1339; x_wconf 78' lang='lat' dir='ltr'><strong>vos</strong></span> <span class='ocrx_word' id='word_1_173' title='bbox 2337 1284 2492 1355; x_wconf 80' lang='lat' dir='ltr'><strong>regi:</strong></span> <span class='ocrx_word' id='word_1_174' title='bbox 2525 1285 2904 1344; x_wconf 76' lang='lat' dir='ltr'><strong>Pulcherrima</strong></span> <span class='ocrx_word' id='word_1_175' title='bbox 2932 1291 3148 1348; x_wconf 81' lang='lat' dir='ltr'><strong>corruit</strong></span> <span class='ocrx_word' id='word_1_176' title='bbox 3176 1295 3329 1353; x_wconf 83' lang='lat' dir='ltr'><strong>aula.</strong></span> 
     </span>
    </p>
   </div>
   <div class='ocr_carea' id='block_1_28' title="bbox 2005 1353 3506 1442">
    <p class='ocr_par' dir='ltr' id='par_1_28' title="bbox 2005 1353 3506 1442">
     <span class='ocr_line' id='line_1_28' title="bbox 2005 1353 3506 1442; baseline 0.015 -36"><span class='ocrx_word' id='word_1_177' title='bbox 2005 1353 2120 1442; x_wconf 52' lang='lat' dir='ltr'><strong>[Ion</strong></span> <span class='ocrx_word' id='word_1_178' title='bbox 2149 1353 2752 1442; x_wconf 29' lang='lat' dir='ltr'><strong>tectqm‘pulcheragzw</strong></span> <span class='ocrx_word' id='word_1_179' title='bbox 2779 1366 3016 1442; x_wconf 66' lang='lat' dir='ltr'><strong>taurum</strong></span> <span class='ocrx_word' id='word_1_180' title='bbox 3037 1366 3256 1442; x_wconf 69' lang='lat' dir='ltr'><strong>vatibus</strong></span> <span class='ocrx_word' id='word_1_181' title='bbox 3296 1381 3506 1442; x_wconf 73' lang='lat' dir='ltr'><strong>aptam,</strong></span> 
     </span>
    </p>
   </div>
   <div class='ocr_carea' id='block_1_29' title="bbox 2003 1425 3652 1514">
    <p class='ocr_par' dir='ltr' id='par_1_29' title="bbox 2003 1425 3652 1514">
     <span class='ocr_line' id='line_1_29' title="bbox 2003 1425 3652 1514; baseline 0.013 -34"><span class='ocrx_word' id='word_1_182' title='bbox 2003 1425 2238 1482; x_wconf 69' lang='lat' dir='ltr'><strong>Plcwbus</strong></span> <span class='ocrx_word' id='word_1_183' title='bbox 2276 1425 2439 1484; x_wconf 70' lang='lat' dir='ltr'><strong>habet</strong></span> <span class='ocrx_word' id='word_1_184' title='bbox 2467 1445 2487 1484; x_wconf 87' lang='lat'><strong><em>:</em></strong></span> <span class='ocrx_word' id='word_1_185' title='bbox 2526 1429 2804 1502; x_wconf 78' lang='lat' dir='ltr'><strong>fontisque</strong></span> <span class='ocrx_word' id='word_1_186' title='bbox 2849 1436 3123 1493; x_wconf 74' lang='lat' dir='ltr'><strong>exstincta</strong></span> <span class='ocrx_word' id='word_1_187' title='bbox 3168 1441 3246 1494; x_wconf 70' lang='lat' dir='ltr'><strong>est</strong></span> <span class='ocrx_word' id='word_1_188' title='bbox 3295 1425 3519 1514; x_wconf 50' lang='lat' dir='ltr'><strong>Ignibus</strong></span> <span class='ocrx_word' id='word_1_189' title='bbox 3570 1445 3652 1501; x_wconf 87' lang='lat' dir='ltr'><strong>lo-</strong></span> 
     </span>
    </p>
   </div>
   <div class='ocr_carea' id='block_1_30' title="bbox 3341 1519 3580 1587">
    <p class='ocr_par' dir='ltr' id='par_1_30' title="bbox 3341 1519 3580 1587">
     <span class='ocr_line' id='line_1_30' title="bbox 3341 1519 3580 1587; baseline 0.004 -16"><span class='ocrx_word' id='word_1_190' title='bbox 3341 1519 3580 1587; x_wconf 67' lang='lat' dir='ltr'><strong>quentia.</strong></span> 
     </span>
    </p>
   </div>
   <div class='ocr_carea' id='block_1_31' title="bbox 2072 1643 3651 1734">
    <p class='ocr_par' dir='ltr' id='par_1_31' title="bbox 2072 1643 3651 1734">
     <span class='ocr_line' id='line_1_31' title="bbox 2072 1643 3651 1734; baseline 0.013 -36"><span class='ocrx_word' id='word_1_191' title='bbox 2072 1643 2269 1700; x_wconf 85' lang='lat' dir='ltr'><strong>XXIII.</strong></span> <span class='ocrx_word' id='word_1_192' title='bbox 2323 1644 2451 1701; x_wconf 64' lang='lat' dir='ltr'><strong>Hec</strong></span> <span class='ocrx_word' id='word_1_193' title='bbox 2493 1662 2628 1702; x_wconf 90' lang='lat' dir='ltr'><strong>cum</strong></span> <span class='ocrx_word' id='word_1_194' title='bbox 2677 1649 2963 1707; x_wconf 87' lang='lat' dir='ltr'><strong>audiisset</strong></span> <span class='ocrx_word' id='word_1_195' title='bbox 3013 1653 3351 1726; x_wconf 78' lang='lat' dir='ltr'><strong>imperator,</strong></span> <span class='ocrx_word' id='word_1_196' title='bbox 3395 1661 3651 1734; x_wconf 89' lang='lat' dir='ltr'><strong>repletus</strong></span> 
     </span>
    </p>
   </div>
   <div class='ocr_carea' id='block_1_32' title="bbox 2003 1733 3650 1820">
    <p class='ocr_par' dir='ltr' id='par_1_32' title="bbox 2003 1733 3650 1820">
     <span class='ocr_line' id='line_1_32' title="bbox 2003 1733 3650 1820; baseline 0.012 -32"><span class='ocrx_word' id='word_1_197' title='bbox 2003 1733 2113 1790; x_wconf 87' lang='lat' dir='ltr'><strong>fuit</strong></span> <span class='ocrx_word' id='word_1_198' title='bbox 2155 1735 2492 1806; x_wconf 52' lang='lat' dir='ltr'><strong>stupore:et</strong></span> <span class='ocrx_word' id='word_1_199' title='bbox 2533 1737 2944 1808; x_wconf 83' lang='lat' dir='ltr'><strong>admiratione,</strong></span> <span class='ocrx_word' id='word_1_200' title='bbox 2975 1742 3180 1816; x_wconf 88' lang='lat' dir='ltr'><strong>iraque</strong></span> <span class='ocrx_word' id='word_1_201' title='bbox 3219 1733 3526 1820; x_wconf 84' lang='lat' dir='ltr'><strong>excitatus,</strong></span> <span class='ocrx_word' id='word_1_202' title='bbox 3561 1753 3650 1808; x_wconf 89' lang='lat' dir='ltr'><strong>in-</strong></span> 
     </span>
    </p>
   </div>
   <div class='ocr_carea' id='block_1_33' title="bbox 2000 1824 3648 1897">
    <p class='ocr_par' dir='ltr' id='par_1_33' title="bbox 2000 1824 3648 1897">
     <span class='ocr_line' id='line_1_33' title="bbox 2000 1824 3648 1897; baseline 0.012 -20"><span class='ocrx_word' id='word_1_203' title='bbox 2000 1824 2158 1894; x_wconf 90' lang='lat' dir='ltr'><strong>genti</strong></span> <span class='ocrx_word' id='word_1_204' title='bbox 2206 1840 2344 1880; x_wconf 88' lang='lat' dir='ltr'><strong>voce</strong></span> <span class='ocrx_word' id='word_1_205' title='bbox 2376 1825 2762 1883; x_wconf 81' lang='lat' dir='ltr'><strong>exclamavit:</strong></span> <span class='ocrx_word' id='word_1_206' title='bbox 2823 1830 3105 1894; x_wconf 80' lang='lat' dir='ltr'><strong>Quisnam</strong></span> <span class='ocrx_word' id='word_1_207' title='bbox 3139 1839 3196 1890; x_wconf 91' lang='lat' dir='ltr'><strong>et</strong></span> <span class='ocrx_word' id='word_1_208' title='bbox 3231 1835 3367 1893; x_wconf 88' lang='lat' dir='ltr'><strong>inde</strong></span> <span class='ocrx_word' id='word_1_209' title='bbox 3417 1844 3505 1896; x_wconf 83' lang='lat' dir='ltr'><strong>est</strong></span> <span class='ocrx_word' id='word_1_210' title='bbox 3535 1841 3648 1897; x_wconf 89' lang='lat' dir='ltr'><strong>iste</strong></span> 
     </span>
    </p>
   </div>
   <div class='ocr_carea' id='block_1_34' title="bbox 229 1912 1882 1998">
    <p class='ocr_par' dir='ltr' id='par_1_34' title="bbox 229 1919 1882 1996">
     <span class='ocr_line' id='line_1_34' title="bbox 229 1919 1882 1996; baseline -0.005 -14"><span class='ocrx_word' id='word_1_211' title='bbox 229 1945 322 1987; x_wconf 88' lang='grc' dir='ltr'><strong>τος</strong></span> <span class='ocrx_word' id='word_1_212' title='bbox 354 1926 382 1979; x_wconf 85' lang='lat'><strong>6</strong></span> <span class='ocrx_word' id='word_1_213' title='bbox 414 1921 725 1996; x_wconf 71' lang='grc' dir='ltr'>ἀλιτήριος,</span> <span class='ocrx_word' id='word_1_214' title='bbox 771 1921 800 1975; x_wconf 85' lang='grc' dir='ltr'>ὀ</span> <span class='ocrx_word' id='word_1_215' title='bbox 842 1921 1113 1990; x_wconf 71' lang='grc' dir='ltr'>τοσαύτην</span> <span class='ocrx_word' id='word_1_216' title='bbox 1163 1923 1300 1992; x_wconf 82' lang='grc' dir='ltr'>ἡμῖν</span> <span class='ocrx_word' id='word_1_217' title='bbox 1350 1919 1439 1974; x_wconf 82' lang='grc' dir='ltr'>ἐπὶ</span> <span class='ocrx_word' id='word_1_218' title='bbox 1486 1923 1582 1975; x_wconf 71' lang='grc' dir='ltr'><strong>τοῦ</strong></span> <span class='ocrx_word' id='word_1_219' title='bbox 1633 1921 1882 1994; x_wconf 76' lang='grc' dir='ltr'>βήματος</span> 
     </span>
    </p>
   </div>
   <div class='ocr_carea' id='block_1_35' title="bbox 1998 1912 3650 1998">
    <p class='ocr_par' dir='ltr' id='par_1_35' title="bbox 1999 1912 3650 1998">
     <span class='ocr_line' id='line_1_35' title="bbox 1999 1912 3650 1998; baseline 0.011 -30"><span class='ocrx_word' id='word_1_220' title='bbox 1999 1912 2331 1980; x_wconf 84' lang='lat' dir='ltr'><strong>sceleratus,</strong></span> <span class='ocrx_word' id='word_1_221' title='bbox 2367 1913 2468 1986; x_wconf 91' lang='lat' dir='ltr'><strong>qui</strong></span> <span class='ocrx_word' id='word_1_222' title='bbox 2501 1919 2724 1972; x_wconf 87' lang='lat' dir='ltr'><strong>tantam</strong></span> <span class='ocrx_word' id='word_1_223' title='bbox 2763 1926 2816 1972; x_wconf 89' lang='lat' dir='ltr'><strong>et</strong></span> <span class='ocrx_word' id='word_1_224' title='bbox 2849 1927 2964 1976; x_wconf 88' lang='lat' dir='ltr'><strong>tam</strong></span> <span class='ocrx_word' id='word_1_225' title='bbox 3008 1939 3283 1981; x_wconf 87' lang='lat' dir='ltr'><strong>sonoram</strong></span> <span class='ocrx_word' id='word_1_226' title='bbox 3319 1943 3422 1998; x_wconf 91' lang='lat' dir='ltr'><strong>pro</strong></span> <span class='ocrx_word' id='word_1_227' title='bbox 3451 1930 3650 1986; x_wconf 88' lang='lat' dir='ltr'><strong>tribu-</strong></span> 
     </span>
    </p>
   </div>
   <div class='ocr_carea' id='block_1_36' title="bbox 241 2007 1883 2086">
    <p class='ocr_par' dir='ltr' id='par_1_36' title="bbox 241 2007 1883 2086">
     <span class='ocr_line' id='line_1_36' title="bbox 241 2007 1883 2086; baseline -0.004 -17"><span class='ocrx_word' id='word_1_228' title='bbox 241 2007 668 2084; x_wconf 74' lang='grc' dir='ltr'>καταϐομϐήσας</span> <span class='ocrx_word' id='word_1_229' title='bbox 720 2007 1122 2086; x_wconf 75' lang='grc' dir='ltr'>δημηγορίανς</span> <span class='ocrx_word' id='word_1_230' title='bbox 1174 2009 1344 2066; x_wconf 74' lang='grc' dir='ltr'>Οῧπω</span> <span class='ocrx_word' id='word_1_231' title='bbox 1389 2007 1492 2084; x_wconf 71' lang='grc' dir='ltr'><strong>γὰρ</strong></span> <span class='ocrx_word' id='word_1_232' title='bbox 1547 2007 1744 2086; x_wconf 69' lang='grc' dir='ltr'>’ἐφϐασε</span> <span class='ocrx_word' id='word_1_233' title='bbox 1791 2009 1883 2062; x_wconf 88' lang='grc' dir='ltr'>τὸν</span> 
     </span>
    </p>
   </div>
   <div class='ocr_carea' id='block_1_37' title="bbox 237 2097 1883 2178">
    <p class='ocr_par' dir='ltr' id='par_1_37' title="bbox 237 2097 1883 2178">
     <span class='ocr_line' id='line_1_37' title="bbox 237 2097 1883 2178; baseline -0.005 -19"><span class='ocrx_word' id='word_1_234' title='bbox 237 2101 404 2178; x_wconf 78' lang='grc' dir='ltr'>ἄνδρα</span> <span class='ocrx_word' id='word_1_235' title='bbox 443 2100 600 2172; x_wconf 75' lang='grc' dir='ltr'>ἰδεῖν,</span> <span class='ocrx_word' id='word_1_236' title='bbox 645 2097 731 2156; x_wconf 68' lang='grc' dir='ltr'><strong>διὰ</strong></span> <span class='ocrx_word' id='word_1_237' title='bbox 778 2101 840 2154; x_wconf 85' lang='grc' dir='ltr'>τὸ</span> <span class='ocrx_word' id='word_1_238' title='bbox 887 2105 1218 2169; x_wconf 79' lang='grc' dir='ltr'>καταστῆναι</span> <span class='ocrx_word' id='word_1_239' title='bbox 1281 2099 1376 2171; x_wconf 75' lang='grc' dir='ltr'>μὲν</span> <span class='ocrx_word' id='word_1_240' title='bbox 1437 2097 1596 2152; x_wconf 73' lang='grc' dir='ltr'>αὺτὸν</span> <span class='ocrx_word' id='word_1_241' title='bbox 1651 2097 1727 2158; x_wconf 87' lang='grc' dir='ltr'><strong>εἰς</strong></span> <span class='ocrx_word' id='word_1_242' title='bbox 1785 2099 1883 2166; x_wconf 73' lang='grc' dir='ltr'>τὴν</span> 
     </span>
    </p>
   </div>
   <div class='ocr_carea' id='block_1_38' title="bbox 237 2184 1888 2271">
    <p class='ocr_par' dir='ltr' id='par_1_38' title="bbox 237 2184 1888 2271">
     <span class='ocr_line' id='line_1_38' title="bbox 237 2184 1888 2271; baseline -0.005 -21"><span class='ocrx_word' id='word_1_243' title='bbox 237 2195 420 2271; x_wconf 70' lang='grc' dir='ltr'>ἀργὴν</span> <span class='ocrx_word' id='word_1_244' title='bbox 493 2191 639 2267; x_wconf 81' lang='grc' dir='ltr'>παρᾶ</span> <span class='ocrx_word' id='word_1_245' title='bbox 707 2187 1102 2260; x_wconf 82' lang='grc' dir='ltr'>Κωνσταντίου,</span> <span class='ocrx_word' id='word_1_246' title='bbox 1168 2187 1368 2244; x_wconf 78' lang='grc' dir='ltr'>ἐκεῖνον</span> <span class='ocrx_word' id='word_1_247' title='bbox 1436 2184 1494 2242; x_wconf 70' lang='grc' dir='ltr'><strong>δὲ</strong></span> <span class='ocrx_word' id='word_1_248' title='bbox 1560 2188 1622 2242; x_wconf 86' lang='grc' dir='ltr'>τὸ</span> <span class='ocrx_word' id='word_1_249' title='bbox 1693 2187 1888 2260; x_wconf 78' lang='grc' dir='ltr'>μεταξῦ</span> 
     </span>
    </p>
   </div>
   <div class='ocr_carea' id='block_1_39' title="bbox 239 2262 1890 2356">
    <p class='ocr_par' dir='ltr' id='par_1_39' title="bbox 239 2262 1890 2356">
     <span class='ocr_line' id='line_1_39' title="bbox 239 2262 1890 2356; baseline -0.005 -18"><span class='ocrx_word' id='word_1_250' title='bbox 239 2262 536 2356; x_wconf 68' lang='grc' dir='ltr'>διατρίϐειν</span> <span class='ocrx_word' id='word_1_251' title='bbox 639 2284 760 2342; x_wconf 83' lang='grc' dir='ltr'>ταῖς</span> <span class='ocrx_word' id='word_1_252' title='bbox 791 2277 1072 2340; x_wconf 85' lang='grc' dir='ltr'>Γαλλίαις.</span> <span class='ocrx_word' id='word_1_253' title='bbox 1095 2279 1152 2335; x_wconf 90' lang='grc' dir='ltr'>Ὁ</span> <span class='ocrx_word' id='word_1_254' title='bbox 1177 2275 1307 2350; x_wconf 75' lang='grc' dir='ltr'>Δοὺξ</span> <span class='ocrx_word' id='word_1_255' title='bbox 1339 2276 1480 2330; x_wconf 78' lang='grc' dir='ltr'>ἐστιν</span> <span class='ocrx_word' id='word_1_256' title='bbox 1504 2273 1890 2352; x_wconf 78' lang='grc' dir='ltr'>Αλεξανδρείας</span> 
     </span>
    </p>
   </div>
   <div class='ocr_carea' id='block_1_40' title="bbox 239 2367 1890 2450">
    <p class='ocr_par' dir='ltr' id='par_1_40' title="bbox 239 2367 1890 2450">
     <span class='ocr_line' id='line_1_40' title="bbox 239 2367 1890 2450; baseline -0.005 -20"><span class='ocrx_word' id='word_1_257' title='bbox 239 2377 274 2444; x_wconf 80' lang='grc' dir='ltr'>ἡ</span> <span class='ocrx_word' id='word_1_258' title='bbox 321 2374 466 2444; x_wconf 68' lang='grc' dir='ltr'>τάξις</span> <span class='ocrx_word' id='word_1_259' title='bbox 516 2368 642 2450; x_wconf 75' lang='grc' dir='ltr'>ἔφη,</span> <span class='ocrx_word' id='word_1_260' title='bbox 696 2373 740 2426; x_wconf 83' lang='grc' dir='ltr'>ὦ</span> <span class='ocrx_word' id='word_1_261' title='bbox 799 2368 1050 2427; x_wconf 73' lang='grc' dir='ltr'>δέσποτα.</span> <span class='ocrx_word' id='word_1_262' title='bbox 1108 2370 1212 2425; x_wconf 76' lang='grc' dir='ltr'>Καὶ</span> <span class='ocrx_word' id='word_1_263' title='bbox 1257 2369 1284 2423; x_wconf 94' lang='lat'><strong>6</strong></span> <span class='ocrx_word' id='word_1_264' title='bbox 1320 2368 1578 2444; x_wconf 73' lang='grc' dir='ltr'>βασιλεὺς</span> <span class='ocrx_word' id='word_1_265' title='bbox 1635 2367 1890 2443; x_wconf 74' lang='grc' dir='ltr'>ἀναγνοὺς</span> 
     </span>
    </p>
   </div>
   <div class='ocr_carea' id='block_1_41' title="bbox 236 2451 1890 2532">
    <p class='ocr_par' dir='ltr' id='par_1_41' title="bbox 236 2451 1890 2532">
     <span class='ocr_line' id='line_1_41' title="bbox 236 2451 1890 2532; baseline -0.005 -15"><span class='ocrx_word' id='word_1_266' title='bbox 236 2461 394 2517; x_wconf 74' lang='grc' dir='ltr'>αὐτὸν</span> <span class='ocrx_word' id='word_1_267' title='bbox 429 2462 534 2516; x_wconf 86' lang='grc' dir='ltr'>ἀπὸ</span> <span class='ocrx_word' id='word_1_268' title='bbox 563 2464 671 2516; x_wconf 81' lang='grc' dir='ltr'><strong>τῶν</strong></span> <span class='ocrx_word' id='word_1_269' title='bbox 716 2465 816 2528; x_wconf 77' lang='grc' dir='ltr'>τῆς</span> <span class='ocrx_word' id='word_1_270' title='bbox 861 2459 1042 2532; x_wconf 75' lang='grc' dir='ltr'>ἀρχῆς</span> <span class='ocrx_word' id='word_1_271' title='bbox 1085 2460 1176 2511; x_wconf 84' lang='grc' dir='ltr'>οἷα</span> <span class='ocrx_word' id='word_1_272' title='bbox 1224 2451 1545 2529; x_wconf 77' lang='grc' dir='ltr'>συμϐόλων.</span> <span class='ocrx_word' id='word_1_273' title='bbox 1597 2455 1890 2530; x_wconf 77' lang='grc' dir='ltr'>’Δρτέμιὸς</span> 
     </span>
    </p>
   </div>
   <div class='ocr_carea' id='block_1_42' title="bbox 235 2547 1893 2624">
    <p class='ocr_par' dir='ltr' id='par_1_42' title="bbox 235 2547 1893 2624">
     <span class='ocr_line' id='line_1_42' title="bbox 235 2547 1893 2624; baseline -0.004 -16"><span class='ocrx_word' id='word_1_274' title='bbox 235 2553 404 2622; x_wconf 78' lang='grc' dir='ltr'>ἐστιν,</span> <span class='ocrx_word' id='word_1_275' title='bbox 437 2553 604 2620; x_wconf 76' lang='grc' dir='ltr'>εἶπεν,</span> <span class='ocrx_word' id='word_1_276' title='bbox 635 2553 662 2606; x_wconf 86' lang='grc' dir='ltr'>ὁ</span> <span class='ocrx_word' id='word_1_277' title='bbox 693 2555 772 2622; x_wconf 78' lang='grc' dir='ltr'>τῷ</span> <span class='ocrx_word' id='word_1_278' title='bbox 804 2551 921 2624; x_wconf 72' lang='grc' dir='ltr'><strong>ἐμῷ</strong></span> <span class='ocrx_word' id='word_1_279' title='bbox 952 2547 1176 2622; x_wconf 75' lang='grc' dir='ltr'>ἀδελφῷ</span> <span class='ocrx_word' id='word_1_280' title='bbox 1225 2549 1454 2602; x_wconf 70' lang='grc' dir='ltr'>θάνατον</span> <span class='ocrx_word' id='word_1_281' title='bbox 1501 2547 1697 2621; x_wconf 83' lang='grc' dir='ltr'>πικρὸν</span> <span class='ocrx_word' id='word_1_282' title='bbox 1730 2567 1893 2620; x_wconf 79' lang='grc' dir='ltr'>κερα-</span> 
     </span>
    </p>
   </div>
   <div class='ocr_carea' id='block_1_43' title="bbox 237 2635 1888 2719">
    <p class='ocr_par' dir='ltr' id='par_1_43' title="bbox 237 2635 1888 2719">
     <span class='ocr_line' id='line_1_43' title="bbox 237 2635 1888 2719; baseline -0.004 -23"><span class='ocrx_word' id='word_1_283' title='bbox 237 2641 468 2717; x_wconf 71' lang='grc' dir='ltr'>σάμενος</span> <span class='ocrx_word' id='word_1_284' title='bbox 497 2661 510 2710; x_wconf 89' lang='grc'>;</span> <span class='ocrx_word' id='word_1_285' title='bbox 541 2641 668 2710; x_wconf 78' lang='grc' dir='ltr'>Ναὶ,</span> <span class='ocrx_word' id='word_1_286' title='bbox 699 2641 854 2719; x_wconf 67' lang='grc' dir='ltr'>φησὶ,</span> <span class='ocrx_word' id='word_1_287' title='bbox 894 2639 1150 2711; x_wconf 74' lang='grc' dir='ltr'><strong>κράτιστε</strong></span> <span class='ocrx_word' id='word_1_288' title='bbox 1185 2636 1474 2713; x_wconf 69' lang='grc' dir='ltr'>βασιλέων,</span> <span class='ocrx_word' id='word_1_289' title='bbox 1509 2635 1668 2697; x_wconf 78' lang='grc' dir='ltr'>αὑτός</span> <span class='ocrx_word' id='word_1_290' title='bbox 1727 2635 1888 2708; x_wconf 78' lang='grc' dir='ltr'>ἐστιν,</span> 
     </span>
    </p>
   </div>
   <div class='ocr_carea' id='block_1_44' title="bbox 240 2724 1890 2804">
    <p class='ocr_par' dir='ltr' id='par_1_44' title="bbox 240 2724 1890 2804">
     <span class='ocr_line' id='line_1_44' title="bbox 240 2724 1890 2804; baseline -0.003 -20"><span class='ocrx_word' id='word_1_291' title='bbox 240 2733 276 2800; x_wconf 73' lang='grc' dir='ltr'>ἡ</span> <span class='ocrx_word' id='word_1_292' title='bbox 303 2733 452 2803; x_wconf 76' lang='grc' dir='ltr'>τάξις</span> <span class='ocrx_word' id='word_1_293' title='bbox 509 2727 661 2791; x_wconf 71' lang='grc' dir='ltr'>αὖθις</span> <span class='ocrx_word' id='word_1_294' title='bbox 723 2728 1013 2804; x_wconf 66' lang='grc' dir='ltr'>ἁντέφησε.</span> <span class='ocrx_word' id='word_1_295' title='bbox 1079 2729 1184 2784; x_wconf 79' lang='grc' dir='ltr'><strong>Καὶ</strong></span> <span class='ocrx_word' id='word_1_296' title='bbox 1253 2727 1280 2781; x_wconf 83' lang='grc' dir='ltr'><strong>ὁ</strong></span> <span class='ocrx_word' id='word_1_297' title='bbox 1340 2724 1659 2788; x_wconf 81' lang='grc' dir='ltr'>Ἰουλιανός·</span> <span class='ocrx_word' id='word_1_298' title='bbox 1721 2728 1890 2798; x_wconf 70' lang='grc' dir='ltr'>Χᾶριν</span> 
     </span>
    </p>
   </div>
   <div class='ocr_carea' id='block_1_45' title="bbox 239 2813 1894 2898">
    <p class='ocr_par' dir='ltr' id='par_1_45' title="bbox 239 2813 1894 2898">
     <span class='ocr_line' id='line_1_45' title="bbox 239 2813 1894 2898; baseline -0.005 -22"><span class='ocrx_word' id='word_1_299' title='bbox 239 2818 518 2898; x_wconf 74' lang='grc' dir='ltr'>ἐποιρείλω</span> <span class='ocrx_word' id='word_1_300' title='bbox 549 2823 664 2880; x_wconf 81' lang='grc' dir='ltr'>τοῖς</span> <span class='ocrx_word' id='word_1_301' title='bbox 696 2819 980 2880; x_wconf 71' lang='grc' dir='ltr'>ἀθανάτοις</span> <span class='ocrx_word' id='word_1_302' title='bbox 1016 2822 1158 2880; x_wconf 85' lang='grc' dir='ltr'>θεοῖς</span> <span class='ocrx_word' id='word_1_303' title='bbox 1191 2816 1279 2870; x_wconf 84' lang='grc' dir='ltr'>καὶ</span> <span class='ocrx_word' id='word_1_304' title='bbox 1309 2819 1388 2888; x_wconf 76' lang='grc' dir='ltr'>τῷ</span> <span class='ocrx_word' id='word_1_305' title='bbox 1411 2814 1662 2894; x_wconf 70' lang='grc' dir='ltr'>Δαφναίῳ</span> <span class='ocrx_word' id='word_1_306' title='bbox 1690 2813 1894 2872; x_wconf 80' lang='grc' dir='ltr'>Ἀπόλ-</span> 
     </span>
    </p>
   </div>
   <div class='ocr_carea' id='block_1_46' title="bbox 243 2901 1889 2980">
    <p class='ocr_par' dir='ltr' id='par_1_46' title="bbox 243 2901 1889 2980">
     <span class='ocr_line' id='line_1_46' title="bbox 243 2901 1889 2980; baseline -0.005 -16"><span class='ocrx_word' id='word_1_307' title='bbox 243 2908 400 2976; x_wconf 89' lang='grc' dir='ltr'>λωνι,</span> <span class='ocrx_word' id='word_1_308' title='bbox 433 2907 516 2964; x_wconf 76' lang='grc' dir='ltr'><strong>ὅτι</strong></span> <span class='ocrx_word' id='word_1_309' title='bbox 553 2928 618 2980; x_wconf 85' lang='grc' dir='ltr'><strong>με</strong></span> <span class='ocrx_word' id='word_1_310' title='bbox 647 2907 740 2961; x_wconf 86' lang='grc' dir='ltr'><strong>τὸν</strong></span> <span class='ocrx_word' id='word_1_311' title='bbox 783 2904 1058 2980; x_wconf 75' lang='grc' dir='ltr'>ἀλάστορα</span> <span class='ocrx_word' id='word_1_312' title='bbox 1095 2909 1287 2960; x_wconf 75' lang='grc' dir='ltr'>τοῦτον</span> <span class='ocrx_word' id='word_1_313' title='bbox 1335 2901 1646 2976; x_wconf 74' lang='grc' dir='ltr'>αὐτόμολόν</span> <span class='ocrx_word' id='word_1_314' title='bbox 1695 2924 1752 2957; x_wconf 90' lang='grc' dir='ltr'><strong>τε</strong></span> <span class='ocrx_word' id='word_1_315' title='bbox 1799 2902 1889 2957; x_wconf 79' lang='grc' dir='ltr'><strong>καὶ</strong></span> 
     </span>
    </p>
   </div>
   <div class='ocr_carea' id='block_1_47' title="bbox 240 2993 1888 3074">
    <p class='ocr_par' dir='ltr' id='par_1_47' title="bbox 240 2993 1888 3074">
     <span class='ocr_line' id='line_1_47' title="bbox 240 2993 1888 3074; baseline -0.004 -21"><span class='ocrx_word' id='word_1_316' title='bbox 240 2995 679 3074; x_wconf 78' lang='grc' dir='ltr'>αὖτεπάγγελτον</span> <span class='ocrx_word' id='word_1_317' title='bbox 742 2993 1100 3074; x_wconf 65' lang='grc' dir='ltr'>ἐφανέρωσαν,</span> <span class='ocrx_word' id='word_1_318' title='bbox 1167 2995 1256 3048; x_wconf 75' lang='grc' dir='ltr'>καὶ</span> <span class='ocrx_word' id='word_1_319' title='bbox 1307 3015 1460 3067; x_wconf 74' lang='grc' dir='ltr'>φησι.</span> <span class='ocrx_word' id='word_1_320' title='bbox 1511 2994 1888 3068; x_wconf 68' lang='grc' dir='ltr'>Ἀιραιρεθῆτω</span> 
     </span>
    </p>
   </div>
   <div class='ocr_carea' id='block_1_48' title="bbox 240 3080 1893 3163">
    <p class='ocr_par' dir='ltr' id='par_1_48' title="bbox 240 3080 1893 3163">
     <span class='ocr_line' id='line_1_48' title="bbox 240 3080 1893 3163; baseline -0.004 -22"><span class='ocrx_word' id='word_1_321' title='bbox 240 3090 536 3163; x_wconf 78' lang='grc' dir='ltr'>τοιγαροῦν</span> <span class='ocrx_word' id='word_1_322' title='bbox 569 3086 666 3154; x_wconf 74' lang='grc' dir='ltr'><strong>τήν</strong></span> <span class='ocrx_word' id='word_1_323' title='bbox 699 3087 873 3155; x_wconf 73' lang='grc' dir='ltr'>ζώνην</span> <span class='ocrx_word' id='word_1_324' title='bbox 910 3089 1006 3138; x_wconf 77' lang='grc' dir='ltr'><strong>τοῦ</strong></span> <span class='ocrx_word' id='word_1_325' title='bbox 1060 3083 1388 3156; x_wconf 78' lang='grc' dir='ltr'>ἀξιώματος,</span> <span class='ocrx_word' id='word_1_326' title='bbox 1420 3083 1447 3136; x_wconf 86' lang='lat'><strong>6</strong></span> <span class='ocrx_word' id='word_1_327' title='bbox 1481 3081 1706 3153; x_wconf 77' lang='grc' dir='ltr'>ἀναξίως</span> <span class='ocrx_word' id='word_1_328' title='bbox 1753 3080 1893 3134; x_wconf 66' lang='grc' dir='ltr'>ταῦ-</span> 
     </span>
    </p>
   </div>
   <div class='ocr_carea' id='block_1_49' title="bbox 238 3169 1890 3252">
    <p class='ocr_par' dir='ltr' id='par_1_49' title="bbox 238 3169 1890 3252">
     <span class='ocr_line' id='line_1_49' title="bbox 238 3169 1890 3252; baseline -0.005 -19"><span class='ocrx_word' id='word_1_329' title='bbox 238 3199 340 3248; x_wconf 73' lang='grc' dir='ltr'><strong>την</strong></span> <span class='ocrx_word' id='word_1_330' title='bbox 406 3177 870 3252; x_wconf 74' lang='grc' dir='ltr'>περιζωσάμενος,</span> <span class='ocrx_word' id='word_1_331' title='bbox 923 3175 1014 3229; x_wconf 82' lang='grc' dir='ltr'>καὶ</span> <span class='ocrx_word' id='word_1_332' title='bbox 1082 3172 1225 3228; x_wconf 82' lang='grc' dir='ltr'>δότω</span> <span class='ocrx_word' id='word_1_333' title='bbox 1294 3170 1450 3243; x_wconf 66' lang='grc' dir='ltr'>δίοιην</span> <span class='ocrx_word' id='word_1_334' title='bbox 1517 3176 1625 3226; x_wconf 83' lang='grc' dir='ltr'>τῶν</span> <span class='ocrx_word' id='word_1_335' title='bbox 1691 3169 1890 3246; x_wconf 80' lang='grc' dir='ltr'>ἀρτίως</span> 
     </span>
    </p>
   </div>
   <div class='ocr_carea' id='block_1_50' title="bbox 1999 2001 3644 2090">
    <p class='ocr_par' dir='ltr' id='par_1_50' title="bbox 1999 2001 3644 2090">
     <span class='ocr_line' id='line_1_50' title="bbox 1999 2001 3644 2090; baseline 0.011 -34"><span class='ocrx_word' id='word_1_336' title='bbox 1999 2001 2118 2057; x_wconf 88' lang='lat' dir='ltr'><strong>nali</strong></span> <span class='ocrx_word' id='word_1_337' title='bbox 2149 2002 2334 2058; x_wconf 85' lang='lat' dir='ltr'><strong>edidit</strong></span> <span class='ocrx_word' id='word_1_338' title='bbox 2363 2004 2700 2062; x_wconf 86' lang='lat' dir='ltr'><strong>concionem</strong></span> <span class='ocrx_word' id='word_1_339' title='bbox 2717 2007 2745 2062; x_wconf 89' lang='lat'><strong>?</strong></span> <span class='ocrx_word' id='word_1_340' title='bbox 2766 2007 3038 2065; x_wconf 87' lang='lat' dir='ltr'><strong>Nondum</strong></span> <span class='ocrx_word' id='word_1_341' title='bbox 3062 2013 3216 2068; x_wconf 89' lang='lat' dir='ltr'><strong>enim</strong></span> <span class='ocrx_word' id='word_1_342' title='bbox 3251 2031 3377 2072; x_wconf 86' lang='lat' dir='ltr'><strong>eum</strong></span> <span class='ocrx_word' id='word_1_343' title='bbox 3401 2017 3644 2090; x_wconf 90' lang='lat' dir='ltr'><strong>viderat,</strong></span> 
     </span>
    </p>
   </div>
   <div class='ocr_carea' id='block_1_51' title="bbox 1999 2093 3645 2174">
    <p class='ocr_par' dir='ltr' id='par_1_51' title="bbox 1999 2093 3645 2174">
     <span class='ocr_line' id='line_1_51' title="bbox 1999 2093 3645 2174; baseline 0.012 -28"><span class='ocrx_word' id='word_1_344' title='bbox 1999 2107 2066 2147; x_wconf 91' lang='lat' dir='ltr'><strong>eo</strong></span> <span class='ocrx_word' id='word_1_345' title='bbox 2097 2093 2252 2162; x_wconf 90' lang='lat' dir='ltr'><strong>quod</strong></span> <span class='ocrx_word' id='word_1_346' title='bbox 2279 2107 2412 2148; x_wconf 89' lang='lat' dir='ltr'><strong>eum</strong></span> <span class='ocrx_word' id='word_1_347' title='bbox 2436 2095 2677 2165; x_wconf 91' lang='lat' dir='ltr'><strong>quidem</strong></span> <span class='ocrx_word' id='word_1_348' title='bbox 2711 2099 3066 2168; x_wconf 78' lang='lat' dir='ltr'><strong>praafecisset</strong></span> <span class='ocrx_word' id='word_1_349' title='bbox 3088 2103 3489 2174; x_wconf 79' lang='lat' dir='ltr'><strong>Constantius,</strong></span> <span class='ocrx_word' id='word_1_350' title='bbox 3513 2125 3645 2166; x_wconf 85' lang='lat' dir='ltr'><strong>cum</strong></span> 
     </span>
    </p>
   </div>
   <div class='ocr_carea' id='block_1_52' title="bbox 1997 2180 3646 2259">
    <p class='ocr_par' dir='ltr' id='par_1_52' title="bbox 1997 2180 3646 2259">
     <span class='ocr_line' id='line_1_52' title="bbox 1997 2180 3646 2259; baseline 0.013 -24"><span class='ocrx_word' id='word_1_351' title='bbox 1997 2180 2124 2252; x_wconf 86' lang='lat' dir='ltr'><strong>ipse</strong></span> <span class='ocrx_word' id='word_1_352' title='bbox 2165 2181 2388 2238; x_wconf 80' lang='lat' dir='ltr'><strong>interea</strong></span> <span class='ocrx_word' id='word_1_353' title='bbox 2429 2189 2760 2241; x_wconf 86' lang='lat' dir='ltr'><strong>versaretur</strong></span> <span class='ocrx_word' id='word_1_354' title='bbox 2790 2188 2850 2244; x_wconf 89' lang='lat' dir='ltr'><strong>in</strong></span> <span class='ocrx_word' id='word_1_355' title='bbox 2886 2188 3095 2259; x_wconf 88' lang='lat' dir='ltr'><strong>Gallia,</strong></span> <span class='ocrx_word' id='word_1_356' title='bbox 3127 2191 3256 2248; x_wconf 83' lang='lat' dir='ltr'><strong>Dux</strong></span> <span class='ocrx_word' id='word_1_357' title='bbox 3293 2200 3380 2252; x_wconf 87' lang='lat' dir='ltr'><strong>est</strong></span> <span class='ocrx_word' id='word_1_358' title='bbox 3407 2197 3646 2256; x_wconf 83' lang='lat' dir='ltr'><strong>Alexan-</strong></span> 
     </span>
    </p>
   </div>
   <div class='ocr_carea' id='block_1_53' title="bbox 1999 2271 3644 2356">
    <p class='ocr_par' dir='ltr' id='par_1_53' title="bbox 1999 2271 3644 2356">
     <span class='ocr_line' id='line_1_53' title="bbox 1999 2271 3644 2356; baseline 0.012 -31"><span class='ocrx_word' id='word_1_359' title='bbox 1999 2271 2160 2326; x_wconf 81' lang='lat' dir='ltr'><strong>driae.</strong></span> <span class='ocrx_word' id='word_1_360' title='bbox 2193 2271 2274 2327; x_wconf 88' lang='lat' dir='ltr'><strong>ait</strong></span> <span class='ocrx_word' id='word_1_361' title='bbox 2303 2272 2514 2329; x_wconf 84' lang='lat' dir='ltr'><strong>cohors</strong></span> <span class='ocrx_word' id='word_1_362' title='bbox 2547 2273 2824 2344; x_wconf 88' lang='lat' dir='ltr'><strong>militum,</strong></span> <span class='ocrx_word' id='word_1_363' title='bbox 2858 2293 2890 2333; x_wconf 94' lang='lat' dir='ltr'><strong>o</strong></span> <span class='ocrx_word' id='word_1_364' title='bbox 2912 2279 3162 2338; x_wconf 90' lang='lat' dir='ltr'><strong>domine.</strong></span> <span class='ocrx_word' id='word_1_365' title='bbox 3197 2283 3518 2356; x_wconf 87' lang='lat' dir='ltr'><strong>Imperator</strong></span> <span class='ocrx_word' id='word_1_366' title='bbox 3547 2306 3644 2343; x_wconf 89' lang='lat' dir='ltr'><strong>au-</strong></span> 
     </span>
    </p>
   </div>
   <div class='ocr_carea' id='block_1_54' title="bbox 1999 2361 3645 2440">
    <p class='ocr_par' dir='ltr' id='par_1_54' title="bbox 1999 2361 3645 2440">
     <span class='ocr_line' id='line_1_54' title="bbox 1999 2361 3645 2440; baseline 0.013 -27"><span class='ocrx_word' id='word_1_367' title='bbox 1999 2361 2114 2414; x_wconf 91' lang='lat' dir='ltr'><strong>tem</strong></span> <span class='ocrx_word' id='word_1_368' title='bbox 2133 2375 2266 2414; x_wconf 91' lang='lat' dir='ltr'><strong>eum</strong></span> <span class='ocrx_word' id='word_1_369' title='bbox 2286 2376 2612 2433; x_wconf 83' lang='lat' dir='ltr'><strong>agnoscens</strong></span> <span class='ocrx_word' id='word_1_370' title='bbox 2630 2378 2696 2419; x_wconf 88' lang='lat' dir='ltr'><strong>ex</strong></span> <span class='ocrx_word' id='word_1_371' title='bbox 2718 2365 2907 2437; x_wconf 89' lang='lat' dir='ltr'><strong>signis</strong></span> <span class='ocrx_word' id='word_1_372' title='bbox 2925 2368 3332 2440; x_wconf 85' lang='lat' dir='ltr'><strong>magistratus:</strong></span> <span class='ocrx_word' id='word_1_373' title='bbox 3352 2377 3645 2434; x_wconf 87' lang='lat' dir='ltr'><strong>Artemius</strong></span> 
     </span>
    </p>
   </div>
   <div class='ocr_carea' id='block_1_55' title="bbox 1997 2447 3647 2536">
    <p class='ocr_par' dir='ltr' id='par_1_55' title="bbox 1997 2447 3647 2536">
     <span class='ocr_line' id='line_1_55' title="bbox 1997 2447 3647 2536; baseline 0.013 -34"><span class='ocrx_word' id='word_1_374' title='bbox 1997 2451 2108 2514; x_wconf 82' lang='lat' dir='ltr'><strong>est,</strong></span> <span class='ocrx_word' id='word_1_375' title='bbox 2141 2447 2356 2518; x_wconf 78' lang='lat' dir='ltr'><strong>inquit,</strong></span> <span class='ocrx_word' id='word_1_376' title='bbox 2389 2451 2488 2521; x_wconf 88' lang='lat' dir='ltr'><strong>qui</strong></span> <span class='ocrx_word' id='word_1_377' title='bbox 2509 2452 2667 2506; x_wconf 82' lang='lat' dir='ltr'><strong>fratri</strong></span> <span class='ocrx_word' id='word_1_378' title='bbox 2703 2469 2832 2510; x_wconf 91' lang='lat' dir='ltr'><strong>meo</strong></span> <span class='ocrx_word' id='word_1_379' title='bbox 2865 2461 3112 2512; x_wconf 89' lang='lat' dir='ltr'><strong>mortem</strong></span> <span class='ocrx_word' id='word_1_380' title='bbox 3136 2461 3407 2518; x_wconf 86' lang='lat' dir='ltr'><strong>acerbam</strong></span> <span class='ocrx_word' id='word_1_381' title='bbox 3443 2481 3647 2536; x_wconf 85' lang='lat' dir='ltr'><strong>procu-</strong></span> 
     </span>
    </p>
   </div>
   <div class='ocr_carea' id='block_1_56' title="bbox 1999 2537 3648 2625">
    <p class='ocr_par' dir='ltr' id='par_1_56' title="bbox 1999 2537 3648 2625">
     <span class='ocr_line' id='line_1_56' title="bbox 1999 2537 3648 2625; baseline 0.013 -35"><span class='ocrx_word' id='word_1_382' title='bbox 1999 2537 2196 2591; x_wconf 87' lang='lat' dir='ltr'><strong>ravit?</strong></span> <span class='ocrx_word' id='word_1_383' title='bbox 2234 2537 2417 2605; x_wconf 88' lang='lat' dir='ltr'><strong>Certe,</strong></span> <span class='ocrx_word' id='word_1_384' title='bbox 2453 2555 2485 2593; x_wconf 91' lang='grc' dir='ltr'><strong>ο</strong></span> <span class='ocrx_word' id='word_1_385' title='bbox 2515 2541 2738 2610; x_wconf 89' lang='lat' dir='ltr'><strong>optime</strong></span> <span class='ocrx_word' id='word_1_386' title='bbox 2767 2541 3112 2614; x_wconf 85' lang='lat' dir='ltr'><strong>imperator,</strong></span> <span class='ocrx_word' id='word_1_387' title='bbox 3137 2548 3186 2604; x_wconf 87' lang='lat' dir='ltr'><strong>is</strong></span> <span class='ocrx_word' id='word_1_388' title='bbox 3219 2555 3325 2620; x_wconf 90' lang='lat' dir='ltr'><strong>est,</strong></span> <span class='ocrx_word' id='word_1_389' title='bbox 3349 2555 3648 2625; x_wconf 89' lang='lat' dir='ltr'><strong>respondit</strong></span> 
     </span>
    </p>
   </div>
   <div class='ocr_carea' id='block_1_57' title="bbox 1997 2625 3642 2712">
    <p class='ocr_par' dir='ltr' id='par_1_57' title="bbox 1997 2625 3642 2712">
     <span class='ocr_line' id='line_1_57' title="bbox 1997 2625 3642 2712; baseline 0.013 -34"><span class='ocrx_word' id='word_1_390' title='bbox 1997 2625 2225 2680; x_wconf 87' lang='lat' dir='ltr'><strong>cohors.</strong></span> <span class='ocrx_word' id='word_1_391' title='bbox 2259 2626 2526 2682; x_wconf 85' lang='lat' dir='ltr'><strong>Julianus</strong></span> <span class='ocrx_word' id='word_1_392' title='bbox 2566 2633 2759 2685; x_wconf 89' lang='lat' dir='ltr'><strong>autem</strong></span> <span class='ocrx_word' id='word_1_393' title='bbox 2796 2648 2810 2686; x_wconf 91' lang='lat'><strong>:</strong></span> <span class='ocrx_word' id='word_1_394' title='bbox 2859 2632 3110 2701; x_wconf 88' lang='lat' dir='ltr'><strong>Gratias,</strong></span> <span class='ocrx_word' id='word_1_395' title='bbox 3151 2637 3362 2709; x_wconf 87' lang='lat' dir='ltr'><strong>inquit,</strong></span> <span class='ocrx_word' id='word_1_396' title='bbox 3393 2657 3500 2712; x_wconf 87' lang='lat' dir='ltr'><strong>ago</strong></span> <span class='ocrx_word' id='word_1_397' title='bbox 3531 2645 3642 2700; x_wconf 87' lang='lat' dir='ltr'><strong>diis</strong></span> 
     </span>
    </p>
   </div>
   <div class='ocr_carea' id='block_1_58' title="bbox 1997 2714 3638 2799">
    <p class='ocr_par' dir='ltr' id='par_1_58' title="bbox 1997 2714 3638 2799">
     <span class='ocr_line' id='line_1_58' title="bbox 1997 2714 3638 2799; baseline 0.013 -31"><span class='ocrx_word' id='word_1_398' title='bbox 1997 2714 2450 2785; x_wconf 88' lang='lat' dir='ltr'><strong>immortalibus,</strong></span> <span class='ocrx_word' id='word_1_399' title='bbox 2504 2721 2562 2773; x_wconf 89' lang='lat' dir='ltr'><strong>et</strong></span> <span class='ocrx_word' id='word_1_400' title='bbox 2616 2719 2872 2790; x_wconf 87' lang='lat' dir='ltr'><strong>Apollini</strong></span> <span class='ocrx_word' id='word_1_401' title='bbox 2928 2723 3235 2795; x_wconf 72' lang='lat' dir='ltr'><strong>Daphnaao,</strong></span> <span class='ocrx_word' id='word_1_402' title='bbox 3269 2731 3423 2799; x_wconf 91' lang='lat' dir='ltr'><strong>quod</strong></span> <span class='ocrx_word' id='word_1_403' title='bbox 3483 2733 3638 2790; x_wconf 90' lang='lat' dir='ltr'><strong>hunc</strong></span> 
     </span>
    </p>
   </div>
   <div class='ocr_carea' id='block_1_59' title="bbox 1998 2803 3638 2888">
    <p class='ocr_par' dir='ltr' id='par_1_59' title="bbox 1998 2803 3638 2888">
     <span class='ocr_line' id='line_1_59' title="bbox 1998 2803 3638 2888; baseline 0.012 -29"><span class='ocrx_word' id='word_1_404' title='bbox 1998 2803 2338 2860; x_wconf 90' lang='lat' dir='ltr'><strong>sceleratum</strong></span> <span class='ocrx_word' id='word_1_405' title='bbox 2371 2805 2558 2860; x_wconf 87' lang='lat' dir='ltr'><strong>virum</strong></span> <span class='ocrx_word' id='word_1_406' title='bbox 2592 2812 2648 2862; x_wconf 91' lang='lat' dir='ltr'><strong>et</strong></span> <span class='ocrx_word' id='word_1_407' title='bbox 2695 2810 3113 2880; x_wconf 88' lang='lat' dir='ltr'><strong>perniciosum,</strong></span> <span class='ocrx_word' id='word_1_408' title='bbox 3147 2831 3208 2870; x_wconf 89' lang='lat' dir='ltr'><strong>se</strong></span> <span class='ocrx_word' id='word_1_409' title='bbox 3239 2833 3457 2888; x_wconf 87' lang='lat' dir='ltr'><strong>suaque</strong></span> <span class='ocrx_word' id='word_1_410' title='bbox 3489 2823 3638 2877; x_wconf 86' lang='lat' dir='ltr'><strong>indi-</strong></span> 
     </span>
    </p>
   </div>
   <div class='ocr_carea' id='block_1_60' title="bbox 1999 2895 3639 2965">
    <p class='ocr_par' dir='ltr' id='par_1_60' title="bbox 1999 2895 3639 2965">
     <span class='ocr_line' id='line_1_60' title="bbox 1999 2895 3639 2965; baseline 0.011 -18"><span class='ocrx_word' id='word_1_411' title='bbox 1999 2895 2226 2948; x_wconf 88' lang='lat' dir='ltr'><strong>cantem</strong></span> <span class='ocrx_word' id='word_1_412' title='bbox 2258 2896 2314 2948; x_wconf 90' lang='lat' dir='ltr'><strong>et</strong></span> <span class='ocrx_word' id='word_1_413' title='bbox 2350 2895 2714 2964; x_wconf 81' lang='lat' dir='ltr'><strong>profitentem</strong></span> <span class='ocrx_word' id='word_1_414' title='bbox 2764 2898 3070 2957; x_wconf 83' lang='lat' dir='ltr'><strong>reddidere</strong></span> <span class='ocrx_word' id='word_1_415' title='bbox 3117 2905 3519 2964; x_wconf 87' lang='lat' dir='ltr'><strong>manifestum.</strong></span> <span class='ocrx_word' id='word_1_416' title='bbox 3571 2911 3639 2965; x_wconf 88' lang='lat' dir='ltr'><strong>Et</strong></span> 
     </span>
    </p>
   </div>
   <div class='ocr_carea' id='block_1_61' title="bbox 1997 2983 3636 3072">
    <p class='ocr_par' dir='ltr' id='par_1_61' title="bbox 1997 2983 3636 3072">
     <span class='ocr_line' id='line_1_61' title="bbox 1997 2983 3636 3072; baseline 0.011 -34"><span class='ocrx_word' id='word_1_417' title='bbox 1997 2983 2178 3038; x_wconf 87' lang='lat' dir='ltr'><strong>dicit:</strong></span> <span class='ocrx_word' id='word_1_418' title='bbox 2209 2984 2525 3040; x_wconf 80' lang='lat' dir='ltr'><strong>Auferatur</strong></span> <span class='ocrx_word' id='word_1_419' title='bbox 2567 3002 2702 3059; x_wconf 88' lang='lat' dir='ltr'><strong>ergo</strong></span> <span class='ocrx_word' id='word_1_420' title='bbox 2729 2988 2780 3043; x_wconf 89' lang='lat' dir='ltr'><strong>ei</strong></span> <span class='ocrx_word' id='word_1_421' title='bbox 2831 2989 3127 3062; x_wconf 88' lang='lat' dir='ltr'><strong>cingulum</strong></span> <span class='ocrx_word' id='word_1_422' title='bbox 3163 2995 3480 3066; x_wconf 83' lang='lat' dir='ltr'><strong>dignitatis,</strong></span> <span class='ocrx_word' id='word_1_423' title='bbox 3522 3017 3636 3072; x_wconf 89' lang='lat' dir='ltr'><strong>quo</strong></span> 
     </span>
    </p>
   </div>
   <div class='ocr_carea' id='block_1_62' title="bbox 1995 3071 3638 3155">
    <p class='ocr_par' dir='ltr' id='par_1_62' title="bbox 1995 3071 3638 3155">
     <span class='ocr_line' id='line_1_62' title="bbox 1995 3071 3638 3155; baseline 0.011 -29"><span class='ocrx_word' id='word_1_424' title='bbox 1995 3071 2046 3126; x_wconf 83' lang='lat' dir='ltr'><strong>is</strong></span> <span class='ocrx_word' id='word_1_425' title='bbox 2074 3076 2164 3127; x_wconf 89' lang='lat' dir='ltr'><strong>est</strong></span> <span class='ocrx_word' id='word_1_426' title='bbox 2199 3071 2438 3144; x_wconf 85' lang='lat' dir='ltr'><strong>indigne</strong></span> <span class='ocrx_word' id='word_1_427' title='bbox 2477 3073 2725 3143; x_wconf 89' lang='lat' dir='ltr'><strong>cinctus,</strong></span> <span class='ocrx_word' id='word_1_428' title='bbox 2750 3080 2807 3132; x_wconf 87' lang='lat' dir='ltr'><strong>et</strong></span> <span class='ocrx_word' id='word_1_429' title='bbox 2850 3077 2948 3133; x_wconf 88' lang='lat' dir='ltr'><strong>det</strong></span> <span class='ocrx_word' id='word_1_430' title='bbox 2995 3097 3196 3152; x_wconf 79' lang='lat' dir='ltr'><strong>pmnas</strong></span> <span class='ocrx_word' id='word_1_431' title='bbox 3249 3083 3426 3155; x_wconf 91' lang='lat' dir='ltr'><strong>hujus</strong></span> <span class='ocrx_word' id='word_1_432' title='bbox 3483 3071 3638 3144; x_wconf 89' lang='lat' dir='ltr'><strong>nunc</strong></span> 
     </span>
    </p>
   </div>
   <div class='ocr_carea' id='block_1_63' title="bbox 1997 3161 3635 3247">
    <p class='ocr_par' dir='ltr' id='par_1_63' title="bbox 1997 3161 3635 3247">
     <span class='ocr_line' id='line_1_63' title="bbox 1997 3161 3635 3247; baseline 0.01 -32"><span class='ocrx_word' id='word_1_433' title='bbox 1997 3161 2270 3218; x_wconf 67' lang='lat' dir='ltr'><strong>audaciae.</strong></span> <span class='ocrx_word' id='word_1_434' title='bbox 2305 3161 2412 3218; x_wconf 93' lang='lat' dir='ltr'><strong>Pro</strong></span> <span class='ocrx_word' id='word_1_435' title='bbox 2445 3164 2600 3219; x_wconf 71' lang='lat' dir='ltr'><strong>caede</strong></span> <span class='ocrx_word' id='word_1_436' title='bbox 2630 3170 2822 3222; x_wconf 89' lang='lat' dir='ltr'><strong>autem</strong></span> <span class='ocrx_word' id='word_1_437' title='bbox 2860 3167 2970 3223; x_wconf 90' lang='lat' dir='ltr'><strong>mei</strong></span> <span class='ocrx_word' id='word_1_438' title='bbox 3019 3169 3214 3227; x_wconf 75' lang='lat' dir='ltr'><strong>fratris</strong></span> <span class='ocrx_word' id='word_1_439' title='bbox 3245 3181 3300 3228; x_wconf 91' lang='lat' dir='ltr'><strong>et</strong></span> <span class='ocrx_word' id='word_1_440' title='bbox 3332 3177 3635 3247; x_wconf 83' lang='lat' dir='ltr'><strong>sanguine,</strong></span> 
     </span>
    </p>
   </div>
   <div class='ocr_carea' id='block_1_64' title="bbox 243 3249 1882 3347">
    <p class='ocr_par' dir='ltr' id='par_1_64' title="bbox 243 3260 1882 3341">
     <span class='ocr_line' id='line_1_64' title="bbox 243 3260 1882 3341; baseline -0.005 -19"><span class='ocrx_word' id='word_1_441' title='bbox 243 3267 392 3339; x_wconf 72' lang='grc' dir='ltr'>αὐτῷ</span> <span class='ocrx_word' id='word_1_442' title='bbox 420 3265 836 3341; x_wconf 74' lang='grc' dir='ltr'>τολμηθέντων,</span> <span class='ocrx_word' id='word_1_443' title='bbox 888 3263 1016 3336; x_wconf 71' lang='grc' dir='ltr'>ὑπὲρ</span> <span class='ocrx_word' id='word_1_444' title='bbox 1073 3285 1132 3318; x_wconf 85' lang='grc' dir='ltr'><strong>τε</strong></span> <span class='ocrx_word' id='word_1_445' title='bbox 1185 3269 1286 3332; x_wconf 81' lang='grc' dir='ltr'><strong>τῆς</strong></span> <span class='ocrx_word' id='word_1_446' title='bbox 1334 3269 1546 3338; x_wconf 63' lang='grc' dir='ltr'>σφαγῆς</span> <span class='ocrx_word' id='word_1_447' title='bbox 1600 3265 1696 3316; x_wconf 77' lang='grc' dir='ltr'><strong>τοῦ</strong></span> <span class='ocrx_word' id='word_1_448' title='bbox 1754 3260 1882 3334; x_wconf 71' lang='grc' dir='ltr'>ἐμοῦ</span> 
     </span>
    </p>
   </div>
   <div class='ocr_carea' id='block_1_65' title="bbox 1998 3249 3638 3347">
    <p class='ocr_par' dir='ltr' id='par_1_65' title="bbox 2001 3249 3638 3330">
     <span class='ocr_line' id='line_1_65' title="bbox 2001 3249 3638 3330; baseline 0.01 -26"><span class='ocrx_word' id='word_1_449' title='bbox 2001 3265 2152 3320; x_wconf 88' lang='lat' dir='ltr'><strong>cras,</strong></span> <span class='ocrx_word' id='word_1_450' title='bbox 2174 3249 2224 3305; x_wconf 90' lang='lat' dir='ltr'><strong>si</strong></span> <span class='ocrx_word' id='word_1_451' title='bbox 2247 3250 2326 3306; x_wconf 91' lang='lat' dir='ltr'><strong>dii</strong></span> <span class='ocrx_word' id='word_1_452' title='bbox 2349 3251 2548 3319; x_wconf 89' lang='lat' dir='ltr'><strong>velint,</strong></span> <span class='ocrx_word' id='word_1_453' title='bbox 2574 3253 2717 3308; x_wconf 88' lang='lat' dir='ltr'><strong>mihi</strong></span> <span class='ocrx_word' id='word_1_454' title='bbox 2740 3255 2903 3312; x_wconf 89' lang='lat' dir='ltr'><strong>dabit</strong></span> <span class='ocrx_word' id='word_1_455' title='bbox 2932 3257 3308 3330; x_wconf 89' lang='lat' dir='ltr'><strong>supplicium.</strong></span> <span class='ocrx_word' id='word_1_456' title='bbox 3333 3262 3457 3317; x_wconf 90' lang='lat' dir='ltr'><strong>Non</strong></span> <span class='ocrx_word' id='word_1_457' title='bbox 3481 3266 3638 3322; x_wconf 90' lang='lat' dir='ltr'><strong>enim</strong></span> 
     </span>
    </p>
   </div>
   <div class='ocr_carea' id='block_1_66' title="bbox 241 3349 1892 3435">
    <p class='ocr_par' dir='ltr' id='par_1_66' title="bbox 241 3349 1892 3435">
     <span class='ocr_line' id='line_1_66' title="bbox 241 3349 1892 3435; baseline -0.005 -23"><span class='ocrx_word' id='word_1_458' title='bbox 241 3354 483 3435; x_wconf 76' lang='grc' dir='ltr'>ἀδελφοῦ</span> <span class='ocrx_word' id='word_1_459' title='bbox 512 3357 598 3410; x_wconf 77' lang='grc' dir='ltr'>καὶ</span> <span class='ocrx_word' id='word_1_460' title='bbox 632 3359 728 3409; x_wconf 78' lang='grc' dir='ltr'>τοῦ</span> <span class='ocrx_word' id='word_1_461' title='bbox 759 3352 1012 3426; x_wconf 80' lang='grc' dir='ltr'>α’ίματος.</span> <span class='ocrx_word' id='word_1_462' title='bbox 1046 3350 1243 3427; x_wconf 61' lang='grc' dir='ltr'>Αὔριον</span> <span class='ocrx_word' id='word_1_463' title='bbox 1301 3353 1464 3407; x_wconf 79' lang='grc' dir='ltr'>αὐτὸν</span> <span class='ocrx_word' id='word_1_464' title='bbox 1514 3354 1648 3405; x_wconf 78' lang='grc' dir='ltr'>θεῶν</span> <span class='ocrx_word' id='word_1_465' title='bbox 1683 3349 1892 3426; x_wconf 90' lang='grc' dir='ltr'>βουλο-</span> 
     </span>
    </p>
   </div>
   <div class='ocr_carea' id='block_1_67' title="bbox 243 3438 1893 3518">
    <p class='ocr_par' dir='ltr' id='par_1_67' title="bbox 243 3438 1893 3518">
     <span class='ocr_line' id='line_1_67' title="bbox 243 3438 1893 3518; baseline -0.004 -19"><span class='ocrx_word' id='word_1_466' title='bbox 243 3447 420 3518; x_wconf 78' lang='grc' dir='ltr'>μένων</span> <span class='ocrx_word' id='word_1_467' title='bbox 451 3446 546 3508; x_wconf 72' lang='grc' dir='ltr'><strong>τὰς</strong></span> <span class='ocrx_word' id='word_1_468' title='bbox 594 3443 814 3504; x_wconf 70' lang='grc' dir='ltr'>εὐθύνας</span> <span class='ocrx_word' id='word_1_469' title='bbox 861 3442 1241 3516; x_wconf 72' lang='grc' dir='ltr'>εἶσπρᾶξομαι,</span> <span class='ocrx_word' id='word_1_470' title='bbox 1292 3440 1358 3495; x_wconf 75' lang='grc' dir='ltr'>οὐ</span> <span class='ocrx_word' id='word_1_471' title='bbox 1414 3439 1514 3515; x_wconf 76' lang='grc' dir='ltr'><strong>γὰρ</strong></span> <span class='ocrx_word' id='word_1_472' title='bbox 1563 3439 1638 3494; x_wconf 81' lang='grc' dir='ltr'>ἐνί</span> <span class='ocrx_word' id='word_1_473' title='bbox 1695 3459 1755 3515; x_wconf 89' lang='grc' dir='ltr'><strong>γε</strong></span> <span class='ocrx_word' id='word_1_474' title='bbox 1803 3438 1893 3493; x_wconf 75' lang='grc' dir='ltr'><strong>αὖ·</strong></span> 
     </span>
    </p>
   </div>
   <div class='ocr_carea' id='block_1_68' title="bbox 235 3525 1887 3606">
    <p class='ocr_par' dir='ltr' id='par_1_68' title="bbox 235 3525 1887 3606">
     <span class='ocr_line' id='line_1_68' title="bbox 235 3525 1887 3606; baseline -0.004 -18"><span class='ocrx_word' id='word_1_475' title='bbox 235 3535 330 3588; x_wconf 78' lang='grc' dir='ltr'><strong>τὸν</strong></span> <span class='ocrx_word' id='word_1_476' title='bbox 360 3531 686 3606; x_wconf 78' lang='grc' dir='ltr'>ἒξαναλώσω</span> <span class='ocrx_word' id='word_1_477' title='bbox 719 3531 949 3604; x_wconf 72' lang='grc' dir='ltr'>θανάτῳ,</span> <span class='ocrx_word' id='word_1_478' title='bbox 975 3529 1120 3586; x_wconf 78' lang='grc' dir='ltr'>ἀλλᾶ</span> <span class='ocrx_word' id='word_1_479' title='bbox 1161 3529 1400 3602; x_wconf 83' lang='grc' dir='ltr'>μυρίοις,</span> <span class='ocrx_word' id='word_1_480' title='bbox 1431 3529 1522 3583; x_wconf 75' lang='grc' dir='ltr'>καὶ</span> <span class='ocrx_word' id='word_1_481' title='bbox 1571 3529 1644 3588; x_wconf 77' lang='grc' dir='ltr'>ὡς</span> <span class='ocrx_word' id='word_1_482' title='bbox 1693 3525 1887 3603; x_wconf 77' lang='grc' dir='ltr'>ἀνδρο-</span> 
     </span>
    </p>
   </div>
   <div class='ocr_carea' id='block_1_69' title="bbox 232 3612 1888 3695">
    <p class='ocr_par' dir='ltr' id='par_1_69' title="bbox 232 3612 1888 3695">
     <span class='ocr_line' id='line_1_69' title="bbox 232 3612 1888 3695; baseline -0.004 -17"><span class='ocrx_word' id='word_1_483' title='bbox 232 3622 398 3695; x_wconf 68' lang='grc' dir='ltr'>φόνον</span> <span class='ocrx_word' id='word_1_484' title='bbox 439 3622 599 3678; x_wconf 73' lang='grc' dir='ltr'>αὸτὸν</span> <span class='ocrx_word' id='word_1_485' title='bbox 640 3623 1060 3695; x_wconf 70' lang='grc' dir='ltr'>τιμωρήσομαι,</span> <span class='ocrx_word' id='word_1_486' title='bbox 1118 3617 1331 3692; x_wconf 72' lang='grc' dir='ltr'>μᾶλλον</span> <span class='ocrx_word' id='word_1_487' title='bbox 1379 3616 1436 3673; x_wconf 69' lang='grc' dir='ltr'><strong>δὲ</strong></span> <span class='ocrx_word' id='word_1_488' title='bbox 1483 3617 1570 3673; x_wconf 76' lang='grc' dir='ltr'>καὶ</span> <span class='ocrx_word' id='word_1_489' title='bbox 1619 3612 1888 3693; x_wconf 63' lang='grc' dir='ltr'>ἀνδροφό-</span> 
     </span>
    </p>
   </div>
   <div class='ocr_carea' id='block_1_70' title="bbox 229 3686 1884 3786">
    <p class='ocr_par' dir='ltr' id='par_1_70' title="bbox 229 3686 1884 3786">
     <span class='ocr_line' id='line_1_70' title="bbox 229 3686 1884 3786; baseline -0.004 -20"><span class='ocrx_word' id='word_1_490' title='bbox 229 3686 327 3767; x_wconf 68' lang='grc' dir='ltr'><strong>νου</strong></span> <span class='ocrx_word' id='word_1_491' title='bbox 377 3709 578 3783; x_wconf 85' lang='grc' dir='ltr'>πολλῷ</span> <span class='ocrx_word' id='word_1_492' title='bbox 628 3711 1040 3786; x_wconf 79' lang='grc' dir='ltr'>χαλεπώτερον,</span> <span class='ocrx_word' id='word_1_493' title='bbox 1091 3708 1303 3784; x_wconf 76' lang='grc' dir='ltr'>ὅτιπερ</span> <span class='ocrx_word' id='word_1_494' title='bbox 1339 3707 1398 3763; x_wconf 70' lang='grc' dir='ltr'>οὗ</span> <span class='ocrx_word' id='word_1_495' title='bbox 1429 3711 1616 3762; x_wconf 77' lang='grc' dir='ltr'>κοινοῦ</span> <span class='ocrx_word' id='word_1_496' title='bbox 1667 3705 1884 3782; x_wconf 80' lang='grc' dir='ltr'>ἀνδρὸς,</span> 
     </span>
    </p>
   </div>
   <div class='ocr_carea' id='block_1_71' title="bbox 229 3793 1882 3876">
    <p class='ocr_par' dir='ltr' id='par_1_71' title="bbox 229 3793 1882 3876">
     <span class='ocr_line' id='line_1_71' title="bbox 229 3793 1882 3876; baseline -0.004 -20"><span class='ocrx_word' id='word_1_497' title='bbox 229 3801 378 3858; x_wconf 71' lang='grc' dir='ltr'><strong>ιέιλλᾶι⁵</strong></span> <span class='ocrx_word' id='word_1_498' title='bbox 422 3799 691 3876; x_wconf 70' lang='grc' dir='ltr'>βασιλέως</span> <span class='ocrx_word' id='word_1_499' title='bbox 735 3801 876 3872; x_wconf 79' lang='grc' dir='ltr'>αἷμα</span> <span class='ocrx_word' id='word_1_500' title='bbox 937 3797 1136 3873; x_wconf 67' lang='grc' dir='ltr'>ἐξέχεε,</span> <span class='ocrx_word' id='word_1_501' title='bbox 1185 3798 1274 3851; x_wconf 80' lang='grc' dir='ltr'>καὶ</span> <span class='ocrx_word' id='word_1_502' title='bbox 1321 3801 1488 3852; x_wconf 73' lang='grc' dir='ltr'>ταῦτα</span> <span class='ocrx_word' id='word_1_503' title='bbox 1541 3793 1707 3868; x_wconf 71' lang='grc' dir='ltr'>μηδὲν</span> <span class='ocrx_word' id='word_1_504' title='bbox 1745 3797 1882 3870; x_wconf 83' lang='grc' dir='ltr'>πρὸς</span> 
     </span>
    </p>
   </div>
   <div class='ocr_carea' id='block_1_72' title="bbox 229 3885 1886 3960">
    <p class='ocr_par' dir='ltr' id='par_1_72' title="bbox 229 3885 1886 3960">
     <span class='ocr_line' id='line_1_72' title="bbox 229 3885 1886 3960; baseline -0.005 -15"><span class='ocrx_word' id='word_1_505' title='bbox 229 3892 400 3946; x_wconf 76' lang='grc' dir='ltr'>αὐτοῦ</span> <span class='ocrx_word' id='word_1_506' title='bbox 429 3891 712 3951; x_wconf 73' lang='grc' dir='ltr'>πεπονθὼς</span> <span class='ocrx_word' id='word_1_507' title='bbox 757 3888 966 3945; x_wconf 67' lang='grc' dir='ltr'>ἄδικον.</span> <span class='ocrx_word' id='word_1_508' title='bbox 1017 3893 1198 3945; x_wconf 68' lang='grc' dir='ltr'>Ταῦτα</span> <span class='ocrx_word' id='word_1_509' title='bbox 1261 3891 1360 3942; x_wconf 77' lang='grc' dir='ltr'><strong>τοῦ</strong></span> <span class='ocrx_word' id='word_1_510' title='bbox 1422 3885 1694 3960; x_wconf 78' lang='grc' dir='ltr'>βασιλέως</span> <span class='ocrx_word' id='word_1_511' title='bbox 1743 3886 1886 3942; x_wconf 85' lang='grc' dir='ltr'>Ἰου-</span> 
     </span>
    </p>
   </div>
   <div class='ocr_carea' id='block_1_73' title="bbox 229 3974 1882 4054">
    <p class='ocr_par' dir='ltr' id='par_1_73' title="bbox 229 3974 1882 4054">
     <span class='ocr_line' id='line_1_73' title="bbox 229 3974 1882 4054; baseline -0.005 -18"><span class='ocrx_word' id='word_1_512' title='bbox 229 3979 426 4036; x_wconf 85' lang='grc' dir='ltr'>λιανοῦ</span> <span class='ocrx_word' id='word_1_513' title='bbox 469 3984 566 4034; x_wconf 75' lang='grc' dir='ltr'><strong>τοῦ</strong></span> <span class='ocrx_word' id='word_1_514' title='bbox 625 3980 897 4054; x_wconf 74' lang='grc' dir='ltr'>μάρτυρος</span> <span class='ocrx_word' id='word_1_515' title='bbox 957 3975 1582 4051; x_wconf 64' lang='grc' dir='ltr'>καταβρητορεῦσαντος,</span> <span class='ocrx_word' id='word_1_516' title='bbox 1643 3974 1882 4048; x_wconf 73' lang='grc' dir='ltr'>ἀνάρπα-</span> 
     </span>
    </p>
   </div>
   <div class='ocr_carea' id='block_1_74' title="bbox 226 4063 1880 4141">
    <p class='ocr_par' dir='ltr' id='par_1_74' title="bbox 226 4063 1880 4141">
     <span class='ocr_line' id='line_1_74' title="bbox 226 4063 1880 4141; baseline -0.004 -17"><span class='ocrx_word' id='word_1_517' title='bbox 226 4089 354 4130; x_wconf 90' lang='grc' dir='ltr'>στος</span> <span class='ocrx_word' id='word_1_518' title='bbox 385 4069 538 4130; x_wconf 66' lang='grc' dir='ltr'>εὐθὺς</span> <span class='ocrx_word' id='word_1_519' title='bbox 568 4069 672 4124; x_wconf 71' lang='grc' dir='ltr'><strong>ὑπὸ</strong></span> <span class='ocrx_word' id='word_1_520' title='bbox 722 4073 829 4122; x_wconf 78' lang='grc' dir='ltr'><strong>τῶν</strong></span> <span class='ocrx_word' id='word_1_521' title='bbox 883 4065 1204 4141; x_wconf 73' lang='grc' dir='ltr'>δορυφόρων</span> <span class='ocrx_word' id='word_1_522' title='bbox 1248 4067 1275 4120; x_wconf 90' lang='lat'><strong>6</strong></span> <span class='ocrx_word' id='word_1_523' title='bbox 1307 4065 1464 4141; x_wconf 73' lang='grc' dir='ltr'>ἅγιος</span> <span class='ocrx_word' id='word_1_524' title='bbox 1513 4063 1741 4140; x_wconf 84' lang='grc' dir='ltr'>γίνεται,</span> <span class='ocrx_word' id='word_1_525' title='bbox 1791 4063 1880 4118; x_wconf 83' lang='grc' dir='ltr'><strong>καὶ</strong></span> 
     </span>
    </p>
   </div>
   <div class='ocr_carea' id='block_1_75' title="bbox 225 4149 1876 4230">
    <p class='ocr_par' dir='ltr' id='par_1_75' title="bbox 225 4149 1876 4230">
     <span class='ocr_line' id='line_1_75' title="bbox 225 4149 1876 4230; baseline -0.006 -20"><span class='ocrx_word' id='word_1_526' title='bbox 225 4159 328 4220; x_wconf 73' lang='grc' dir='ltr'>τῆς</span> <span class='ocrx_word' id='word_1_527' title='bbox 395 4155 570 4226; x_wconf 80' lang='grc' dir='ltr'>ζώνης</span> <span class='ocrx_word' id='word_1_528' title='bbox 634 4153 960 4230; x_wconf 60' lang='grc' dir='ltr'>ὀφαιρεθείς,</span> <span class='ocrx_word' id='word_1_529' title='bbox 1019 4149 1228 4228; x_wconf 77' lang='grc' dir='ltr'>γυμνὸς</span> <span class='ocrx_word' id='word_1_530' title='bbox 1317 4149 1405 4204; x_wconf 81' lang='grc' dir='ltr'><strong>ἐπὶ</strong></span> <span class='ocrx_word' id='word_1_531' title='bbox 1466 4153 1564 4203; x_wconf 78' lang='grc' dir='ltr'>τοῦ</span> <span class='ocrx_word' id='word_1_532' title='bbox 1627 4149 1876 4223; x_wconf 66' lang='grc' dir='ltr'>βήματος</span> 
     </span>
    </p>
   </div>
   <div class='ocr_carea' id='block_1_76' title="bbox 220 4235 1874 4317">
    <p class='ocr_par' dir='ltr' id='par_1_76' title="bbox 220 4235 1874 4317">
     <span class='ocr_line' id='line_1_76' title="bbox 220 4235 1874 4317; baseline -0.005 -19"><span class='ocrx_word' id='word_1_533' title='bbox 220 4243 464 4312; x_wconf 63' lang='grc' dir='ltr'>ἵσταται,</span> <span class='ocrx_word' id='word_1_534' title='bbox 522 4243 612 4298; x_wconf 80' lang='grc' dir='ltr'>καὶ</span> <span class='ocrx_word' id='word_1_535' title='bbox 671 4248 778 4296; x_wconf 80' lang='grc' dir='ltr'>τῶν</span> <span class='ocrx_word' id='word_1_536' title='bbox 837 4239 1050 4314; x_wconf 75' lang='grc' dir='ltr'>δημίων</span> <span class='ocrx_word' id='word_1_537' title='bbox 1107 4241 1224 4302; x_wconf 72' lang='grc' dir='ltr'>ταῖς</span> <span class='ocrx_word' id='word_1_538' title='bbox 1281 4239 1438 4317; x_wconf 76' lang='grc' dir='ltr'>χερσὶ</span> <span class='ocrx_word' id='word_1_539' title='bbox 1495 4235 1874 4310; x_wconf 81' lang='grc' dir='ltr'>παραδίδοται,</span> 
     </span>
    </p>
   </div>
   <div class='ocr_carea' id='block_1_77' title="bbox 227 4323 1876 4406">
    <p class='ocr_par' dir='ltr' id='par_1_77' title="bbox 227 4323 1876 4406">
     <span class='ocr_line' id='line_1_77' title="bbox 227 4323 1876 4406; baseline -0.005 -19"><span class='ocrx_word' id='word_1_540' title='bbox 227 4334 280 4388; x_wconf 74' lang='grc' dir='ltr'>οἱ</span> <span class='ocrx_word' id='word_1_541' title='bbox 315 4329 372 4387; x_wconf 74' lang='grc' dir='ltr'><strong>δὲ</strong></span> <span class='ocrx_word' id='word_1_542' title='bbox 396 4332 648 4406; x_wconf 82' lang='grc' dir='ltr'>σχοίνους</span> <span class='ocrx_word' id='word_1_543' title='bbox 680 4333 847 4386; x_wconf 70' lang='grc' dir='ltr'>αὐτοῦ</span> <span class='ocrx_word' id='word_1_544' title='bbox 885 4333 1248 4405; x_wconf 61' lang='grc' dir='ltr'>τῶν,χέιρῶν</span> <span class='ocrx_word' id='word_1_545' title='bbox 1297 4329 1384 4383; x_wconf 76' lang='grc' dir='ltr'><strong>καὶ</strong></span> <span class='ocrx_word' id='word_1_546' title='bbox 1437 4323 1618 4381; x_wconf 78' lang='grc' dir='ltr'>ποδῶν</span> <span class='ocrx_word' id='word_1_547' title='bbox 1671 4325 1876 4404; x_wconf 68' lang='grc' dir='ltr'>ἐφαψα-</span> 
     </span>
    </p>
   </div>
   <div class='ocr_carea' id='block_1_78' title="bbox 229 4417 1876 4496">
    <p class='ocr_par' dir='ltr' id='par_1_78' title="bbox 229 4417 1876 4496">
     <span class='ocr_line' id='line_1_78' title="bbox 229 4417 1876 4496; baseline -0.005 -19"><span class='ocrx_word' id='word_1_548' title='bbox 229 4442 407 4496; x_wconf 81' lang='grc' dir='ltr'>μενοι,</span> <span class='ocrx_word' id='word_1_549' title='bbox 458 4419 808 4476; x_wconf 78' lang='grc' dir='ltr'>διατείνουσιν</span> <span class='ocrx_word' id='word_1_550' title='bbox 875 4420 1170 4493; x_wconf 74' lang='grc' dir='ltr'>τεσσάρων,</span> <span class='ocrx_word' id='word_1_551' title='bbox 1219 4417 1309 4472; x_wconf 62' lang='lat' dir='ltr'><strong>ra!</strong></span> <span class='ocrx_word' id='word_1_552' title='bbox 1369 4419 1472 4486; x_wconf 66' lang='grc' dir='ltr'><strong>τήν</strong></span> <span class='ocrx_word' id='word_1_553' title='bbox 1527 4436 1585 4470; x_wconf 85' lang='grc' dir='ltr'><strong>τε</strong></span> <span class='ocrx_word' id='word_1_554' title='bbox 1642 4419 1876 4490; x_wconf 68' lang='grc' dir='ltr'>γαστέρα</span> 
     </span>
    </p>
   </div>
   <div class='ocr_carea' id='block_1_79' title="bbox 223 4501 1872 4582">
    <p class='ocr_par' dir='ltr' id='par_1_79' title="bbox 223 4501 1872 4582">
     <span class='ocr_line' id='line_1_79' title="bbox 223 4501 1872 4582; baseline -0.005 -16"><span class='ocrx_word' id='word_1_555' title='bbox 223 4511 317 4566; x_wconf 83' lang='grc' dir='ltr'>καὶ</span> <span class='ocrx_word' id='word_1_556' title='bbox 347 4512 440 4566; x_wconf 82' lang='grc' dir='ltr'>τὸν</span> <span class='ocrx_word' id='word_1_557' title='bbox 470 4515 638 4564; x_wconf 79' lang='grc' dir='ltr'>νῶτον</span> <span class='ocrx_word' id='word_1_558' title='bbox 665 4513 761 4564; x_wconf 70' lang='grc' dir='ltr'><strong>τοῦ</strong></span> <span class='ocrx_word' id='word_1_559' title='bbox 796 4509 1068 4582; x_wconf 73' lang='grc' dir='ltr'>μάρτυρος</span> <span class='ocrx_word' id='word_1_560' title='bbox 1099 4512 1218 4568; x_wconf 79' lang='grc' dir='ltr'>τοῖς</span> <span class='ocrx_word' id='word_1_561' title='bbox 1281 4505 1594 4582; x_wconf 61' lang='lat' dir='ltr'><strong>Bome-Spei:</strong></span> <span class='ocrx_word' id='word_1_562' title='bbox 1645 4501 1872 4559; x_wconf 80' lang='grc' dir='ltr'>ἔτυπτον</span> 
     </span>
    </p>
   </div>
   <div class='ocr_carea' id='block_1_80' title="bbox 223 4594 1871 4671">
    <p class='ocr_par' dir='ltr' id='par_1_80' title="bbox 223 4594 1871 4671">
     <span class='ocr_line' id='line_1_80' title="bbox 223 4594 1871 4671; baseline -0.004 -15"><span class='ocrx_word' id='word_1_563' title='bbox 223 4601 314 4656; x_wconf 79' lang='grc' dir='ltr'><strong>ἐπὶ</strong></span> <span class='ocrx_word' id='word_1_564' title='bbox 345 4605 602 4656; x_wconf 74' lang='grc' dir='ltr'>τοσοῦτον</span> <span class='ocrx_word' id='word_1_565' title='bbox 644 4600 720 4662; x_wconf 85' lang='grc' dir='ltr'>ὡς</span> <span class='ocrx_word' id='word_1_566' title='bbox 773 4601 1020 4671; x_wconf 72' lang='grc' dir='ltr'>τετράκις</span> <span class='ocrx_word' id='word_1_567' title='bbox 1067 4594 1455 4671; x_wconf 74' lang='grc' dir='ltr'>ὑπαλλαγῆναι</span> <span class='ocrx_word' id='word_1_568' title='bbox 1504 4596 1633 4658; x_wconf 67' lang='grc' dir='ltr'>τοὺς</span> <span class='ocrx_word' id='word_1_569' title='bbox 1679 4595 1871 4650; x_wconf 83' lang='grc' dir='ltr'>παίον-</span> 
     </span>
    </p>
   </div>
   <div class='ocr_carea' id='block_1_81' title="bbox 220 4683 1871 4758">
    <p class='ocr_par' dir='ltr' id='par_1_81' title="bbox 220 4683 1871 4758">
     <span class='ocr_line' id='line_1_81' title="bbox 220 4683 1871 4758; baseline -0.003 -15"><span class='ocrx_word' id='word_1_570' title='bbox 220 4711 340 4758; x_wconf 81' lang='grc' dir='ltr'>τας,</span> <span class='ocrx_word' id='word_1_571' title='bbox 375 4689 464 4743; x_wconf 79' lang='grc' dir='ltr'>καὶ</span> <span class='ocrx_word' id='word_1_572' title='bbox 515 4691 583 4755; x_wconf 75' lang='grc' dir='ltr'>ἦν</span> <span class='ocrx_word' id='word_1_573' title='bbox 633 4685 765 4742; x_wconf 78' lang='grc' dir='ltr'>ἰδεῖν</span> <span class='ocrx_word' id='word_1_574' title='bbox 833 4686 984 4757; x_wconf 71' lang='grc' dir='ltr'>ξένην</span> <span class='ocrx_word' id='word_1_575' title='bbox 1053 4687 1171 4740; x_wconf 72' lang='grc' dir='ltr'>τινα</span> <span class='ocrx_word' id='word_1_576' title='bbox 1227 4687 1314 4740; x_wconf 79' lang='grc' dir='ltr'>καὶ</span> <span class='ocrx_word' id='word_1_577' title='bbox 1374 4683 1474 4739; x_wconf 81' lang='grc' dir='ltr'>οὐκ</span> <span class='ocrx_word' id='word_1_578' title='bbox 1531 4683 1871 4757; x_wconf 76' lang='grc' dir='ltr'>ἀνθρωπίνην</span> 
     </span>
    </p>
   </div>
   <div class='ocr_carea' id='block_1_82' title="bbox 223 4773 1880 4852">
    <p class='ocr_par' dir='ltr' id='par_1_82' title="bbox 223 4773 1880 4852">
     <span class='ocr_line' id='line_1_82' title="bbox 223 4773 1880 4852; baseline -0.007 -16"><span class='ocrx_word' id='word_1_579' title='bbox 223 4779 392 4836; x_wconf 73' lang='grc' dir='ltr'>αὐτοῦ</span> <span class='ocrx_word' id='word_1_580' title='bbox 429 4781 530 4848; x_wconf 67' lang='grc' dir='ltr'>τὴν</span> <span class='ocrx_word' id='word_1_581' title='bbox 565 4778 870 4849; x_wconf 73' lang='grc' dir='ltr'>ὑπομονήν·</span> <span class='ocrx_word' id='word_1_582' title='bbox 923 4773 1048 4830; x_wconf 74' lang='grc' dir='ltr'>οὕτε</span> <span class='ocrx_word' id='word_1_583' title='bbox 1079 4777 1180 4849; x_wconf 73' lang='grc' dir='ltr'><strong>γὰρ</strong></span> <span class='ocrx_word' id='word_1_584' title='bbox 1229 4775 1555 4848; x_wconf 85' lang='grc' dir='ltr'>στεναγμὸς,</span> <span class='ocrx_word' id='word_1_585' title='bbox 1599 4773 1660 4828; x_wconf 74' lang='grc' dir='ltr'>οὐ</span> <span class='ocrx_word' id='word_1_586' title='bbox 1701 4775 1880 4852; x_wconf 68' lang='grc' dir='ltr'>φωνὴ,</span> 
     </span>
    </p>
   </div>
   <div class='ocr_carea' id='block_1_83' title="bbox 227 4861 1882 4940">
    <p class='ocr_par' dir='ltr' id='par_1_83' title="bbox 227 4861 1882 4940">
     <span class='ocr_line' id='line_1_83' title="bbox 227 4861 1882 4940; baseline -0.005 -16"><span class='ocrx_word' id='word_1_587' title='bbox 227 4869 329 4924; x_wconf 72' lang='grc' dir='ltr'>οὐκ</span> <span class='ocrx_word' id='word_1_588' title='bbox 357 4865 500 4924; x_wconf 72' lang='grc' dir='ltr'>ἄλλο</span> <span class='ocrx_word' id='word_1_589' title='bbox 530 4889 582 4922; x_wconf 92' lang='grc' dir='ltr'><strong>τι</strong></span> <span class='ocrx_word' id='word_1_590' title='bbox 639 4870 747 4921; x_wconf 79' lang='grc' dir='ltr'>τῶν</span> <span class='ocrx_word' id='word_1_591' title='bbox 793 4864 892 4920; x_wconf 76' lang='grc' dir='ltr'><strong>ὅσα</strong></span> <span class='ocrx_word' id='word_1_592' title='bbox 939 4865 1243 4940; x_wconf 67' lang='grc' dir='ltr'>πάσχουσιν</span> <span class='ocrx_word' id='word_1_593' title='bbox 1290 4861 1566 4938; x_wconf 76' lang='grc' dir='ltr'>ἄνθρωποι</span> <span class='ocrx_word' id='word_1_594' title='bbox 1625 4862 1882 4935; x_wconf 71' lang='grc' dir='ltr'>βασάνοις</span> 
     </span>
    </p>
   </div>
   <div class='ocr_carea' id='block_1_84' title="bbox 225 4949 1882 5030">
    <p class='ocr_par' dir='ltr' id='par_1_84' title="bbox 225 4949 1882 5030">
     <span class='ocr_line' id='line_1_84' title="bbox 225 4949 1882 5030; baseline -0.004 -17"><span class='ocrx_word' id='word_1_595' title='bbox 225 4955 622 5030; x_wconf 73' lang='grc' dir='ltr'>ἐξεταζόμενοι,</span> <span class='ocrx_word' id='word_1_596' title='bbox 690 4955 816 5028; x_wconf 79' lang='grc' dir='ltr'>παρ’</span> <span class='ocrx_word' id='word_1_597' title='bbox 893 4953 1060 5008; x_wconf 71' lang='grc' dir='ltr'>αὐτοῦ</span> <span class='ocrx_word' id='word_1_598' title='bbox 1129 4953 1487 5024; x_wconf 78' lang='grc' dir='ltr'>ἀνεπέμπετο,</span> <span class='ocrx_word' id='word_1_599' title='bbox 1565 4949 1711 5006; x_wconf 69' lang='grc' dir='ltr'>ἀλλὰ</span> <span class='ocrx_word' id='word_1_600' title='bbox 1791 4953 1882 5007; x_wconf 76' lang='grc' dir='ltr'>καί</span> 
     </span>
    </p>
   </div>
   <div class='ocr_carea' id='block_1_85' title="bbox 226 5038 1884 5122">
    <p class='ocr_par' dir='ltr' id='par_1_85' title="bbox 226 5038 1884 5122">
     <span class='ocr_line' id='line_1_85' title="bbox 226 5038 1884 5122; baseline -0.007 -18"><span class='ocrx_word' id='word_1_601' title='bbox 226 5046 490 5122; x_wconf 79' lang='grc' dir='ltr'>ἂτρεπτὸς</span> <span class='ocrx_word' id='word_1_602' title='bbox 520 5067 577 5101; x_wconf 87' lang='grc' dir='ltr'><strong>τε</strong></span> <span class='ocrx_word' id='word_1_603' title='bbox 607 5045 698 5100; x_wconf 79' lang='grc' dir='ltr'>καὶ</span> <span class='ocrx_word' id='word_1_604' title='bbox 737 5042 1114 5104; x_wconf 78' lang='grc' dir='ltr'>ἀναλλοίωτος</span> <span class='ocrx_word' id='word_1_605' title='bbox 1147 5043 1326 5117; x_wconf 76' lang='grc' dir='ltr'>ὠρᾶτο</span> <span class='ocrx_word' id='word_1_606' title='bbox 1357 5043 1456 5111; x_wconf 84' lang='grc' dir='ltr'>τήν</span> <span class='ocrx_word' id='word_1_607' title='bbox 1489 5042 1636 5115; x_wconf 74' lang='grc' dir='ltr'>ὄψιν,</span> <span class='ocrx_word' id='word_1_608' title='bbox 1667 5043 1700 5110; x_wconf 76' lang='grc' dir='ltr'><strong>ἡ</strong></span> <span class='ocrx_word' id='word_1_609' title='bbox 1728 5047 1799 5114; x_wconf 82' lang='grc' dir='ltr'><strong>γῆ</strong></span> <span class='ocrx_word' id='word_1_610' title='bbox 1827 5038 1884 5094; x_wconf 70' lang='grc' dir='ltr'><strong>δὲ</strong></span> 
     </span>
    </p>
   </div>
   <div class='ocr_carea' id='block_1_86' title="bbox 2001 3344 3638 3418">
    <p class='ocr_par' dir='ltr' id='par_1_86' title="bbox 2001 3344 3638 3418">
     <span class='ocr_line' id='line_1_86' title="bbox 2001 3344 3638 3418; baseline 0.012 -25"><span class='ocrx_word' id='word_1_611' title='bbox 2001 3355 2116 3394; x_wconf 88' lang='lat' dir='ltr'><strong>una</strong></span> <span class='ocrx_word' id='word_1_612' title='bbox 2140 3344 2322 3395; x_wconf 87' lang='lat' dir='ltr'><strong>morte</strong></span> <span class='ocrx_word' id='word_1_613' title='bbox 2353 3357 2717 3410; x_wconf 85' lang='lat' dir='ltr'><strong>consumam,</strong></span> <span class='ocrx_word' id='word_1_614' title='bbox 2742 3346 2841 3400; x_wconf 86' lang='lat' dir='ltr'><strong>sed</strong></span> <span class='ocrx_word' id='word_1_615' title='bbox 2861 3346 3404 3418; x_wconf 85' lang='lat' dir='ltr'><strong>innumerabilibus,</strong></span> <span class='ocrx_word' id='word_1_616' title='bbox 3429 3357 3483 3408; x_wconf 90' lang='lat' dir='ltr'><strong>et</strong></span> <span class='ocrx_word' id='word_1_617' title='bbox 3505 3371 3638 3412; x_wconf 90' lang='lat' dir='ltr'><strong>eum</strong></span> 
     </span>
    </p>
   </div>
   <div class='ocr_carea' id='block_1_87' title="bbox 2000 3427 3638 3513">
    <p class='ocr_par' dir='ltr' id='par_1_87' title="bbox 2000 3427 3638 3513">
     <span class='ocr_line' id='line_1_87' title="bbox 2000 3427 3638 3513; baseline 0.012 -32"><span class='ocrx_word' id='word_1_618' title='bbox 2000 3427 2242 3500; x_wconf 89' lang='lat' dir='ltr'><strong>puniam</strong></span> <span class='ocrx_word' id='word_1_619' title='bbox 2275 3433 2554 3499; x_wconf 87' lang='lat' dir='ltr'><strong>tanquam</strong></span> <span class='ocrx_word' id='word_1_620' title='bbox 2615 3433 2965 3502; x_wconf 89' lang='lat' dir='ltr'><strong>parricidam</strong></span> <span class='ocrx_word' id='word_1_621' title='bbox 3000 3452 3014 3490; x_wconf 90' lang='lat'>:</span> <span class='ocrx_word' id='word_1_622' title='bbox 3049 3437 3163 3494; x_wconf 87' lang='lat' dir='ltr'><strong>imo</strong></span> <span class='ocrx_word' id='word_1_623' title='bbox 3196 3455 3328 3496; x_wconf 89' lang='lat' dir='ltr'><strong>vero</strong></span> <span class='ocrx_word' id='word_1_624' title='bbox 3376 3445 3638 3513; x_wconf 85' lang='lat' dir='ltr'><strong>gravius,</strong></span> 
     </span>
    </p>
   </div>
   <div class='ocr_carea' id='block_1_88' title="bbox 1995 3521 3638 3603">
    <p class='ocr_par' dir='ltr' id='par_1_88' title="bbox 1995 3521 3638 3603">
     <span class='ocr_line' id='line_1_88' title="bbox 1995 3521 3638 3603; baseline 0.012 -29"><span class='ocrx_word' id='word_1_625' title='bbox 1995 3537 2173 3591; x_wconf 87' lang='lat' dir='ltr'><strong>quam</strong></span> <span class='ocrx_word' id='word_1_626' title='bbox 2199 3521 2568 3592; x_wconf 89' lang='lat' dir='ltr'><strong>parricidam,</strong></span> <span class='ocrx_word' id='word_1_627' title='bbox 2589 3525 2862 3594; x_wconf 88' lang='lat' dir='ltr'><strong>quoniam</strong></span> <span class='ocrx_word' id='word_1_628' title='bbox 2889 3542 3002 3582; x_wconf 88' lang='lat' dir='ltr'><strong>non</strong></span> <span class='ocrx_word' id='word_1_629' title='bbox 3035 3529 3137 3583; x_wconf 90' lang='lat' dir='ltr'><strong>viri</strong></span> <span class='ocrx_word' id='word_1_630' title='bbox 3161 3536 3516 3603; x_wconf 86' lang='lat' dir='ltr'><strong>communis,</strong></span> <span class='ocrx_word' id='word_1_631' title='bbox 3535 3539 3638 3594; x_wconf 84' lang='lat' dir='ltr'><strong>sed</strong></span> 
     </span>
    </p>
   </div>
   <div class='ocr_carea' id='block_1_89' title="bbox 1995 3611 3636 3690">
    <p class='ocr_par' dir='ltr' id='par_1_89' title="bbox 1995 3611 3636 3690">
     <span class='ocr_line' id='line_1_89' title="bbox 1995 3611 3636 3690; baseline 0.01 -26"><span class='ocrx_word' id='word_1_632' title='bbox 1995 3611 2385 3680; x_wconf 85' lang='lat' dir='ltr'><strong>imperatoris,</strong></span> <span class='ocrx_word' id='word_1_633' title='bbox 2445 3612 2594 3666; x_wconf 88' lang='lat' dir='ltr'><strong>fudit</strong></span> <span class='ocrx_word' id='word_1_634' title='bbox 2650 3613 3020 3685; x_wconf 85' lang='lat' dir='ltr'><strong>sanguinem,</strong></span> <span class='ocrx_word' id='word_1_635' title='bbox 3069 3617 3243 3690; x_wconf 88' lang='lat' dir='ltr'><strong>idque</strong></span> <span class='ocrx_word' id='word_1_636' title='bbox 3299 3639 3432 3677; x_wconf 86' lang='lat' dir='ltr'><strong>cum</strong></span> <span class='ocrx_word' id='word_1_637' title='bbox 3493 3626 3636 3681; x_wconf 89' lang='lat' dir='ltr'><strong>nihil</strong></span> 
     </span>
    </p>
   </div>
   <div class='ocr_carea' id='block_1_90' title="bbox 1993 3699 3636 3782">
    <p class='ocr_par' dir='ltr' id='par_1_90' title="bbox 1993 3699 3636 3782">
     <span class='ocr_line' id='line_1_90' title="bbox 1993 3699 3636 3782; baseline 0.009 -28"><span class='ocrx_word' id='word_1_638' title='bbox 1993 3715 2164 3771; x_wconf 86' lang='lat' dir='ltr'><strong>grave</strong></span> <span class='ocrx_word' id='word_1_639' title='bbox 2187 3699 2258 3754; x_wconf 89' lang='lat' dir='ltr'><strong>ab</strong></span> <span class='ocrx_word' id='word_1_640' title='bbox 2289 3716 2355 3754; x_wconf 90' lang='lat' dir='ltr'><strong>eo</strong></span> <span class='ocrx_word' id='word_1_641' title='bbox 2384 3705 2535 3755; x_wconf 85' lang='lat' dir='ltr'><strong>esset</strong></span> <span class='ocrx_word' id='word_1_642' title='bbox 2579 3717 2803 3772; x_wconf 87' lang='lat' dir='ltr'><strong>passus.</strong></span> <span class='ocrx_word' id='word_1_643' title='bbox 2840 3703 2968 3758; x_wconf 83' lang='lat' dir='ltr'><strong>Haec</strong></span> <span class='ocrx_word' id='word_1_644' title='bbox 3017 3721 3150 3761; x_wconf 90' lang='lat' dir='ltr'><strong>cum</strong></span> <span class='ocrx_word' id='word_1_645' title='bbox 3187 3709 3506 3782; x_wconf 84' lang='lat' dir='ltr'><strong>imperator</strong></span> <span class='ocrx_word' id='word_1_646' title='bbox 3533 3715 3636 3768; x_wconf 86' lang='lat' dir='ltr'><strong>Ju-</strong></span> 
     </span>
    </p>
   </div>
   <div class='ocr_carea' id='block_1_91' title="bbox 1992 3787 3634 3870">
    <p class='ocr_par' dir='ltr' id='par_1_91' title="bbox 1992 3787 3634 3870">
     <span class='ocr_line' id='line_1_91' title="bbox 1992 3787 3634 3870; baseline 0.01 -29"><span class='ocrx_word' id='word_1_647' title='bbox 1992 3787 2184 3844; x_wconf 82' lang='lat' dir='ltr'><strong>lianus</strong></span> <span class='ocrx_word' id='word_1_648' title='bbox 2213 3791 2460 3844; x_wconf 87' lang='lat' dir='ltr'><strong>oratorie</strong></span> <span class='ocrx_word' id='word_1_649' title='bbox 2491 3790 2728 3846; x_wconf 83' lang='lat' dir='ltr'><strong>dixisset</strong></span> <span class='ocrx_word' id='word_1_650' title='bbox 2750 3792 2808 3846; x_wconf 90' lang='lat' dir='ltr'><strong>in</strong></span> <span class='ocrx_word' id='word_1_651' title='bbox 2845 3797 3180 3866; x_wconf 81' lang='lat' dir='ltr'><strong>martyrem,</strong></span> <span class='ocrx_word' id='word_1_652' title='bbox 3213 3799 3491 3870; x_wconf 84' lang='lat' dir='ltr'><strong>arripitur</strong></span> <span class='ocrx_word' id='word_1_653' title='bbox 3519 3807 3634 3857; x_wconf 89' lang='lat' dir='ltr'><strong>sta-</strong></span> 
     </span>
    </p>
   </div>
   <div class='ocr_carea' id='block_1_92' title="bbox 1991 3877 3630 3960">
    <p class='ocr_par' dir='ltr' id='par_1_92' title="bbox 1991 3877 3630 3960">
     <span class='ocr_line' id='line_1_92' title="bbox 1991 3877 3630 3960; baseline 0.009 -29"><span class='ocrx_word' id='word_1_654' title='bbox 1991 3878 2095 3932; x_wconf 87' lang='lat' dir='ltr'><strong>tim</strong></span> <span class='ocrx_word' id='word_1_655' title='bbox 2129 3895 2162 3933; x_wconf 87' lang='lat' dir='ltr'><strong>a</strong></span> <span class='ocrx_word' id='word_1_656' title='bbox 2192 3877 2644 3936; x_wconf 78' lang='lat' dir='ltr'><strong>satellitibuszet</strong></span> <span class='ocrx_word' id='word_1_657' title='bbox 2673 3897 2819 3936; x_wconf 88' lang='lat' dir='ltr'><strong>zona</strong></span> <span class='ocrx_word' id='word_1_658' title='bbox 2852 3883 3132 3953; x_wconf 84' lang='lat' dir='ltr'><strong>privatus,</strong></span> <span class='ocrx_word' id='word_1_659' title='bbox 3165 3891 3282 3942; x_wconf 86' lang='lat' dir='ltr'><strong>stat</strong></span> <span class='ocrx_word' id='word_1_660' title='bbox 3312 3905 3414 3960; x_wconf 83' lang='lat' dir='ltr'><strong>pro</strong></span> <span class='ocrx_word' id='word_1_661' title='bbox 3447 3891 3630 3946; x_wconf 51' lang='lat' dir='ltr'><strong>tribu.</strong></span> 
     </span>
    </p>
   </div>
   <div class='ocr_carea' id='block_1_93' title="bbox 1991 3967 3628 4038">
    <p class='ocr_par' dir='ltr' id='par_1_93' title="bbox 1991 3967 3628 4038">
     <span class='ocr_line' id='line_1_93' title="bbox 1991 3967 3628 4038; baseline 0.01 -17"><span class='ocrx_word' id='word_1_662' title='bbox 1991 3967 2130 4030; x_wconf 88' lang='lat' dir='ltr'><strong>nali,</strong></span> <span class='ocrx_word' id='word_1_663' title='bbox 2163 3971 2220 4022; x_wconf 89' lang='lat' dir='ltr'><strong>et</strong></span> <span class='ocrx_word' id='word_1_664' title='bbox 2247 3968 2498 4024; x_wconf 84' lang='lat' dir='ltr'><strong>traditur</strong></span> <span class='ocrx_word' id='word_1_665' title='bbox 2529 3968 2794 4025; x_wconf 89' lang='lat' dir='ltr'><strong>lictorum</strong></span> <span class='ocrx_word' id='word_1_666' title='bbox 2829 3971 3122 4028; x_wconf 87' lang='lat' dir='ltr'><strong>manibus.</strong></span> <span class='ocrx_word' id='word_1_667' title='bbox 3153 3975 3240 4030; x_wconf 91' lang='lat' dir='ltr'><strong>Illi</strong></span> <span class='ocrx_word' id='word_1_668' title='bbox 3272 3983 3462 4034; x_wconf 84' lang='lat' dir='ltr'><strong>autem</strong></span> <span class='ocrx_word' id='word_1_669' title='bbox 3497 3996 3628 4038; x_wconf 90' lang='lat' dir='ltr'><strong>cum</strong></span> 
     </span>
    </p>
   </div>
   <div class='ocr_carea' id='block_1_94' title="bbox 1992 4057 3632 4142">
    <p class='ocr_par' dir='ltr' id='par_1_94' title="bbox 1992 4057 3632 4142">
     <span class='ocr_line' id='line_1_94' title="bbox 1992 4057 3632 4142; baseline 0.01 -31"><span class='ocrx_word' id='word_1_670' title='bbox 1992 4057 2264 4112; x_wconf 90' lang='lat' dir='ltr'><strong>manibus</strong></span> <span class='ocrx_word' id='word_1_671' title='bbox 2285 4061 2342 4112; x_wconf 93' lang='lat' dir='ltr'><strong>et</strong></span> <span class='ocrx_word' id='word_1_672' title='bbox 2365 4057 2611 4128; x_wconf 88' lang='lat' dir='ltr'><strong>pedibus</strong></span> <span class='ocrx_word' id='word_1_673' title='bbox 2637 4059 2764 4130; x_wconf 89' lang='lat' dir='ltr'><strong>ejus</strong></span> <span class='ocrx_word' id='word_1_674' title='bbox 2789 4061 2955 4117; x_wconf 87' lang='lat' dir='ltr'><strong>funes</strong></span> <span class='ocrx_word' id='word_1_675' title='bbox 2977 4066 3412 4134; x_wconf 80' lang='lat' dir='ltr'><strong>annexuissent,</strong></span> <span class='ocrx_word' id='word_1_676' title='bbox 3445 4087 3477 4125; x_wconf 92' lang='lat' dir='ltr'><strong>a</strong></span> <span class='ocrx_word' id='word_1_677' title='bbox 3499 4087 3632 4142; x_wconf 82' lang='lat' dir='ltr'><strong>qua-</strong></span> 
     </span>
    </p>
   </div>
   <div class='ocr_carea' id='block_1_95' title="bbox 1986 4146 3628 4231">
    <p class='ocr_par' dir='ltr' id='par_1_95' title="bbox 1986 4146 3628 4231">
     <span class='ocr_line' id='line_1_95' title="bbox 1986 4146 3628 4231; baseline 0.009 -30"><span class='ocrx_word' id='word_1_678' title='bbox 1986 4149 2120 4202; x_wconf 90' lang='lat' dir='ltr'><strong>tuor</strong></span> <span class='ocrx_word' id='word_1_679' title='bbox 2167 4146 2430 4218; x_wconf 85' lang='lat' dir='ltr'><strong>partibu</strong></span> <span class='ocrx_word' id='word_1_680' title='bbox 2477 4151 2811 4216; x_wconf 88' lang='lat' dir='ltr'><strong>extendunt,</strong></span> <span class='ocrx_word' id='word_1_681' title='bbox 2865 4155 3242 4225; x_wconf 89' lang='lat' dir='ltr'><strong>ventremque</strong></span> <span class='ocrx_word' id='word_1_682' title='bbox 3291 4161 3348 4212; x_wconf 91' lang='lat' dir='ltr'><strong>et</strong></span> <span class='ocrx_word' id='word_1_683' title='bbox 3395 4163 3628 4231; x_wconf 88' lang='lat' dir='ltr'><strong>tergum</strong></span> 
     </span>
    </p>
   </div>
   <div class='ocr_carea' id='block_1_96' title="bbox 1987 4235 3625 4319">
    <p class='ocr_par' dir='ltr' id='par_1_96' title="bbox 1987 4235 3625 4319">
     <span class='ocr_line' id='line_1_96' title="bbox 1987 4235 3625 4319; baseline 0.01 -29"><span class='ocrx_word' id='word_1_684' title='bbox 1987 4235 2259 4305; x_wconf 80' lang='lat' dir='ltr'><strong>martyris</strong></span> <span class='ocrx_word' id='word_1_685' title='bbox 2287 4237 2464 4292; x_wconf 90' lang='lat' dir='ltr'><strong>boum</strong></span> <span class='ocrx_word' id='word_1_686' title='bbox 2499 4239 2688 4293; x_wconf 87' lang='lat' dir='ltr'><strong>nervis</strong></span> <span class='ocrx_word' id='word_1_687' title='bbox 2709 4239 2850 4295; x_wconf 88' lang='lat' dir='ltr'><strong>adeo</strong></span> <span class='ocrx_word' id='word_1_688' title='bbox 2886 4241 3196 4299; x_wconf 87' lang='lat' dir='ltr'><strong>crudeliter</strong></span> <span class='ocrx_word' id='word_1_689' title='bbox 3225 4246 3625 4319; x_wconf 83' lang='lat' dir='ltr'><strong>verberabant,</strong></span> 
     </span>
    </p>
   </div>
   <div class='ocr_carea' id='block_1_97' title="bbox 1987 4327 3630 4412">
    <p class='ocr_par' dir='ltr' id='par_1_97' title="bbox 1987 4327 3630 4412">
     <span class='ocr_line' id='line_1_97' title="bbox 1987 4327 3630 4412; baseline 0.01 -31"><span class='ocrx_word' id='word_1_690' title='bbox 1987 4334 2048 4381; x_wconf 91' lang='lat' dir='ltr'><strong>ut</strong></span> <span class='ocrx_word' id='word_1_691' title='bbox 2073 4330 2278 4397; x_wconf 88' lang='lat' dir='ltr'><strong>quater</strong></span> <span class='ocrx_word' id='word_1_692' title='bbox 2307 4327 2836 4400; x_wconf 88' lang='lat' dir='ltr'><strong>mutatisintii,qui</strong></span> <span class='ocrx_word' id='word_1_693' title='bbox 2863 4331 3630 4412; x_wconf 79' lang='lat' dir='ltr'><strong>percutiebantzlicebatque</strong></span> 
     </span>
    </p>
   </div>
   <div class='ocr_carea' id='block_1_98' title="bbox 1981 4415 3630 4487">
    <p class='ocr_par' dir='ltr' id='par_1_98' title="bbox 1981 4415 3630 4487">
     <span class='ocr_line' id='line_1_98' title="bbox 1981 4415 3630 4487; baseline 0.01 -18"><span class='ocrx_word' id='word_1_694' title='bbox 1981 4415 2178 4470; x_wconf 87' lang='lat' dir='ltr'><strong>videre</strong></span> <span class='ocrx_word' id='word_1_695' title='bbox 2207 4416 2334 4486; x_wconf 89' lang='lat' dir='ltr'><strong>ejus</strong></span> <span class='ocrx_word' id='word_1_696' title='bbox 2363 4433 2570 4471; x_wconf 80' lang='lat' dir='ltr'><strong>novam</strong></span> <span class='ocrx_word' id='word_1_697' title='bbox 2596 4419 2906 4487; x_wconf 87' lang='lat' dir='ltr'><strong>quamdam</strong></span> <span class='ocrx_word' id='word_1_698' title='bbox 2941 4425 3136 4477; x_wconf 88' lang='lat' dir='ltr'><strong>etnon</strong></span> <span class='ocrx_word' id='word_1_699' title='bbox 3161 4423 3468 4482; x_wconf 86' lang='lat' dir='ltr'><strong>humanam</strong></span> <span class='ocrx_word' id='word_1_700' title='bbox 3491 4429 3630 4485; x_wconf 88' lang='lat' dir='ltr'><strong>tole-</strong></span> 
     </span>
    </p>
   </div>
   <div class='ocr_carea' id='block_1_99' title="bbox 1983 4505 3630 4589">
    <p class='ocr_par' dir='ltr' id='par_1_99' title="bbox 1983 4505 3630 4589">
     <span class='ocr_line' id='line_1_99' title="bbox 1983 4505 3630 4589; baseline 0.009 -29"><span class='ocrx_word' id='word_1_701' title='bbox 1983 4506 2252 4560; x_wconf 87' lang='lat' dir='ltr'><strong>rantiam.</strong></span> <span class='ocrx_word' id='word_1_702' title='bbox 2283 4507 2482 4578; x_wconf 86' lang='lat' dir='ltr'><strong>Neque</strong></span> <span class='ocrx_word' id='word_1_703' title='bbox 2501 4505 2656 4562; x_wconf 89' lang='lat' dir='ltr'><strong>enim</strong></span> <span class='ocrx_word' id='word_1_704' title='bbox 2688 4507 2956 4578; x_wconf 89' lang='lat' dir='ltr'><strong>gemitus,</strong></span> <span class='ocrx_word' id='word_1_705' title='bbox 2984 4526 3087 4566; x_wconf 89' lang='lat' dir='ltr'><strong>nec</strong></span> <span class='ocrx_word' id='word_1_706' title='bbox 3117 4529 3244 4580; x_wconf 79' lang='lat' dir='ltr'><strong>vox,</strong></span> <span class='ocrx_word' id='word_1_707' title='bbox 3271 4531 3371 4569; x_wconf 88' lang='lat' dir='ltr'><strong>nec</strong></span> <span class='ocrx_word' id='word_1_708' title='bbox 3407 4517 3630 4589; x_wconf 89' lang='lat' dir='ltr'><strong>aliquid</strong></span> 
     </span>
    </p>
   </div>
   <div class='ocr_carea' id='block_1_100' title="bbox 1982 4593 3632 4678">
    <p class='ocr_par' dir='ltr' id='par_1_100' title="bbox 1982 4593 3632 4678">
     <span class='ocr_line' id='line_1_100' title="bbox 1982 4593 3632 4678; baseline 0.01 -31"><span class='ocrx_word' id='word_1_709' title='bbox 1982 4593 2138 4648; x_wconf 89' lang='lat' dir='ltr'><strong>aliud</strong></span> <span class='ocrx_word' id='word_1_710' title='bbox 2169 4611 2238 4650; x_wconf 83' lang='lat' dir='ltr'><strong>ex</strong></span> <span class='ocrx_word' id='word_1_711' title='bbox 2265 4593 2362 4659; x_wconf 89' lang='lat' dir='ltr'><strong>iis,</strong></span> <span class='ocrx_word' id='word_1_712' title='bbox 2395 4610 2522 4665; x_wconf 68' lang='lat' dir='ltr'><strong>qua:</strong></span> <span class='ocrx_word' id='word_1_713' title='bbox 2551 4596 2824 4652; x_wconf 89' lang='lat' dir='ltr'><strong>accidunt</strong></span> <span class='ocrx_word' id='word_1_714' title='bbox 2853 4597 3193 4656; x_wconf 88' lang='lat' dir='ltr'><strong>hominibus</strong></span> <span class='ocrx_word' id='word_1_715' title='bbox 3226 4603 3326 4674; x_wconf 90' lang='lat' dir='ltr'><strong>qui</strong></span> <span class='ocrx_word' id='word_1_716' title='bbox 3359 4609 3632 4678; x_wconf 84' lang='lat' dir='ltr'><strong>torquen-</strong></span> 
     </span>
    </p>
   </div>
   <div class='ocr_carea' id='block_1_101' title="bbox 1985 4683 3634 4760">
    <p class='ocr_par' dir='ltr' id='par_1_101' title="bbox 1985 4683 3634 4760">
     <span class='ocr_line' id='line_1_101' title="bbox 1985 4683 3634 4760; baseline 0.01 -24"><span class='ocrx_word' id='word_1_717' title='bbox 1985 4687 2099 4750; x_wconf 87' lang='lat' dir='ltr'><strong>tur,</strong></span> <span class='ocrx_word' id='word_1_718' title='bbox 2134 4683 2208 4738; x_wconf 88' lang='lat' dir='ltr'><strong>ab</strong></span> <span class='ocrx_word' id='word_1_719' title='bbox 2239 4683 2362 4754; x_wconf 91' lang='lat' dir='ltr'><strong>ipso</strong></span> <span class='ocrx_word' id='word_1_720' title='bbox 2385 4683 2758 4741; x_wconf 89' lang='lat' dir='ltr'><strong>emittebatur</strong></span> <span class='ocrx_word' id='word_1_721' title='bbox 2781 4701 2794 4742; x_wconf 91' lang='lat'>:</span> <span class='ocrx_word' id='word_1_722' title='bbox 2821 4687 2922 4742; x_wconf 88' lang='lat' dir='ltr'><strong>sed</strong></span> <span class='ocrx_word' id='word_1_723' title='bbox 2953 4688 3118 4744; x_wconf 85' lang='lat' dir='ltr'><strong>vultu</strong></span> <span class='ocrx_word' id='word_1_724' title='bbox 3154 4692 3385 4760; x_wconf 90' lang='lat' dir='ltr'><strong>penitus</strong></span> <span class='ocrx_word' id='word_1_725' title='bbox 3417 4696 3634 4752; x_wconf 92' lang='lat' dir='ltr'><strong>immu-</strong></span> 
     </span>
    </p>
   </div>
   <div class='ocr_carea' id='block_1_102' title="bbox 1991 4772 3635 4849">
    <p class='ocr_par' dir='ltr' id='par_1_102' title="bbox 1991 4772 3635 4849">
     <span class='ocr_line' id='line_1_102' title="bbox 1991 4772 3635 4849; baseline 0.008 -23"><span class='ocrx_word' id='word_1_726' title='bbox 1991 4775 2112 4826; x_wconf 89' lang='lat' dir='ltr'><strong>tato</strong></span> <span class='ocrx_word' id='word_1_727' title='bbox 2145 4772 2510 4828; x_wconf 85' lang='lat' dir='ltr'><strong>cernebatur.</strong></span> <span class='ocrx_word' id='word_1_728' title='bbox 2563 4773 2740 4828; x_wconf 88' lang='lat' dir='ltr'><strong>Terra</strong></span> <span class='ocrx_word' id='word_1_729' title='bbox 2796 4782 2992 4831; x_wconf 87' lang='lat' dir='ltr'><strong>autem</strong></span> <span class='ocrx_word' id='word_1_730' title='bbox 3046 4777 3290 4849; x_wconf 88' lang='lat' dir='ltr'><strong>impleta</strong></span> <span class='ocrx_word' id='word_1_731' title='bbox 3347 4787 3469 4837; x_wconf 81' lang='lat' dir='ltr'><strong>erat</strong></span> <span class='ocrx_word' id='word_1_732' title='bbox 3495 4801 3635 4838; x_wconf 87' lang='lat' dir='ltr'><strong>san-</strong></span> 
     </span>
    </p>
   </div>
   <div class='ocr_carea' id='block_1_103' title="bbox 1992 4860 3634 4938">
    <p class='ocr_par' dir='ltr' id='par_1_103' title="bbox 1992 4860 3634 4938">
     <span class='ocr_line' id='line_1_103' title="bbox 1992 4860 3634 4938; baseline 0.01 -25"><span class='ocrx_word' id='word_1_733' title='bbox 1992 4860 2192 4932; x_wconf 87' lang='lat' dir='ltr'><strong>guine,</strong></span> <span class='ocrx_word' id='word_1_734' title='bbox 2224 4861 2366 4916; x_wconf 88' lang='lat' dir='ltr'><strong>adeo</strong></span> <span class='ocrx_word' id='word_1_735' title='bbox 2397 4865 2462 4915; x_wconf 89' lang='lat' dir='ltr'><strong>ut</strong></span> <span class='ocrx_word' id='word_1_736' title='bbox 2499 4875 2698 4916; x_wconf 88' lang='lat' dir='ltr'><strong>omnes</strong></span> <span class='ocrx_word' id='word_1_737' title='bbox 2749 4863 2846 4933; x_wconf 88' lang='lat' dir='ltr'><strong>qui</strong></span> <span class='ocrx_word' id='word_1_738' title='bbox 2879 4864 3138 4935; x_wconf 86' lang='lat' dir='ltr'><strong>aderant,</strong></span> <span class='ocrx_word' id='word_1_739' title='bbox 3163 4868 3301 4938; x_wconf 86' lang='lat' dir='ltr'><strong>quin</strong></span> <span class='ocrx_word' id='word_1_740' title='bbox 3331 4871 3506 4927; x_wconf 87' lang='lat' dir='ltr'><strong>etiam</strong></span> <span class='ocrx_word' id='word_1_741' title='bbox 3539 4873 3634 4929; x_wconf 91' lang='lat' dir='ltr'><strong>ille</strong></span> 
     </span>
    </p>
   </div>
   <div class='ocr_carea' id='block_1_104' title="bbox 1991 4949 3636 5027">
    <p class='ocr_par' dir='ltr' id='par_1_104' title="bbox 1991 4949 3636 5027">
     <span class='ocr_line' id='line_1_104' title="bbox 1991 4949 3636 5027; baseline 0.009 -24"><span class='ocrx_word' id='word_1_742' title='bbox 1991 4949 2114 5018; x_wconf 82' lang='lat' dir='ltr'><strong>ipse</strong></span> <span class='ocrx_word' id='word_1_743' title='bbox 2129 4951 2458 5018; x_wconf 83' lang='lat' dir='ltr'><strong>imperator,</strong></span> <span class='ocrx_word' id='word_1_744' title='bbox 2479 4949 2843 5006; x_wconf 85' lang='lat' dir='ltr'><strong>mirarentur.</strong></span> <span class='ocrx_word' id='word_1_745' title='bbox 2860 4953 3241 5027; x_wconf 82' lang='lat' dir='ltr'><strong>Jubetitaque</strong></span> <span class='ocrx_word' id='word_1_746' title='bbox 3264 4966 3528 5016; x_wconf 87' lang='lat' dir='ltr'><strong>sanctum</strong></span> <span class='ocrx_word' id='word_1_747' title='bbox 3547 4979 3636 5018; x_wconf 85' lang='lat' dir='ltr'><strong>re-</strong></span> 
     </span>
    </p>
   </div>
   <div class='ocr_carea' id='block_1_105' title="bbox 1993 5038 3632 5111">
    <p class='ocr_par' dir='ltr' id='par_1_105' title="bbox 1993 5038 3632 5111">
     <span class='ocr_line' id='line_1_105' title="bbox 1993 5038 3632 5111; baseline 0.008 -16"><span class='ocrx_word' id='word_1_748' title='bbox 1993 5041 2248 5095; x_wconf 84' lang='lat' dir='ltr'><strong>laxatum</strong></span> <span class='ocrx_word' id='word_1_749' title='bbox 2273 5054 2404 5093; x_wconf 90' lang='lat' dir='ltr'><strong>cum</strong></span> <span class='ocrx_word' id='word_1_750' title='bbox 2430 5038 2560 5094; x_wconf 89' lang='lat' dir='ltr'><strong>aliis</strong></span> <span class='ocrx_word' id='word_1_751' title='bbox 2581 5041 2936 5111; x_wconf 80' lang='lat' dir='ltr'><strong>martyribus</strong></span> <span class='ocrx_word' id='word_1_752' title='bbox 2960 5043 3166 5101; x_wconf 87' lang='lat' dir='ltr'><strong>abduci</strong></span> <span class='ocrx_word' id='word_1_753' title='bbox 3191 5045 3246 5101; x_wconf 88' lang='lat' dir='ltr'><strong>in</strong></span> <span class='ocrx_word' id='word_1_754' title='bbox 3281 5050 3632 5108; x_wconf 89' lang='lat' dir='ltr'><strong>custodiam.</strong></span> 
     </span>
    </p>
   </div>
   <div class='ocr_carea' id='block_1_106' title="bbox 223 5125 3636 5210">
    <p class='ocr_par' dir='ltr' id='par_1_106' title="bbox 223 5125 3636 5210">
     <span class='ocr_line' id='line_1_106' title="bbox 223 5125 3636 5210; baseline -0.002 -17"><span class='ocrx_word' id='word_1_755' title='bbox 223 5143 320 5193; x_wconf 70' lang='grc' dir='ltr'><strong>τοῦ</strong></span> <span class='ocrx_word' id='word_1_756' title='bbox 363 5137 592 5210; x_wconf 78' lang='grc' dir='ltr'>αἳματος</span> <span class='ocrx_word' id='word_1_757' title='bbox 650 5133 986 5207; x_wconf 68' lang='grc' dir='ltr'>πεπλήρωτο</span> <span class='ocrx_word' id='word_1_758' title='bbox 1033 5133 1170 5188; x_wconf 82' lang='grc' dir='ltr'>ὥστε</span> <span class='ocrx_word' id='word_1_759' title='bbox 1214 5131 1412 5194; x_wconf 70' lang='grc' dir='ltr'>πάντας</span> <span class='ocrx_word' id='word_1_760' title='bbox 1459 5130 1584 5193; x_wconf 76' lang='grc' dir='ltr'>τοὺς</span> <span class='ocrx_word' id='word_1_761' title='bbox 1637 5135 2006 5204; x_wconf 77' lang='grc' dir='ltr'>παρεστῶτας,</span> <span class='ocrx_word' id='word_1_762' title='bbox 2065 5125 2212 5182; x_wconf 80' lang='grc' dir='ltr'>ἀλλὰ</span> <span class='ocrx_word' id='word_1_763' title='bbox 2269 5126 2358 5182; x_wconf 81' lang='grc' dir='ltr'>ααί</span> <span class='ocrx_word' id='word_1_764' title='bbox 2417 5125 2574 5181; x_wconf 80' lang='grc' dir='ltr'>αὐτὸν</span> <span class='ocrx_word' id='word_1_765' title='bbox 2634 5127 2836 5182; x_wconf 80' lang='grc' dir='ltr'>ἐκεῖνον</span> <span class='ocrx_word' id='word_1_766' title='bbox 2899 5131 2990 5184; x_wconf 86' lang='grc' dir='ltr'>τὸν</span> <span class='ocrx_word' id='word_1_767' title='bbox 3049 5133 3298 5206; x_wconf 76' lang='grc' dir='ltr'>βασιλέα,</span> <span class='ocrx_word' id='word_1_768' title='bbox 3357 5133 3446 5191; x_wconf 83' lang='grc' dir='ltr'>διὰ</span> <span class='ocrx_word' id='word_1_769' title='bbox 3502 5141 3636 5202; x_wconf 65' lang='grc' dir='ltr'>θαύ-</span> 
     </span>
    </p>
   </div>
   <div class='ocr_carea' id='block_1_107' title="bbox 227 5215 3633 5305">
    <p class='ocr_par' dir='ltr' id='par_1_107' title="bbox 227 5215 3633 5305">
     <span class='ocr_line' id='line_1_107' title="bbox 227 5215 3633 5305; baseline 0.001 -24"><span class='ocrx_word' id='word_1_770' title='bbox 227 5248 398 5300; x_wconf 87' lang='grc' dir='ltr'>ματος</span> <span class='ocrx_word' id='word_1_771' title='bbox 437 5226 499 5281; x_wconf 86' lang='grc' dir='ltr'>τὸ</span> <span class='ocrx_word' id='word_1_772' title='bbox 528 5229 757 5302; x_wconf 80' lang='grc' dir='ltr'>πρᾶγμα</span> <span class='ocrx_word' id='word_1_773' title='bbox 785 5225 1076 5280; x_wconf 76' lang='grc' dir='ltr'>ποιεῖσοαι.</span> <span class='ocrx_word' id='word_1_774' title='bbox 1111 5220 1328 5278; x_wconf 73' lang='grc' dir='ltr'>Κελεύει</span> <span class='ocrx_word' id='word_1_775' title='bbox 1373 5221 1550 5276; x_wconf 83' lang='grc' dir='ltr'>τοίνυν</span> <span class='ocrx_word' id='word_1_776' title='bbox 1595 5220 1844 5284; x_wconf 70' lang='grc' dir='ltr'>ἀνεθέντα</span> <span class='ocrx_word' id='word_1_777' title='bbox 1891 5219 1980 5274; x_wconf 81' lang='grc' dir='ltr'><strong>τὸν</strong></span> <span class='ocrx_word' id='word_1_778' title='bbox 2015 5218 2174 5293; x_wconf 76' lang='grc' dir='ltr'>ἅγιον</span> <span class='ocrx_word' id='word_1_779' title='bbox 2225 5215 2317 5270; x_wconf 71' lang='grc' dir='ltr'>σὺν</span> <span class='ocrx_word' id='word_1_780' title='bbox 2363 5223 2480 5279; x_wconf 76' lang='grc' dir='ltr'>τοῖς</span> <span class='ocrx_word' id='word_1_781' title='bbox 2533 5215 2729 5280; x_wconf 53' lang='grc' dir='ltr'>ἀλλοις</span> <span class='ocrx_word' id='word_1_782' title='bbox 2781 5219 3041 5295; x_wconf 71' lang='grc' dir='ltr'>μάρτυσιν</span> <span class='ocrx_word' id='word_1_783' title='bbox 3091 5222 3178 5277; x_wconf 79' lang='grc' dir='ltr'><strong>ἐπὶ</strong></span> <span class='ocrx_word' id='word_1_784' title='bbox 3225 5225 3324 5294; x_wconf 70' lang='grc' dir='ltr'>τὴν</span> <span class='ocrx_word' id='word_1_785' title='bbox 3383 5225 3633 5305; x_wconf 71' lang='grc' dir='ltr'>φυλακήν</span> 
     </span>
    </p>
   </div>
   <div class='ocr_carea' id='block_1_108' title="bbox 218 5321 556 5394">
    <p class='ocr_par' dir='ltr' id='par_1_108' title="bbox 218 5321 556 5394">
     <span class='ocr_line' id='line_1_108' title="bbox 218 5321 556 5394; baseline 0.003 -19"><span class='ocrx_word' id='word_1_786' title='bbox 218 5321 530 5394; x_wconf 69' lang='grc' dir='ltr'>ἀπαχθῆναι.</span> <span class='ocrx_word' id='word_1_787' title='bbox 543 5363 556 5376; x_wconf 91' lang='grc'><strong>.</strong></span> 
     </span>
    </p>
   </div>
   <div class='ocr_carea' id='block_1_109' title="bbox 293 5435 1874 5518">
    <p class='ocr_par' dir='ltr' id='par_1_109' title="bbox 293 5435 1874 5518">
     <span class='ocr_line' id='line_1_109' title="bbox 293 5435 1874 5518; baseline -0.008 -16"><span class='ocrx_word' id='word_1_788' title='bbox 293 5447 416 5502; x_wconf 77' lang='lat' dir='ltr'><strong>KA’.</strong></span> <span class='ocrx_word' id='word_1_789' title='bbox 455 5443 819 5518; x_wconf 82' lang='grc' dir='ltr'>Ἀπαγὸμενοι</span> <span class='ocrx_word' id='word_1_790' title='bbox 870 5443 1163 5515; x_wconf 79' lang='grc' dir='ltr'>τοιγαροῦν</span> <span class='ocrx_word' id='word_1_791' title='bbox 1216 5439 1268 5493; x_wconf 76' lang='grc' dir='ltr'>οἱ</span> <span class='ocrx_word' id='word_1_792' title='bbox 1297 5443 1394 5494; x_wconf 77' lang='grc' dir='ltr'><strong>τοῦ</strong></span> <span class='ocrx_word' id='word_1_793' title='bbox 1443 5441 1678 5513; x_wconf 77' lang='grc' dir='ltr'>Χριστοῦ</span> <span class='ocrx_word' id='word_1_794' title='bbox 1733 5435 1874 5512; x_wconf 75' lang='grc' dir='ltr'>μάρ-</span> 
     </span>
    </p>
   </div>
   <div class='ocr_carea' id='block_1_110' title="bbox 218 5527 1870 5612">
    <p class='ocr_par' dir='ltr' id='par_1_110' title="bbox 218 5527 1870 5612">
     <span class='ocr_line' id='line_1_110' title="bbox 218 5527 1870 5612; baseline -0.004 -24"><span class='ocrx_word' id='word_1_795' title='bbox 218 5555 400 5612; x_wconf 84' lang='grc' dir='ltr'>τυρες,</span> <span class='ocrx_word' id='word_1_796' title='bbox 432 5530 678 5606; x_wconf 75' lang='grc' dir='ltr'>ἔψαλλον</span> <span class='ocrx_word' id='word_1_797' title='bbox 712 5530 980 5606; x_wconf 69' lang='grc' dir='ltr'>λέγοντες·</span> <span class='ocrx_word' id='word_1_798' title='bbox 1011 5551 1036 5582; x_wconf 71' lang='grc' dir='ltr'><strong>α</strong></span> <span class='ocrx_word' id='word_1_799' title='bbox 1071 5527 1431 5602; x_wconf 83' lang='grc' dir='ltr'>Ἐδοκίμασας</span> <span class='ocrx_word' id='word_1_800' title='bbox 1459 5529 1630 5600; x_wconf 75' lang='grc' dir='ltr'>ἡμᾶς,</span> <span class='ocrx_word' id='word_1_801' title='bbox 1664 5528 1690 5582; x_wconf 90' lang='lat'><strong>6</strong></span> <span class='ocrx_word' id='word_1_802' title='bbox 1717 5527 1870 5612; x_wconf 81' lang='grc' dir='ltr'>Θεὸς,</span> 
     </span>
    </p>
   </div>
   <div class='ocr_carea' id='block_1_111' title="bbox 225 5611 1869 5696">
    <p class='ocr_par' dir='ltr' id='par_1_111' title="bbox 225 5611 1869 5696">
     <span class='ocr_line' id='line_1_111' title="bbox 225 5611 1869 5696; baseline -0.005 -18"><span class='ocrx_word' id='word_1_803' title='bbox 225 5611 515 5696; x_wconf 67' lang='grc' dir='ltr'>ὑπῦρωσας</span> <span class='ocrx_word' id='word_1_804' title='bbox 581 5623 730 5694; x_wconf 71' lang='grc' dir='ltr'>ἡμᾶς</span> <span class='ocrx_word' id='word_1_805' title='bbox 799 5619 873 5681; x_wconf 82' lang='grc' dir='ltr'>ὠς</span> <span class='ocrx_word' id='word_1_806' title='bbox 941 5621 1208 5694; x_wconf 76' lang='grc' dir='ltr'>πυροῦται</span> <span class='ocrx_word' id='word_1_807' title='bbox 1277 5617 1340 5672; x_wconf 88' lang='grc' dir='ltr'>τὸ</span> <span class='ocrx_word' id='word_1_808' title='bbox 1397 5617 1678 5690; x_wconf 75' lang='grc' dir='ltr'>ἀργύριον,</span> <span class='ocrx_word' id='word_1_809' title='bbox 1745 5611 1869 5679; x_wconf 74' lang='grc' dir='ltr'>ἔθου</span> 
     </span>
    </p>
   </div>
   <div class='ocr_carea' id='block_1_112' title="bbox 221 5701 1868 5786">
    <p class='ocr_par' dir='ltr' id='par_1_112' title="bbox 221 5701 1868 5786">
     <span class='ocr_line' id='line_1_112' title="bbox 221 5701 1868 5786; baseline 0.001 -25"><span class='ocrx_word' id='word_1_810' title='bbox 221 5713 437 5786; x_wconf 73' lang='grc' dir='ltr'>θλίψεις</span> <span class='ocrx_word' id='word_1_811' title='bbox 488 5709 576 5766; x_wconf 82' lang='grc' dir='ltr'><strong>ἐπὶ</strong></span> <span class='ocrx_word' id='word_1_812' title='bbox 635 5714 742 5764; x_wconf 80' lang='grc' dir='ltr'>τῶν</span> <span class='ocrx_word' id='word_1_813' title='bbox 799 5711 982 5764; x_wconf 82' lang='grc' dir='ltr'>νώτων</span> <span class='ocrx_word' id='word_1_814' title='bbox 1040 5710 1225 5780; x_wconf 74' lang='grc' dir='ltr'>ἡμῶν,</span> <span class='ocrx_word' id='word_1_815' title='bbox 1285 5701 1606 5767; x_wconf 71' lang='grc' dir='ltr'>ἐπεϐίϐασας</span> <span class='ocrx_word' id='word_1_816' title='bbox 1657 5705 1868 5778; x_wconf 81' lang='grc' dir='ltr'>ἀνθρώ-</span> 
     </span>
    </p>
   </div>
   <div class='ocr_carea' id='block_1_113' title="bbox 2054 5435 3626 5522">
    <p class='ocr_par' dir='ltr' id='par_1_113' title="bbox 2054 5435 3626 5522">
     <span class='ocr_line' id='line_1_113' title="bbox 2054 5435 3626 5522; baseline 0.009 -30"><span class='ocrx_word' id='word_1_817' title='bbox 2054 5437 2256 5492; x_wconf 80' lang='lat' dir='ltr'>XXIV.</span> <span class='ocrx_word' id='word_1_818' title='bbox 2289 5435 2435 5492; x_wconf 88' lang='lat' dir='ltr'><strong>Cum</strong></span> <span class='ocrx_word' id='word_1_819' title='bbox 2467 5452 2603 5509; x_wconf 90' lang='lat' dir='ltr'><strong>ergo</strong></span> <span class='ocrx_word' id='word_1_820' title='bbox 2628 5436 3055 5496; x_wconf 85' lang='lat' dir='ltr'><strong>abducerentur</strong></span> <span class='ocrx_word' id='word_1_821' title='bbox 3083 5449 3364 5516; x_wconf 88' lang='lat' dir='ltr'><strong>martyres</strong></span> <span class='ocrx_word' id='word_1_822' title='bbox 3394 5445 3626 5522; x_wconf 87' lang='lat' dir='ltr'><strong>Christi,</strong></span> 
     </span>
    </p>
   </div>
   <div class='ocr_carea' id='block_1_114' title="bbox 1981 5525 3626 5603">
    <p class='ocr_par' dir='ltr' id='par_1_114' title="bbox 1981 5525 3626 5603">
     <span class='ocr_line' id='line_1_114' title="bbox 1981 5525 3626 5603; baseline 0.001 -21"><span class='ocrx_word' id='word_1_823' title='bbox 1981 5525 2352 5596; x_wconf 86' lang='lat' dir='ltr'><strong>psallebant:</strong></span> <span class='ocrx_word' id='word_1_824' title='bbox 2388 5548 2418 5577; x_wconf 87' lang='lat'><strong>«</strong></span> <span class='ocrx_word' id='word_1_825' title='bbox 2449 5525 2704 5581; x_wconf 87' lang='lat' dir='ltr'><strong>Probasti</strong></span> <span class='ocrx_word' id='word_1_826' title='bbox 2739 5542 2866 5591; x_wconf 85' lang='lat' dir='ltr'><strong>nos,</strong></span> <span class='ocrx_word' id='word_1_827' title='bbox 2899 5527 3073 5598; x_wconf 86' lang='lat' dir='ltr'><strong>Deus,</strong></span> <span class='ocrx_word' id='word_1_828' title='bbox 3107 5531 3242 5603; x_wconf 87' lang='lat' dir='ltr'><strong>igne</strong></span> <span class='ocrx_word' id='word_1_829' title='bbox 3272 5551 3377 5591; x_wconf 88' lang='lat' dir='ltr'><strong>nos</strong></span> <span class='ocrx_word' id='word_1_830' title='bbox 3399 5539 3626 5594; x_wconf 84' lang='lat' dir='ltr'><strong>exami-</strong></span> 
     </span>
    </p>
   </div>
   <div class='ocr_carea' id='block_1_115' title="bbox 1981 5615 3625 5688">
    <p class='ocr_par' dir='ltr' id='par_1_115' title="bbox 1981 5615 3625 5688">
     <span class='ocr_line' id='line_1_115' title="bbox 1981 5615 3625 5688; baseline 0.01 -18"><span class='ocrx_word' id='word_1_831' title='bbox 1981 5615 2154 5683; x_wconf 90' lang='lat' dir='ltr'><strong>nasti,</strong></span> <span class='ocrx_word' id='word_1_832' title='bbox 2178 5615 2329 5672; x_wconf 87' lang='lat' dir='ltr'><strong>sicut</strong></span> <span class='ocrx_word' id='word_1_833' title='bbox 2351 5617 2720 5671; x_wconf 85' lang='lat' dir='ltr'><strong>examinatur</strong></span> <span class='ocrx_word' id='word_1_834' title='bbox 2741 5621 3070 5688; x_wconf 82' lang='lat' dir='ltr'><strong>argentum.</strong></span> <span class='ocrx_word' id='word_1_835' title='bbox 3091 5623 3342 5680; x_wconf 77' lang='lat' dir='ltr'><strong>Posuisti</strong></span> <span class='ocrx_word' id='word_1_836' title='bbox 3366 5627 3625 5686; x_wconf 82' lang='lat' dir='ltr'><strong>afﬂictio-</strong></span> 
     </span>
    </p>
   </div>
   <div class='ocr_carea' id='block_1_116' title="bbox 1981 5705 3624 5790">
    <p class='ocr_par' dir='ltr' id='par_1_116' title="bbox 1981 5705 3624 5790">
     <span class='ocr_line' id='line_1_116' title="bbox 1981 5705 3624 5790; baseline 0.009 -30"><span class='ocrx_word' id='word_1_837' title='bbox 1981 5720 2084 5761; x_wconf 86' lang='lat' dir='ltr'><strong>nes</strong></span> <span class='ocrx_word' id='word_1_838' title='bbox 2119 5720 2292 5776; x_wconf 86' lang='lat' dir='ltr'><strong>super</strong></span> <span class='ocrx_word' id='word_1_839' title='bbox 2336 5705 2508 5762; x_wconf 86' lang='lat' dir='ltr'><strong>dorsa</strong></span> <span class='ocrx_word' id='word_1_840' title='bbox 2555 5711 2773 5762; x_wconf 86' lang='lat' dir='ltr'><strong>nostra.</strong></span> <span class='ocrx_word' id='word_1_841' title='bbox 2809 5707 3138 5778; x_wconf 86' lang='lat' dir='ltr'><strong>lmposuisti</strong></span> <span class='ocrx_word' id='word_1_842' title='bbox 3161 5710 3428 5772; x_wconf 88' lang='lat' dir='ltr'><strong>homines</strong></span> <span class='ocrx_word' id='word_1_843' title='bbox 3449 5733 3624 5790; x_wconf 87' lang='lat' dir='ltr'><strong>super</strong></span> 
     </span>
    </p>
   </div>
   <div class='ocr_carea' id='block_1_117' title="bbox 3291 21 3836 34">
    <p class='ocr_par' dir='ltr' id='par_1_117' title="bbox 3291 21 3836 34">
     <span class='ocr_line' id='line_1_117' title="bbox 3291 21 3836 34; baseline 0.011 -6"><span class='ocrx_word' id='word_1_844' title='bbox 3291 23 3302 28; x_wconf 89' lang='grc'><strong>.-</strong></span> <span class='ocrx_word' id='word_1_845' title='bbox 3309 21 3360 28; x_wconf 67' lang='grc' dir='ltr'><strong>..π-ι.</strong></span> <span class='ocrx_word' id='word_1_846' title='bbox 3431 23 3478 30; x_wconf 90' lang='lat'><strong>—....</strong></span> <span class='ocrx_word' id='word_1_847' title='bbox 3487 23 3540 32; x_wconf 69' lang='grc' dir='ltr'><strong>..ι-.-</strong></span> <span class='ocrx_word' id='word_1_848' title='bbox 3593 23 3794 34; x_wconf 57' lang='grc' dir='ltr'><strong>ιιι-...στερν-</strong></span> <span class='ocrx_word' id='word_1_849' title='bbox 3809 25 3836 28; x_wconf 92' lang='grc'><strong>---</strong></span> 
     </span>
    </p>
   </div>
  </div>
