4048 6202
447 259 600 320 1187

1791 256 2072 320 MENSIS
2117 260 2497 323 OCTOBER.

3687 266 3817 328 1188

443 426 631 499 capita
660 429 863 482 nostra
907 424 946 458 "
995 442 1023 473 ››
1061 423 1262 480 Restat
1299 437 1430 492 ergo
1474 424 1539 477 ut
1581 424 1948 478 transeamus
1988 437 2086 492 per

2204 444 2331 485 πους
2371 422 2457 479 ἐπὶ
2489 425 2586 486 τὰς
2617 423 2860 504 κεφαλὰς
2887 423 3073 498 ἡμων.
3107 424 3362 499 Λείψεται
3392 424 3484 481 οὖν
3522 425 3584 479 τὸ
3615 421 3815 481 διελθεῖν

443 518 636 589 ignem
685 525 739 571 et
795 529 1034 586 aquam,
1069 518 1132 568 ut
1179 528 1286 568 nos
1333 512 1549 568 educas
1590 511 1648 567 in
1699 510 2085 581 refrigerium.

445 606 717 662 Precibus
749 610 940 660 autem
971 603 1173 671 finitis,
1207 600 1385 658 veluti
1416 617 1614 657 secum
1655 600 1929 672 loquens,
1961 618 2088 658 ma-

445 712 600 768 gnus
623 695 772 751 dixit
795 693 1087 749 Artemius
1116 691 1391 757 :Artemi,
1425 706 1556 747 ecce
1577 690 1790 746 Christi
1815 690 2092 762 stigmata

444 787 505 840 in
528 791 626 840 tuo
646 799 882 854 corpore
905 785 1041 838 sunt
1063 781 1393 852 insculpta:
1429 786 1657 851 oportet
1686 781 1881 852 itaque
1910 784 1966 836 te
1988 796 2088 850 pro

444 874 544 929 illo
563 874 748 944 ipsam
765 887 994 943 quoque
1012 870 1360 940 profundere
1379 869 1658 924 animam.
1681 872 1746 924 Et
1775 868 2085 939 adjiciens:

444 964 563 1032 Ago
594 961 700 1016 tibi
732 960 972 1032 gratias,
1017 959 1281 1025 Domine,
1315 958 1562 1022 dicebat,
1613 957 1768 1028 quod
1809 957 1914 1013 tibi
1964 957 2090 1028 pla-

445 1052 650 1118 cuerit,
684 1055 746 1104 ut
775 1066 880 1123 ego
913 1048 1292 1120 glorificarer,
1324 1047 1615 1118 susceptis
1639 1064 1742 1119 pro
1772 1051 1826 1101 te
1857 1062 2091 1118 perpes-

446 1140 735 1203 sionibus,
780 1144 838 1194 et
894 1154 982 1194 me
1012 1140 1419 1194 connumerari
1462 1138 1522 1192 in
1563 1136 1805 1192 chorum
1856 1140 2089 1191 tuorum

448 1235 804 1288 sanctorum.
865 1229 999 1292 Sed,
1046 1245 1077 1283 o
1127 1226 1372 1296 benigne
1429 1226 1695 1292 Domine,
1749 1241 2092 1281 consumma

444 1333 686 1376 cursum
717 1333 910 1372 meum
946 1317 1005 1370 in
1039 1321 1142 1370 tua
1165 1315 1550 1382 confessione,
1571 1319 1714 1369 etne
1745 1329 1838 1368 me
1869 1313 2092 1383 iudices

447 1410 555 1465 hoc
586 1412 771 1480 empto
805 1407 1135 1477 indignum.
1168 1405 1281 1474 Ego
1331 1404 1488 1459 enim
1523 1420 1614 1458 me
1655 1407 1838 1458 totum
1873 1402 2090 1458 contuli

443 1498 515 1554 ad
545 1502 678 1552 tuas
709 1494 1125 1551 miserationes.
1175 1493 1306 1548 Haec
1337 1508 1466 1548 cum
1498 1491 1654 1563 apud
1685 1507 1746 1547 se
1776 1495 1927 1546 esset
1957 1506 2089 1562 pre-

445 1591 632 1654 catus,
665 1585 818 1640 venit
845 1583 904 1638 in
937 1582 1266 1638 custodiam
1298 1597 1431 1636 cum
1481 1580 1702 1636 sanctis
1743 1580 2092 1651 martyribus

441 1673 699 1746 Eugenio
722 1682 775 1728 et
807 1673 1080 1740 Macario,
1107 1676 1163 1726 ct
1193 1671 1511 1726 traduntur
1539 1668 1767 1725 custodi
1806 1669 2089 1724 carceris:

2194 515 2344 585 ἡμᾶς
2377 510 2466 567 διὰ
2508 515 2680 588 πυρός
2726 535 2789 570 τε
2839 515 2926 568 καὶ
2977 512 3193 581 ὕδατος,
3244 514 3389 576 ὅπως
3435 514 3514 575 εἰς
3560 513 3818 590 ἀναψυχήν

2194 599 2455 677 έξαγάγης
2484 606 2655 676 ἡμᾶς.
2704 604 2802 660 Καὶ
2849 611 2949 671 τῆς
2998 605 3175 678 εὐχῆς
3223 602 3634 679 πληρωθείσης,
3665 604 3818 678 ὥσπερ

2196 689 2583 768 διαλεγόμενος
2646 694 2821 765 ἐαυτῷ
2878 691 2979 770 ἔφη
3042 694 3070 747 6
3115 693 3278 766 μέγας
3353 690 3663 765 Ἀρτέμιος.
3719 694 3822 767 Ἀρο

2195 782 2368 853 τέμιε,
2428 780 2545 837 ἰδοὺ
2599 783 2665 838 τὰ
2713 782 2982 858 στίγματα
3036 787 3133 837 τοῦ
3190 785 3424 856 Χριστοῦ
3493 786 3575 852 τῷ
3633 787 3818 852 σῶματί

2197 889 2290 922 σου
2341 871 2698 944 κεχάρακται,
2751 867 2834 924 δεῖ
2889 869 2980 925 οὖν
3026 870 3116 925 καὶ
3164 871 3334 938 αὐτὴν
3391 870 3650 944 προέσθαι
3710 870 3819 946 ὑπὲρ

2195 957 2359 1013 αὐτοῦ
2423 961 2524 1028 τὴν
2602 961 2808 1034 ψυχὴν,
2875 959 2963 1014 καὶ
3030 960 3304 1033 προσθεὶς,
3346 960 3678 1036 Εὐχαριστῶ
3732 980 3819 1027 σοι,

2196 1047 2382 1121 Κύριε,
2444 1043 2648 1124 ἔλεγεν,
2699 1048 2779 1104 ὅτι
2820 1054 2936 1110 τοῖς
2988 1049 3121 1122 ὑπὲρ
3168 1053 3265 1103 τοῦ
3318 1048 3385 1120 μὶ
3430 1049 3625 1111 πάθεσι
3680 1043 3821 1116 δοξα-

2196 1138 2388 1206 σθῆναι
2428 1136 2745 1208 εὐδόκησας,
2778 1137 2868 1192 καὶ
2898 1143 2976 1210 τῷ
3027 1142 3183 1212 χορῷ
3214 1141 3321 1191 τῶν
3368 1135 3536 1209 ἁγίων
3585 1157 3680 1190 σου
3727 1157 3824 1189 συν-

2197 1227 2533 1300 ηρίθμησας,
2601 1225 2768 1298 ἀλλὰ,
2829 1225 3183 1302 φιλάνθρωπε
3230 1226 3500 1292 Δέσποτα,
3560 1222 3822 1278 τελείωσόν

2201 1339 2306 1390 μου
2336 1317 2428 1371 τὸν
2460 1313 2665 1390 δρόμον
2709 1316 2758 1371 έν
2791 1319 2858 1389 τῇ
2891 1315 3163 1388 ὁμολογίᾳ
3213 1335 3327 1380 σου,
3371 1314 3460 1368 καὶ
3509 1315 3589 1386 μὴ
3641 1312 3821 1384 ἀνάξίὸν

2201 1427 2266 1480 με
2306 1405 2490 1480 κρίνῃς
2533 1405 2630 1460 τοῦ
2685 1403 3112 1480 ἐγχειρήματος.
3166 1405 3261 1458 Καὶ
3313 1407 3480 1457 ταῦτα
3533 1402 3672 1475 πρὸς
3728 1402 3831 1455 ἐαυ-

2194 1496 2285 1549 τὸν
2315 1495 2623 1567 εὐξάμενος,
2657 1495 2843 1571 φθάνει
2884 1495 2983 1562 τήν
3032 1493 3280 1572 φυλακην
3336 1492 3470 1565 μετά
3521 1496 3632 1546 τῶν
3683 1491 3822 1565 ἁγίων

2200 1585 2489 1659 μαρτύρων
2549 1584 2805 1660 Εὐγενίου
2861 1583 2951 1638 καὶ
3009 1583 3312 1657 Μακαρίου,
3354 1581 3443 1636 καὶ
3505 1586 3588 1652 τῷ
3648 1578 3826 1652 δεσμο-

2197 1673 2562 1748 φύλακιπρὸς
2592 1673 2822 1746 τήρησιν
2877 1667 3288 1744 παραδίδονται.
3341 1668 3445 1724 Καὶ
3478 1667 3659 1729 οὕτως
3712 1670 3822 1734 ἦσαν

448 1769 506 1821 et
534 1765 617 1821 sic
647 1768 812 1820 erant
841 1761 1228 1818 communiter
1265 1762 1445 1815 Deum
1487 1760 1897 1830 glorificantes.
1932 1760 2092 1813 Mane

2204 1766 2358 1836 κοινῇ
2392 1758 2702 1831 δοξάζοντες
2725 1761 2816 1816 τὸν
2850 1761 3001 1816 Θεόν.
3038 1757 3252 1833 Πρωΐας
3285 1755 3343 1813 δέ
3390 1757 3693 1833 γενομένης
3719 1757 3825 1816 τοὺς

450 1858 643 1910 autem
676 1869 805 1908 cum
829 1851 1044 1908 Christi
1075 1855 1360 1922 martyres
1386 1854 1646 1905 curasset
1675 1847 1971 1903 sistendos
1993 1847 2094 1902 foe-

452 1944 714 2014 difragus
743 1941 1033 2006 Julianus,
1063 1949 1117 1996 et
1139 1955 1238 1994 eos
1269 1938 1426 1994 nulla
1456 1940 1728 2010 dignatus
1757 1945 1904 1993 esset
1927 1938 2094 1992 inter-

450 2034 769 2105 rogatione,
795 2031 908 2086 nisi
938 2030 1087 2102 quod
1113 2029 1302 2084 solum
1325 2029 1502 2099 jussit
1525 2043 1798 2098 magnum
1834 2025 2092 2098 separari

447 2123 793 2188 Artemium,
827 2119 936 2173 fert
975 2118 1036 2173 in
1065 2117 1195 2172 illos
1243 2117 1595 2172 sententiam
1636 2116 1843 2170 exsilii.
1878 2115 2094 2170 Emittit

447 2224 546 2263 eos
579 2206 796 2268 Oasim,
827 2205 928 2275 qui
963 2209 1051 2259 est
1090 2205 1371 2275 pestilens
1405 2204 1564 2259 locus
1596 2204 1653 2258 in
1686 2203 1918 2272 Arabia,
1943 2210 2005 2258 ut
2035 2203 2091 2257 in

450 2311 562 2366 quo
593 2294 748 2350 venti
773 2293 1000 2364 spirant
1021 2292 1270 2348 exitiosi.
1305 2293 1465 2349 Unde
1495 2293 1669 2348 etiam
1694 2291 1889 2348 nullus
1909 2308 1978 2346 ex
1999 2291 2091 2359 iis,

451 2384 551 2454 qui
585 2383 724 2438 illuc
757 2383 1092 2448 mittuntur,
1125 2381 1355 2437 duravit
1387 2397 1575 2452 usque
1605 2382 1675 2436 ad
1701 2397 1914 2436 annum
1947 2397 1959 2434 :
1992 2379 2092 2435 sed

451 2472 728 2544 gravibus
749 2471 968 2527 morbis
990 2471 1258 2541 correpti,
1281 2487 1483 2526 omnes
1507 2475 1747 2542 pereunt
1771 2469 2090 2524 celerrime.

452 2563 597 2616 Cum
654 2561 791 2617 illuc
840 2577 975 2632 ergo
1022 2560 1334 2632 relegasset
1383 2565 1617 2616 sanctos
1674 2559 1990 2630 Eugenium
2039 2566 2096 2613 et

448 2651 760 2706 Macarium
798 2656 1098 2720 tyrannus,
1133 2650 1209 2704 ibi
1241 2649 1414 2705 etiam
1442 2650 1622 2720 jussit
1651 2665 1852 2705 eorum
1893 2665 2095 2718 ampu-

447 2739 558 2794 tari
583 2739 794 2811 capita.
824 2739 1026 2811 itaque
1051 2745 1180 2810 post
1195 2738 1549 2808 aliquotdies
1572 2736 1846 2793 vicesimo
1864 2736 2093 2792 Decem-

447 2827 570 2884 bris
603 2833 950 2899 acceperunt
983 2829 1215 2884 beatum
1252 2828 1450 2882 ﬁnem.
1483 2829 1603 2892 Quo
1630 2828 1690 2882 in
1720 2827 1845 2881 loco
1878 2825 2092 2880 factum

447 2921 536 2973 est
566 2919 939 2984 miraculum,
973 2917 1217 2987 dignum
1251 2918 1403 2987 quod
1441 2917 1747 2971 mandetur
1778 2914 2092 2970 memoriae.

450 3007 594 3060 Nam
626 3022 758 3060 cum
791 3005 986 3076 inopia
1011 3021 1178 3076 aqum
1208 3007 1494 3060 laboraret
1522 3003 1706 3069 locus,
1737 3003 1864 3056 fons
1896 3006 2092 3056 scatu-

455 3094 574 3156 riit,
606 3108 817 3146 curans
849 3109 1080 3146 omnem
1119 3094 1386 3146 morbum
1432 3096 1488 3146 et
1527 3092 1951 3161 aegritudinem.
1985 3090 2091 3154 Qui

453 3183 628 3237 etiam
663 3184 856 3235 manet
887 3196 1074 3251 usque
1105 3182 1159 3235 in
1185 3179 1531 3235 hodiernum
1568 3180 1744 3234 diem.

525 3453 694 3510 XXV.
721 3454 1045 3524 Imperator
1069 3459 1284 3521 autem,
1300 3451 1495 3510 divino
1514 3453 1791 3509 accersito
1813 3459 2093 3524 martyre:

456 3545 602 3606 Tua.
634 3542 845 3614 inquit,
868 3541 1163 3599 temerilas
1188 3557 1279 3596 me
1296 3543 1588 3613 coegitvel
1614 3541 1855 3598 invitum
1886 3543 2095 3613 probro

462 3635 694 3691 afﬁcere
725 3638 890 3688 tuum
913 3648 1117 3703 genus,
1150 3637 1207 3688 et
1226 3637 1323 3686 tuo
1342 3631 1635 3702 splendori
1666 3632 1900 3687 inurere
1928 3631 2096 3702 igno-

466 3723 800 3792 miniam,et
828 3721 985 3793 ipsas
1016 3725 1142 3776 tuas
1171 3736 1375 3776 carnes
1395 3721 1697 3792 attingere.
1731 3719 1840 3776 Sed
1869 3720 1917 3775 si
1952 3719 2094 3774 mihi

455 3827 672 3867 morem
704 3826 888 3880 geras,
915 3825 946 3862 o
970 3807 1208 3876 Artemi,
1234 3813 1290 3863 et
1320 3809 1601 3863 accedens
1619 3807 1962 3863 sacriﬁcaris
1985 3806 2096 3861 diis

454 3899 906 3965 immortalibus,
940 3903 996 3953 et
1057 3898 1305 3952 maxime
1343 3897 1634 3967 Daphnzso
1671 3896 1944 3967 Apollini,
1977 3913 2092 3953 non

454 3989 646 4045 solum
679 3987 1004 4058 expiaberis
1035 4004 1068 4041 a
1099 3987 1252 4042 caede
1283 3985 1478 4041 fratris
1510 3986 1644 4050 mei,
1677 3986 1778 4040 sed
1812 3987 2092 4054 majorem

455 4093 658 4132 rursus
689 4075 939 4147 accipies
978 4074 1321 4145 dignitatem
1355 4077 1412 4128 et
1452 4074 1639 4145 magis
1670 4073 2046 4128 honoriﬁcam
2079 4091 2091 4128 :

452 4175 506 4222 et
535 4170 590 4221 te
611 4166 960 4220 constituam
986 4164 1323 4234 praefectum
1345 4163 1632 4233 praetorio,
1665 4167 1836 4233 teque
1860 4179 2096 4234 magno-

451 4271 582 4310 rum
615 4255 856 4309 dcorum
891 4253 1098 4307 creabo
1150 4251 1507 4324 pontificem,
1539 4256 1598 4306 et
1656 4251 1959 4322 appellabo
1993 4269 2094 4322 pa-

450 4349 622 4409 trem,
655 4347 711 4398 et
739 4342 965 4398 tenebis
997 4342 1322 4397 secundum
1359 4341 1547 4396 locum
1596 4341 1652 4396 in
1679 4357 1805 4396 meo
1827 4342 2092 4413 imperio,

451 4437 508 4487 et
537 4431 652 4487 eris
682 4431 984 4486 nobiscum
1017 4434 1138 4485 toto
1169 4431 1298 4486 vitae
1323 4433 1432 4484 tum
1468 4437 1744 4500 tempore,
1782 4431 1978 4485 fruens
2021 4432 2097 4485 fe-

2204 1855 2300 1906 τοῦ
2348 1854 2586 1923 Χριστοῦ
2647 1851 2923 1924 μάρτυρας
2971 1850 2998 1903 6
3057 1843 3370 1922 παραϐάτης
3428 1845 3826 1922 παραστησάμε-

2204 1961 2316 2008 νος,
2398 1939 2488 1994 καὶ
2578 1937 2849 2013 μηδεμιᾶς
2926 1937 3121 2000 αὐτοὺς
3199 1937 3522 2012 ἐρωτήσεως
3603 1935 3827 2004 ἀξιώσας,

2202 2027 2238 2098 ἦ
2276 2029 2442 2100 μόνον
2475 2030 2566 2083 τὸν
2635 2049 2797 2101 μιγαν
2848 2026 3131 2101 Ἀρτέμιον
3183 2024 3524 2100 διαιρεθῆναι
3577 2024 3824 2090 κελεῦσας,

2204 2119 2411 2192 ἔξορίαν
2459 2119 2674 2174 ἐκείνων
2731 2119 3186 2195 καταψηφίζεται,
3245 2117 3336 2172 καί
3391 2117 3600 2186 πέμπεί
3660 2113 3826 2173 αὐτοὺς

2203 2208 2254 2263 ἐν
2303 2210 2463 2265 Οάσει
2519 2215 2618 2277 τῆς
2677 2203 2955 2282 Ἀραϐίας,
3023 2210 3246 2279 νοσεροῦ
3310 2206 3690 2281 τυγχάνοντος
3748 2207 3825 2257 τοῦ

2204 2298 2416 2372 χωρίου
2449 2298 2542 2353 ἅτε
2590 2295 2656 2364 δή
2701 2297 2788 2351 καὶ
2841 2299 2942 2351 ὑπὸ
3001 2299 3348 2374 φθοροποιῶν
3409 2295 3631 2369 ἀνέμων
3688 2313 3827 2347 κατα·

2204 2389 2526 2459 πνεομένου,
2568 2387 2688 2441 ὅθεν
2747 2384 2933 2450 οὐδείς
2979 2407 3112 2441 ποτε
3158 2390 3264 2440 τῶν
3315 2384 3485 2440 ἐκεῖσε
3541 2381 3826 2455 διαπεμπο-

2208 2475 2379 2548 μένων
2412 2475 2542 2550 ἄχρι
2577 2475 2666 2529 καὶ
2717 2475 2791 2535 είς
2843 2473 3085 2528 ἐνιαυτὺν
3132 2470 3434 2545 διήρκεσεν,
3485 2469 3638 2526 ἀλλά
3685 2469 3825 2547 χαλε·

2203 2571 2327 2626 ποῖς
2375 2567 2674 2638 νοσήμασιν
2733 2563 3110 2636 ἁλισκόμενοι,
3169 2563 3448 2637 ταχύτατα
3499 2562 3821 2630 θνήσκουσιν·

2206 2654 2315 2710 ἐκεῖ
2343 2655 2520 2710 τοίνυν
2567 2653 2693 2716 τοὺς
2739 2653 2921 2729 ἁγίους
2973 2652 3284 2728 περιορίσας
3333 2653 3360 2706 6
3417 2652 3699 2725 τύραννος,
3743 2650 3825 2703 Εὐ·

2203 2743 2375 2818 γένιον
2443 2744 2534 2796 καὶ
2613 2742 2908 2816 Μακάριον,
2973 2741 3024 2796 ἐν
3093 2741 3231 2814 αὖτῇ
3294 2741 3381 2794 καὶ
3446 2741 3548 2802 τὰς
3617 2737 3826 2817 κεφαλᾶς

2203 2834 2586 2904 ἀποτμηθῆναι
2658 2828 3059 2900 διεκελεύσατο,
3136 2828 3188 2884 οἰῖ
3243 2831 3333 2883 καὶ
3390 2832 3533 2900 μετά
3598 2823 3824 2898 τεσσαρά-

2202 2941 2366 2975 κοντα
2395 2919 2601 2993 ἡμέρας
2643 2921 2776 2974 κατὰ
2825 2920 2922 2987 τὴν
2964 2916 3149 2974 εἰκάδα
3195 2922 3291 2972 τοῦ
3349 2913 3688 2990 Δεκεμϐρίου
3737 2935 3824 2986 μη·

2203 3009 2313 3076 νὸς,
2345 3010 2406 3063 τὸ
2451 3009 2779 3083 μαρτυρικὸν
2826 3005 3065 3079 ἐδέξαντο
3123 3007 3302 3074 τέλος,
3353 3004 3482 3069 ἔνθα
3532 3006 3626 3060 καὶ
3674 3006 3826 3073 Θαῦμα

2213 3099 2433 3171 μνήμης
2481 3097 2626 3168 ἄξιον
2672 3100 2901 3172 γέγονεν·
2954 3095 3185 3171 ἀπορίαν
3251 3097 3350 3170 γὰρ
3417 3093 3621 3158 ὕδατος
3675 3091 3828 3147 δυστυ-

2128 3162 2437 3260 Οχοῦντος
2504 3191 2600 3242 τοῦ
2664 3186 2836 3240 τόπου
2919 3188 3068 3258 πηγή
3139 3182 3385 3254 ἀνεδόθη,
3449 3185 3614 3238 νόσου
3678 3181 3826 3247 πάσης

2207 3275 2295 3329 καὶ
2352 3274 2622 3348 μαλακίας
2675 3275 2915 3349 ἰάσιμος,
2971 3272 2999 3343 ἤ
3049 3275 3139 3329 καὶ
3180 3273 3254 3336 εἷς
3303 3271 3460 3348 δεῦρο
3512 3293 3686 3345 μενει,
3740 3273 3827 3322 τῶν

2208 3365 2379 3441 ἁγίων
2414 3365 2659 3434 σώζουσα
2687 3365 2784 3432 τὴν
2819 3363 3154 3436 ἐπωνυμίαν.

2282 3455 2398 3510 ΚΕ’.
2445 3455 2503 3511 Ὀ
2556 3452 2810 3528 βασιλεὺς
2870 3450 2926 3507 δὲ
2975 3454 3069 3507 τὸν
3123 3457 3262 3516 θεῖον
3314 3451 3565 3525 μάρτυρα
3625 3468 3825 3522 μετακαο

2206 3539 2520 3614 λεσάμενος.
2554 3544 2613 3596 Ἠ
2657 3543 2951 3612 προπέτειά
2990 3562 3107 3613 σου,
3158 3540 3312 3615 φησὶ,
3358 3539 3733 3614 κατηνάγκασέ
3776 3554 3825 3608 με

2205 3629 2293 3683 καὶ
2337 3633 2411 3702 μή
2466 3629 2825 3706 βουλόμενον,
2885 3629 3143 3702 ἀτιμάσαι
3199 3631 3260 3684 τὸ
3308 3627 3461 3702 γένος
3508 3648 3630 3695 σου,
3689 3624 3756 3683 sy;
3781 3642 3825 3676 τε

2202 3720 2301 3787 τήν
2329 3720 2632 3792 προσοῦσάν
2682 3741 2762 3773 σοι
2807 3720 3153 3796 περιφάνειαν
3201 3713 3493 3791 ἐξυϐρίσαι,
3545 3715 3638 3768 καὶ
3670 3711 3821 3767 αὐτῶν

2204 3806 2501 3884 ἐφάψασθαι
2529 3813 2637 3863 τῶν
2669 3812 2878 3880 σαρκῶν
2929 3829 3044 3875 σου,
3089 3806 3212 3861 ἀλλ’
3263 3805 3412 3878 εἴπερ
3466 3805 3693 3874 πεισθῇς
3727 3820 3822 3872 μοι,

2201 3897 2480 3971 Ἀρτέμιε,
2521 3895 2611 3951 καί
2640 3895 2952 3971 προσελθὼν
2985 3897 3162 3960 θύσεις
3191 3899 3307 3954 τοῖς
3358 3891 3644 3951 ἀθανάτοις
3684 3891 3825 3950 Θεοῖς,

2200 3985 2290 4040 καὶ
2362 3986 2597 4059 μάλιστα
2663 3989 2741 4057 τῷ
2809 3985 3057 4062 Δαφναίῳ
3147 3981 3484 4052 ⁸Λπόλλωνι,
3554 3981 3618 4034 οὐ
3690 3979 3826 4050 μόνον

2203 4076 2530 4145 ἀϐωωθῆναι
2585 4082 2687 4144 τῆς
2735 4079 2831 4129 τοῦ
2881 4074 3016 4146 ἐμοῦ
3068 4071 3304 4150 ἀδελφοῦ
3362 4077 3579 4148 σνραγῆς
3629 4065 3826 4141 ἐκγενῆ-

2206 4165 2352 4219 σεταί
2394 4185 2499 4232 σοι,
2540 4163 2686 4219 ἀλλά
2715 4164 2804 4218 καὶ
2852 4165 2951 4233 τήν
3000 4163 3148 4232 ἀξίαν
3184 4160 3404 4234 μείζονα
3452 4159 3543 4213 καὶ
3591 4152 3828 4230 τιμιωτέ-

2205 4274 2298 4328 ραν
2339 4254 2491 4315 αὖθις
2550 4251 2829 4327 ἀναλήψῃ,
2880 4247 3120 4330 ἔπαρχον
3180 4271 3238 4304 τε
3295 4247 3644 4322 πραιτωρίων
3697 4261 3832 4297 κατα-

2207 4344 2389 4412 στήσω
2421 4363 2498 4410 σε,
2529 4343 2620 4396 καὶ
2651 4340 2912 4416 ἀρχιερέα
2950 4346 3056 4395 τῶν
3113 4338 3362 4414 μεγάλων
3411 4339 3544 4391 Θεῶν
3593 4335 3832 4406 τιμήσας,

2205 4432 2410 4506 πατέρα
2440 4431 2569 4504 ἐμὸν
2628 4431 2904 4503 ὀνομάσω,
2956 4431 3044 4485 καὶ
3097 4436 3195 4498 τῆς
3240 4427 3376 4501 ἐμῆς
3431 4424 3710 4501 βασιλείας
3742 4425 3831 4476 τῶν

450 4519 547 4576 1ἰοὶ
581 4524 636 4574 et
666 4535 944 4592 prospero
973 4534 1166 4573 rerum
1217 4523 1394 4574 statu.
1429 4518 1572 4573 Nam
1623 4528 1682 4575 tu
1713 4535 1946 4590 quoque
1979 4520 2092 4574 scis

2207 4519 2520 4593 δευτερείων
2587 4521 2928 4589 καταξιώσω,
2998 4520 3091 4574 Καὶ
3166 4518 3283 4590 μεθ’
3348 4519 3508 4588 ἡμῶν
3589 4511 3682 4586 ἔσῃ
3726 4508 3833 4582 παρ’

453 4610 686 4664 fratrem
723 4624 914 4664 meum
949 4624 1062 4663 non
1086 4611 1239 4663 recte
1260 4608 1539 4677 necjuste
1571 4609 1751 4664 fuisse
1782 4608 2041 4664 occisum
2062 4627 2093 4666 ο

451 4698 830 4756 Constantio:
857 4697 957 4753 sed
988 4696 1182 4768 ipsum
1200 4697 1449 4752 confecit
1479 4697 1724 4766 invidia,
1747 4701 1804 4752 et
1833 4696 2095 4754 omnium

453 4787 755 4845 hominum
780 4784 1269 4857 maximeimpius
1289 4785 1841 4853 Eusebius,etiamsi
1867 4804 1978 4842 non
2003 4803 2096 4842 sa-

453 4879 529 4932 tis
561 4891 866 4948 pmnarum
898 4891 1001 4946 pro
1032 4874 1210 4945 impio
1236 4874 1487 4930 facinore
1525 4873 1634 4930 luit
1657 4875 1743 4929 vir
1773 4874 2096 4932 sceleratis-

454 4966 664 5022 simus.
697 4966 873 5020 Porro
923 4967 1118 5018 autem
1187 4963 1293 5019 hoc
1353 4979 1583 5034 quoque
1631 4963 1766 5031 scis,
1819 4966 1974 5035 quod
2023 4966 2093 5021 ad

453 5065 714 5113 nostrum
763 5070 949 5127 genus
998 5053 1186 5125 magis
1233 5053 1482 5124 pertinet
1537 5055 1871 5126 imperium.
1933 5056 2097 5112 Meus

456 5146 611 5203 enim
675 5149 836 5216 pater
891 5143 1267 5199 Constantius
1318 5151 1488 5199 natus
1538 5143 1648 5198 fuit
1704 5160 1806 5199 avo
1855 5160 1979 5201 meo
2029 5162 2096 5202 ex

458 5233 790 5291 Maximiani
824 5231 944 5288 filia
975 5232 1274 5289 Theodora
1311 5249 1323 5286 :
1363 5233 1785 5289 Constantinus
1808 5239 1998 5290 autem
2031 5252 2100 5290 ex

459 5322 672 5378 Helena
701 5322 799 5378 vili
832 5327 889 5378 et
909 5321 1136 5393 abjecta
1171 5323 1402 5392 femina,
1421 5326 1477 5378 et
1507 5322 1759 5379 obscuro
1787 5321 1912 5380 loco
1944 5329 2098 5392 nata,

458 5407 633 5480 idque
663 5425 798 5464 cum
831 5409 1091 5466 nondum
1117 5414 1343 5466 creatus
1374 5414 1530 5467 esset
1550 5412 1759 5482 Caesar,
1785 5412 1887 5468 sed
1917 5412 2095 5468 vitam

534 5582 554 5617 ‘
587 5580 715 5638 Psal
746 5597 869 5651 cxv,
904 5582 970 5636 10
999 5597 1160 5653 seqq.

2205 4609 2334 4666 ὅλον
2390 4610 2483 4663 τὸν
2541 4617 2641 4679 τῆς
2690 4615 2836 4679 ζωῆς
2891 4630 2987 4664 σου
3041 4609 3266 4682 χρόνον,
3324 4606 3501 4673 πάσης
3559 4600 3830 4658 ἀπολαύων

2205 4699 2517 4773 εὐημερίας·
2555 4697 2715 4762 οἶδας
2763 4701 2866 4774 γὰρ
2913 4698 3003 4753 καὶ
3052 4698 3236 4767 αὐτὸς,
3270 4697 3342 4758 ὠς
3377 4695 3404 4749 6
3437 4694 3570 4768 ἐμὸς
3622 4689 3835 4766 ἀδελφὸς

2206 4792 2269 4846 οὐ
2302 4790 2486 4851 καλῶς
2517 4789 2646 4846 οὐδὲ
2679 4789 2905 4853 δικαίως
2925 4791 3244 4869 πεφόνευται
3276 4787 3420 4860 παρά
3453 4781 3832 4840 Κωνσταντίου.

2206 4879 2352 4936 ἀλλά
2403 4880 2597 4955 φθόνος
2638 4901 2696 4934 τε
2736 4880 2894 4936 αὐτὸν
2954 4879 3366 4954 κατειργάσατο,
3421 4875 3512 4930 καὶ
3562 4875 3591 4928 6
3641 4873 3834 4928 πάντων

2205 4967 2506 5042 ἀνθρώπων
2570 4967 2933 5030 ἀνοσιώτατος
2976 4969 3003 5022 6
3053 4967 3317 5044 εὐνοῦχος
3385 4958 3672 5028 Εὐσέϐιος,
3752 4954 3833 5012 κέν

2207 5056 2306 5111 οὐκ
2371 5057 2635 5130 ἀρκοῦσαν
2709 5055 2910 5132 ὑπέσχε
2981 5054 3141 5126 δέκην
3227 5057 3326 5123 τῆς
3395 5044 3834 5126 ἀνοσιουργίαςὸ

2212 5145 2576 5218 μιαρώτατος,
2609 5147 2766 5210 οἶσθα
2792 5146 2848 5200 δὲ
2877 5148 2967 5200 καὶ
3017 5149 3205 5214 τοῦτο,
3239 5143 3313 5205 ὠς
3361 5145 3429 5216 τῇ
3478 5136 3716 5213 ἡμετέρᾳ
3757 5155 3836 5209 γε-

2206 5238 2298 5303 νεᾷ
2339 5232 2552 5306 μᾶλλον
2585 5235 2618 5303 ἢ
2673 5231 2922 5308 βασιλεία
2973 5235 3259 5308 προσήκειο
3293 5233 3321 5286 6
3351 5231 3453 5306 γάρ
3505 5227 3638 5302 ἐμὸς
3674 5225 3835 5294 πατὴρ

2211 5321 2577 5384 Κωνστάντιος
2647 5322 2706 5379 ἐκ
2761 5331 2860 5394 τῆς
2927 5322 3273 5395 Μαξιμιανοῦ
3328 5318 3591 5395 θυγατρὸς
3640 5309 3837 5371 Θεοδώ-

2212 5431 2305 5487 ρας
2347 5413 2666 5487 γεγέννηται
2721 5416 2800 5485 τῷ
2867 5410 2984 5485 ἐμῷ
3039 5411 3246 5483 πάππῳ
3316 5403 3731 5494 Κώνσταντικὸ
3791 5395 3839 5452 δέ
