4012 6220
211 306 369 368 1189

1420 307 1900 370 MARTYRIUM
1947 309 2011 369 S.
2057 307 2404 371 ARTEMII.

3464 308 3620 370 1190

207 469 618 528 Κωνσταντῖνος
691 465 742 538 ἐξ
791 464 1013 533 Ἑλένης
1064 465 1276 544 φαύλης
1322 467 1469 527 τινὸς
1498 465 1748 540 γυναικὸς
1775 464 1861 520 καί

1974 466 2165 523 adhuc
2195 471 2392 539 ageret
2423 468 2727 538 privatam.
2776 469 3197 526 Constantinus
3230 486 3311 540 se,
3344 469 3494 525 sicut
3516 485 3618 541 pa-

206 555 448 629 ἀσημου,
510 556 601 610 καὶ
661 560 827 611 ταῦτα
887 557 1055 627 μήπω
1119 554 1361 630 γεγονότι
1422 554 1668 630 Καίσαρι,
1718 553 1864 610 ἀλλᾶ

206 645 296 700 καὶ
363 645 511 714 αὖτῷ
571 643 647 700 ἔτι
705 644 798 698 τὸν
860 641 1082 714 ἰδιώτην
1136 642 1352 699 ἕλκοντι
1409 644 1552 718 βίον.
1583 645 1642 700 Ὀ
1679 644 1859 698 τοίνυν

207 736 588 794 Κωσταντῖνος
648 732 942 807 θρασύτητι
998 735 1226 806 γνώμης
1278 734 1378 801 τὴν
1440 731 1718 807 βασιλείαν
1763 734 1862 807 ἆρ-

207 823 408 892 πασας,
466 822 561 877 τόν
610 843 669 877 τε
718 821 922 896 πατέρα
976 823 1067 877 τὸν
1119 821 1271 894 ἰμὸν,
1339 823 1426 875 καὶ
1497 819 1629 882 τοὺς
1695 820 1860 875 αὐτοῦ

206 908 477 990 ἀδελφοὺς
535 907 735 972 ἂδίκως
796 910 1094 979 ἀπέκτεινε,
1145 910 1234 964 καὶ
1295 910 1322 964 ὁ
1377 909 1575 964 τούτου
1635 907 1692 964 δὲ
1743 912 1859 972 υἷος

209 1003 602 1068 Κωνστάντιος,
659 1001 724 1054 τὰ
784 999 950 1073 ὅμοια
1004 1005 1082 1072 τῷ
1133 1000 1481 1075 γεγεννηκότι
1531 1004 1728 1066 ποιῶν,
1767 1001 1858 1054 τὸν

208 1089 338 1162 ἐμὸν
378 1087 610 1164 ἀδελφὸν
677 1088 887 1144 Γάλλον
943 1088 1261 1167 πεφόνευκε,
1320 1089 1410 1143 καὶ
1458 1092 1625 1144 ταῦτα
1665 1087 1860 1163 ὅρκους

209 1180 361 1250 αὖτῷ
417 1177 708 1256 φρικώδεις
774 1177 849 1239 εἰς
919 1177 1213 1256 ἀσφάλειαν
1286 1177 1731 1252 παρασχόμενος,
1795 1178 1860 1232 οὐ

213 1270 317 1340 μὴν
359 1265 437 1334 δὲ,
471 1266 615 1323 ἀλλᾶ
662 1266 750 1321 καὶ
783 1269 932 1340 ἡμᾶς
975 1267 1192 1338 αὐτοὺς,
1234 1267 1279 1322 εἰ
1330 1268 1410 1339 μὴ
1464 1269 1599 1321 θεῶν
1632 1266 1862 1341 προνοίᾳ

209 1357 640 1431 περιεσώθημεν,
690 1355 834 1411 οὓτω
912 1353 1155 1426 διέθηκεν
1216 1356 1299 1411 ἄν.
1376 1354 1536 1412 Ἀλλ’
1590 1356 1747 1410 αὐτοί
1803 1376 1863 1411 τε

211 1443 568 1512 διεκώλυσαν,
608 1443 698 1499 καὶ
737 1446 872 1516 ἡμῖν
915 1443 1136 1518 αὑτοψεῖ
1185 1445 1285 1513 τὴν
1334 1443 1606 1517 σωτηρίαν
1649 1465 1862 1518 ’ττρομε⁶

210 1535 532 1609 μηνύκασιν.
589 1537 709 1612 Ἐφ’
769 1537 850 1597 οἷς
912 1533 1017 1611 ἐγὼ
1064 1535 1154 1589 καὶ
1212 1535 1562 1612 τεθαρρηκὼς
1618 1536 1708 1590 τὸν
1773 1537 2192 1610 Χριστιανισμὸν
2253 1537 2672 1612 ἐξομοσάμενος,
2733 1539 2869 1615 πρὸς
2950 1540 3012 1594 τὸ

1975 560 2082 624 ter,
2115 572 2342 628 gerens,
2383 557 2619 612 fratrem
2671 574 2861 614 meum
2898 557 3128 615 Gallum
3163 559 3408 614 occidit:
3438 559 3614 630 idque

1970 662 2103 701 cum
2137 645 2400 700 horribili
2424 646 2808 718 jurejurando
2838 647 2889 702 ei
2915 648 3182 703 cavisset.
3219 647 3392 703 Porro
3423 653 3616 703 autem

1971 751 2078 791 nos
2125 751 2358 807 quoque
2389 735 2545 807 ipsos
2592 736 2674 792 ita
2703 737 3007 804 affecisset,
3057 738 3168 791 nisi
3205 737 3424 792 servari
3454 753 3614 794 esse-

1972 841 2101 880 mus
2145 825 2381 880 deorum
2430 826 2812 896 providentia.
2865 827 2976 882 Sed
3011 826 3120 897 ipsi
3171 827 3617 896 prohibuerunt,

1971 913 2138 969 nobis
2159 919 2290 968 ante
2312 913 2511 971 oculos
2532 916 2909 970 ostendentes
2931 915 3199 982 salutem,
3226 932 3352 987 quae
3377 917 3447 970 ab
3471 915 3616 986 ipsis

1972 1003 2378 1076 proﬁciscitur.
2413 1003 2631 1068 Quibus
2663 1021 2766 1076 ego
2799 1005 2996 1071 fretus,
3027 1005 3296 1074 abjurato
3329 1004 3618 1060 Christia—

1973 1093 2181 1159 nismo,
2214 1091 2502 1148 declinavi
2531 1094 2602 1148 ad
2637 1095 2964 1149 Graecorum
3007 1094 3348 1166 religionem
3378 1111 3390 1148 :
3427 1101 3487 1149 ut
3516 1094 3617 1165 qui

1973 1180 2118 1235 bene
2151 1179 2352 1247 sciam,
2384 1182 2533 1252 quod
2587 1181 2915 1237 Graecorum
2965 1187 3022 1236 et
3072 1181 3468 1237 Romanorum
3501 1183 3619 1237 vita

1970 1269 2398 1340 antiquissima,
2436 1269 2602 1325 bonis
2632 1274 2798 1325 utens
2832 1270 3094 1326 moribus
3116 1275 3173 1325 et
3202 1271 3452 1342 legibus,
3478 1271 3617 1327 deos

1970 1357 2246 1430 appellat,
2281 1360 2380 1430 qui
2411 1375 2477 1415 ex
2512 1375 2707 1414 rerum
2735 1360 2998 1431 ipsarum
3027 1359 3265 1417 veritate
3297 1360 3409 1415 sibi
3444 1360 3618 1416 ﬁdem

1973 1447 2210 1503 faciunt.

3098 1538 3424 1610 Ἑλληνικὸν
3512 1539 3620 1594 ἀπ-

207 1624 391 1681 έκλινα
448 1621 630 1692 σέϐας,
675 1623 730 1680 εὖ
800 1623 982 1695 εἰδὼς,
1015 1624 1089 1686 ώς
1122 1625 1150 1679 ὁ
1200 1629 1307 1678 τῶν
1366 1623 1645 1695 Ἑλλήνων
1703 1625 1792 1679 καὶ
1851 1626 2134 1700 Ῥωμαίων
2190 1627 2557 1702 ἀρχαιότατος
2617 1627 2759 1704 βίος,
2802 1627 2995 1689 καλοῖς
3044 1624 3184 1692 ἔθεσι
3253 1628 3341 1683 καὶ
3427 1629 3619 1702 νόμοις

206 1718 578 1793 χρησάμενος,
614 1715 766 1778 Θεοῦς
791 1714 1207 1792 προσαγορεύει,
1232 1715 1359 1777 τοὺς
1388 1715 1451 1770 τὸ
1481 1716 1672 1770 πιστὸν
1705 1713 1811 1770 ἀπό
1841 1722 1940 1785 τῆς
1979 1718 2086 1771 τῶν
2110 1719 2447 1795 πραγμάτιον
2494 1713 2721 1794 ἔχοντας
2751 1717 3032 1790 ἀληθείας.

279 1864 391 1925 Κςῖ
450 1862 543 1924 Τίς
602 1863 708 1940 γὰρ
775 1864 875 1932 τὴν
959 1865 1189 1936 γνώμην
1273 1857 1605 1940 ἀμφίϐολος,
1689 1859 1855 1932 ἣλιον

2036 1865 2228 1922 XXVI.
2264 1867 2401 1933 Quis
2439 1868 2595 1924 enim
2630 1868 2808 1924 animi
2848 1869 3020 1924 fuerit
3051 1868 3296 1936 dubius,
3329 1869 3422 1940 qui
3452 1869 3615 1924 vide-

214 1953 434 2027 βλέπων
502 1952 719 2025 οὐρανῷ
794 1948 1168 2019 διιππεύοντα,
1228 1950 1417 2021 ἐπίσης
1475 1948 1532 2006 δὲ
1605 1952 1695 2006 καὶ
1771 1971 1860 2006 σε-

210 2039 386 2112 λήνην
445 2040 530 2118 ἐφ’
584 2039 828 2113 ἅρματος
879 2040 1294 2118 χρυσαντύγους
1355 2040 1415 2098 Ὀ
1476 2041 1569 2114 μὲν
1626 2060 1728 2115 γαρ
1758 2041 1857 2109 τὴν

209 2132 420 2205 ἡμέραν
470 2131 690 2206 φαεινήν
753 2130 1133 2204 ἀπεργάζεται,
1193 2129 1282 2183 καὶ
1339 2128 1468 2190 τοὺς
1542 2128 1860 2203 ἀνθρώπους

210 2219 286 2280 εἰς
345 2214 470 2294 ἔργα
525 2215 790 2288 διανιστᾷ,
840 2221 874 2287 ἡ
945 2215 1002 2273 δὲ
1055 2220 1154 2288 τὴν
1215 2218 1382 2272 νύκτα
1442 2215 1856 2292 λαμπαδουχεῖ,

210 2308 548 2386 ἆγρυπνοῦσί
595 2330 656 2364 τε
711 2310 801 2364 καὶ
861 2305 1196 2383 ὁδοποροῦσι
1255 2307 1400 2364 πολύ
1444 2330 1496 2362 τι
1553 2309 1682 2380 παρ’
1734 2308 1860 2363 sxu-

207 2405 323 2462 τοῖς
373 2399 638 2474 παρέσχει
694 2401 756 2454 τὸ
825 2401 1128 2474 χρήσιμον.
1187 2404 1366 2454 Ταῦτα
1435 2397 1711 2468 ’Έλληνες
1768 2397 1858 2452 καὶ

207 2489 476 2560 Ῥωμαῖοι
525 2489 798 2557 Θειάζουσί
845 2509 902 2542 τε
949 2489 1037 2542 καὶ
1087 2483 1326 2557 σέϐουσι,
1357 2488 1447 2542 καὶ
1505 2487 1651 2559 αὐτῷ
1691 2487 1858 2561 ἀνήρ.

205 2599 375 2648 τησαν
402 2577 496 2640 τὰς
529 2575 774 2647 ἐλπίδας,
808 2579 898 2633 τὸν
949 2578 1041 2650 μὲν
1075 2577 1292 2648 Ἥλιον,
1323 2575 1648 2634 Ἀπόλλωνα
1687 2595 1859 2650 προσο

207 2668 622 2743 αγορεύσαντες,
671 2669 770 2735 τήν
828 2666 1078 2736 Σελήνην
1152 2663 1210 2720 δὲ
1267 2668 1544 2741 νΛρτεμιν,
1603 2663 1858 2726 καὶτοὺς

214 2755 497 2832 μεγίστους
550 2761 658 2810 τῶν
719 2756 979 2829 ἀστέρων,
1031 2755 1122 2818 οὕς
1184 2755 1272 2810 καὶ
1320 2755 1599 2824 πλάνητας
1653 2755 1859 2810 ἀποκα-

211 2844 367 2900 λοῦσι
424 2844 548 2906 τοὺς
613 2846 707 2906 τὰς
764 2846 897 2900 ἑπτά
947 2845 1116 2914 ζώνας
1170 2845 1264 2906 τὰς
1311 2843 1592 2918 οὐρανίους
1638 2843 1864 2918 ἐπέχον-

209 2957 328 3002 τας,
360 2936 419 2990 ὅν
485 2935 579 3008 μὶν
628 2935 852 3007 Κρόνον,
906 2932 963 2988 ὅν
998 2931 1054 2988 δέ
1113 2934 1227 3005 Δία,
1271 2933 1327 2988 ὅν
1362 2931 1418 2988 δὲ
1448 2934 1678 3007 Ἑρμῆν,
1713 2932 1770 2986 ὅν
1806 2930 1862 2987 δὲ

211 3027 400 3098 Ἄρεα,
450 3025 508 3079 δν
565 3022 621 3079 δέ
680 3021 1004 3100 Ἀφροδίτην
1057 3022 1506 3095 ἐαονομάζουσιν.
1551 3023 1716 3080 Οὗτοι
1756 3024 1857 3098 γὰρ

207 3116 301 3171 τόν
355 3135 412 3168 τε
459 3113 664 3185 κόσμον
725 3115 933 3169 ἅπαντα
987 3112 1278 3180 διοικοῦσι,
1348 3113 1434 3168 καὶ
1498 3117 1615 3174 ταῖς
1686 3110 1857 3166 αὐτῶν

1971 1953 2046 2009 rit
2085 1955 2265 2010 solem
2296 1955 2355 2012 in
2388 1955 2532 2012 coelo
2587 1957 2973 2029 equitantem,
3016 1957 3287 2013 similiter
3334 1962 3530 2013 autem
3562 1962 3620 2013 et

1968 2043 2191 2114 lunam,
2215 2061 2339 2116 qum
2361 2047 2594 2103 vehitur
2623 2062 2796 2103 curru
2821 2051 3026 2103 aurato
3047 2049 3074 2102 ?
3093 2046 3238 2103 Nam
3265 2046 3361 2103 ille
3382 2048 3614 2119 quidem

1973 2131 2125 2187 diem
2156 2133 2334 2189 efficit
2357 2133 2642 2204 lucidum,
2675 2141 2732 2191 et
2762 2135 3032 2192 homines
3062 2137 3276 2192 excitat
3303 2137 3374 2191 ad
3407 2151 3616 2208 opera:

1972 2221 2091 2277 bmc
2121 2226 2318 2279 autem
2368 2223 2525 2280 nocti
2559 2225 2790 2297 praefert
2833 2226 3004 2293 faces,
3037 2225 3532 2297 vigilantibusque
3563 2229 3620 2281 et

1971 2310 2082 2366 iter
2122 2311 2471 2370 facientibus
2509 2329 2577 2369 ex
2621 2330 2680 2370 se
2713 2329 2989 2387 magnam
3032 2315 3248 2384 praebet
3280 2314 3614 2370 utilitatem.

1971 2399 2049 2454 Ea
2077 2400 2256 2457 Graeci
2289 2407 2345 2458 et
2381 2403 2632 2459 Romani
2660 2405 2719 2459 in
2751 2405 2890 2460 deos
2923 2404 3202 2469 referunt,
3234 2409 3291 2458 et
3321 2404 3541 2472 colunt,
3563 2411 3618 2460 et

1970 2505 2134 2560 spem
2167 2489 2224 2544 in
2253 2490 2398 2561 ipsis
2428 2491 2809 2558 collocarunt,
2839 2492 3022 2547 solem
3052 2491 3288 2562 quidem
3311 2491 3618 2564 appellan-

1971 2583 2059 2634 tes
2091 2577 2442 2647 Apollinem,
2465 2578 2666 2634 lunam
2689 2596 2820 2635 vero
2838 2580 3104 2635 Dianam.
3129 2580 3239 2636 Sed
3267 2585 3322 2635 et
3342 2595 3410 2635 ex
3431 2582 3617 2637 stellis

1973 2667 2274 2733 maximas,
2301 2670 2563 2740 planetas
2586 2667 2850 2724 videlicet
2871 2667 3212 2740 appellatas,
3244 2684 3346 2739 pro
3379 2669 3490 2724 diis
3515 2669 3615 2726 ha-

1973 2757 2132 2824 bent,
2165 2772 2290 2827 quae
2325 2756 2577 2828 reliquas
2595 2756 2853 2829 quinque
2887 2774 3062 2812 zonas
3094 2756 3354 2812 ccelestes
3390 2763 3612 2813 tenent:

1971 2848 2028 2900 et
2049 2843 2224 2900 aliam
2248 2845 2484 2916 quidem
2506 2843 3027 2912 Salurnum,aliam
3049 2845 3268 2910 Jovem,
3286 2845 3455 2900 aliam
3474 2845 3621 2900 Mer-

1976 2932 2228 3001 curium,
2261 2933 2434 2990 aliam
2466 2937 2726 3004 Martem,
2760 2933 2936 2990 aliam
2969 2939 3162 2990 autem
3195 2935 3474 2991 Venerem
3511 2953 3615 2992 no-

1972 3021 2214 3078 minant.
2231 3023 2320 3078 Eae
2344 3023 2499 3079 enim
2520 3025 2805 3080 mundum
2824 3025 3160 3080 universum
3181 3024 3616 3090 administrant,

1971 3116 2028 3168 et
2059 3129 2260 3169 earum
2285 3115 2594 3170 virtutibus
2623 3114 2846 3186 regitur
2876 3115 3149 3170 universa
3170 3119 3340 3178 terra,
3366 3131 3490 3184 quae
3529 3119 3619 3171 est

211 3203 502 3275 δυνάμεσιν
552 3204 587 3271 ἡ
641 3203 726 3256 ὑπ’
784 3202 1012 3276 οὐρανὸν
1073 3204 1249 3257 ἅπασα
1281 3199 1600 3273 διεξάγεται.
1635 3201 1858 3257 Τούτων

285 3293 296 3304 ,
482 3292 496 3304 .
553 3293 565 3304 .
823 3295 833 3304 .
1127 3288 1178 3304 ,ο
1428 3288 1452 3304 ν
1481 3293 1503 3304 ..
1843 3291 1857 3304 .

1974 3202 2084 3258 sub
2115 3202 2278 3258 cmlo.
2319 3203 2535 3259 Horum
2568 3219 2702 3276 ergo
2735 3208 3056 3260 statuentes
3087 3204 3395 3276 imagines,
3427 3204 3617 3259 homi-

209 3293 388 3347 τοίνυν
454 3292 666 3356 εἰκόνας
735 3295 1026 3362 στήσαντες
1088 3288 1331 3346 σέϐουσιν
1417 3288 1685 3364 ἅνθρωποι
1771 3291 1860 3344 καὶ

209 3386 465 3454 τιμῶσιν,
502 3380 615 3454 ἅμα
664 3382 754 3435 καὶ
793 3380 995 3453 μύθους
1025 3382 1174 3442 τινας
1206 3381 1342 3452 πρὸς
1372 3377 1577 3450 ἡδονὴν
1620 3378 1862 3435 ἀναπλά-

212 3491 424 3540 σαντες,
478 3470 586 3545 οὐχ
634 3471 707 3531 ὡς
761 3471 915 3532 Θεοὺς
975 3468 1031 3525 δὲ
1087 3474 1290 3542 τιμῶσι
1347 3469 1437 3524 καὶ
1489 3470 1585 3531 τὰς
1655 3471 1866 3531 εἰκόνας

211 3561 412 3629 αὐτῶν,
490 3557 688 3637 ἄπαγε,
769 3563 932 3614 τοῦτο
1007 3559 1109 3634 γὰρ
1185 3557 1246 3613 τὸ
1323 3558 1695 3633 ἁπλούστερον
1772 3559 1863 3614 καὶ

212 3648 525 3724 ἀγροικικὸν
581 3654 691 3703 τῶν
748 3648 1046 3722 ἀνθρώπων
1111 3642 1511 3720 ὑπολαμϐάνει,
1544 3646 1760 3722 ἐπείπερ
1812 3649 1863 3702 οἱ

213 3738 406 3814 σοφίας
465 3735 942 3809 ἐπιθυμτ,ταὶ,καὶ
1001 3737 1069 3792 τὰ
1122 3741 1229 3790 τῶν
1284 3738 1418 3790 θεῶν
1482 3731 1726 3810 ἀκριϐῶς
1759 3735 1868 3806 ἐξε-

210 3829 488 3896 τάζοντες,
550 3824 728 3880 οἷ’δασι
804 3825 908 3880 τίνι
964 3828 1062 3894 τὴν
1117 3827 1284 3898 τιμὴν
1351 3823 1705 3897 ἀπονέμουσι,
1773 3825 1865 3880 καὶ

211 3916 350 3988 πρὸς
379 3913 496 3969 τίνα
525 3913 559 3983 ἥ
591 3919 698 3968 τῶν
730 3915 890 3969 Θείων
940 3912 1276 3989 ἀγαλμάτων
1323 3913 1698 3989 προσκύνησις
1756 3911 1868 3968 δια-

212 3998 406 4057 ϐαίνει.

284 4129 398 4185 ΚΖ.
433 4132 687 4204 Παραινῶ
715 4127 896 4182 τοίνυν
954 4132 1023 4202 τῇ
1066 4133 1133 4202 σῇ
1181 4127 1520 4203 γενναιότητι
1557 4129 1674 4201 μεθ’
1706 4129 1866 4201 ἡμῶν

211 4238 268 4272 τε
326 4218 484 4288 εἶναι,
538 4217 626 4272 καὶ
684 4218 819 4272 κατὰ
878 4219 939 4272 τὸ
990 4221 1123 4290 ἡμῖν
1181 4217 1406 4292 ἀρέσκον
1470 4219 1646 4292 βιοῦν,
1680 4219 1779 4286 τὴν
1807 4238 1868 4272 τε

211 4308 503 4381 θρησκείαν
535 4305 882 4378 Ἐλληνίζειν
935 4306 1112 4381 ὅρΟῶς
1169 4307 1260 4362 καὶ
1294 4312 1404 4362 τῶν
1447 4307 1692 4382 ἀρχαίων
1735 4305 1865 4362 ἐθῶν

211 4396 302 4449 καὶ
348 4397 684 4470 πραγμάτων
751 4397 1088 4472 ἀντέχεσθαι.
1145 4398 1206 4454 Ὀ
1293 4397 1395 4471 γὰρ
1471 4401 1866 4469 Κωνσταντῖνος

209 4483 395 4558 ὥσπερ
453 4482 578 4539 οὐδὲ
644 4483 803 4547 abre;
863 4487 1101 4559 ἀγνοεῖς,
1181 4485 1579 4556 εὐεξαπάτητος
1658 4483 1865 4560 ἀνδρῶν

1976 3308 2078 3347 nes
2109 3307 2204 3347 eas
2233 3291 2434 3347 colunt
2463 3295 2520 3348 et
2552 3291 2862 3359 honorant,
2893 3291 3067 3348 simul
3119 3293 3296 3349 etiam
3331 3295 3616 3364 quasdam

1974 3379 2204 3436 fabulas
2236 3381 2521 3452 fingentes
2544 3382 2614 3437 ad
2634 3380 3010 3452 voluptatem.
3037 3384 3158 3437 Non
3186 3390 3457 3454 tanquam
3480 3384 3619 3439 deos

1974 3473 2166 3524 autem
2198 3468 2397 3524 colunt
2426 3485 2625 3524 eorum
2659 3469 2943 3538 imagines
2966 3470 3185 3542 (absit),
3218 3471 3325 3526 hoc
3347 3471 3503 3526 enim
3537 3471 3618 3528 ita

1976 3558 2268 3628 accipiunt
2288 3557 2638 3630 agrestiores
2669 3558 2938 3614 homines
2959 3564 3014 3614 et
3045 3559 3432 3631 simpliciores
3464 3578 3477 3614 :
3513 3562 3613 3616 sed

1978 3647 2076 3719 qui
2121 3647 2440 3720 cupiditate
2488 3652 2760 3704 tenentur
2791 3648 3110 3719 sapientiae,
3141 3656 3194 3704 et
3251 3665 3342 3704 res
3375 3650 3618 3704 deorum

1977 3744 2237 3791 accurate
2265 3735 2595 3807 inquirunt,
2618 3736 2812 3792 sciunt
2843 3737 2934 3792 cui
2968 3735 3541 3805 honoremtribuanl,
3564 3741 3622 3793 et

1977 3824 2050 3881 ad
2073 3840 2247 3896 quem
2280 3830 2529 3881 transeat
2561 3825 2819 3881 adoratio
2851 3825 3545 3896 divinarumimaginum.

2048 4127 2265 4184 XXVII.
2289 4128 2475 4183 Tuam
2507 4144 2643 4200 ergo
2677 4129 2874 4184 hortor
2905 4128 3318 4200 praestantiam,
3354 4131 3416 4184 ut
3446 4132 3555 4185 stet
3587 4145 3620 4184 a

1978 4218 2164 4285 nobis,
2196 4223 2253 4272 et
2293 4217 2465 4281 vivat,
2501 4222 2562 4273 ut
2593 4218 2760 4274 nobis
2811 4218 3017 4288 placet,
3051 4227 3103 4274 et
3161 4224 3314 4274 recte
3363 4219 3618 4274 Graecam

1977 4311 2260 4378 sequatur
2299 4307 2661 4377 religionem,
2697 4311 2752 4362 et
2801 4307 3042 4362 retineat
3091 4322 3282 4362 mores
3313 4311 3369 4362 et
3399 4325 3489 4364 res
3519 4324 3619 4364 ve-

1976 4399 2146 4451 teres.
2179 4396 2592 4450 Constantinus
2639 4395 2818 4464 cnim,
2859 4396 3012 4450 sicut
3060 4395 3186 4466 ipse
3217 4413 3332 4451 non
3363 4397 3615 4465 ignoras,

1977 4489 2102 4539 erat
2129 4483 2388 4539 omnium
2410 4483 2715 4540 hominum
2739 4485 2982 4556 deceptu
3007 4484 3361 4540 facillimus:
3397 4491 3452 4539 et
3485 4501 3616 4541 cum

209 4573 424 4646 ἀμαθής
479 4594 536 4629 τε
590 4575 680 4628 καὶ
748 4573 980 4644 ἀνόητος
1045 4573 1143 4644 ὢν,
1211 4575 1335 4648 περὶ
1389 4575 1488 4642 τήν
1577 4574 1861 4648 θρησκείαν

212 4661 226 4679 ς
381 4662 391 4679 ι
665 4664 676 4679 .
805 4663 816 4678 ι
927 4663 1096 4679 νυ.
1276 4663 1426 4679 η,
1573 4664 1678 4679 ι..
1777 4662 1854 4679 ς.

1978 4578 2132 4631 esset
2163 4573 2432 4628 indoctus
2464 4578 2520 4628 et
2561 4590 2786 4642 amens,
2821 4574 3115 4628 innovavit
3171 4573 3531 4642 religionem,
3562 4579 3619 4630 et

207 4661 539 4737 ἐνεωτέρισε,
587 4664 678 4717 καὶ
737 4663 863 4724 τοὺς
923 4663 1204 4734 Ἑλλήνων
1265 4663 1528 4733 ἀθετήσας
1571 4664 1725 4724 Οεοὺς
1773 4662 1857 4718 ἐπὶ

204 4753 299 4806 τὸν
358 4752 811 4826 Χριστιανισμὸν
879 4749 1144 4822 ἐξέκλινε,
1209 4753 1306 4813 τὰς
1373 4752 1620 4812 ἀνοσίους
1701 4752 1864 4807 αύτοῦ

207 4842 427 4916 πράξεις
479 4840 966 4916 ἐπαισχυνόμενος,
1024 4841 1115 4896 καὶ
1161 4840 1243 4895 ὅτι
1297 4842 1348 4895 οἱ
1390 4841 1503 4895 θεοὶ
1555 4839 1731 4908 αὐτὸν,
1763 4847 1864 4909 τῆς

206 4933 353 5006 ἱερᾶς
421 4930 598 4985 αὐτῶν
665 4931 752 4986 καὶ
812 4931 1221 5007 παναγεστάτης
1277 4933 1567 5006 Θρησκείας
1627 4931 1700 4993 ὡς
1750 4929 1861 5003 ἐξά-

208 5041 394 5097 γιστον
463 5021 552 5074 καὶ
608 5021 871 5093 πονηρὸν,
931 5020 1120 5096 πόρῥω
1187 5041 1293 5074 που
1340 5019 1429 5074 καὶ
1466 5022 1672 5093 μακρὰν
1703 5021 1856 5074 ἀπώ-

209 5129 388 5178 σαντο,
440 5109 530 5163 ἅτε
588 5109 678 5163 καὶ
737 5109 1000 5182 ὁμογνίου
1046 5108 1281 5182 αἶ’ματος
1336 5109 1627 5184 γενόμενον
1662 5108 1856 5163 αἴτιον·

205 5199 332 5261 τούς
391 5220 449 5254 τε
500 5199 605 5276 γὰρ
654 5198 924 5280 ἀδελφοὺς
961 5199 1288 5271 ἀπέκτεινεν,
1321 5198 1471 5255 οὐδὲν
1503 5203 1708 5256 ἄτοπον
1759 5200 1863 5274 εἶρ-

203 5290 527 5361 γασμένους,
575 5290 665 5344 καὶ
705 5291 804 5360 τὴν
845 5295 1070 5366 γυναῖκα
1126 5289 1395 5359 Φαύσταν,
1440 5290 1530 5344 καὶ
1572 5290 1665 5344 τὸν
1697 5288 1860 5344 αὐτοῦ

204 5379 322 5433 υἱὸν
361 5377 616 5453 Πρίσκον,
648 5376 894 5453 χρηστόν
941 5400 997 5434 τε
1028 5378 1117 5433 καὶ
1167 5377 1362 5454 ἀγαθὸν
1428 5375 1592 5453 ἄνδρα
1637 5378 1860 5456 τυγχά-

201 5488 382 5522 νονται
436 5467 532 5523 Διὰ
589 5472 773 5537 τοῦτο,
819 5469 1234 5540 θαυμασιώτατε
1289 5463 1522 5542 ἀνδρῶν,
1573 5467 1711 5541 ὁρῶν
1763 5487 1859 5522 σου

201 5565 304 5626 τῆς
353 5554 588 5619 διανοίας
625 5557 687 5612 τὸ
720 5553 980 5634 όμϐριθές
1009 5577 1069 5612 τε
1126 5557 1214 5611 καὶ
1277 5556 1559 5629 στάσιμον,
1585 5555 1862 5630 βοόλομαί

208 5667 264 5700 σε
323 5651 422 5714 τῆς
492 5645 762 5723 ἡμετέρας
815 5646 1050 5722 ἑταιρίας
1108 5645 1197 5702 καὶ
1285 5643 1504 5720 μερίδος
1591 5645 1858 5718 γενέσθαι.

1975 4667 2087 4723 diis
2117 4666 2447 4722 Graecorum
2480 4665 2736 4735 abolitis,
2788 4666 3097 4722 declinavit
3140 4666 3208 4720 ad
3243 4664 3616 4720 Christianis-

1976 4772 2161 4822 mum,
2194 4771 2326 4812 cum
2357 4755 2673 4828 impiorum
2702 4771 2940 4810 suorum
2967 4755 3249 4810 factorum
3278 4770 3410 4808 eum
3437 4755 3616 4825 pude-

1975 4851 2081 4912 ret,
2113 4851 2171 4900 et
2192 4846 2342 4914 quod
2376 4843 2453 4898 dii
2483 4860 2639 4914 eum,
2662 4849 2943 4914 tanquam
2976 4844 3274 4914 impurum
3298 4848 3354 4898 et
3376 4842 3618 4898 scelera-

1971 4938 2116 4999 tum,
2148 4951 2178 4987 ει
2211 4938 2585 4988 sacrosancta
2627 4949 2736 4988 sua
2783 4932 3059 5003 religione
3107 4931 3448 5003 expulerant
3480 4933 3615 4985 lon-

1973 5022 2237 5094 gissime,
2271 5027 2332 5077 ut
2355 5021 2451 5093 qui
2477 5028 2784 5092 cognatum
2819 5022 3164 5091 sanguinem
3192 5021 3435 5076 fuderat.
3468 5020 3614 5075 Nam

1973 5115 2030 5168 et
2052 5111 2255 5165 fratres
2277 5110 2508 5176 occidit,
2535 5110 2632 5180 qui
2658 5109 2804 5165 nihil
2827 5109 2962 5164 mali
3006 5110 3278 5179 fecerant,
3297 5114 3351 5164 et
3378 5125 3613 5164 uxorem

1973 5201 2269 5264 Faustam,
2299 5203 2355 5254 et
2384 5214 2554 5255 suum
2597 5197 2784 5253 filium
2835 5197 3095 5253 Priscum
3139 5198 3481 5270 [Crispum],
3513 5199 3616 5269 qui

1972 5295 2092 5344 erat
2129 5287 2214 5342 vir
2245 5289 2396 5361 frugi
2439 5292 2496 5343 et
2527 5288 2732 5344 bonus.
2765 5287 3094 5358 Propterea,
3128 5303 3160 5342 o
3199 5287 3285 5341 vir
3323 5286 3614 5359 imprimis

1973 5377 2334 5443 admiranda,
2368 5393 2500 5433 cum
2532 5377 2756 5432 videam
2801 5383 2911 5431 tua:
2945 5376 3158 5432 mentis
3187 5377 3525 5448 gravitatem
3556 5381 3614 5433 et

1971 5466 2384 5533 constantiam,
2417 5464 2546 5522 volo
2577 5469 2632 5522 te
2653 5479 2776 5520 esse
2805 5468 3133 5521 nostrarum
3157 5465 3435 5538 partium.
3471 5468 3615 5539 Age-

1972 5556 2110 5610 dum
2143 5571 2303 5627 ergo,
2333 5571 2365 5610 o
2396 5553 2638 5619 Artemi,
2672 5554 2738 5610 ad
2773 5553 3018 5626 patriam
3053 5559 3110 5609 et
3139 5553 3612 5628 antiquissimam

1970 5649 2026 5700 et
2058 5643 2306 5701 maxime
2357 5644 2697 5700 diuturnam
2744 5648 3134 5701 Romanorum
3169 5648 3227 5701 et
3283 5644 3610 5702 Grecorum
