4012 6220
527 225 672 286 1191

1875 215 2160 278 MENSIS
2203 214 2566 280 OCTOBER

3759 237 3877 298 H93

520 385 704 440 transi
735 383 1097 457 religionem,
1130 385 1186 441 et
1233 380 1542 440 nobiscum
1570 381 1762 436 fruere
1802 377 1994 447 bonis,
2028 394 2153 451 qua:

2270 399 2432 468 Δεῦρο
2498 398 2706 466 τοίνυν,
2767 397 3044 475 Ἀρτέμιε,
3101 403 3238 479 πρὸς
3303 406 3402 477 τήν
3444 407 3669 485 πᾶτριον
3712 415 3884 485 καὶᾶρ-

520 493 551 530 a
583 475 690 531 diis
719 476 851 531 data
878 477 1032 530 sunt.

587 747 833 802 XXVIII.
866 745 951 800 Ad
983 743 1102 800 haec
1164 740 1374 798 Christi
1409 744 1648 812 martyr,
1679 756 1809 796 cum
1848 756 1910 797 se
1950 757 2157 812 parum

513 835 911 900 sustinuisset,
945 832 1245 904 respondit
1287 847 1301 886 :
1359 831 1475 902 Ego
1535 830 1797 901 quidem,
1841 846 1872 886 ο
1903 829 2156 901 impera-

512 930 624 994 tor,
656 927 724 980 de
755 940 884 979 mea
917 921 1192 992 religione
1219 923 1276 975 et
1323 920 1437 974 fide
1479 918 1699 974 nullam
1732 919 1791 974 in
1843 920 2157 990 praesentia

517 1015 751 1068 afferam
783 1011 1200 1074 defensionem,
1233 1007 1342 1063 etsi
1373 1007 1515 1062 satis
1567 1012 1871 1078 promptas
1905 1006 2154 1063 habeam

515 1101 1037 1158 demonstrationes
1071 1117 1084 1153 :
1118 1099 1189 1152 de
1231 1097 1426 1152 fratris
1459 1100 1650 1152 autem
1675 1097 1761 1152 tui
1793 1101 1978 1152 morte
2009 1096 2154 1152 illud

512 1192 616 1246 tibi
649 1189 1031 1261 respondebo,
1076 1202 1167 1241 me
1199 1185 1359 1241 illius
1391 1186 1651 1241 animam
1697 1185 1860 1240 nulla
1893 1203 2152 1258 unquam

513 1283 775 1338 atl‘ccisse
806 1281 1033 1350 injuria,
1077 1295 1182 1334 nec
1215 1279 1364 1334 facto
1396 1293 1502 1332 nec
1543 1278 1718 1342 dicto,
1749 1279 1846 1333 sed
1883 1294 1988 1334 nec
2039 1279 2158 1335 ulla

516 1374 748 1444 quidem
782 1369 1146 1442 cogitatione.
1180 1366 1565 1432 Quantumvis
1595 1367 1655 1423 in
1709 1384 1774 1424 eo
1807 1367 2156 1440 inquirendo

511 1459 756 1530 labores,
814 1458 1025 1514 veritas
1087 1463 1173 1512 est
1218 1455 1619 1512 immutabilis.
1671 1455 1938 1512 Sciebam
1999 1456 2158 1513 enim

513 1564 647 1604 eum
703 1563 832 1604 esse
881 1563 1081 1603 verum
1139 1543 1564 1612 Christianum,
1613 1553 1669 1601 et
1727 1545 1869 1600 nulli
1921 1546 2158 1602 affinem

514 1636 972 1707 reprehensioni,
1017 1633 1296 1706 piumque
1344 1650 1410 1689 ac
1453 1635 1709 1705 justum,
1741 1638 1796 1689 et
1824 1634 2037 1690 Christi
2070 1635 2162 1692 le—

520 1739 620 1794 ges
649 1732 915 1781 accurate
937 1726 1285 1778 servantem.
1310 1722 1463 1778 Sciat
1484 1738 1619 1794 ergo
1643 1722 1853 1778 cmlum
1897 1729 1953 1778 et
1985 1731 2157 1791 terra,

521 1817 577 1867 et
626 1815 933 1869 universus
991 1811 1203 1866 chorus
1262 1814 1596 1866 sanctorum
1668 1809 2028 1881 angelorum,
2107 1817 2166 1867 et

520 1899 790 1957 Christus
820 1901 918 1956 Dei
962 1898 1139 1953 Filius
1171 1899 1260 1953 cui
1293 1915 1401 1970 ego
1441 1899 1629 1955 servio
1679 1899 1739 1954 in
1775 1916 1898 1956 meo
1931 1899 2164 1972 Spiritu,

522 2001 614 2042 me
664 1991 736 2044 ab
794 1990 954 2045 illius
985 1987 1138 2042 caade
1169 1991 1224 2041 et
1256 1995 1442 2043 morte
1497 2004 1624 2043 esse
1675 2005 1889 2059 purum
1926 2005 1939 2043 :
1975 2005 2166 2062 neque

517 2076 658 2134 viris
689 2079 909 2151 impiis,
945 2079 1043 2149 qui
1084 2076 1296 2131 eaedem
1330 2076 1492 2132 illius
1533 2078 1816 2145 fecerunt,
1845 2077 2164 2150 quidquam

520 2163 754 2224 dedisse
810 2165 1030 2234 auxilii,
1087 2169 1190 2220 aut
1238 2165 1312 2220 ad
1367 2182 1495 2222 eam
1545 2166 1765 2236 aliquid
1827 2167 2161 2224 contulisse.

517 2260 717 2333 Neque
766 2265 920 2324 enim
979 2267 1118 2319 tunc
1149 2263 1381 2318 aderam
1423 2280 1556 2320 cum
1594 2265 1952 2321 Constantio.
1995 2266 2064 2320 Et
2094 2267 2164 2322 de

514 2348 698 2410 fratre
731 2356 966 2428 quidem
990 2357 1090 2408 tuo
1123 2351 1243 2408 haec
1275 2359 1362 2408 est
1396 2369 1520 2409 mea
1545 2353 1826 2410 defensio.
1859 2355 2021 2420 Quod
2055 2372 2160 2410 au-

512 2440 635 2496 tem
671 2446 747 2501 ad
775 2443 989 2504 Christi
1046 2442 1256 2498 attinet
1285 2443 1738 2514 abjurationem,
1769 2448 1826 2499 et
1880 2445 1948 2498 ad
1983 2445 2159 2500 vitam

510 2535 788 2598 gentium
847 2533 1336 2606 amplectendam,
1388 2533 1497 2590 hoc
1553 2533 1658 2588 tibi
1710 2533 2094 2606 respondebo,
2129 2551 2163 2589 a

508 2617 714 2683 tribus
774 2625 992 2702 pueris,
1038 2623 1134 2695 qui
1192 2628 1360 2678 erant
1424 2624 1530 2679 sub
1600 2622 2158 2690 Nabuchodonosor,

512 2717 727 2775 mutuo
759 2714 1049 2788 accipiens
1089 2729 1103 2768 ε
1143 2734 1167 2766 ιι
1209 2713 1422 2770 Notum
1471 2711 1574 2768 tibi
1624 2712 1721 2778 sit,
1756 2729 1788 2767 ο
1826 2729 1946 2778 rex,
2005 2713 2159 2782 quod

511 2798 658 2862 deos
692 2813 828 2868 tuos
868 2824 983 2864 non
1041 2804 1187 2874 colo,
1221 2809 1278 2860 et
1334 2805 1437 2860 tibi
1488 2802 1817 2858 charissimi
1873 2801 2159 2874 Apollinis

508 2905 756 2958 auream
783 2916 898 2956 non
941 2895 1190 2951 adorabo
1225 2893 1536 2961 imaginem
1568 2893 1608 2945 ⁵.
1643 2913 1672 2941 ››

2264 487 2567 563 χαιοτάτην
2609 489 2698 543 καὶ
2747 489 3125 566 πολυχρόνιον
3163 495 3450 568 Ῥωμαίων
3498 521 3559 554 τε
3600 503 3688 555 καὶ
3719 487 3882 574 Ἐλλη-

2265 596 2372 630 Λων
2415 578 2705 651 Ορησκείαν
2759 575 3054 651 μετάϐηθι,
3085 583 3170 637 καὶ
3233 590 3340 639 τῶν
3389 590 3537 662 παρὰ
3569 597 3712 654 θεοῖς
3743 590 3883 652 δεδιο.

2268 667 2525 738 ρημὲνων
2559 668 2772 742 ἀγαθῶν
2807 671 2942 742 ἡμῖν
2965 671 3324 732 συναπόλαυε.

2342 757 2476 812 Kll'.
2541 759 2685 827 Πρὸς
2742 762 2912 814 ταῦτα
2967 761 2995 815 ὁ
3052 766 3148 816 τοῦ
3192 765 3428 838 Χριστοῦ
3489 770 3698 842 μάρτυς
3731 777 3884 848 μικρὸν

2273 842 2538 920 ἐπισχὼν,
2575 847 2924 922 ἀπεκρίνατο.
2973 851 3114 924 Ἐγὼ
3158 853 3275 924 μὲν,
3309 853 3354 908 ὦ
3389 857 3639 930 βασιλεῦ,
3672 842 3884 936 περὶτῆς

2272 931 2412 1006 ἐμῆς
2474 935 2761 1008 θρησκείας
2829 939 2919 992 καὶ
2985 939 3239 1011 πίστεως,
3311 943 3434 1000 οὐδὲ
3493 948 3775 1017 ἡντιναοῦν
3825 973 3887 1007 σοι

2269 1021 2570 1098 ἀπολογίαν
2632 1028 2769 1080 κατά
2832 1026 2896 1081 τὸ
2964 1030 3134 1103 παρόν
3194 1034 3528 1107 ποιήσομαι,
3561 1038 3652 1092 καί
3702 1061 3780 1094 τοι
3814 1041 3889 1095 οὐκ

2267 1111 2590 1187 ἀνετοίμους
2631 1114 2776 1191 ἔχων
2807 1117 2906 1180 τὰς
2937 1119 3070 1193 ὑπὲρ
3103 1119 3268 1191 αὐτῆς
3323 1121 3549 1198 ἀποδείξ
3565 1149 3665 1190 εις.
3695 1131 3822 1206 Πρὸς
3847 1129 3887 1186 δὲ

2267 1203 2360 1257 τὸν
2392 1207 2488 1257 τοῦ
2523 1209 2619 1259 σοῦ
2660 1202 2900 1283 ἀδελφοῦ
2941 1209 3183 1282 Θάνατον,
3216 1210 3387 1267 ἐκεῖνό
3446 1236 3537 1269 σοι
3595 1202 3890 1294 ἀποκρινοῦ·

2274 1314 2393 1364 μαι,
2427 1294 2502 1356 ὡς
2543 1295 2648 1350 οὐκ
2676 1293 2736 1350 ἂν
2771 1297 2992 1370 φανείην
3039 1301 3138 1368 τήν
3179 1300 3380 1358 ἐκείνου
3418 1307 3612 1383 ψυγήν
3646 1293 3888 1379 ἠδικηκὼς

2270 1383 2514 1455 πώποτε,
2540 1382 2641 1439 οὒκ
2688 1390 2867 1461 ἆργῳ,
2900 1387 2960 1442 οὐ
2995 1387 3172 1464 λόγῳ,
3207 1387 3330 1446 οὕτε
3356 1394 3461 1447 τινὶ
3514 1392 3753 1457 διανοίας
3795 1398 3886 1452 ἐπι-

2269 1476 2529 1544 νοήματι,
2591 1471 2706 1528 οὐδ’
2763 1475 2808 1529 εί
2844 1477 3010 1551 μυρία
3064 1479 3264 1551 κάμοις
3311 1482 3434 1554 περὶ
3473 1483 3676 1538 τούτου
3717 1486 3890 1559 ἀνερευ-

2266 1565 2395 1630 νῖυν,
2427 1563 2461 1631 ἡ
2513 1561 2745 1633 ἀλήθεια
2793 1563 3200 1636 ἀμετάϐλητος·
3251 1569 3576 1645 ἠπιστάμην
3629 1574 3728 1650 γὰρ
3765 1575 3887 1629 αὐτόν

2269 1654 2604 1728 Χριστιανὸν
2655 1652 2808 1727 ὄντα,
2853 1656 3083 1736 θεοφιλῆ
3133 1680 3190 1714 τε
3231 1660 3320 1714 καὶ
3374 1660 3620 1735 δίκαιον,
3669 1666 3752 1720 καὶ
3799 1668 3890 1740 περὶ

2195 1747 2397 1838 Βτοῦς
2449 1751 2546 1802 τοῦ
2595 1752 2838 1823 Χριστοῦ
2875 1751 3080 1822 νόμους
3135 1751 3422 1826 πρόθυμον
3470 1757 3565 1810 καὶ
3619 1756 3890 1814 σπουδαῖον.

2276 1840 2440 1894 Ἴστω
2475 1837 2655 1892 τοίνυν
2689 1839 2912 1912 οὐρανός
2942 1861 2999 1895 τε
3043 1843 3134 1896 καὶ
3162 1849 3257 1918 γῆ,
3290 1844 3379 1898 καὶ
3419 1851 3527 1906 πᾶς
3566 1847 3594 1900 ὁ
3629 1852 3731 1901 τῶν
3757 1849 3889 1922 ἁγίων

2279 1928 2290 1946 .
2391 1927 2400 1946 .
2673 1928 2685 1943 .
2855 1929 2867 1946 ι
3099 1930 3112 1946 ς
3211 1931 3224 1945 .
3328 1937 3355 1947 ..
3499 1938 3525 1950 ..
3631 1939 3643 1950 .

2275 1925 2524 2001 αγγελων
2557 1947 2752 2002 χορος,
2782 1949 2868 1982 και
2913 1933 3153 2002 Χριστος
3204 1952 3232 1985 υ
3262 1953 3359 1987 του
3390 1940 3528 1989 Θεου
3561 1937 3700 2004 Υἱος,
3733 1937 3772 2008 ᾧ

2275 2014 2524 2084 λατρεύω
2581 2015 2634 2070 ἐν
2691 2021 2770 2088 τῷ
2806 2015 2923 2090 ἐμῷ
2970 2019 3256 2092 ττνεῦματι,
3311 2022 3385 2084 ὡς
3426 2027 3664 2098 καθαρὸς
3699 2025 3793 2100 ἐγὼ
3817 2034 3890 2095 τῆς

2274 2103 2478 2159 ἐκείνου
2535 2106 2744 2182 σφαγῆς
2789 2127 2847 2160 τε
2910 2108 3000 2161 καὶ
3039 2106 3316 2182 τελευτῆς,
3349 2115 3443 2166 καὶ
3502 2112 3674 2186 μηδὲν
3720 2117 3888 2169 συνείς·

2273 2194 2501 2270 ενέγκὼν
2544 2195 2618 2256 εἰς
2653 2196 2742 2250 τὸν
2772 2193 2976 2251 ἐκείνου
3016 2198 3177 2272 φόνον
3209 2200 3300 2255 τὸν
3354 2198 3566 2270 ἔδικον,
3598 2210 3712 2265 τοῖς
3762 2204 3884 2258 αὑτὸν

2272 2304 2760 2358 κατεργασαμενοις
2816 2284 3054 2348 ἀνοσίοις
3123 2286 3398 2362 ἀνδράσινο
3443 2289 3576 2347 οὐδὲ
3620 2293 3718 2369 γὰρ
3778 2315 3884 2363 τυμ-

2271 2373 2458 2446 παρὼν
2489 2374 2557 2442 ἦν
2590 2373 2713 2428 τότε
2751 2374 2830 2446 τῷ
2871 2377 3256 2450 Κωνσταντίῳ,
3299 2378 3448 2434 ἀλλᾶ
3499 2383 3603 2451 τὴν
3651 2381 3882 2454 Αἴγυπτον

2272 2461 2425 2536 εἶχον
2477 2460 2690 2532 οἷ’κησίν
2743 2484 2801 2517 τε
2846 2465 2936 2518 καὶ
2995 2461 3205 2520 δίαιταν
3260 2468 3428 2542 μεχρι
3505 2474 3606 2524 τοῦ
3664 2471 3881 2544 παρόντος

2271 2549 2537 2608 ἐνιαυτοῦ.
2594 2553 2697 2607 Καὶ
2762 2552 2964 2623 ταύτην
2996 2554 3112 2626 ’μὲν
3155 2555 3456 2632 ἀπολογίαν
3509 2565 3766 2630 ποιοῦμαι
3792 2561 3881 2631 περὶ

2267 2645 2364 2695 τοῦ
2398 2644 2493 2695 σοῦ
2549 2637 2811 2718 ἀδελφοῦ,
2844 2641 2966 2716 περῖ
3023 2641 3080 2698 δὲ
3112 2649 3211 2698 οοὖ
3258 2646 3348 2700 τὸν
3382 2650 3629 2721 Χριστὸν
3662 2647 3878 2721 ἐξομόσα-

2271 2731 2537 2810 σθαι-καὶ
2595 2728 2686 2785 τὸν
2736 2730 3064 2802 Ἑλληνικὸν
3133 2731 3470 2810 ἀσπάσασθαι
3551 2738 3693 2810 βίον,
3758 2739 3878 2791 τοῦτο

2269 2823 2354 2856 σοι
2401 2800 2827 2876 ἀποκρινοῦμαι,
2885 2800 2992 2857 τῶν
3043 2809 3207 2875 τριῶν
3263 2804 3472 2862 παίδων
3536 2800 3645 2864 τῶν
3681 2800 3781 2863 ⁷ἓ.πῖ
3812 2811 3879 2861 τοῦ

2269 2885 2766 2965 Ναϐουχοδονύσορ
2850 2891 2953 2959 τὴν

3047 2893 3230 2962 φωνην
3343 2892 3749 2970 δανεισάμενος,
3819 2896 3877 2949 ὅτι

506 2983 767 3046 Γνωστὸν
824 2987 962 3044 ἔστω
1021 3005 1127 3053 σοι,
1183 2980 1428 3059 βασιλεῦ,
1481 2982 1564 3036 ὅτι
1617 2986 1732 3042 τοῖς
1792 2985 1934 3044 θεοῖς
1993 3001 2090 3034 σου
2143 3001 2204 3035 ου
2247 2980 2512 3057 κατρείω,
2568 2981 2657 3036 καὶ
2719 2985 2788 3056 τῇ
2841 2981 3010 3036 εἰκόνι
3061 2986 3128 3057 τῇ
3183 2988 3365 3059 χρυσῇ
3395 2990 3498 3040 τοῦ
3534 2988 3619 3042 σοὶ
3669 2985 3880 3066 φιλτάτου

505 3068 902 3147 Ἀπόλλωνος,
938 3073 1135 3130 οὔποτε
1157 3073 1539 3148 προσκυνήσω.

579 3162 779 3230 ΧΧΙΧ.
805 3169 966 3238 Quod
999 3171 1187 3222 autem
1223 3166 1457 3222 beatum
1487 3163 1953 3233 Constantinum,
1989 3179 2159 3219 sum—
2189 3174 2239 3242 ρ

511 3267 683 3315 mum
717 3262 978 3319 omnium
1020 3258 1458 3328 imperatorum,
1491 3257 1547 3308 et
1576 3251 1730 3309 illius
1763 3268 1948 3322 genus
1987 3251 2160 3306 male-

512 3339 690 3405 dictis
716 3367 778 3408 es
817 3349 1159 3413 insectatus,
1201 3357 1416 3400 vocans
1457 3339 1779 3406 inimicum,
1813 3343 1870 3394 et
1899 3339 2012 3394 diis
2042 3338 2159 3394 tuis

511 3441 959 3506 exsecrandum,
985 3441 1265 3510 praeterea
1305 3439 1492 3487 autem
1531 3431 1841 3498 furiosum,
1872 3437 1924 3484 et
1957 3445 2160 3499 prom-

511 3530 681 3596 ptum
714 3533 786 3588 ad
821 3529 1038 3588 caedem
1101 3522 1447 3588 faciendam,
1481 3521 1600 3576 haec
1655 3519 1758 3574 tibi
1793 3535 1893 3592 pro
1947 3517 2046 3574 illo
2080 3535 2160 3574 re-

516 3623 841 3692 spondebo.
876 3621 1045 3677 Pater
1068 3627 1199 3675 tuus
1217 3612 1610 3680 Constantius,
1637 3615 1690 3668 et
1710 3613 1837 3682 ejus
1871 3611 2077 3664 fratres
2108 3608 2158 3664 ci

515 3713 740 3782 priores
772 3715 1031 3770 fecerunt
1061 3708 1362 3781 injuriam,
1395 3707 1458 3758 ut
1488 3703 1587 3774 qui
1617 3700 1670 3757 ei
1719 3701 1934 3756 malum
1987 3714 2153 3754 vene-

515 3817 659 3863 num
686 3803 1051 3870 miscuerint,
1076 3798 1237 3855 nulla
1259 3795 1497 3852 omnino
1521 3792 1592 3846 ab
1613 3807 1678 3847 eo
1700 3790 1886 3846 atl‘ecti
1918 3789 2150 3860 injuria.

514 3893 619 3953 Ille
649 3905 842 3955 autem
879 3907 1112 3949 uxorem
1145 3889 1418 3944 Faustam
1443 3883 1602 3952 juste
1631 3881 1944 3936 admodum
1978 3879 2154 3934 inter-

515 3984 674 4058 fecit,
708 3992 773 4044 ut
820 4000 946 4056 qua:
981 3981 1234 4055 priscam
1286 3973 1586 4029 Phaedram
1619 3974 1773 4025 esset
1828 3970 2067 4058 imitata,
2101 3975 2158 4025 et

513 4057 865 4146 ejusitilium
907 4073 1169 4128 Priscum
1203 4061 1520 4139 [Crispum]
1573 4062 1726 4114 esset
1781 4057 2150 4126 calumniata,

515 4168 670 4238 quod
713 4167 842 4234 ejus
878 4177 1076 4218 amore
1125 4161 1334 4228 captus
1363 4154 1538 4215 esset,
1571 4154 1628 4203 et
1658 4148 1773 4202 vim
1825 4146 1877 4202 ei
1918 4158 2158 4204 conatus

513 4235 666 4314 esset
694 4257 921 4321 atl‘erre,
957 4252 1109 4307 sicut
1165 4246 1340 4302 etiam
1396 4238 1496 4293 illa
1539 4235 1917 4308 Hippolytum
1949 4237 2156 4295 Thesei

518 4344 700 4402 ﬁlium
723 4344 820 4418 (3).
846 4343 1035 4412 Atque
1053 4336 1304 4410 primum
1334 4326 1808 4418 quidem‘,qui__sic
1826 4326 1884 4382 in
1909 4331 2152 4382 matrem

513 4414 854 4501 insanierat,
887 4436 951 4486 ut
989 4428 1257 4485 volebant
1287 4420 1416 4490 ejus
1463 4414 1655 4482 verba,
1688 4415 1807 4482 ille,
1841 4431 1973 4472 cum
2003 4422 2155 4472 esset

516 4527 786 4589 maritus,
838 4519 1046 4593 puniit.
1080 4517 1289 4570 Postea
1321 4512 1514 4564 autem
1547 4521 1680 4561 cum
1727 4505 1994 4561 scivisset
2024 4523 2153 4562 esse

515 4619 847 4681 mentitam,
895 4611 1084 4682 ipsam
1117 4615 1348 4676 quoque
1405 4595 1641 4665 occidit,
1674 4594 1732 4650 in
1792 4612 1917 4652 eam
1967 4597 2153 4653 ferens

515 4703 862 4762 sententiam
910 4695 1174 4753 omnium
1229 4685 1616 4759 justissimam
1665 4700 1678 4739 :
1731 4687 1800 4739 ad
1855 4685 2151 4742 Christum

513 4803 709 4853 autem
742 4783 1054 4846 declinavit
1077 4782 1149 4838 ab
1181 4778 1284 4835 illo
1317 4781 1576 4846 vocatus,
1601 4776 1834 4846 quando
1876 4775 2153 4832 difﬁcilli-

512 4900 672 4940 mum
688 4874 986 4938 commisit
1007 4869 1270 4943 praelium
1293 4866 1570 4922 adversus
1593 4865 1968 4922 Maxentium.
1993 4866 2154 4922 Tunc

514 4971 671 5026 enim
703 4969 755 5023 ei
797 4965 856 5019 in
892 4957 1134 5016 meridie
1165 4953 1434 5028 apparuit
1463 4953 1700 5026 signum
1733 4956 1945 5021 crucis,
1977 4955 2155 5011 radiis

513 5058 657 5114 solis
687 5049 1073 5126 splendidius,
1096 5051 1153 5102 et
1187 5045 1397 5102 litteris
1431 5043 1624 5100 aureis
1649 5041 1785 5100 belli
1816 5043 2156 5116 significans

517 5144 837 5202 victoriam.
860 5139 1005 5196 Nam
1029 5152 1135 5192 nos
1153 5149 1384 5209 quoque
1405 5133 1516 5204 ipsi
1539 5132 1776 5206 signum
1799 5133 2158 5206 aspeximus,

514 5250 646 5290 cum
679 5231 830 5289 bello
870 5229 1310 5296 interessemus,
1338 5232 1390 5280 et
1438 5222 1662 5280 litteras
1692 5221 1962 5294 legimus.
2009 5223 2157 5288 Quin

2341 3162 2458 3218 [{9'.
2517 3165 2641 3220 "Ott
2700 3157 2757 3215 δὲ
2813 3162 2904 3216 τὸν

2269 3252 2484 3307 πάντων
2543 3251 2813 3327 βασιλέων
2873 3251 3185 3328 ὑπέρτερον,
3245 3255 3336 3309 καὶ
3392 3259 3456 3310 τὸ
3521 3257 3714 3312 τουτου
3762 3259 3876 3331 γένος

2269 3339 2544 3411 ἐκάκισας,
2649 3340 2844 3417 ἐχθρὸν
2955 3342 3044 3396 καὶ
3147 3343 3497 3400 ἀπόπτυστον
3605 3353 3712 3409 τοῖς
3792 3350 3874 3402 σοῖς

3114 3429 3156 3449 ας

2270 3429 2612 3493 ἀποκαλέσας
2645 3433 2810 3496 θεοῖς,
2843 3433 3064 3505 προσέτι
3111 3429 3168 3487 δὲ

2996 3162 3262 3237 μακάριον
3350 3171 3769 3235 Κιυνστιεντινον,
3816 3167 3878 3218 τὸν

3227 3431 3473 3506 μανιώδη
3549 3435 3638 3490 καὶ
3683 3433 3871 3510 σονικὸλι,

2266 3521 2436 3574 ταῦτα
2485 3541 2567 3574 σοι
2643 3518 3094 3596 ἀπολογήσομαι,
3127 3522 3210 3576 ὃτι
3273 3522 3497 3595 μᾶλλον
3549 3525 3577 3578 ὁ
3629 3524 3712 3585 σὸς
3738 3522 3871 3591 πατήρ

2270 3610 2665 3678 Κωνστάντιος,
2731 3608 2822 3664 καὶ
2900 3610 2952 3663 o't
3019 3609 3187 3665 αὐτοῦ
3256 3609 3480 3666 ἀδελσοὶ
3546 3615 3867 3686 προκατῆρξῖι

2265 3703 2361 3754 τοῦ
2418 3696 2778 3772 ἀδικήματος.
2829 3698 3118 3775 φάρμακον
3157 3702 3306 3770 αὐτῷ
3362 3697 3708 3775 δηλητήριον
3752 3718 3871 3773 κερα-

2269 3789 2512 3861 σάμενοιν
2551 3785 2718 3861 μηδὲν
2770 3785 2957 3841 ἄδικον
3005 3788 3093 3842 ὑπ’
3135 3789 3305 3843 αὐτοῦ
3338 3790 3688 3854 πεπονθότες.
3734 3790 3866 3844 Ἐκεῖ-

2267 3898 2358 3939 νος
2409 3875 2465 3932 δὲ
2508 3878 2606 3943 τὴν
2639 3881 2866 3952 γυναῖκα
2915 3877 3161 3931 Φαύσταν
3216 3877 3304 3932 καί
3344 3878 3486 3932 πάνυ
3542 3877 3748 3938 δικαίως
3776 3875 3866 3929 ἀπέ-

2267 3988 2493 4037 κτεινεν,
2546 3963 2638 4020 ἅτε
2699 3963 3090 4040 μιμησαμένην
3149 3967 3246 4034 τήν
3308 3964 3478 4021 πάλαι
3532 3964 3767 4043 Φαίδραν,
3802 3962 3862 4016 κιῖ

2270 4052 2662 4112 διαϐαλοῦνσαν
2712 4057 2801 4110 τὸν
2855 4054 3050 4110 τούτου
3110 4057 3226 4110 υἱὸν
3261 4056 3492 4132 Πρίσκον
3533 4059 3608 4122 ὡς
3645 4058 3862 4130 ἐρωτικῶς

2266 4145 2404 4211 αυτῆ
2473 4143 2835 4218 διακείμενον,
2889 4145 2978 4200 καὶ
3043 4167 3094 4200 τι
3152 4145 3287 4219 πρὸς
3340 4146 3459 4220 βίαν
3514 4147 3861 4222 ἐπιχειροῦντι,

2265 4249 2504 4311 καθαπερ
2544 4235 2762 4304 κακείνη
2829 4237 2922 4291 τὸν
2979 4240 3076 4290 τοῦ
3144 4235 3362 4306 Θησέως
3401 4235 3740 4292 Ἱππόλυτον.
3788 4230 3862 4287 Καὶ

2266 4323 2332 4395 δη
2364 4326 2455 4380 τὸν
2499 4325 2669 4400 μητρὶ
2716 4321 2889 4384 οὕτως
2923 4324 3248 4398 ἐπιμανέντα
3301 4327 3376 4386 ὡς
3427 4326 3478 4379 οἰ
3535 4327 3698 4394 αὐτῆς
3739 4317 3860 4377 ἐϐού-

2266 4412 2425 4469 λοντο
2486 4414 2668 4489 λόγοι,
2727 4416 2908 4490 πατὴρ
2965 4413 3040 4468 ὢν
3093 4413 3298 4477 ἐκεῖνος
3350 4415 3609 4470 ἐκόλασεν
3641 4433 3653 4444 ·
3693 4411 3860 4480 ὕστεροι

2274 4503 2455 4574 μέντοι
2503 4505 2662 4579 γνοὺς
2713 4502 3082 4578 ψευσαμένην,
3112 4505 3203 4559 καὶ
3256 4503 3420 4572 αὐτὴν
3471 4502 3860 4579 πρδσαπέκτεινι.

2269 4591 2425 4664 δίκην
2482 4593 2564 4648 ἐπ’
2620 4590 2758 4667 αὒτῇ
2817 4591 3038 4653 δικάσας
3106 4591 3291 4649 πᾶσῶν
3355 4591 3719 4663 δικαιοτάτην,
3768 4585 3860 4642 61:5-

2262 4681 2414 4738 κλινε
2455 4682 2639 4756 μέντοι
2671 4683 2806 4758 πρὸς
2835 4683 2926 4737 τὸν
2965 4683 3192 4757 Χριστὸν
3230 4682 3319 4737 ὑπ’
3376 4681 3583 4737 ἐκείνου
3628 4677 3857 4755 οὐρανόθεν

2261 4772 2507 4844 κληθεὶς,
2569 4773 2658 4826 ὅτε
2714 4773 2851 4848 πρός
2908 4773 3009 4841 τὴν
3064 4771 3355 4841 Μαξεντίου
3416 4769 3855 4845 δυσκαταμάχητΰν

2264 4860 2626 4936 διηγωνίσατο
2662 4863 2873 4938 μάχην.
2897 4861 3102 4938 Ἐεράνη
3143 4862 3247 4936 γὰρ
3278 4859 3426 4933 αὒτῷ
3453 4862 3578 4917 τότε
3608 4857 3691 4914 καί
3717 4857 3769 4912 τὸ
3791 4853 3857 4908 τοῦ

2266 4957 2495 5028 σταυροῦ
2571 4957 2798 5026 σημεῖον
2869 4953 3139 5026 μεσούσης
3185 4958 3285 5022 τῆς
3343 4951 3576 5027 ἡμέρας,
3631 4951 3747 5021 ὑπὲρ
3792 4943 3854 4998 τὸν

2264 5041 2425 5112 ἥλιον
2485 5048 2602 5104 ταῖς
2669 5043 2858 5117 αὐγαῖς
2924 5041 3280 5118 ἐξαστράπτον
3331 5043 3423 5097 καὶ
3485 5040 3780 5116 γριὶμμασιι
3823 5033 3853 5098 εξ

2265 5131 2501 5207 αστὲρων
2545 5130 2906 5207 διασημαῖνον
2959 5133 3058 5201 τὴν
3108 5136 3205 5188 τοῦ
3253 5131 3503 5206 πολέμου
3533 5131 3704 5202 νίκην·
3734 5127 3854 5197 ἡμεῖς

2265 5243 2323 5276 τε
2361 5223 2467 5299 γὰρ
2523 5221 2676 5277 αὐτοὶ
2733 5223 2795 5277 τὸ
2848 5227 3077 5297 σημεῖον
3135 5219 3486 5295 ἐθεασάμεθα,
3544 5225 3622 5293 τῷ
3676 5214 3856 5284 πολέμῳ

584 5404 662 5476 (3)
692 5400 905 5458 Eadem
924 5399 994 5454 de
1025 5396 1222 5468 Crispo
1250 5393 1503 5451 affirmat
1523 5393 1580 5450 S.
1624 5393 2010 5466 Hieronymus
2039 5392 2112 5448 De
2129 5393 2331 5466 Script.
2365 5393 2560 5450 Eccles.
2596 5392 2656 5449 in
2681 5390 2994 5450 Lactantio.

585 5573 609 5608 ⁵
639 5572 783 5630 Dan.
827 5585 912 5638 ιιι,
945 5567 1033 5624 18.
