4012 6220
201 281 357 341 1193

1418 274 1529 334 MA
1543 276 1891 336 [lTYRlUM
1941 276 2004 335 S.
2052 275 2404 335 ARTEMll.

3450 282 3605 340 1194

193 437 481 510 παρόντες,
520 433 611 488 καὶ
676 433 745 488 τά
784 433 1085 508 γράμματα
1134 432 1543 506 ὑπανέγνωμεν,
1575 432 1720 488 ἀλλά
1758 454 1825 487 κα

1961 434 2136 489 etiam
2188 436 2345 487 totus
2400 448 2631 504 quoque
2664 433 2717 489 id
2766 441 2854 491 est
2905 438 3335 508 contemplatus
3385 442 3604 496 exerci-

192 526 257 580 τὸ
288 523 651 599 στρατόπεδον
685 521 821 576 ἅπαν
849 519 1088 593 τεθέατο,
1118 520 1207 577 καὶ
1239 519 1445 576 πολλοὶ
1476 522 1671 578 τούτου
1707 526 1843 596 μαρ-

192 634 347 689 τυρες
408 611 460 668 ἒν
526 616 606 684 τῷ
666 608 1016 687 στρατοπέδῳ
1071 616 1149 683 τῷ
1217 616 1294 683 σῷ
1348 612 1704 688 τυγχάνουσι.
1745 612 1842 665 Καὶ

192 705 245 760 τί
282 702 345 774 δὴ
386 707 553 757 ταῦτα
583 702 767 777 λέγως
800 703 899 755 Τὸν
932 702 1031 776 γὰρ
1076 702 1307 775 Χριστὸν
1356 699 1553 766 ἄνωθεν
1606 703 1657 757 οἱ
1704 723 1841 777 προ-

197 801 367 869 φῆται
429 788 927 868 προκατήγγειλαν,
962 791 1034 851 ὡς
1092 791 1182 845 καὶ
1235 790 1393 854 αὐτὸς
1430 796 1675 864 κρεῖττον
1732 789 1844 846 ἒπί-

199 904 408 951 στασαι,
442 882 592 947 εἶ’περ
640 880 743 954 ἄρα
794 880 885 934 καὶ
948 883 1023 951 μὴ
1085 878 1444 957 ἐθελοκωφεῖν
1496 879 1706 957 βούλει.
1742 880 1844 937 Καὶ

198 972 410 1027 πολλαὶ
451 974 550 1039 τῆς
598 970 760 1025 αὐτοῦ
807 970 1111 1044 παρουσίας
1144 971 1197 1024 αἱ
1241 970 1531 1046 μαρτυρίαι
1566 989 1579 1004 ο
1615 970 1725 1039 καὶ,
1752 968 1845 1025 ’ἱνα

192 1061 374 1118 τᾶλλα
432 1065 611 1134 παρῶ,
664 1059 818 1113 αὐταὶ
882 1060 935 1113 αἱ
988 1063 1094 1114 τῶν
1163 1060 1290 1132 παρ’
1344 1060 1472 1133 ὑμῖν
1532 1054 1841 1131 σεϐομένων

196 1154 328 1206 θεῶν
384 1147 743 1226 χρησμῳδίαι
774 1149 865 1203 καὶ
929 1148 1402 1224 προσαγορεύσεις,
1432 1150 1497 1203 τά
1542 1170 1600 1204 τε
1634 1145 1842 1205 Σιϐύλ-

197 1241 320 1296 λεια
350 1240 649 1315 γράμματα
707 1244 796 1292 καί
840 1239 873 1307 ἡ
918 1236 1203 1311 Βιργιλίου
1232 1242 1327 1292 τοῦ
1353 1239 1627 1311 Ῥωμαίου
1678 1238 1841 1308 ποίη-

198 1351 299 1395 σις.
333 1330 421 1385 καὶ
468 1330 528 1397 ἣν
582 1328 739 1401 ὑμεῖς
777 1327 1116 1395 Βουκολικήν
1167 1326 1477 1400 ὀνομάζετε,
1519 1328 1719 1391 ἱκανῶς
1772 1328 1839 1382 τὰ

196 1420 317 1493 περῖ
350 1418 513 1473 αὐτοῦ
546 1415 805 1487 δηλοῦσιν
842 1436 858 1450 ο
910 1416 1070 1478 αὐτός
1102 1437 1160 1471 τε
1205 1417 1231 1471 6
1273 1420 1399 1491 παρ’
1443 1418 1570 1490 ὑμῖν
1632 1428 1841 1491 θαυμα-

195 1510 423 1582 ζόμενος
454 1504 746 1565 Ἀπόλλων
780 1507 808 1561 6
842 1506 1101 1579 μαντικὸς
1142 1504 1387 1561 τοιοῦτον
1429 1504 1493 1577 δή
1542 1527 1664 1561 τινα
1715 1504 1838 1581 περί

193 1600 435 1672 Χριστοῦ
465 1594 765 1672 ἐξεφώνησε
798 1594 962 1670 λόγον
990 1626 1010 1637 -
1042 1594 1358 1670 ἐρωτηθεὶς,
1391 1595 1494 1670 γὰρ
1539 1595 1684 1671 παρὰ
1728 1600 1835 1651 τῶν

192 1688 382 1741 ἑαυτοῦ
413 1684 736 1760 προπὸλων,
778 1685 1106 1759 ἀπεκρίνατο
1149 1682 1255 1740 ὧδε
1287 1704 1300 1717 ο

192 1832 278 1907 Mf]
310 1826 503 1907 ὄφελες
530 1827 881 1907 πύματόνμε
908 1829 999 1884 καὶ
1033 1829 1256 1907 ὕστατον
1300 1826 1614 1907 ἐξερέεσθαι,

193 1901 428 1977 Δύσμὸρ⁹
458 1902 591 1957 ἑνῶν
615 1901 948 1977 προσπόλων,
978 1902 1101 1977 περὶ
1144 1901 1697 1977 θεσπεσίοισιῄθεοῖσι,

195 1971 499 2049 Καῖπνοῆς
525 1981 626 2043 τῆς
666 1971 835 2029 πάντα
865 1973 1017 2049 πέριξ
1052 1971 1322 2049 ’βοτρυδὸν
1363 1973 1625 2049 ἐχούσης,

192 2046 401 2121 Τείρεα,
460 2050 594 2123 φῶς,
653 2043 958 2119 ποταμοὺς,
1016 2043 1105 2100 καὶ
1163 2043 1465 2121 τάρταρον,
1522 2044 1679 2123 ἠέρα,
1734 2043 1837 2101 Καὶ

1544 2120 1695 2191 [πῦρ.

190 2190 260 2245 ’Ἡ
298 2209 363 2261 με
391 2188 478 2243 καὶ
511 2187 893 2261 οὐκ-ἐθέλοντα
924 2185 1109 2261 δόμων
1140 2185 1388 2261 τῶννῶδε
1427 2185 1635 2246 διωκει.

191 2262 255 2335 'Il
296 2259 404 2335 ἐμή
444 2259 719 2335 τριπόδων
750 2260 829 2315 ἔτι
861 2259 1080 2335 λείπετο
1111 2260 1412 2335 ἠριγένεια.

187 2333 258 2408 ΛΞ
296 2331 360 2389 αἶ’
388 2354 454 2408 με
481 2331 735 2408 τριποδες
769 2331 1165 2408 στοναχήσατε,
1208 2331 1378 2408 οἴχετ’
1408 2331 1725 2403 Ἀπόλλων,

188 2402 397 2479 Οἱ’χετ’,
430 2402 545 2460 ἐπεὶ
581 2405 775 2479 βροτός
810 2425 877 2479 με
912 2402 1174 2479 βῐάζεται,
1205 2402 1627 2479 οὐράνιοςᾷφῶς.

189 2476 295 2532 Καῖ
358 2479 386 2532 ὁ
470 2476 655 2541 παθῶν
734 2476 862 2539 Θεός
912 2476 1063 2547 ἔστι,
1132 2476 1222 2531 καὶ
1277 2476 1339 2531 οὐ
1400 2476 1592 2545 θεότης
1666 2476 1830 2532 πάθεν

1505 2547 1687 2622 [αὐτή.

258 2685 682 2751 Α’.Ὑπολα6ὼν
716 2688 774 2746 δὲ
823 2692 851 2746 6
882 2685 1222 2766 παραϐάτης,
1266 2695 1425 2746 Δοκῶ
1484 2712 1562 2761 σε,
1598 2691 1754 2766 φησὶ,
1787 2692 1832 2746 ὦ

188 2782 459 2855 Ἀρτὲμιε,
511 2780 572 2836 οὐ
633 2780 932 2857 στρατηγὸν
986 2779 1037 2835 ἐν
1092 2779 1357 2855 Αἰγύπτῳ
1413 2779 1829 2857 παραγενέσθαι,

188 2868 334 2926 ἀλλά
380 2868 777 2947 χρησμολόγον
834 2870 975 2939 τινὰ,
1013 2868 1227 2943 μᾶλλον
1284 2868 1342 2924 δὲ
1401 2868 1762 2945 βωμολόχον,
1794 2870 1829 2939 ἢ

192 2961 298 3033 μὴν
343 2960 584 3037 ἀγύρτην
632 2959 722 3015 καὶ
779 2964 956 3034 γραῶν
1027 2961 1489 3033 κωθωνιζομένων
1545 2958 1829 3034 λογύδρια,

186 3050 275 3104 καὶ
339 3049 542 3122 μύθους
590 3046 859 3110 παλαιοὺς
891 3049 979 3103 καὶ
1011 3049 1386 3124 γεγηρακότας
1418 3047 1827 3126 ἐπισυνᾶγοντα.

188 3139 289 3195 Καὶ
330 3139 359 3193 6
395 3138 597 3213 μάρτυς
629 3156 642 3170 ·
694 3137 771 3195 Οὐ
809 3136 994 3199 καλῶς
1051 3136 1379 3213 ὑπείληφας,
1414 3137 1458 3191 ὦ
1494 3140 1733 3211 βαςιλεῦ,
1769 3137 1831 3192 οὗ

186 3228 244 3285 δὲ
300 3237 401 3299 τῆς
460 3235 561 3299 σῆς
617 3227 807 3307 σοφίας
862 3228 953 3283 καὶ
1012 3227 1211 3303 ἀρετῆς
1256 3226 1395 3299 ἄξια.
1430 3229 1523 3284 Έκ
1559 3229 1664 3304 γάρ
1721 3232 1829 3284 τῶν

186 3322 292 3374 σῶν
353 3320 487 3374 θεῶν
541 3318 632 3373 καὶ
680 3318 791 3374 ἀῶν
841 3339 925 3372 σοι
964 3316 1286 3397 προσφιλῶν
1323 3320 1663 3392 μαθημάτων
1715 3340 1835 3375 ποι-

186 3410 477 3481 οὖμαιτάς
527 3406 952 3479 ἂποδείξεις,’ίν⁹
998 3405 1057 3461 ἐκ
1112 3411 1222 3461 τῶν
1280 3428 1363 3462 σοι
1423 3406 1715 3484 γνωρίμων
1770 3410 1832 3463 τὸ

183 3504 283 3566 τῆς
344 3495 603 3566 ἀληθείας
666 3497 846 3570 μάθῃς
908 3497 1231 3569 μυστήριον,
1280 3499 1368 3552 καὶ
1426 3498 1501 3570 μή
1556 3518 1623 3570 με
1671 3493 1831 3571 δὸξῃς

183 3592 300 3649 τοῖς
354 3590 461 3640 τῶν
501 3584 786 3655 Ἑλλήνων
836 3582 1344 3659 ἐγκαλλωπίζεσθαι
1404 3588 1637 3660 ῥήμασι,
1694 3586 1833 3660 μηδὲ

182 3677 282 3752 γάρ
316 3674 497 3731 ἔλαιον
530 3673 866 3750 ἀμαρτωλοο)
914 3676 1013 3744 τὴν
1075 3672 1213 3746 ἒμήν
1273 3672 1498 3730 λιπάνοι
1561 3675 1831 3751 κεφαλὴν,

185 3763 331 3820 ἀλλά
361 3771 462 3834 τῆς
504 3771 604 3832 σῆς
652 3761 961 3837 κηδόμενος
1013 3767 1224 3842 ψυχῆς,
1256 3769 1387 3819 κινῶ
1426 3765 1597 3820 πάντα
1655 3763 1831 3835 λίθον,

195 3854 222 3877 τι
505 3860 531 3870 ~
609 3852 620 3873 ι
706 3873 724 3883 ,
779 3855 835 3873 ιιι
1036 3848 1101 3873 pr
1246 3851 1269 3870 ﬁ
1374 3854 1381 3869 ν
1508 3853 1535 3875 τι
1774 3856 1789 3874 \

184 3864 621 3922 ωατεπεισθηναι
670 3874 746 3911 σε..
798 3852 1184 3926 Ιπολαμοανω
1243 3854 1300 3908 οὶ
1351 3855 1439 3909 ὁτι
1497 3876 1677 3930 ωσπερ
1736 3876 1829 3910 τον

184 3942 417 3999 παλαιὸν
449 3941 628 4015 Ἀδὰμ
668 3943 757 3997 καὶ
814 3941 1249 4016 πρωτόπλαστον
1302 3943 1329 3997 6
1380 3948 1549 3999 Σατᾶν
1600 3942 1689 3999 διὰ
1732 3952 1831 4014 τῆς

184 4038 467 4108 παρακοῆς
531 4030 937 4109 ἀπετύερλωσεν,
988 4032 1131 4087 οὕτω
1181 4029 1247 4101 δὴ
1301 4032 1388 4087 καὶ
1459 4032 1535 4101 σὲ,
1581 4030 1829 4107 βασιλεῦ,

184 4126 395 4197 φθονῶν
444 4142 528 4176 σοι
573 4128 671 4189 τῆς
722 4120 995 4195 σωτηρίας
1033 4128 1135 4190 τῆς
1178 4125 1277 4177 τοῦ
1316 4123 1548 4195 Χριστοῦ
1600 4122 1831 4185 πίστεως

184 4211 586 4287 ἀπεγύμνωσεν.
617 4211 741 4267 Ὅτι
801 4208 858 4264 δὲ
915 4209 1077 4279 ἥλιον
1133 4210 1223 4265 καὶ
1282 4209 1515 4281 σελήνην
1557 4212 1647 4266 καὶ
1700 4212 1828 4275 τοὺς

184 4302 410 4373 ἀστέρας
439 4302 590 4364 θεοὺς
622 4299 939 4371 ἀποκαλεῖς,
976 4300 1310 4376 αἰσχύνομαι
1341 4302 1403 4356 τὸ
1441 4309 1540 4373 τῆς
1572 4302 1827 4375 ἀμαθίας,

178 4390 271 4445 ’ἕνα
306 4391 381 4463 μή
412 4391 587 4444 καὶτὸ
617 4397 716 4461 τῆς
761 4386 1134 4453 κακοϐουλίας
1165 4390 1401 4465 εἴποιμι,
1434 4392 1515 4447 ὅτι
1544 4392 1633 4446 καὶ
1662 4398 1826 4463 τιμᾷν

182 4478 377 4541 αὐτοὺς
418 4479 754 4555 προῄρησαι.
790 4480 892 4536 Καὶ
927 4485 1034 4535 τῶν
1087 4479 1274 4536 ἄλλων
1326 4483 1560 4556 ἀστέρων
1616 4479 1829 4555 μᾶλλον

1955 528 2051 578 tus
2084 540 2096 577 :
2131 530 2186 578 et
2220 521 2385 576 multi
2417 520 2595 591 hujus
2626 522 2908 579 reitestes
2938 535 3074 581 sunt
3106 527 3163 581 in
3198 531 3296 583 tuo
3329 530 3602 587 exercitu.

1956 611 2105 678 Quid
2156 619 2347 667 autem
2400 610 2522 666 haec
2576 611 2757 666 dico?
2787 613 3083 670 Christum
3126 617 3283 672 enim
3317 619 3604 689 pr0phetaa

1955 700 2159 756 multis
2203 708 2334 756 ante
2385 700 2616 755 saeculis
2668 703 3154 771 prmnuntariunt,
3182 710 3246 759 ut
3286 708 3347 760 tu
3381 723 3604 777 quoque

1955 792 2071 847 scis
2115 790 2356 862 optime,
2390 790 2503 845 nisi
2563 795 2665 845 tua
2722 796 2930 862 sponte
2987 793 3127 848 velis
3186 810 3313 850 esse
3361 797 3598 853 surdus.

1954 880 2098 937 Sunt
2149 884 2346 935 autem
2391 881 2519 951 ejus
2569 881 2852 935 adventus
2900 880 3085 937 multa
3122 883 3488 939 testimonia:
3525 894 3597 954 et,

1954 979 2012 1026 ut
2042 970 2154 1025 alia
2186 970 2474 1038 omittam,
2509 986 2735 1034 eorum,
2770 972 2928 1042 quia
2955 971 3118 1027 vobis
3141 972 3429 1040 coluntur,
3464 975 3598 1029 deo-

1952 1076 2081 1115 rum
2106 1076 2407 1131 responsa,
2432 1064 2489 1115 et
2519 1060 2940 1131 pradictiones,
2965 1065 3021 1116 et
3043 1061 3260 1133 scripta
3290 1062 3595 1135 Sibyllina,

1952 1153 2008 1205 et
2037 1148 2265 1220 Virgilii
2301 1148 2543 1203 Romani
2579 1148 2792 1220 poesis,
2827 1166 3002 1221 quam
3036 1167 3137 1206 vos
3168 1152 3385 1207 vocatis
3411 1154 3596 1208 Buco-

1952 1238 2146 1303 licam,
2180 1237 2301 1293 haec
2350 1238 2486 1293 satis
2529 1238 2598 1293 de
2641 1254 2705 1293 eo
2753 1237 3106 1309 significant.
3154 1241 3441 1296 Caeterum
3472 1241 3598 1313 ipse

1951 1343 2182 1399 quoque
2225 1326 2450 1397 Apollo,
2486 1327 2582 1396 qui
2624 1327 2776 1398 apud
2809 1344 2910 1383 vos
2969 1327 3221 1384 habetur
3264 1330 3321 1384 in
3383 1347 3598 1403 magna

1950 1417 2353 1482 admiratione,
2389 1418 2555 1487 cujus
2575 1420 2664 1471 est
2687 1417 2916 1488 propria
2941 1416 3240 1487 divinatio,
3268 1419 3337 1474 de
3368 1420 3598 1477 Christo

1951 1506 2126 1563 talem
2156 1506 2362 1562 effatus
2393 1511 2483 1562 est
2512 1521 2839 1562 sermonem
2875 1521 2889 1562 :

1872 1819 1927 1885 B
2022 1822 2061 1877 0
2092 1822 2311 1879 utinam
2341 1839 2450 1879 non
2479 1828 2724 1880 extremo
2756 1826 3066 1883 miserande
3093 1826 3370 1892 minister,

2022 1896 2331 1970 Quaasisses,
2354 1898 2624 1970 quisnam
2653 1898 2750 1970 ille
2777 1898 2925 1968 deus,
2959 1902 3082 1970 quis
3110 1898 3346 1970 spiritus
3366 1899 3480 1967 ille,

2019 1968 2203 2022 Instar
2227 1971 2322 2037 qui
2345 1968 2486 2023 botri
2503 1968 2889 2039 complectitur
2917 1968 3106 2027 omnia
3133 1968 3363 2039 circum,

2020 2041 2240 2113 Lucem,
2255 2042 2426 2113 astra,
2441 2042 2488 2095 et
2518 2042 2801 2109 ﬂuvios,ct
2824 2046 3053 2109 tartara,
3076 2048 3129 2097 et
3150 2058 3300 2113 aera,
3318 2046 3369 2099 et
3382 2044 3585 2111 ignem.

2019 2110 2261 2166 Invitum
2293 2112 2390 2182 qui
2416 2127 2505 2166 me
2528 2114 2790 2182 progiellit
2817 2114 2886 2169 ab
2915 2115 3121 2168 aedibus
3154 2110 3297 2171 istis;

2015 2256 2145 2328 sola
2173 2256 2316 2311 mihi
2336 2256 2611 2328 tripodum
2648 2274 2795 2313 nunc
2822 2274 2887 2314 ea
2913 2274 3124 2313 aurora
3154 2262 3439 2315 remansit.

2015 2325 2115 2404 I_{ei
2144 2328 2238 2404 1ιεὶ
2273 2325 2664 2404 mc,_tripode.s,
2688 2330 2902 2404 deﬂete.
2932 2332 3459 2404 ExstinctusApollo
3489 2339 3585 2401 est,

2014 2400 2483 2474 sttinctus._l’ir
2513 2418 2597 2456 me
2626 2404 2855 2458 caelesti:
2886 2403 3098 2458 lumine
3122 2400 3325 2474 perditi

2015 2471 2097 2526 Et
2128 2488 2319 2542 passus
2358 2472 2498 2528 Deus
2532 2478 2607 2528 est
2629 2490 2649 2529 :
2678 2474 2853 2529 deitas
2882 2490 2992 2529 non
3022 2471 3187 2545 passa
3214 2475 3306 2530 sed
3334 2476 3454 2548 ipsa
3484 2483 3583 2532 est.

2012 2693 2182 2750 XXX.
2218 2694 2601 2767 Rospondens
2654 2702 2846 2751 autem
2896 2694 3227 2766 fmdil‘ragus
3266 2694 3538 2751 Julianus
3570 2711 3586 2752 :

1940 2784 2243 2855 Existimo,
2304 2783 2518 2855 inquit,
2576 2801 2609 2841 ο
2659 2784 2902 2852 Artemi,
2961 2788 3015 2839 te
3062 2800 3180 2840 non
3239 2784 3470 2841 venisse
3528 2786 3588 2840 in

1939 2874 2248 2946 Egyptum
2330 2873 2538 2929 ducem
2599 2875 2909 2941 exercitus,
2972 2874 3073 2930 sed
3150 2877 3338 2929 vatem
3399 2873 3590 2945 potius

1943 2966 2283 3037 quemdam,
2322 2968 2423 3021 aut
2470 2965 2891 3037 Menagyrtem,
2933 2982 2998 3021 ac
3061 2964 3586 3020 circumforaneum

1941 3054 2314 3121 nebulonem,
2346 3058 2402 3109 et
2433 3070 2653 3110 anuum
2686 3055 3133 3110 lemulentarum
3166 3061 3382 3110 veteres
3414 3057 3588 3125 atque

1944 3144 2087 3199 adeo
2120 3143 2447 3213 antiquatas
2480 3142 2947 3201 narratiunculas
2979 3150 3033 3199 et
3064 3143 3288 3199 fabulas
3318 3142 3589 3213 colligen-

1944 3237 2079 3290 tem.
2129 3233 2349 3300 Martyr
2397 3241 2589 3289 autem
2617 3250 2629 3287 :
2666 3233 2789 3291 Non
2823 3238 2976 3290 recte
3009 3233 3379 3299 existimasti,
3412 3250 3445 3288 ο
3477 3234 3587 3289 im-

1940 3328 2189 3395 perator,
2214 3338 2318 3378 nec
2351 3326 2414 3377 ut
2441 3326 2600 3378 tuam
2634 3324 2797 3379 decet
2821 3322 3172 3394 sapientiam
3204 3326 3260 3379 et
3288 3324 3585 3378 virtutem.

1939 3414 2017 3469 Ex
2062 3412 2180 3468 tuis
2229 3412 2382 3468 enim
2441 3411 2574 3480 diis,
2604 3416 2660 3467 et
2719 3411 2813 3481 iis,
2856 3427 2983 3482 quae
3037 3417 3178 3468 sunt
3235 3412 3342 3468 tibi
3384 3416 3585 3484 gratas,

1939 3502 2285 3573 disciplinis,
2315 3502 2459 3557 facio
2511 3501 3063 3567 demonstrationes,
3099 3506 3164 3557 ut
3208 3519 3276 3558 ex
3323 3502 3417 3568 iis,
3458 3518 3586 3574 qua;

1939 3597 2075 3647 sunt
2105 3590 2211 3646 tibi
2262 3591 2511 3662 cognita,
2546 3590 2737 3646 discas
2783 3591 3129 3663 mysterium
3165 3592 3444 3647 veritatis.
3481 3597 3584 3648 Ne-

1938 3696 2048 3751 que
2103 3684 2270 3751 putes
2330 3696 2422 3735 me
2481 3678 2627 3734 mihi
2681 3679 2905 3751 placere
2978 3680 3199 3736 ornatis
3247 3679 3580 3735 Graecorum

1936 3769 2149 3839 verbis,
2182 3791 2209 3820 «
2254 3768 2459 3826 Oleum
2513 3769 2670 3824 enim
2717 3767 3035 3839 peccatoris
3084 3784 3200 3825 non
3259 3768 3586 3839 impinguet

1938 3864 2111 3929 caput
2142 3874 2361 3926 meum,
2385 3857 2407 3891 ⁶
2431 3877 2455 3909 ι
2490 3858 2588 3913 sed
2613 3862 2725 3913 tuae
2758 3857 2963 3912 animae
2987 3873 3187 3913 curam
3211 3873 3440 3928 gerens,
3467 3874 3586 3913 mo-

1936 3965 2038 4004 veo
2069 3964 2303 4004 omnem
2334 3947 2612 4020 lapidem,
2645 3952 2710 4003 ut
2738 3952 2801 4003 tu
2853 3948 3273 4020 persuadearis.
3308 3947 3584 4004 Existimo

1938 4053 2193 4109 namque
2224 4037 2401 4111 quod,
2434 4037 2585 4093 sicut
2615 4042 2867 4092 veterem
2898 4038 3082 4093 Adam
3109 4041 3165 4092 et
3196 4036 3450 4107 primum
3478 4053 3585 4108 pa-

1936 4132 2161 4183 rentem
2245 4125 2551 4182 excaecavit
2625 4127 2797 4183 Satan
2860 4142 2960 4197 per
3016 4125 3474 4181 inobedientiam
3530 4133 3586 4181 et

1936 4232 2101 4272 esum
2139 4216 2365 4271 fructus
2395 4214 2585 4271 vetita:
2617 4215 2861 4283 arboris,
2891 4214 2975 4270 ita
3020 4215 3218 4281 etiam,
3251 4231 3283 4270 ο
3325 4216 3583 4287 impera-

1934 4310 2045 4375 tor,
2078 4305 2347 4361 invidens
2379 4306 2487 4361 tibi
2520 4303 2782 4373 salutem,
2815 4308 2870 4360 te
2914 4304 3152 4376 privarit
3203 4304 3420 4361 Christi
3450 4306 3581 4365 ﬁde.

1935 4396 2096 4461 Quod
2130 4399 2325 4450 autem
2362 4394 2543 4451 solem
2592 4397 2649 4450 et
2698 4394 2923 4463 lunam,
2955 4401 3008 4449 et
3058 4392 3281 4463 stellas,
3312 4397 3452 4450 deos
3482 4411 3581 4452 vo-

1935 4502 2055 4549 cas,
2090 4485 2269 4557 pudet
2301 4500 2392 4540 me
2425 4492 2525 4540 tua;
2571 4482 2937 4556 ignorantiae,
2974 4499 3045 4539 ne
3076 4483 3266 4539 dicam
3298 4483 3580 4555 improbi-

182 4570 393 4643 ἀσπάσῃ
450 4570 542 4623 τὸν
586 4566 749 4639 ἥλιον
796 4570 887 4623 καὶ
935 4570 1097 4643 ὅρκον
1135 4569 1295 4625 αὐτὸν
1357 4570 1631 4644 βασιλειον
1685 4570 1826 4626 τίθε-

1949 4574 2095 4640 tatis,
2130 4573 2282 4645 quod
2318 4577 2373 4630 et
2403 4590 2502 4630 eas
2551 4572 2838 4629 honorare
2884 4573 3276 4641 constitueris,
3310 4577 3367 4627 et
3394 4574 3582 4644 magis

182 4661 323 4728 σθαι,
356 4656 466 4713 ἄνω
495 4678 554 4713 τε
583 4657 673 4712 καὶ
702 4660 871 4726 κάτω,
903 4659 999 4713 κάν
1040 4664 1159 4721 ταῖς
1203 4657 1516 4721 ἐπισνολαῖς
1564 4660 1661 4714 κάν
1708 4665 1823 4721 τοῖς

181 4747 395 4822 λόγοις,
437 4748 536 4801 κάν
594 4752 715 4809 ταῖς
754 4747 1240 4822 προσαγορεύσεσι,
1281 4747 1425 4803 πολὺ
1482 4749 1544 4804 τὸ
1606 4748 1679 4822 μά
1732 4750 1822 4804 τὸν

179 4836 402 4906 Ἵ-Ιλιον,
436 4834 582 4891 ἀλλά
609 4837 660 4892 τί
693 4835 760 4907 δὴ
791 4841 957 4893 ταῦτα
990 4842 1361 4913 μακρηγορεῖν
1394 4837 1495 4892 οὐκ
1525 4836 1824 4911 ἐξόμνυμαι

179 4926 271 4981 τὸν
312 4926 553 5000 Χριστόν
588 4947 695 4999 μου
710 4944 732 4991 ,⁸
766 4928 841 5001 μή
874 4924 1107 5003 γένοιτο,
1142 4928 1239 4995 τὴν
1268 4928 1509 5000 μυσαράν
1542 4926 1824 4997 Ἑλλήνων

178 5011 424 5070 ἀσέϐειαν
455 5016 553 5070 οὐκ
581 5016 917 5089 ἀσπάζομαι,
950 5015 1075 5071 ἀλλ’
1117 5016 1168 5070 ἐν
1199 5018 1285 5078 οἷς
1326 5013 1621 5095 ἐδιδάχθην
1678 5022 1823 5089 μενῶ

174 5103 267 5159 καὶ
297 5108 405 5159 τῶν
436 5108 711 5178 πατρικῶν
743 5104 1033 5179 ἀνθέξομαι
1066 5102 1437 5179 παραδόσεων.

244 5377 375 5435 AA'.
401 5376 541 5452 Πρὸς
575 5379 742 5433 ταῦτα
782 5376 809 5431 6
842 5375 1143 5441 Ἰουλιανὸς
1190 5375 1541 5453 ἐξαπορηθεῖς
1600 5376 1820 5455 ἄφωνος

170 5468 263 5539 ἧν,
296 5466 395 5522 οὐκ
424 5465 567 5543 ἔχων
598 5466 628 5524 6'
656 5488 708 5523 τι
746 5466 839 5523 καί
877 5470 1132 5546 γέγηται,
1166 5466 1374 5546 σφόδρα
1420 5468 1700 5542 θαυμάσας
1756 5467 1818 5523 τὸ

241 5618 261 5653 ⁸
292 5616 446 5676 Psal.
477 5634 599 5688 exn,
630 5620 668 5675 5
699 5634 713 5689 ;
747 5623 890 5676 Gen.
923 5636 1005 5677 ιιι.

491 5749 762 5811 ΡΑΤιιοι..
810 5752 922 5810 Ga.
972 5749 1148 5811 CXV.

1938 4682 2115 4737 quam
2164 4663 2306 4720 alias
2350 4662 2550 4720 stellas
2593 4662 2776 4718 solem
2809 4662 3201 4733 amplecteris,
3234 4669 3287 4717 et
3319 4678 3417 4733 per
3446 4678 3580 4717 eum

1931 4754 2345 4824 jusjurandum
2374 4752 2633 4825 concipis
2654 4752 3109 4824 imperatorium,
3135 4767 3353 4821 susque
3370 4752 3579 4822 deque,

1936 4848 1993 4899 et
2023 4844 2083 4899 in
2118 4842 2401 4914 epistolis,
2435 4846 2492 4896 et
2521 4842 2580 4896 in
2622 4856 2910 4907 sermone,
2942 4847 2999 4897 et
3027 4839 3407 4897 collocutione
3429 4856 3583 4911 saepe

1937 4949 2186 5002 usurpas
2218 4930 2384 4997 illud,
2434 4931 2537 4985 Per
2579 4930 2792 4986 Solem.
2844 4932 2955 4986 Sed
3007 4931 3142 5000 quid
3178 4946 3325 5001 opus
3364 4934 3451 4985 est
3497 4928 3583 4983 uti

1934 5020 2202 5091 pluribus
2232 5020 2423 5075 verbis
2444 5021 2472 5074 ?
2499 5018 2625 5074 Non
2657 5018 2864 5089 abjuro
2904 5018 3196 5074 Christum
3230 5034 3451 5084 meum,
3484 5017 3584 5072 ab-

1934 5110 2010 5164 sit
2044 5108 2057 5163 l
2092 5109 2363 5165 Gentium
2416 5108 2828 5164 exsecrandam
2863 5124 2979 5163 non
3018 5106 3265 5163 admitto
3314 5106 3583 5176 impieta-

1932 5202 2071 5266 tem,
2106 5198 2201 5254 sed
2236 5198 2485 5254 manebo
2517 5198 2577 5253 in
2609 5195 2697 5265 iis,
2735 5212 2859 5268 quae
2882 5196 3080 5265 didici,
3105 5200 3161 5253 et
3193 5204 3464 5268 paternas
3494 5212 3581 5252 re-

1936 5288 2128 5343 tinebo
2162 5288 2520 5343 traditiones.

2002 5377 2205 5433 XXXI.
2222 5375 2672 5432 HisJulianusin
2688 5374 3260 5431 summamadductus
3277 5373 3583 5433 dubitatio-

1931 5482 2088 5538 nem,
2112 5468 2281 5539 plane
2302 5465 2615 5533 obmutuit,
2641 5465 2907 5521 nesciens
2931 5463 3069 5535 quid
3092 5468 3303 5536 ageret,
3329 5481 3394 5522 ac
3414 5463 3581 5523 valde

3183 5744 3258 5804 38
