4048 6202
515 213 664 271 1195

1855 201 2138 262 MENSIS
2184 199 2571 262 OCTOBER.

3703 214 3816 277 1196

509 374 810 432 admirans
826 368 1093 440 martyris
1107 366 1324 422 variam
1342 382 1406 421 ac
1423 365 1800 438 multiplicem
1816 363 2157 427 doctrinam,

2280 361 2593 437 πολυμαθῗες
2635 368 2731 420 τοῦ
2791 366 3065 439 μάρτυρος
3118 365 3209 419 καὶ
3247 368 3382 440 πρὸς
3423 365 3673 442 ἀπόκρισιν
3716 371 3820 427 ἐτοι-

509 468 566 518 et
596 463 665 517 ad
699 458 1170 531 respondendum
1217 455 1582 512 facilitatem.
1615 455 1718 510 Cui
1763 471 1963 510 rursus
2023 451 2166 508 dicit

513 550 726 607 Christi
755 556 970 620 martyr
995 565 1006 600 :
1043 546 1302 611 Dimitte,
1326 561 1358 600 ο
1382 545 1850 615 imperator,jam
1877 545 2164 598 mortuam

515 646 570 697 et
593 639 828 696 felidam
847 637 1109 708 gentium
1136 634 1470 706 religionem
1498 635 1587 704 (ea
1609 634 1904 702 enimjam
1930 632 2027 686 diu
2056 647 2162 701 pu-

513 730 702 802 truit),
735 733 790 784 et
821 728 1027 783 accede
1058 726 1127 780 ad
1161 723 1454 778 Christum
1479 739 1492 778 :
1513 723 1775 778 estenim
1801 721 2085 791 benignus
2110 725 2164 774 et

517 821 796 885 clemens,
831 821 888 872 et
917 821 972 871 te
1003 832 1117 869 non
1151 812 1404 885 repellet,
1441 812 1489 868 si
1539 811 1773 866 ducaris
1806 810 2161 881 poenitentia.

519 911 626 966 Sed
661 906 783 962 ﬁeri
815 921 929 961 non
963 908 1206 975 poterat,
1240 907 1302 956 ut
1346 906 1567 970 martyr
1593 900 1884 956 resisteret
1916 897 2161 970 impetui

520 998 748 1062 animae,
783 1012 907 1064 quae
939 993 1096 1048 mala
1125 991 1314 1046 libens
1337 1008 1403 1046 ac
1433 992 1633 1045 volens
1665 990 2034 1060 sequebatur,
2057 1002 2162 1042 nec

521 1092 586 1141 ut
617 1093 905 1140 revocaret
936 1083 1215 1149 animam,
1251 1097 1375 1152 quae
1405 1097 1510 1135 sua
1533 1084 1734 1150 sponte
1785 1078 2059 1134 tendebat
2089 1077 2158 1132 ad

519 1175 836 1230 interitum.
869 1174 1137 1227 Julianus
1187 1170 1342 1225 enim
1383 1171 1498 1239 jam
1534 1170 1630 1223 diu
1685 1169 1917 1238 quidem
1965 1166 2162 1220 animo

521 1265 850 1336 parturiens
883 1262 1087 1316 falsam
1122 1260 1382 1331 gentium
1427 1257 1788 1327 religionem,
1820 1271 1996 1326 quam
2030 1271 2164 1309 con-

517 1358 749 1424 ceperat
803 1353 858 1406 in
895 1351 1054 1406 lonia
1111 1365 1176 1403 ex
1218 1365 1327 1402 sua
1375 1347 1786 1418 congressione
1825 1360 1954 1400 cum
1989 1343 2163 1398 Maxi-

518 1459 612 1498 mo
670 1442 838 1513 Tyrio
871 1439 1240 1512 phiIOSOpho,
1273 1437 1532 1509 quandiu
1583 1437 1815 1505 quidem
1868 1437 2161 1504 superstes

516 1535 623 1588 fuit
665 1533 792 1602 ejus
848 1532 1043 1592 frater,
1079 1537 1130 1584 et
1182 1532 1312 1600 post
1341 1528 1529 1596 ipsum
1582 1525 1980 1588 Constantius,
2013 1522 2160 1578 nihil

514 1641 690 1678 ausus
733 1625 821 1676 est
871 1620 1092 1692 aperire
1153 1621 1388 1688 propter
1434 1617 1670 1672 illorum
1717 1620 1958 1670 metum.
1996 1615 2163 1670 Post-

2278 456 2534 526 μὸτατον.
2571 457 2712 530 Πρὸς
2745 456 2801 510 ὃν
2834 454 3000 511 πάλιν
3028 457 3055 510 6
3085 459 3181 510 τοῦ
3212 460 3452 530 Χριστοῦ
3497 460 3679 534 μάρτυς
3711 466 3822 538 φησὶ,

2273 545 2530 622 ’Ἀφες,ὦ
2573 542 2817 620 βασιλεῦ,
2857 546 2956 614 τήν
3015 547 3204 619 νεκρὰν
3268 543 3376 616 ἤδη
3426 547 3509 601 καὶ
3562 547 3821 621 ἑξῳδηκυῐαν

2271 638 2380 687 τῶν
2412 631 2695 704 Ἑλλήνων
2751 634 3038 707 θρησκείαν
3070 633 3228 706 (αὕτη
3263 636 3366 710 γὰρ
3403 637 3486 690 καὶ
3525 639 3620 710 πρὸ
3668 638 3825 696 πολλοῦ

2275 720 2515 794 σέσηπε),
2549 724 2636 778 καὶ
2670 723 2937 796 πρόσελθε
2992 727 3070 794 τῷ
3109 725 3324 796 Χριστῷ
3349 742 3362 756 ⁸
3409 725 3724 801 μακρόθυμος
3756 733 3826 804 γᾶρ

2272 809 2384 866 ἐστι
2427 814 2515 866 καὶ
2569 811 2982 890 φιλάνθρωπος,
3024 813 3111 869 καὶ
3179 815 3279 869 οὐκ
3314 815 3576 872 ἀπώσεταί
3620 839 3669 873 σε
3717 841 3829 892 μετα-

2275 899 2632 974 μελούμενον.
2665 903 2824 960 Ἀλλ’
2857 903 2956 958 οὐκ
2983 905 3048 973 ἦν
3082 901 3184 978 ἄρα
3223 904 3447 982 γνώμης
3477 905 3828 978 ἐθελοκακούσης

2275 989 2544 1068 ἀντισχεῖν
2586 992 2676 1046 τὸν
2714 994 2957 1068 μάρτυρα
2986 999 3104 1056 ταῖς
3151 995 3368 1067 ὁρμαῖς,
3415 994 3528 1050 οὐδ’
3569 995 3830 1052 ἀνακαλεσα-

2274 1080 2392 1133 σθαι
2426 1082 2610 1154 ψυχὴν
2644 1081 2970 1154 αὐτομόλως
3001 1087 3288 1156 χωροῦσαν
3320 1086 3454 1157 πρὸς
3478 1085 3571 1154 τὴν
3601 1087 3828 1142 ἀπώλειαν.

2268 1171 2327 1225 Ὁ
2395 1170 2498 1244 γὰρ
2557 1171 2878 1241 Ἰουλιανὸς,
2937 1169 3110 1226 πάλαι
3173 1173 3264 1227 τὸν
3332 1171 3683 1248 Ἑλληνισμὸν
3735 1177 3832 1231 uti

2272 1260 2455 1330 ψυχὴν
2503 1256 2734 1328 ὠδίνων,
2767 1260 2825 1314 ἐκ
2879 1264 2986 1314 τῶν
3055 1258 3109 1314 ἐν
3169 1261 3342 1332 ’[ωνίᾳ
3397 1265 3684 1336 γενομένων
3729 1266 3832 1335 αὖτῷ

2276 1348 2408 1419 μετὰ
2437 1352 2545 1403 τῶν
2592 1348 2732 1426 ἀμφὶ
2789 1350 2878 1404 τὸν
2908 1351 3160 1424 Μάξιμον
3219 1349 3532 1431 φιλοσόφων
3586 1357 3831 1422 συνουσιῶν,

2272 1436 2351 1516 ἐφ’
2381 1437 2505 1492 ὅσον
2543 1440 2638 1511 μὲν
2678 1438 2767 1494 ὅτε
2797 1436 3030 1520 ἀδελφὸς
3062 1442 3212 1514 αὐτῷ
3243 1449 3456 1517 περιῆν,
3486 1445 3573 1497 καὶ
3604 1449 3703 1515 μετ’
3722 1443 3831 1498 αὐτὸν

2271 1528 2659 1597 Κωνσταντιος,
2691 1529 2719 1582 6
2778 1525 2836 1583 δὲ
2885 1527 3038 1584 οὐδὲν
3099 1535 3487 1606 παραγυμνοῦν
3549 1531 3732 1606 ἐθάρρει
3777 1530 3835 1586 Eii

2269 1619 2330 1672 τὸ
2363 1617 2412 1689 ἐξ
2445 1618 2662 1674 ἐκείνων
2705 1616 2846 1688 δέος,
2876 1619 2992 1675 ἐπεὶ
3033 1619 3089 1676 δὲ
3119 1622 3268 1676 οὗτοι
3403 1623 3682 1697 ἀνθρώπων
3725 1624 3835 1692 ἦσαν,

515 1729 683 1784 quam
718 1715 909 1766 autem
942 1710 979 1766 ii
1015 1726 1046 1764 e
1094 1708 1238 1762 vivis
1270 1710 1660 1772 excesserunt,
1694 1705 1818 1775 ipse
1868 1721 1996 1760 vero
2033 1706 2157 1774 jam

2272 1707 2432 1770 αὐτὸς
2483 1705 2539 1763 δὲ
2585 1713 2691 1763 τῶν
2735 1711 3069 1785 πραγμάτων
3136 1708 3245 1781 ’ἤδη
3301 1711 3490 1785 κύριος
3553 1713 3637 1781 ἦν,
3672 1713 3769 1767 τότε
3791 1710 3834 1779 δή

514 1819 707 1857 rerum
743 1801 1044 1871 potiretur,
1079 1803 1216 1854 tunc
1248 1798 1368 1868 ipse
1431 1813 1491 1851 se
1541 1807 1732 1866 aperte
1779 1811 2020 1859 exuens,
2073 1810 2160 1849 re-

515 1896 690 1964 pente
725 1895 840 1945 toto
873 1887 1044 1944 animi
1081 1887 1274 1943 studio
1317 1886 1509 1955 erupit
1539 1886 1606 1938 ad
1645 1884 1904 1956 gentium
1937 1883 2161 1938 vanita-

515 1987 655 2036 tem.
716 1977 1029 2048 Respondit
1086 1977 1278 2046 itaque
1355 1973 1638 2044 martyri:
1691 1971 1973 2038 Quoniam
2033 1988 2164 2027 mea

514 2069 689 2122 verba
734 2063 1163 2134 contempsisti,
1197 2080 1228 2116 o
1262 2061 1608 2116 sceleratum
1663 2066 1855 2130 caput,
1891 2076 2071 2114 ausus
2104 2075 2163 2115 es

516 2163 706 2211 autem
767 2153 854 2209 vel
917 2153 1103 2207 facere
1155 2150 1501 2222 periculum,
1555 2153 1613 2203 ut
1673 2153 2034 2204 converterer
2088 2147 2162 2203 ad

516 2245 809 2310 eumdem,
843 2241 914 2296 ad
947 2256 1117 2310 quem
1150 2244 1234 2305 tu,
1269 2238 1482 2294 Christi
1515 2237 1763 2304 cultum,
1797 2253 1901 2309 ego
1929 2254 2162 2309 quoque

516 2341 573 2390 te
605 2335 796 2404 dignis
846 2337 1018 2389 rebus
1062 2332 1318 2387 vicissim
1364 2330 1794 2386 remunerabor.
1831 2330 1999 2385 Jubet
2049 2330 2159 2385 ita-

517 2440 628 2496 que
659 2423 789 2479 exui
848 2426 1184 2495 martyrem,
1217 2425 1275 2476 et
1322 2419 1550 2476 subolis
1601 2418 1802 2474 ferreis
1851 2419 2163 2474 candenti-

512 2516 622 2571 bus
653 2515 780 2584 ejus
812 2513 992 2569 latera
1041 2511 1276 2583 conﬁgi,
1308 2515 1365 2566 et
1414 2509 1601 2565 acutis
1650 2507 1879 2564 tribulis
1919 2509 2160 2565 dorsum

513 2607 642 2674 ejus
684 2604 888 2675 pungi,
923 2607 980 2658 et
1026 2600 1340 2670 disrumpi,
1383 2601 1524 2655 dum
1569 2599 1819 2670 supinus
1885 2598 2157 2655 trahitur.

517 2695 618 2750 His
649 2698 845 2748 autem
878 2690 1315 2764 quamprimum
1345 2689 1543 2754 illatis,
1568 2696 1685 2744 erat
1710 2688 1761 2742 ei
1793 2688 2018 2757 eadem,
2051 2689 2160 2743 sic-

515 2789 579 2838 ut
624 2786 807 2854 prius,
837 2782 1183 2837 constantia.
1219 2778 1420 2834 Multis
1472 2777 1665 2847 itaque
1707 2776 1867 2832 horis
1897 2793 1956 2831 se
2006 2792 2158 2830 mar-

513 2876 636 2943 tyre
669 2872 887 2926 fortiter
917 2874 1151 2940 gerente
1184 2869 1242 2922 iu
1274 2867 1601 2933 tormentis,
1633 2872 1684 2920 et
1719 2864 1940 2920 nullam
1984 2865 2158 2919 emit-

516 2965 674 3015 tente
708 2975 904 3013 vocem
958 2962 1056 3011 aut
1103 2955 1406 3027 gemitum,
1439 2960 1681 3008 moestus
1730 2952 1830 3008 ille
1858 2959 1916 3008 et
1952 2954 2157 3027 tristis,

515 3053 797 3116 tanquam
857 3044 1069 3111 victus,
1117 3043 1370 3098 surrexit
1427 3059 1456 3097 e
1513 3041 1814 3110 tribunali,
1875 3046 1931 3098 et
1989 3043 2158 3113 jubet

2273 1796 2347 1859 εἷς
2389 1799 2451 1852 τὸ
2507 1799 2733 1874 φανερὸν
2784 1797 3294 1878 ἀπαμφιασάμενος,
3336 1801 3528 1863 πάσαις
3580 1800 3745 1873 ἀθρόον
3790 1801 3838 1861 εἰς

2271 1887 2361 1940 τὸν
2393 1884 2762 1958 Ἑλληνισμὸν
2793 1886 3047 1962 ἐξερράγη
3096 1895 3217 1951 ταῖς
3265 1891 3614 1964 προθυμίαις.
3642 1891 3838 1962 ’Δπεχρί-

2269 1999 2395 2031 νατο
2432 1981 2724 2052 τοιγαροῦν
2771 1979 2908 2052 πρὸς
2938 1979 3032 2034 τὸν
3067 1980 3334 2054 μάρτυρα,
3377 1981 3527 2037 Ἐπεὶ
3564 1979 3676 2040 τοὺς
3725 1978 3842 2051 ἐμοὺς

2272 2065 2564 2144 ἐφαέλισας
2597 2065 2817 2141 λόγους,
2853 2069 2898 2121 ὦ
2931 2071 3068 2139 κακή
3103 2070 3341 2144 κεῳαλῆ,
3373 2069 3670 2144 ἐτόλμησας
3710 2067 3840 2124 δὲκαὶ

2269 2156 2487 2209 καθεῖνα
2545 2161 2756 2228 πεῖραν.
2800 2157 2937 2211 ὥστε
2993 2157 3136 2226 πρὸς
3183 2159 3247 2212 τὸ
3292 2158 3455 2215 αὐτόν
3488 2181 3568 2214 σοι
3629 2163 3712 2214 τοῦ
3751 2161 3840 2231 xcv.-

2273 2248 2594 2316 στιανισμοῦ
2688 2240 2846 2306 σέϐας
2935 2241 3284 2318 μεταϐαλεῖν,
3343 2247 3840 2327 ἂντιφιλοτιμήσομιί

2272 2353 2355 2386 σοι
2413 2333 2565 2406 κάγὼ
2620 2338 2736 2395 τοῖς
2794 2333 2963 2403 ἀξίοις
3019 2335 3248 2408 ῥήμασι.
3282 2335 3509 2392 Κελεύει
3562 2337 3720 2390 τοίνυν
3744 2335 3842 2390 ἀπο-

2267 2423 2595 2496 γυμνοῦσθαι
2644 2424 2735 2476 τὸν
2787 2423 3036 2498 μάρτυρα
3071 2425 3161 2478 καὶ
3213 2421 3479 2487 σούϐλαις
3510 2423 3735 2500 σιδηραῖς
3778 2445 3842 2478 πε-

2269 2511 2714 2584 πυρακτωμέναις
2777 2512 2870 2572 τὰς
2945 2511 3183 2587 πλευρὰς
3248 2514 3418 2569 αὐτοῦ
3477 2512 3840 2589 διαπερονᾶσθαι,

2267 2597 2476 2653 καὶτὸν
2527 2603 2698 2653 νῶτον
2737 2597 2900 2653 αὑτοῦ
2957 2595 3240 2676 περιϐόλοις
3291 2597 3437 2671 ὀξέσι
3495 2602 3840 2657 κατακεντᾶσθαι

2267 2687 2355 2742 καὶ
2394 2684 2817 2763 διαβῇήγνυσθαι
2859 2688 3157 2764 συρόμενον
3189 2689 3400 2747 ὕπτιον.
3440 2691 3654 2750 Τούτων
3682 2689 3728 2744 δὲ
3751 2691 3842 2758 πρὸς

2267 2776 2445 2850 τάχος
2505 2777 2904 2852 ἦπενεχθέντων
2962 2781 3043 2850 τῷ
3103 2779 3358 2854 μάρτυρι,
3391 2783 3428 2849 ἡ
3493 2781 3622 2850 αὐτὴ
3651 2777 3844 2853 καρτερία

2267 2867 2333 2934 ἧν
2366 2864 2532 2938 αὐτῷ,
2565 2868 2802 2941 καθάπερ
2836 2864 2902 2935 δή
2959 2868 3049 2922 καὶ
3097 2869 3158 2923 τὸ
3203 2869 3492 2944 πρότερον.
3526 2870 3641 2925 Ἐπὶ
3668 2866 3845 2927 πολλαῖς

2270 2952 2360 3010 οῦν
2391 2959 2510 3017 ταῖς
2541 2952 2709 3029 ὥραις
2757 2962 2876 3018 ταῖς
2934 2956 3186 3032 βασάνοις
3246 2957 3474 3020 ταύταις
3529 2957 3846 3036 ἐγκαρτεροῦν-

2266 3065 2358 3106 τος
2390 3048 2486 3098 τοῦ
2520 3044 2813 3120 μάρτυρος,
2845 3044 2936 3101 καὶ
2990 3043 3132 3118 μηδὲ
3191 3046 3318 3120 μίαν
3379 3051 3569 3122 φωνην
3614 3049 3645 3117 ἢ
3690 3065 3847 3117 στεναγ-

520 3141 834 3206 martyrem
889 3150 1095 3188 rursus
1144 3130 1356 3187 abduci
1405 3131 1462 3185 in
1524 3146 1832 3194 carcerem,
1866 3136 1924 3186 et
1971 3147 2157 3203 neque

2346 3102 2357 3106 -
2520 3102 2530 3117 .
2600 3102 2609 3119 .
2699 3102 2708 3120 .
2777 3102 2813 3117 -,
2990 3102 3001 3118 .
3055 3102 3066 3115 .
3191 3102 3202 3120 .
3391 3102 3458 3122 εν
3529 3102 3539 3118 .
3636 3102 3644 3117 .
3819 3102 3828 3117 .

2273 3131 2372 3207 μὸν
2468 3132 2737 3209 ἀφιέντος,
2804 3137 3055 3214 κατηφὴς
3143 3136 3350 3200 ἐκεῖνος
3432 3139 3528 3193 καὶ
3595 3134 3846 3209 σκυθρωπὸς

519 3240 724 3294 panem
760 3239 946 3294 neque
977 3237 1184 3292 aquam
1242 3219 1291 3274 ei
1346 3219 1609 3291 praeberi,
1643 3235 1748 3274 nec
1797 3236 2162 3292 quaecunque

521 3314 593 3368 ad
627 3313 841 3368 victum
876 3315 1119 3366 sumunt
1150 3309 1441 3365 homines.
1479 3311 1605 3380 ipse
1637 3316 1830 3364 autem
1863 3311 2160 3381 profectus

519 3407 608 3459 est
638 3404 708 3457 ad
742 3401 1067 3474 Daphnem,
1099 3402 1198 3472 qui
1251 3405 1335 3456 est
1375 3398 1692 3456 Antiochia
1743 3398 1905 3457 locus
1941 3401 2161 3472 jucun-

521 3493 820 3550 dissimus.

587 3768 813 3826 XXXII.
865 3767 1028 3822 Circa
1075 3765 1329 3822 mediam
1382 3767 1578 3820 autem
1636 3768 1865 3820 noctem
1921 3765 2160 3837 apparet

515 3859 784 3914 Christus
835 3855 1072 3927 martyri
1116 3855 1305 3910 oranti
1354 3853 1412 3908 in
1465 3854 1746 3921 custodia,
1794 3853 2055 3909 animum
2107 3850 2158 3907 ei

515 3948 759 4014 addens,
793 3951 851 4000 et
883 3962 944 4000 se
974 3961 1104 3999 cum
1136 3959 1200 3998 eo
1251 3943 1488 3998 omnino
1539 3941 1802 3996 futurum
1855 3941 2153 4014 pollicens,

514 4041 570 4091 et
599 4035 833 4089 dicens:
870 4033 1167 4096 Quomodo
1216 4032 1340 4102 ipse
1389 4045 1482 4086 me
1530 4030 1830 4085 confessus
1873 4030 2032 4086 fuisti
2064 4047 2157 4086 co-

513 4140 636 4178 ram
663 4122 1000 4178 hominibus
1031 4137 1208 4192 super
1236 4124 1474 4186 terram,
1494 4133 1597 4190 ego
1629 4133 1861 4190 quoque
1893 4124 1950 4175 te
1980 4120 2154 4175 confl-

512 4211 680 4266 tebor
722 4228 918 4266 coram
979 4210 1148 4265 Patre
1212 4225 1360 4277 meo,
1394 4209 1495 4278 qui
1553 4212 1640 4263 est
1687 4208 1745 4262 in
1799 4207 1980 4265 ccelis.
2024 4214 2154 4265 Haec

513 4315 644 4354 cum
687 4305 904 4370 martyr
952 4297 1235 4354 audiisset
1267 4315 1300 4353 a
1348 4296 1612 4362 Domino,
1661 4298 1920 4365 confidit,
1953 4302 2010 4354 et
2038 4303 2155 4354 tota

514 4393 682 4444 nocte
732 4390 909 4445 Deum
960 4387 1329 4458 glorificavit,
1363 4391 1418 4442 et
1447 4388 1497 4442 ei
1537 4387 1652 4458 egit
1679 4387 1917 4458 gratias.
1949 4389 1994 4442 A
2027 4389 2152 4457 pta-

2270 3221 2450 3297 ὥσπερ
2491 3225 2830 3297 ἡττώμενος,
2864 3221 3115 3295 ἐξηνέστη
3148 3229 3245 3280 τοῦ
3278 3226 3553 3299 βήματος,
3586 3227 3668 3280 καὶ
3692 3223 3848 3279 κελεύει

2269 3313 2361 3367 τὸν
2405 3313 2652 3386 μάρτυρα
2688 3310 2854 3367 πάλιν
2883 3310 2973 3367 ἐπὶ
3021 3315 3120 3383 τὴν
3171 3315 3388 3388 εἱρκτὴν
3453 3311 3848 3389 ἆπαχθῆναι,καὶ

2273 3402 2412 3473 μήτε
2469 3400 2627 3476 ἄρτον
2688 3405 2828 3474 μήτε
2883 3399 3031 3477 ὕδωρ
3090 3404 3240 3476 αὐτῷ
3295 3413 3718 3480 παρασχεθῆναι,
3758 3397 3848 3473 μηδ’

2269 3489 2368 3544 ὅσα
2405 3491 2542 3563 πρὸς
2587 3491 2650 3544 τὸ
2690 3494 2783 3564 ζῇν
2838 3487 3348 3565 μεταλαμϐάνουσιν
3399 3491 3689 3569 ἅνθρωποι.
3722 3489 3847 3549 Αὐτὸς

2269 3576 2326 3633 δὲ
2381 3578 2468 3632 ἐπὶ
2523 3580 2624 3649 τήν
2684 3585 2892 3658 Δάφνην
2948 3579 3235 3655 ἐξώρμησε
3288 3586 3389 3648 τῆς
3449 3583 3768 3658 ’Λντιοχείας
3810 3580 3849 3632 τὸ

2268 3687 2374 3741 χαρ
2385 3666 2645 3724 ιέστατον.

2340 3760 2462 3814 ΑΒ’.
2499 3759 2627 3833 Περὶ
2661 3755 2718 3814 δὲ
2752 3758 2918 3834 μὲρας
2975 3762 3168 3823 νύκτας
3216 3760 3305 3816 ἐπὶ
3360 3769 3464 3832 τῆς
3524 3761 3756 3841 φυλακῆς
3800 3756 3853 3812 εὖ·

2267 3847 2492 3920 χομὲνῳ
2530 3848 2607 3919 τῷ
2651 3847 2904 3923 μάρτυρι,
2955 3851 2984 3904 ὁ
3035 3851 3278 3925 Χριστὸς
3325 3850 3679 3928 ἐπιφαίνεται,
3710 3848 3853 3921 nigro:

2264 3955 2324 3989 τε
2362 3933 2587 3999 ἐντιθεῖς
2635 3937 2724 3990 καὶ
2778 3943 3008 3993 συνεῖναι
3079 3941 3227 4011 αύτῷ
3273 3941 3518 4012 καθάπαξ
3576 3936 3856 4013 ἐπαγγελλό-

2270 4044 2445 4096 μενος,
2477 4027 2679 4099 Ὥσπερ
2719 4025 2901 4098 αὐτὸς,
2935 4027 3133 4105 λέγων,
3165 4028 3541 4107 ὡμολόγησας
3573 4051 3635 4104 με
3673 4027 3851 4084 ἒνώπιον

2261 4119 2370 4167 τῶν
2411 4114 2708 4189 ἀνθρώπων
2770 4116 2856 4172 ἐπὶ
2913 4125 3013 4187 τῆς
3069 4125 3195 4195 γῆς,
3257 4119 3600 4198 ὁμολογήσω
3645 4119 3775 4194 κτιγὼ

2264 4203 2490 4257 ἐνώπιον
2523 4208 2617 4258 τοῦ
2649 4205 2857 4278 Ηατρὸς
2890 4228 2992 4278 μου
3025 4213 3122 4262 τοῦ
3163 4207 3214 4263 ἐν
3259 4215 3374 4270 τοῖς
3420 4211 3691 4285 οὐρανοῖς.
3718 4209 3858 4264 Ταῦτα
3939 4203 3950 4285 i

2263 4293 2290 4346 6
2353 4293 2554 4366 μάρτυς
2586 4293 2822 4355 ἀκούσας
2870 4295 3016 4368 παρᾶ
3065 4297 3288 4372 Κυρίου,
3324 4297 3613 4372 ἐθάρσησε,
3643 4299 3725 4354 καὶ
3766 4290 3857 4366 παρ’

2262 4379 2401 4450 ὅλην
2432 4380 2594 4436 νύκτα
2625 4378 2936 4458 δοξολογῶν
2967 4385 3058 4454 ἦν,
3090 4387 3180 4440 καὶ
3213 4387 3444 4465 χάριτας
3478 4386 3760 4464 ὁμολογῶν
3804 4385 3859 4451 τῷ

511 4479 602 4550 gis
623 4479 778 4533 enim
812 4479 935 4533 suis
977 4481 1034 4532 et
1077 4474 1415 4531 vulneribus
1447 4483 1678 4546 repente
1711 4476 1816 4531 fuit
1846 4477 2149 4546 relaxatus,

2267 4474 2400 4542 Θεῷ.
2444 4470 2653 4541 Ἀνείθη
2687 4472 2792 4545 γὰρ
2840 4471 2898 4526 ἐκ
2936 4478 3043 4528 τῶν
3083 4473 3316 4550 πληγῶν
3363 4478 3454 4531 καὶ
3505 4484 3615 4532 τῶν
3662 4473 3860 4551 τραυμά·

511 4569 653 4622 adeo
688 4571 750 4621 ut
809 4582 879 4622 ne
908 4564 1112 4619 vibicis
1143 4564 1379 4635 quidem
1408 4565 1719 4635 vestigium
1768 4573 2065 4634 appareret
2095 4567 2153 4623 in

509 4657 714 4711 sancto
748 4656 875 4725 ejus
907 4669 1165 4725 corpore.
1199 4652 1396 4723 Spatio
1430 4657 1619 4708 autem
1653 4653 1988 4724 quindecim
2026 4654 2151 4713 die-

509 4761 637 4800 rum
672 4743 891 4798 mansit
935 4741 1172 4797 omnino
1224 4741 1458 4811 jejunus
1508 4741 1565 4796 in
1609 4757 1862 4810 carcere,
1898 4743 2151 4800 nutritus

507 4850 656 4905 pane
695 4831 1061 4901 angelorum,
1098 4846 1197 4886 seu
1246 4830 1436 4901 gratia
1485 4830 1622 4886 boni
1669 4831 1938 4901 Spiritus.
1969 4831 2152 4889 Julia-

504 4939 617 4978 nus
648 4937 780 4976 vero
831 4936 988 4988 cum,
1034 4919 1189 4974 sicut
1235 4919 1514 4987 diximus,
1541 4921 1798 4976 venisset
1833 4921 2148 4990 Daphnem,

503 5009 790 5066 sacriﬁcia
843 5009 1081 5080 parabat
1128 5007 1400 5077 Apollini,
1450 5024 1693 5078 sperans
1725 5009 1842 5063 fore
1884 5013 1950 5064 ut
1981 5011 2052 5066 ab
2083 5027 2149 5066 eo

499 5100 615 5155 cito
663 5098 951 5167 acciperet
990 5112 1288 5167 responsa.
1323 5095 1566 5166 Daphne
1597 5101 1684 5152 est
1745 5096 2148 5155 suburbanum

497 5187 838 5252 Antiochiae,
889 5187 1067 5240 situm
1119 5185 1174 5238 in
1226 5185 1354 5253 ejus
1412 5183 1551 5240 locis
1594 5184 1914 5254 altioribus,
1969 5190 2027 5242 et
2065 5191 2148 5242 te-

502 5280 666 5330 ctum
699 5291 868 5331 omne
900 5291 1082 5346 genus
1115 5273 1423 5329 arboribus
1459 5291 1471 5328 :
1504 5291 1619 5345 quo
1651 5274 1711 5330 in
1744 5274 1868 5331 loco
1911 5279 1968 5331 et
2007 5275 2147 5332 alia-

502 5380 632 5418 rum
667 5365 938 5419 arborum
973 5369 1028 5418 et
1059 5363 1382 5434 praesertim
1431 5379 1859 5435 cupressorum,
1895 5364 2148 5421 maxima

500 5449 608 5504 fuit
667 5448 926 5520 plantata
973 5451 1306 5519 multitudo,
1352 5450 1806 5522 pulchritudine,
1841 5451 2147 5510 altitudine

499 5543 556 5596 et
604 5537 1006 5610 magnitudine
1055 5554 1421 5608 nequaquam
1473 5539 1793 5597 imitabilis.
1851 5541 2146 5598 Labuntur

2257 4580 2362 4613 των
2428 4559 2596 4614 αὐτοῦ
2654 4569 3022 4635 παραχρῆμα,
3065 4563 3202 4619 ὥστε
3239 4562 3379 4638 μηδέ
3429 4565 3711 4639 μώλωπος
3739 4563 3858 4637 ἴχνος
3931 4589 3934 4596 ·

2257 4647 2308 4702 ἐν
2367 4652 2445 4719 τῷ
2503 4647 2640 4724 ἁγίῳ
2697 4649 2862 4706 αὐτοῦ
2925 4650 3321 4709 ἐντετυπῶσθαι
3379 4655 3859 4729 σώματι.Ἦμερῶν

2259 4733 2317 4790 δὲ
2399 4733 2779 4792 πεντεκαίδεκα
2870 4735 3288 4814 διαγενομένων,
3339 4740 3523 4804 ἄσιτος
3613 4741 3776 4814 ἔμεινε
3818 4737 3860 4790 τὸ

2256 4824 2503 4898 παράπαν
2554 4827 2608 4879 ’e‘v
2668 4830 2737 4899 τῇ
2789 4828 2998 4902 εἱρκτῇ,
3031 4829 3280 4906 ἀγγέλων
3321 4828 3492 4905 ἄρτῳ,
3524 4831 3623 4886 εἴσ⁸
3654 4829 3739 4884 οῦν
3784 4827 3862 4900 χά-

2257 4933 2368 4986 ριτι
2405 4918 2502 4967 τοῦ
2545 4915 2750 4989 ἀγαθοῦ
2789 4916 3118 4993 τρεφόμενος
3180 4919 3510 4992 Πνεύματος.
3539 4921 3601 4976 Ὁ
3649 4917 3705 4972 δὲ
3758 4918 3862 4971 Ἰου-

2259 4999 2460 5072 λιανὸς,
2493 5001 2580 5057 ἐπὶ
2636 5005 2736 5072 την
2795 5005 3009 5078 Δάφνην
3063 5008 3374 5080 γενόμενος,
3435 5007 3616 5080 ὥσπερ
3667 5002 3861 5084 ἕρημεν,

2256 5090 2442 5154 θυσίας
2470 5091 2536 5159 ἦν
2597 5091 3019 5167 ἐτοιμαζὸμενος
3056 5099 3133 5166 τῷ
3178 5095 3518 5162 Ἀπόλλωνι,
3549 5095 3762 5156 εὔελπις
3787 5091 3860 5154 ὧν,
3941 5119 3944 5126 ·

3384 5182 3650 5244 δέξασθαι.
3671 5186 3730 5241 Ἡ
3783 5180 3862 5236 Δά-

3419 5219 3465 5254 ις

2254 5289 2359 5341 φνη
2430 5265 2487 5322 δὲ
2545 5271 2866 5343 προάστειύν
2923 5270 3035 5325 ἐστι
3093 5276 3191 5340 τῆς
3249 5274 3608 5349 Ἀντιοχείας,
3651 5273 3735 5328 ἐπὶ
3782 5274 3865 5326 τῶν

2252 5178 2339 5232 καὶ
2373 5179 2498 5240 τοὺς
2536 5180 2625 5233 ὑπ’
2658 5181 2821 5236 αὐτοῦ
2871 5183 3163 5257 χρησμοὺς
3208 5187 3350 5259 ταχὺ

2254 5355 2612 5434 ὑψηλοτέρων
2659 5360 2827 5430 αὐτῆς
2903 5362 3123 5436 χωρίων
3186 5364 3460 5436 κείμενον,
3521 5363 3706 5418 ἄλσεσι
3753 5379 3865 5416 πιν-
3941 5409 3944 5420 .

2248 5445 2421 5509 τοίοις
2455 5449 2791 5522 συνηρεφές·
2845 5448 2968 5514 ἔνθα
3014 5455 3120 5505 τῶν
3179 5471 3238 5507 τε
3295 5451 3480 5508 ἄλλων
3531 5456 3741 5508 πάντων
3771 5448 3863 5504 δὲν-

2251 5533 2417 5612 δρων,
2447 5539 2537 5591 καί
2571 5534 2637 5608 δὴ
2689 5538 2778 5594 καὶ
2825 5539 3171 5616 κυπαρίττων
3218 5539 3411 5618 ἔξοχόν
3467 5565 3519 5600 τι
3564 5543 3862 5623 πεφύτευται
