4012 6220
207 320 362 379 1197

1415 315 1888 376 MAR'I‘YIHUM
1934 317 1997 373 S.
2051 315 2407 374 ARTEMII.

3457 323 3612 382 1198

203 481 401 550 χρῆμα
457 476 594 549 πρὸς
634 494 692 528 τε
741 470 947 534 κάλλος
1005 471 1097 526 καὶ
1155 470 1317 545 ὕψος,
1372 472 1461 526 καὶ
1524 471 1752 546 μέγεθος
1793 470 1854 526 οὐ

1973 489 2098 528 vero
2131 473 2187 526 in
2223 489 2456 528 omnem
2492 478 2715 543 partem
2762 475 2980 532 ﬂuenta
3011 493 3292 549 aquarum
3343 481 3614 549 poculen-

206 565 470 638 μιμητὸν.
515 564 748 635 Νάμοιτά
790 584 847 616 τε
905 563 1007 635 γάρ
1050 568 1300 636 πανταχῆ
1363 558 1562 626 διαθέει
1601 563 1851 634 ποτίμων

207 651 439 722 ὑδάτων,
473 652 739 728 μεγίστων
791 650 971 705 αὐτόοι
1029 654 1221 724 πηγῶν
1261 646 1659 722 ἀναδιδομένων
1696 670 1708 682 ο
1767 651 1856 725 ἀφ’

204 745 278 796 ὧν
335 744 424 797 καὶ
483 745 518 811 ἡ
567 740 732 802 πόλις
790 738 841 794 ἐν
904 736 1115 813 ὀλίγαις
1168 736 1234 806 δὴ
1270 737 1482 792 πόλεων
1517 737 1850 812 εὑυόροτατη

203 835 491 908 τυγγάνειν
549 830 717 899 δοκεῖ,
762 830 850 884 καὶ
915 831 1022 902 μὴν
1090 827 1410 901 οἱκοδομαῖς
1458 827 1740 903 λαμπραῖς
1768 851 1858 882 κα-

204 921 479 978 ταλύσεων
508 921 598 976 καὶ
641 920 906 995 λουτρῶν,
959 918 1050 973 καὶ
1100 922 1207 972 τῶν
1255 915 1441 973 ἄλλων
1509 919 1850 973 κατασκευῶν

202 1010 280 1074 εἶ’ς
311 1033 367 1066 τε
409 1011 596 1086 χρείαν
651 1010 740 1064 καὶ
789 1010 994 1080 κόσμον
1053 1007 1109 1061 εὖ
1172 1005 1319 1079 μάλα
1368 1005 1687 1068 πολυτελῶς
1730 1007 1854 1076 ἐξῄ-

200 1121 396 1170 σκηται
425 1101 488 1154 τὸ
519 1097 745 1173 χωρίον.
773 1097 1032 1159 Ἐνταῦθα
1057 1094 1144 1150 καὶ
1190 1093 1375 1150 ἄλλων
1431 1096 1525 1167 μὲν
1576 1089 1851 1166 δαιμόνων

199 1189 320 1243 ναοί
375 1208 433 1243 τε
491 1189 580 1242 καὶ
641 1186 931 1260 ἀγάλματα
985 1188 1074 1255 ἦν,
1121 1181 1480 1258 διαφερόντως
1537 1205 1596 1258 γε
1645 1186 1752 1256 μὴν
1793 1185 1853 1238 τὸ

201 1282 300 1333 τοῦ
353 1275 715 1338 Ἀπόλλωνος
795 1276 1033 1350 ἀρχῆθεν
1101 1273 1318 1349 ὑπῆρχε
1399 1273 1851 1348 θεραπευόμενον.

205 1366 409 1430 Αὐτόθι
460 1367 562 1442 γὰρ
616 1366 706 1419 καὶ
762 1366 825 1419 τὸ
875 1363 999 1438 περὶ
1057 1364 1157 1430 τὴν
1211 1362 1423 1440 Δάφνην
1457 1363 1555 1430 τήν
1588 1363 1852 1435 παρθένον

206 1452 479 1528 συμϐῆναι
522 1453 694 1518 πάθος
753 1454 781 1507 6
837 1450 1167 1521 Ἐλληνικὸς
1221 1447 1420 1504 ἔπλασε
1461 1454 1650 1521 μῦθοςο
1678 1453 1743 1519 ἧς
1781 1449 1849 1520 δὴ

203 1547 290 1600 καὶ
326 1544 562 1618 μάλιστα
583 1544 761 1622 φέρειν
795 1540 946 1596 δοκεῖ
979 1542 1080 1608 τὴν
1114 1540 1424 1611 ἐπωνυμίαν
1457 1539 1484 1592 6
1528 1540 1718 1600 τόπος.

274 1634 395 1692 Al'.
444 1633 520 1688 T6
579 1630 636 1686 δὲ
682 1628 909 1705 ἄγαλμα
972 1633 1070 1684 τοῦ
1139 1626 1520 1694 Ἀπόλλωνος,
1549 1625 1760 1682 τοιόνδε
1803 1648 1854 1681 τι

200 1724 300 1792 τὴν
349 1722 686 1790 κατασκευὴν
745 1723 831 1789 ἦν’
901 1719 952 1789 ἐξ
992 1716 1243 1791 ἀμπέλου
1305 1718 1400 1790 μὲν
1458 1717 1610 1771 αὐτῶ
1660 1737 1854 1771 συνεπ-

1967 567 2182 627 tarum,
2244 563 2702 618 scaturientibus
2761 565 2895 620 inde
2954 568 3226 622 maximis
3299 569 3608 626 fontibus:

1967 669 2082 722 quo
2135 652 2216 719 fit,
2249 657 2311 706 ut
2381 652 2585 708 civitas
2635 655 2784 708 inter
2841 661 3075 711 caeteras
3148 674 3297 727 aqua
3353 660 3611 715 abundet

1968 742 2237 796 maxime.
2292 741 2592 797 Praeclaris
2635 759 2868 814 quoque
2915 747 3410 801 exstructionibus
3445 749 3606 802 habi-

1964 830 2309 894 taculorum,
2343 836 2401 885 et
2447 833 2825 900 lavacrorum,
2859 838 2915 888 et
2954 836 3202 890 aliorum
3235 838 3606 894 aedificiorum

1971 919 2133 974 locus
2175 924 2265 974 est
2298 921 2607 991 magniﬁce
2659 921 2983 978 instructus
3015 929 3072 977 et
3118 928 3377 979 ornatus.
3419 925 3523 982 Hic
3553 932 3610 982 et

1964 1007 2209 1062 aliorum
2235 1007 2471 1078 quidem
2505 1009 2834 1064 daemonum
2869 1013 3084 1081 templa
3114 1016 3280 1068 erant
3312 1017 3367 1068 et
3397 1013 3608 1086 imagi-

1967 1113 2086 1163 nes,
2122 1096 2410 1167 praecipue
2461 1108 2652 1153 autem
2703 1099 2986 1168 templum
3039 1100 3325 1170 Apollinis
3376 1101 3608 1158 coleba—

1964 1190 2057 1241 tur
2088 1187 2159 1241 ab
2191 1186 2376 1240 initio.
2412 1186 2513 1241 Hie
2545 1187 2700 1241 enim
2727 1189 2808 1254 id,
2839 1190 2993 1258 quod
3019 1189 3090 1242 de
3120 1189 3360 1259 Daphne
3386 1190 3610 1261 virgine

1965 1279 2258 1340 narratur,
2293 1275 2568 1331 accidisse
2598 1275 2804 1331 Graeca;
2839 1278 3130 1332 ﬁnxerunt
3162 1278 3368 1334 fabula
3398 1297 3411 1335 :
3445 1278 3610 1349 cujus

1965 1363 2138 1420 etiam
2171 1381 2494 1436 cognomen
2530 1366 2782 1420 maxime
2812 1365 3040 1422 videtur
3072 1368 3220 1424 ferre
3249 1367 3436 1425 locus.

2036 1632 2280 1689 XXXIII.
2297 1632 2493 1704 Imago
2509 1637 2689 1689 autem
2711 1632 2985 1704 Apollinis
3002 1642 3117 1690 erat
3137 1634 3245 1690 hoc
3269 1637 3439 1691 modo
3472 1652 3611 1692 con-

1966 1725 2222 1777 structa:
2257 1723 2319 1777 Ei
2351 1738 2418 1777 ex
2447 1722 2561 1778 vite
2591 1729 2711 1778 erat
2741 1738 2949 1795 corpus
2981 1724 3390 1795 compositum,
3421 1725 3611 1780 admi-

202 1815 395 1890 επήγει
452 1811 514 1866 τὸ
573 1814 753 1884 σῶμα,
813 1806 1084 1881 θαυμασία
1124 1809 1232 1862 τινὶ
1291 1808 1483 1883 τέχνῃ,
1544 1808 1680 1880 πρὸς
1730 1811 1854 1880 μιᾶς

1973 1811 2133 1866 rabili
2162 1813 2411 1884 quadam
2446 1816 2568 1868 arte
2599 1813 2680 1868 ita
2711 1817 3096 1884 compactum,
3125 1818 3187 1869 ut
3205 1831 3319 1886 prae
3351 1831 3413 1871 se
3439 1815 3613 1871 ferret

204 1901 475 1981 συμφυΐας
533 1898 673 1955 ἰδίαν
734 1899 1117 1973 συναρμοσθὲν,
1153 1901 1342 1972 χρυσῷ
1400 1898 1456 1951 δὲ
1495 1902 1598 1958 πᾶς
1627 1898 1667 1969 ,ὁ
1707 1917 1852 1972 περι-

201 1994 451 2067 κείμενος
508 1991 716 2052 πέπλος
766 1989 1213 2067 ἀμφιεννύμενος,
1255 1993 1371 2050 τοῖς
1427 2007 1852 2062 παραγεγυμνω-

208 2083 412 2157 μένοις,
465 2080 554 2136 καὶ
602 2080 867 2154 ἀχρόσοις
923 2083 1020 2133 τοῦ
1075 2078 1330 2150 σώματος
1383 2075 1458 2138 εἰς
1501 2074 1770 2152 ἄφραστον
1797 2097 1850 2131 τι

207 2170 540 2250 συνεφαίνετο
595 2168 826 2230 κάλλος.
877 2168 1102 2224 Ἐστῶτι
1173 2164 1231 2221 δέ
1292 2169 1424 2239 μετὰ
1486 2170 1676 2240 χεῖρας
1715 2167 1780 2234 ἦν
1813 2166 1849 2234 ἡ

204 2263 422 2335 κιθάρα,
459 2259 897 2334 μουσηγετοῦντά
933 2277 1055 2312 τινα
1102 2254 1518 2329 ἐκμιμουμένῳ,
1551 2254 1615 2308 αἶ’
1645 2275 1702 2310 τε
1756 2255 1853 2308 κό-

208 2372 302 2424 μαι
333 2351 548 2418 καὶτῆς
591 2351 804 2426 Δάφνης
863 2348 890 2400 ὁ
944 2346 1221 2422 στέφανος,
1251 2346 1343 2400 τὸν
1404 2344 1608 2419 χρυσὸν
1651 2343 1850 2416 ἀναμὶξ

202 2440 493 2510 ἐπήνθουν,
522 2438 596 2498 ὡς
628 2435 830 2509 ἔμελλε
884 2435 1044 2509 χάρις
1105 2434 1482 2507 ἐξαστράπτειν
1522 2432 1711 2500 πολλή
1736 2437 1853 2496 τοῖς

203 2529 520 2602 θεωμένοις.
579 2524 846 2581 Ὑάκινθοὶ
875 2545 934 2578 τε
986 2523 1132 2595 αὐτῷ
1165 2521 1260 2576 δύο
1293 2521 1446 2576 λίθοε
1499 2520 1732 2597 μεγάλοι
1757 2522 1847 2576 τὸν

201 2623 308 2674 τῶν
371 2615 671 2695 ὀφθαλμῶν
731 2611 1061 2684 ἐξεπλήρουν
1115 2613 1282 2667 τύπον
1315 2633 1450 2666 κατα
1501 2613 1725 2684 μνήμην
1753 2614 1850 2665 τοῦ

205 2705 541 2782 Ἀμυκλαίου
587 2703 781 2767 παιδὸς
823 2705 1116 2760 Ὑακίνθου.
1169 2703 1272 2758 Καὶ
1322 2702 1405 2756 ἄεὶ
1446 2701 1507 2756 τὸ
1538 2705 1644 2756 τῶν
1677 2699 1847 2764 λίθων

201 2796 411 2861 κάλλος
465 2796 554 2850 καὶ
615 2796 835 2870 μέγεθος
892 2794 983 2848 τὸν
1065 2794 1314 2865 μέγιστον
1378 2789 1696 2865 προσετέλει
1769 2793 1848 2860 τῷ

202 2887 478 2962 ἀγάλματι
535 2885 761 2957 κόσμον,
796 2881 869 2936 ’ίν’
927 2882 1010 2937 ὅτι
1060 2880 1342 2942 πλείστοις
1394 2879 1693 2935 ἀπατᾶσθαι
1725 2877 1849 2951 περὶ

203 2977 366 3032 auito-3
425 2969 698 3048 συμϐαίνῃ
759 2977 837 3045 τῷ
875 2969 1200 3046 περικαλλεῖ
1255 2976 1356 3039 τῆς
1403 2965 1846 3046 προφαινομένης

208 3072 453 3144 μορφῆς,
513 3065 589 3126 εἷς
663 3064 725 3117 τὸ
781 3065 1108 3136 προσκυνεῖν
1184 3059 1330 3130 αὐτῷ
1397 3055 1846 3130 δελεαζομένοις·

203 3154 336 3229 ὅπερ
369 3152 462 3209 οὖν
489 3151 579 3208 καὶ
613 3151 769 3213 αὐτὸς
810 3149 1108 3211 Ἰουλιανὸς
1139 3148 1420 3209 πεπονθὼς
1473 3148 1560 3216 ἦν.
1613 3145 1850 3203 Ηλείονα

1962 1903 2209 1972 speciem
2263 1903 2441 1957 unius
2492 1901 2905 1958 coalescentiae.
2956 1905 3107 1958 Auro
3169 1908 3365 1960 autem
3429 1903 3612 1960 illitos

1966 1993 2144 2058 totus,
2178 1992 2278 2061 qui
2311 1991 2661 2046 induebatur
2691 1993 2959 2058 amictus,
2989 1993 3243 2060 nudatis,
3276 1997 3332 2048 et
3363 2009 3477 2048 non
3509 2011 3612 2048 au-

1965 2079 2106 2133 ratis
2137 2081 2396 2150 corporis
2428 2081 2713 2150 partibus,
2749 2082 3090 2136 ostendebat
3119 2083 3456 2152 quamdam,
3487 2099 3615 2154 quae

1961 2168 2072 2224 dici
2108 2184 2221 2222 non
2264 2174 2472 2238 potest,
2523 2169 3039 2239 pulchritudinem.
3074 2171 3261 2226 Stanti
3312 2188 3445 2227 vero
3493 2179 3616 2228 erat

1962 2259 2021 2313 in
2077 2256 2350 2312 manibus
2409 2257 2658 2326 cithara,
2700 2263 2757 2315 et
2811 2275 2940 2315 eam
2992 2259 3299 2315 videbatur
3355 2261 3612 2332 pulsare.

1961 2350 2150 2402 Coma:
2182 2351 2379 2402 autem
2431 2351 2487 2401 et
2523 2347 2678 2423 lauri
2715 2364 2926 2404 corona
2973 2365 3116 2404 auro
3166 2347 3454 2404 ﬂorebant
3486 2366 3614 2420 per-

1962 2437 2154 2501 misto,
2192 2443 2252 2490 ut
2301 2451 2510 2506 magna
2559 2437 2861 2508 effulgeret
2907 2439 3093 2508 gratia
3169 2439 3612 2509 spectatoribus.

1961 2523 2199 2594 Duoque
2231 2524 2430 2594 magni
2455 2524 2750 2594 hyacinthi
2784 2524 3173 2595 implebantei
3209 2526 3456 2596 ﬁguram
3472 2542 3610 2582 ocu-

1961 2611 2173 2680 lorum,
2206 2612 2266 2667 in
2318 2611 2663 2668 memoriam
2718 2612 3029 2684 Hyacinthi
3086 2614 3248 2684 pueri
3306 2614 3607 2683 Amyclaei.

1959 2704 2028 2759 Et
2081 2719 2446 2775 gemmarum
2499 2702 2872 2775 pulchritudo
2902 2707 2958 2759 et
2989 2703 3331 2774 magnitudo
3364 2703 3608 2774 imagini

1958 2794 2288 2850 maximum
2308 2791 2584 2848 afferebat
2613 2797 2908 2860 ornatum,
2942 2793 3085 2848 adeo
3118 2797 3181 2848 ut
3211 2809 3386 2863 quam
3425 2791 3607 2864 pluri-

1960 2883 2071 2938 mis
2103 2882 2160 2936 in
2193 2898 2258 2938 eo
2289 2881 2481 2953 decipi
2521 2881 2901 2952 contingeret,
2933 2885 2997 2936 ut
3026 2881 3128 2952 qui
3161 2889 3388 2952 prepter
3421 2898 3600 2952 appa-

1958 2971 2138 3027 rentis
2197 2970 2394 3027 forma:
2471 2969 2986 3042 pulchritudinem,
3047 2971 3450 3026 inescarentur
3527 2969 3600 3024 ad

1958 3077 2090 3118 eum
2147 3060 2530 3116 adorandum.
2566 3061 2728 3126 Quod
2787 3059 3026 3131 quidem
3080 3059 3192 3130 ipsi
3241 3075 3475 3130 quoque
3503 3059 3603 3115 Ju-

1959 3152 2115 3208 liano
2180 3160 2467 3208 evenerat.
2521 3151 2800 3222 Majorem
2866 3156 3020 3207 certe
3070 3151 3120 3206 ei
3171 3150 3391 3206 cultum
3451 3149 3607 3205 exhi-

202 3249 334 3321 γοῦν
391 3244 427 3312 ἢ
479 3243 720 3315 σύμπασι
756 3244 873 3302 τοῖς
930 3236 1126 3301 ἄλλοις
1170 3235 1450 3314 ἀγάλμασι
1481 3243 1724 3310 προσῆγε
1752 3235 1849 3302 τὴν

1973 3242 2154 3309 nebat,
2190 3257 2368 3313 quam
2401 3242 2676 3297 omnibus
2709 3240 2839 3296 aliis
2863 3240 3328 3311 imaginibus,ex
3357 3238 3608 3312 singulis

204 3331 516 3408 ονραπείαν,
570 3324 876 3406 χιλιόμϐας
931 3325 1063 3388 ὅλας
1112 3327 1161 3399 ἐξ
1213 3325 1438 3380 ἑκάστου
1481 3324 1666 3401 γένους
1708 3323 1854 3395 αὐτῷ

207 3419 500 3492 θυόμενος,
531 3421 620 3472 καί
652 3409 1067 3488 ἀντιλαμϐἀνων
1103 3415 1437 3488 χρηστήρια.

278 3510 400 3564 ΛΔ’.
460 3506 612 3562 Ἐπεὶ
663 3503 719 3560 δὲ
777 3506 926 3577 αὐτῷ
982 3503 1153 3558 πάντα
1199 3504 1266 3558 τὰ
1320 3501 1616 3581 ἀγάλματα
1670 3504 1860 3578 βαθεῖα

207 3599 388 3667 σιωπὴ
446 3601 722 3673 κατεῖχεν,
755 3594 997 3663 ἐνταῦθα,
1045 3593 1273 3666 νομίσας
1329 3592 1396 3647 τὰ
1451 3593 1557 3647 ἀπὸ
1599 3598 1698 3660 τῆς
1731 3612 1862 3669 γοη-

204 3688 352 3746 τείας
410 3682 606 3752 ἐνδεῖν,
665 3685 730 3754 ἧν
822 3681 1131 3759 ἱερουργίαν
1222 3680 1481 3736 καλοῦσιν
1564 3679 1858 3751 Ἕλληνες,

209 3769 471 3833 Εὖσέϐιον
534 3794 655 3828 τινα
719 3771 966 3846 μέγιστον
1041 3767 1132 3825 ἐπε
1199 3775 1277 3842 τῷ
1363 3775 1532 3825 ταῦτα
1606 3767 1859 3833 δύνασθαι

207 3865 545 3935 κεκτημένον
611 3861 686 3916 ἐν.
758 3859 1001 3930 Ἕλλησι
1088 3859 1270 3928 κλέος,
1345 3861 1861 3932 μεταπεμψάμενος,

211 3953 393 4024 τούτῳ
446 3951 822 4026 προσέταττεν,
871 3949 1131 4004 ἐπίπνουν
1190 3949 1273 4003 ’ὁτι
1331 3947 1567 4020 μάλιστα
1594 3948 1657 4002 τὸ
1687 3947 1865 4023 ἄγαλ-

217 4062 312 4115 μα,
353 4041 444 4095 καὶ
497 4039 716 4115 ἐνεργὸν
758 4037 1098 4116 ἀποφαίνειν,
1155 4034 1389 4110 μηδενὸς
1447 4038 1522 4091 ὧν
1568 4036 1643 4098 εἷς
1700 4038 1863 4092 τούτο

212 4127 472 4205 προσδεῖν
519 4130 666 4202 αὐτῷ
724 4129 944 4201 νομίζοι
994 4124 1336 4206 φειδόμενον.
1385 4131 1476 4198 Τῷ
1531 4123 1608 4194 δὲ,
1675 4124 1861 4196 ἐπειδή

215 4222 389 4282 πάσας
446 4221 635 4274 ἑαυτοῦ
705 4219 1018 4289 κεκινηκότι
1076 4218 1172 4278 τὰς
1235 4215 1488 4291 μηχανάς
1550 4216 1640 4270 καὶ
1697 4213 1864 4288 μηδὲν

217 4307 248 4363 ὅ
286 4329 339 4362 τι
384 4306 551 4362 πλέον
597 4305 657 4361 ἃν
715 4307 1016 4378 ἐννοήσειεν
1069 4304 1486 4379 ὑπολιπομένῳ,
1537 4305 1630 4360 τὸν
1671 4305 1868 4378 ὁμοιον

219 4396 579 4468 ἐσεσιωπήκει
627 4397 718 4452 καὶ
775 4397 912 4451 κατά
959 4397 1118 4472 φύσιν
1166 4394 1390 4468 τρόπον,
1424 4391 1576 4449 οὐδέν
1622 4417 1676 4450 τι
1732 4393 1870 4468 μᾶλ-

220 4489 316 4544 λον
350 4489 386 4558 ἤ
443 4487 532 4542 καὶ
593 4487 826 4562 πρόσθεν
878 4484 1272 4564 σοεγγόμενος,
1305 4483 1532 4547 ἐνταῦθα
1581 4481 1689 4554 ἤδη
1732 4484 1867 4558 πρὸς

1964 3331 2278 3404 generibus
2327 3330 2378 3385 ei
2446 3329 2630 3386 millia
2687 3330 3046 3400 sacriﬁcans,
3079 3335 3137 3386 et
3174 3330 3246 3386 ab
3295 3345 3362 3385 eo
3410 3344 3611 3401 exspe-

1965 3423 2134 3476 ctans
2166 3434 2469 3490 responsa.

2036 3507 2282 3564 XXXIV.
2317 3508 2456 3562 Cum
2486 3511 2681 3563 autem
2709 3523 2910 3563 omnes
2937 3507 3225 3578 imagines
3256 3507 3610 3579 profundum

1966 3602 2188 3655 teneret
2219 3597 2536 3662 silentium,
2571 3596 2914 3652 existimans
2943 3613 3090 3668 opus
3122 3611 3248 3652 esse
3279 3596 3610 3668 praestigiis,

1969 3704 2114 3759 quas
2127 3687 2300 3742 Graeci
2323 3694 2529 3742 vocant
2553 3685 2929 3756 bierurgiam,
2945 3685 3221 3740 accersito
3236 3686 3483 3756 quodam
3507 3686 3614 3740 Eu-

1972 3776 2154 3843 sebio,
2171 3791 2343 3846 quem
2366 3775 2425 3829 in
2446 3774 2720 3845 gentibus
2743 3773 2897 3829 fama
2918 3782 3040 3829 erat
3059 3772 3170 3829 hac
3196 3773 3256 3828 in
3277 3788 3338 3828 re
3361 3773 3612 3828 multum

1972 3882 2164 3938 posse,
2197 3865 2249 3919 ei
2271 3863 2448 3931 jussit
2482 3871 2540 3917 ut
2573 3879 2751 3933 quam
2785 3863 3035 3917 maxime
3066 3862 3384 3933 spirantem
3408 3869 3461 3917 et
3491 3861 3616 3916 elfi-

1971 3970 2165 4010 cacem
2239 3952 2504 4008 redderet
2571 3950 2908 4023 imaginem,
2964 3949 3104 4005 nulli
3169 3952 3248 4006 rei
3305 3949 3614 4021 parcendo,

1972 4059 2082 4115 qua
2113 4044 2182 4098 ad
2214 4042 2324 4097 hoc
2371 4057 2518 4112 Opus
2564 4056 2692 4096 esse
2723 4047 3001 4096 censeret.
3037 4041 3180 4094 Cum
3231 4047 3423 4094 autem
3470 4037 3616 4093 nihil

1974 4149 2088 4188 non
2119 4139 2269 4187 esset
2301 4130 2689 4193 machinatus,
2715 4133 2771 4185 et
2801 4128 2944 4184 nihil
2981 4129 3439 4198 praetermisisset
3459 4129 3616 4201 quod

1975 4221 2088 4278 sibi
2138 4223 2197 4276 in
2230 4224 2481 4276 mentem
2525 4220 2800 4286 venisset,
2836 4217 2932 4274 ille
2973 4222 3169 4275 tamen
3197 4220 3402 4275 eodem
3444 4218 3617 4274 modo

1975 4310 2276 4377 tacuisset,
2310 4325 2500 4380 neque
2531 4308 2718 4380 magis
2738 4324 2916 4380 quam
2943 4316 3112 4364 antea
3141 4309 3499 4380 loqueretur,
3523 4306 3617 4363 hic

1967 4401 2094 4471 jam
2145 4402 2380 4469 rogatus
2411 4415 2444 4453 a
2471 4397 2728 4466 Juliano,
2761 4413 2865 4452 cur
2897 4398 3149 4454 maxime
3179 4402 3413 4466 taceret,
3446 4398 3619 4468 idque

1977 4505 2111 4545 cum
2146 4488 2295 4543 facta
2325 4492 2522 4544 essent
2550 4487 2770 4553 omnia,
2803 4503 2926 4558 qua
2958 4487 3028 4542 de
3067 4503 3225 4544 more
3255 4488 3418 4554 ﬁunt,
3452 4486 3616 4553 dixit,

216 4581 318 4632 τοῦ
380 4575 682 4632 Ἰουλιανοῦ
758 4574 1139 4650 ἐρωτώμενος,
1197 4575 1286 4628 καὶ
1361 4572 1553 4628 καθότι
1630 4572 1856 4646 μάλιστα

1981 4579 2246 4651 Babylam
2278 4593 2406 4634 esse
2437 4577 2789 4650 praecipuam
2823 4593 3056 4633 causam
3099 4576 3313 4632 silentii
3364 4585 3475 4632 tam
3513 4575 3620 4631 hu-

221 4671 468 4732 σιωπῶν,
517 4664 608 4719 καὶ
657 4667 824 4720 ταῦτα
890 4663 1106 4718 πάντων
1163 4661 1524 4718 τελεσθέντων
1580 4659 1664 4716 ἐπ’
1721 4662 1869 4734 αὐτῷ

217 4761 328 4813 τῶν
368 4753 772 4830 νομιζομένων,
804 4753 894 4809 τὸν
929 4748 1185 4810 Βαϐόλαν
1227 4747 1327 4832 ἔφη
1376 4759 1476 4822 τῆς
1509 4759 1722 4823 σιωπῆς
1750 4757 1878 4806 τοῦ-

220 4867 317 4902 του
348 4867 406 4901 τε
434 4847 524 4900 καὶ
557 4850 666 4900 τῶν
693 4843 906 4900 λοιπῶν
955 4842 1284 4919 ἀγαλμάτων
1352 4843 1673 4898 αἰτιώτατον
1717 4843 1876 4912 εἶναι,

223 4938 396 4992 αὐτοῦ
434 4933 489 4990 ἐν
514 4937 583 5009 τῇ
616 4932 796 5013 Δάφνῃ
851 4936 1123 5006 κειμένου,
1158 4932 1233 4997 ὡς
1258 4936 1367 4987 τῶν
1398 4934 1532 4986 θεῶν
1562 4932 1653 4986 τὸν
1685 4931 1876 5005 νεκρὸν

223 5026 390 5080 αὐτοῦ
438 5019 907 5098 ϐδελυττομένων,
939 5023 1029 5078 καὶ
1093 5021 1182 5078 διὰ
1209 5026 1368 5078 τοῦτο
1399 5027 1515 5083 τοῖς
1560 5016 1698 5076 ἔθεσι
1733 5024 1880 5096 σφῶν

227 5115 508 5192 ἐπιφοιτᾷν
567 5112 667 5168 οὐκ
723 5111 1093 5186 ἀνεχομένων.
1154 5111 1226 5166 Οὐ
1285 5112 1388 5186 γάρ
1449 5104 1721 5180 ἠϐούλετο
1776 5110 1875 5177 τήν

224 5202 600 5274 ἀληθεστατην
656 5201 830 5258 αἰτίαν
880 5201 1073 5272 εἰπεῖν,
1124 5203 1152 5256 6
1216 5199 1521 5256 παντάπασί
1583 5220 1644 5275 γε
1711 5200 1880 5268 αὐτῆς

223 5293 617 5365 ἀνεπαίσθητος
661 5293 932 5370 γεγονὼς,
978 5291 1061 5348 ὅτι
1113 5289 1180 5360 δὴ
1229 5293 1489 5367 κρείττων
1538 5289 1768 5363 δύναμις
1808 5291 1874 5359 ἦν

1973 4669 2099 4741 jus,
2131 4683 2307 4739 quam
2339 4667 2700 4738 reliquarum
2733 4665 3077 4737 imaginum,
3102 4682 3235 4721 cum
3269 4666 3316 4721 is
3346 4665 3498 4722 situs
3528 4681 3622 4720 es-

1982 4762 2072 4814 set
2094 4757 2152 4812 in
2179 4757 2413 4827 Daphne
2441 4760 2640 4827 utpote
2663 4757 2816 4827 quod
2843 4755 2922 4810 dii
2953 4757 3077 4828 ejus
3095 4753 3626 4812 cadaverabhorre-

1983 4851 2133 4915 rent,
2165 4851 2222 4903 et
2252 4846 2378 4902 ideo
2411 4861 2572 4901 more
2601 4861 2708 4901 suo
2738 4845 2935 4901 venire
2967 4861 3082 4901 non
3113 4845 3490 4901 sustinerent.
3515 4843 3628 4899 Νο-

1985 4935 2144 4992 lebat
2159 4936 2314 4991 enim
2331 4934 2382 4990 ei
2397 4950 2630 4992 causam
2651 4935 2870 4991 diceret
2896 4934 3277 5004 verissimam,
3295 4934 3450 5005 quod
3470 4932 3626 4988 scili-

1985 5030 2075 5082 cet
2095 5029 2219 5081 erat
2248 5029 2446 5096 aperte
2477 5025 2663 5096 major
2687 5025 2889 5090 virtus,
2914 5041 3040 5095 quaa
3063 5023 3400 5096 alligaverat
3424 5023 3631 5078 daemo-

1988 5131 2128 5170 num
2161 5115 2564 5185 operationes:
2601 5113 2852 5168 maxime
2873 5127 3002 5168 cum
3026 5113 3273 5175 daemon,
3309 5111 3404 5183 qui
3431 5113 3632 5181 agebat

1984 5203 2337 5275 Apollinem,
2368 5201 2418 5258 ei
2463 5206 2664 5275 aperte
2722 5200 3142 5272 respondisset,
3178 5207 3240 5256 ut
3271 5200 3510 5260 dicitur,
3569 5215 3632 5256 se

1989 5309 2104 5348 non
2133 5309 2303 5364 posse
2334 5291 2494 5363 loqui
2528 5295 2758 5362 propter
2790 5290 3089 5362 Babylam.

224 5387 432 5462 σαφῶς,
464 5385 498 5453 ἡ
556 5382 652 5446 τὰς
717 5388 822 5437 τῶν
882 5380 1157 5456 δαιμόνων
1214 5380 1481 5457 ἐνεργείας
1536 5377 1908 5452 πεδησαμένη,
1939 5379 2126 5442 ἄλλως
2165 5401 2223 5434 τε
2270 5379 2359 5434 καὶ
2408 5400 2503 5434 του
2555 5376 2810 5451 δαίμονος
2858 5378 3004 5450 αὐτῷ
3039 5382 3135 5434 τοῦ
3181 5379 3271 5433 τὸν
3306 5375 3635 5435 Ἀπόλλωνα

225 5474 658 5549 ὑποκριναμένου
690 5478 873 5547 σαφῶς
904 5471 1228 5550 διαῤῥήδην,
1265 5474 1340 5534 ὡς
1371 5471 1612 5546 λέγεται,
1648 5470 1950 5544 εἰρηκότος,
1987 5473 2062 5544 μή
2099 5469 2352 5534 δύνασθαι
2377 5468 2567 5525 λαλεῖν
2600 5467 2691 5524 διὰ
2725 5465 2992 5526 Βαϐόλαν.

293 5567 421 5623 ΑΕ’.
453 5567 515 5624 Ὁ
556 5567 658 5643 γάρ
711 5563 777 5634 δὴ
834 5561 1077 5641 βαϐόλας
1125 5561 1284 5627 οὗτος
1331 5563 1541 5638 λέγεται
1575 5562 1878 5625 ἐπίσκοπος

227 5655 323 5730 μὶν
359 5653 602 5733 γενέσθαι
650 5661 752 5725 τῆς
793 5653 1156 5729 Ἀντιοχείας,
1189 5656 1548 5729 Νουμεριανῶ
1578 5648 1635 5705 δὲ
1664 5655 1742 5723 τῷ
1786 5653 1880 5727 βα-

2059 5565 2279 5622 XXXV.
2299 5565 2401 5620 Hic
2416 5565 2568 5620 enim
2586 5563 2832 5635 Babylas
2847 5564 3058 5619 dicitur
3077 5564 3312 5636 quidem
3329 5563 3510 5620 fuisse
3523 5562 3637 5634 epia

1989 5653 2982 5727 scopusAntiochire,Numerianum
2998 5657 3193 5709 autem
3211 5655 3286 5708 im
3299 5661 3636 5726 portitorem,
