4012 6220
431 308 587 367 1199

1781 297 2053 357 MENSIS
2102 296 2483 357 OCTOBER.

3693 298 3832 361 i200

426 466 711 523 volentem
744 463 969 535 ingredi
1014 462 1074 518 in
1124 460 1431 518 ecclesiam
1490 456 1977 524 Christianorum,
2009 457 2067 512 in

2186 453 2330 509 σιλεῖ
2360 453 2618 509 εἰσελθεῖν
2656 453 2988 527 βουλομένῳ
3035 453 3112 515 εἷς
3170 459 3269 526 τῆν
3328 460 3434 512 τῶν
3490 461 3829 532 Χριστιανῶν

430 556 689 628 quodam
724 554 870 609 festo
894 561 1055 609 stans
1086 568 1189 623 pro
1219 551 1465 616 foribus,
1489 547 1860 620 prohibuisse
1880 547 2077 618 ingre-

434 646 513 706 di,
548 645 755 701 dicens
786 660 846 700 se
895 660 996 713 pro
1049 641 1274 696 viribus
1304 656 1421 695 non
1476 639 1887 709 despecturum
1946 651 2075 691 esse

428 736 633 807 lupum
669 748 899 805 gregem
929 732 1321 787 invadentem.
1350 729 1447 784 Ille
1478 732 1672 783 autem
1704 727 1776 781 ab
1810 726 2071 792 ingressu

429 830 569 881 tunc
604 824 840 895 quidem
876 823 987 877 fuit
1025 822 1306 891 dejectus,
1342 818 1461 874 sive
1493 817 1645 888 quod
1681 816 2076 887 SUSpicaretur

429 915 689 969 futuram
775 912 975 983 populi
1056 911 1424 975 seditionem,
1476 907 1595 963 sive
1661 906 1780 976 ipse
1844 918 2075 975 quoque

430 1003 591 1059 aliud
649 1002 957 1058 consilium
1018 1000 1286 1071 cepisset.
1329 996 1645 1068 Egerrime
1689 1002 1881 1049 autem
1938 992 2076 1047 tulit

431 1092 818 1148 constantiam
866 1090 1142 1161 episcopi.
1177 1091 1492 1159 Postquam
1543 1101 1677 1139 vero
1726 1084 1849 1155 ipse
1887 1082 2072 1137 dices-

431 1182 509 1237 sit
537 1181 596 1235 in
653 1180 1100 1251 regiam,jussit
1147 1194 1277 1233 eum
1330 1192 1562 1231 causam
1595 1190 1761 1229 suam
1797 1173 2074 1227 defensu-

431 1287 585 1336 rum,
619 1285 811 1323 coram
838 1285 898 1323 se
930 1268 1054 1322 sisti
1089 1284 1189 1337 pro
1221 1264 1519 1319 tribunali.
1544 1264 1685 1317 Cum
1720 1262 1843 1333 ipse
1879 1269 2070 1315 autem

432 1364 587 1414 esset
619 1358 959 1429 productus,
992 1357 1251 1427 primum
1283 1354 1521 1424 quidem
1567 1351 1863 1407 accusavit
1895 1351 2072 1404 auda-

433 1450 606 1515 ciam,
640 1446 799 1518 quod
848 1462 976 1500 eum
1036 1461 1214 1499 ausus
1272 1451 1422 1499 esset
1481 1440 1829 1513 prohibere:
1866 1438 2075 1494 deinde

426 1537 605 1607 jussit
637 1552 770 1591 eum
802 1535 1130 1590 sacriﬁcare
1165 1533 1547 1598 daemonibus,
1581 1531 1631 1585 si
1674 1530 1928 1600 effugere
1956 1526 2074 1583 vel-

432 1627 506 1682 let
538 1642 734 1696 pcenas
766 1624 1215 1680 criminationis.
1241 1624 1366 1693 Ipse
1390 1624 1578 1676 autem
1613 1618 1911 1690 respondit
1940 1615 2074 1687 qui-

432 1718 563 1771 dem
596 1716 666 1770 ad
713 1714 1198 1778 criminationem,
1232 1711 1431 1783 rejecit
1486 1717 1673 1765 autem
1724 1706 2073 1763 exhortatio-

2185 543 2500 616 ἐκκλησίαν,
2532 542 2667 597 κατά
2706 540 2772 613 δή
2806 564 2928 598 τινα
2976 544 3170 619 ἑορτὴν
3204 546 3330 607 στὰς
3370 548 3476 621 πρὸ
3506 552 3617 601 τῶν
3667 552 3831 620 θυρῶν

2186 631 2511 688 διεκώλυσεν
2556 631 2815 697 εἰσελθεῖν
2872 636 3090 708 φάσκων
3146 635 3223 696 εἷς
3271 633 3497 710 δύναμιν
3552 639 3630 710 μή
3660 636 3835 709 περιόο

2184 724 2373 797 ψεσθαι
2421 720 2591 777 λύκον
2654 723 2734 794 τῷ
2782 724 3023 796 ποιμνίῳ
3089 723 3560 801 έπεισερχόμενον.
3622 728 3728 781 Τὸν
3786 724 3836 781 εὶ

2188 811 2487 886 παραυτίκα
2566 814 2661 883 μὲν
2740 813 3181 887 ἁποκρουσθῆναι
3266 822 3369 883 τῆς
3436 813 3673 884 εἶσόόου,
3736 815 3835 871 εἴτε

2186 899 2252 969 δὴ
2289 903 2468 955 στάσιν
2502 901 2623 955 τινα
2654 902 2787 975 πρὸς
2828 905 2926 956 τοῦ
2984 902 3163 976 δχλου
3212 901 3418 958 ἔσεσθαι
3462 903 3837 977 ὑπιεόόμενον,

2185 990 2293 1045 εἷ’τε
2339 987 2404 1058 δὴ
2456 990 2547 1044 καὶ
2603 988 2789 1051 ἄλλως
2831 991 2985 1059 αὑτῷ
3038 988 3329 1065 βουλευθέν
3360 992 3407 1047 ὲ»
3440 992 3679 1067 χαλεπῷ
3712 994 3838 1065 μένο

2181 1080 2395 1148 τοιτὴν
2426 1078 2663 1134 ἔνστασιν
2714 1083 2812 1133 τοῦ
2869 1078 3166 1134 ἐπισκόπου
3228 1083 3622 1153 ποιησάμενον.
3689 1084 3837 1139 Ἐπεὶ

2185 1166 2241 1222 δὲ
2287 1168 2359 1229 ὡς
2414 1168 2601 1223 ἑαυτὸν
2642 1166 2729 1221 ἐπὶ
2775 1168 2841 1221 τὰ
2892 1168 3142 1243 βασιλεια
3198 1168 3521 1246 ἀπηλλάγη,
3554 1175 3837 1247 παραστή-

2184 1269 2373 1320 σασθαι
2408 1258 2567 1311 αὐτὸν
2608 1255 2696 1311 ἐπὶ
2742 1261 2839 1312 τοῦ
2884 1259 3135 1331 βήματος
3181 1258 3678 1335 ἀπολεγησόμενον
3726 1261 3836 1315 ἐκέ.

2185 1347 2326 1402 λευε.
2362 1346 2459 1401 Καὶ
2501 1344 2568 1415 δὴ
2602 1347 2974 1421 παραστάντος
3006 1347 3196 1418 αὐτοὶ),
3229 1352 3417 1423 πρῶτα
3450 1350 3546 1422 μὶν
3580 1352 3688 1419 τήν
3713 1352 3836 1404 τόλ-

2188 1459 2290 1511 μαι
2334 1446 2432 1507 τῆς
2489 1435 2782 1500 κωλύσεως
2835 1436 3098 1505 ἐνεκάλει,
3150 1434 3335 1494 ἔπειτα
3390 1442 3577 1511 μέντοι
3628 1440 3834 1497 κελεύει

2183 1528 2343 1581 αὐτὸν
2374 1532 2490 1588 τοῖς
2542 1525 2764 1600 δαίμοσι
2816 1528 2983 1597 θύειν,
3018 1529 3063 1583 εἰ
3115 1528 3377 1603 βούλοιτὸ
3408 1551 3468 1604 γε
3505 1533 3607 1600 τὴν
3644 1530 3731 1585 ἐπὶ
3763 1537 3837 1603 τῷ

2183 1617 2487 1693 ἐγκλήματι
2528 1615 2684 1687 δίκην
2735 1614 3034 1694 διαφυγεῖν.
3065 1619 3170 1674 Τὸν
3228 1616 3284 1673 δέ
3331 1620 3467 1692 πρὸς
3495 1622 3596 1689 τήν
3628 1616 3834 1696 ἔγκλη-

2184 1708 2267 1761 σίν
2312 1728 2369 1761 τε
2423 1704 2874 1781 ἀπολογήσασθαι
2936 1709 3025 1761 καί
3068 1709 3168 1776 τήν
3218 1708 3524 1782 πρόκλησιν
3573 1706 3835 1783 διακρσύ-

432 1823 564 1862 nem
596 1822 609 1860 :
636 1806 792 1861 illam
828 1805 1088 1877 quidem,
1121 1804 1347 1870 dicens,
1379 1818 1459 1869 se,
1495 1816 1626 1856 cum
1661 1803 1817 1855 esset
1848 1801 2069 1869 pastor,

2184 1798 2390 1866 σασθαι,
2420 1798 2519 1866 τὴν
2580 1797 2697 1869 μὲν,
2749 1798 2990 1875 φήσαντα
3038 1799 3259 1870 ποιμένι
3312 1797 3427 1853 ὅντι
3478 1798 3628 1871 αὖτῷ
3667 1801 3839 1853 πάντα

433 1899 698 1967 oportere
750 1894 838 1950 vel
872 1894 1067 1949 omnia
1113 1893 1361 1947 libenter
1392 1890 1509 1960 pati
1544 1906 1644 1960 pro
1676 1902 1887 1960 grege:
1924 1887 2073 1941 banc

430 1992 646 2055 autem,
680 2001 741 2040 se
799 2001 912 2039 non
968 1983 1384 2049 admissurum,
1418 1984 1482 2035 ut
1539 1997 1573 2035 a
1617 1995 1745 2033 vero
1790 1979 1903 2032 Deo
1934 1977 2074 2033 deﬁ-

431 2077 588 2130 ciens
646 2072 996 2129 sacriﬁcaret
1056 2072 1150 2138 iis,
1186 2074 1287 2141 qui
1338 2069 1479 2123 falso
1534 2069 1613 2122 dii
1672 2068 1962 2135 dicuntur,
2021 2069 2079 2121 et

434 2168 574 2219 sunt
602 2161 912 2234 perniciosi
944 2162 1257 2215 daemones.
1297 2158 1516 2214 Deinde
1546 2156 1641 2211 ille
1673 2156 1905 2226 quidem
1938 2170 2072 2212 cum

430 2253 648 2307 videret
674 2268 808 2307 eum
842 2267 953 2305 non
988 2265 1206 2321 parere,
1236 2247 1416 2318 jussit
1448 2250 1528 2315 ut,
1562 2262 1694 2300 cum
1728 2261 1863 2299 eum
1905 2244 2077 2316 ligas-

431 2349 560 2397 sent
588 2339 807 2396 catenis
838 2343 894 2394 et
947 2338 1346 2407 compedibus,
1379 2336 1449 2391 ad
1500 2340 1743 2390 mortem
1776 2334 2074 2400 ducerent,

435 2435 613 2502 caput
642 2428 1019 2502 amputaturi.
1053 2430 1123 2483 At
1153 2428 1201 2483 is
1226 2442 1357 2483 cum
1391 2427 1703 2482 duceretur
1733 2424 2073 2495 moriturus,

434 2535 745 2577 assumens
776 2518 987 2575 cecinit
1017 2516 1138 2572 haec
1170 2517 1323 2572 dicta
1354 2514 1568 2571 Psalmi
1604 2531 1617 2571 :
1657 2536 1685 2565 «
1715 2515 2074 2580 Convertere,

432 2610 630 2668 anima
661 2626 811 2677 mea,
844 2608 903 2664 in
947 2607 1207 2680 requiem
1256 2612 1435 2675 tuam,
1469 2606 1747 2678 quoniam
1797 2604 2076 2661 Dominus

431 2699 718 2757 benefacit
748 2698 850 2754 tibi
880 2696 923 2752 7.
959 2720 988 2748 »
1024 2697 1201 2752 Porro
1253 2699 1443 2751 autem
1487 2696 1692 2750 dicunt
1749 2694 1925 2749 etiam
1958 2700 2075 2763 tres

429 2804 640 2861 pueros
681 2803 889 2859 genere
945 2787 1169 2853 fratres,
1202 2785 1298 2856 qui
1349 2784 1422 2839 ab
1470 2784 1714 2839 infantia
1746 2783 1817 2838 ab
1850 2799 1915 2838 eo
1960 2798 2075 2836 nu-

431 2880 559 2937 triti
608 2881 860 2951 fuerant,
894 2881 965 2936 ab
1025 2881 1375 2951 imperatore
1435 2878 1617 2933 fuisse
1677 2881 1961 2947 arreptos,
2021 2878 2077 2930 et

430 2988 559 3026 cum
620 2986 725 3026 nec
774 2970 858 3025 illi
916 2970 1152 3041 quidem
1213 2968 1527 3023 voluissent
1572 2967 1918 3033 sacrificare,
1967 2966 2075 3022 etsi

429 3059 514 3114 eis
545 3059 853 3114 efferretur
881 3057 1071 3113 omnis
1105 3055 1436 3123 necessitas,
1471 3056 1660 3126 ipsum
1694 3070 1919 3125 quoque
1943 3056 2073 3126 jus-

431 3146 579 3203 sisse
627 3148 1063 3218 imperatorem,
1096 3146 1181 3200 eis
1228 3144 1401 3199 adimi
1461 3145 1669 3216 capita.
1705 3146 1881 3214 Quos,
1915 3152 2072 3217 post-

431 3253 607 3308 quam
661 3239 945 3291 venerunt
993 3235 1053 3289 in
1126 3234 1315 3289 locum
1388 3233 1767 3305 propositum,
1830 3234 2074 3307 Babylas

430 3329 564 3382 ante
596 3340 657 3381 se
687 3330 950 3381 statuens
974 3323 1196 3396 priores
1224 3323 1387 3378 duxit
1417 3323 1488 3378 ad
1520 3322 1803 3393 gladium,
1838 3340 1909 3380 ne
1940 3324 2073 3395 quis

428 3430 630 3471 eorum
662 3414 870 3469 timore
901 3414 1164 3481 affectus,
1189 3416 1433 3468 mortem
1468 3417 1781 3468 recusaret.
1815 3413 2074 3484 Cumque

430 3520 630 3561 eorum
678 3504 867 3575 capita
917 3502 1163 3559 fuissent
1210 3506 1528 3573 amputata,
1562 3507 1871 3573 postquam
1922 3502 2074 3557 hanc

428 3591 676 3647 dixisset
691 3606 885 3648 vocem
909 3606 921 3644 :
945 3612 971 3641 ‹‹
992 3593 1133 3645 Ecce
1150 3605 1254 3661 ego
1285 3593 1341 3643 et
1373 3588 1553 3660 pueri,
1590 3605 1738 3659 quos
1754 3588 1897 3643 mihi
1920 3589 2076 3644 dedit

430 3681 585 3737 Deus
604 3681 657 3734 ἐ
689 3702 708 3729 ι
732 3680 855 3749 ipse
879 3694 1111 3751 quoque
1141 3678 1347 3733 deinde
1370 3693 1539 3732 suum
1561 3677 1814 3747 porrexit
1835 3676 2072 3748 collum,

437 3774 502 3826 ut
555 3786 691 3826 ense
722 3772 1254 3837 consummaretur,
1288 3783 1419 3822 cum
1467 3767 1635 3838 prius
1668 3766 1952 3837 jussisset
1979 3766 2071 3838 iis,

435 3859 535 3931 qui
593 3876 805 3931 corpus
853 3860 982 3929 ejus
1014 3862 1181 3913 erant
1218 3856 1535 3923 collecturi,
1558 3860 1793 3913 catenas
1824 3860 1881 3912 et
1918 3872 2075 3911 com-

432 3949 607 4020 pedes
636 3964 765 4003 cum
800 3964 865 4001 eo
911 3945 1153 4017 sepelire
1183 3963 1201 4000 :
1236 3944 1306 3999 Ut
1355 3945 1492 4009 sint,
1527 3945 1735 4015 inquit,
1769 3944 1888 3999 haec
1926 3961 2074 4015 quo-

428 4051 544 4106 que
577 4036 720 4091 mihi
749 4035 962 4106 jacenti
988 4036 1346 4089 ornamento.
1372 4037 1551 4103 Atque
1568 4049 1699 4087 cum
1724 4035 1805 4088 eis
1838 4034 2074 4103 quidem

428 4132 581 4183 certe
613 4126 803 4182 adhuc
821 4126 1002 4196 jacet,
1028 4129 1091 4180 ut
1111 4125 1292 4179 aiunt.

499 4215 736 4270 XXXVI.
758 4220 1114 4271 Huncautem
1139 4213 1413 4285 Babylam
1442 4228 1571 4267 cum
1598 4213 1669 4268 ab
1700 4213 1947 4268 Eusebio
1970 4231 2073 4269 au-

429 4303 913 4360 diissetlulianus
929 4320 1053 4360 esse
1079 4304 1496 4375 impedimento
1520 4301 1753 4368 statuis,
1769 4302 2076 4373 quominus

428 4394 833 4465 respondeant,
863 4395 1036 4465 jussit
1063 4395 1256 4449 statim
1284 4395 1412 4463 ejus
1442 4408 1673 4462 capsum
1708 4392 1817 4462 (est
1835 4399 2024 4449 autem
2046 4408 2075 4448 e

426 4484 619 4556 lapide
663 4484 940 4555 maxime)
970 4502 1003 4540 a
1053 4483 1644 4553 Daphnelransl‘erre.
1678 4482 1880 4537 Statim
1939 4499 2072 4553 ergo

2104 3188 2154 3256 C

2184 1887 2479 1959 προσήκειν
2534 1885 2707 1957 ἑαυτῷ
2762 1886 2895 1960 ὑπερ
2952 1890 3049 1941 τοῦ
3120 1886 3380 1961 ποιμνίου
3439 1889 3835 1961 προθυμεῖσθαι

2184 1981 2395 2043 παθεῖν,
2425 1972 2634 2047 τηνδὶ,
2680 1977 2756 2048 μή
2811 1972 2870 2029 ἃν
2917 1973 3133 2031 ἑλέσθαι
3172 1981 3270 2032 τοῦ
3319 1975 3473 2039 ὄντος
3527 1978 3836 2033 ἀποστάντι

2185 2069 2339 2134 Θεοῦ,
2405 2062 2785 2138 ψευδωνύμοις
2859 2066 2950 2120 καὶ
3026 2063 3280 2139 όλετῆρσι
3358 2064 3580 2140 δαίμοσι
3671 2066 3832 2131 θύειν.

2184 2154 2315 2211 Εἶτα
2346 2156 2374 2209 ὁ
2424 2155 2515 2227 μὶν
2550 2154 2623 2217 ὡς
2656 2155 2797 2230 ἑώρα
2855 2156 2932 2228 μή
2991 2157 3336 2229 πειθόμενον,
3368 2156 3693 2229 προσέταξεν
3738 2158 3831 2212 αὖε

2181 2246 2272 2298 τὸν
2332 2243 2553 2299 ἁλύσεσι
2592 2244 2682 2298 καὶ
2732 2242 2923 2306 πέδαις
2982 2243 3399 2318 ἱνδησαμένους,
3449 2249 3551 2315 τήν
3606 2247 3695 2301 ἐπί
3748 2260 3835 2311 θα-

2183 2334 2327 2406 νάτῳ
2371 2333 2539 2407 ἄγειν,
2587 2336 2685 2403 τὴν
2730 2332 2971 2411 κεφαλὴν
3015 2335 3431 2412 ἀφαιρήσοντας,
3461 2337 3523 2394 Ὁ
3556 2334 3615 2392 δὲ
3646 2336 3829 2405 ἐπειδὴ

2184 2423 2352 2500 ἤγετο
2383 2425 2790 2497 τεθνηξόμενος,
2821 2424 3020 2486 ταύτας
3061 2421 3376 2495 ἀναλαϐὼν,
3406 2424 3505 2500 ᾖδε
3555 2430 3653 2481 τοῦ
3693 2426 3834 2498 ψαλ-

2189 2518 2295 2586 μοῦ
2351 2514 2447 2577 τὰς
2504 2514 2707 2587 ῥήσεις·
2743 2538 2769 2566 ‹‹
2803 2514 3168 2588 Επίοτρεψον,
3219 2517 3371 2590 ψυχή
3408 2536 3537 2588 μου,
3600 2518 3679 2578 εἷς
3734 2518 3833 2585 τήν

2196 2602 2493 2658 ἆνάπαυσίν
2536 2624 2655 2672 σου,
2688 2602 2772 2658 ὅτι
2805 2602 3005 2678 Κύριος
3039 2602 3363 2680 εὐηργέτησέ
3395 2626 3470 2662 σε.
3502 2627 3530 2657 ι
3588 2606 3729 2659 Φασῖ
3780 2604 3835 2660 δὲ

2183 2692 2273 2748 καὶ
2310 2698 2447 2767 τρεῖς
2488 2689 2683 2753 παῖδας
2716 2690 2984 2769 ἀδελφούς
3022 2693 3085 2747 τὸ
3135 2697 3290 2769 γένος
3318 2691 3525 2766 κομιδῆ
3559 2694 3715 2755 νέους
3747 2695 3835 2749 ὑπ’

2184 2782 2332 2853 αὐτῷ
2380 2780 2845 2857 ἀνατρεφομένους
2902 2783 3279 2857 ἀναρπαγῆναί
3351 2805 3409 2838 τε
3476 2783 3675 2847 αὐτοὺς
3735 2786 3835 2839 ὑπὸ

2184 2875 2278 2928 τοῦ
2313 2868 2604 2946 βασιλέως,
2643 2870 2734 2925 καὶ
2775 2872 2849 2933 ὡς
2899 2868 3025 2926 οὐδὲ
3075 2872 3229 2927 αὐτοὶ
3281 2872 3425 2936 θύειν
3468 2871 3693 2942 ἤθελον,
3721 2876 3837 2928 καὶ·

2182 2983 2269 3018 τοι
2307 2960 2564 3022 παντοίας
2612 2960 2855 3037 ἀνάγκης
2895 2960 3080 3024 αὐτοῖς
3132 2963 3565 3038 προσαγομένης.
3598 2965 3693 3019 καὶ
3738 2966 3833 3020 αὐ-

2182 3052 2310 3114 τοὺς
2358 3050 2608 3106 κελεῦσαι
2649 3052 2740 3105 τὸν
2806 3051 3034 3126 βασιλέα
3080 3055 3189 3107 τῶν
3238 3051 3489 3131 κεφαλῶν
3557 3054 3832 3129 ἀφαιρεῖν,

2185 3142 2313 3211 Οὓς,
2346 3137 2534 3209 ἐπειδὴ
2580 3142 2713 3209 ἧκον
2757 3139 2833 3201 εἷς
2879 3142 2943 3195 τὸ
2988 3140 3347 3215 προκείμενον
3383 3142 3616 3217 χωρίον,
3652 3146 3682 3198 6
3729 3151 3832 3199 Βαο

2186 3227 2359 3289 ὃύλας
2417 3230 2609 3284 ἑαυτοῦ
2682 3230 3129 3305 προστησάμενος
3185 3234 3489 3306 πηοτὲρους
3582 3242 3836 3307 προσῆγε

2182 3324 2262 3393 τῷ
2313 3320 2472 3397 ξίφει,
2511 3322 2607 3375 τοῦ
2661 3321 2736 3391 μή
2780 3340 2902 3374 τινα
2948 3321 3207 3395 τρέσαντα
3245 3322 3420 3375 αὐτῶν
3453 3319 3711 3376 ἀναδῦναι
3743 3324 3834 3377 τὸν

2183 3412 2433 3467 θάνατον.
2493 3410 2595 3466 Καὶ
2642 3410 3099 3484 ἀποτεμνομένων
3156 3411 3357 3481 ταύτην
3418 3412 3650 3467 ἀνειπὼν
3734 3415 3831 3479 τήν

2184 3502 2385 3578 φωνὴν,
2408 3524 2434 3556 α
2464 3499 2603 3559 Ἰδοὺ
2630 3499 2738 3575 ἐγὼ
2770 3502 2857 3557 καὶ
2892 3502 2958 3557 τά
2978 3499 3170 3556 παιδία
3190 3501 3322 3575 ἄμοι
3346 3498 3544 3557 ἔδωκεν
3571 3504 3599 3556 ό
3630 3505 3825 3573 Θεύς,››

2181 3589 2273 3643 καὶ
2324 3589 2484 3650 αὐτὸς
2537 3588 2823 3662 μετέπειτα
2878 3585 3162 3662 προῦτεινε
3216 3591 3307 3644 τὸν
3357 3590 3564 3645 οἰκεῖον
3625 3592 3834 3668 αὖγένα

2180 3681 2260 3748 τῷ
2316 3675 2453 3754 ξίφει
2500 3678 2875 3748 τελειωθῆναι,
2931 3676 3333 3751 ἐντειλάμενος,
3392 3685 3508 3740 τοῖς
3557 3680 3618 3734 τὸ
3674 3685 3836 3751 σῶμα

2183 3763 2351 3820 αὗτοῦ
2407 3764 2844 3841 ἀναλεξομένοις,
2900 3768 2996 3829 τὰς
3055 3766 3275 3829 ἁλύσεις
3339 3770 3424 3823 καὶ
3502 3768 3600 3829 τὰς
3668 3768 3834 3830 πέδας

2185 3856 2335 3928 αὖτῷ
2392 3857 2676 3929 συνθάψαι,
2734 3854 2876 3931 ’ἶν’-ᾖ
2916 3877 3009 3929 μοι
3068 3860 3258 3929 ταῦτα,
3292 3857 3445 3935 φησὶ,
3476 3858 3567 3913 καὶ
3595 3860 3833 3931 κειμένῳ

2183 3946 2411 4018 κόσμος.
2444 3944 2544 4003 Καὶ
2604 3942 2669 4015 δὴ
2735 3946 2854 4018 μετ’
2916 3945 3095 4000 αὐτῶν
3154 3943 3231 4001 ἔτι
3263 3946 3522 4023 τυγχάνει
3556 3947 3832 4021 κείμενος,

2184 4032 2258 4097 ὥς
2290 4056 2437 4090 φασι.

2257 4221 2371 4284 Λς’.
2427 4224 2633 4274 Τοῦτον
2688 4219 2780 4273 τὸν
2842 4214 3090 4276 Βαϐύλαν
3168 4220 3195 4275 6
3254 4217 3554 4283 Ἰουλιανὸς
3639 4218 3830 4290 ἐπειδιία⁸

2184 4310 2320 4383 πρὸς
2366 4311 2463 4362 τοῦ
2504 4304 2765 4364 Εὐσεόίου
2814 4304 3014 4377 ἤκουσε
3056 4306 3288 4380 κώλυμα
3334 4313 3452 4369 τοῖς
3507 4308 3829 4385 ἀγάλμασιν

2184 4398 2319 4451 εἶναι
2359 4400 2454 4451 τοῦ
2514 4397 2590 4469 μὴ
2651 4401 2814 4471 χρᾷν,
2874 4396 3065 4451 αὐτίκα
3122 4397 3442 4470 προσέτάξεν
3500 4397 3635 4471 αὐτῇ
3663 4401 3836 4471 θηκῃ,

2184 4483 2343 4541 λίθου
2376 4483 2420 4540 δ’
2447 4482 2556 4541 ἔστι
2591 4485 2836 4559 μεγάλου
2867 4487 3237 4558 πεποιημένη,
3274 4488 3525 4563 μετάγειν
3576 4488 3689 4542 ἀπὸ
3736 4491 3835 4555 τῆς

425 4574 677 4629 civitatis
709 4575 938 4645 profusa
971 4572 1305 4642 multitudo,
1328 4575 1391 4625 ut
1412 4588 1536 4641 qua;
1560 4587 1771 4642 magna
1793 4573 1860 4626 de
1892 4588 2068 4627 causa

2184 4574 2415 4651 Δάιρνης.
2451 4575 2623 4635 Εὐθὺς
2657 4575 2747 4629 οὖν
2779 4576 2806 4629 6
2834 4582 2934 4645 τῆς
2968 4577 3183 4638 πόλεως
3234 4573 3430 4651 ὄχλος,
3463 4578 3835 4655 προχυθέντσς

425 4663 742 4731 accederet,
775 4664 1046 4718 trahebat
1096 4678 1355 4733 capsam.
1408 4659 1511 4715 Illa
1544 4668 1761 4726 autem,
1788 4663 2069 4731 tanquam

424 4768 536 4807 non
570 4751 759 4823 magis
792 4752 1119 4806 traheretur
1150 4752 1221 4805 ab
1275 4750 1638 4817 hominibus,
1669 4766 1844 4820 quam
1896 4767 1927 4805 a
1970 4766 2069 4820 po-

421 4841 689 4909 tentiore,
719 4856 846 4911 quae
897 4857 1025 4895 eam
1060 4841 1344 4905 movebat,
1375 4838 1608 4904 virtute,
1642 4838 1903 4895 celeriter
1943 4855 2069 4894 mo-

419 4932 663 4985 vebatur
695 4946 948 5001 sequens
988 4946 1189 4985 eorum
1241 4928 1336 4999 qui
1396 4929 1689 4984 ducebant
1720 4928 1899 4984 animi
1949 4930 2069 4985 ala-

421 5019 705 5075 critatem.
740 5019 881 5073 Cum
917 5035 1043 5073 eam
1078 5027 1271 5074 autem
1305 5017 1429 5089 ipso
1463 5018 1555 5073 die
1598 5016 1875 5073 tulissent
1916 5019 2069 5089 plus.

421 5125 600 5178 quam
658 5107 1085 5179 quinquaginta
1134 5105 1341 5174 stadia,
1382 5111 1704 5179 posuerunt
1749 5106 1805 5161 in
1858 5122 2069 5162 caeme-

420 5196 585 5265 terio,
622 5197 776 5267 quod
828 5196 1061 5251 dicitur.
1094 5196 1191 5251 Est
1224 5199 1421 5250 autem
1469 5200 1603 5250 ante
1651 5194 1942 5251 civitatem
1974 5197 2070 5252 do-

421 5302 577 5353 mus,
606 5300 730 5354 quae
780 5276 1035 5357 suscepit
1086 5302 1329 5356 corpora
1378 5284 1752 5354 antiquorum
1783 5284 2066 5355 virorum,

421 5379 475 5429 et
506 5389 749 5443 quorum
784 5375 1020 5430 fuerunt
1056 5374 1320 5430 nonnulli
1363 5378 1651 5445 martyres
1685 5379 1919 5447 propter
1949 5376 2069 5449 pie—

420 5468 624 5519 tatem.
683 5464 871 5535 Atque
934 5469 1071 5520 tunc
1131 5464 1364 5535 quidem
1392 5480 1627 5536 capsam
1672 5468 1977 5533 portarunt
2009 5468 2068 5523 in

420 5568 555 5611 eum
585 5551 773 5607 locum
802 5553 1101 5610 :Julianus
1134 5559 1328 5610 autem
1365 5554 1597 5622 parabat
1631 5551 2065 5612 multitudinem

490 5678 513 5714 ⁷
545 5677 761 5737 Psalm.
787 5697 929 5753 στιν,
960 5680 1015 5739 7.
1043 5680 1064 5715 ⁸
1085 5680 1196 5737 Isa.
1232 5695 1355 5748 vm,
1392 5678 1477 5733 t8.

2181 4666 2257 4727 ὡς
2312 4664 2400 4719 ἐπὶ
2463 4662 2671 4738 μεγαλῃ
2728 4664 2872 4735 αἲτίᾳ
2938 4660 3382 4740 περιϐαλόμενοι,
3454 4666 3639 4721 εἷλκον
3738 4668 3836 4734 τήν

2178 4756 2373 4824 θήκην.
2408 4754 2471 4809 Ἠ
2505 4751 2561 4807 δὲ
2591 4755 2664 4815 ὡς
2696 4755 2805 4828 οὐχ
2837 4754 2939 4808 ὑπὸ
2962 4754 3261 4829 ἀνθρώπων
3292 4754 3561 4829 ἑλκομένη
3579 4756 3834 4828 μᾶλλον,

2177 4844 2211 4912 ἢ
2270 4841 2575 4917 κρείττονος
2634 4841 2801 4913 αὐτὴν
2860 4843 3117 4914 κινούσης
3159 4842 3458 4917 δυνάμεως,
3508 4840 3709 4921 ἔφθανε
3740 4847 3837 4913 τήν

2176 4936 2282 4987 τῶν
2353 4932 2590 5008 ἀγόντων
2704 4931 3009 5006 προθυμίαν
3092 4932 3423 5011 ἐφεπομένη,
3510 4934 3832 5009 αὐθημερόν

2178 5021 2241 5096 γέ
2298 5042 2383 5076 τοι
2435 5020 2601 5091 αὐτὴν
2660 5020 2909 5083 σταδίους
2957 5020 3125 5077 πλέον
3156 5022 3191 5091 ἢ
3223 5025 3557 5095 πεντήκοντα
3587 5024 3835 5097 κομισίο

2182 5131 2358 5183 μενοι,
2390 5110 2442 5164 ἐν
2487 5114 2565 5182 τῷ
2594 5110 2918 5183 καλουμένῳ
2946 5112 3300 5187 κοιμητηρίῳ
3348 5113 3634 5167 κατέθεσαν
3669 5134 3685 5146 ’
3722 5112 3833 5169 ἔστι

2180 5198 2236 5254 δὲ
2266 5201 2371 5275 πρὸ
2418 5206 2517 5269 τῆς
2549 5200 2764 5260 πόλεως
2809 5201 2957 5262 οἶκος
3003 5201 3273 5275 σωμάτων
3306 5200 3557 5257 παλαιῶν
3587 5201 3833 5276 ἀνδρῶν,

2177 5289 2266 5343 καὶ
2325 5288 2475 5343 ἐνίων
2535 5310 2593 5365 γε
2661 5290 2743 5343 ἐπ’
2811 5285 3054 5361 εύσεϐείᾳ
3119 5292 3577 5367 μαρτυρουμένων
3638 5292 3835 5348 πολλὰ

2179 5376 2511 5454 δεδεγμένος.
2565 5378 2699 5436 Τότε
2749 5380 2843 5452 μὲν
2897 5380 2989 5435 οὗν
3038 5378 3258 5435 ἐνταῦθα
3310 5382 3411 5449 τὴν
3482 5382 3659 5452 θήκην
3726 5382 3838 5438 εἶσ-

2176 5467 2452 5542 εκόμισαν,
2522 5468 2549 5522 6
2596 5464 2651 5522 δὲ
2720 5466 3021 5531 Ἰόυλιανὸς
3092 5470 3518 5545 παρεσκευάζετο
3610 5471 3836 5537 πλῆθος

2177 5555 2387 5630 ἱερείων
2431 5576 2489 5611 τε
2545 5555 2633 5610 καὶ
2682 5555 3065 5631 ἀναθημάτων,
3098 5558 3175 5622 ὡς
3204 5561 3273 5632 τῇ
3308 5558 3557 5633 ὑστεραίᾳ
3589 5560 3688 5615 σὺν
3731 5561 3835 5616 αὖα
