4012 6220
210 356 355 422 1201

1404 367 1870 432 MARTYRIUM
1919 371 1983 430 S.
2030 369 2386 430 Alt'l‘EMII.

3462 375 3484 430 I
3499 370 3613 432 202

199 531 315 588 τοῖς
374 525 450 588 εἷς
495 527 592 596 τὴν
637 527 847 609 Δάφνην
904 524 1334 602 ἀναϐησόμενος,
1386 532 1472 586 καὶ
1533 531 1624 586 νῦν
1672 554 1732 610 γε
1783 531 1844 604 δὴ

1961 535 2330 592 victimarum
2354 537 2410 590 et
2439 533 2841 602 donariorum,
2876 538 2942 591 ut
2989 535 3086 604 qui
3128 538 3284 590 esset
3335 535 3614 606 postridie

202 617 418 679 πάντως
460 617 722 690 ἐλπίζων,
772 619 822 674 εἴ
871 621 946 693 μή
999 625 1106 674 τῶν
1158 619 1370 691 ἄλλων,
1402 621 1527 679 ἀλλ’
1578 623 1741 679 αὐτοῦ
1795 645 1857 700 γε

201 711 300 762 τοῦ
332 706 692 768 Ἀπόλλωνος
721 709 995 778 τεύξεσθαι
1027 711 1556 784 ἂποκριθησομένου.
1583 714 1703 770 Ἐπὶ
1734 713 1856 768 τού-

202 816 283 868 τῳ
331 795 436 870 γὰρ
486 796 632 868 αὐτῷ
675 801 818 852 πᾶσα
850 800 882 866 ἡ
933 805 1032 868 τῆς
1079 811 1388 874 πρυθυμιας
1439 800 1594 864 έλπῖς
1649 803 1735 872 ἦν,
1770 804 1856 858 καὶ

206 886 291 940 ὅτι
324 906 431 940 που
480 885 626 957 αὐτῷ
679 907 732 941 τι
764 885 977 959 μᾶλλον
1011 889 1045 958 ἢ
1075 889 1240 964 ἑτέρῳ
1268 890 1330 945 τὸ
1360 896 1609 946 τοιοῦτον
1644 893 1854 968 χωρίον

205 971 458 1050 διαφέρον
488 976 554 1044 ἦν
588 975 720 1030 κατὰ
767 977 866 1046 τήν
912 979 1174 1050 μαντικὴν
1228 981 1452 1054 τέχνην,
1484 981 1575 1035 καί
1616 983 1699 1036 ὅτι
1755 1002 1855 1056 περ

205 1063 358 1133 αὐτῷ
419 1061 572 1135 μόνῳ
631 1065 804 1118 ἀνεῖτο
836 1067 870 1134 ἡ
905 1066 1114 1145 Δάφνη.
1147 1068 1208 1125 Ὁ
1256 1066 1314 1124 δὲ
1370 1067 1628 1133 Εὐσέϐιος
1673 1073 1761 1126 καὶ
1804 1072 1853 1126 οἰ

203 1149 609 1226 προλεγόμενοι
657 1154 822 1226 ἱερεῖς
865 1156 954 1210 καὶ
1023 1161 1129 1212 τῶν
1181 1160 1464 1231 νεωκόρων
1508 1160 1571 1214 τὸ
1617 1159 1852 1230 πλῆθος,

205 1238 649 1320 προσδεχόμενοι
698 1244 792 1298 τὸν
846 1243 1096 1319 βασιλέα,
1131 1246 1182 1301 ἐν
1239 1249 1406 1323 ἀγῶνι
1467 1248 1690 1325 μεγάλῳ
1733 1254 1856 1306 καθ-

211 1330 428 1385 ίσταντο
460 1331 550 1385 καὶ
583 1328 952 1406 διηγρύπνουν
992 1335 1117 1408 περὶ
1147 1334 1210 1391 τὸ
1241 1333 1486 1413 ἄγαλμα,
1518 1341 1686 1394 πάντα
1717 1361 1854 1415 πρα-

207 1419 829 1494 γματευόμενοι,ὅπως,
871 1419 1086 1478 ἐπειδὰν
1141 1424 1423 1500 ἀφίκηται,
1471 1427 1634 1504 τύχοι
1690 1428 1854 1485 αύτοῦ

209 1507 601 1596 φθεγξαμένου,
653 1510 967 1596 ὠςῗᾶίλλης
1025 1535 1088 1590 γε
1145 1513 1320 1571 αὐτῶν
1394 1513 1474 1572 ἕτι
1532 1519 1854 1596 προφάσεως

207 1595 336 1654 οὐδὲ
372 1603 499 1673 μιᾶς
527 1600 605 1661 εἷς
635 1595 912 1670 ἀναϐολήν
945 1602 1411 1678 ὑπολειπομένης.

287 1689 376 1746 ΛΖ¹
430 1689 529 1745 Ἐιτ
586 1686 644 1744 δ’
697 1688 750 1745 6"
841 1690 920 1710 ”⁹
1045 1697 1071 1708 ⁸
1218 1716 1229 1726 ·
1291 1700 1318 1710 ”
1515 1696 1526 1718 '
1681 1704 1704 1714 ”
1798 1701 1812 1720 '

277 1729 293 1744 ι
383 1733 396 1747 .
497 1710 580 1745 ιει
619 1711 652 1758 η
731 1725 754 1746 ι
785 1711 974 1768 πορρω
1004 1715 1112 1747 των
1155 1715 1358 1750 νυκτων
1390 1697 1474 1769 ἦν,
1508 1719 1567 1752 εκ
1611 1718 1708 1754 του
1759 1721 1850 1755 ου-

209 1783 370 1853 ρανοῦ
422 1783 529 1855 πῦρ
585 1779 799 1855 ἀθρόως
852 1783 1170 1861 κατενεχθέν
1251 1783 1513 1861 ἐνέσκηψε
1579 1792 1657 1860 τῷ
1723 1794 1850 1862 νεῷ,

203 1867 293 1922 καὶ
378 1867 492 1940 ἅμα
562 1871 906 1945 πανταχόθεν
984 1870 1149 1926 αὐτοῦ
1216 1870 1544 1948 δραξάμενον
1609 1875 1852 1951 ἐπίμπρα

204 1956 352 2028 αὗτῷ
378 1958 660 2032 ἀγάλματι
726 1960 816 2014 καὶ
883 1959 1068 2024 αὐτοῖς
1137 1962 1466 2036 ἀναθήμασι,
1524 1967 1745 2022 Πάντων
1798 1965 1854 2023 δὲ

204 2047 346 2119 ὁμοῦ
413 2046 927 2124 καταφλεγομένων,
985 2051 1077 2106 καὶ
1143 2057 1238 2107 τοῦ
1313 2055 1482 2128 πυρὸς
1557 2055 1644 2112 ἐπὶ
1721 2059 1854 2131 μέγα

206 2134 605 2211 ἐξαιρουμένου,
642 2137 744 2212 βοὴ
791 2139 884 2210 μὲν
933 2141 1126 2196 αὐτίκα
1158 2142 1374 2218 μεγάλη
1422 2148 1544 2220 περὶ
1587 2149 1681 2203 τὸν
1717 2149 1849 2203 νεὼν

205 2226 270 2294 ἦν
303 2225 393 2280 καὶ
432 2221 662 2300 θορυϐος
713 2225 886 2282 οὐδενὶ
933 2230 1151 2293 ἐοικώς.
1193 2232 1297 2289 Καὶ
1349 2232 1414 2304 δὴ
1449 2235 1676 2292 πολλῶν
1720 2237 1851 2293 ἐπα-

206 2317 367 2386 μῦναι
399 2316 867 2390 προθυμουμένων
911 2316 1088 2377 οὐδείς
1121 2320 1186 2390 ἧν
1231 2323 1259 2376 6
1306 2323 1445 2398 πρὸς
1493 2328 1554 2380 τὸ
1601 2331 1708 2400 πῦρ
1757 2328 1850 2381 ἀν-

199 2409 412 2482 τισχεῖν
446 2401 836 2479 δυνησόμενος,
868 2405 996 2462 ἄλλ’
1028 2410 1081 2464 οἱ
1117 2411 1211 2482 μὲν
1239 2411 1325 2466 ἐπὶ
1356 2415 1454 2483 τήν
1495 2414 1658 2470 πόλιν
1680 2411 1848 2485 ἔθεον,

198 2496 277 2564 τῷ
323 2492 554 2569 ἄρχοντι
611 2502 711 2564 τῆς
783 2496 920 2569 ἑῴας
987 2497 1270 2571 Ἰουλιανῷ
1332 2503 1658 2574 μηνύσοντες
1703 2506 1729 2559 6
1793 2503 1848 2560 δὲ

201 2579 396 2644 λοιπὸς
455 2579 629 2658 ὄχλος
690 2584 790 2640 ὑπὸ
850 2584 1165 2658 ἐκπλήξεως
1218 2587 1460 2661 ἵσταντο,
1513 2594 1693 2648 θεαταὶ
1751 2600 1846 2650 τοῦ

201 2668 509 2745 παραδόξυυ
559 2679 661 2760 τῆς
715 2671 1135 2746 καταλαϐούσης
1177 2677 1373 2741 αὐτοὺς
1431 2687 1713 2759 συμφορᾶς
1759 2704 1844 2760 γι-

201 2761 442 2832 νόμενοι.
477 2760 552 2818 Τὸ
586 2759 642 2816 δὲ
671 2767 778 2837 πῦρ
812 2760 1026 2827 οὐδενὸς
1059 2767 1126 2834 ἦν
1158 2771 1262 2820 τῶν
1296 2766 1483 2824 ἄλλων
1519 2771 1845 2845 ἀπτόμενον,

196 2847 465 2920 τοσαύτης
495 2872 554 2927 γε
583 2852 672 2906 καὶ
703 2852 875 2916 οὕτως
934 2853 1283 2934 ἀμφιλοιροῦς
1330 2858 1466 2930 ὕλης
1515 2858 1625 2915 ἐκεῖ
1676 2883 1847 2934 πεφυ-

197 2937 375 3009 κυίας,
411 2939 440 2993 8
487 2961 539 2994 τι
597 2941 672 3012 μὴ
741 2945 1050 3013 μονώτατον
1110 2943 1366 3017 ἐμπεσὸν,
1405 2949 1703 3026 κατέφλεγε
1751 2925 1841 3005 σὺν

196 3033 314 3090 τοῖς
365 3027 541 3082 ἐνοῦσι
590 3030 681 3084 τὸν
728 3032 862 3085 νεῶν
894 3051 907 3063 ·
943 3033 1018 3094 ὡς
1061 3034 1124 3088 τὸ
1160 3035 1253 3106 μὲν
1315 3033 1534 3112 ἄγαλμα
1592 3041 1680 3093 καὶ
1739 3047 1842 3095 πᾶν

197 3117 228 3172 δ
257 3138 308 3172 τι
348 3115 400 3172 ἐν
435 3119 767 3192 ἀναθήμασιν
809 3121 898 3189 ἧν,
933 3123 1174 3194 καθάπαξ
1226 3124 1600 3200 ἀφανισθῆναι,
1637 3129 1844 3204 βραχέα

197 3203 254 3262 δὲ
287 3206 573 3284 λειφθῆναι
604 3214 712 3264 τῶν
757 3208 1245 3285 οἲκοδομημάτων,
1275 3218 1343 3289 τῇ
1403 3214 1579 3292 Δάφνῃ
1640 3203 1844 3292 σημεῖα

192 3299 289 3350 τοῦ
337 3297 559 3366 πάθους,
612 3294 643 3351 ἃ
690 3300 777 3354 καὶ
821 3304 913 3354 νῦν
955 3297 1034 3355 ἔτι
1091 3299 1327 3358 δείκνυσι
1397 3305 1722 3381 σαφέστερον
1781 3309 1842 3363 τὸ
1878 3277 1927 3346 C

193 3384 390 3462 δεῖγμα
451 3393 547 3442 τοῦ
604 3391 868 3460 θεηθάτου
936 3391 1126 3467 πυρός.
1177 3396 1235 3452 Ὀ
1295 3393 1352 3451 δὲ
1410 3397 1704 3462 Ἰουλιανὸς
1779 3401 1846 3456 τὰ

193 3471 469 3548 συμϐάντα
519 3477 774 3548 ἀκούσας,
829 3482 994 3557 ὀργῆς
1039 3503 1096 3537 τε
1152 3484 1464 3557 πίμπλαται
1535 3489 1622 3542 καὶ
1674 3488 1843 3546 δεινὸν

191 3565 593 3639 ποιησάμενος,
637 3567 682 3623 εἰ
723 3571 1038 3641 Χριστιανοῖ
1081 3577 1197 3635 τοῖς
1256 3571 1662 3647 συμϐεϐηκόσιν
1720 3578 1844 3634 ἐπι-

191 3655 451 3718 τιυοάσειν
481 3657 630 3729 αὐτῷ
698 3655 978 3730 μέλλοιεν,
1006 3659 1201 3716 αὐτίκα
1239 3667 1562 3739 προστάττει
1610 3675 1708 3737 τῆς
1759 3689 1846 3741 με·

191 3744 369 3819 γάλης
429 3742 623 3808 αὐτοὺς
671 3744 890 3815 ἐξωθεῖν
943 3747 1256 3821 ἐκκλησίας,
1306 3759 1394 3808 καί
1462 3756 1662 3828 ταύτην
1746 3760 1841 3830 μὲν

192 3829 398 3889 ἄϐατον
431 3834 618 3899 αὐτοῖς
665 3836 949 3899 παντελῶς
993 3838 1335 3913 ἀποφαίνειν,
1365 3843 1438 3905 ὡς
1489 3845 1570 3899 ὅτι
1603 3829 1842 3923 ἀσφαλέο

194 3944 359 3978 στατα
407 3922 572 3993 αὐτὴν
622 3922 1232 4000 ἀποκλεισαμένους,τὰ
1281 3928 1338 3986 δὲ
1377 3932 1643 4006 κειμήλια
1673 3922 1842 3992 πάντα

193 4010 513 4084 δημοσιοῦν.
547 4010 745 4068 Δίὸωσι
779 4011 836 4070 δὲ
865 4016 956 4070 καὶ
1012 4023 1126 4080 τοῖς
1155 4019 1424 4090 Ἕλλησιν
1475 4021 1654 4078 ἄδειαν
1705 4024 1842 4082 ὥστε

193 4099 413 4156 εἰσιέναι
465 4100 660 4164 αὐτοὺς
715 4102 791 4165 εἰς
839 4105 934 4167 τάς
980 4109 1088 4161 τῶν
1149 4111 1484 4184 Χριστιανῶν
1549 4110 1838 4186 ἐκκλησίας

192 4191 282 4244 καὶ
322 4195 496 4244 ποιεῖν
535 4190 635 4246 ὅσα
673 4192 761 4246 καὶ
797 4193 1109 4267 βούλοιντο.

263 4280 395 4336 ΛΗ’.
434 4279 655 4335 Τούτων
687 4279 778 4336 οὖν
826 4285 971 4357 παρὰ
1018 4287 1114 4341 τοῦ
1161 4287 1421 4363 τυράννου
1476 4293 1565 4346 καὶ
1614 4291 1838 4357 ἄσεϐοὗς

192 4365 612 4434 κελευσθέντων,
661 4371 713 4426 τί
763 4392 870 4427 των
935 4375 1204 4450 μεγίστων
1264 4384 1444 4435 κακῶν
1503 4379 1603 4438 οὒκ
1659 4383 1837 4440 ἐπετε-

194 4457 360 4529 λέσθη
388 4477 404 4529 ;
435 4457 505 4518 Τί
555 4457 610 4515 δὲ
647 4465 753 4516 τῶν
787 4462 1180 4540 ἂπηγεστάτων
1224 4467 1324 4524 υῦκ
1372 4470 1602 4547 ἐλέχθη,
1624 4474 1836 4532 πάντων

191 4547 373 4606 ἀφέτω
418 4547 642 4606 γλώσσῃ
691 4550 1008 4606 λαλούντων
1038 4555 1105 4606 τὰ
1152 4555 1361 4606 ἄόὁγιτα
1408 4563 1542 4606 mare
1579 4570 1678 4606 τςρ
1731 4567 1802 4606 τις

228 4563 373 4625 φετῳ
418 4563 643 4624 γλώσσῃ
693 4563 1008 4609 Λαλούντιυν
1038 4563 1105 4610 τὰ
1152 4563 1362 4632 ἄρρητα
1408 4563 1543 4617 κατὰ
1579 4570 1678 4633 τῆς
1731 4567 1838 4620 τῶν

1967 640 2098 682 cum
2130 623 2212 680 eis
2263 623 2566 695 Daphnem
2617 639 2994 692 ascensurus,
3027 631 3162 678 tunc
3195 623 3430 694 quidem
3461 632 3615 681 certe

1966 729 2210 786 sperans
2243 712 2503 779 omnino,
2537 711 2586 768 si
2621 728 2738 768 non
2767 711 2936 777 alios,
2971 715 3028 766 at
3054 712 3249 782 ipsum
3283 711 3616 782 Apollinem

1968 817 2406 873 responsurum.
2441 804 2518 856 Eo
2563 801 2719 857 enim
2771 800 3069 873 spectabat
3099 816 3230 872 spes
3279 802 3535 872 prompti
3561 805 3619 857 et

1969 892 2177 950 alacris
2224 891 2384 947 illius
2436 891 2636 962 animi,
2668 892 2822 962 quod
2879 890 3044 946 locus
3092 889 3143 946 ei
3195 891 3408 962 magis,
3441 907 3618 962 quam

1968 983 2088 1053 alii,
2119 981 2422 1037 videbatur
2443 985 2720 1052 prssstare
2747 980 2988 1036 scientia
3009 977 3309 1034 divinandi
3336 994 3348 1032 :
3374 982 3432 1033 et
3462 979 3618 1050 quod

1967 1073 2018 1127 ei
2050 1071 2160 1127 soli
2192 1081 2529 1126 consecrata
2558 1073 2682 1125 erat
2717 1069 2980 1141 Daphne.
3013 1067 3300 1124 Eusebius
3321 1075 3534 1136 autem,
3562 1072 3621 1124 et

1968 1161 2066 1234 qui
2099 1161 2262 1234 prius
2293 1159 2433 1216 dicti
2483 1163 2621 1216 sunt
2648 1161 2998 1229 sacerdotes,
3029 1163 3086 1214 et
3125 1158 3446 1215 multitudo
3478 1158 3618 1214 aedi-

1966 1258 2222 1316 tuorum,
2253 1248 2420 1305 valde
2470 1249 2815 1304 laborabant
2852 1252 2908 1303 et
2935 1246 3258 1319 vigilabant
3289 1248 3444 1303 circa
3470 1247 3618 1302 ima-

1965 1337 2178 1409 ginem,
2212 1341 2619 1409 exspectantes
2650 1337 3058 1408 imperatorem
3085 1351 3101 1392 :
3134 1344 3191 1391 et
3220 1337 3418 1392 omnia
3439 1351 3619 1408 agen-

1966 1431 2074 1496 tes,
2111 1431 2194 1496 ut,
2226 1443 2360 1483 cum
2395 1426 2638 1495 venerit,
2672 1442 2806 1482 eum
2848 1425 3056 1482 habeat
3089 1425 3444 1496 loquentem,
3479 1439 3616 1480 cum

1966 1514 2127 1573 nulla
2156 1514 2448 1573 excusatio
2479 1519 2634 1572 esset
2664 1515 2745 1571 eis
2775 1513 2976 1571 relicla
3005 1515 3076 1569 ad
3109 1512 3470 1570 dilationem.

2034 1697 2309 1755 XXXVII.
2331 1698 2473 1753 Cum
2497 1713 2630 1754 vero
2656 1697 2902 1769 noxjam
2925 1695 3179 1752 multum
3203 1695 3613 1768 processisset,

1966 1788 2119 1862 ignis
2149 1791 2387 1860 repente
2418 1804 2448 1844 e
2479 1787 2622 1844 ctrlo
2654 1786 2946 1843 demissus
2970 1787 3029 1842 in
3051 1784 3337 1856 templum
3363 1784 3611 1840 cecidit:

1885 1907 1940 1974 B
1965 1887 2018 1934 et
2049 1893 2184 1974 cum
2203 1877 2513 1974 ipsum-om
2526 1876 2582 1931 ni
2612 1893 2681 1933 ex
2704 1880 2869 1974 parte
2893 1874 3396 1948 apprehendisset,
3421 1874 3611 1945 ipsam

1964 1967 2185 2024 exussit
2246 1966 2563 2038 imaginem
2632 1981 2764 2021 cum
2814 1965 2956 2036 ipsis
3023 1964 3299 2020 donariis.
3350 1964 3612 2034 Cumque

1964 2056 2161 2112 omnia
2191 2055 2364 2111 simul
2411 2053 2854 2125 conﬂagrarent,
2887 2056 2945 2108 et
2991 2051 3143 2124 ignis
3173 2050 3340 2106 valde
3371 2049 3613 2106 extolle-

1962 2151 2141 2210 retur,
2174 2142 2441 2215 protinus
2472 2141 2710 2213 quidem
2743 2141 2854 2196 fuit
2884 2141 2941 2196 in
2974 2139 3190 2211 templo
3221 2155 3431 2208 magna
3461 2138 3608 2194 voci-

1963 2233 2186 2300 feratio,
2220 2235 2276 2288 et
2306 2231 2453 2287 nulli
2484 2230 2695 2286 similis
2737 2229 3045 2286 tumultus.
3080 2230 3244 2284 Tunc
3275 2226 3438 2282 multi
3469 2227 3608 2298 qui-

1962 2326 2094 2381 dem
2144 2324 2326 2395 parati
2387 2327 2550 2380 erant
2584 2338 2752 2395 opem
2798 2322 2964 2392 ferre,
2999 2319 3196 2376 nullus
3237 2323 3433 2375 autem
3463 2323 3606 2388 erat,

1960 2414 2061 2486 qui
2095 2418 2294 2486 posset
2315 2413 2436 2484 igni
2465 2411 2749 2468 resistere.
2776 2411 2886 2466 Sed
2909 2411 3006 2467 alii
3037 2411 3273 2482 quidem
3296 2409 3608 2466 currebant

1958 2504 2029 2559 ad
2061 2503 2377 2570 civitatem,
2411 2502 2467 2556 id
2501 2500 2888 2572 signiﬁcaturi
2915 2500 3148 2558 Juliano
3176 2518 3189 2557 :
3228 2499 3445 2569 reliqua
3474 2515 3608 2555 vero

1959 2591 2266 2648 multitudo
2321 2590 2514 2646 stabat
2543 2590 2970 2660 obstupefacta,
3011 2589 3417 2660 contemplans
3448 2588 3606 2642 cala-

1959 2682 2246 2751 mitatem,
2289 2697 2415 2752 quae
2453 2679 2610 2750 ipsos
2654 2679 2968 2734 invaserat.
3012 2679 3170 2750 Ignis
3210 2681 3406 2732 autem
3455 2674 3604 2731 nihil

1958 2771 2115 2828 aliud
2147 2770 2444 2841 tangebat,
2495 2782 2624 2824 cum
2655 2771 2819 2824 tanta
2849 2772 3040 2822 etiam
3074 2766 3310 2837 copiosa
3343 2764 3462 2821 illic
3511 2781 3603 2820 es-

1959 2867 2048 2918 set
2079 2861 2340 2929 materia,
2374 2859 2488 2915 nisi
2512 2859 2663 2930 quod
2699 2857 2884 2914 solum
2910 2873 3043 2912 cum
3077 2856 3171 2926 iis,
3191 2872 3318 2927 quas
3348 2854 3601 2924 inerant,

1959 2951 2245 3023 templum
2276 2949 2658 3006 comburebat
2692 2964 2705 3003 :
2747 2948 2888 3004 adeo
2931 2951 2994 3001 ut
3024 2946 3219 3017 imago
3259 2944 3519 3016 quidem,
3545 2946 3604 2999 et

1958 3054 2315 3114 quaecunque
2344 3038 2464 3094 illic
2502 3041 2668 3093 erant
2698 3035 2943 3092 donaria
2979 3034 3191 3090 fuerint
3228 3034 3465 3089 omnino
3497 3033 3602 3088 de-

1959 3131 2074 3188 leta
2107 3149 2119 3186 :
2157 3146 2333 3202 pauca
2363 3134 2556 3186 autem
2607 3127 2852 3184 mdiﬁcia
2896 3125 3136 3197 Daphne
3189 3122 3601 3192 remanserint,

1957 3221 2124 3292 signa
2154 3221 2282 3291 ejus
2321 3219 2474 3291 quod
2524 3217 2815 3274 acciderat
2847 3232 2860 3271 :
2896 3232 3022 3287 quas
3055 3213 3227 3270 etiam
3270 3229 3426 3268 nunc
3457 3228 3602 3284 quo-

1957 3326 2068 3382 que
2099 3309 2357 3381 apertius
2385 3306 2650 3362 indicant
2673 3306 2888 3376 ignem,
2918 3303 3012 3373 qui
3044 3303 3264 3359 missus
3295 3302 3482 3358 fuerat
3513 3301 3602 3356 di-

1953 3400 2194 3456 vinitus.
2226 3397 2502 3454 Julianus
2525 3399 2720 3450 autem
2741 3409 2872 3450 cum
2899 3393 3218 3450 audivisset
3239 3408 3327 3462 ea,
3359 3407 3483 3462 quas
3511 3407 3603 3447 sc-

1950 3490 2230 3555 ciderant,
2282 3487 2370 3541 ira
2417 3485 2668 3556 repletur
2715 3486 2772 3539 et
2801 3497 2974 3555 grave
3004 3481 3339 3550 arbitratus,
3383 3479 3433 3536 si
3469 3496 3602 3550 pro-

1951 3583 2078 3651 pter
2123 3594 2191 3633 ea
2248 3591 2374 3648 quas
2434 3573 2765 3630 acciderant
2831 3569 3147 3626 Christiani
3210 3575 3406 3624 essent
3464 3584 3600 3623 eum

1950 3665 2328 3732 ludificaturi,
2365 3663 2536 3736 jubet
2571 3662 2772 3718 statim
2805 3676 2904 3716 eos
2937 3675 2966 3714 e
2997 3674 3210 3728 magna
3264 3656 3470 3727 expelli
3502 3673 3598 3712 ec-

1950 3756 2142 3824 clesia,
2176 3759 2234 3812 et
2265 3752 2570 3826 provideri,
2605 3767 2676 3807 ne
2717 3749 2832 3805 illis
2883 3749 2953 3804 ad
2996 3747 3185 3819 ipsam
3231 3744 3469 3801 omnino
3501 3762 3598 3816 pa-

1951 3853 2068 3905 teat
2097 3846 2316 3914 aditus,
2347 3860 2414 3901 ac
2459 3844 2695 3898 domum
2727 3857 2854 3912 quas
2895 3839 2973 3895 ibi
3003 3842 3168 3894 erant
3204 3837 3456 3908 pretiosa
3485 3851 3595 3906 pu-

1948 3935 2175 3994 blicari.
2212 3937 2319 3992 Dat
2366 3937 2564 3990 autem
2601 3931 2872 4003 gentibus
2902 3932 3267 4001 potestatem,
3301 3929 3367 3981 ut
3395 3925 3593 3999 ingre-

1949 4029 2186 4084 diantur
2224 4025 2284 4081 in
2315 4023 2592 4082 ecclesias
2619 4019 3104 4090 Christianorum,
3138 4022 3194 4074 et
3225 4017 3433 4072 faciant
3464 4031 3590 4087 qua:

1945 4118 2145 4176 velint.

2016 4295 2320 4354 XXXVIII.
2355 4295 2499 4350 Cum
2529 4307 2658 4363 ergo
2690 4290 2903 4362 impius
2932 4287 3054 4343 haec
3078 4285 3360 4358 jussisset
3389 4287 3592 4357 tyran-

1946 4403 2082 4456 nus,
2115 4385 2266 4456 quod
2300 4400 2414 4440 non
2448 4382 2759 4439 maximum
2792 4379 3015 4434 malum
3049 4376 3268 4432 factum
3301 4375 3426 4432 est?
3447 4373 3595 4440 Quid

1946 4495 2062 4534 non
2093 4481 2284 4533 autem
2318 4474 2820 4532 absurdissimum
2843 4475 2900 4526 et
2930 4467 3340 4539 turpissimum
3369 4466 3596 4521 dictum

1945 4572 2052 4635 est,
2087 4565 2363 4623 omnibus
2394 4564 2599 4635 lingua
2622 4562 2903 4618 effrenata
2935 4558 3185 4614 nefanda
3220 4554 3596 4626 loquentibus

190 4639 537 4714 Χριστιανῶν
594 4640 855 4711 πίστεως,
910 4642 1000 4697 καὶ
1070 4643 1540 4725 βλασφημούντων
1611 4653 1687 4713 εἰς
1741 4653 1832 4709 τόν

1958 4660 2228 4716 adversus
2254 4656 2429 4711 fidem
2455 4644 3596 4718 Christianorum,nefandaloquentibus

193 4727 391 4801 Κύριον
449 4729 540 4783 καὶ
598 4730 726 4785 Θεὸν
785 4733 945 4805 ἡμῶν
998 4735 1207 4805 Ἰησοῦν
1254 4740 1484 4812 Χριστὸν
1535 4739 1586 4796 ἓν
1641 4745 1838 4808 πάσαις

191 4821 313 4878 ταῖς
353 4816 594 4874 πόλεσιν.
630 4820 716 4875 Ἐν
769 4820 864 4893 μὶν
916 4821 1020 4899 γὰρ
1070 4820 1313 4900 Σεϐαστῇ
1363 4828 1720 4906 ἐπικληθείσῃ
1769 4834 1837 4888 τά

192 4906 325 4960 ὅστᾶ
373 4910 471 4961 τοῦ
531 4909 819 4987 προφήτου
861 4909 1174 4968 Ἐλισσαίου
1223 4916 1312 4970 καὶ
1376 4922 1473 4973 τοῦ
1532 4926 1836 4976 Βαπτιστοῦ

190 4994 449 5088 ’,Ιωάννου
507 4994 567 5050 ἐκ
618 5001 728 5052 τῶν
787 5000 968 5070 θηκῶν
1039 5000 1411 5078 ἐξαγαγόντες,
1461 5009 1551 5063 καὶ
1615 5008 1834 5088 ἀλόγων

188 5082 516 5158 ἀκαθάρτοις
581 5085 791 5150 ὀστέοις
870 5090 1260 5164 προσμίξαντες
1342 5097 1693 5167 κατέκαυσαν,
1737 5082 1835 5157 ’καὶ

186 5175 290 5242 τήν
320 5175 472 5229 κόνιν
509 5174 584 5236 εἰς
613 5178 704 5231 τὸν
737 5176 866 5252 ἀέρα
897 5179 1197 5254 ἐλίκμησαν
1234 5204 1247 5216 ·
1278 5185 1374 5240 τὸν
1405 5184 1462 5242 δὲ
1499 5192 1596 5243 τοῦ
1643 5196 1835 5260 Σωτῆ-

188 5283 283 5356 ρος
309 5260 620 5356 ᾇνδριάντα,
654 5265 706 5320 ἐν
733 5266 961 5324 Πανεάδι
1000 5274 1070 5345 τῇ
1098 5271 1258 5328 πόλει
1297 5275 1433 5344 πρὸς
1488 5284 1590 5347 τῆς
1634 5279 1837 5356 αἱμορ-

187 5350 431 5426 ῥοούσης
490 5356 744 5428 γυναικὸς
815 5361 1307 5417 κατασκευασθέντα
1377 5350 1834 5441 μεγαλοπρεπῶς,

308 5442 336 5496 6
393 5443 626 5517 Χριστὸς
686 5445 893 5519 ἰάσατο,
933 5453 1020 5503 καὶ
1102 5448 1412 5526 ἱδρυνθέντα
1468 5453 1520 5509 έν
1578 5457 1836 5532 ἐπισήμῳ

183 5529 340 5618 τόπῳ
367 5537 468 5600 τῆς
499 5531 738 5605 πόλεως,
773 5537 830 5591 ὃν
863 5539 997 5609 μετά
1025 5541 1225 5616 χρόνον
1274 5545 1578 5618 γνωσθέντα
1617 5545 1676 5602 ἐκ

184 5617 411 5711 αὐτόθεν
442 5619 719 5711 φυομένης
753 5624 984 5699 βοτάνης
1021 5631 1117 5682 τοῦ
1158 5617 1452 5704 θαύματος,
1486 5634 1537 5688 οἱ
1577 5617 1835 5711 Χριστια-

186 5707 276 5763 vbi
308 5705 571 5785 ἀράμενοι
601 5709 654 5766 ἐν
681 5718 761 5786 τῷ
788 5721 886 5784 τῆς
915 5713 1210 5787 ἐκκλησίας
1260 5717 1553 5795 διακονικῴ
1585 5705 1834 5796 ἔστησαν,

1946 4753 2004 4805 et
2047 4743 2593 4818 blasphemantibus
2640 4741 2950 4797 Dominum
3001 4745 3054 4793 et
3092 4737 3273 4792 Deum
3325 4738 3594 4789 nostrum

1944 4842 2142 4894 Jesum
2195 4835 2490 4891 Christum
2537 4831 2594 4886 in
2627 4829 2901 4887 omnibus
2933 4823 3312 4884 civitatibus?
3360 4825 3501 4878 Nam
3535 4823 3595 4876 in

1945 4929 2175 4984 civitate
2234 4925 2490 4997 quidem,
2553 4938 2678 4995 quas
2746 4919 2880 4976 olim
2937 4917 3256 4973 vocabatur
3307 4912 3593 4981 Samaria,

1945 5021 2144 5090 postea
2174 5032 2308 5071 vero
2340 5018 2397 5070 et
2442 5013 2682 5070 condita
2711 5009 2900 5064 fuerat
2930 5007 3001 5064 ab
3033 5005 3275 5074 Herode,
3307 5007 3364 5058 et
3392 5000 3596 5073 appel-

1943 5107 2061 5163 lata
2081 5108 2204 5161 erat
2229 5105 2495 5170 Sebaste,
2526 5116 2659 5157 ossa
2699 5097 2989 5170 prophetae
3035 5092 3206 5149 Elisei
3238 5095 3294 5148 et
3323 5090 3594 5162 Baptistae

1945 5194 2186 5251 Joannis
2217 5194 2306 5266 (ut
2341 5189 2649 5264 putabant)
2681 5205 2711 5243 e
2758 5185 2965 5243 loculis
3005 5184 3338 5250 educentes,
3369 5182 3428 5235 et
3455 5192 3592 5234 cum

1946 5283 2268 5340 immundis
2302 5283 2606 5338 brutorum
2647 5277 2881 5333 ossibus
2922 5271 3390 5337 commiscentes,
3422 5282 3592 5324 exus-

1946 5377 2165 5438 serunt,
2203 5378 2256 5427 et
2286 5371 2540 5426 cinerem
2571 5367 2629 5422 in
2652 5381 2842 5421 aerem
2875 5363 3206 5419 cribrarunt
3255 5375 3321 5414 ac
3353 5356 3591 5413 ventila-

1946 5467 2084 5519 runt
2123 5479 2136 5516 :
2187 5459 2501 5517 Salvatoris
2541 5461 2729 5512 autem
2770 5459 3048 5519 statuam,
3082 5466 3202 5522 quae
3237 5449 3294 5503 in
3327 5446 3593 5502 Paneade

1947 5551 2178 5608 civitate
2211 5567 2243 5606 a
2264 5549 2528 5612 muliere,
2553 5562 2679 5618 quas
2702 5542 2984 5616 proﬂuvio
3016 5537 3324 5612 sanguinis
3356 5536 3592 5592 labora-

1948 5640 2068 5709 bat,
2099 5644 2155 5696 et
2184 5657 2217 5696 a
2248 5639 2478 5694 Christo
2510 5639 2712 5692 curata
2743 5633 2949 5700 fuerat,
2985 5628 3286 5701 magniﬁce
3327 5628 3593 5683 constru-

1948 5734 2037 5787 cta
2067 5736 2120 5787 et
2145 5729 2203 5784 in
2240 5727 2456 5798 inligni
2487 5724 2737 5782 civitatis
2769 5721 2892 5780 loco
2923 5721 3108 5794 posita
3140 5718 3326 5775 fuerat
3359 5731 3372 5770 :
3407 5729 3581 5786 quam
