4048 6202
405 285 429 343 1
443 286 557 344 203

1745 289 2026 351 MENSIS
2067 292 2449 353 OCTUBER.

3648 289 3796 350 1204

402 458 534 527 post
563 458 796 526 tempus
827 456 1117 528 cognitam
1139 473 1207 512 ex
1255 455 1533 512 miraculo
1554 455 1765 528 herbae,
1792 474 1916 529 quae
1937 457 2054 513 illic

2189 461 2356 512 ςοῦτον
2415 458 2467 511 υἱ
2524 454 2797 526 Ἕλληνες
2833 457 3285 524 κατασπάσαντες,
3341 458 3447 509 τῶν
3502 451 3683 508 ποδῶν
3749 475 3801 508 τε

409 543 776 612 nascebatur,
810 545 1128 600 Christiani
1171 553 1536 617 acceperunt,
1568 554 1619 601 et
1649 550 1969 616 posuerunt
1999 547 2056 601 in

411 633 709 690 diaconico
744 650 756 688 :
785 649 909 688 eam
943 640 1143 704 gentes
1176 635 1570 705 detraxerunt,
1595 640 1653 690 et
1682 635 1920 692 funibus
1943 635 2061 691 alli-

407 722 560 794 gatis
593 722 840 794 pedibus
871 726 1171 778 traxerunt
1201 739 1302 794 per
1331 723 1544 790 forum,
1569 725 1752 780 donec
1779 725 2056 796 paulatim

414 812 657 878 interiit,
716 811 916 867 relicto
972 811 1092 868 solo
1134 813 1340 883 capite,
1391 818 1449 868 et
1497 818 1660 884 rapto
1701 831 1734 869 a
1782 814 2056 885 quodam,

414 901 555 956 dum
590 905 793 973 gentes
837 900 1353 970 tumultuarentur,
1387 902 1715 957 dicentibus
1765 902 1838 958 iis
1885 905 2060 958 verba

413 989 761 1060 blaspheme
791 995 846 1046 et
883 991 1274 1046 abominanda
1322 991 1380 1045 in
1431 991 1744 1047 Dominum
1795 997 2057 1049 nostrum

413 1080 609 1135 Jesum
635 1079 954 1149 Christum,
982 1097 1105 1150 qua:
1130 1097 1300 1136 nemo
1331 1097 1590 1152 unquam
1615 1081 1786 1137 homo
1817 1083 2058 1138 audivit.

483 1170 723 1226 XXXIX.
765 1170 1222 1226 Sceleratissimo
1255 1176 1447 1227 autem
1507 1177 1752 1244 tyranno
1801 1173 2062 1228 audienti

414 1270 576 1320 erant
606 1264 728 1319 haec
773 1263 1010 1331 deliciae,
1044 1268 1102 1319 et
1149 1265 1200 1319 ei
1233 1281 1505 1335 magnam
1549 1265 1865 1321 aﬁ‘erebant
1894 1266 2060 1323 volu-

415 1358 656 1424 ptatem.
701 1353 864 1408 Unde
894 1353 1068 1409 etiam
1104 1354 1382 1425 posthaec
1421 1355 1608 1426 jussit
1637 1356 1873 1411 excitari
1915 1360 2062 1411 tem-

420 1444 585 1518 plum
629 1444 989 1514 Judaeorum,
1049 1445 1203 1515 quod
1246 1454 1366 1500 erat
1412 1444 1877 1515 Hierosolymis:
1930 1448 1987 1500 et
2032 1461 2062 1500 e

421 1534 652 1590 civitate
691 1533 948 1605 expulsis
976 1533 1343 1602 Christianis,
1375 1534 1596 1591 Judreis
1628 1535 1865 1606 reliquit
1897 1535 2061 1590 habi-

418 1624 676 1679 tandem.
727 1623 1113 1687 Quamobrem
1147 1625 1455 1693 quemdam
1499 1641 1730 1696 quoque
1770 1624 2060 1696 Alypium,

425 1713 583 1769 falsae
640 1712 909 1786 religioni
975 1715 1161 1768 virum
1223 1714 1674 1782 deditissimum,
1727 1719 1782 1770 et
1834 1715 2064 1770 comitis

3702 540 3800 603 ἕως

2170 547 2423 622 σχοίνους
2482 546 2788 620 ἐξάψαντες,
2839 539 3027 619 ἕσδραν
3099 544 3186 599 ἐπὶ
3245 547 3346 609 τῆς
3422 543 3642 618 ἀγορᾶς,

2169 637 2231 693 οὗ
2261 639 2396 694 κατά
2429 639 2622 712 μικρὸν
2666 637 3112 711 ἀποθραυόμενος
3157 635 3454 712 ἠφανίσθη,
3490 635 3664 707 μόνης
3710 640 3803 700 τῆς

2167 727 2410 804 κεφαλῆς
2466 725 2920 805 καταλειφθείσης
2973 724 3060 780 καὶ
3119 725 3449 799 ἁρπαγείσης
3501 721 3604 778 ὑπό
3661 743 3802 782 τινος

2171 816 2222 872 ἐν
2252 823 2331 890 τῷ
2382 813 2725 894 θορυϐεῖσθαι
2757 815 2885 878 τοὺς
2924 815 3222 884 ”Ελληνας,
3265 811 3580 868 λαλούντων
3634 809 3800 866 αὐτῶν

2178 907 2479 984 βλάσφημα
2535 907 2622 962 καὶ
2691 905 3044 983 ἀπηχέστατα
3083 904 3304 977 ῥήματα
3333 903 3410 957 εἷς
3468 902 3560 956 τὸν
3607 900 3802 973 Κύριον

2171 999 2331 1069 ἡμῶν
2375 999 2585 1067 Ἰησοῦν
2628 995 2883 1068 Χριστὸν,
2916 992 2949 1046 ’ἀ
2999 995 3074 1068 μή
3123 1013 3206 1054 τις
3254 991 3554 1067 ἀνθρώπων
3611 988 3805 1059 ἤκουσε

2169 1090 2412 1146 πώποτε.

2242 1179 2363 1236 ΛΘ’.
2411 1180 2506 1249 Τῷ
2561 1175 2744 1249 μέντοι
2795 1174 3244 1249 παρανομωτάτῳ
3282 1171 3528 1248 τυράννῳ
3557 1169 3806 1226 ἀκούοντι

2168 1273 2334 1324 ταῦτα
2356 1266 2533 1342 τρυφὴ
2560 1267 2646 1336 ἦν,
2680 1265 2768 1318 καὶ
2798 1260 3020 1333 πολλὴν
3069 1262 3216 1333 αὖτῷ
3252 1261 3481 1316 ἐνεποίει
3536 1262 3636 1328 τὴν
3683 1257 3805 1329 ἡδο-

2168 1360 2285 1428 νήν.
2343 1357 2503 1419 ’Ὀθεν
2564 1353 2650 1408 ἐπὶ
2706 1353 2922 1414 τούτοις
2986 1353 3077 1406 καὶ
3145 1349 3237 1407 τὸν
3296 1349 3348 1405 ἐν
3408 1347 3808 1425 Ἰεροσολύμοις

2170 1451 2276 1502 τῶν
2337 1443 2614 1501 Ἰουδαίων
2684 1443 2810 1496 ναὸν
2891 1439 3130 1496 ἐκέλευεν
3222 1441 3462 1510 ἀνιστᾷν,
3518 1441 3608 1492 καὶ
3694 1439 3808 1499 τοὺς

2171 1534 2536 1611 Χριστιανοὺς
2591 1541 2690 1603 τῆς
2758 1532 2975 1595 πόλεως
3033 1527 3462 1601 ἐκϐαλὼν,τοὺς
3520 1527 3808 1589 Ἰουδαίους

2173 1628 2365 1696 ἀνῆκεν
2414 1625 2602 1680 οἰκεῖν.
2656 1625 2772 1701 Ἐφ’
2820 1624 2864 1695 ᾧ
2915 1621 2981 1692 δὴ
3037 1622 3127 1676 καὶ
3179 1619 3443 1678 ’Δλῦπιόν
3475 1641 3614 1688 τινα,
3651 1617 3810 1693 ἄνδρα

2175 1713 2752 1788 δεισιδαιμονέστατον,
2829 1713 3046 1784 κὸμητα
3126 1713 3388 1785 τιμήσας,
3466 1706 3808 1772 ἀποστέλλει,

423 1803 704 1874 dignitate
745 1805 1141 1869 honestatum,
1178 1819 1242 1858 eo
1295 1805 1490 1870 mittit,
1519 1805 1728 1875 jubens
1761 1809 1824 1859 ut
1856 1821 2065 1875 magno

2189 1803 2556 1877 ίντειλάμενος
2615 1799 2826 1875 σπουδῇ
2871 1798 3059 1874 πολλῇ
3108 1798 3197 1854 τὸν
3257 1799 3383 1854 ναὸν
3441 1795 3813 1869 ἀκοικοδομη-

2226 1895 2236 1906 ι
2421 1895 2441 1906 η
2546 1891 2604 1906 Αἱ
2883 1891 2896 1905 ι
3065 1888 3080 1906 \
3140 1889 3202 1906 nul
3373 1889 3386 1906 Ι
3515 1887 3527 1906 Ι
3740 1887 3779 1906 εὶ

425 1891 618 1947 studio
635 1891 910 1963 templum
929 1908 1129 1947 rursus
1151 1891 1480 1960 aediﬁcaret,
1503 1894 1650 1963 quod
1678 1892 2068 1962 Vespasianus

424 1988 478 2036 et
508 1981 635 2051 ejus
670 1979 822 2035 illius
854 1982 1017 2035 Titus
1048 1981 1225 2036 simul
1258 1998 1388 2036 cum
1410 1983 1638 2037 civitate
1657 1983 2068 2036 destruxerunt

424 2073 482 2125 et
511 2074 874 2124 exusserunt.
923 2071 1233 2140 Oportebat
1283 2071 1438 2126 enim
1463 2072 1533 2125 ad
1568 2071 1830 2127 affectum
1861 2073 2068 2128 deduci

424 2158 663 2212 verbum
697 2157 931 2227 Christi,
965 2158 1060 2231 qui
1085 2163 1173 2213 est
1201 2158 1332 2230 ipsa
1362 2160 1592 2229 veritas,
1626 2177 1870 2231 nempe:
1898 2183 1926 2211 «
1946 2162 2069 2216 Non

425 2245 844 2317 manebitlapis
866 2263 1042 2318 super
1067 2247 1344 2319 lapidem,
1362 2250 1464 2320 qui
1490 2266 1602 2304 non
1621 2250 1955 2306 destruatur
1974 2251 2013 2305 ⁸.
2042 2270 2065 2300 ι)

427 2337 588 2400 Quod
607 2335 840 2407 quidem
867 2338 1109 2392 studens
1125 2336 1334 2393 falsum
1352 2339 1654 2395 ostendere
1670 2339 1919 2396 stolidus
1942 2341 2068 2408 iste,

429 2426 816 2482 contendebat
873 2426 1155 2498 templum
1215 2445 1418 2483 rursus
1472 2429 1780 2499 aediﬁcare,
1839 2429 2070 2486 etiamsi

428 2515 646 2572 frustra
676 2515 999 2582 laborabat,
1032 2532 1096 2571 ea
1119 2517 1483 2588 aggrediens,
1517 2535 1643 2588 quae
1675 2519 1798 2574 fieri
1832 2536 1946 2574 non
1980 2537 2070 2591 po-

428 2608 642 2660 terant.
675 2605 819 2660 Nam
853 2621 985 2661 cum
1020 2621 1231 2677 magno
1263 2607 1452 2661 studio
1486 2608 1942 2676 concurrissent,
1975 2607 2073 2680 qui

437 2696 619 2750 Deum
652 2695 1005 2764 occiderant,
1027 2695 1236 2764 Judaei,
1254 2700 1306 2751 et
1331 2713 1540 2767 magna
1563 2714 1736 2752 manu
1761 2702 1818 2753 et
1839 2714 2075 2754 summa

431 2785 610 2840 animi
643 2784 940 2840 alacritate
972 2801 1116 2855 opus
1163 2786 1638 2856 aggrederentur,
1671 2791 1728 2842 et
1781 2787 2074 2857 jaciendis

433 2875 830 2930 fundamentis
865 2875 1082 2929 fossam
1116 2875 1376 2929 foderant
1427 2875 1716 2945 argenteis
1747 2878 1835 2944 (ut
1875 2876 2077 2931 dicunt

433 2963 723 3032 nonnulli)
747 2962 1044 3033 ligonibus
1067 2968 1124 3018 ct
1146 2962 1360 3030 hamis,
1393 2967 1702 3035 essentque
1719 2966 1929 3034 jacturi
1955 2966 2075 3021 fun-

437 3051 732 3116 damenta,
766 3049 1275 3105 vehementissima
1318 3051 1544 3106 irruens
1587 3056 1755 3108 nocte
1803 3053 2076 3124 procella,

439 3139 594 3210 quod
624 3137 985 3194 exinanitum
1045 3139 1282 3211 quidem
1319 3141 1521 3208 fuerat,
1556 3158 1759 3198 rursus
1797 3143 2072 3216 aggessit.

439 3230 582 3282 Cum
615 3226 842 3299 fulgura
868 3231 1064 3283 autem
1097 3237 1148 3283 et
1182 3229 1440 3285 tonitrua
1471 3230 1836 3288 continenter
1866 3233 2077 3289 demit-
2112 3217 2161 3284 Ο

440 3320 723 3385 terentur,
758 3322 814 3373 et
833 3317 956 3373 dies
974 3318 1099 3389 jam
1121 3319 1637 3391 appropinquaret,
1663 3321 1765 3376 fuit
1787 3325 2080 3379 terramc-

436 3409 534 3462 tus
546 3406 687 3463 adeo
708 3405 937 3478 ingens,
963 3413 1026 3463 ut
1046 3407 1216 3464 multi
1237 3408 1516 3480 perierint
1541 3427 1553 3466 :
1579 3418 1634 3466 et
1654 3410 1808 3483 ignis
1829 3411 2080 3468 emissus

437 3510 507 3551 ex
563 3494 657 3564 iis,
690 3512 817 3568 quae
867 3497 1261 3566 jaciebantur,
1315 3499 1730 3566 fundamentis,
1764 3501 2083 3558 combussit

438 3600 665 3654 omnes,
699 3586 798 3657 qui
831 3590 970 3641 sunt
1015 3586 1135 3643 illic
1183 3588 1421 3645 inventi.
1453 3590 1642 3660 Atque
1671 3588 1792 3645 haec
1842 3591 2079 3662 quidem

441 3673 526 3731 sic
557 3677 922 3745 gerebantur.

513 3763 623 3820 XL.
656 3764 930 3821 Julianus
989 3769 1184 3822 autem
1226 3781 1358 3822 cum
1405 3766 1646 3824 sedisset
1675 3783 1776 3840 pro
1809 3767 2082 3825 tribunali

441 3853 503 3909 in
532 3853 659 3910 loco
699 3871 873 3926 quem
902 3861 1108 3912 vocant
1137 3856 1469 3923 Basilicam,
1502 3863 1560 3914 et
1589 3862 1853 3915 curasset
1882 3861 2083 3916 sisten-

443 3944 583 3998 dum
638 3948 999 4016 martyrem:
1050 3946 1300 4001 Audiisti
1351 3947 1609 4018 omnino,
1663 3947 1875 4020 inquit,
1926 3965 1958 4004 ο
2023 3953 2084 4004 tu

444 4047 677 4103 quoque
707 4032 794 4087 vir
834 4032 1084 4090 maxime
1114 4035 1311 4106 impie,
1345 4036 1416 4090 ab
1458 4035 1547 4106 iis,
1583 4037 1682 4107 qui
1713 4053 1802 4107 ea,
1834 4053 1960 4108 qua
1999 4043 2084 4104 tu,

443 4121 661 4176 audent
684 4124 937 4194 aggredi,
963 4140 1229 4196 quamam
1254 4124 1378 4180 ausi
1402 4125 1520 4180 sint
1537 4125 1796 4181 infelices
1819 4129 2085 4183 adversus

441 4207 793 4279 Apollinem,
826 4211 927 4282 qui
965 4217 1052 4268 est
1095 4212 1152 4266 in
1204 4212 1464 4284 Daphne,
1505 4219 1562 4269 et
1595 4216 2085 4285 quemadmodum

443 4313 578 4352 eum
613 4309 958 4356 exusserunt
989 4318 1123 4356 cum
1157 4301 1299 4373 ipsis
1328 4303 1508 4358 sacris
1549 4307 1606 4357 et
1635 4302 1912 4373 donariis,
1945 4306 2086 4360 adeo

442 4391 508 4442 ut
555 4404 694 4459 opus
747 4390 1177 4457 admirandum,
1235 4396 1290 4446 et
1348 4393 1600 4447 maxime
1670 4396 2086 4464 venerandum,

441 4478 615 4533 fuerit
649 4479 720 4534 ab
756 4479 887 4550 igne
908 4487 1341 4550 consumptum.
1366 4482 1476 4537 Sed
1504 4499 1617 4538 non
1641 4484 1976 4554 gaudebunt
1999 4484 2090 4540 his

2137 3217 2158 3239 Ἰ

2178 1895 2386 1957 σάσθαι,
2421 1895 2478 1948 ὃν
2539 1891 2934 1952 Οὐεσπασιανὸς
2989 1888 3081 1944 καὶ
3140 1889 3300 1950 Τίτος
3358 1889 3391 1944 ὁ
3436 1887 3633 1943 τούτου
3708 1887 3813 1946 υίὸς

2175 1985 2264 2038 καὶ
2316 1981 2472 2038 αὐτὸν
2521 1984 2633 2054 ἅμα
2680 1984 2747 2054 τῇ
2799 1980 2958 2035 πόλει
3020 1977 3275 2034 καθεῖλον
3333 1977 3423 2032 καὶ
3480 1977 3813 2049 ἐνεπύρισαν.

2175 2070 2327 2128 ¹Έδει
2373 2074 2472 2146 γάρ
2526 2068 2600 2132 είς
2648 2071 2815 2144 πέρας
2865 2066 3040 2123 ἐλθεῖν
3097 2068 3159 2122 τὸ
3214 2073 3314 2136 τῆς
3360 2065 3618 2136 ἀληθείας
3670 2065 3814 2140 ῥῆμα

2179 2163 2440 2235 Χριστοῦ,
2506 2159 2590 2229 τὸ,
2625 2183 2651 2212 «
2695 2159 2766 2213 Οὐ
2840 2159 2915 2232 μὴ
2983 2158 3140 2231 μείνῃ
3185 2155 3335 2215 λίθος
3386 2155 3474 2210 ἐπὶ
3533 2153 3709 2220 λίθον,
3761 2154 3812 2212 ὃς

2180 2248 2242 2304 οῦ
2277 2252 2354 2322 μὴ
2387 2249 2738 2323 καταλυθῇ.»
2758 2251 2930 2322 θὈπερ
2963 2248 2990 2302 ὁ
3020 2247 3250 2316 ἀνόητος
3282 2246 3436 2306 οὗτος
3469 2241 3660 2318 ψευδὲς
3694 2243 3816 2296 ἀπο-

2183 2337 2352 2410 δεῖξαι
2401 2337 2741 2416 φιλονεικῶν,
2788 2341 2878 2392 τὸν
2930 2337 3053 2391 ναὸν
3118 2332 3366 2391 ἔσπευδεν
3419 2330 3813 2404 ἀνοικοδομεῖν,

2184 2431 2231 2484 εἴ
2285 2429 2373 2482 καὶ
2433 2427 2507 2491 είς
2579 2427 2755 2500 μάτην
2827 2421 3072 2500 ἔκαμνεν,

2185 2515 2614 2591 Συνδραμόντων
2671 2515 2770 2589 γάρ
2831 2512 3042 2588 σπουδῇ
3118 2511 3304 2587 πολλῇ
3361 2518 3466 2567 τῶν
3527 2511 3815 2566 θεοκτὸνων

3155 2426 3439 2494 ἀνηνύτοις
3504 2423 3814 2496 ἐπιχειρῶν.

2186 2604 2598 2674 Ἰουδαίων,καί
2657 2610 2753 2659 τοῦ
2811 2600 2972 2681 ἔργου
3022 2604 3169 2678 χειρὶ
3226 2607 3293 2676 τῇ
3351 2603 3496 2676 πάσῃ
3566 2601 3654 2655 καὶ
3703 2619 3821 2672 προ-

2185 2696 2351 2769 θυμίᾳ
2380 2690 2960 2768 ἀντιλαμϐανομένων,
2989 2696 3089 2763 τήν
3129 2713 3189 2746 τε
3237 2692 3438 2770 τάφρον
3488 2697 3595 2745 τῶν
3664 2691 3816 2756 θεμε-

2185 2785 2320 2840 λίων
2373 2783 2764 2859 ἐξορυττόντων
2805 2783 3084 2859 ἀργυραῖς,
3116 2780 3191 2843 ὥς
3244 2802 3386 2842 τινες
3438 2781 3616 2857 φασῖν,
3662 2783 3818 2850 ἄμαις

2185 2875 2271 2930 καὶ
2325 2875 2574 2947 σκάφαις,
2625 2873 2713 2927 καὶ
2765 2873 2893 2933 τοὺς
2944 2870 3235 2944 θεμελίους
3299 2869 3613 2942 μελλόντων
3667 2890 3819 2922 κατα-

2187 2959 2467 3028 ϐαλέσθαι,
2528 2959 2868 3038 σφοδροτάτη
2930 2961 3177 3033 καταιγῖς
3255 2957 3576 3022 ἐπελθοῦσα,
3618 2957 3680 3010 τὸ
3731 2979 3819 3010 κε-

3323 3046 3364 3063 Νι

2186 3053 2351 3115 νωθὲν
2425 3053 2518 3125 μεν
2580 3052 2906 3124 ἀντεχώννυ,
2957 3049 3244 3121 ἀστραπῶν
3321 3047 3375 3102 δὲ
3433 3047 3522 3101 καὶ
3585 3048 3822 3122 βροντῶν

2189 3145 2434 3219 συνεχῶς
2488 3139 3010 3213 καταπεμπομένων,
3060 3138 3280 3210 σεισμὸς
3340 3137 3656 3210 ἐγγιζοῦσης
3707 3135 3823 3190 λοι-

2190 3231 2285 3286 κὸν
2329 3230 2537 3303 ἡμέρας
2595 3228 2827 3305 ἐγένετό,
2871 3228 2944 3291 ὥς
2991 3248 3047 3282 τε
3095 3226 3340 3286 πολλοὺς
3399 3227 3486 3278 καὶ
3536 3226 3821 3297 ὑπαίθρους

2194 3322 2452 3394 μένοντας
2491 3318 2816 3392 ἐναποψῦξαι
2875 3316 2962 3372 καὶ
3021 3321 3127 3391 πῦρ
3179 3316 3238 3370 ἐκ
3292 3320 3397 3368 τῶν
3451 3316 3823 3388 ὀρυσσομένων

2192 3408 2457 3482 θεμελίων
2516 3407 2815 3482 ἐξενεχθὲν,
2866 3407 3062 3467 πάντας
3118 3403 3243 3466 τοὺς
3297 3403 3604 3476 εὖρεθέντας
3664 3402 3823 3456 ἐκεῖσε

2188 3496 2528 3575 κατέφλεξεν,
2565 3497 2892 3568 Ἐπράττετο
2928 3496 3021 3568 μὲν
3053 3493 3144 3548 οῦν
3173 3491 3338 3550 ταῦτα
3368 3490 3521 3565 τῇδε.

2263 3768 2432 3824 Μ’.”Ο
2482 3763 2538 3821 δὲ
2583 3765 2898 3830 Ἰουλιανὸς,
2947 3766 3042 3816 τοῦ
3097 3765 3344 3835 βήματος
3400 3761 3729 3835 προκαθίσας
3786 3757 3831 3812 ἐν

2191 3858 2344 3929 τόπῳ
2393 3856 2452 3910 ’ὀν
2504 3855 2801 3922 Βασιλικίῂν
2864 3852 2982 3916 ἔθος
3041 3851 3246 3919 καλεῖν,
3316 3853 3406 3906 τὸν
3480 3849 3724 3924 μάρτυρά
3781 3869 3831 3903 τε

2194 3945 2693 4020 παραστησάμενος,
2766 3943 2988 4004 Πάντως
3041 3939 3300 4009 ἤκουσας,
3346 3937 3470 4018 ἔφη,
3516 3940 3604 3992 καὶ
3656 3939 3830 3999 αὗτὶς,

2195 4030 2531 4102 ἀσεϐέστατε,
2574 4037 2678 4088 τῶν
2734 4033 2868 4086 κατὰ
2936 4031 2989 4084 σὲ
3038 4030 3368 4100 τολμώντων
3414 4033 3572 4082 πᾶσιν
3631 4027 3831 4100 ἐπιχει-

2200 4129 2326 4198 ρεῖν,
2360 4125 2490 4197 ὅπερ
2541 4122 2592 4174 οἳ
2649 4118 3040 4192 κακοδαίμονες
3081 4118 3388 4189 ἐτόλμησαν
3440 4118 3574 4171 κατά
3629 4121 3726 4170 τοῦ
3783 4115 3828 4169 ἐν

2196 4217 2264 4286 τῇ
2312 4213 2489 4285 Δάφνῃ
2538 4214 2665 4264 ναοῦ
2705 4213 2804 4263 τοῦ
2854 4215 3100 4281 σωτῆρος
3137 4205 3517 4273 Ἀπόλλωνος,
3551 4207 3639 4259 καὶ
3684 4208 3828 4264 ὅπως

2198 4301 2490 4374 ἐνέπρησαν
2555 4302 2745 4352 τοῦτον
2806 4295 2986 4357 αὐτοῖς
3053 4298 3220 4367 ἱεροῖς
3288 4295 3376 4348 καὶ
3464 4295 3821 4365 ἀναθήμασιν,

2199 4392 2272 4452 ὡς
2323 4389 2408 4444 καὶ
2461 4389 2522 4443 τὸ
2573 4387 2876 4458 θαυμαστὸν
2908 4383 3067 4461 ἔργον
3095 4385 3183 4438 καὶ
3243 4384 3510 4455 πάντιμον
3545 4381 3834 4453 δαπάνημα

2196 4480 2433 4553 γενέσθαι
2496 4476 2686 4551 πυρός.
2731 4474 2886 4533 Ἀλλ’
2945 4476 3008 4530 οὐ
3078 4476 3408 4549 χαιρήσουσι
3455 4472 3670 4533 τούτοις
3727 4471 3835 4528 ἑπι-

443 4573 643 4624 nostra
673 4568 1002 4625 irridentes.
1035 4570 1149 4640 Ego
1181 4570 1337 4626 enim
1381 4588 1483 4644 pro
1532 4588 1597 4628 eo
1630 4572 1852 4642 exigam
1888 4591 2074 4644 poenas

2197 4567 2559 4643 χλευάζοντες
2616 4566 2683 4618 τά
2730 4565 2990 4638 ἡμέτερα.
3032 4563 3176 4638 Ἐγὼ
3226 4562 3328 4638 γὰρ
3386 4562 3675 4630 ἀπαιτήσω
3742 4563 3834 4629 τήν

441 4659 774 4729 septuagies
789 4659 1022 4729 septies,
1055 4661 1342 4730 quomodo
1367 4661 1571 4716 dicunt
1601 4666 1793 4718 vestra
1822 4662 2086 4734 Eloquia.

442 4749 655 4818 Martyr
685 4751 880 4803 autem
914 4765 926 4802 :
973 4748 1196 4816 Audivi,
1229 4748 1441 4821 inquit,
1476 4753 1627 4822 quod
1673 4751 1758 4807 ira
1807 4753 2088 4808 divinitus

443 4836 729 4904 immissa,
763 4840 820 4891 et
849 4837 998 4907 ignis
1025 4854 1055 4893 e
1084 4837 1226 4893 caelo
1261 4839 1499 4908 missus,
1534 4841 1708 4896 deum
1743 4845 1911 4896 tuum
1944 4841 2090 4897 occi-

445 4925 617 4990 derit,
650 4932 704 4980 et
735 4929 920 4981 totum
936 4927 1060 4997 ejus
1085 4926 1361 4997 templum
1390 4930 1841 5001 consumpserit.
1867 4930 1928 4985 Si
1954 4945 2089 5002 ergo

443 5018 566 5071 erat
607 5014 768 5079 deus,
801 5031 904 5069 cur
935 5032 1047 5070 non
1083 5032 1143 5071 se
1161 5018 1401 5072 servavit
1433 5034 1500 5072 ex
1523 5018 1651 5085 igne
1675 5020 1703 5072 ?
1729 5019 2089 5090 Fcedifragus

445 5109 639 5159 autem
671 5103 978 5160 Julianus:
1014 5105 1261 5174 Videris,
1289 5123 1320 5160 ο
1355 5107 1603 5164 maxime
1636 5109 1836 5179 impie,
1859 5113 1918 5163 tu
1943 5126 2090 5181 quo-

445 5207 556 5260 que
592 5193 729 5247 forte
762 5192 852 5248 his
909 5194 1210 5261 insultare,
1247 5199 1302 5250 et
1359 5193 1605 5252 libenter
1662 5197 1922 5265 irridere,
1959 5201 2091 5251 tin-

444 5295 616 5348 quam
653 5282 748 5350 qui
779 5283 1088 5338 vindictam
1127 5283 1382 5355 aliquam
1426 5284 1508 5341 sis
1539 5303 1570 5341 a
1601 5285 1716 5342 Deo
1748 5291 1846 5342 tuo
1883 5302 2090 5342 conse—

445 5371 631 5422 cutus.
667 5369 884 5442 Martyr
914 5378 1108 5428 autem
1145 5391 1157 5429 :
1195 5373 1336 5429 Mihi
1367 5376 1628 5448 omnino,
1681 5377 1892 5448 inquit,
1936 5376 2094 5432 venit

445 5453 504 5509 in
556 5462 803 5512 mentem
845 5460 1050 5529 ridere,
1104 5465 1160 5517 et
1208 5462 1497 5519 exsultare
1554 5469 1788 5538 propter
1830 5464 2088 5537 lapsumi

515 5611 537 5647 ⁹
568 5610 741 5668 Marc.
769 5629 891 5679 xm,
925 5614 975 5667 2.

2200 4659 2330 4730 ὑπὲρ
2402 4656 2597 4712 τούτου
2655 4657 2854 4723 ποινὴν
2930 4649 3398 4726 ἑϐδομηκοντάκις
3465 4650 3620 4718 ἐπτά,
3664 4653 3835 4714 καθώς

2199 4767 2329 4824 φησι
2359 4747 2424 4800 τὰ
2462 4747 2692 4819 ὑμέτερα
2723 4742 2906 4818 λόγια.
2943 4742 3039 4796 Καὶ
3073 4743 3100 4795 ὁ
3126 4742 3350 4813 μάρτυς,
3383 4744 3649 4808 νΗκουσα,
3685 4741 3832 4819 φησὶ,

2199 4837 2272 4897 ὡς
2305 4833 2574 4905 θεήλατος
2608 4834 2746 4908 ὀργὴ
2779 4831 2865 4887 καί
2926 4836 3035 4904 πῦρ
3079 4831 3371 4903 οὐρανόθεν
3430 4830 3830 4904 καταπεμφθὲν,

2197 4925 2462 5003 κατέφαγε
2517 4924 2607 4977 τὸν
2667 4922 2784 4976 θεόν
2839 4942 2955 4990 σου,
2988 4921 3073 4974 καὶ
3130 4919 3295 4974 αὐτοῦ
3332 4921 3421 4974 τὸν
3451 4919 3575 4972 ναὸν
3629 4916 3835 4972 ἀνάλω-

2200 5035 2283 5068 σεν
2319 5015 2525 5067 ἅπαντα
2560 5033 2571 5046 ’
2619 5011 2666 5065 εἷ’
2714 5011 2803 5065 οὖν
2850 5010 2989 5078 θεὸς,
3017 5012 3104 5079 ἦν,
3145 5009 3195 5062 τί
3260 5010 3334 5081 μή
3378 5007 3566 5062 ἑαυτὸν
3635 5007 3696 5062 ἐκ
3747 5011 3834 5062 τοῦ

2198 5103 2368 5178 πυρὸς
2400 5101 2657 5178 ἐρρύσατο
2684 5127 2698 5170 ;
2725 5101 2824 5156 Καὶ
2869 5100 2896 5152 ὁ
2948 5092 3288 5174 παραϐάτης,
3327 5097 3484 5171 Τάχα
3535 5097 3626 5150 καὶ
3680 5096 3834 5156 αὐτὸς

2200 5189 2380 5254 ἔοικάς
2459 5213 2572 5263 μοι,
2616 5190 2959 5256 ἀνοσιώτατε,
3021 5187 3420 5262 ἐπικερτομεῖν,
3473 5191 3588 5247 τοῖς
3649 5183 3705 5240 δὲ
3751 5186 3834 5239 καὶ

2200 5281 2376 5352 ἡδέως
2419 5279 2742 5355 καταγελᾷν,
2793 5281 2882 5333 ἅτε
2931 5275 2996 5348 δή
3053 5299 3200 5340 τινος
3252 5274 3488 5337 ἐκδικίας
3545 5277 3691 5349 παρά
3746 5280 3836 5330 τοῦ

2201 5376 2332 5427 Θεοῦ
2363 5392 2456 5426 σου
2487 5373 2692 5445 τυχών.
2736 5368 2840 5424 Καὶ
2872 5369 2900 5422 ὁ
2944 5370 3146 5442 μάρτυς
3182 5386 3194 5400 ο
3229 5365 3388 5438 Ἐμοὶ
3419 5367 3648 5420 πάντοτε
3678 5363 3838 5439 γελᾷν

2205 5462 2297 5536 μὲν
2331 5459 2500 5516 ἔπεισι
2559 5459 2646 5514 καὶ
2715 5462 3014 5532 κομπάζειν
3046 5454 3133 5512 ἰπὶ
3198 5457 3268 5529 τῇ
3326 5456 3530 5510 πτώσει
3571 5459 3680 5510 τῶν
3736 5458 3837 5508 σῶν
