4048 6202
276 374 428 434 1205

1479 369 1949 432 MABTYRIUM
1998 370 2063 431 S.
2111 372 2469 432 ARTEMII.

3517 374 3672 437 1206

268 533 427 603 θεῶν,
459 529 841 607 ἀφρονέστατε,
885 528 1235 603 σεμνύνεσθαι
1287 526 1345 585 δὲ
1398 529 1489 585 καὶ
1555 530 1764 606 χαίρειν
1827 528 1906 605 ἐφ’

2020 535 2253 587 tuorum
2302 531 2565 599 deorum,
2600 548 2632 587 o
2664 532 3011 589 stultissime
3045 550 3058 589 :
3093 534 3326 605 gloriari
3375 539 3569 591 autem
3616 539 3673 591 et

272 622 351 682 οἷς
383 621 411 675 ’ὁ
454 619 582 681 Θεός
638 641 742 692 μου
782 621 900 682 καθ’
933 619 1162 689 ἑκάστην
1211 625 1668 696 θαυματουργεῖν,
1703 617 1915 689 ἐκδίκηο

269 731 350 764 σιν
384 707 440 763 δὲ
477 714 582 763 τῶν
638 710 783 782 παρά
833 713 929 762 σοῦ
984 730 1075 781 μοι
1116 707 1466 783 ἐπαγομένων
1508 709 1617 764 ἐκεῖ
1670 707 1913 781 δέξομαι,

268 799 469 856 ὁπόταν
522 800 583 853 τὸ
634 803 737 873 πῦρ
788 796 957 852 ἐκεῖνό
992 818 1048 851 σε
1089 794 1395 873 καταλάϐῃ,
1430 798 1517 851 καὶ
1577 801 1610 867 ἡ
1671 796 1913 851 διαιωνί-

274 894 436 956 ζουσα
465 887 712 948 κόλασις.
739 888 1021 943 Κάνταῦθα
1054 884 1109 940 δὲ
1150 886 1209 941 οὐ
1243 886 1385 941 πολὺ
1416 888 1478 942 τὸ
1516 888 1701 960 μέσον,
1732 888 1821 940 καὶ
1853 888 1915 941 τὸ

273 1000 300 1028 ‹‹
346 975 710 1048 Μνημόσυνόν
745 996 840 1029 σου
871 973 1156 1029 ἀπολεῖται
1182 976 1296 1046 μετ’
1317 972 1485 1049 ἤχου.
1508 998 1536 1027 »
1562 976 1659 1029 Καὶ
1692 976 1718 1029 ὁ
1751 994 1917 1049 παραυ

272 1058 443 1131 ϐἀτης
471 1082 482 1093 ·
514 1062 575 1119 Εἰ
611 1062 703 1116 οὖν
754 1061 840 1116 ἐπὶ
884 1062 1099 1122 τούτοις
1148 1061 1389 1136 ἀγάλλῃ,
1442 1064 1756 1136 προσθήκην
1812 1061 1914 1134 ἐγὼ

273 1173 357 1207 σοι
389 1155 541 1223 θήσω
572 1160 673 1221 τῆς
710 1149 939 1221 ἡδονῆς.
974 1151 1150 1207 Ἀλλά
1182 1149 1436 1229 φείδομαί
1471 1174 1565 1207 σου
1616 1150 1683 1206 δι’
1718 1152 1915 1206 οἰκείαν

270 1242 644 1317 χρηστότητα,
662 1242 748 1295 καὶ
787 1240 1060 1315 βούλομαί
1088 1262 1144 1295 σε
1158 1248 1257 1309 τῆς
1281 1241 1489 1301 οἰκείας
1512 1240 1693 1302 ἀνοίας
1712 1243 1914 1294 παυσαι

276 1353 453 1405 μενον,
486 1332 719 1408 σώφρονι
763 1335 1016 1406 λογισμῷ
1048 1332 1379 1404 χρήσασθαι,
1409 1331 1497 1384 καὶ
1547 1329 1917 1403 προσελθόντα

271 1426 427 1485 θῦσαι
480 1426 597 1482 τοῖς
648 1420 932 1481 ἀθανάτοις
986 1424 1149 1481 θεοῖς.
1191 1421 1294 1475 Καὶ
1352 1419 1618 1491 ἀξιώματι
1667 1420 1769 1495 γὰρ
1822 1440 1913 1491 με·

267 1509 437 1584 γίστῳ
482 1509 797 1582 τετίμησαι,
837 1509 925 1563 καὶ
974 1508 1211 1570 πλοῦτος
1243 1510 1426 1569 ἱκανὸς
1459 1507 1657 1572 ἄνωθέν
1700 1530 1785 1563 σοι
1825 1509 1913 1563 καὶ

269 1600 326 1655 ἔκ
372 1601 659 1675 προγόνων
712 1603 1123 1672 συνήθροισται,
1162 1600 1251 1654 καὶ
1302 1598 1537 1661 πολλοῖς
1585 1621 1641 1655 σε
1686 1600 1912 1655 πλεονε-

266 1691 537 1763 κτήμασιν
568 1690 763 1763 ἀρετῆς
797 1688 1103 1762 ἐκόσμησαν
1137 1690 1187 1743 οἱ
1220 1689 1352 1758 θεοῖ,
1384 1688 1479 1743 κᾶν
1524 1688 1683 1752 αὐτὸς
1726 1688 1911 1767 ὤφθης

265 1777 390 1851 περὶ
437 1779 565 1839 τοὺς
615 1778 1051 1853 εὖηργετηκότας
1096 1779 1413 1855 ἀχάριστος.
1450 1777 1552 1833 Καὶ
1595 1779 1622 1831 ὁ
1658 1779 1861 1850 μάρτυς
1899 1798 1909 1809 ·

267 1867 335 1923 Τί
403 1868 588 1942 μαίνῃ,
650 1870 1102 1942 παρανομώτατε,
1152 1867 1240 1922 καὶ
1304 1866 1523 1945 ἀσχολῇ
1587 1865 1673 1921 ἐπὶ
1732 1864 1994 1963 τοῖσδεΒ

265 1962 381 2019 τοῖς
413 1958 722 2028 ἀνονήτοις,
755 1958 913 2019 ἐάσας
965 1979 1021 2013 τε
1069 1959 1164 2019 τάς
1226 1953 1557 2032 βαρϐαρικὰς
1609 1956 1907 2011 ἐπαναστά-

268 2048 524 2115 σεις,καὶ
582 2047 675 2100 τὸν
735 2048 997 2120 Περσικὸν
1066 2041 1477 2117 ἀναϐαλόμενος
1534 2046 1800 2117 πόλεμον,
1842 2042 1911 2099 δι’

267 2137 327 2190 ’ὸν
377 2137 475 2203 τὴν
534 2135 865 2206 οἰκουμένην
929 2138 1101 2189 πᾶσαν
1167 2132 1481 2199 ἐσάλευσας,
1533 2136 1607 2196 εἷς
1666 2135 1763 2204 ἐμὲ
1818 2136 1908 2187 τὸν

264 2228 362 2280 τοῦ
411 2228 544 2279 Θεοῦ
578 2221 775 2279 δοῦλον
811 2225 910 2294 τήν
970 2222 1107 2294 ὅλην
1161 2221 1304 2297 ἄγεις
1365 2222 1622 2299 σχοληνς
1668 2224 1765 2280 ’Όν
1819 2221 1909 2277 οὖν

268 2312 458 2389 βοὺλει
498 2315 617 2378 καθ’
648 2316 811 2387 ἡμῶν
853 2315 1073 2377 θάνατον
1115 2312 1417 2390 ἀποφαίνου
1448 2333 1459 2344 ·
1495 2311 1604 2387 ἐγὼ
1643 2314 1745 2387 γὰρ
1788 2310 1911 2367 οὔτε

262 2410 378 2466 τοῖς
425 2406 568 2464 Θεοῖς
620 2425 715 2459 σου
767 2404 1035 2478 λατρεύω,
1069 2401 1192 2459 οὔτε
1238 2409 1353 2465 τοῖς
1385 2404 1763 2479 προστάγμασι
1792 2408 1908 2464 τοῖς

263 2498 380 2556 σοῖς
420 2494 701 2567 πείθομαι.

336 2584 475 2639 MA'.
543 2587 725 2638 Ταῦτα
780 2585 807 2637 ὁ
864 2578 1184 2656 παραϐάτης
1245 2580 1501 2651 ἀκούσας,
1560 2582 1648 2635 καὶ

261 2668 531 2741 πλησθεὶς
634 2673 735 2740 τήν
820 2670 1066 2744 καρδίαν,
1158 2670 1436 2744 λατόμους
1529 2668 1909 2742 μετακαλεῖται

262 2759 351 2814 καὶ
383 2758 685 2831 λιθοξόους,
726 2760 835 2827 καὶ,
878 2762 1087 2834 Ὁρᾶτε,
1125 2757 1249 2835 ἔφη,
1298 2756 1463 2829 τήνδε
1520 2760 1618 2825 τὴν
1674 2759 1906 2831 πέτρανς

1735 2584 1909 2652 θυμοῦ

634 2673 735 2740 τήν
820 2670 1066 2746 καρδίαν,

262 2845 436 2916 δείξας
468 2848 746 2919 ἀπότομὸν
778 2870 897 2903 τινα
947 2850 1227 2903 κατέναντι
1274 2851 1369 2901 τοῦ
1404 2846 1627 2919 θεάτρου
1663 2864 1675 2879 '
1708 2848 1906 2915 ταύτην

265 2936 399 3012 διχῆ
449 2936 743 3001 διελόντες,
774 2940 864 2992 καὶ
920 2938 1139 3011 θάτερον
1189 2936 1353 3009 μέρος
1423 2936 1499 2996 εἷς
1554 2939 1651 3009 γῆν
1718 2938 1907 2989 ὕπτιον

263 3028 498 3099 θὲμενοι,
560 3025 760 3089 ἄνωθέν
815 3048 868 3081 τε
916 3028 1073 3081 αὐτὸν
1134 3025 1575 3101 ὑφαπλώσαντες,
1609 3030 1685 3098 τῷ
1742 3026 1908 3098 ἑτέρῳ

269 3115 414 3190 μέρει
452 3117 567 3187 μεθ’
599 3117 776 3191 ὁρμῆς
821 3116 1223 3191 συγκαλύψατε,
1250 3114 1323 3167 ’ἶν’
1356 3115 1515 3177 οὗτος
1558 3117 1720 3188 μέσος
1769 3117 1908 3169 ἀπο-

263 3202 512 3281 ληφθεὶς,
546 3206 743 3277 σάρκας
794 3226 852 3260 τε
909 3207 997 3259 καὶ
1058 3207 1189 3260 ὁστᾶ
1220 3204 1562 3279 διαφθαρείη,
1595 3204 1682 3259 καὶ
1732 3200 1907 3278 ἔργοιν

2020 620 2201 675 laetari
2236 627 2467 692 propter
2500 620 2811 690 miracula,
2846 638 2973 692 quze
3004 622 3157 679 Deus
3189 640 3352 680 meus
3380 625 3516 680 facit
3537 640 3675 695 quo-

2022 709 2179 765 tidie.
2232 708 2523 765 Ultionem
2575 726 2708 765 vero
2740 726 2964 778 eorum,
2999 728 3125 781 quae
3159 730 3191 767 a
3224 718 3280 767 te
3304 713 3447 767 mihi
3479 714 3672 770 inten-

2022 802 2243 863 tantur,
2276 798 2395 852 illio
2428 798 2731 868 accipiam,
2763 800 2993 869 quando
3020 804 3074 853 te
3108 800 3259 870 ignis
3284 800 3380 855 ille
3410 818 3674 874 compre-

2023 887 2290 943 henderit
2320 891 2378 943 et
2416 892 2695 942 zeternum
2739 887 3116 959 supplicium.
3151 890 3325 944 Porro
3359 896 3550 946 autem
3580 891 3672 947 hic

2021 992 2274 1047 quoque,
2313 992 2427 1031 non
2462 976 2645 1031 multo
2677 976 2983 1047 interjecto
3012 981 3295 1047 tempore,
3331 999 3359 1025 «
3392 979 3672 1033 Memoria

2020 1070 2121 1121 tua
2136 1065 2342 1136 peribit
2355 1082 2489 1119 cum
2505 1065 2699 1121 sonitu
2716 1064 3207 1136 1°.»Fcedifragus
3222 1082 3354 1121 vero
3369 1066 3669 1122 Julianus:

2020 1154 2165 1209 Cum
2197 1155 2424 1209 videam
2458 1158 2513 1209 te
2546 1154 2851 1226 suppliciis
2877 1154 3171 1222 delectari,
3203 1170 3306 1226 ego
3340 1156 3445 1210 tibi
3478 1171 3667 1211 acces-

2020 1243 2245 1300 sionem
2285 1244 2518 1299 aﬂ‘eram
2566 1244 2896 1314 voluptatis.
2932 1244 3038 1299 Sed
3091 1244 3195 1299 tibi
3233 1260 3403 1315 parco
3435 1250 3671 1315 prOpter

2022 1349 2210 1388 meam
2246 1333 2689 1403 benignitatem,
2722 1337 2777 1388 et
2808 1333 2934 1389 volo
2966 1338 3040 1399 te,
3075 1332 3320 1387 dimissa
3343 1334 3670 1404 ignorantia

2019 1421 2265 1493 sapienti
2326 1422 2412 1477 uti
2479 1422 2945 1487 ratiocinatione,
3005 1423 3373 1476 accedentem
3444 1422 3665 1477 sacriﬁ-

2019 1527 2149 1567 care
2181 1510 2294 1565 diis
2326 1510 2782 1566 immortalibus.
2817 1511 2963 1565 Nam
3014 1516 3069 1565 et
3102 1511 3353 1566 maxima
3384 1511 3664 1581 dignitate

2017 1617 2079 1657 es
2106 1604 2365 1666 ornatus,
2401 1604 2457 1654 et
2486 1600 2626 1654 satis
2653 1615 2877 1671 magna;
2910 1600 3121 1654 divitiae
3146 1618 3175 1653 a
3195 1600 3309 1654 tuis
3342 1600 3665 1669 majoribus

2018 1687 2126 1743 tibi
2157 1692 2298 1742 sunt
2327 1691 2710 1758 congregatae,
2743 1692 2799 1741 et
2832 1686 3032 1741 multis
3084 1688 3314 1741 virtutis
3346 1687 3579 1741 dotibus
3611 1692 3665 1741 te

2018 1777 2099 1833 dii
2130 1777 2534 1841 honestarunt,
2567 1776 2793 1832 etiamsi
2825 1782 3171 1846 conspectus
3201 1777 3281 1832 sis
3311 1777 3574 1848 ingratus
3606 1778 3663 1831 in

2020 1882 2137 1934 eos,
2190 1865 2290 1936 qui
2337 1869 2393 1920 te
2434 1865 2755 1920 affecerunt
2811 1864 3113 1921 beneﬁcio.
3148 1866 3363 1936 Martyr
3420 1872 3610 1921 autem
3649 1881 3663 1920 :

2020 1956 2166 2021 Quid
2198 1954 2446 2023 insanis,
2481 1954 2691 2024 inquit,
2724 1969 2757 2008 ο
2807 1953 3201 2024 iniquissime,
3229 1959 3284 2008 et
3330 1954 3664 2010 immoraris

2016 2045 2076 2100 in
2107 2044 2221 2111 his,
2246 2060 2371 2114 qua
2396 2042 2540 2098 nihil
2580 2042 2891 2111 proﬁciunt
2909 2042 2937 2096 ‘I
2954 2043 3195 2097 mittens
3217 2048 3411 2097 autem
3433 2045 3665 2115 aggredi

2015 2134 2324 2200 Barbaros,
2376 2139 2430 2187 et
2498 2130 2713 2186 bellum
2756 2131 3031 2186 differens
3087 2132 3400 2199 Persicum,
3436 2136 3668 2203 propter

2015 2225 2171 2296 quod
2220 2224 2552 2280 universum
2602 2223 2804 2279 orbem
2847 2226 3015 2278 terra;
3059 2223 3447 2289 commovisti,
3482 2223 3540 2278 in
3575 2239 3668 2279 me

2018 2313 2113 2369 Dei
2145 2329 2377 2370 servum
2432 2316 2621 2368 totum
2672 2312 2967 2367 consumis
3012 2312 3217 2367 otium.
3251 2312 3668 2382 Quemcunque

2014 2417 2152 2474 ergo
2186 2402 2270 2458 vis
2301 2405 2548 2457 mortem
2581 2401 2641 2456 in
2669 2417 2775 2456 nos
2800 2401 3131 2472 pronuntia.
3157 2402 3271 2473 Ego
3294 2402 3451 2457 enim
3480 2417 3667 2471 neque

2015 2492 2154 2547 deos
2185 2495 2317 2547 tuos
2348 2490 2559 2557 colam,
2592 2506 2778 2561 neque
2810 2490 3129 2559 tuisjussis
3161 2492 3394 2560 parebo.

2091 2581 2229 2636 XLI.
2264 2581 2392 2635 Haec
2445 2596 2573 2634 cum
2610 2580 2892 2633 audiisset
2934 2579 3223 2643 Julianus,
3258 2584 3314 2633 et
3363 2583 3517 2634 esset
3548 2579 3665 2634 ani-

2014 2688 2145 2727 mus
2178 2672 2306 2741 ejus
2325 2670 2412 2724 ira
2433 2668 2709 2739 repletus,
2736 2668 3289 2739 accersitlapicidas,
3313 2673 3396 2723 et:
3422 2669 3663 2735 Videtis,

2013 2760 2232 2831 inquit,
2262 2760 2415 2813 hanc
2447 2757 2707 2829 petram?
2736 2758 3075 2827 (ostendens
3106 2759 3415 2829 quamdam
3452 2775 3663 2828 praaru-

2015 2854 2173 2920 ptam
2207 2865 2275 2903 ex
2305 2848 2544 2903 adverso
2568 2846 2817 2916 theatri).
2857 2846 2988 2900 Eam
3024 2847 3082 2900 in
3116 2847 3260 2901 duas
3294 2853 3484 2916 partes
3517 2847 3662 2902 divi-

2014 2937 2131 2992 dite
2165 2954 2178 2992 :
2213 2941 2267 2992 et
2315 2952 2448 2991 cum
2483 2934 2722 2990 alteram
2773 2944 2990 3005 partem
3023 2935 3297 3005 supinam
3332 2935 3389 2989 in
3437 2940 3656 2990 terram

2013 3026 2360 3098 dejeceritis,
2390 3031 2446 3081 et
2486 3042 2613 3081 eam
2667 3028 2916 3094 desuper
2964 3024 3117 3079 hunc
3170 3024 3499 3079 maleﬁcum
3558 3042 3661 3080 ex-

2012 3116 2337 3182 tenderitis,
2372 3114 2553 3170 altera
2602 3118 2761 3184 parte
2793 3129 2920 3168 cum
2972 3113 3189 3183 impetu
3224 3114 3418 3184 ipsum
3452 3130 3663 3184 coope-

2019 3207 2146 3273 rite,
2182 3208 2244 3260 ut
2273 3205 2320 3259 is
2360 3204 2590 3259 medius
2622 3205 2975 3273 interceptus
3006 3202 3177 3257 simul
3212 3202 3424 3258 habeat
3456 3219 3658 3259 carnes

259 3293 443 3354 αὖτοῖς
497 3298 660 3366 μάθοι
705 3294 810 3347 τίνι
859 3316 915 3350 τε
959 3295 1289 3361 ἀνθίσταται,
1324 3294 1411 3347 καὶ
1470 3300 1567 3362 τῆς
1626 3298 1720 3348 τοῦ
1774 3298 1905 3349 Θεοῦ

2017 3299 2073 3350 et
2102 3311 2231 3349 ossa
2262 3297 2555 3362 corrupta,
2589 3297 2645 3347 et
2673 3294 2843 3347 factis
2895 3292 3041 3361 ipsis
3085 3292 3274 3346 discat
3305 3292 3533 3347 cuinam
3570 3308 3661 3347 re-

258 3380 423 3435 αὐτοῦ
476 3382 732 3456 βοηθείας
770 3384 1205 3455 παραπολαύσοι,
1242 3385 1356 3437 Τοῦ
1404 3381 1561 3456 ἔργου
1616 3383 1671 3438 δὲ
1711 3387 1901 3439 θᾶττον

257 3474 355 3525 τοῦ
387 3469 555 3545 λόγου
602 3472 1023 3545 περαιωθέντος,
1055 3475 1145 3526 καὶ
1195 3478 1290 3526 τοῦ
1337 3473 1495 3549 ἁγίου
1538 3478 1645 3527 τῶν
1691 3478 1902 3548 πετρῶν

264 3564 425 3634 μέσον
487 3561 917 3638 ἀποληφθέντος,
978 3564 1211 3633 τοσαύτη
1288 3587 1368 3627 τις
1428 3565 1494 3632 ἦν
1556 3566 1590 3632 ἡ
1648 3559 1906 3631 πιέζουσα

260 3655 452 3705 τοῦτον
486 3650 595 3725 βία,
628 3649 767 3705 ὥστε
818 3655 920 3704 τῶν
954 3651 1126 3705 ὀστῶν
1188 3652 1352 3707 αὑτοῦ
1391 3651 1905 3726 καταθραυομένων,

262 3740 409 3813 ἦχόν
474 3762 595 3795 τινα
656 3742 746 3795 καὶ
810 3742 1001 3814 κρότον
1060 3748 1175 3805 τοῖς
1248 3742 1485 3804 πολλοῖς
1542 3741 1901 3812 ἐξακούεσθαι.

262 3829 351 3883 καὶ
401 3830 501 3903 γὰρ
546 3830 714 3885 πάντα
759 3832 827 3885 τὰ
870 3831 1017 3891 ἐντὸς
1065 3831 1230 3885 αυτοῦ
1272 3830 1556 3905 διερῥάγη,
1589 3834 1621 3900 ἡ
1670 3831 1906 3904 ἁρμονία

261 3938 321 3971 τε
360 3924 504 3972 πᾶσα
555 3924 665 3972 τῶν
722 3920 893 3974 ὀστῶν
944 3916 1314 3994 συντέτριπτο,
1364 3922 1417 3973 αἱ
1474 3921 1632 3992 κόραι
1682 3940 1740 3974 τε
1796 3922 1904 3972 τῶν

264 4005 564 4085 ὀφθαλμῶν
620 4015 719 4077 τῆς
782 4006 921 4071 ἰδίας
980 4007 1427 4080 ἐλπεπηδγςκεσαν
1488 4006 1667 4083 ἕδρας.
1728 4006 1906 4063 Ἀλλά

262 4096 349 4149 καὶ
383 4096 555 4157 οὕτως
608 4095 751 4172 ἔχων
811 4097 1071 4173 ἀναγκης,
1104 4102 1205 4171 τῇς
1272 4099 1409 4172 πρὸς
1452 4098 1577 4152 Θεὸν
1631 4094 1777 4165 ὠδῆς
1810 4096 1907 4150 οὐκ

262 4184 706 4259 ἠμέλειννΕψαλε
727 4187 852 4260 γὰρ.
872 4188 956 4243 Ἐν
990 4186 1175 4261 πέτρᾳ,
1194 4184 1386 4261 λέγων,
1413 4186 1630 4261 ὕψωσᾶς
1657 4184 1904 4261 με,ὠδη‹

263 4274 433 4347 γησας
470 4274 656 4343 με,ὅτι
696 4274 986 4347 ἐγεννήθης
1020 4275 1177 4338 ἐλπίς
1212 4299 1315 4349 μου
1345 4279 1552 4352 πύργος
1577 4276 1769 4354 ἰσχύος
1802 4275 1906 4329 ἀπὸ

260 4363 559 4436 προσώπου
600 4360 819 4436 ἐχθροῦ.
852 4368 1124 4434 ’Έστησας
1180 4364 1268 4421 ἐπι
1316 4369 1513 4441 πέτραν
1571 4367 1697 4427 τοὺς
1737 4362 1907 4428 πόδας

263 4471 368 4523 μου
398 4450 490 4505 καὶ
524 4452 843 4513 κατεύθυνας
875 4454 939 4507 τὰ
992 4450 1305 4528 διαϐηματά
1340 4477 1462 4527 μου.
1488 4457 1639 4528 Δέξαι
1672 4454 1783 4523 οὖν,
1809 4459 1905 4509 παῖ

259 4543 391 4594 Θεοῦ
426 4540 735 4613 μονογενὲς,
774 4542 837 4594 τὸ
904 4545 1116 4614 πνεῦμά
1162 4565 1286 4615 μου,
1320 4544 1408 4598 καὶ
1470 4546 1543 4617 μὴ
1588 4543 1905 4618 συγκλείσῃς

2013 3384 2207 3452 sistat,
2240 3388 2297 3438 et
2329 3400 2400 3437 an
2434 3382 2535 3437 Dei
2568 3381 2655 3436 sui
2682 3382 2903 3435 fruatur
2922 3381 3155 3434 auxilio.
3185 3382 3258 3435 Eo
3282 3386 3476 3436 autem
3511 3382 3659 3438 facto

2012 3475 2166 3530 dicto
2198 3474 2392 3541 citius,
2424 3477 2480 3527 et
2537 3475 2740 3527 sancto
2787 3471 2847 3524 in
2882 3470 3088 3525 mediis
3132 3470 3308 3541 petris
3340 3472 3659 3542 intercepto

2012 3568 2175 3619 tanta
2233 3566 2356 3618 erat
2412 3562 2496 3617 vis
2555 3576 2681 3631 qua:
2739 3575 2870 3615 eum
2903 3559 3199 3630 premebat
3230 3562 3312 3624 ut,
3347 3576 3480 3614 cum
3510 3562 3659 3629 ,ejus

2013 3669 2145 3709 ossa
2202 3652 2725 3723 confringerentur,
2760 3647 2996 3720 quidam
3043 3664 3221 3703 sonus
3276 3652 3333 3703 et
3385 3647 3577 3719 fragor
3626 3665 3659 3703 a

2013 3742 2212 3799 multis
2272 3741 2657 3795 exaudiretur.
2700 3739 2973 3807 Disrupta
3030 3736 3184 3791 enim
3246 3743 3383 3791 sunt
3438 3737 3655 3805 omnia,

2013 3849 2143 3904 quae
2175 3834 2341 3888 erant
2360 3829 2514 3883 intra
2531 3829 2747 3898 ipsum,
2767 3831 2823 3881 et
2844 3826 3103 3881 contritae
3125 3834 3257 3881 sunt
3277 3840 3476 3880 omnes
3500 3841 3659 3881 com-

2014 3939 2193 3995 pages
2250 3923 2378 3992 ejus
2436 3920 2772 3987 ossium,et
2828 3918 2977 3973 oculi
3036 3922 3471 3973 excesserunte
3521 3918 3657 3973 sede

2014 4012 2266 4084 pr0pria.
2316 4010 2426 4066 Sed
2459 4008 2725 4081 quamvis
2754 4014 2905 4062 esset
2946 4008 3017 4063 ad
3050 4007 3201 4062 hanc
3232 4007 3522 4062 adductus
3555 4023 3658 4062 ne-

2014 4101 2364 4167 cessitatem,
2399 4114 2515 4153 non
2554 4097 2810 4168 neglexit
2847 4102 3041 4151 tamen
3087 4098 3156 4151 ad
3206 4097 3390 4151 Deum
3424 4111 3651 4151 canere.

2013 4190 2301 4246 Psallebat
2330 4189 2505 4256 enim,
2538 4208 2567 4237 ‹‹
2602 4191 2664 4241 In
2698 4190 2879 4257 petra,
2914 4186 3135 4253 dicens,
3167 4185 3436 4240 exaltasti
3468 4202 3578 4250 me,
3599 4188 3657 4241 et

2013 4279 2307 4335 deduxisti
2342 4294 2449 4347 me,
2483 4276 2762 4349 quoniam
2812 4276 2994 4330 factus
3024 4292 3083 4330 es
3115 4292 3247 4345 spes
3294 4292 3439 4342 mea,
3475 4275 3654 4330 turris

2012 4370 2248 4424 virtutis
2266 4385 2299 4422 a
2318 4367 2461 4422 facie
2481 4365 2728 4421 inimici.
2750 4363 3017 4420 Statuisti
3042 4380 3220 4434 supra
3236 4369 3459 4435 petram
3479 4366 3652 4436 pedes

2016 4474 2197 4525 meos,
2229 4464 2284 4512 et
2312 4455 2574 4510 direxisti
2609 4470 2849 4526 gressus
2904 4469 3061 4508 meos
3095 4455 3159 4508 “.
3196 4476 3223 4501 »
3258 4454 3465 4522 Accipe
3493 4469 3651 4524 ergo,

2013 4547 2117 4601 Fili
2149 4545 2249 4602 Dei
2283 4543 2604 4616 unigenite,
2627 4541 2893 4615 spiritum
2930 4557 3144 4609 meum,
3169 4546 3226 4595 et
3246 4557 3317 4595 ne
3340 4540 3656 4597 concludas

262 4649 329 4702 με
383 4628 459 4688 εἷς
514 4633 703 4703 χεῖρας
762 4627 999 4703 ἐχθρῶν.
1060 4633 1248 4694 Οὕτως
1308 4632 1401 4688 οὖν
1463 4633 1515 4688 ἐν
1578 4636 1725 4706 μέσῳ
1792 4637 1899 4688 τῶν

2016 4653 2104 4692 me
2134 4636 2191 4690 in
2226 4651 2434 4689 manus
2474 4632 2867 4688 inimicorum.
2902 4630 2996 4687 Sic
3026 4646 3161 4701 ergo
3195 4647 3329 4686 cum
3374 4630 3432 4684 in
3465 4630 3655 4685 medio

255 4723 470 4786 πετρῶν
529 4719 738 4789 ἡμέραν
800 4716 937 4788 ὅλην
993 4720 1083 4774 καὶ
1131 4722 1298 4776 νύκτα
1342 4727 1439 4776 τοῦ
1474 4723 1743 4797 μάρτυρος
1775 4720 1900 4778 δῖα-

258 4804 561 4877 μείναντος,
594 4803 869 4859 ἐκέλευσεν
921 4807 948 4860 ὁ
997 4807 1313 4881 παράνομος
1363 4806 1748 4883 διαζευχθῆναι
1803 4811 1900 4872 τὰς

254 4894 475 4969 πέτρας,
504 4894 688 4949 τέλεον
724 4891 1037 4971 διεφθάρθαι
1096 4900 1287 4950 τοῦτον
1342 4896 1430 4951 καὶ
1484 4896 1613 4969 μηδ’
1653 4898 1737 4952 ὅτι
1803 4898 1894 4952 οὖν

253 4984 405 5055 αὐτῷ
469 4984 778 5056 πνεύματος
869 4985 1033 5057 μέρος
1112 4983 1533 5064 καταλελεῖφθαι
1592 4986 1715 5040 ὅσον
1791 4987 1896 5040 ἀπὸ

252 5074 349 5126 τοῦ
378 5069 595 5127 πολλοῦ
652 5069 856 5126 ἐκείνου
918 5072 1119 5147 βάρους
1161 5074 1431 5146 οἱόμενος.
1465 5074 1526 5130 Ὀ
1578 5072 1633 5128 δε
1662 5080 1769 5129 τῶν
1801 5096 1897 5129 πε-

249 5163 391 5235 τρῶν
449 5157 821 5234 διαιρεθεισῶν
882 5159 1027 5234 ἐξῄει
1099 5160 1335 5236 βαδίζων
1403 5163 1492 5217 καὶ
1559 5170 1675 5225 τοῖς
1736 5161 1897 5226 ἰδίοις

249 5248 379 5302 ποσὶ
438 5249 749 5323 χρώμενος,
803 5250 982 5322 θαῦμα
1064 5249 1231 5312 ὅντως
1305 5252 1474 5327 ὁρῶσι
1540 5253 1727 5326 μόνοις
1796 5254 1897 5307 οὐκ

247 5337 669 5408 ἀπιστούμενον.
722 5342 1049 5413 ’Ἀνθρωπος
1104 5341 1335 5415 γυμνὸς,
1393 5342 1522 5405 τοὸς
1575 5340 1895 5419 ὀφθαλμοὺς

246 5421 391 5501 ἔχων
450 5426 1072 5500 ἐκκεκομμένους,ὁστὶ
1128 5427 1184 5484 δὲ
1252 5432 1701 5505 συντετριμμένα,
1752 5432 1893 5504 μέλη

249 5514 307 5572 δὲ
362 5517 452 5572 καὶ
494 5517 692 5590 σάρκας
752 5521 821 5590 τῇ
851 5522 958 5573 τῶν
987 5524 1199 5593 πετρῶν
1230 5522 1515 5594 ωμπειὸξει
1578 5522 1650 5584 ὡς
1696 5521 1757 5576 ἄν
1812 5544 1894 5585 τις

319 5700 362 5736 ιο
392 5697 543 5756 Psal.
575 5715 654 5771 xx,
682 5701 738 5756 7.
784 5700 824 5738 ιί
855 5699 1008 5758 Psal.
1042 5716 1130 5769 1.x,
1161 5700 1215 5770 3,
1246 5700 1279 5755 4
1311 5716 1326 5768 ;
1360 5716 1550 5771 xxnx,
1582 5701 1636 5757 3.

2009 4730 2303 4796 petrarum
2336 4728 2523 4778 totum
2555 4721 2708 4776 diem
2732 4725 2788 4775 et
2818 4728 3043 4775 noctem
3073 4719 3383 4775 mansisset.
3415 4726 3652 4787 martyr,

2002 4814 2175 4884 jussit
2205 4812 2520 4867 sceleratus
2548 4809 2814 4864 Julianus
2841 4809 3097 4878 disjungi
3129 4812 3351 4878 petras,
3372 4812 3526 4863 'eum
3561 4822 3656 4877 pe-

2010 4901 2167 4956 nitus
2202 4899 2512 4967 interiisse,
2544 4902 2599 4952 et
2644 4896 2867 4952 nullam
2917 4898 3161 4967 spiritus
3194 4904 3411 4967 partem
3444 4911 3572 4951 esse
3603 4894 3654 4951 ei

2010 4990 2273 5046 relictam
2307 5005 2420 5059 pree
2453 4986 2549 5042 illo
2581 4986 2762 5041 nimio
2793 5001 2966 5041 onere
2988 4986 3301 5041 arbitrans.
3336 4985 3437 5040 Ille
3455 4989 3652 5039 autem

2009 5086 2235 5133 amotus
2286 5093 2319 5130 a
2368 5075 2566 5146 petris,
2617 5090 2891 5145 egressus
2932 5078 3043 5141 est,
3074 5074 3372 5139 incedens,
3423 5078 3482 5127 et
3528 5073 3652 5129 suis

2011 5170 2176 5221 utens
2203 5164 2466 5236 pedibus,
2493 5179 2689 5219 revera
2704 5163 3050 5219 miraculum
3086 5162 3334 5217 maxime
3352 5162 3651 5218 admiran-
3672 5192 3723 5229 κε

2009 5256 2169 5312 dum.
2202 5255 2383 5309 Homo
2416 5253 2626 5319 nudus,
2659 5252 2991 5324 cuiegressi
3015 5252 3251 5323 quidem
3272 5256 3437 5308 erant
3467 5251 3645 5319 oculi,

2009 5363 2143 5401 ossa
2164 5344 2432 5409 contrita,
2468 5343 2729 5397 membra
2751 5349 2807 5397 et
2838 5359 3040 5397 carnes
3074 5350 3369 5413 petrarum
3402 5342 3652 5411 compli-

2007 5435 2231 5492 catione
2289 5448 2639 5501 compressa,
2689 5433 2815 5503 ejus
2872 5435 3065 5486 autem
3127 5430 3403 5485 intestina
3455 5431 3651 5485 omnia

2007 5524 2218 5580 misere
2240 5524 2611 5580 efﬂuxerant:
2643 5521 2767 5593 is(o
2801 5537 3011 5576 novum
3044 5524 3101 5577 et
3130 5520 3386 5576 alienum
3418 5524 3653 5592 specta-
