4048 6202
384 337 412 394 1
423 333 539 396 207

1729 329 2006 391 MENSIS
2052 328 2435 390 OCTOBER.

3632 321 3795 382 1208

381 493 603 567 culum)
635 493 993 559 ambulabat,
1027 496 1085 547 et
1113 492 1456 559 disserebat,
1477 495 1533 547 et
1550 490 1901 562 loquebatur
1918 491 2020 547 ad-

2151 485 2277 542 ιῖ¹ποι
2311 486 2663 559 ἀληλεσμὲνα
2699 484 2847 540 κάτω
2886 506 2944 541 τε
2994 482 3088 546 τὰς
3134 477 3329 558 ἔγκατα
3376 481 3555 538 πάντα
3598 478 3794 540 δεινῶς

379 600 587 641 versus
619 590 952 655 tyrannum.
990 580 1152 637 Unde
1183 580 1235 637 is
1275 596 1510 654 quoque
1556 586 1787 652 stupore
1813 581 2026 637 afﬁcie-

382 677 575 745 batur,
602 679 665 731 ut
685 675 782 746 qui
811 680 1126 746 martyrem
1148 678 1424 745 tanquam
1449 678 1772 729 monstrum
1795 672 2028 744 aliquod

385 769 647 823 cerneret
678 781 693 821 :
727 768 784 821 et
822 765 1053 820 dicebat
1094 764 1166 820 iis
1208 764 1308 836 qui
1340 765 1584 820 aderant
1616 779 1629 819 :
1660 763 1863 819 Videte
1909 776 2030 818 rem

386 854 557 928 plane
586 870 793 910 novam
842 858 900 909 et
949 853 1183 925 plenam
1214 852 1485 926 prodigii.
1519 852 1642 908 Non
1675 856 1764 908 est
1794 853 1905 908 iste
1934 866 2032 907 ve-

388 943 613 1000 neficus
634 946 691 999 et
722 942 1104 1015 praestigiator
1132 942 1159 997 ?
1190 943 1296 998 Per
1324 940 1681 997 immortales
1703 946 1758 997 et
1787 940 2034 997 invictos

391 1033 556 1100 deos,
588 1049 701 1088 non
736 1033 1037 1104 putabam,
1071 1048 1103 1088 o
1132 1031 1258 1099 viri,
1291 1031 1448 1087 hunc
1477 1030 1898 1088 exsecrandum
1939 1029 2036 1084 ad-

390 1122 508 1179 huc
564 1122 774 1179 vivere.
817 1122 871 1178 Is
921 1129 1113 1177 autem
1170 1126 1227 1177 et
1282 1121 1594 1189 intestinis,
1652 1124 1709 1176 et
1764 1120 2035 1176 universa

393 1227 668 1283 campage
690 1211 741 1267 ei
770 1211 1079 1281 dissoluta,
1103 1215 1157 1266 et
1178 1210 1416 1278 incedit,
1437 1215 1493 1267 et
1510 1211 1790 1283 loquitur.
1823 1210 1933 1267 Sed
1954 1208 2030 1264 dii

392 1320 525 1361 eum
574 1306 940 1360 reservarunt
970 1301 1042 1357 ad
1062 1302 1404 1374 lmultorum
1436 1302 1812 1373 insipientum
1844 1316 2031 1356 corre-

393 1395 671 1461 ctionem,
701 1396 766 1448 ut
796 1400 947 1448 esset
978 1391 1311 1447 terriculum
1345 1391 1439 1459 iis,
1474 1391 1571 1462 qui
1605 1406 1806 1447 eorum
1840 1406 2035 1463 super-

393 1484 751 1540 mundanam
784 1498 901 1539 non
935 1482 1179 1538 adorant
1206 1481 1552 1553 potentiam.

464 1748 633 1804 XLII.
668 1747 763 1805 Sic
795 1747 960 1816 dixit,
992 1750 1048 1803 et
1082 1746 1317 1820 martyri
1353 1764 1365 1803 :
1396 1751 1559 1814 Ecce,
1594 1747 1788 1818 miser,
1821 1747 2031 1819 inquit,

2138 576 2563 653 κατεῤῥυηκότα.
2599 577 2777 645 οὗτος,
2811 572 2856 629 ὣ
2908 575 3056 645 ξένου
3099 573 3411 645 θαύματοςί
3470 570 3795 643 περιεπάτει

2138 670 2227 727 καὶ
2270 667 2562 744 διελέγετο,
2593 667 2683 721 καὶ
2724 666 2860 740 πρὸς
2904 665 2998 718 τὸν
3040 664 3294 737 τύραννον
3342 658 3746 736 ἀντεφθέγγετο
3778 678 3792 690 ’

2144 758 2432 835 ἑξίπληττε
2470 759 2572 834 γὰρ
2612 757 2701 812 καὶ
2735 756 2892 811 αὐτὸν
2935 753 3054 809 οἷόν
3113 774 3164 809 τι
3220 749 3379 827 τέρας
3435 752 3795 829 φαινόμενος,

2140 854 2231 906 καί
2263 851 2398 925 πρὸς
2420 848 2546 910 τοὺς
2580 847 2871 920 παρόντας.
2903 848 3112 919 Ὁρᾶτε,
3143 839 3318 918 ἔλεγε,
3350 846 3577 916 πρᾶγμα
3604 838 3794 893 καινὸν

2144 941 2310 1003 ὅντως
2342 941 2429 995 καὶ
2470 939 2745 1013 τερατείας
2788 932 3000 1007 μεστόν.
3033 933 3155 1007 Ἀρ’
3185 931 3245 986 οὐ
3294 930 3579 1005 φαρμακὸς
3632 928 3795 987 οὗτος

2142 1032 2231 1086 καὶ
2261 1031 2419 1105 γόης.
2452 1030 2533 1097 Νὴ
2583 1026 2711 1088 τοὺς
2768 1021 3061 1084 ἀθανάτους
3107 1020 3196 1077 καὶ
3241 1020 3548 1091 ἀηττήνους
3605 1018 3794 1086 θεοὺς,

2144 1121 2243 1175 οὐκ
2288 1116 2472 1192 ᾤμην,
2532 1117 2576 1170 ὦ
2624 1115 2835 1191 ἄνδρες,
2893 1112 3108 1168 τουτονὶ
3180 1109 3274 1165 τὸν
3333 1106 3683 1181 παλαμναῖον
3738 1105 3794 1159 ἐν

2142 1215 2259 1271 τοῖς
2320 1215 2453 1279 ζῶσι
2503 1208 2790 1284 τετάχθαι,
2839 1202 2995 1265 οὗτος
3056 1198 3133 1270 δὲ,
3180 1200 3268 1255 ταὶ
3333 1202 3442 1254 τῶν
3494 1196 3797 1252 ἐντοσθίων

2142 1300 2231 1355 καὶ
2287 1307 2386 1369 τῆς
2446 1298 2707 1373 ἁρμονίας
2768 1294 2981 1364 ἀπάσης
3054 1289 3404 1359 διαλυθείσης
3478 1286 3649 1359 αὐτῷ,
3703 1286 3795 1340 καὶ

2150 1387 2355 1464 βαδίζει
2408 1389 2499 1443 καὶ
2558 1385 2869 1464 φθέγγεται.
2923 1379 3085 1440 Ἀλλ’
3134 1380 3187 1434 οὶ
3244 1378 3354 1443 θεοὶ
3413 1380 3604 1432 τοῦτον
3665 1374 3797 1464 ἑτα-

2150 1462 2457 1553 μιεόσαντο,
2507 1462 2583 1537 εἷς
2653 1471 2884 1529 πολλῶν
2957 1468 3205 1548 ἀφρόνων
3262 1464 3662 1543 σωφρονισμὸν,
3720 1462 3795 1516 ’ἐν’

2144 1569 2181 1643 ᾗ
2217 1565 2647 1643 μορμολύκειον,
2678 1568 2793 1627 τοῖς
2848 1561 2912 1616 τὸ
2968 1561 3165 1636 κράτος
3217 1553 3390 1611 αὒτῶν
3440 1554 3516 1628 μὴ
3550 1573 3797 1628 προσκυ-

2145 1662 2297 1713 νοῦσι
2325 1658 2388 1712 τὸ
2422 1654 2806 1730 ὑπερκόσμιον.

2216 1748 2347 1805 ΜΒ”.
2383 1746 2539 1805 Οῧτω
2570 1766 2627 1799 τε
2662 1738 2787 1819 ἔφη,
2838 1740 2928 1795 καὶ
2973 1740 3111 1815 πρὸς
3155 1737 3248 1792 τὸν
3300 1738 3545 1810 μάρτυρα
3578 1750 3590 1764 ·
3628 1729 3796 1799 Ἰδοὺ,

395 1841 453 1895 et
489 1838 673 1894 oculis
718 1854 777 1894 es
818 1841 1096 1909 privatus,
1132 1841 1188 1891 et
1220 1840 1359 1891 sunt
1390 1835 1497 1891 tibi
1546 1836 1806 1891 membra
1838 1837 2036 1891 omnia

2151 1836 2479 1911 ταλαίπωρε,
2532 1835 2698 1910 λέγει,
2771 1831 2861 1887 καὶ
2946 1826 3246 1907 ὀφθαλμῶν
3313 1823 3606 1897 ἐστερήθης
3700 1822 3793 1875 καὶ

2221 1926 2238 1936 ς
2268 1932 2291 1936 μ
2422 1927 2434 1936 ο
2506 1927 2515 1936 ι
2741 1923 2754 1936 ο
2876 1919 2887 1936 Ι
3072 1917 3097 1936 υ
3309 1913 3324 1932 \
3389 1912 3413 1936 ’δ
3449 1935 3457 1936 κ
3511 1911 3730 1936 (1.4-.μζνη
3777 1932 3793 1936 _

396 1926 626 1983 inutilia
655 1931 711 1982 et
766 1926 1007 1998 perdita.
1049 1925 1315 1989 Quaenam
1373 1940 1508 1996 ergo
1540 1942 1672 1996 spes
1702 1931 1791 1981 est
1846 1925 2036 1981 adhuc

396 2016 505 2072 tibi
523 2015 746 2087 reliqua
767 2016 793 2069 ‘2
816 2016 877 2071 In
901 2032 1071 2086 quem
1091 2015 1338 2087 sperasti
1362 2015 1653 2070 inaniter?
1670 2015 1776 2071 Sed
1800 2014 2037 2070 deorum

398 2105 661 2161 invocata
709 2105 1089 2174 benignitate,
1136 2105 1207 2159 ad
1275 2120 1373 2159 eos
1430 2104 1655 2160 accede.
1716 2104 1878 2160 Fient
1933 2103 2038 2158 tibi

402 2195 649 2250 fortasse
704 2192 961 2264 prepitii,
995 2196 1051 2248 et
1108 2209 1222 2247 non
1283 2194 1505 2248 tradent
1535 2198 1590 2248 te
1621 2193 1710 2262 iis,
1744 2209 1867 2262 quae
1899 2195 2039 2247 sunt

399 2283 554 2354 apud
584 2282 818 2349 inferos,
847 2281 1172 2353 suppliciis.
1206 2284 1418 2354 Martyr
1447 2288 1644 2339 autem
1675 2282 1886 2339 Christi
1908 2299 2039 2338 cum

400 2371 688 2428 audiisset
716 2372 1096 2444 supplicium,
1130 2372 1393 2440 subrisit,
1410 2376 1467 2428 et
1489 2372 1632 2429 dixit
1652 2376 1927 2445 tyranno:
1954 2372 2040 2428 Dii

400 2462 489 2518 tui
520 2477 614 2517 me
640 2462 874 2517 tradent
890 2460 1237 2532 suppliciis?
1260 2465 1584 2534 etquonam
1601 2462 1889 2530 modoilli,
1907 2480 2041 2518 eum

398 2567 537 2608 suae
560 2566 759 2622 poenas
786 2566 901 2605 non
924 2550 1248 2621 effugerint,
1265 2550 1404 2606 ﬁent
1426 2551 1675 2608 aliorum
1693 2551 1993 2623 punitores
2015 2552 2042 2608 ?

397 2639 519 2697 Illis
578 2647 813 2711 paratus
844 2644 930 2696 est
981 2639 1136 2712 ignis
1184 2644 1478 2696 aeternus:
1520 2640 1637 2697 illis
1678 2646 1959 2707 tartarus,
1989 2649 2043 2698 et

397 2730 610 2785 stridor
640 2729 926 2786 dentium.
960 2732 1103 2784 Cum
1137 2729 1353 2801 quibus
1381 2729 1505 2801 ipse
1535 2746 1764 2802 quoque
1794 2731 2042 2787 traderis

397 2820 520 2894 igni
548 2821 941 2889 immateriali,
975 2821 1036 2876 in
1068 2825 1347 2877 aeternum
1370 2821 1737 2892 puniendus:
1764 2825 2041 2894 quoniam

402 2910 615 2966 Filium
644 2911 741 2965 Dei
775 2909 1150 2979 eoneulcasti,
1177 2910 1491 2981 pretiosum
1512 2913 1640 2981 ejus
1670 2912 2040 2982 sanguinem,

400 3014 575 3070 quem
609 3015 711 3069 pro
741 2999 909 3054 nobis
941 2999 1166 3064 effudit,
1190 3014 1561 3055 communem
1592 2999 1962 3055 existimans:
1988 3005 2045 3057 et

400 3086 684 3158 Spiritum
717 3088 911 3157 gratias
944 3086 1187 3141 effecisti
1227 3087 1600 3157 contumelia,
1632 3087 1693 3143 in
1736 3103 1850 3160 quo
1881 3088 2043 3144 fuisti

400 3176 801 3233 sanctiﬁcatus
824 3175 887 3230 1'.
910 3174 1047 3230 Mihi
1071 3179 1264 3231 autem
1298 3193 1399 3247 pro
1426 3194 1601 3249 parvo
1632 3178 1741 3234 hoc
1767 3177 1965 3235 labore
1986 3184 2043 3235 et

398 3266 560 3323 brevi
609 3266 865 3321 cruciatu
916 3266 1218 3321 dabuntur
1255 3266 1436 3322 multa
1465 3268 1616 3323 dona
1647 3271 1703 3324 et
1730 3267 2037 3340 splendida

399 3361 453 3409 et
507 3369 729 3408 coronae
784 3351 1059 3408 victoriae.
1104 3353 1215 3408 Sed
1249 3352 1391 3425 quid
1437 3352 1559 3410 haec
1611 3355 1681 3410 ad
1726 3362 1797 3422 te,
1831 3357 1932 3427 qui
1989 3364 2043 3414 te

401 3441 640 3497 omnino
670 3441 964 3497 tradidisti
998 3442 1358 3499 daemonibus
1386 3445 1415 3499 ?
1438 3443 1678 3501 Discede
1707 3461 1843 3517 ergo
1866 3463 1899 3501 a
1928 3463 2037 3515 me,

400 3532 654 3593 discede.
703 3535 968 3602 operator
1016 3531 1369 3603 iniquitatis,
1403 3534 1681 3604 quoniam
1744 3536 1905 3592 nulla
1956 3541 2042 3593 est

399 3621 516 3678 luci
544 3622 793 3677 societas
823 3637 957 3677 cum
990 3621 1245 3678 tenebris
1276 3621 1344 3689 1³,
1376 3626 1432 3678 et
1462 3640 1867 3697 quamcunque
1896 3626 2039 3683 velis

399 3713 485 3768 fer
517 3711 575 3766 in
604 3727 710 3767 nos
734 3710 1103 3767 sententiam.
1132 3711 1263 3767 Jam
1287 3711 1441 3768 enim
1464 3716 1521 3768 et
1551 3713 1760 3782 verbis,
1793 3718 1851 3770 et
1873 3715 2040 3772 factis

400 3817 462 3888 es
517 3801 727 3857 certior
785 3801 990 3869 factus,
1026 3816 1119 3858 me
1176 3810 1284 3857 tuae
1316 3801 1598 3860 voluntati
1641 3804 1880 3861 minime
1912 3821 2040 3862 esse

400 3906 724 3949 cessurum.

467 4156 661 4211 XLIII.
696 4160 825 4211 Haec
868 4172 1004 4213 cum
1045 4158 1333 4214 audiisset
1358 4159 1717 4232 lfoedifragus
1744 4161 2037 4231 Julianus,

399 4248 619 4300 etesset
634 4246 872 4302 omnino
886 4246 945 4301 in
962 4262 1250 4303 summam
1267 4248 1558 4305 adductus
1572 4249 1995 4308 dubitationem
2022 4269 2035 4307 ε

397 4333 715 4401 Artemius,
750 4334 910 4405 dixit,
947 4335 1043 4406 qui
1077 4337 1317 4392 deorum
1335 4336 1643 4410 abnegavit
1672 4340 2037 4413 religionem,

400 4423 678 4479 Romanis
727 4430 914 4478 autem
968 4433 1020 4480 et
1050 4427 1265 4483 nostris
1296 4427 1528 4496 :relictis
1560 4430 1901 4501 rationibus,
1937 4450 2037 4504 pro

397 4517 659 4569 Romano
690 4516 747 4568 et
776 4512 969 4569 Graeco
1003 4514 1211 4570 maluit
1259 4514 1371 4570 dici
1421 4516 1812 4589 Christianus,
1847 4526 1902 4577 et
1933 4539 2035 4593 pro

2073 3226 2121 3293 C

2151 1926 2334 2002 μελῶν
2412 1927 2660 1979 ἁπάντων
2731 1919 2967 1996 ἀχρείως
3038 1917 3181 1972 οὕτω
3240 1913 3327 1970 καὶ
3385 1911 3793 1987 διεφθαρμένως

2148 2018 2318 2094 ἔχεις.
2348 2018 2484 2073 Ποία
2524 2016 2613 2071 οὖν
2669 2013 2746 2070 ἔτι
2805 2011 3157 2069 ὑπολείπεταί
3207 2028 3294 2062 σοι
3324 2004 3481 2066 ἐλπίς
3510 2024 3524 2072 ;
3558 2004 3700 2075 Πρὸς
3734 2003 3795 2055 ’ὁν

2150 2107 2402 2177 διακενῆς
2451 2106 2716 2173 ἔλπιοας;
2768 2101 2944 2161 Ἀλλά
2993 2102 3092 2168 τὴν
3167 2095 3439 2170 εὐμένειαν
3496 2098 3606 2147 τῶν
3656 2094 3795 2146 θεῶν

2151 2196 2630 2270 ἐπικαλεσάμενος,
2688 2191 2955 2269 πρόσελθε
3012 2187 3227 2247 τυότοις
3260 2203 3276 2218 ·
3329 2184 3460 2247 ἴσως
3502 2180 3652 2237 ’ίΑεοί
3710 2202 3796 2235 σοι

2148 2290 2485 2362 γενήσονται,
2518 2287 2607 2341 καὶ
2656 2282 2787 2359 οὐχὶ
2826 2286 2946 2343 ταῖς
3004 2279 3055 2334 ἐν
3116 2273 3248 2347 ᾅδου
3278 2271 3667 2351 παραδώσουσι
3708 2291 3797 2325 τις

2155 2360 2407 2451 μωρίαις.
2441 2378 2503 2434 Ὀ
2535 2373 2592 2430 δὲ
2621 2379 2717 2429 τοῦ
2746 2374 2989 2446 Χριστοῦ
3034 2369 3261 2443 μάρτυς,
3303 2363 3574 2439 τιμωρίαν
3626 2360 3800 2451 ἀκοῦῖ

2152 2487 2267 2538 σας,
2319 2463 2612 2540 ἐμειδίασε,
2644 2462 2735 2518 καί
2776 2483 2907 2539 φησι
2957 2459 3093 2535 πρὸς
3134 2458 3226 2511 τὸν
3264 2455 3547 2530 τύραννᾶν,
3585 2450 3653 2508 Οἱ
3712 2448 3801 2503 σοὶ

2152 2559 2265 2620 θεοί
2360 2576 2426 2623 με
2508 2559 2625 2616 ταῖς
2692 2551 2944 2607 κολάσεσι
3020 2544 3443 2622 παραδώσουσι;
3513 2541 3607 2596 Καὶ
3678 2543 3803 2599 πῶς

2151 2645 2365 2714 ἐκεῖνοι,
2406 2643 2501 2705 τὰς
2535 2641 2675 2705 ἰδίας
2715 2639 3032 2719 ἑκρυγόντες
3089 2636 3367 2705 κολάσεις,
3407 2630 3600 2704 ἑτέρων
3661 2627 3806 2701 μᾶλ-

2152 2734 2250 2790 λον
2304 2730 2510 2789 ἔσονται
2558 2730 2857 2800 κολασταί;
2892 2728 3152 2790 Ἑκείνοις
3190 2724 3521 2796 ἡτοίμασται
3571 2720 3635 2774 τὸ
3692 2722 3803 2790 πῦρ

2150 2824 2212 2879 τὸ
2240 2822 2477 2880 αἶ’ώνιον.
2513 2821 2766 2883 Ἐκείνοις
2800 2821 2827 2874 6
2876 2822 3162 2893 τάρταρος,
3194 2816 3283 2871 καὶ
3313 2816 3341 2868 6
3404 2816 3509 2867 τῶν
3560 2806 3801 2863 ὀδόντων

2156 2911 2403 2987 βρυγμός
2436 2930 2449 2944 ο
2490 2912 2605 2983 μεθ’
2636 2911 2709 2964 ὧν
2753 2909 2843 2964 καὶ
2900 2909 3063 2969 αὐτὸς
3094 2905 3223 2978 πυρὶ
3257 2902 3409 2975 ἀΰλῳ
3438 2896 3798 2974 παραδοθήσῃ

2153 3000 2387 3063 αῗωνίως
2417 2999 2919 3072 κολασθησόμενος,
2953 2999 3034 3051 ὅτι
3079 2997 3168 3050 τὸν
3202 2994 3328 3047 Υἱὸν
3374 2990 3470 3047 τοῦ
3502 2991 3635 3044 Θεοῦ
3664 3006 3802 3040 κατ-

2154 3091 2447 3161 επάτησας,
2479 3089 2541 3144 τὸ
2590 3092 2728 3162 αἷμα
2783 3088 2978 3143 τούτου
3018 3085 3081 3140 τὸ
3128 3084 3338 3158 τίμιον,
3378 3083 3406 3136 ’ὀ
3450 3080 3581 3154 ὑπὲρ
3634 3079 3799 3149 ἡμῶν

2153 3179 2350 3254 ἐξέχεε,
2410 3177 2590 3234 κοινόν
2667 3177 3035 3254 ἡγησάμενος,
3080 3173 3169 3228 καὶ
3243 3166 3523 3245 ἐνυϐρίσας
3580 3166 3656 3227 εἷς
3732 3165 3799 3221 τὸ

2155 3274 2373 3343 Πνεῦμα
2417 3277 2518 3339 τῆς
2574 3266 2803 3347 χάριτος
2834 3264 2885 3321 ἐν
2941 3266 2985 3337 ᾧ
3039 3264 3333 3340 ἠγεάσθης.
3376 3258 3537 3331 Ἐμοὶ
3569 3254 3629 3311 δὶ
3660 3256 3799 3327 ὑπὲρ

2149 3364 2247 3415 τοῦ
2326 3363 2524 3436 μικροῦ
2578 3346 2793 3413 τούτου
2837 3355 3107 3428 καμάτου,
3163 3352 3254 3407 καὶ
3305 3357 3405 3419 τῆς
3474 3346 3525 3402 ὲν
3596 3346 3802 3436 βραχεῖ

2150 3430 2441 3524 τιμωρίας,
2506 3445 2713 3503 πολλαὶ
2791 3445 2879 3498 καὶ
2957 3442 3244 3521 φιλότιμοι
3304 3436 3627 3508 δοθήσονται
3686 3430 3795 3487 δω-

2152 3540 2265 3613 ρεαὶ
2325 3538 2415 3593 καὶ
2476 3538 2725 3614 στέφανοι
2777 3535 3107 3607 νικητήριοι,
3136 3529 3312 3588 Ἀλλά
3357 3529 3409 3583 τί
3458 3530 3628 3581 ταῦτα
3658 3524 3799 3597 πρὸς

2152 3630 2207 3682 σὲ
2235 3629 2327 3683 τὸν
2384 3626 2518 3700 ἅπαξ
2549 3632 2665 3689 τοῖς
2707 3622 2958 3697 δαίμοσιν
3014 3622 3199 3677 ἑαυτὸν
3253 3616 3590 3694 παραδόντα;
3623 3615 3798 3669 ’Λπόο

2151 3720 2307 3789 στηθι
2368 3721 2657 3792 τοιγαροῦν
2718 3716 2807 3769 ἀπ’
2875 3712 3037 3787 ἐμοῦ,
3096 3710 3385 3779 ἀπόστηθι,
3444 3707 3640 3781 ἐργάται
3692 3710 3797 3772 τῆς

2150 3806 2402 3881 ἀνομίας,
2462 3806 2575 3861 ἐπεὶ
2654 3802 2897 3878 μηδεμία
2955 3800 3214 3857 κοινωνία
3262 3798 3399 3873 φωτὶ
3462 3796 3595 3870 πρὸς
3657 3795 3799 3848 σκό-

2146 3917 2262 3963 τος,
2293 3902 2383 3950 και
2422 3898 2489 3965 ἣν
2537 3894 2723 3970 βούλει
2772 3893 2893 3947 καθ’
2923 3893 3086 3963 ἡμῶν
3129 3886 3377 3963 ἐπένεγκε
3423 3887 3520 3955 τήν
3582 3884 3799 3961 ἁπόιρα-

2151 4006 2229 4040 σιν
2262 4004 2276 4019 ⁶
2310 3983 2418 4055 ἤδη
2469 3985 2571 4060 γὸρ
2602 3980 3099 4057 πεπληροφόρησαι
3136 3979 3224 4032 καὶ
3285 3974 3479 4051 λόγοις
3513 3974 3602 4029 καὶ
3660 3972 3801 4045 πρά-

2148 4094 2370 4148 γμασιν,
2410 4071 2493 4128 ὅτι
2542 4077 2657 4133 τοῖς
2713 4076 2828 4131 σοῖς
2885 4067 3190 4139 θελήμασιν
3223 4064 3382 4125 αὐτὸς
3423 4064 3531 4138 οὐχ
3563 4060 3793 4116 ὑπείκω.

2222 4164 2352 4219 ΜΓ.
2387 4161 2610 4219 Τούτων
2662 4159 2889 4219 ἀκούσας
2949 4163 2976 4212 ό
3016 4150 3332 4231 παραϐάτης
3367 4153 3457 4207 καὶ
3487 4156 3602 4215 τοῖς
3634 4149 3793 4211 ὅλοις

2149 4251 2467 4325 ἀπορηθεὶς,
2499 4248 2805 4324 ’Λρτέμιος,
2852 4248 3019 4319 εἶπεν,
3063 4246 3090 4300 6
3140 4246 3239 4313 τήν
3280 4247 3385 4298 τῶν
3437 4246 3571 4306 θεῶν
3619 4242 3798 4315 θρησ-

2145 4346 2292 4400 κείαν
2348 4343 2674 4419 ἐξαρνηθεῖς,
2725 4340 2851 4403 τοὺς
2901 4336 3245 4411 Ῥωμαϊκοὺς
3304 4332 3360 4390 δὲ
3420 4333 3514 4388 καὶ
3582 4328 3785 4403 ἡμετέ-

2148 4454 2273 4507 ρους
2305 4418 2507 4509 Λόγους
2540 4431 2855 4496 ἀπολιπὼν,
2888 4427 3205 4504 Χριστιανός
3259 4446 3317 4479 τε
3364 4421 3643 4477 καλεῖσθαι
3675 4418 3799 4472 ἀντὶ

2152 4508 2429 4597 Ῥωμαίου
2496 4523 2586 4577 καὶ
2666 4519 2945 4585 Ἕλληνος
3029 4515 3424 4591 προελόμενος,
3499 4511 3588 4565 καὶ
3672 4508 3801 4563 ἀντὶ

398 4604 546 4659 duce
577 4606 633 4657 et
661 4602 952 4672 augustali
985 4602 1255 4659 Galilaeus
1288 4606 1469 4677 magis
1502 4608 1696 4663 studet
1727 4612 2035 4683 nominari,

2151 4614 2350 4675 Δουκὸς
2399 4613 2487 4668 καὶ
2525 4608 2954 4686 Αὐγουσταλίου,
2988 4604 3284 4665 Γαλιλαῖος
3338 4599 3551 4675 μᾶλλον
3596 4600 3803 4673 ὀνομά-

398 4692 591 4765 gladio
612 4694 1028 4749 exsecrandum
1045 4693 1257 4749 habeat
1273 4700 1448 4767 caput
1470 4702 1860 4767 amputatum.
1885 4703 2042 4759 llane

399 4799 532 4839 cum
592 4784 944 4839 sententiam
1002 4784 1316 4855 accepisset
1374 4796 1588 4860 martyr
1627 4789 1861 4858 Christi,
1906 4794 2041 4849 exiit

399 4871 568 4926 laetus
599 4888 629 4928 e
662 4872 958 4941 tribunali,
990 4881 1042 4927 et
1071 4873 1340 4930 alacriter
1370 4892 1620 4948 sequens
1651 4896 1772 4947 eos,
1800 4882 1898 4953 qui
1930 4884 2036 4939 ab-

399 4962 708 5018 ducebant.
742 4961 1059 5032 Postquam
1094 4967 1285 5020 autem
1316 4967 1573 5036 pervenit
1603 4970 1675 5024 ad
1720 4970 1936 5039 locum,
1968 4973 2037 5028 ab

398 5050 490 5117 iis,
525 5051 624 5122 qui
656 5066 791 5105 eum
826 5050 1096 5107 volebant
1138 5053 1491 5124 interimere,
1523 5057 1660 5128 petit
1692 5058 1859 5116 breve
1888 5066 2036 5118 tem-

398 5156 508 5211 pus
532 5141 602 5195 ad
634 5140 941 5196 orandum.
969 5140 1109 5195 Cum
1138 5158 1269 5213 ergo
1303 5145 1706 5218 accepisset,et
1728 5150 1799 5203 ad
1826 5151 2035 5206 omium

397 5229 771 5299 aspexisset:
821 5231 991 5300 Deus,
1026 5230 1238 5303 inquit,
1286 5249 1393 5304 ago
1444 5234 1550 5290 tibi
1598 5238 1835 5308 gratias,
1887 5244 2036 5312 quod

398 5335 489 5373 me
520 5320 899 5375 corroborasti
934 5321 1240 5391 indignum
1275 5327 1439 5378 tuum
1466 5325 1775 5394 famulum,
1809 5334 1871 5384 ut
1901 5347 2039 5386 con-

396 5404 685 5462 culcarcm
738 5408 1004 5465 stimulos
1039 5410 1276 5481 diaboli,
1309 5417 1366 5468 et
1412 5420 1769 5474 contererem
1800 5420 1928 5490 ejus
1958 5420 2037 5475 la-

396 5510 599 5565 queos,
633 5512 776 5566 quos
830 5499 1052 5567 paravit
1109 5500 1354 5570 pedibus
1386 5504 1571 5559 meis:
1614 5508 1951 5579 pudoreque
1983 5518 2036 5566 et

467 5675 513 5711 η
543 5672 712 5743 Hebr,
746 5690 801 5741 χ,
823 5675 909 5727 29.
948 5673 989 5709 ¹³
1020 5673 1066 5727 II
1092 5676 1216 5729 Cor.
1250 5692 1324 5743 vx,
1356 5678 1440 5733 14.

2144 5156 2250 5206 τῶν

2154 4711 2328 4774 ζεσθαι
2400 4699 2888 4779 φιλοτιμούμενος,
2928 4699 3026 4765 τὴν
3078 4696 3274 4768 μιαρὰν
3332 4689 3495 4746 αὺτοῦ
3542 4687 3795 4768 κεφαλὴν

2151 4778 2488 4850 ἐκκοπτὲσθω
2547 4794 2627 4862 τῷ
2686 4788 2846 4862 ξίφει.
2900 4785 3110 4855 Ταύτην
3142 4781 3233 4838 οὖν
3290 4784 3389 4851 τὴν
3445 4778 3713 4857 ἀπόφασιν
3764 4780 3797 4833 6

2145 4888 2241 4940 τοῦ
2271 4885 2504 4957 Χριστοῦ
2554 4880 2759 4954 μάρτυς
2791 4875 3075 4949 δεξάμενος
3134 4870 3325 4943 ἐξῆλθε
3379 4873 3476 4925 τοῦ
3532 4870 3799 4943 βήματος

2150 4972 2381 5048 χαίρων,
2412 4971 2501 5026 καὶ
2533 4967 2833 5045 προθύμως
2888 4970 3004 5027 τοῖς
3060 4961 3354 5037 ἀπάγουοιν
3405 4959 3741 5035 ἐφεπόμενος
3778 4974 3796 4988 ⁸

2148 5046 2221 5123 ῶς
2281 5058 2337 5115 δῖε
2366 5059 2456 5113 καὶ
2502 5058 2594 5112 τὸν
2625 5056 2791 5110 τόπον
2826 5050 3147 5129 κατείληφε,
3183 5051 3341 5125 χάριν
3384 5046 3611 5102 αίτεῖται
3642 5047 3805 5119 παρὰ

2339 5151 2572 5219 ἀναιρεῖν
2665 5143 3057 5219 βουλομένων,
3133 5141 3391 5216 βραχεῖαν
3476 5143 3804 5211 προσευχῆς

2147 5238 2313 5314 ὥραν,
2367 5232 2559 5293 Λαϐὼν
2613 5233 2790 5289 τοίνυν
2846 5232 2934 5287 καὶ
2993 5230 3127 5304 πρὸς
3179 5228 3409 5301 οὐρανὸν
3456 5223 3688 5289 ἀπιδὼν,
3734 5227 3804 5283 Ὀ

2146 5332 2295 5401 Θεὸς,
2348 5330 2517 5395 εἶπεν,
2571 5325 2876 5399 εὐχαριστῶ
2936 5342 3043 5388 σοι,
3086 5321 3169 5374 ὅτι
3227 5317 3511 5393 ἐνίσχυσάς
3578 5337 3644 5388 με
3702 5318 3807 5370 τὸν

2146 5420 2358 5489 ἀνάξιον
2388 5414 2588 5471 δοῦλόν
2619 5434 2716 5467 σου
2745 5415 3121 5479 καταπατῆσαι
3178 5407 3245 5461 τὰ
3300 5407 3492 5479 κέντρα
3548 5408 3645 5458 τοῦ
3681 5402 3807 5459 δια-

2147 5505 2343 5577 ϐόλου,
2396 5506 2485 5561 καὶ
2541 5504 2636 5563 τὰς
2694 5501 2857 5557 αὐτοῦ
2914 5495 3148 5577 παγίδας
3196 5494 3503 5571 συντρῖψαι,
3535 5493 3600 5558 ’ἀς
3636 5495 3804 5563 ἡτοί-
