4012 6220
255 378 413 438 1209

1468 377 1568 436 MA
1584 374 1938 438 RTYRIUM
1986 374 2048 434 S.
2092 372 2449 433 AltTEMII.

3508 359 3664 421 i210

255 557 395 610 μασε
451 541 569 597 τοῖς
627 535 755 590 ποσὶ
817 556 942 608 μου,
974 534 1233 611 αἰσχῦναί
1263 556 1318 590 13
1348 537 1434 591 καὶ
1477 538 1771 611 πληρῶσαι
1798 537 1898 590 5:1:-

2021 532 2339 606 ignominia
2388 529 2649 587 aﬂ‘eceris
2698 528 2823 597 ejus
2870 526 3118 587 vultum,
3153 524 3250 596 qui
3299 527 3354 579 te
3404 523 3662 594 reliquit,

254 626 381 701 μίας
444 627 508 680 τὸ
573 624 863 700 πρόσωπον
902 629 998 679 σοῦ
1055 646 1113 679 σε
1142 626 1204 679 τὸ
1251 626 1346 680 τοῦ
1378 625 1588 699 κόσμου
1621 630 1737 688 φῶς
1769 625 1907 681 ἀπο-

250 716 539 784 λιπόντος,
572 717 660 769 καὶ
714 714 887 768 ὀπίσω
932 720 1030 769 τοῦ
1061 713 1433 787 πλανήσαντος
1466 715 1627 771 αὐτὸν
1672 716 1909 771 ἀκολου-

248 806 541 875 θήσαντος,
592 797 876 858 διαϐόλου’
926 803 1236 878 εὐχαρῖστῶ
1303 826 1410 877 σοι,
1469 805 1749 881 μονογενὲς
1821 806 1907 858 Υἱὲ

250 898 348 949 τοῦ
381 894 643 967 Πατὲρος,
704 892 789 947 ὅτι
844 892 1085 963 ἠξίωσας
1145 914 1211 966 με
1247 898 1345 949 τοῦ
1380 891 1637 970 βραϐείου
1667 900 1765 963 τῆς
1796 894 1907 948 ἅνω

250 980 508 1051 κλήσεως
566 981 655 1035 καὶ
712 985 808 1035 τοῦ
867 986 1043 1060 χοροῦ
1100 987 1209 1038 τῶν
1279 982 1445 1058 ἁγίων
1494 1004 1612 1055 σου,
1644 984 1732 1038 καὶ
1794 983 1908 1037 ἑτε-

251 1069 487 1133 λείωσάς
522 1091 589 1143 με
628 1070 678 1123 ἐν
716 1070 786 1141 τῇ
841 1069 1117 1146 ὁμολογίᾳ
1171 1092 1282 1127 σου.
1323 1074 1417 1127 Καὶ
1478 1077 1569 1128 νῦν
1620 1070 1912 1128 ἐπικαλοῦ-

256 1160 354 1233 μαί
388 1180 466 1230 σε,
508 1160 770 1227 Δέσποτα,
811 1157 964 1215 ἓπιδε
1003 1160 1085 1215 ἐπ’
1117 1162 1214 1234 ἐμὲ
1269 1163 1357 1217 καὶ
1416 1163 1504 1216 ἐπὶ
1558 1165 1656 1233 τὴν
1719 1162 1906 1218 ταπεί-

251 1250 419 1304 νωσίν
454 1270 582 1321 μου,
626 1250 715 1303 καὶ
776 1248 867 1309 δὸς
917 1250 1205 1326 ἀναψυχὴν
1246 1251 1316 1326 τῇ
1374 1250 1726 1326 κληρονομίᾳ
1782 1274 1901 1319 σου,

252 1339 338 1395 ὅτι
367 1339 627 1408 ἠσθένησε
683 1338 774 1393 καὶ
833 1338 893 1393 οὐ
944 1342 1272 1414 κατηρτήσω
1324 1339 1513 1413 αὐτήν
1550 1339 1667 1396 ἰδοῦ
1708 1344 1809 1419 γὰρ
1852 1343 1903 1397 οἱ

254 1427 447 1503 ἐχθροί
478 1448 572 1482 σου
621 1424 840 1502 ἤχησαν
872 1429 959 1483 καὶ
1017 1430 1067 1483 οἱ
1104 1430 1385 1502 μισοῦντές
1440 1451 1497 1484 σε
1546 1432 1680 1506 ἦραν
1738 1452 1906 1506 κεφα-

253 1517 357 1587 λὴν
387 1518 474 1572 καὶ
519 1512 909 1573 ἐϐουλεύσαντο
939 1520 1077 1574 κατὰ
1105 1524 1214 1574 τῶν
1257 1520 1427 1595 ἁγίων
1460 1541 1582 1588 σου,
1628 1520 1901 1596 λέγοντες

252 1611 420 1663 Δαῦτε
446 1609 537 1663 καὶ
590 1607 1046 1683 ἐξολοθρεύσομεν
1096 1609 1316 1677 αὐτοὺς,
1347 1611 1438 1664 καί
1488 1610 1549 1665 οὐ
1585 1613 1660 1685 μή
1689 1619 1898 1684 μνησθῆ

248 1697 313 1752 τὸ
356 1692 533 1771 ὄνομα
585 1696 682 1753 τοῦ
724 1702 962 1773 Χριστοῦ
1009 1692 1107 1756 ἔτι.
1140 1704 1313 1754 Ταῦτα
1362 1701 1633 1773 κομπάζει
1666 1699 1905 1756 Ἰουλια-

250 1785 367 1852 νὸς,
422 1790 590 1842 ταῦτα
650 1785 968 1863 βλασφήμῳ
1012 1788 1232 1861 γλώττᾳ
1291 1790 1413 1863 βοᾷ,
1472 1793 1639 1845 ταῦτα
1689 1789 1907 1846 ἀπειλεῖ

250 1877 330 1945 τῷ
362 1873 479 1946 λαῷ
536 1896 654 1944 σου,
687 1877 951 1945 Δέσποτα,
985 1877 1117 1951 ὑπὲρ
1159 1876 1220 1932 οῦ
1251 1876 1464 1953 ἐξέχεας
1492 1879 1554 1933 τὸ
1594 1878 1684 1933 σὸν
1742 1880 1899 1953 αἷμα.
1935 1906 1988 1971 Β

254 1961 397 2020 Ἰδοὺ
454 1964 557 2039 γὰρ
614 1964 681 2019 τὰ
744 1966 1103 2040 θυσιαστήριά
1174 1988 1275 2021 σου
1362 1969 1749 2037 κατέσκαπται,
1842 1968 1903 2022 τὸ

254 2051 501 2129 ἆγίασμά
577 2075 672 2108 σου
730 2053 1131 2129 ἒμπέπρησται,
1199 2056 1289 2110 καὶ
1348 2058 1382 2127 ἡ
1455 2058 1743 2133 εὐπρέπεια
1809 2061 1905 2113 τοῦ

258 2140 412 2197 οἷ’κου
453 2163 550 2197 σου
606 2143 963 2218 περιῄρηται,
1022 2146 1112 2199 καὶ
1179 2146 1240 2200 τὸ
1299 2147 1437 2219 αἷμα
1492 2154 1593 2217 τῆς
1636 2145 1904 2218 διαθήκης

256 2251 355 2285 σου
395 2228 744 2301 ἐξουδενωται
803 2229 892 2287 διὰ
937 2234 1033 2294 τὰς
1064 2234 1332 2307 ἁμαρτίας
1390 2238 1576 2308 ἡμῶν.
1610 2235 1785 2291 Ἀλλὰ
1818 2236 1902 2308 σὺ,

262 2320 577 2394 μακρόθυμε
626 2323 815 2396 Κύριε,
872 2328 1070 2391 στῆσον
1119 2324 1218 2392 τὴν
1288 2326 1408 2389 καθ’
1467 2328 1625 2398 ἡμῶν
1702 2328 1904 2401 ἀγανά-

255 2430 469 2479 κτησιν,
502 2411 592 2464 καὶ
622 2411 810 2473 ἒλέους
840 2410 894 2467 ἐν
927 2412 1067 2489 ὀργῇ
1118 2415 1411 2484 μνήσθησι,
1458 2416 1549 2470 καὶ
1596 2416 1687 2470 τὸν
1731 2416 1903 2490 Ουμόν

255 2520 351 2555 σου
393 2494 602 2569 σϐέσον,
627 2502 683 2556 δν
714 2498 772 2555 ὅν
804 2502 969 2574 ἡμεῖς
997 2500 1351 2575 ἐξεκαύσαμεν
1376 2502 1427 2558 ἐν
1451 2508 1528 2575 τῷ
1551 2506 1899 2581 παροργίζειν

253 2609 311 2644 σε
338 2590 431 2644 τόν
460 2589 863 2666 φιλάνθρωπον.
897 2594 1135 2665 Θραῦσον
1181 2589 1637 2665 εἷδωλολατρείας
1700 2595 1901 2671 ὑπερή-

251 2698 417 2755 φανον
450 2677 716 2752 κεφαλὴν,
746 2681 845 2750 τὴν
882 2683 975 2734 νῦν
1023 2679 1188 2736 πάλιν
1247 2680 1595 2756 κινουμένην,
1628 2685 1718 2737 καὶ
1767 2685 1905 2739 κατὰ

244 2770 354 2822 τῶν
389 2772 493 2822 σῶν
556 2765 770 2823 δούλων
830 2766 1222 2843 ἐπαιρομένην.
1284 2772 1385 2833 Δὸς
1444 2769 1793 2849 ἐδαφισθῆναι
1838 2772 1906 2829 τὰ

245 2857 461 2931 πονηρὰ
517 2855 718 2927 ταύτης
771 2859 960 2930 νήπια,
995 2859 1100 2915 ὑπὸ
1156 2860 1255 2929 τὴν
1312 2859 1525 2939 ἆῤῥαγῆ
1573 2864 1770 2936 πὲτραν
1801 2870 1901 2933 τῆς

248 2952 349 3015 σῆς
399 2943 699 3022 ὁμολογίας
735 2948 825 3002 καὶ
873 2948 1131 3018 πίστεως,
1158 2947 1252 3005 ’ίνα
1290 2950 1341 3004 ἐν
1390 2951 1550 3006 παντὶ
1598 2951 1752 3024 τόπῳ
1800 2959 1901 3022 τῆς

250 3036 563 3102 δεσποτείας
623 3061 741 3111 σου,
780 3040 991 3116 καθαρὰ
1054 3042 1142 3097 καὶ
1204 3041 1512 3117 ἀμώμητος
1556 3045 1900 3121 προσάγηταί

249 3148 337 3183 σοι
386 3128 564 3199 θυσία,
603 3128 693 3184 καὶ
737 3127 1029 3200 δοξάζηταί
1084 3152 1179 3185 σου
1232 3132 1295 3187 τὸ
1370 3132 1630 3208 πανάγιον
1705 3134 1897 3208 ὄνομά,

245 3221 343 3273 τοῦ
376 3218 604 3290 Πατρὸς,
644 3219 735 3274 καὶ
789 3223 885 3274 τοῦ
942 3221 1091 3290 Υἱοῦ,
1123 3221 1212 3275 καὶ
1242 3225 1337 3276 τοῦ
1368 3221 1526 3298 ἆγίου
1564 3223 1899 3297 Πνεύματος,

244 3306 333 3362 νῦν
361 3308 451 3362 καὶ
484 3307 558 3369 εἷς
584 3314 710 3371 τοῦς
742 3308 959 3372 αἰῶνας.

315 3487 453 3543 ΜΔ’.
489 3487 591 3543 Καὶ
646 3486 832 3549 κλίνας
889 3490 955 3543 τὰ
1018 3490 1220 3563 γόνατα
1272 3492 1478 3566 τρίτον,
1533 3493 1892 3569 καὶπροσκυ-

243 3577 412 3645 νήσας
442 3576 578 3631 κατὰ
606 3576 897 3645 ἀνατολὰς,
926 3579 1020 3633 Θεὲ
1061 3578 1121 3634 ἐκ
1168 3583 1323 3647 Θεοῦ,
1368 3581 1537 3637 πάλιν
1596 3584 1728 3652 εἶπε,
1766 3584 1896 3658 μόνε

241 3663 301 3720 ἐκ
332 3666 521 3738 μόνου,
558 3666 778 3741 βασιλεῦ
820 3664 878 3722 ἒκ
929 3667 1217 3743 βασιλέως,
1252 3670 1279 3723 ὁ
1314 3668 1367 3725 ἓν
1418 3672 1667 3747 οὐρανοῖς
1700 3672 1773 3729 ὢν
1806 3676 1894 3730 καὶ

240 3756 603 3827 καθεζόμενος
662 3755 721 3810 ἐκ
780 3753 963 3830 δεξιῶν
1024 3762 1120 3812 τοῦ
1189 3779 1245 3813 σε
1321 3763 1675 3835 γεννήσαντος
1761 3768 1894 3818 Θεοῦ

241 3845 331 3898 καὶ
384 3844 611 3918 Ηατρὸς,
680 3846 708 3900 ὁ
766 3844 852 3900 ἐπὶ
911 3853 1015 3922 γῆς
1074 3846 1561 3921 πολιτευσάμενος,
1622 3849 1709 3906 διὰ
1792 3856 1891 3923 τήν

244 3934 489 3989 ἁπάντων
556 3936 717 4007 ἡμῶν
772 3935 1064 4010 σωτηρίαν,
1124 3938 1152 3992 ὁ
1230 3939 1486 4017 στέφανος
1564 3946 1671 3996 τῶν
1760 3942 1893 4019 ὑπὲρ

241 4022 338 4078 σοῦ
387 4019 621 4086 εὐσεϐῶς
671 4022 1003 4095 ἀθλούντων,
1053 4025 1349 4082 ἐπάκουσὸν
1397 4050 1501 4101 μου
1556 4035 1653 4085 τοῦ
1704 4052 1892 4088 ταπει-

238 4118 335 4169 νοῦ
372 4117 459 4171 καὶ
496 4115 707 4186 ἃναξίου
742 4113 942 4171 δούλου
996 4138 1092 4173 σου
1147 4120 1410 4194 σήμερον,
1444 4121 1532 4174 καὶ
1590 4123 1707 4195 μετ’
1739 4123 1895 4198 εἰρή-

240 4227 341 4276 νης
371 4202 542 4276 ἱδέξαι
611 4226 716 4279 μου
774 4208 872 4277 τήν
937 4209 1121 4283 ψυχὴν
1190 4210 1281 4264 κάὶ
1333 4207 1638 4267 ἀνάπαυσον
1724 4212 1891 4283 αὐτὴν

246 4295 381 4368 μετὰ
418 4299 528 4349 τῶν
575 4294 741 4371 ἁγίων
810 4302 917 4351 τῶν
984 4297 1075 4353 ἀπ’
1134 4299 1332 4361 αἰῶνός
1385 4321 1471 4354 σοι
1503 4302 1891 4377 εὐαρεπησάν-

238 4389 369 4439 τῶν.
404 4383 509 4439 Καὶ
577 4386 728 4457 φωνὴ
778 4384 926 4459 αὐτῷ
980 4386 1030 4457 ἐξ
1090 4388 1325 4462 οὐρανοῦ
1376 4387 1585 4464 ἐγένετο
1636 4391 1890 4467 λέγουσα·

240 4480 475 4530 ’Ἤκουσε
523 4477 725 4551 Κύριος
794 4481 903 4532 τῶν
990 4477 1173 4555 εὐχῶν
1259 4500 1377 4547 σου,
1465 4481 1737 4555 Ἀρτέμιε,
1802 4468 1892 4538 καἱ

237 4565 339 4633 τὴν
384 4566 546 4642 χάριν
600 4570 711 4620 τῶν
748 4565 998 4639 ’ἰαμάτων
1041 4588 1125 4621 σοι
1168 4566 1481 4643 ἐχαρίσατο.
1516 4570 1723 4627 Σπεῦδε
1776 4574 1890 4627 τοί·

1932 3282 1981 3351 C

2018 624 2222 680 mundi
2271 622 2484 687 lucem,
2518 625 2573 675 et
2602 634 2737 674 eum
2770 620 3007 671 secutus
3037 619 3141 681 est,
3172 612 3271 685 qui
3320 612 3518 684 ipsum
3569 629 3664 669 se-

2017 714 2204 780 duxit,
2238 711 2557 768 diabolum.
2591 709 2711 779 Ago
2760 705 2864 760 tibi
2913 706 3149 773 gratias,
3208 701 3507 773 unigenite
3558 700 3664 757 Fili

2024 804 2233 875 Patris,
2256 802 2411 875 quod
2447 816 2539 855 me
2570 798 2851 869 dignatus
2876 795 2954 849 sis
2979 794 3172 848 bravio
3203 808 3470 863 supernae
3496 806 3665 847 voca-

2016 894 2215 964 tionis,
2240 897 2298 949 et
2327 892 2505 949 choro
2537 892 2871 945 sanctorum
2905 892 3157 950 tuorum,
3189 887 3247 938 et
3278 896 3365 937 me
3396 897 3665 937 consum-

2018 983 2270 1039 maveris
2319 982 2378 1037 in
2428 988 2528 1036 tua
2584 976 2965 1034 confessione.
3026 974 3092 1028 Et
3148 986 3303 1028 nunc
3335 972 3537 1027 invoco
3586 974 3662 1039 te,

2018 1074 2281 1141 Domine,
2325 1070 2517 1142 aspice
2564 1083 2737 1139 super
2794 1080 2887 1120 me
2935 1067 2991 1119 et
3039 1078 3211 1132 super
3271 1059 3659 1115 humilitatem

2019 1179 2227 1229 meam,
2260 1167 2314 1217 et
2344 1160 2417 1215 da
2448 1156 2814 1229 refrigerium
2842 1152 3163 1208 hesrcditati
3217 1158 3347 1215 tuae,
3380 1148 3659 1220 quoniam

2016 1257 2105 1310 est
2132 1248 2450 1315 imbecilla,
2482 1251 2541 1303 et
2569 1263 2685 1302 non
2723 1242 3013 1317 perfecisti
3062 1257 3212 1296 eam.
3250 1260 3277 1291 «
3309 1239 3454 1295 Ecce
3502 1238 3659 1293 enim

2014 1340 2240 1398 inimici
2298 1337 2385 1394 tui
2439 1340 2845 1402 resonuerunt,
2894 1339 2948 1387 et
2991 1330 3090 1400 qui
3149 1334 3204 1385 te
3261 1328 3390 1384 odio
3448 1327 3667 1383 habent

2016 1430 2386 1492 sustulerunt
2436 1430 2628 1497 caput,
2668 1428 2726 1479 et
2773 1420 3086 1479 consilium
3138 1420 3420 1490 ceperunt
3468 1421 3667 1473 contra

2015 1525 2251 1576 sanctos
2283 1523 2439 1584 tuos,
2474 1516 2734 1572 dicentes
2759 1530 2772 1568 :
2797 1511 3023 1577 Venite,
3050 1509 3508 1565 exterminemus
3540 1522 3665 1574 eos,

2014 1616 2071 1666 et
2114 1627 2227 1666 non
2272 1608 2375 1664 ﬁat
2420 1606 2638 1662 mentio
2688 1602 2945 1659 nominis
2991 1599 3198 1657 Christi
3249 1597 3503 1670 amplius
3532 1596 3595 1648 ιδ.
3632 1618 3663 1647 ››

2015 1700 2343 1770 Haecjactat
2361 1696 2669 1753 Julianus:
2696 1694 2818 1750 hac
2840 1689 3182 1762 blaspheme
3204 1687 3407 1759 lingua
3435 1686 3621 1741 eﬂ’utit
3649 1700 3663 1741 :

2014 1789 2134 1844 hazc
2166 1788 2417 1843 minatur
2470 1784 2681 1855 populo
2711 1786 2834 1849 tuo,
2869 1778 3133 1845 Domine,
3169 1792 3270 1849 pro
3320 1792 3434 1847 quo
3482 1778 3654 1830 tuum

2013 1878 2359 1950 sanguinem
2418 1872 2696 1932 eﬁ'udisti.
2740 1872 2881 1929 Ecce
2924 1870 3079 1925 enim
3127 1865 3333 1923 altaria
3373 1870 3475 1920 tua
3523 1870 3666 1920 sunt

2013 1967 2276 2022 effossa:
2334 1962 2732 2021 sanctuarium
2800 1968 2961 2015 tuum
3020 1961 3109 2013 est
3175 1955 3480 2009 incensum
3530 1968 3544 2008 :
3604 1955 3665 2007 et

2014 2055 2246 2111 ablatus
2277 2058 2366 2109 est
2396 2054 2567 2108 decor
2587 2051 2797 2105 domus
2828 2055 2967 2103 tuae:
2994 2051 3051 2102 et
3070 2044 3305 2114 sanguis
3330 2042 3668 2098 testamenti

2014 2143 2098 2199 tui
2130 2159 2231 2214 pro
2263 2141 2449 2197 nihilo
2480 2144 2566 2195 est
2608 2138 2840 2193 habitus
2890 2143 3117 2207 propter
3165 2136 3398 2204 peccata
3441 2134 3663 2186 nostra.

2016 2233 2127 2288 Sed
2160 2237 2245 2302 tu,
2271 2232 2496 2304 patiens
2528 2228 2797 2292 Domine,
2819 2227 2957 2281 siste
2990 2233 3148 2278 tuam
3172 2222 3237 2276 in
3264 2237 3367 2276 nos
3399 2220 3663 2290 indigna-

2012 2323 2255 2392 tionem,
2299 2324 2357 2376 et
2397 2320 2456 2375 in
2508 2318 2594 2375 ira
2646 2319 2940 2373 memento
2990 2309 3418 2377 misericordiae,
3465 2312 3522 2365 et
3560 2325 3662 2365 ex-

2013 2411 2238 2481 stingue
2271 2411 2518 2466 furorem
2549 2413 2741 2475 tuum,
2766 2422 2936 2477 quem
2967 2419 3071 2459 nos
3103 2399 3497 2464 accendimus,
3519 2399 3659 2453 dum

2014 2504 2070 2554 te
2100 2498 2419 2567 benignum
2452 2502 2507 2551 et
2540 2496 2883 2550 clementem
2908 2492 2977 2546 ad
3011 2491 3155 2545 iram
3192 2502 3659 2559 provocaremus.

2016 2588 2325 2658 Confringe
2357 2584 2672 2656 superbum
2702 2584 2875 2652 caput
2907 2578 3271 2644 idololatriae,
3305 2576 3462 2645 quod
3506 2590 3660 2630 nunc

2015 2692 2222 2732 rursus
2254 2679 2520 2730 movetur
2547 2683 2601 2728 et
2631 2669 2930 2726 extollitur
2975 2668 3251 2722 adversus
3281 2679 3474 2718 servos
3507 2668 3664 2721 tuos.

2015 2766 2117 2832 Da,
2151 2768 2214 2820 ut
2258 2761 2415 2818 humi
2469 2760 2791 2816 allidantur
2838 2753 2978 2810 mali
3017 2754 3144 2823 ejus
3193 2752 3445 2806 infantes
3477 2749 3549 2805 ab
3579 2749 3665 2804 in-

2012 2856 2191 2911 fracta
2238 2856 2402 2924 petra
2450 2858 2556 2905 tuae
2604 2843 2988 2903 confessionis
3017 2847 3074 2897 et
3104 2840 3271 2896 ﬁdei:
3305 2845 3370 2894 ut
3400 2838 3457 2893 in
3498 2837 3661 2894 omni

2008 2945 2134 3002 loco
2166 2944 2251 2999 tui
2283 2942 2634 3005 dominatus,
2679 2951 2888 3009 purum
2937 2936 2995 2990 et
3033 2930 3179 2986 nulli
3224 2926 3661 3001 reprehensioni

2011 3034 2325 3090 obnoxium
2383 3032 2661 3088 offeratur
2728 3022 3136 3081 sacrificium:
3198 3028 3252 3075 et
3306 3017 3659 3088 glorificetur

2009 3128 2178 3180 tuum
2209 3119 2640 3179 sanctissimum
2675 3130 2903 3180 nomen,
2936 3110 3140 3179 Patris,
3173 3113 3229 3165 et
3259 3107 3409 3177 Filii,
3440 3111 3499 3163 et
3530 3105 3658 3179 Spi-

2010 3213 2157 3269 ritus
2187 3210 2392 3279 sancti,
2428 3226 2584 3266 nunc
2614 3215 2669 3263 et
2701 3207 2761 3262 in
2794 3203 3026 3261 saecula.

2076 3495 2263 3554 XLIV.
2296 3495 2368 3550 Et
2395 3509 2529 3550 cum
2577 3495 2665 3547 ter
2713 3504 2902 3562 genua
2949 3485 3224 3553 ﬂexisset,
3257 3486 3314 3540 et
3355 3482 3655 3538 adorasset

2007 3589 2079 3643 ad
2130 3586 2435 3650 orientem,
2471 3584 2619 3638 Deus
2649 3596 2716 3637 ex
2755 3583 2892 3646 Deo,
2923 3592 3125 3631 rursus
3174 3573 3341 3642 dixit,
3375 3571 3536 3627 solus
3584 3587 3655 3626 ex

2005 3676 2151 3745 solo,
2184 3676 2302 3730 Rex
2354 3690 2423 3729 ex
2471 3672 2644 3742 Rege,
2679 3669 2779 3740 qui
2824 3685 2886 3723 es
2934 3666 2992 3720 in
3043 3663 3226 3729 cmlis,
3260 3666 3315 3717 et
3366 3662 3531 3717 sedes
3580 3661 3650 3715 ad

2005 3769 2302 3822 dexteram
2353 3761 2563 3826 Patris,
2596 3760 2694 3831 qui
2727 3763 2784 3813 te
2813 3754 3029 3829 genuit,
3060 3754 3279 3826 quique
3311 3750 3369 3804 in
3400 3754 3555 3804 terra
3584 3764 3647 3803 es

2004 3860 2266 3912 versatus
2290 3860 2521 3925 propter
2552 3849 2816 3905 omnium
2841 3849 3109 3901 nostrum
3142 3840 3411 3907 salutem,
3434 3854 3649 3895 corona

2003 3962 2206 4005 eorum
2266 3944 2364 4016 qui
2422 3958 2525 4015 pro
2565 3945 2622 3996 te
2662 3939 2754 4011 pie
2802 3937 3115 4000 decertant,
3148 3930 3284 3987 audi
3337 3944 3429 3984 me
3478 3926 3649 3983 hodie

2004 4034 2282 4091 humilem
2313 4036 2373 4090 et
2404 4031 2712 4102 indignum
2761 4031 2930 4082 tuum
2986 4020 3288 4083 famulum,
3322 4024 3379 4074 et
3408 4017 3465 4072 in
3507 4031 3649 4087 pace

2003 4124 2235 4196 suscipe
2266 4121 2522 4179 animam
2555 4133 2778 4175 meam:
2812 4120 2868 4171 et
2898 4115 2987 4169 fac
3025 4128 3149 4169 eam
3184 4109 3477 4181 quiescere
3511 4120 3648 4161 cum

2003 4213 2224 4270 sanctis
2252 4211 2393 4282 tuis,
2425 4209 2527 4282 qui
2557 4208 2663 4264 tibi
2691 4206 3037 4279 placuerunt
3067 4219 3100 4257 a
3129 4198 3359 4257 saeculo.
3391 4196 3514 4252 Vox
3542 4211 3651 4251 au-

2002 4306 2119 4358 tem
2151 4319 2181 4357 e
2211 4300 2353 4358 ccelo
2384 4297 2627 4366 exstitit,
2651 4295 2889 4352 dicens:
2922 4289 3155 4347 Audivit
3188 4287 3464 4344 Dominus
3513 4289 3648 4340 tuas

2004 4408 2225 4465 preces,
2260 4408 2291 4446 ο
2322 4388 2565 4455 Artemi,
2598 4394 2649 4441 et
2684 4385 2789 4440 tibi
2822 4380 3057 4439 donavit
3098 4379 3346 4451 gratiam
3389 4376 3649 4432 curatio-

2002 4498 2166 4539 num.
2195 4481 2427 4536 Festina
2464 4493 2596 4548 ergo
2645 4486 3055 4531 consummare
3105 4483 3340 4524 cursum
3373 4473 3560 4533 tuum,
3593 4469 3651 4519 et

2004 4571 2263 4642 accipere
2306 4568 2568 4624 bravium
2613 4567 2878 4636 paratum
2925 4559 3146 4615 sanctis
3204 4555 3498 4620 omnibus,
3546 4552 3646 4623 qui

236 4673 329 4707 νυν
394 4652 684 4709 τελειῶσαι
738 4655 830 4711 τὸν
900 4652 1105 4729 δρόμον
1171 4678 1289 4725 σου,
1349 4658 1437 4713 καὶ
1497 4658 1795 4717 ἀπολαϐεῖν
1825 4664 1886 4718 τὸ

2010 4661 2331 4718 dilexerunt
2388 4657 2698 4713 adventum
2756 4649 2987 4707 Christi.
3039 4648 3198 4704 Hanc
3254 4660 3452 4701 vocem
3511 4657 3645 4697 cum

243 4741 495 4816 βραοεῖον
531 4743 593 4797 τὸ
642 4743 1051 4817 ἡτοιμασμένον
1099 4750 1215 4807 τοῖς
1267 4746 1444 4821 ἁγίοις
1486 4748 1574 4803 καὶ
1614 4755 1744 4804 πᾶσι
1775 4756 1892 4813 τοῖς

237 4830 549 4904 ἠγαπηκόσι
605 4832 704 4900 την
765 4830 1074 4909 ἐπιφάνειαν
1131 4837 1230 4888 τοῦ
1294 4839 1559 4909 Χριστοῦ.
1617 4838 1892 4908 Ταύτηςὸ

242 4921 510 4995 μακάριος
541 4922 639 4990 τῆς
687 4928 869 4999 φωνῆς
916 4922 1171 4991 ἀκούσας,
1211 4924 1301 4978 καὶ
1340 4924 1721 5002 πληροφορίαν
1781 4926 1892 4982 ὥσ-

236 5026 337 5081 περ
406 5004 719 5080 δεξάμενος,
777 5006 948 5078 δῆλος
1000 5011 1065 5080 ἦν
1125 5008 1327 5081 ἡδονῆς
1363 5012 1627 5083 πλησθεὶς
1657 5016 1755 5085 τὴν
1788 5018 1892 5089 ψυ-

237 5097 346 5171 χήν
399 5097 489 5151 καί
536 5094 647 5169 ἤδη
715 5098 813 5167 τῆν
876 5101 1084 5178 τρυφὴν
1141 5100 1419 5175 καὶδόξαν
1468 5106 1533 5173 ῆς
1594 5103 1887 5159 ἀπολαύειν

233 5183 462 5259 ἔμελλε,
502 5187 927 5264 φανταζόμενος.
960 5191 1122 5254 ’Ὁθεν
1174 5191 1263 5246 καὶ
1306 5190 1533 5266 ἅσμενον
1564 5194 1654 5249 τὸν
1689 5196 1892 5269 αὐχένα

229 5273 537 5348 προτείνας,
572 5272 912 5355 δέχεταιτήν
944 5277 1184 5353 πληγήν,
1219 5280 1404 5336 εἰκάδα
1452 5283 1573 5337 τότε
1622 5289 1718 5338 τοῦ
1767 5286 1888 5342 Ὀκο

226 5360 467 5439 τωϐρίου
527 5368 702 5437 μηνὸς
750 5363 1000 5442 ἄγοντος,
1033 5372 1123 5424 καὶ
1183 5370 1341 5434 αὐτὸς
1379 5374 1472 5445 μὲν
1511 5374 1586 5434 εἷς
1627 5374 1887 5448 οὐρανοὺς

230 5453 420 5526 ἄνεισι,
480 5458 559 5527 τῷ
634 5456 915 5531 προσώπῳ
996 5460 1234 5535 Χριστοῦ
1319 5460 1886 5539 ἑμφανισθησόμενος,

306 5714 353 5748 ¹⁸
379 5714 530 5771 Psal.
563 5731 771 5784 Lxxxu,
802 5717 857 5785 3,
888 5718 939 5773 4.

2004 4749 2288 4807 audiisset
2319 4748 2519 4803 beatus
2547 4742 2860 4809 Artemius,
2894 4744 2951 4796 et
2976 4735 3407 4810 quodammodo
3438 4732 3648 4789 certior

2003 4844 2159 4897 esset
2207 4839 2416 4906 factus,
2448 4838 2641 4907 aperte
2689 4830 3035 4889 ostendebat
3081 4843 3144 4882 se
3191 4839 3316 4882 esse
3360 4820 3644 4893 repletum

2001 4930 2236 5002 gaudio,
2284 4931 2341 4983 et
2380 4926 2506 4996 jam
2544 4924 2768 4978 visione
2814 4916 3249 4992 apprehendere
3298 4910 3537 4969 delicias
3589 4913 3649 5002 et

2000 4997 2270 5089 gloriam,
2301 5030 2417 5087 qua
2444 5016 2571 5070 erat
2601 5010 2899 5067 fruiturus.
2934 5006 3095 5062 Unde
3124 5004 3300 5060 etiam
3340 5017 3475 5058 cum
3527 4997 3647 5055 col-

2000 5106 2121 5162 lum
2171 5105 2419 5161 libenter
2464 5102 2832 5176 porrexisset,
2882 5097 3062 5153 ictum
3111 5090 3321 5163 accipit
3368 5089 3644 5146 vicesimo

2000 5196 2221 5251 mensis
2252 5193 2538 5250 Octobris.
2563 5192 2632 5247 Et
2652 5190 2775 5263 ipse
2804 5188 3041 5260 quidem
3075 5181 3339 5241 ascendit
3362 5180 3419 5235 in
3440 5177 3642 5248 ccelos,

1999 5284 2369 5358 appariturus
2426 5286 2559 5339 ante
2607 5277 2824 5336 Christi
2871 5275 3098 5339 faciem,
3150 5288 3252 5344 pro
3302 5287 3415 5342 quo
3463 5268 3639 5325 etiam

1998 5379 2242 5432 mortem
2293 5371 2548 5443 suscepit
2592 5369 2874 5425 alacriter.
2902 5369 3121 5436 Corpus
3153 5364 3349 5417 autem
3380 5363 3437 5416 et
3465 5360 3643 5429 caput

1996 5467 2057 5523 in
2105 5470 2259 5522 terra
2306 5463 2561 5534 reliquit,
2614 5475 2892 5531 magnum
2937 5452 3281 5511 Christianis
3337 5450 3640 5513 solatium,
