4012 6220
385 322 537 383 1211

1729 326 2014 388 MENSIS

2123 326 2443 389 ΞΤΟΒΕΒ..
3642 326 3795 386 1212

378 479 558 534 animi
588 481 1101 555 medicamentum,
1123 484 1476 542 insidiarum
1501 485 1764 542 omnium
1783 489 1841 542 et
1861 486 2027 543 dam-

2142 486 2274 559 ὑπὲρ
2315 487 2376 541 οὗ
2431 485 2521 540 καὶ
2549 487 2737 559 ιθανεῖν
2796 482 3097 559 προθύμως
3147 480 3348 553 εἵλετο,
3396 483 3487 537 καὶ
3544 482 3609 537 τὸ
3640 486 3797 554 σῶμα

378 583 583 625 norum
618 573 965 630 remedium.

2135 572 2194 630 δὲ
2240 576 2329 629 καὶ
2376 576 2476 644 τὴν
2528 573 2773 653 κεφαλὴν
2821 574 2896 636 είς
2936 580 3041 652 γῆν
3098 572 3444 640 καταλείπει,
3488 571 3630 646 μέγα
3677 573 3796 643 Χρι-

2135 669 2372 725 στιανοῖς
2439 665 2807 737 παραμύθιον,
2864 661 3008 733 ’ίαμα
3086 665 3294 736 ψυχῆς,
3350 662 3491 734 ’ἰαμα
3542 661 3796 731 σώματος

2133 752 2311 819 πάσης
2344 746 2645 819 ἐπιϐουλῆς
2672 749 2763 805 καί
2798 745 3012 825 βλάϐης
3044 748 3419 822 ἀλεξιτὴριον.

2208 842 2334 897 ΜΕ’.
2400 842 2572 915 “Οπερ
2634 838 3000 918 φιλόχριστος
3077 836 3375 910 ἀνελομὲεη
3469 839 3634 911 γυνὴ.
3706 838 3794 892 Ἀ-

2140 930 2292 1004 ρίστη
2350 926 2613 1003 τοῦνομα,
2670 926 2921 990 διάκονος
2985 926 3116 983 οὖσα
3172 934 3274 997 τῆς
3350 927 3401 981 ἐν
3484 927 3797 1001 Ἀντιοχείᾳ

2134 1019 2486 1090 Ἐκκλησίας,
2547 1019 2863 1091 ἐπιμελείας
2918 1039 2978 1073 τε
3032 1017 3325 1087 ἀξιώσασα,
3386 1016 3475 1070 καὶ
3538 1017 3681 1085 θήκῃ
3710 1016 3793 1069 ἐν-

2136 1111 2285 1164 θεῖσα
2342 1110 2475 1183 πρὸς

444 836 606 892 XLV.
640 839 798 903 Quod
843 839 1079 909 quidem
1128 855 1259 895 cum
1291 841 1627 897 sustulisset
1658 841 1887 908 mulier,
1922 859 2028 897 no-

374 926 533 980 mine
562 926 779 995 Arista,
812 943 938 998 qua:
972 934 1093 984 erat
1143 930 1475 986 diaconissa
1516 930 1777 986 Ecclesia:
1826 931 2026 987 Antio-

374 1014 593 1084 chcnae,
626 1017 801 1086 idque
851 1024 1137 1087 curasset,
1171 1024 1226 1073 et
1256 1020 1313 1074 in
1346 1037 1580 1090 capsam
1626 1022 2025 1093 imposuisset,

376 1104 447 1159 ad
478 1103 882 1160 felicissimam
914 1108 1264 1163 transmittit
1293 1109 1878 1181 Constantinopolim,
1911 1117 2027 1167 stu-

381 1193 544 1249 dium
578 1195 809 1264 quidem
848 1212 1087 1266 ponens,
1112 1202 1263 1252 uteo
1296 1199 1540 1269 dignum
1575 1200 1855 1271 templum
1889 1202 2029 1256 aedi-

382 1283 602 1351 ﬁcaret,
653 1283 1017 1340 ferventioris
1066 1286 1124 1339 in
1176 1303 1308 1341 eum
1369 1287 1666 1343 cbaritatis
1723 1288 2024 1345 indicium.

384 1371 529 1426 Cum
582 1375 775 1427 autem
823 1389 938 1428 non
986 1374 1291 1443 potuisset,
1325 1375 1480 1445 quod
1512 1377 1754 1443 volebat,
1789 1380 1856 1432 ad
1892 1379 2032 1432 effe-

382 1465 540 1515 ctum
584 1462 897 1530 deducere,
935 1479 1001 1519 eo
1052 1464 1269 1519 factum
1319 1472 1426 1529 est,
1464 1470 1523 1520 ut
1568 1466 1626 1520 in
1681 1467 2027 1522 hodiernum

2552 1109 2651 1177 τήν
2740 1106 3138 1179 πανευδαίμονα
3216 1103 3793 1162 Κωνσναντινοὺπολιν

2135 1194 2512 1271 παραπέμπει,
2572 1194 2813 1264 σπουδὴν
2865 1198 2961 1268 μὲν
3017 1193 3321 1268 ποιουμένη
3370 1198 3466 1248 τοῦ
3526 1193 3617 1247 καὶ
3677 1195 3795 1246 ναὸν

2137 1285 2283 1357 αἱ)τῷ
2331 1286 2480 1356 ἄξιον
2526 1283 2981 1358 ἀνοικοδομῆσαι,
3034 1282 3361 1357 θερμοτέρας
3417 1282 3656 1341 πίστεως
3696 1289 3795 1349 τῆς

2136 1376 2273 1447 πρὸς
2303 1374 2460 1429 αὐτὸν
2512 1376 2815 1451 γνώρισμα.
2855 1375 2930 1446 μὴ
2976 1370 3267 1442 δυνηθεῖσα
3301 1368 3356 1425 δὲ
3383 1376 3462 1443 τῷ
3522 1369 3792 1438 θελήματι

2136 1463 2302 1537 πέρας
2369 1462 2684 1537 ἐπαγαγεῖν,
2761 1462 2929 1535 ταύτῃ
3004 1482 3095 1515 τοι
3180 1460 3270 1514 καὶ
3365 1457 3633 1530 διέμεινεν
3722 1457 3793 1519 εἰς

376 1563 559 1621 usque
590 1549 745 1604 diem
778 1550 839 1605 in
870 1550 1093 1622 templo
1126 1554 1509 1609 Praecursoris
1542 1554 1670 1623 ejus
1701 1571 1877 1610 sacrm
1912 1571 2026 1611 ma-

375 1642 581 1693 nerent
610 1640 889 1710 reliquias,
920 1657 1047 1711 quae
1069 1647 1490 1697 conservantur
1515 1644 1670 1698 sicut
1692 1643 2023 1711 thesaurus,

379 1728 477 1799 qui
508 1745 624 1784 non
659 1732 1046 1798 consumitur,
1080 1732 1149 1785 ad
1199 1731 1441 1802 gloriam
1494 1733 1710 1788 Christi
1759 1734 1879 1789 veri
1929 1734 2029 1789 Dei

2139 1551 2295 1622 δεῦρο
2349 1550 2429 1624 τῷ
2493 1556 2590 1606 τοῦ
2641 1548 2970 1625 Ιίροὸρὸμου
3027 1554 3141 1619 ναῷ
3184 1549 3253 1602 τὰ
3300 1548 3419 1621 ἰερᾶ
3446 1547 3661 1601 τούτων
3694 1545 3797 1601 λεί-

2136 1644 2299 1714 ψανα,
2378 1642 2647 1715 θησαυρὸς
2733 1635 2914 1712 ὥσπερ

2139 1731 2214 1791 εἷς
2247 1728 2402 1801 δόξαν
2442 1731 2679 1804 Χριστοῦ
2710 1734 2808 1783 τοῦ
2839 1727 3105 1797 ἀληθινοῦ
3139 1730 3260 1789 θεοῦ
3292 1724 3470 1798 ἡμῶν,
3505 1725 3552 1796 ᾧ
3602 1725 3796 1795 πρέπει

3008 1636 3213 1693 ἀδάπαν
3224 1658 3280 1697 ος
3364 1637 3634 1706 συντηροτό
3647 1656 3793 1707 μενα,

374 1817 598 1873 nostri:
633 1833 805 1888 quem
856 1819 1018 1874 decet
1069 1823 1272 1885 honor,
1327 1822 1604 1891 potentia,
1656 1823 1934 1893 majestas
1974 1828 2029 1880 et

2141 1821 2301 1892 τιμὴ,
2360 1821 2583 1893 κράτος,
2637 1818 2976 1892 μεγαλοσῦνη
3064 1836 3119 1870 τε
3205 1815 3295 1869 καὶ
3350 1813 3795 1890 μεγαλοπρέπεια

371 1905 820 1975 magniﬁcentia,
852 1923 1004 1963 nunc
1031 1912 1084 1963 et
1130 1925 1379 1979 semper,
1413 1915 1469 1965 et
1502 1911 1561 1966 in
1594 1912 1808 1967 secula
1838 1912 2026 1967 saecu-

2137 1914 2227 1964 νῦν
2301 1909 2391 1964 καὶ
2464 1908 2545 1963 ἀεὶ
2623 1908 2713 1963 καὶ
2790 1906 2867 1968 εἷς
2940 1904 3067 1966 τοὺς
3143 1904 3341 1966 αἰῶνας
3413 1908 3521 1957 τῶν
3580 1901 3797 1957 αἰώνων

370 1991 586 2050 lorum.
621 1997 828 2052 Amen.

2136 2000 2324 2070 Αμήν-

1320 2383 1656 2480 ΒΙΟΣ
1774 2382 2020 2478 ΚΑΙ
2142 2379 2888 2479 ΙΙΟΛΙΤΕΙΑ

1504 2575 1635 2631 ΤΟΥ
1674 2575 1760 2629 ΕΝ
1800 2574 2034 2630 ΛΓΙΟΙΣ
2078 2573 2406 2629 ΠΑΤΕΡΟΣ
2449 2573 2649 2629 ΗΜΩΝ

372 2732 1282 2867 ΑΒΕΡΚΙΟΥ
1412 2736 2458 2866 ΕΠΙΣΚΟΠΟΥ
2591 2730 3775 2863 ΙΕΡΑΠΟΛΕΩΣ.

1374 3101 1622 3190 VITA
1684 3102 1827 3187 ET
1887 3099 2116 3186 CON
2136 3103 2274 3185 VE
2296 3102 2431 3187 BS
2451 3100 2793 3188 ᾹἹἸΟΝ

1649 3281 1902 3337 SANCTI
1945 3281 2199 3338 PATRIS
2240 3281 2502 3338 NOSTRI

655 3453 1292 3585 ABERCII
1410 3452 2162 3586 EPISCOPI
2279 3448 3481 3584 HIEBAPOLEOS.

988 3701 1213 3773 (Latine
1243 3717 1336 3774 ap.
1372 3701 1607 3758 Surium
1639 3701 1872 3757 Octobr.
1899 3701 1991 3757 die
2019 3701 2127 3771 22;
2160 3700 2353 3756 Graece
2382 3716 2452 3755 ex
2481 3698 2607 3754 cod.
2642 3713 2750 3754 ms.
2784 3696 2947 3754 Paris
2979 3696 3165 3767 1484.)

426 4024 470 4081 I.
506 4027 699 4082 Marco
722 4028 1012 4084 Antonino
1043 4030 1101 4083 et
1136 4027 1304 4084 Lucio
1336 4027 1481 4083 Vero
1506 4028 1831 4083 Romanum
1854 4028 2001 4083 obti-
2035 4038 2043 4089 4

2188 4026 2267 4081 Α“.
2331 4025 2557 4098 Μάρκου
2613 4022 2943 4079 Ἀντωνίνου
3001 4020 3091 4078 καὶ
3152 4021 3379 4077 Λευκίου
3435 4020 3771 4096 Βήρου,τήν

337 4100 636 4172 Δηειοιὶὶηιει
685 4115 1019 4188 imperium,
1054 4116 1305 4186 pervasit
1348 4117 1643 4173 decretum
1681 4116 1739 4172 in
1773 4117 2005 4170 univer-

363 4220 486 4260 sam
521 4209 755 4271 terram,
788 4223 917 4276 qua:
950 4206 1187 4277 parebat
1236 4206 1533 4270 Romanis.
1559 4206 1777 4278 jubens
1812 4204 2005 4261 offerri

364 4292 595 4366 publica
648 4294 934 4350 sacrificia
972 4304 1025 4350 et
1065 4295 1347 4352 libamina
1384 4295 1516 4365 diis,
1561 4296 1661 4368 qui
1708 4296 2002 4349 dicuntur.

2114 4114 2486 4188 αὐτοκράτορα
2559 4112 2858 4186 Ῥωμαίοις
2933 4109 3228 4167 διεπόντων
3294 4111 3496 4185 ἀρχήν,
3585 4106 3769 4185 δόγμα

2114 4203 2201 4259 ἐπὶ
2260 4208 2432 4258 πᾶσαν
2508 4202 2695 4281 ἐφοίτα
2750 4205 2850 4272 τὴν
2908 4209 3008 4277 γῆν
3094 4201 3195 4271 ὅση
3274 4201 3396 4256 τότε
3475 4200 3773 4271 Ῥωμαίοις

2119 4295 2381 4363 ὑπήκουε,
2442 4291 2772 4366 δημοτελεῖς
2825 4291 3048 4347 κελεῦον
3094 4297 3211 4353 τοῖς
3261 4289 3577 4364 λεγομὲνοις
3626 4290 3775 4350 θεοῖς

362 4382 505 4439 Cum
556 4380 664 4439 hoc
711 4399 847 4454 ergo
897 4386 1196 4441 decretum
1257 4395 1392 4441 tunc
1438 4388 1684 4442 missum
1731 4391 1884 4442 esset
1933 4389 2003 4443 ad

357 4473 632 4531 Publium
681 4492 863 4546 parvae
914 4476 1173 4550 Phrygiae
1206 4479 1537 4548 praesidem,
1572 4478 1782 4535 licebat
1812 4479 2006 4536 videre

356 4580 581 4631 omnes,
615 4564 717 4636 qui
750 4570 917 4622 erant
963 4567 1075 4621 sub
1125 4566 1342 4622 ditione
1391 4566 1812 4637 Romanorum,
1855 4568 2003 4622 cele-

355 4654 526 4710 brare
585 4654 734 4710 festa
780 4658 838 4709 et
896 4654 1199 4721 sacriﬁcia,
1250 4662 1303 4709 et
1360 4654 1670 4725 diligenter
1723 4655 2005 4712 inservire

348 4743 548 4814 jussui
579 4743 971 4799 Romanorum
1000 4759 1013 4796 :
1046 4747 1396 4813 senatusque
1445 4742 1909 4814 Hierapolitanus
1949 4750 2007 4801 et

352 4831 605 4903 populus
654 4847 1025 4903 nequaquam
1079 4832 1320 4886 aberant
1349 4848 1382 4885 a
1412 4848 1576 4887 sacro
1616 4830 1715 4887 illo
1747 4833 2000 4897 publico.

358 4922 457 4976 Hic
494 4928 690 4977 autem
738 4921 881 4991 ipse,
916 4921 1087 4991 cujus
1136 4926 1226 4976 est
1268 4937 1521 4991 praesens
1569 4932 2001 4991 argumentum,

352 5010 649 5078 Abercius,
675 5011 769 5065 cui
801 5015 924 5065 erat
954 5010 1296 5065 commissus
1327 5011 1700 5082 episcopatus
1733 5011 2003 5086 Hierapo-

353 5099 695 5166 litanorum,
735 5114 867 5153 cum
916 5098 1155 5155 vidisset
1206 5099 1359 5155 cives
1407 5100 1745 5157 candidatos
1794 5102 2004 5160 infesta

355 5186 456 5242 illa
483 5187 630 5243 festa
662 5204 929 5258 peragere
959 5188 1032 5243 ad
1064 5204 1178 5243 suae
1210 5189 1419 5245 animae
1449 5190 1749 5246 interitum
1776 5206 1789 5245 :
1823 5200 1877 5249 et
1906 5209 1999 5248 ve-

357 5292 481 5331 rum
512 5276 750 5346 quidem
796 5276 977 5332 Deum
1029 5279 1389 5348 contemptui
1420 5278 1643 5349 haberi,
1675 5281 1853 5337 surda
1901 5298 2001 5337 au-

2116 4381 2345 4443 σπονίσὶς
2376 4403 2435 4437 τε
2464 4382 2551 4435 καὶ
2613 4383 2796 4444 θυσίας
2850 4380 3135 4439 ἐπιτελεῖν.
3171 4383 3282 4437 Τοῦ
3312 4378 3445 4453 γοῦν
3510 4377 3770 4432 τοιούτου

2116 4471 2384 4546 δόγματος
2450 4471 2540 4525 καὶ
2599 4469 2743 4542 σῦτῷ
2807 4469 3032 4542 Ποπλίῳ
3085 4476 3186 4538 τῆς
3246 4472 3445 4543 μικρᾶς
3522 4466 3770 4541 Φρυγίας

2112 4560 2493 4636 ἡγεμονεύοντι
2551 4560 2674 4615 τότε
2758 4560 3251 4636 καταπεμφθὲντος,
3305 4558 3371 4626 ἦν
3450 4558 3578 4630 ὁρᾷν
3668 4558 3771 4624 τὴν

2113 4651 2215 4707 ὑπὸ
2269 4650 2572 4723 Ῥωμαίους
2624 4654 2793 4703 πᾶσαν
2854 4649 3042 4724 ἑορτάς
3088 4670 3149 4705 τε
3180 4648 3406 4725 ἄγοντας
3440 4647 3529 4703 καὶ
3560 4646 3773 4716 θυσίας,

2112 4741 2201 4795 καὶ
2261 4736 2469 4808 σπουδῆ
2543 4744 2621 4811 τῷ
2704 4744 2811 4794 τῶν
2888 4737 3298 4812 αὐτοκρατόρων
3384 4736 3772 4812 προστάγματι

2114 4827 2586 4903 διακονουμένους·
2645 4829 2679 4897 ἤ
2730 4849 2789 4883 τε
2831 4826 3011 4902 βουλὴ
3043 4832 3152 4882 τῶν
3194 4826 3583 4901 Ἰεραπολιτῶν
3614 4829 3712 4883 καὶ
3743 4830 3773 4883 ὁ

2114 4915 2315 4991 δῆμος,
2351 4916 2474 4973 οὐδὲ
2506 4919 2654 4973 οὗτοι
2684 4919 2782 4987 τῆς
2813 4924 3005 4987 κοινῆς
3052 4915 3260 4988 ἐκείνης
3314 4915 3773 4989 ἀπελιμπᾶνοντο

2112 5007 2357 5077 τελετῆς,
2391 5008 2562 5071 Αὐτὸς
2592 5005 2650 5061 δὲ
2688 5005 2872 5075 οὗτος,
2906 5007 2934 5061 ὁ
2964 5006 3052 5061 νῦν
3084 5006 3334 5071 ὑπόθεσις
3391 5007 3529 5079 ἡμῖν
3594 5006 3773 5079 ὑπάρ-

2110 5116 2228 5172 χων
2285 5096 2589 5171 Ἀβὲρκιος,
2648 5098 2749 5167 τήν
2808 5093 3192 5169 Ἰεραπολιτῶν
3253 5094 3556 5166 ἐπισκοπήν
3611 5094 3769 5170 ἐγκε-

2112 5190 2477 5262 χειρισμένος,
2537 5184 3030 5261 λευχειμονοῦντας
3084 5206 3142 5242 τε
3196 5185 3325 5250 τοὺς
3378 5183 3634 5252 πολίτας,
3678 5186 3770 5243 καὶ

2109 5278 2204 5338 τὰς
2235 5275 2520 5351 ἀνεόρτους
2570 5276 2771 5331 ὲκείνας
2830 5276 3017 5350 ἑορτὰς
3072 5273 3162 5330 ἐπὶ
3214 5278 3582 5352 καταστροφῇ,
3616 5277 3768 5349 φεῦί

358 5369 477 5420 tem
508 5364 734 5421 adorari
761 5367 1111 5423 simulacra:
1146 5367 1354 5424 falsam
1398 5369 1763 5440 phantasiam
1798 5374 1886 5440 (ut
1915 5372 2001 5426 di-
2031 5402 2043 5468 γ

2123 5369 2213 5431 τῆς
2261 5367 2464 5421 ἑαυτῶν
2516 5370 2701 5441 ψυχῆς
2744 5364 3131 5427 ἐπιτελοῦντας
3180 5362 3334 5433 ἰδὼν,
3381 5365 3470 5419 καὶ
3522 5367 3615 5419 τὸν
3671 5366 3767 5438 μὶν

359 5471 486 5512 cam
520 5470 653 5510 cum
685 5454 878 5511 divino
913 5457 1203 5529 Habacuc)
1234 5462 1292 5513 et
1321 5458 1531 5515 erroris
1562 5458 1872 5531 caliginem
1906 5477 2002 5516 su-

360 5542 689 5617 permultos
720 5544 971 5614 infundi,
1002 5562 1121 5602 rem
1156 5546 1467 5604 arbitratus
1495 5564 1730 5619 gravem
1761 5557 1815 5605 et
1836 5549 1998 5608 valde

360 5634 694 5705 absurdam,
729 5642 783 5691 et
811 5638 1087 5707 tanquam
1117 5637 1312 5692 animo
1344 5638 1643 5693 sauciatus
1668 5654 1771 5709 pro
1801 5638 1990 5694 fratri-

2111 5457 2292 5527 ἀληθῆ
2328 5457 2455 5512 Θεὸν
2512 5459 2893 5530 ἀθετουμενον,
2952 5454 3156 5512 εἴδωλα
3221 5454 3279 5511 δὲ
3333 5455 3491 5530 κωφᾶ
3528 5477 3773 5530 προσκυ-

2105 5548 2360 5619 νούμενα,
2419 5544 2589 5620 ψευδῆ
2652 5545 2943 5621 φαντασίαν
2997 5546 3126 5600 εἶναι
3178 5545 3285 5617 (ἱνα
3341 5546 3404 5600 τὸ
3459 5548 3557 5599 τοῦ
3614 5545 3769 5600 θείου

2104 5631 2383 5711 Ἀμϐἀκου
2424 5636 2795 5715 φθέγξιομαι),
2824 5635 2915 5690 καὶ
2943 5632 3154 5705 πλάνης
3188 5633 3363 5710 ἀχλὺν
3395 5633 3483 5691 ἐπὶ
3512 5633 3765 5701 πολλοὺς
