4048 6202
298 369 451 430 1213

295 525 682 607 διαχεομένην,

296 640 398 674 πον
457 617 825 692 ἡγησάμενος,
875 613 967 667 καὶ
1033 611 1120 666 οἶα
1197 610 1330 682 ὑπὲρ
1412 609 1660 688 ἀδελφῶν
1715 610 1946 685 πληγείς

297 711 398 780 τήν
439 708 648 783 ψυχὴν,
683 706 732 760 ἐν
787 703 1012 779 δάκρυσι
1053 705 1132 772 τῷ
1183 704 1297 773 Θεῷ
1343 703 1657 774 καταμόνας
1703 699 1952 775 προσηύ-

300 817 454 876 χετο,
490 797 604 866 Θεέ,
639 793 841 870 λέγων,
870 797 980 853 τῶς
1012 790 1250 858 αἰώνων,
1282 791 1373 844 καὶ
1415 789 1578 864 Κύριε
1609 794 1705 845 τοῦ
1737 788 1948 860 ἐλέους,

301 887 392 942 καὶ
445 883 753 960 δημιουργὲ
805 887 902 939 τοῦ
960 903 1271 956 συμπαντος
1327 878 1489 937 τοῦδε
1555 879 1643 935 καὶ
1704 884 1949 955 συνογεῦ,

503 943 533 959 ,,
659 943 666 960 ,
705 943 715 960 ,
1032 943 1042 956 ,
1259 943 1267 945 ,

305 977 334 1031 ὁ
376 975 787 1049 ἐνανθρωπῆσαι
855 972 946 1028 τὸν
1009 975 1280 1046 μονογενῆ
1338 975 1433 1025 σοῦ
1488 968 1658 1024 Παῖδα
1707 968 1776 1022 δι’
1807 943 1954 1042 ημᾶς

307 1062 627 1134 εύόοκήσας,
675 1056 823 1116 ἔπιδε
872 1061 962 1116 καὶ
1010 1065 1100 1114 νῦν
1150 1061 1230 1134 ἐφ’
1270 1060 1328 1114 ’ὸν
1371 1057 1818 1134 ἐδημιούργησας
1867 1060 1955 1113 κό-

309 1174 470 1227 σμον,
507 1149 645 1225 μηδὲ
681 1153 778 1220 την
812 1152 908 1220 σην
936 1151 1138 1220 ταύτην
1193 1146 1354 1204 πὸλιν
1407 1148 1457 1202 ἐν
1595 1169 1660 1222 με
1719 1149 1953 1220 ποιμένα

307 1250 415 1298 τῶν
450 1247 555 1298 σῶν
589 1240 714 1306 ἔθου
744 1236 1058 1315 προϐάτων,
1090 1242 1175 1294 καὶ
1210 1239 1277 1308 ἦς
1312 1239 1390 1312 τῷ
1421 1239 1614 1312 ἀναξίῳ
1673 1237 1797 1312 ἐμοὶ
1857 1239 1955 1305 τὴν

308 1330 610 1400 ἐπισκοπὴν
643 1329 998 1408 ἐνεχείρισας,
1043 1330 1462 1404 χειροποιήτοις
1508 1327 1650 1382 οὕτω
1708 1323 1955 1401 περιίδῃς

315 1385 422 1387 νην
568 1385 577 1400 ι
731 1385 832 1408 ’,ι
963 1385 998 1396 -ι
1046 1385 1146 1404 ni
1330 1385 1339 1398 ι
1451 1385 1460 1389 -
1780 1385 1787 1401 I
1901 1385 1952 1400 δ”

312 1420 653 1496 βδελύγμασι
699 1417 1133 1492 προσκειμένην·
1186 1415 1331 1472 ἀλλά
1386 1422 1483 1471 τοῦ
1542 1414 1954 1477 ἐπισκοτοῦντος

307 1511 448 1582 αὐτῇ
504 1517 605 1578 τῆς
656 1508 867 1578 ἀπάτης
926 1509 1120 1585 νέφους
1181 1504 1519 1578 ἀπαλλάξας,
1559 1509 1640 1578 τῷ
1689 1510 1765 1577 σῷ
1817 1505 1956 1584 φωτὶ

307 1596 758 1674 προσοικείωσον.

380 1686 454 1742 Β’.
496 1687 680 1741 Ταῦτα
738 1685 822 1738 ἐπὶ
875 1685 1018 1740 πολὺ
1075 1691 1175 1754 τῆς
1228 1682 1440 1760 ἡμέρας
1497 1682 1956 1757 προσευξάμενος,

308 1774 398 1830 καὶ
439 1773 589 1847 ὕπνῳ
648 1771 773 1836 δοὺς
820 1774 1028 1842 ἑαυτὸν,
1082 1775 1181 1848 ὁρᾷ
1221 1773 1429 1828 νεανίαν
1490 1771 1692 1847 ὡραῖόν
1746 1793 1805 1826 τε
1869 1771 1958 1826 καὶ

311 1865 478 1920 καλὸν
512 1866 574 1919 τὸ
616 1861 781 1932 εἶδος,
816 1859 1013 1939 ῥάϐδον
1038 1863 1184 1936 αὐτῷ
1215 1863 1608 1941 ἐγχειρίζοντα,
1641 1864 1730 1918 καὶ
1763 1865 1850 1920 Ἐν
1878 1867 1958 1935 τῷ

316 1953 543 2026 ὀνόματί
588 1973 713 2026 μου,
756 1949 1024 2028 Ἀϐέρκιε,
1072 1951 1324 2021 λέγοντα,
1376 1952 1670 2028 πορεύθητι
1720 1957 1834 2020 νῦν,
1866 1952 1956 2006 καὶ

319 2042 603 2117 σύντριψον
679 2044 748 2114 τῇ
835 2041 1104 2116 βακτηρίᾳ
1175 2042 1343 2116 ταύτῃ
1398 2041 1527 2103 τοὺς
1598 2044 1695 2110 τῆς
1753 2039 1963 2111 πλάνης

320 2132 547 2194 αἰτίους.
609 2132 950 2192 Διυπνισθεὶς
1011 2130 1124 2204 οὖν,
1178 2133 1270 2186 καὶ
1357 2130 1440 2186 ὅτι
1533 2132 1736 2204 Κύριος
1811 2130 1877 2198 ἧν
1939 2130 1966 2184 ὁ

323 2222 505 2298 φανεὶς
579 2221 727 2292 αὐτῷ
797 2219 980 2282 καλῶς
1053 2219 1332 2290 ἐννοήσας,
1376 2218 1532 2284 εὐθὺς
1607 2218 1965 2289 διανίσταται,

321 2310 413 2365 καὶ
507 2310 733 2385 θάρσους
826 2307 1208 2384 ἐμπίπλαται,
1303 2311 1390 2364 καὶ
1485 2308 1829 2384 παμμέγεθες
1917 2329 1970 2361 τι

327 2399 487 2470 ξύλον
577 2401 837 2474 ἀρπάσας,
902 2396 1086 2454 ἔπεισε
1179 2399 1352 2453 πνέων
1419 2397 1593 2469 ζήλου
1649 2399 1740 2453 καὶ
1799 2399 1969 2475 ὀργῆς

323 2488 527 2551 ἆκεῖνος
585 2490 731 2557 παρά
787 2490 850 2544 τὸ
920 2494 1016 2543 τοῦ
1073 2489 1431 2549 Ἀπόλλωνος
1499 2489 1665 2564 ἱερὸν,
1719 2482 1843 2552 ἕνθι
1919 2489 1972 2542 αἱ

325 2578 579 2634 πλεῖσται
613 2576 839 2634 σπονδαί
887 2599 944 2633 ιε
999 2579 1088 2633 καὶ
1148 2578 1327 2642 θυσίαι
1377 2575 1736 2634 διετελοῦντο.
1780 2579 1881 2634 Ἦν
1916 2574 1973 2631 δὲ

327 2669 451 2744 περί
507 2690 610 2722 που
666 2671 766 2737 τὴν
832 2667 1021 2736 ἐνάτην
1053 2665 1193 2742 ὥραν
1245 2670 1279 2736 ἡ
1321 2668 1433 2740 νὺξ,
1473 2667 1563 2721 καὶ
1622 2672 1691 2741 τῇ
1725 2666 1840 2737 θείᾳ
1879 2687 1976 2721 πε-

328 2759 533 2820 ποιθὼς
584 2756 865 2835 ἐμφανεία,
917 2762 1107 2832 πρῶτα
1150 2758 1244 2829 μὲν
1303 2755 1489 2810 αὐταῖς
1537 2757 1694 2830 χερσί
1745 2756 1838 2818 τὰς
1877 2759 1974 2810 τοῦ

328 2849 431 2904 νεὼ
460 2846 635 2908 πύλας
668 2847 798 2911 ὠθεῖ
832 2866 843 2877 ”
897 2845 987 2901 καὶ
1046 2845 1160 2900 ἐπεὶ
1210 2844 1264 2900 αἳ
1319 2867 1378 2900 τε
1432 2842 1644 2909 κλεῖδες
1695 2843 1839 2916 αὐτῷ
1886 2843 1975 2899 καὶ

331 2939 384 2993 οἱ
436 2936 644 3011 μοχλοὶ
697 2930 1103 3010 συνετρίϐησαν,
1145 2935 1234 2990 καὶ
1288 2935 1344 2989 αἱ
1391 2933 1561 2989 πύλαι
1609 2934 1975 3005 ἀνεπετάσθη-

334 3049 446 3096 σαν,
482 3026 560 3088 εἷς
610 3025 771 3099 μέσον
820 3026 912 3080 τὸν
959 3025 1080 3079 ναὸν
1129 3021 1460 3098 εἶσδραμὼν,
1489 3025 1551 3078 τὸ
1597 3023 1763 3086 ἑστὼς
1811 3023 1979 3078 ἐκεῖσε

332 3121 429 3170 τοῦ
469 3113 830 3177 Ἀπόλλωνος
883 3111 1115 3168 εἶ’δωλον
1164 3113 1382 3183 κατέαξέ
1419 3133 1476 3168 τε
1531 3114 1618 3168 καὶ
1682 3112 1756 3174 εἰς
1808 3110 1980 3167 λεπτᾶ

337 3203 556 3259 διεῖλεν.
591 3205 725 3260 Εἶτα
773 3204 863 3258 καὶ
929 3204 994 3258 τὰ
1059 3207 1166 3259 τῶν
1217 3200 1403 3258 ἄλλων
1461 3203 1594 3266 θεῶν
1651 3201 1978 3278 περιελθὼν,

1667 358 1841 421 VITA
1889 357 1949 419 S.
1998 353 2337 418 ABERCII.

3546 325 3705 386 1214

733 521 978 601 χαλεπὸν
1033 522 1095 578 τὸ
1151 525 1376 596 πρᾶγμα
1430 520 1519 575 καὶ
1581 518 1766 582 δεινῶς
1825 521 1981 588 ὀὶτο-⁴

2099 535 2187 586 us,
2220 530 2349 571 cum
2381 508 2651 580 lacrymis
2681 507 2864 562 Deum
2898 515 3162 559 seorsum
3211 494 3582 568 precabatur,
3616 488 3706 543 di-

2629 596 2640 601 ’
2915 596 2924 601 ‘
2983 597 3013 601 -
3128 589 3141 600 '
3341 585 3352 596 '
3403 600 3408 601 γ
3457 577 3681 601 9--..Δ2..

2059 623 2237 664 cens:
2270 604 2423 660 Deus
2472 596 2844 658 saeculorum,
2878 596 2934 648 et
2982 589 3222 645 Domine
3278 577 3707 645 misericordia,

2060 698 2159 770 qui
2192 697 2300 752 hoc
2334 693 2673 748 universum
2709 683 3022 739 fabricatus
3054 679 3112 733 id
3143 676 3440 734 contines:
3478 671 3576 743 qui
3607 685 3710 724 vo-

2060 761 2239 851 luisti,
2274 789 2338 840 ut
2372 778 2704 853 unigenitus
2730 779 2866 830 tuus
2899 769 3076 825 Filius
3129 769 3366 839 propter
3395 779 3502 818 nos
3535 761 3710 816 homo

2061 879 2242 945 fieret,
2269 889 2424 929 nunc
2451 883 2676 942 quoque
2707 862 2904 935 aspice
2936 857 3247 924 mundum,
3273 867 3446 925 quem
3481 855 3540 905 tu
3575 864 3712 904 con-

2063 940 2513 1033 didistizneque
2563 957 2715 1012 hanc
2764 961 2922 1007 tuam
2975 947 3296 1011 civitatem,
3347 940 3405 994 in
3457 954 3571 1009 qua
3620 951 3713 990 me

2065 1053 2314 1129 posuisti
2365 1053 2660 1124 pastorem
2712 1047 2941 1098 tuarum
2992 1036 3200 1103 ovium,
3249 1035 3304 1087 et
3352 1029 3520 1099 cujus
3571 1023 3714 1080 mihi

2065 1145 2305 1214 indigno
2336 1134 2683 1196 commisisti
2715 1131 3142 1204 episcopatum,
3165 1117 3451 1192 despicias
3475 1115 3556 1172 sic
3588 1129 3716 1170 ma-

2066 1203 2320 1291 nufa‘ctis
2365 1227 2620 1284 deditam
2670 1203 3246 1278 abominationibus:
3282 1209 3379 1265 sed
3427 1221 3526 1262 eos
3571 1203 3714 1258 libe-

2065 1330 2282 1381 ratosa
2314 1320 2466 1376 nube
2523 1313 2755 1380 erroris,
2804 1326 2927 1382 quae
2987 1306 3071 1362 eis
3128 1299 3374 1360 offundit
3425 1295 3712 1364 tenebras,

2065 1414 2318 1486 adjunge
2349 1415 2450 1465 tuo
2482 1403 2718 1462 lumini.

2139 1687 2206 1743 Il.
2241 1684 2369 1739 Haec
2401 1694 2534 1736 cum
2568 1691 2778 1746 magna
2807 1669 2921 1727 diei
2956 1671 3120 1740 parte
3149 1665 3306 1721 esset
3336 1661 3625 1734 precatus,
3663 1659 3719 1712 et

2068 1792 2132 1832 se
2161 1789 2368 1831 somno
2400 1767 2680 1832 dedisset,
2723 1761 2879 1819 videt
2917 1756 3344 1814 adolescentem
3396 1749 3720 1818 elegantem

2069 1883 2136 1922 ac
2184 1862 2535 1936 speciosum,
2568 1856 2790 1926 virgam
2822 1849 2874 1905 ei
2906 1848 2965 1904 in
2999 1860 3234 1902 manum
3284 1839 3634 1901 tradentem,
3664 1837 3723 1890 et

2076 1955 2398 2009 dicentem:
2434 1950 2496 2004 In
2546 1943 2780 2000 nomine
2823 1954 2975 2004 meo,
3007 1932 3236 1999 Aberci,
3271 1944 3425 1985 nunc
3465 1923 3721 1982 ambula:

2078 2049 2135 2100 et
2164 2043 2272 2098 hoc
2324 2035 2533 2094 baculo
2590 2035 2821 2088 contere
2870 2029 3137 2083 auctores
3185 2018 3415 2078 erroris.
3443 2017 3484 2071 E
3517 2027 3723 2071 somno

2077 2147 2213 2203 ergo
2246 2127 2552 2189 excitatus,
2587 2138 2720 2178 cum
2773 2122 2927 2174 recte
2983 2110 3366 2170 intellexisset
3419 2103 3724 2161 Dominum

2077 2191 2186 2276 sibi
2223 2217 2587 2291 apparuisse,
2620 2210 2819 2268 statim
2851 2204 3062 2277 surgit,
3095 2206 3151 2258 et
3181 2198 3461 2270 impletur
3491 2191 3726 2261 fiducia,

2079 2315 2136 2368 et
2163 2281 2416 2366 maximo
2454 2303 2615 2375 ligno
2669 2301 2920 2370 arrepto,
2952 2293 3095 2350 abiit
3124 2290 3240 2359 ille,
3271 2285 3458 2342 zelum
3494 2281 3727 2353 spirans

2080 2404 2137 2457 et
2166 2400 2338 2465 iram,
2371 2396 2443 2451 ad
2478 2373 2759 2462 templum
2803 2383 3116 2458 Apollinis,
3157 2379 3255 2434 ubi
3303 2373 3732 2448 peragebantur

2083 2489 2252 2561 plura
2283 2482 2570 2542 sacrificia
2598 2488 2653 2536 et
2683 2475 2987 2534 libamina.
3020 2473 3156 2526 Erat
3196 2471 3390 2524 autem
3440 2463 3591 2518 circa
3621 2475 3730 2515 no-

2083 2549 2219 2634 nam
2242 2576 2442 2630 horam
2471 2571 2677 2627 noctis.
2699 2569 2903 2637 Itaque
2926 2561 3120 2618 divina
3144 2559 3322 2613 fretus
3346 2549 3730 2624 apparitione,

2085 2667 2337 2740 primum
2358 2659 2596 2733 quidem
2619 2655 2763 2728 ipsis
2781 2651 3050 2708 manibus
3071 2645 3264 2718 pulsat
3281 2640 3477 2712 templi
3501 2641 3729 2710 portas:

2085 2761 2142 2812 et
2183 2768 2317 2810 cum
2376 2749 2568 2806 claves
2599 2725 2657 2801 et
2684 2751 2875 2800 vectes
2909 2740 2979 2794 ab
3027 2753 3092 2793 eo
3142 2735 3336 2790 essent
3387 2725 3644 2793 contriti,
3675 2727 3732 2780 et

2085 2847 2296 2916 apertae
2346 2841 2542 2895 essent
2592 2841 2790 2908 portae,
2833 2832 2892 2886 in
2943 2825 3197 2884 medium
3238 2834 3550 2877 accurrens
3580 2819 3731 2871 tem-

2086 2909 2272 3007 plum,
2298 2926 2604 3001 Apollinis,
2631 2923 2785 2996 quod
2810 2919 2928 2975 illic
2951 2917 3163 2984 stabat,
3187 2909 3569 2968 simulacrum
3591 2919 3732 2960 con-

2087 3023 2259 3094 fregit
2299 3037 2365 3076 ac
2396 2994 2754 3074 comminuit.
2788 3009 3008 3066 Deinde
3037 3004 3151 3060 alia
3198 3013 3432 3073 quoque
3481 2994 3730 3051 aliorum

2089 3115 2328 3170 deorum
2359 3106 2671 3166 simulacra
2699 3102 2924 3168 obiens,
2955 3095 3146 3154 affecit
3193 3089 3479 3148 similiter.
3515 3084 3605 3142 Dii
3635 3100 3732 3140 au-

2089 3207 2207 3260 tem
2241 3215 2358 3256 non
2390 3214 2451 3254 se
2480 3193 2883 3258 defenderunt,
2915 3191 2970 3245 et
3001 3202 3125 3258 quis
3157 3185 3296 3238 sunt
3323 3177 3499 3234 surda
3527 3176 3586 3231 et
3613 3173 3736 3229 ina-

339 3294 532 3362 ἰπίσης
580 3291 812 3363 διέθηκε.
860 3293 960 3349 Καὶ
1003 3293 1054 3346 οἱ
1100 3293 1218 3347 θεοὶ
1267 3293 1368 3347 οὐκ
1411 3272 1734 3365 ἠμύναντο,
1765 3293 1854 3346 καὶ
1918 3291 1981 3347 τά

2095 3292 2210 3361 nia,
2244 3291 2326 3347 sic
2356 3290 2519 3344 erant
2567 3283 2739 3356 plane
2782 3279 2961 3337 surda
2990 3280 3046 3332 et
3081 3277 3260 3337 muta,
3292 3281 3490 3325 vocem
3546 3272 3736 3321 tamen

340 3384 498 3461 κωφὰ
546 3384 635 3438 καὶ
687 3384 918 3455 μάτατα,
951 3383 1106 3462 κωφὰ
1139 3383 1280 3437 οὕτω
1311 3381 1400 3436 καὶ
1432 3381 1618 3459 ἄφωνα
1656 3383 1720 3451 ἦν
1758 3403 1769 3414 ·
1805 3383 1990 3460 φωνὴν

345 3472 606 3548 μεγίστην
672 3472 777 3525 ἀπὸ
841 3475 949 3525 τῶν
1011 3467 1182 3546 ἔργων
1233 3471 1477 3548 ἀφιέντα,
1538 3473 1620 3526 ὅτι
1692 3473 1990 3543 μεμήνασιν

340 3561 620 3635 ἅνθρωποι
697 3561 972 3622 τοιούτοις
1052 3559 1170 3615 οὖσι
1247 3560 1633 3636 προσέχοντες,
1683 3560 1772 3614 καὶ
1840 3559 1995 3622 θεοὺς

342 3649 538 3712 αὐτοὺς
607 3651 995 3723 ὀνομάζοντες,
1042 3651 1133 3704 καὶ
1193 3648 1275 3705 ὅτι
1330 3653 1498 3705 ταῦτα
1555 3649 1586 3703 ἃ
1634 3651 1835 3724 πάσχει
1881 3653 1994 3719 νῦν,

344 3737 566 3801 δικαίως
598 3739 774 3794 έκεῖνα
810 3739 1014 3813 πάσγει
1045 3739 1134 3793 καὶ
1166 3737 1287 3794 λίαν
1329 3736 1647 3798 έπαινετῶς.
1745 3713 1784 3726 η

414 3831 488 3886 Γ’.
521 3831 589 3887 Οἱ
651 3833 832 3903 μέντοι
874 3827 1196 3903 θεραπευταῖ
1247 3831 1354 3883 τῶν
1415 3828 1550 3892 θεῶν
1611 3828 1700 3882 καὶ
1751 3831 1849 3882 τοῦ
1895 3828 1997 3881 νεὼ

351 3918 634 3993 ὑπηρέται,
667 3918 734 3974 τά
764 3916 1101 3995 γεγενημένα
1133 3919 1298 3972 ταῦτα
1340 3915 1476 3971 κατὰ
1522 3914 1741 3986 πολλὴν
1789 3913 2000 3988 τόλμαν

349 4006 578 4076 ἰδόντες,
645 4007 832 4081 μεστοὶ
889 4005 1206 4079 ἐκπλήξεως
1279 4005 1370 4059 καὶ
1447 4004 1674 4078 ἀπορίας
1732 4002 2000 4074 εἱστήκει-

350 4118 466 4152 σαν.
517 4097 582 4153 Ὀ
667 4095 746 4163 δὲ,
823 4097 958 4170 πρὸς
1033 4095 1226 4156 αὐτοὺς
1310 4093 1675 4171 ἐπιστραφεὶς,
1740 4093 1880 4168 ὀργῇ
1948 4115 2004 4149 τε

351 4184 534 4256 δικαίᾳ
567 4186 594 4240 ὁ
623 4183 832 4250 δίκαιος
862 4183 1088 4244 ἀπιδὼν.
1122 4187 1340 4254 "Amce,
1382 4185 1535 4262 φησί,
1567 4188 1635 4258 τῇ
1699 4183 1875 4259 βουλῇ
1913 4187 2000 4240 καὶ

390 4278 416 4288 ⁸
819 4243 830 4250 .
1078 4243 1084 4244 κ
1330 4243 1338 4254 ,
1394 4243 1404 4262 ,
1444 4243 1454 4254 .
1524 4243 1534 4254 ,
1613 4243 1635 4258 ..
1699 4243 1708 4259 ,
1853 4243 1875 4258 ..

350 4295 431 4345 τῳ
479 4271 643 4346 δήμῳ
700 4276 855 4329 παντὶ
927 4274 1308 4350 ἁπαγγείΛατε,
1362 4275 1436 4335 ὡς
1494 4275 1544 4328 οἱ
1601 4273 1711 4338 θεοῖ
1754 4274 1906 4347 ὑμῶν
1936 4278 2004 4348 τῇ

406 4329 416 4345 .
534 4329 568 4346 ..
615 4329 625 4345 .
937 4329 956 4331 η
1013 4329 1096 4350 ν..
1298 4329 1308 4342 ι
1422 4329 1434 4335 -
1606 4329 1626 4338 ν
1993 4329 2004 4340 -

355 4363 711 4436 παρατεθείσῃ
781 4365 912 4437 χθὲς
980 4363 1165 4426 αὐτοῖς
1223 4363 1432 4438 εὐωχίᾳ
1498 4363 1585 4416 καί
1634 4329 2007 4435 αύτῷἱ’γώμι;›

360 4450 704 4523 μεθύσαντες,
738 4453 1054 4526 συνέτριψάν
1101 4474 1160 4507 τε
1208 4450 1516 4523 ἀλλήλους,
1549 4451 1636 4506 καὶ
1692 4451 1767 4512 εἷς
1813 4447 2007 4530 ἔδαφος

356 4539 498 4594 οὕτω
556 4540 908 4594 κατέσπασαν.
953 4539 1106 4596 Ἀλλ’
1161 4542 1338 4614 ὑμεῖς,
1383 4539 1436 4595 εἷ’
1461 4562 1523 4616 γε
1575 4539 1641 4610 δὴ
1709 4542 1797 4595 καὶ
1845 4541 2010 4618 ὀλίγα

2092 3381 2405 3438 maximam
2437 3376 2612 3432 rebus
2641 3371 2789 3444 ipsis
2829 3362 3176 3430 emittentia,
3217 3360 3455 3416 insanos
3484 3369 3605 3410 esse
3635 3352 3740 3408 ho-

2096 3472 2307 3537 mines,
2342 3467 2440 3538 qui
2491 3479 2592 3520 eos
2641 3460 2859 3524 colunt,
2891 3460 2948 3512 et
2977 3455 3115 3510 deos
3157 3448 3495 3507 nominant:
3530 3450 3584 3499 et
3613 3455 3740 3514 qua!

2096 3575 2251 3616 nunc
2294 3529 2626 3629 patiuntur,
2658 3547 2761 3604 illa
2810 3544 3044 3618 quidem
3088 3541 3247 3612 juste
3305 3535 3448 3609 pati,
3482 3537 3538 3590 et
3583 3529 3746 3587 valde

2099 3645 2490 3706 laudabiliter.

2173 3828 2272 3884 IIl.
2302 3826 2551 3883 Deorum
2605 3822 2801 3876 autem
2851 3813 3126 3879 cultores,
3156 3811 3214 3864 et
3237 3801 3443 3875 templi
3476 3798 3753 3864 ministri,

2104 3934 2238 3973 cum
2271 3917 2393 3971 haec
2427 3927 2638 3984 magna
2667 3904 2914 3963 audacia
2943 3903 3094 3957 facta
3115 3913 3240 3954 esse
3262 3893 3565 3958 vidissent,
3590 3890 3756 3944 erant

2107 4006 2265 4080 pleni
2293 3983 2614 4075 stuporeiet
2645 3993 3032 4053 dubitatione.
3057 3989 3111 4045 Is
3133 4001 3265 4042 vero
3297 3983 3368 4038 ad
3399 3997 3495 4036 eos
3526 3992 3758 4033 conver-

2108 4113 2228 4164 sus,
2255 4094 2490 4165 etjusta
2514 4104 2647 4145 cum
2680 4087 2786 4154 ira,
2807 4085 3005 4155 justus
3037 4078 3306 4132 intuens:
3328 4069 3520 4135 Abite,
3541 4066 3757 4138 inquit,

2109 4186 2179 4240 ad
2205 4152 2492 4248 senatum,
2508 4183 2563 4234 et
2584 4175 2688 4233 toti
2709 4152 2922 4246 populo
2943 4164 3291 4228 renuntiate,
3316 4157 3469 4231 quod
3489 4157 3569 4212 dii
3587 4152 3760 4210 vestri

2111 4273 2384 4328 hesterno
2417 4263 2688 4322 inebriati
2722 4243 2979 4317 convivio
3010 4260 3066 4311 et
3096 4247 3540 4313 comessatioue,
3575 4260 3637 4300 se
3667 4243 3758 4298 in-

2111 4365 2291 4420 vicem
2343 4358 2765 4420 contriverunt,
2798 4357 2854 4408 et
2885 4351 2970 4406 sic
3022 4348 3082 4401 in
3131 4350 3348 4400 terram
3406 4337 3758 4409 dejecerunt.

2113 4454 2223 4510 Sed
2256 4467 2378 4521 vos,
2413 4449 2460 4504 si
2494 4447 2635 4520 quid
2668 4445 2745 4500 sit
2772 4444 2830 4497 io
2862 4439 3027 4495 vobis
3058 4449 3284 4501 sensus,
3316 4429 3613 4484 confracta
3643 4425 3762 4479 haec

2117 4541 2432 4600 simulacra
2491 4536 2721 4594 camino
2781 4530 3054 4587 mandate
3087 4533 3135 4581 et
3170 4521 3310 4594 igni.
3344 4518 3438 4575 Sic
3470 4515 3625 4572 enim
3682 4511 3764 4566 dii

356 4635 563 4709 φρενῶν
628 4627 903 4706 μετέχετε,
971 4631 1036 4685 τά
1101 4631 1481 4706 συντρίμματα
1561 4637 1670 4686 τῶν
1747 4606 1981 4686 etauio}

2110 4631 2283 4690 vestri
2309 4629 2470 4687 vobis
2495 4628 2638 4684 forte
2662 4622 2878 4680 fuerint
2901 4617 3095 4682 utiles,
3117 4629 3218 4685 per
3240 4609 3477 4672 calcem,
3499 4606 3759 4674 inquam,

357 4723 525 4773 ταῦτα
579 4717 793 4790 καμίνῳ
851 4716 1121 4793 παράδοτε
1195 4721 1281 4773 καὶ
1351 4719 1502 4794 πυρί.
1564 4719 1725 4798 Τάχα
1781 4721 1883 4795 γὰρ
1943 4718 2002 4774 ἂν

362 4809 538 4872 οὕτως
594 4809 720 4880 ὑμῖν
755 4809 805 4862 οἱ
863 4808 976 4871 θεοὶ
1026 4807 1299 4886 χρήσιμοί
1342 4829 1448 4880 μου
1480 4808 1712 4885 ὀφθεῖεν,
1755 4807 1843 4864 διὰ
1906 4817 2006 4880 τῆς

361 4894 648 4967 ἀσϐέστου,
681 4898 848 4976 φημὶ,
879 4904 979 4967 τῆς
1020 4895 1074 4970 ἒξ
1133 4896 1308 4951 αὐτῶν
1356 4896 1573 4951 ἒκείνων
1613 4901 2002 4972 γενησομένης.

363 4991 539 5042 Γαῦτα
590 4988 793 5062 πράξας
827 4982 1109 5062 Ἀϐέρκιος
1153 4985 1245 5040 καὶ
1285 4985 1473 5054 εἰπὼν,
1518 4984 1702 5041 οἴκαδε
1751 4987 2005 5057 ἐπανῆκε,

364 5075 600 5150 καθάπερ
658 5097 740 5138 τις
826 5076 1074 5149 ἀριστεὺς
1123 5072 1339 5135 κοινοὺς
1409 5073 1616 5129 ἀνελὼν
1681 5075 1982 5149 πολεμίους

367 5121 599 5150 ..-νηηνρ
669 5121 738 5138 ..ς
826 5121 1072 5149 ..,..-.--.
1125 5121 1337 5135 ..πη-τ
1410 5121 1611 5129 _.-......
1689 5121 1950 5132 mn--."

364 5163 592 5220 πολλῶν
637 5161 804 5225 ὅντως
845 5167 1038 5242 ψυχῶν
1098 5162 1373 5224 ἀπωλείας
1407 5162 1637 5224 αἰτίους.
1669 5121 2006 5220 Ἐπανὲλθιῖύύ

367 5251 424 5307 δὲ
473 5252 599 5314 τοὺς
656 5255 793 5328 πρὸς
862 5253 1024 5307 αὐτὸν
1082 5251 1404 5329 συρρέοντας
1461 5248 1736 5306 ἐδίδασκεν
1796 5252 2010 5327 ὄχλους

364 5337 664 5404 θεοσεϐείας
732 5342 973 5411 ἀληθοῦς
1057 5338 1300 5417 ἔχεσθαι,
1360 5340 1449 5395 καὶ
1530 5341 1650 5416 βίου
1730 5343 2009 5418 σώφρονος

363 5432 760 5508 ἐπιμελεῖσθαι.
792 5435 920 5488 Ὑπὸ
979 5431 1036 5489 δὲ
1091 5435 1190 5502 τὴν
1223 5433 1395 5502 αὐτὴν
1427 5431 1614 5501 νύκτα,
1647 5430 1698 5486 o'i
1753 5454 1810 5488 τε
1859 5434 2011 5498 θύται

361 5523 450 5578 καὶ
496 5523 546 5577 οἱ
594 5522 854 5597 νεωκόροι
912 5523 1170 5600 προσίασι
1235 5526 1305 5596 τῇ
1369 5519 1573 5598 βουλῇ,
1623 5523 1712 5577 καί
1769 5543 2012 5600 προσαιγ⁹

364 5612 625 5687 γέλλοοσι
676 5614 771 5687 μὲν
802 5609 1102 5688 ’Δϐέρκιον,
1135 5607 1545 5667 ἂναδιδάσκουσι
1603 5608 1659 5666 δὲ
1698 5611 1763 5668 τά
1788 5635 2014 5692 γεγενη⁸

373 5704 522 5777 μένα,
551 5702 638 5756 καὶ
699 5703 810 5775 ἅμα
868 5703 1006 5780 φωτὶ
1039 5702 1206 5778 λόγος
1237 5699 1391 5762 εὐθὺς
1425 5697 1515 5756 διὰ
1545 5699 1759 5757 πάντων
1788 5700 2015 5779 ἔχώρει,

2116 4739 2241 4794 quas
2291 4725 2381 4776 est
2430 4735 2499 4772 ex
2544 4715 2664 4771 illis
2715 4709 2998 4769 facienda.
3060 4710 3189 4759 Haec
3247 4715 3377 4754 cum
3434 4694 3668 4750 fecisset
3707 4695 3766 4748 et

2117 4781 2359 4868 dixisset
2388 4805 2688 4873 Abercius,
2723 4802 2963 4857 domum
3005 4794 3194 4862 rediit,
3227 4799 3498 4856 tanquam
3527 4783 3614 4837 vir
3645 4781 3762 4837 for-

2117 4900 2410 4962 tissimus,
2434 4894 2556 4950 suis
2589 4889 2907 4964 peremptis
2939 4883 3232 4947 hostibus,
3254 4877 3351 4947 qui
3377 4878 3539 4931 erant
3573 4885 3769 4926 revera

2118 4993 2385 5045 auctores
2419 4982 2576 5038 exitii
2609 4979 2923 5037 multarum
2958 4973 3312 5030 animarum.
3341 4970 3622 5020 Reversus
3659 4976 3766 5015 au-

2119 5083 2237 5134 tern
2269 5074 2513 5131 docebat
2543 5067 3002 5131 multitudinem,
3037 5077 3162 5133 quae
3193 5060 3263 5114 ad
3294 5057 3486 5125 ipsum
3519 5050 3768 5106 conﬂue-

2121 5169 2240 5234 bat,
2274 5178 2468 5220 veram
2497 5158 2668 5230 sequi
2701 5155 3064 5226 religionem,
3095 5153 3151 5206 ct
3179 5146 3488 5200 moderate
3517 5140 3644 5194 vitae
3676 5153 3768 5192 oua

2121 5274 2245 5313 ram
2277 5269 2495 5328 gerere.
2532 5251 2647 5306 Sub
2684 5248 2871 5321 ipsam
2924 5246 3173 5308 noctem,
3208 5232 3451 5292 sacrifici
3487 5234 3542 5287 et
3571 5228 3767 5284 aeditui

2122 5347 2401 5404 accedunt
2451 5343 2522 5398 ad
2572 5319 2863 5405 senatum,
2899 5339 2954 5390 et
2994 5331 3264 5386 deferunt
3313 5323 3548 5395 quidem
3598 5319 3776 5374 Aber-

2122 5438 2301 5501 cium,
2336 5434 2540 5488 docent
2587 5435 2779 5485 autem
2813 5444 2901 5492 ea,
2934 5439 3060 5497 quae
3105 5421 3255 5474 facta
3286 5415 3533 5470 fuerant.
3569 5411 3771 5478 Itaque

2123 5542 2254 5585 cum
2277 5498 2531 5596 primum
2555 5518 2765 5588 illuxit,
2790 5519 2947 5573 fama
2970 5530 3071 5588 per
3092 5524 3296 5568 omnes
3319 5502 3594 5578 pervasit,
3616 5498 3769 5572 quod

2126 5629 2374 5687 magnus
2409 5610 2640 5682 quidem
2675 5607 2949 5664 Abercius
2976 5587 3040 5660 in
3079 5611 3361 5674 magnum
3393 5606 3647 5649 errorem
3681 5587 3772 5643 in-

2127 5707 2384 5767 cidisset,
2418 5701 2474 5755 in
2509 5699 2648 5754 deos
2694 5703 2884 5754 autem
2935 5689 3370 5756 insurrexisset,
3402 5686 3459 5740 et
3503 5678 3655 5752 quod
3705 5691 3773 5733 ea
