4012 6220
402 274 557 333 1215

1752 267 2025 332 MENSlS
2071 267 2449 331 OCTOBER.

3630 271 3751 332 ηιθ

396 435 471 491 de
521 448 697 489 causa
743 447 862 488 non
910 431 1101 487 solum
1161 430 1274 487 diis
1323 434 1379 487 et
1423 430 1896 501 imperatoribus,
1948 431 2047 486 sed

2174 430 2234 483 bc
2289 427 2502 505 μεγάλῃ
2572 429 2665 504 μὲν
2710 424 2996 504 Ἀϐἐρκιος
3054 427 3341 504 περιπέσοι
3414 427 3607 504 πλάνῃ,
3660 452 3754 486 κατ-

400 523 575 581 etiam
610 522 823 593 populo
856 524 912 577 et
941 520 1219 576 universas
1260 520 1478 576 civitati
1509 521 1743 577 deberet
1772 520 1907 576 dare
1938 537 2051 593 poe-

400 629 530 669 nas.
563 616 814 682 Propere
866 626 1001 681 ergo
1046 625 1240 665 omnes
1270 608 1329 664 in
1364 611 1646 681 templum
1697 610 2050 681 congregati,

398 703 553 758 inter
601 716 663 757 se
710 699 1115 771 disceptabant
1145 703 1199 755 et
1231 700 1299 754 de
1327 715 1391 754 eo
1424 700 1953 755 communicabant.
1989 704 2054 755 Et

399 792 501 863 qui
552 796 716 846 erant
764 789 1002 861 quidem
1049 788 1222 860 primi
1253 805 1321 844 ex
1351 788 1598 858 civibus,
1632 793 1689 843 et
1721 788 1893 859 longe
1925 788 2054 846 aliis

397 880 845 942 antecellebant,
881 878 1265 935 consulebant
1320 878 1548 934 mittere
1590 878 1894 935 ministros
1945 895 2053 950 pu-

398 971 608 1039 blicos,
644 975 700 1025 et
743 969 1057 1023 Abercium
1108 969 1418 1035 adducere,
1454 970 1817 1025 redditurum
1876 968 2052 1024 ratio-

399 1076 559 1128 nem,
586 1075 839 1130 quanam
872 1058 942 1113 de
975 1074 1155 1112 causa
1188 1057 1304 1112 haec
1337 1058 1413 1113 sit
1453 1073 1650 1125 ausus,
1680 1062 1738 1114 et
1768 1073 2053 1129 quosnam

401 1150 634 1217 habeat,
669 1147 765 1218 qui
812 1146 863 1200 ei
914 1162 1079 1217 Opem
1134 1146 1340 1200 ferant.
1373 1145 1567 1216 Neque
1610 1150 1697 1203 est
1733 1146 1908 1216 enim,
1941 1146 2055 1202 aie-

404 1239 563 1304 bant,
597 1233 931 1305 verisimile,
980 1251 1136 1301 eum,
1190 1234 1289 1306 qui
1338 1234 1481 1289 talia
1528 1236 1887 1307 aggreditur,
1938 1253 2055 1292 non

409 1327 602 1399 plures
659 1325 872 1379 habere
930 1323 1247 1394 adjutores.
1283 1325 1420 1378 Cum
1463 1340 1599 1395 ergo
1645 1323 1775 1381 illos
1825 1342 2056 1397 quoque

405 1414 1044 1486 comprehenderimus,
1105 1414 1330 1470 vinctos
1388 1413 1565 1470 simul
1623 1432 1755 1471 eum
1814 1417 2055 1473 Abereio

404 1505 706 1561 mittemus
752 1505 821 1558 ad
872 1504 1203 1576 praesidem,
1237 1509 1302 1559 ut
1342 1504 1579 1561 meritas
1638 1505 1802 1562 luant
1857 1524 2056 1577 poenas

404 1610 523 1651 suae
554 1593 613 1649 in
646 1594 783 1650 deos
814 1592 973 1665 ipsos
1004 1592 1232 1664 injuria:
1264 1596 1321 1649 et
1350 1594 1407 1649 in
1440 1594 1840 1667 imperatores.

481 1848 573 1904 IV.
607 1851 794 1921 Atque
852 1849 924 1905 iis
981 1849 1238 1920 quidem,
1290 1849 1387 1921 qui
1446 1850 1663 1906 caeteris
1710 1850 2061 1922 praestabant

406 1940 735 2012 prudentia,
770 1940 921 1995 sicut
968 1941 1246 2009 diximus,
1279 1940 1587 1996 videbatur
1626 1942 1733 1998 hoc
1772 1944 2057 2012 eXpedire,

407 2033 483 2085 et.
510 2028 625 2100 Sic,
658 2028 910 2096 aiebant,
942 2029 1054 2084 erit
1085 2030 1254 2085 nobis
1287 2031 1642 2086 faciendum.
1677 2030 1930 2103 Populus
1961 2048 2061 2086 au-

404 2122 523 2174 tem
557 2135 689 2174 eum
717 2119 955 2174 vidisset
986 2136 1197 2173 manus
1224 2123 1279 2174 et
1300 2120 1499 2189 pedes,
1524 2127 1576 2176 et
1608 2120 1849 2176 deorum
1884 2120 2059 2177 facies

408 2204 578 2260 humi
622 2205 933 2277 projectas,
968 2210 1024 2260 et
1055 2205 1222 2260 valde
1264 2210 1587 2260 commotus
1632 2211 1800 2274 esset,
1833 2224 2056 2279 amens,

409 2293 619 2348 dixerit
646 2294 961 2365 quispiam,
987 2311 1085 2364 pro
1118 2295 1466 2363 amentibus,
1492 2296 1667 2367 lignis
1689 2302 1744 2352 et
1764 2296 2058 2368 lapidibus

407 2382 692 2452 correptis
740 2382 898 2453 (talis
942 2383 1095 2437 enim
1125 2387 1213 2438 est
1245 2384 1515 2440 universa
1562 2386 1754 2455 turba,
1795 2387 1867 2442 ad
1910 2386 2057 2444 iram

406 2476 721 2543 commota,
783 2477 840 2527 et
900 2472 980 2526 ita
1036 2472 1261 2543 impetu
1338 2476 1506 2528 utens
1568 2474 2054 2548 inconsiderato):

404 2560 645 2628 Eamus,
696 2562 846 2617 inter
888 2576 948 2617 se
978 2561 1222 2617 invicem
1276 2562 1626 2632 clamabant,
1658 2581 1886 2634 eamus,
1919 2566 2056 2636 inji-

407 2647 634 2704 ciamus
652 2649 845 2720 ignem
866 2650 925 2705 in
947 2650 1074 2720 ejus
1099 2650 1362 2717 domum,
1390 2656 1447 2705 et
1468 2668 1593 2707 eam
1618 2654 2056 2725 quamprimum

403 2737 819 2805 accendamus,
856 2742 920 2793 ut
951 2755 1065 2793 non
1098 2738 1195 2793 ille
1225 2738 1436 2808 solum,
1470 2741 1570 2796 sed
1603 2740 1781 2797 etiam
1815 2743 2059 2813 quicun-

406 2842 518 2896 que
549 2844 683 2882 cum
716 2843 780 2883 eo
813 2827 1058 2893 habitat,
1084 2832 1141 2883 et
1170 2844 1303 2883 eum
1337 2845 1402 2883 eo
1435 2832 1633 2898 sentit,
1661 2830 1809 2887 male
1840 2840 2055 2902 pereat,

408 2920 658 2976 Senatus
704 2925 897 2974 autem
950 2919 1183 2987 timens,
1211 2936 1301 2987 ne,
1336 2919 1382 2974 si
1413 2924 1631 2975 exustae
1664 2926 1858 2978 essent
1906 2923 2055 2977 sedes

409 3008 661 3075 Abercii,
684 3008 836 3062 uades
867 3024 1100 3078 quoque
1129 3008 1447 3063 vicinorum
1472 3013 1530 3065 et
1560 3010 1878 3066 multorum
1913 3010 2057 3067 nulli

410 3097 592 3168 culpas
622 3096 910 3164 afﬁnium,
943 3096 1083 3150 mali
1115 3114 1345 3167 quoque
1385 3098 1563 3154 simul
1596 3105 1790 3155 essent
1820 3100 2057 3171 partici-

2161 518 2418 593 επαρθείη
2464 516 2521 574 δὲ
2578 522 2686 573 τῶν
2747 522 2905 590 θεῶν,
2939 518 3217 583 κάντεῦθεν
3277 517 3388 593 οὐχ
3442 517 3583 582 ὅπως
3632 520 3754 575 αὐτὸν

2159 614 2276 670 τοῖς
2310 610 2450 670 Θεοῖς
2490 608 2578 662 καὶ
2617 614 2732 670 τοῖς
2792 607 3184 683 αὐτοκράτορσι
3218 608 3409 681 μόνον,
3450 607 3583 663 ἀλλὰ
3608 610 3757 679 καὶτῷ

2163 695 2325 772 δήμῳ
2374 697 2464 753 καὶ
2530 702 2597 771 τῇ
2638 697 2799 753 πόλει
2861 699 3005 772 πάσῃ
3070 695 3219 759 δίκας
3289 696 3546 771 ὀφείλειν.
3579 696 3757 772 Σπουδῇ

2162 789 2343 843 τοίνυν
2408 789 2604 851 πάντες
2668 786 2755 842 ἐπὶ
2802 788 2895 842 τὸν
2944 787 3067 842 ναὸν
3137 784 3528 860 ἀθροισθέντες,
3582 784 3757 842 ἐσκέπον

2159 876 2222 931 τό
2258 897 2336 946 τε,
2395 877 2486 931 καὶ
2516 874 2793 946 ἀλλήλοις
2823 875 2946 950 περῖ
2997 880 3094 930 τοῦ
3140 872 3333 950 ἀνδρὸς
3386 874 3756 931 ἐκοινοῦντο.οὶ

2166 965 2260 1038 μὲν
2294 965 2384 1020 οὖν
2424 963 2677 1040 βελτίους
2704 970 2811 1020 τῶν
2854 964 3099 1021 πολιτῶν
3145 966 3231 1018 καὶ
3278 961 3424 1019 πολὺ
3472 966 3571 1017 τῶν
3612 962 3757 1019 ἄλλων

2164 1053 2523 1130 διενεγκόντες
2572 1054 2698 1117 τοὺς
2744 1052 3044 1127 δημοσίους
3099 1049 3488 1110 συνεϐούλευον
3535 1052 3757 1126 ὑπηρέτας

2162 1145 2374 1218 πέμψαι
2430 1144 2520 1198 καὶ
2569 1143 2659 1199 τὸν
2703 1138 2986 1218 Ἀϐἐρκιον
3046 1142 3285 1219 ἀγαγεῖν,
3322 1140 3572 1216 ὑορέξοντα
3630 1140 3756 1217 λόγον

2164 1232 2291 1288 ὅτου
2334 1234 2493 1307 χάριν
2539 1236 2762 1286 τοιαῦτα
2808 1231 3112 1305 τολμήσαι,
3144 1233 3229 1285 καὶ
3272 1231 3425 1293 τίνας
3480 1229 3616 1301 αὐτῴ
3664 1232 3758 1291 τοὺς

2165 1320 2564 1396 συναραμένους
2622 1318 2748 1395 ἔχοι
2784 1337 2797 1351 ⁸
2859 1318 2987 1375 οὐδὲ
3060 1320 3162 1393 γάρ
3238 1319 3351 1373 ἐστι
3399 1324 3505 1373 τῶν
3559 1318 3761 1388 εἰκότων,

2164 1412 2315 1490 φασὶ,
2371 1408 2726 1480 τηλικούτοις
2796 1408 3205 1484 ἐπιχειροῦντα,
3266 1410 3346 1481 μὴ
3404 1407 3493 1461 καὶ
3558 1406 3759 1468 πλείονας

2164 1496 2311 1575 ἔχειν
2364 1498 2493 1561 τοὺς
2551 1498 2867 1574 συνεργούς.
2927 1497 3224 1558 Κάκείνους
3282 1495 3376 1551 οὖν
3424 1494 3761 1569 κατασχόντες,

2165 1587 2417 1661 δεσμίους
2470 1592 2552 1660 τῷ
2612 1587 2841 1660 ἡγεμόνι
2915 1585 3008 1640 σὺν
3051 1581 3321 1659 ’Λϐερκίῳ
3386 1582 3759 1656 ἀποστελοῦμεν,

2164 1677 2314 1741 ὅπως
2365 1675 2512 1751 ἀξίαν
2562 1697 2621 1751 γε
2671 1673 2805 1731 δῶσι
2853 1676 2954 1744 τήν
2988 1672 3174 1745 δίκην,
3204 1676 3278 1729 ὧν
3315 1673 3391 1734 εἷς
3421 1694 3478 1729 τε
3506 1672 3621 1735 τοὺς
3647 1673 3763 1734 θεοὺς

2168 1767 2364 1829 αὐτοὺς
2394 1766 2485 1822 καὶ
2513 1764 2638 1821 τοὺς
2671 1765 3079 1839 αὐτοκράτορας
3121 1760 3368 1839 ὕϐρισαν.

2168 1808 2362 1829 κανων,
2396 1808 2485 1822 ην..
2524 1808 2631 1821 η-.
2671 1808 3077 1839 --.νηπηηνιης
3126 1808 3368 1839 ητα-..

2090 1808 2146 1874 Β
2241 1860 2312 1915 Δ’.
2344 1859 2475 1914 Τοῖς
2512 1858 2603 1930 μὶν
2650 1854 2739 1911 οὖν
2798 1857 3001 1911 συνέσει
3039 1859 3146 1911 τῶν
3180 1853 3414 1910 πολλῶν
3479 1851 3765 1931 διαφέρουσιν

2170 1946 2350 2021 ὥσπερ
2382 1941 2610 2025 ἔφημεν,
2644 1949 2805 2001 τοῦτο
2855 1944 3160 1999 λυσιτελεῖν
3222 1940 3403 1999 ἐδόκει
3439 1963 3452 1977 ο
3507 1942 3611 2013 καὶ,
3644 1942 3763 1999 Οὕτω

2168 2037 2400 2108 ποιητέα
2455 2040 2615 2110 ἡμῖν,
2661 2030 2875 2116 ἔφασαν,
2935 2031 3103 2090 ἔσται.
3135 2036 3197 2090 Ὀ
3256 2031 3318 2088 δὲ
3367 2031 3562 2108 δῆμος,
3604 2034 3681 2092 τας
3722 2050 3764 2084 τε

2169 2134 2359 2204 χεῖρας
2401 2128 2490 2183 καὶ
2537 2126 2663 2189 τοὺς
2704 2123 2874 2189 πόδας
2919 2126 3009 2180 καὶ
3066 2127 3135 2180 τὰ
3198 2123 3467 2199 πρόσωπα
3518 2127 3616 2177 τῶν
3661 2125 3760 2185 θεῶν

2169 2217 2469 2292 ἐρριμμένα
2513 2217 2646 2271 κατὰ
2694 2222 2798 2290 γῆς
2860 2216 3203 2288 θεασάμενοι,
3256 2210 3468 2294 σφόδρα
3527 2233 3582 2267 τε
3641 2231 3761 2277 κινη-

2168 2308 2361 2378 θέντες,
2393 2308 2643 2379 ἀνόητοι,
2667 2304 2796 2384 φαίη
2828 2326 2932 2375 τις,
2962 2303 3095 2379 ὑπὲρ
3138 2303 3415 2374 ἀνοήτων,
3445 2302 3530 2357 καὶ
3560 2298 3675 2374 ξύλα
3695 2298 3761 2353 καὶ

2166 2396 2354 2460 λίθους
2421 2397 2749 2472 ἁρπάσαντες
2817 2398 3086 2464 (τοιοῦτον
3150 2392 3253 2468 γὰρ
3320 2389 3494 2470 ὄχλος
3556 2390 3672 2457 ἅπαξ
3711 2385 3764 2446 εἷς

2167 2485 2337 2560 ὀργὴν
2366 2485 2628 2555 κινηθεὶς,
2662 2484 2752 2538 καὶ
2784 2482 2959 2544 οὕτως
2996 2479 3275 2557 ἀλογίστῳ
3308 2486 3378 2555 τῇ
3411 2481 3553 2553 ὁρμῇ
3583 2475 3763 2551 χρώμεο

2165 2578 2297 2647 νος),
2339 2576 2561 2647 Ἴωμεν,
2622 2573 2755 2647 πρὸς
2832 2568 3117 2641 ἀλλήλους
3176 2566 3378 2638 ἐϐόων,
3439 2567 3635 2642 ῗωμεν⁸
3684 2567 3761 2634 πῦρ

2166 2665 2303 2719 κατὰ
2360 2670 2459 2732 τῆς
2525 2662 2691 2716 αὐτοῦ
2761 2659 3023 2737 βάλωμεν
3083 2659 3283 2728 οἰκίας,
3336 2659 3428 2713 καὶ
3484 2656 3662 2725 ταύτην
3700 2652 3760 2707 ὅτι

2166 2754 2337 2829 τάχος
2401 2754 2719 2827 ἀνάψωμεν,
2778 2752 2853 2812 ὡς
2913 2751 2972 2804 ἂν
3031 2750 3107 2823 μὴ
3166 2748 3375 2811 ἐκεῖνος
3428 2748 3601 2821 μόνον,
3650 2740 3759 2797 ἀλλὶ

2166 2845 2254 2899 καὶ
2310 2847 2414 2904 πᾶς
2473 2841 2620 2902 ὅστις
2678 2839 2928 2903 σύνοικος
2983 2839 3128 2910 αὐτῷ
3173 2838 3264 2893 καὶ
3322 2838 3573 2915 ὁμόφρων
3616 2834 3757 2888 κακῶς

2167 2931 2504 2988 ἀπόλωνται.
2534 2932 2595 2986 ἹΙ
2634 2929 2818 3003 μέντοι
2851 2925 3053 3002 βουλὴ,
3086 2924 3309 2982 δείσασα
3357 2928 3457 2999 μὴ,
3485 2930 3579 2993 τῆς
3602 2916 3756 2990 Ἀϐιρ-

2166 3021 2288 3076 κίου
2336 3019 2511 3082 οἷ’κίας
2560 3017 2987 3093 ἐμπρησθείσης,
3040 3014 3097 3070 a'l
3143 3036 3204 3071 τε
3248 3020 3363 3069 τῶν
3407 3012 3641 3092 γειτόνων
3688 3006 3753 3062 καὶ

2167 3108 2393 3167 πολλῶν
2453 3107 2640 3165 ἄλλων
2700 3106 2956 3163 ἀναιτίων
2996 3106 3434 3184 συμμετᾶσχωσι
3472 3106 3561 3158 τοῦ
3608 3094 3757 3165 κακοῦ,

406 3202 509 3257 pes
535 3201 549 3241 :
573 3189 630 3241 et
658 3185 867 3240 deinde
898 3186 969 3241 de
1000 3186 1067 3239 iis
1098 3201 1299 3256 pmnas
1331 3192 1589 3244 sumeret
1618 3188 1877 3259 Publius,
1902 3190 2056 3262 quod

2174 3202 2284 3258 εἶτα
2343 3198 2495 3264 δίκας
2571 3199 2723 3253 οὗτοι
2809 3178 3078 3269 Ποπλίῳ*
3116 3178 3442 3270 ήὺπόσῇυσι,
3497 3196 3571 3260 τῷ
3608 3187 3761 3256 πλήθει

410 3291 474 3333 se
506 3274 911 3345 adjunxissent
944 3273 1325 3343 multitudini,
1360 3276 1628 3334 efferatos
1677 3279 2057 3349 demulcebat,

416 3370 471 3421 et
500 3368 815 3421 aestuantes
836 3380 1037 3421 eorum
1062 3364 1288 3421 animos
1309 3366 1627 3423 conabatur
1657 3370 2061 3441 comprimere.

415 3454 655 3511 Interim
686 3457 882 3509 autem
916 3453 1066 3509 facta
1120 3471 1287 3510 mora
1334 3471 1448 3511 non
1498 3457 1748 3529 modica,
1779 3474 1914 3514 eum
1957 3459 2066 3517 hoc

411 3543 652 3615 quidam
699 3542 1062 3598 audivissent
1091 3559 1159 3598 ex
1190 3544 1268 3599 iis
1300 3545 1400 3616 qui
1427 3545 1552 3615 jam
1585 3547 1863 3618 pietatem
1912 3548 2064 3604 didi-

418 3634 635 3697 cerant,
662 3630 962 3686 celerrime
991 3632 1234 3688 veniunt
1253 3634 1324 3689 ad
1348 3635 1499 3690 mdes
1522 3636 1753 3692 Abereii
1777 3655 1790 3693 :
1814 3652 2069 3709 eumque

424 3722 596 3778 illum
625 3721 1005 3790 invenissent,
1027 3736 1148 3786 eos,
1173 3722 1275 3794 qui
1306 3724 1569 3795 aderant,
1604 3725 1826 3797 placido
1857 3732 1911 3782 et
1941 3726 2069 3784 laeto

421 3811 591 3866 vultu
642 3809 1024 3881 accipientem
1074 3811 1340 3867 doctrina
1370 3813 1621 3884 pietatis,
1657 3816 1897 3886 perinde
1928 3834 1993 3872 ac
2020 3817 2068 3873 si

421 3900 568 3957 nihil
603 3900 732 3955 nevi
766 3899 1098 3968 accidisset,
1129 3901 1179 3955 ei
1212 3900 1419 3957 dicunt
1453 3909 1684 3974 paratas
1715 3905 1983 3973 insidias,
2017 3912 2072 3964 et

424 3994 650 4060 rogant,
677 3991 740 4044 ut
762 4004 963 4060 parum
986 3987 1093 4045 loci
1119 3990 1214 4043 det
1235 3989 1506 4047 insolenti
1539 3994 1736 4065 populi
1768 3996 2070 4067 tumultui,

425 4083 482 4135 et
512 4077 711 4133 statim
744 4078 981 4133 excedat
1011 4092 1041 4133 e
1070 4077 1323 4147 civitate,
1354 4096 1424 4136 ne
1454 4096 1545 4136 res
1574 4083 1719 4138 duas
1750 4085 2074 4156 praecipuas

428 4167 785 4233 amitterent,
820 4171 1046 4237 patrem
1090 4166 1307 4223 scilicet
1326 4176 1378 4223 et
1411 4169 1638 4239 fratres,
1672 4171 1865 4242 ipsum
1914 4174 2077 4231 scili-

427 4259 520 4311 cet
568 4253 831 4310 divinum
879 4254 1211 4325 Abercium,
1243 4272 1417 4327 quem
1449 4257 1532 4314 eis
1564 4258 1624 4314 in
1654 4258 1846 4316 locum
1894 4263 2074 4333 patris

427 4344 587 4399 dedit
633 4342 886 4414 Spiritus
935 4348 1192 4415 sanctus,
1224 4349 1281 4401 et
1310 4347 1516 4404 fratres
1562 4346 1719 4416 illos,
1747 4366 1916 4422 quos,
1949 4353 1998 4409 si
2029 4354 2077 4409 is

427 4436 581 4491 esset
606 4437 928 4506 superstes,
962 4433 1278 4491 adduceret
1306 4437 1378 4492 ad
1410 4437 1706 4508 pietatem.

2170 3291 2391 3352 ἑαυτοὺς
2487 3287 2899 3360 διανείμαντες,
2983 3286 3233 3359 κατέψων
3310 3304 3370 3339 τε
3448 3279 3760 3356 ἀγριαίνοντας

2168 3380 2258 3436 καὶ
2308 3377 2745 3458 φλεγμαινούσας
2797 3373 3178 3431 καταστέλλειν
3247 3373 3433 3435 αὐτοῖς
3487 3371 3577 3431 τὰς
3618 3364 3755 3442 ψυχὰς

2171 3456 2486 3544 ἐπειρῶντο.
2538 3470 2626 3524 Ἐν
2680 3467 2858 3537 τούτῳ
2911 3463 3091 3519 τοίνυν
3147 3458 3436 3536 διατριϐῆς
3496 3459 3552 3514 οὐ
3607 3456 3758 3544 putes:

2173 3559 2493 3636 γενομένης,
2527 3554 2840 3628 αἰσθόμενοι
2880 3575 3019 3615 τινες
3072 3557 3178 3607 τῶν
3229 3552 3331 3621 τὴν
3384 3544 3636 3605 εὐσέϐειαν
3678 3538 3761 3639 ἤδἿ

2174 3635 2613 3721 καταμαθόντων,
2663 3643 2717 3700 ἐν
2776 3641 2975 3715 πολλῷ
3027 3646 3106 3715 τῷ
3161 3641 3326 3715 τάχει
3384 3640 3515 3713 πρὸς
3574 3635 3651 3690 τὸν
3691 3635 3764 3721 τοῦ

2176 3732 2464 3813 Ἀϐερκίου
2530 3736 2681 3790 οἶκον
2738 3732 3095 3812 ἐφίστανται·
3146 3730 3236 3785 καὶ
3323 3734 3509 3784 τοῦτον
3575 3716 3762 3778 καταλα-

2177 3809 2361 3890 ϐόντες
2413 3830 2483 3899 τῇ
2523 3832 2623 3895 τῆς
2682 3809 2952 3883 εὐσεϐείας
3004 3817 3333 3891 διδασκαλίᾳ
3370 3819 3493 3878 τοὺς
3547 3809 3762 3899 παρόντες

2178 3920 2252 3983 ὡς
2280 3895 2478 3987 ἥδιστα
2506 3913 2559 3971 ἐν
2610 3914 2804 3989 ἡμέρῳ
2862 3934 2918 3968 οε
2961 3911 3029 3986 τῇ
3063 3906 3185 3985 ὄψει
3235 3910 3325 3965 καὶ
3379 3905 3567 3985 φαιδρᾷ
3603 3895 3761 3970 δεξιού-

2182 4029 2363 4083 μενον,
2414 4006 2596 4079 ὥσπερ
2640 4000 2859 4067 οὐδενὸς
2918 4005 3107 4057 καινοῦ
3165 4000 3484 4076 γενομένου,
3532 3995 3761 4072 φράζουσιν

2179 4098 2329 4170 αὐτῷ
2386 4096 2486 4165 τὴν
2524 4089 2847 4161 ἐπιϐουλὴν,
2905 4091 2995 4146 καὶ
3054 4085 3405 4145 ἀντιϐολοῦσι
3457 4084 3633 4160 μικράν
3661 4092 3764 4170 ’τινα

2182 4189 2368 4263 χώραν
2422 4182 2607 4239 δοῦναι
2657 4186 2726 4256 τῇ
2797 4181 3011 4253 ἀτάκτῳ
3070 4179 3237 4253 ῥοπῇ,
3296 4179 3387 4233 καὶ
3448 4181 3543 4243 τῆς
3594 4167 3760 4225 πόλεως

2181 4260 2371 4331 αὐτίκα
2429 4272 2773 4346 ὑπεξελθεῖν·
2826 4270 2899 4332 ὡς
2956 4266 3014 4323 δὲ
3078 4270 3153 4341 μὴ
3201 4265 3420 4339 δύο,τά
3468 4260 3763 4355 καιριώτατξῑέ

2180 4368 2386 4439 πατέρα
2425 4384 2484 4418 τε
2546 4361 2893 4434 ζημιωθῶσι,
2923 4359 3012 4413 καὶ
3068 4354 3362 4434 ἀδελφοὺς,
3396 4353 3547 4409 αὐτὸν
3595 4343 3765 4439 δηλιθῆ

2180 4458 2271 4512 τὸν
2322 4458 2462 4509 Οεῖον
2492 4447 2885 4525 Ἀϐἐρκιον,’ὀν
2938 4447 3013 4510 εἷς
3063 4447 3335 4519 πατρικὴν
3388 4448 3573 4517 μοῖραν
3622 4432 3763 4525 αὒτοις

2077 4546 2218 4617 Βτὸ
2276 4543 2496 4614 Πνεῦμα
2541 4524 2629 4595 τὸγ
2664 4539 2819 4612 ἅγιον
2876 4533 3049 4607 ἔταξε,
3096 4534 3188 4590 καὶ
3239 4531 3504 4612 ἀδελφοὺς
3557 4524 3767 4585 ἐκείνους,

498 4714 568 4769 ν.
605 4712 707 4768 Ille
738 4715 962 4771 autem:
987 4711 1256 4785 Fugitivi,
1282 4712 1492 4785 inquit,
1517 4730 1549 4770 o
1583 4714 1806 4784 fratres,
1830 4716 2069 4773 omnino

427 4800 902 4857 existimaremur
931 4802 1377 4872 asuseipiendis
1426 4820 1528 4875 pro
1577 4803 1802 4861 Christo
1847 4822 2076 4879 perpes-

431 4891 721 4959 sionibus,
753 4891 805 4946 si
837 4895 1074 4962 propter
1103 4892 1295 4962 ipsum
1327 4892 1447 4964 pati
1477 4897 1595 4949 tam
1628 4895 1875 4966 turpiter
1904 4895 2076 4952 decli-

430 4996 727 5049 naremus,
760 4978 937 5053 idque
979 4995 1110 5036 cum
1147 4980 1245 5037 ille
1285 4981 1469 5039 sacris
1510 4984 1752 5053 jusserit
1800 4985 2077 5057 apostolis

426 5070 605 5127 libere
636 5068 952 5142 praedicare
999 5071 1275 5140 gentibus
1306 5074 1546 5129 verbum
1600 5073 1855 5147 pietatis,
1889 5090 2079 5147 neque

428 5162 636 5218 timere
685 5160 907 5232 aliquid
952 5176 1143 5232 grave,
1176 5166 1232 5218 et
1260 5163 1416 5234 quod
1447 5162 1667 5219 nollent
1708 5181 1810 5237 pro
1843 5165 2080 5222 nomine

432 5252 559 5321 ejus
591 5266 705 5304 non
738 5249 854 5321 pati
886 5249 946 5305 in
978 5254 1257 5323 tempore,
1286 5268 1401 5322 quo
1434 5252 1796 5309 intentantur
1825 5270 1913 5321 ea,
1951 5271 2078 5326 quae

430 5342 640 5396 vexant
690 5346 744 5393 et
791 5338 1064 5395 cruciant.
1099 5340 1243 5396 Nam
1284 5345 1343 5397 et
1391 5350 1619 5414 propter
1673 5342 1868 5414 ipsum
1926 5344 2081 5400 mala

431 5427 653 5502 perpeti
704 5430 793 5484 est
832 5428 1180 5499 jucundum,
1215 5435 1267 5485 et
1295 5447 1398 5502 pro
1426 5430 1526 5487 illo
1575 5432 1723 5488 mori
1754 5436 1844 5488 est
1873 5433 2080 5503 quavis

430 5519 547 5577 vita
574 5532 705 5574 vere
738 5518 1079 5589 jucundius.
1114 5518 1327 5577 Verum
1378 5520 1532 5577 enim
1572 5536 1708 5579 vero
1756 5522 2081 5594 parendum

430 5613 519 5669 est
564 5607 731 5666 vobis
784 5609 869 5665 sic
928 5608 1289 5667 volentibus:
1322 5617 1378 5668 et
1408 5608 1667 5682 fugiendi
1720 5617 1860 5669 sunt
1885 5613 1949 5679 ii,
1982 5614 2083 5684 qui

2178 4636 2295 4701 οὓς,
2328 4630 2373 4686 εἶ
2406 4631 2561 4692 οὗτος
2588 4623 2848 4700 ἐπιϐιῲη,
2881 4625 3144 4701 προσάγοι
3168 4627 3245 4711 ’τῇ
3277 4617 3532 4691 εὐσεϐείᾳ.
3589 4700 3609 4711 Δ
3717 4700 3736 4711 ⁸

2251 4722 2419 4780 Ε’,ιΟ
2475 4716 2554 4789 δὲ,
2615 4716 2881 4792 Δραπέται
2927 4700 3081 4787 ἐμὶν,
3150 4707 3279 4790 ἔφη,
3338 4700 3636 4801 πάντωςιᾶν
3684 4700 3769 4801 τῶγ

2185 4812 2318 4887 ὑπὲρ
2373 4811 2609 4884 Χριστοῦ
2649 4804 3009 4877 παθημάτων,
3050 4799 3302 4874 ἀδελφοὶ,
3336 4794 3707 4887 νομισθείημεν,
3732 4794 3767 4837 εἴ

2182 4901 2245 4957 τὸ
2291 4884 2372 4954 *δι’
2439 4896 2598 4952 αὐτὸν
2679 4898 2862 4958 παθεῖν
2947 4894 3175 4966 ἂγεννῶς
3252 4888 3425 4951 οὕτως
3470 4884 3764 4966 ἐκφύγοιμεν.

2184 4990 2274 5044 καὶ
2337 4990 2503 5043 ταῦτα
2571 4989 2688 5044 τοῖς
2774 4984 2941 5056 ἱεροῖς
2991 4975 3325 5041 ἀποστόλοις
3383 4962 3769 5067 ἐκείνουικελξῦ·

2186 5079 2381 5139 σάντος
2437 5073 2722 5148 κηρύττειν
2773 5070 2865 5125 σὺν
2924 5066 3201 5143 παρρησίᾳ
3261 5068 3356 5123 τὸν
3410 5070 3505 5134 τῆς
3557 5057 3769 5161 ﬂagitat

2187 5164 2350 5241 λόγον
2408 5168 2525 5226 τοῖς
2577 5158 2772 5228 ἔθνεσι,
2830 5154 2971 5232 μηδέ
3050 5150 3338 5231 φοϐεῖσθαί
3390 5175 3442 5210 τι
3506 5150 3770 5241 τῶν-ἀδοξ-

2191 5237 2374 5324 λήτων
2432 5248 2606 5307 ἕνεκεν
2664 5252 2762 5304 τοῦ
2820 5245 3083 5320 ὀνόματος
3141 5244 3308 5300 αὐτοῦ
3381 5241 3431 5298 ἐν
3485 5237 3641 5309 καιρῷ
3696 5237 3769 5291 τις

2186 5348 2291 5398 τῶν
2354 5329 2765 5416 ἐπηρεαζόντων
2822 5336 3127 5412 ἐπαγωγῆς.
3184 5334 3258 5390 Τό
3321 5354 3377 5388 τε
3428 5330 3522 5406 γὰρ
3555 5334 3770 5416 auom.-

2189 5435 2297 5488 θεῖν
2346 5429 2414 5486 δι’
2468 5415 2633 5486 αὐτὸν
2688 5426 2816 5498 ἡδὺ,
2856 5424 2946 5481 καὶ
3002 5426 3065 5480 τὸ
3116 5425 3248 5498 ὑπὲρ
3302 5420 3499 5478 ἐκείνου
3543 5415 3770 5505 sucosa»:

2192 5527 2338 5592 ζωης
2371 5519 2549 5592 πάσης
2581 5495 2808 5590 ἀληθῶς
2834 5513 3013 5585 ἥδιον.
3044 5512 3197 5583 Πλὴν
3221 5495 3385 5569 *ἀλλὰ
3410 5503 3630 5563 πειστέον
3670 5495 3768 5564 ὑμῖν

2193 5610 2336 5668 οὕτω
2371 5610 2753 5686 βουλομένοις,
2786 5606 2874 5660 καὶ
2912 5602 3039 5664 τοὺς
3073 5600 3323 5665 ἐπιόντας
3368 5597 3479 5661 καθ’
3507 5593 3645 5665 ἡμῶν
3678 5600 3768 5659 ἴδεν·
