4012 6220
246 315 398 374 1217

240 474 415 527 κτέον.
477 472 629 528 Ἐπεὶ
702 470 792 526 καὶ

239 558 487 638 ἀτεχνῶς
526 561 653 622 τοὺς
712 558 1030 624 διώκοντας.
1063 563 1244 618 Ταῦτα
1298 559 1423 638 ἔφη,
1470 560 1560 615 καὶ
1620 563 1732 635 ἅμα
1801 563 1893 618 σὺν

240 648 426 710 αὐτοῖς
457 647 711 722 ἐξελθὼν,
745 647 924 704 ἄπεισι
981 651 1117 704 κατὰ
1177 651 1347 722 μέσην
1395 652 1494 719 τὴν
1553 650 1718 707 πόλιν
1749 653 1892 728 παρᾶ

236 739 338 807 τήν
372 737 593 813 ἀγοράν.
627 740 792 794 Ἔνθα
863 736 928 808 δὴ
960 739 1049 793 καὶ
1109 738 1185 800 είς
1242 738 1414 794 τόπον
1473 741 1532 802 ὃς
1574 739 1717 795 οὕτω
1766 744 1893 815 παρ’

240 828 431 889 αὐτοῖς
464 827 811 903 Φραγέλλιον
850 826 1098 883 ἐκαλεῖτο
1150 828 1395 899 καθίσας,
1434 830 1496 883 τὸ
1547 832 1809 905 κήρυγμά
1836 853 1894 887 τε

236 920 339 980 τῆς
374 915 635 986 ἀληθείας
693 913 937 971 ἐδίδασκε
1000 918 1126 979 τοὺς
1166 918 1452 992 παρόντας,
1498 918 1589 973 καὶ
1648 927 1748 990 τῆς
1796 925 1893 976 τοῦ

239 1009 377 1059 Θεοῦ
436 1007 689 1081 γνώσεως
718 1006 895 1075 ἠξίου,
930 1007 1005 1068 ὡς
1054 1006 1293 1071 ἐκείνους
1339 1008 1616 1078 ἀξιοῦσθαι
1667 1007 1891 1067 δυνιοτὸν

236 1097 329 1163 ἦν,
363 1095 451 1149 καί
512 1092 621 1149 δεῖν
654 1093 809 1170 ἔλεγε
872 1097 964 1150 τὸν
1013 1101 1092 1168 τῷ
1124 1098 1252 1169 θείῳ
1294 1098 1631 1171 βαπτίσματι
1661 1102 1896 1154 τελειω-

242 1185 421 1251 θέντα,
453 1183 543 1238 καὶ
574 1185 894 1258 Χριστιανὸν
930 1183 1227 1254 ἀξιωθέντα
1291 1185 1399 1256 ἤδη
1459 1194 1552 1241 καῖ
1609 1188 1748 1242 εἶναι
1804 1189 1893 1244 καὶ

239 1272 623 1345 ὀνομάζεσθαι,
670 1277 777 1327 τῶν
859 1274 951 1345 μὲν
1015 1274 1294 1348 παρόντων
1363 1273 1539 1343 ἡδέων
1618 1298 1893 1355 καταφρο-

240 1369 374 1432 νεῖν,
402 1361 652 1437 ἐπίκαιρα
700 1366 827 1439 γὰρ,
884 1363 1162 1439 ὀρέγεσθαι
1231 1365 1288 1421 δὲ
1334 1367 1505 1437 μόνης
1545 1374 1645 1436 τῆς
1694 1367 1895 1433 ἀθανά-

242 1472 338 1506 του
383 1457 553 1521 ζωῆς,
582 1452 731 1508 Ἐπεὶ
780 1454 869 1507 καὶ
940 1452 1079 1525 μόνη
1141 1454 1214 1516 ὡς
1281 1453 1505 1523 ἀληθῶς
1545 1457 1681 1526 αὕτη
1756 1458 1893 1528 ζωὴ,

240 1542 306 1609 ἢν
338 1546 454 1601 τοῖς
510 1541 789 1615 ἀγαπῶσιν
818 1542 980 1596 αὐτὸν
1019 1543 1317 1615 ἡτοίμασεν
1361 1545 1388 1599 ὁ
1437 1546 1589 1607 Θεός.
1626 1547 1711 1603 Ἐν
1782 1548 1894 1619 ὅσῳ

242 1629 332 1684 οῦν
409 1633 579 1685 ταῦτα
654 1630 798 1686 οὕτω
863 1632 999 1705 πρὸς
1071 1632 1263 1695 αὐτοὺς
1319 1630 1613 1710 διελέγετο,
1662 1636 1724 1690 τὸ
1776 1639 1892 1690 κατ’

240 1718 407 1774 αύσοῦ
456 1720 755 1798 φερόμενον
792 1719 1012 1791 πλῆθος
1059 1722 1123 1776 τὸ
1170 1726 1397 1799 πρᾶγμα
1458 1723 1743 1796 μαθόντες,
1803 1724 1889 1780 καὶ

239 1809 323 1862 ὅτι
381 1806 481 1864 οὒκ
545 1811 826 1884 ἠγάπησεν
889 1808 1033 1866 οἷ’κοι
1065 1813 1186 1886 περὶ
1243 1813 1343 1881 τὴς
1386 1812 1589 1875 οἰκείας
1648 1812 1890 1887 διεξιέναι
1924 1843 1976 1909 Β

234 1898 489 1965 πίττεως,
533 1896 679 1953 ἀλλά
737 1899 826 1954 καὶ
886 1897 1125 1972 δημοσίᾳ
1186 1901 1447 1974 κηρύσσει
1508 1902 1598 1957 καὶ
1670 1902 1888 1978 παρρη-

239 1987 477 2055 σιάζεται
552 1988 653 2055 τήν
743 1983 1033 2060 εὐσέϐειαν,
1095 1989 1171 2050 εἰς
1244 1988 1473 2045 πλείονα
1533 1994 1633 2062 τὴν
1700 1995 1892 2065 μανίαν

240 2076 657 2149 παροξυνθέντες
724 2077 815 2131 καὶ
900 2080 1212 2151 Θερμοτέρῳ
1288 2085 1532 2149 ζέσαντες
1599 2081 1893 2154 πνεύματι,

242 2166 342 2219 οὐκ
396 2160 471 2219 ἔτι
530 2166 780 2229 καθεκτοὶ
851 2161 1067 2239 ἔμενον,
1106 2165 1231 2222 οὐδὲ
1294 2175 1411 2231 τοῖς
1459 2168 1764 2245 βελτίστοις
1796 2179 1897 2241 τῆς

239 2253 460 2316 πόλεως
509 2256 717 2328 ὑπεῖξαι
778 2256 888 2310 οἶοί
944 2278 1004 2312 τε
1042 2259 1201 2327 ἦσαν,
1233 2257 1378 2313 ἀλλὰ
1424 2261 1516 2313 σὺν
1544 2255 1766 2336 θορύϐῳ
1803 2261 1893 2316 καὶ

237 2349 448 2421 κραυγῇ
532 2346 648 2401 κατ’
697 2346 865 2401 αὐτοῦ
933 2346 1135 2419 ὥρμων
1200 2347 1434 2422 μονονοὺ
1500 2354 1619 2411 τοῖς
1678 2348 1894 2405 ὀδοῦσιν

240 2436 399 2491 αὐτόν
430 2457 488 2491 τε
516 2435 607 2490 καὶ
644 2435 777 2499 τοὺς
810 2438 906 2492 σὺν
941 2438 1095 2509 αὐτῷ
1127 2436 1483 2513 διασπαράξαι
1540 2439 1893 2513 βουλόμενοι.

310 2526 376 2589 ς’.
414 2522 636 2595 Ἐπειδὴ
694 2523 752 2580 δὲ
808 2526 885 2588 ὡς
942 2526 1101 2582 αὐτόν
1176 2548 1235 2582 τε
1290 2526 1399 2598 ἤδη
1478 2528 1751 2603 ἐγένοντο,
1802 2529 1893 2585 καὶ

243 2615 369 2669 ὅσον
430 2614 582 2670 οῦπω
657 2616 753 2676 τὰς
823 2620 1013 2691 χεῖρας
1084 2612 1368 2671 ἐπιϐαλεῖν
1427 2618 1575 2690 αὐτῷ
1632 2616 1892 2692 ἔμελλον,

243 2702 366 2758 ἰδοὺ
425 2710 569 2779 τρεῖς
626 2704 914 2774 νεανίσκοι,
961 2710 1219 2781 πονηρῶν
1281 2705 1453 2762 πάλαι
1496 2704 1772 2781 δαιμόνων
1815 2709 1892 2773 εἷς

242 2793 337 2853 τὰς
399 2792 583 2867 ψυχας
642 2794 821 2849 αὐτῶν
872 2793 1275 2866 ἐνακηψάντων,
1351 2793 1410 2851 ἐκ
1473 2800 1567 2850 τοῦ
1624 2794 1893 2873 αἰφνιδίου

242 2880 709 2957 περιρῥηξάμενοι
768 2883 862 2939 τα)
929 2882 1156 2956 ἐσθῆτας
1235 2884 1475 2949 ἐκθέουσι
1531 2884 1633 2941 τοῦ
1692 2883 1893 2961 ὄχλου,

241 2974 339 3033 τὰς
385 2972 586 3035 οἰκείας
646 2972 820 3027 αὐτῶν
880 2979 1069 3049 χεῖρας
1134 2973 1416 3038 δάκνοντές
1484 2997 1541 3030 τε
1591 2976 1679 3030 καὶ
1736 2998 1893 3052 στρε-

242 3058 525 3131 ϐλοῦντες,
556 3064 681 3123 τοὺς
725 3061 1046 3139 ὀφθαλμοὺς
1101 3061 1532 3143 διαστρέφοντες,
1583 3067 1751 3145 ἀφρὸν
1795 3071 1893 3122 τοῦ

247 3152 518 3224 στόματος
577 3152 965 3225 ἆποπτύοντεςὃ
1019 3154 1233 3226 ἄσημόν
1271 3175 1389 3209 τινα
1435 3156 1525 3210 καὶ
1588 3154 1891 3212 ἀλλόκοτον

1612 318 1797 379 VITA
1842 315 1904 378 S.
1950 318 2281 380 ABERCII.

3492 320 3648 380 1218

876 476 1036 527 τοῦτο
1117 469 1280 545 μόνον
1343 473 1606 548 Χριστοῦ,
1676 472 1893 552 φεύγειν

2006 494 2112 533 nos
2170 476 2471 533 invadunt.
2514 478 2659 533 Nam
2711 476 2816 533 hoc
2872 493 3106 550 quoque
3155 478 3328 551 plane
3351 479 3519 551 jubet
3560 480 3650 537 lex

1999 564 2240 633 Christi,
2287 566 2483 637 fugere
2544 565 2816 622 videlicet
2857 582 2977 635 eos,
3027 568 3128 639 qui
3194 572 3647 640 persequuntur,

2000 657 2130 711 Haec
2160 654 2326 723 dixit,
2360 659 2417 710 et
2448 654 2623 710 simul
2654 671 2787 710 cum
2819 656 2901 712 eis
2932 672 3225 727 egressus,
3261 675 3364 730 per
3397 659 3648 714 mediam

2001 743 2291 801 civitatem
2332 744 2484 799 vadit
2515 744 2571 798 in
2614 744 2825 800 forum.
2862 744 2968 800 Ubi
3000 745 3174 801 etiam
3222 762 3356 802 cum
3401 747 3651 804 sedisset

2000 836 2060 892 in
2094 836 2241 906 loco,
2269 837 2367 907 qui
2400 835 2553 907 apud
2585 851 2684 891 eos
2717 835 3030 890 vocabatur
3061 836 3436 907 Fragellium,
3470 838 3649 894 doce-

2001 925 2099 980 bat
2129 940 2227 981 eos
2259 924 2358 996 qui
2409 926 2674 990 aderant,
2718 924 3072 996 praeconium
3123 925 3403 995 veritatis,
3435 929 3493 981 et
3549 942 3648 983 eos

2001 1013 2356 1086 dignabatur
2394 1013 2494 1069 Dei
2527 1014 2878 1083 cognitione,
2914 1020 3081 1085 prout
3113 1014 3196 1069 illi
3230 1018 3496 1085 poterant
3522 1030 3651 1070 esse

2003 1103 2204 1175 digni;
2248 1107 2304 1157 et
2354 1102 2581 1158 dicebat
2618 1106 2886 1174 Oportere
2928 1118 3083 1170 cum,
3131 1103 3229 1171 qui
3281 1106 3406 1158 erat
3454 1103 3650 1158 divino

2002 1192 2297 1262 baptismo
2354 1190 2645 1258 initiatus,
2690 1197 2745 1246 et
2793 1190 3004 1261 dignus
3050 1191 3305 1259 habitus,
3367 1191 3468 1262 qui
3520 1192 3645 1263 jam

2000 1281 2364 1337 Christianus
2395 1285 2452 1336 et
2482 1284 2629 1335 esset
2671 1285 2727 1335 et
2773 1281 3193 1347 nominaretur,
3228 1297 3358 1350 quae
3408 1281 3652 1337 aderant

2002 1370 2549 1443 quidem,jucunda
2585 1370 2914 1441 despicere:
2958 1385 3085 1425 esse
3133 1370 3291 1427 cnim
3342 1370 3540 1427 brevia
3597 1376 3654 1427 et

1999 1461 2215 1515 caduca
2250 1476 2263 1515 ε
2298 1465 2567 1531 expetere
2598 1468 2788 1515 autem
2816 1460 2988 1514 vitam
3025 1459 3203 1515 solam
3238 1460 3645 1516 immortalem.

2002 1548 2145 1604 Nam
2170 1565 2237 1605 ea
2266 1548 2393 1605 sola
2424 1554 2514 1605 est
2542 1565 2673 1605 vere
2712 1549 2831 1604 vita
2882 1566 3053 1622 quam
3105 1550 3249 1605 Deus
3280 1552 3504 1621 paravit
3552 1550 3648 1617 iis,

1999 1638 2095 1709 qui
2127 1638 2319 1709 ipsum
2348 1638 2623 1709 diligunt.
2659 1638 2891 1695 Interim
2933 1642 3127 1694 autem
3163 1639 3303 1694 dum
3330 1639 3447 1695 bazc
3470 1639 3654 1695 disse-

2001 1728 2183 1798 rebat,
2217 1745 2346 1783 cum
2381 1744 2506 1799 quas
2563 1728 2623 1783 in
2657 1744 2788 1784 eum
2851 1728 3144 1784 ferebatur
3199 1728 3256 1783 id
3318 1728 3652 1785 rescivisset

2005 1816 2316 1873 multitudo
2352 1832 2364 1871 :
2413 1825 2466 1872 et
2499 1816 2653 1886 quod
2685 1833 2801 1873 non
2832 1817 2973 1873 satis
3024 1816 3230 1872 habuit
3272 1818 3428 1873 domi
3476 1819 3650 1875 verba

2004 1907 2188 1962 facere
2240 1905 2310 1961 de
2340 1923 2449 1961 sua
2507 1906 2639 1972 fide,
2674 1906 2773 1961 sed
2806 1906 2980 1961 etiam
3014 1905 3244 1976 publice
3276 1906 3570 1978 praedicat,
3594 1910 3652 1962 et

2004 1996 2187 2050 libere
2229 1995 2541 2052 annuntiat
2571 2011 2738 2051 suam
2773 1994 3133 2066 religionem,
3177 1995 3382 2066 majori
3416 1996 3650 2053 insania

2005 2083 2229 2155 perciti,
2280 2087 2339 2139 et
2396 2085 2689 2139 ferventes
2718 2082 2924 2137 acriori
2958 2082 3187 2154 spiritu,
3221 2099 3339 2139 non
3398 2082 3649 2154 amplius

2004 2172 2287 2229 contineri
2328 2177 2612 2243 poterant,
2668 2187 2771 2227 nec
2829 2171 3097 2227 volebant
3147 2172 3530 2244 optimatibus
3560 2189 3651 2229 ce-

2006 2264 2138 2317 dere
2160 2262 2445 2317 civilatis:
2481 2262 2581 2317 sed
2607 2277 2739 2316 cum
2771 2260 3028 2316 tumultu
3062 2264 3119 2316 et
3148 2261 3402 2316 clamore
3432 2261 3491 2317 in
3514 2278 3649 2317 eum

2004 2351 2291 2422 impetum
2334 2351 2643 2420 faciebant,
2701 2349 2919 2421 ipsum,
2954 2354 3012 2406 et
3070 2365 3167 2406 eos
3199 2350 3297 2421 qui
3358 2366 3488 2406 cum
3522 2351 3650 2423 ipso

2004 2446 2194 2508 erant,
2227 2440 2500 2497 dentibus
2542 2440 2965 2511 propemodum
3006 2439 3267 2495 volentes
3300 2440 3646 2511 discerpere.

2074 2528 2166 2583 VI.
2201 2528 2341 2584 Cum
2372 2532 2569 2583 autem
2595 2528 2720 2597 jam
2754 2527 2825 2582 ad
2857 2526 3053 2597 ipsum
3075 2526 3394 2595 venissent,
3428 2532 3485 2582 et
3515 2543 3650 2584 mox

2003 2622 2203 2675 essent
2237 2634 2446 2674 manus
2486 2617 2545 2673 in
2605 2632 2737 2673 eum
2768 2615 3065 2687 injecturi,
3098 2632 3229 2672 ecce
3284 2624 3395 2672 tres
3452 2616 3647 2673 adole-

2003 2711 2252 2777 scentes,
2286 2724 2418 2763 cum
2448 2706 2690 2778 maligni
2709 2707 3002 2761 daemones
3027 2721 3125 2761 eos
3149 2705 3320 2777 longo
3343 2709 3477 2761 ante
3499 2710 3645 2761 tem-

2004 2813 2142 2869 pore
2172 2796 2544 2865 invasissent,
2595 2801 2833 2867 repente
2865 2796 3051 2867 ruptis
3083 2795 3342 2850 vestibus
3373 2811 3403 2849 e
3433 2794 3647 2867 pepulo

2003 2891 2340 2953 excurrunt,
2373 2903 2509 2943 suas
2555 2902 2764 2941 manus
2820 2885 3156 2941 mordentes
3187 2890 3244 2940 et
3284 2890 3647 2956 torquentes,

2003 2977 2201 3034 oculos
2232 2978 2611 3043 invertentes,
2642 2991 2879 3047 spumas
2920 2975 2979 3031 in
3022 2989 3119 3030 ore
3151 2980 3408 3045 agentes,
3432 2979 3489 3029 et
3510 2990 3650 3029 con-

2004 3069 2193 3123 fusam
2218 3066 2531 3137 quamdam
2552 3064 2920 3136 alienamque
2939 3078 3136 3119 vocem
3158 3064 3515 3119 emittentes.
3541 3063 3649 3128 Qui

2005 3173 2138 3213 cum
2177 3155 2560 3212 accurrissent
2586 3154 2655 3210 ad
2689 3154 2992 3210 Abercium
3031 3169 3043 3207 :
3079 3153 3432 3224 Adjuramus
3463 3156 3520 3207 te
3551 3168 3653 3222 per

247 3243 434 3320 φωνην
465 3241 733 3314 ἀφιέντες,
767 3243 819 3297 οἳ
861 3243 951 3297 καὶ
1001 3240 1445 3317 προσδραμόντες
1490 3250 1568 3317 τῷ
1601 3241 1892 3320 Ἀϐερκίῳ,

2009 3262 2207 3302 verum
2240 3249 2297 3302 et
2344 3244 2534 3301 solum
2564 3244 2771 3311 Deum,
2805 3259 2979 3315 quem
3030 3248 3090 3297 tu
3148 3243 3453 3314 praedicas,
3484 3242 3654 3297 vehe-

245 3330 545 3406 Ὀρκοῦμέν
581 3351 637 3386 σε
668 3330 804 3385 κατᾶ
830 3331 927 3386 τοῦ
978 3330 1241 3402 ἀληθινοῦ
1288 3336 1379 3387 καὶ
1433 3335 1603 3403 μόνου
1644 3333 1800 3405 Θεοῦ,
1833 3336 1892 3390 ’ὀν

246 3419 310 3475 σὺ
343 3418 650 3494 κηρύττεις,
686 3420 926 3495 ἰσχυρῶς
967 3415 1162 3492 ἐϐόων,
1208 3423 1284 3494 μὴ
1329 3424 1435 3499 πρὸ
1480 3428 1669 3497 καιροῦ
1727 3426 1891 3498 βασα-

245 3509 387 3565 νίσαι
437 3511 606 3581 ἡμᾶς.
640 3512 817 3566 Τοῦτο
875 3514 952 3581 τῷ
1002 3511 1095 3582 μὲν
1149 3509 1498 3582 πλήσει,τήν
1530 3513 1732 3588 ἄλογον
1764 3512 1894 3569 ὲκεί-

244 3618 341 3667 νην
390 3596 616 3673 ἐπέσχεν
676 3598 855 3673 ὁρμήν
891 3617 904 3631 °
944 3605 1061 3661 τοῖς
1098 3601 1391 3661 νεανίσκόις
1450 3599 1506 3656 δέ
1545 3603 1711 3677 πέρας
1765 3602 1891 3678 ἐγέ-

240 3706 359 3741 νετο
409 3691 506 3742 τοῦ
580 3691 771 3759 κακοῦ,
832 3686 1047 3761 μᾶλλον
1116 3686 1194 3758 δὲ,
1263 3689 1308 3744 εί
1368 3689 1451 3745 δεῖ
1532 3690 1889 3767 ἀληοέστερον

251 3775 444 3847 εἰπεῖν,
520 3776 829 3854 ἀμφοτέρος
897 3774 1091 3848 ἔσσησε
1143 3780 1243 3849 τὴν
1323 3780 1537 3853 μανίαν,
1605 3787 1721 3843 τοῖς
1792 3784 1886 3855 μὲν

238 3866 341 3934 τὴν
401 3864 461 3920 ἐκ
500 3870 608 3921 τῶν
659 3864 953 3939 δαιμόνων,
1005 3872 1084 3940 τῷ
1131 3866 1333 3938 πλήθει
1393 3866 1449 3924 δὲ
1495 3870 1594 3937 τήν
1638 3870 1686 3939 ἐξ
1729 3870 1892 3926 ἀπαι-

249 3952 439 4011 δεύτου
469 3956 677 4033 φύσεως
707 3958 843 4012 κατὰ
892 3962 990 4013 τοῦ
1030 3960 1189 4034 ἁγίου
1238 3962 1621 4035 κεκινημένην.
1652 3965 1892 4019 Ἵσταντο

244 4045 337 4100 οὖν
406 4042 596 4109 πάντες
646 4047 827 4107 ἀτενὲς
880 4046 1039 4102 αὐτὸν
1107 4047 1423 4124 βλέποντες,
1461 4050 1593 4125 μόνῃ
1657 4057 1725 4127 τῇ
1800 4074 1892 4109 κοο

245 4137 507 4207 σμιότητι
572 4140 670 4190 τοῦ
712 4134 901 4209 ἀνδρὸς
948 4137 1036 4191 καὶ
1093 4142 1159 4211 τῇ
1217 4143 1325 4193 τῶν
1354 4141 1502 4208 ἠθῶν
1548 4140 1893 4215 γαληνότητι

241 4222 339 4283 τὰς
398 4223 570 4296 ὁρμάς
628 4222 964 4295 πεδηθέντες,
997 4226 1085 4280 καὶ
1134 4226 1197 4281 τὸ
1252 4226 1460 4300 μέλλον
1520 4228 1597 4291 εἷς
1640 4229 1670 4285 6'
1709 4253 1762 4286 τι
1803 4233 1895 4287 οῦν

244 4306 381 4383 ἐκϐῇ
437 4311 836 4386 περιμένοντες,
868 4316 928 4371 Ὁ
982 4315 1164 4386 μέντοι
1225 4322 1367 4379 θεῖος
1398 4312 1685 4392 Ἀϐερκιος
1741 4319 1893 4376 οὐδὲν

247 4397 552 4472 μελλήσας,
587 4400 664 4463 είς
703 4403 875 4477 εὐχὴν
902 4404 1085 4458 ἑαυτὸν
1118 4405 1475 4478 τρεψάμενος.
1508 4409 1569 4464 Ὀ
1598 4414 1694 4464 τοῦ
1741 4410 1895 4485 ἁγίου

245 4485 439 4551 παιδός
492 4510 587 4545 σου
646 4491 824 4560 Ἰησοῦ
883 4494 1095 4565 Πατὴρ,
1154 4495 1317 4563 εἶπεν,
1381 4497 1430 4565 ὁ,
1480 4495 1577 4551 κᾶν
1641 4502 1894 4572 μυριάκις

2004 3339 2227 3393 menter
2257 3335 2609 3401 clamabant,
2665 3350 2737 3389 ne
2771 3350 2876 3388 nos
2910 3341 3177 3403 torqueas
3226 3336 3362 3387 ante
3392 3336 3649 3403 tempus.

2004 3424 2121 3479 Hoc
2144 3422 2536 3479 multitudinis
2569 3421 2804 3493 quidem
2847 3421 3012 3475 ilium
3047 3437 3080 3475 a
3126 3420 3355 3476 ratione
3388 3419 3648 3476 alienum

2002 3513 2265 3570 cohibuit
2294 3513 2579 3584 impetum
2615 3529 2629 3568 :
2682 3509 3150 3566 adolescentibus
3191 3514 3390 3565 autem
3424 3508 3649 3565 sedavit

2004 3601 2255 3657 malum:
2280 3604 2380 3656 aut
2402 3600 2619 3672 potius,
2644 3599 2691 3654 si
2713 3599 2907 3654 verius
2930 3599 3007 3653 sit
3030 3598 3360 3665 dicendum,
3384 3597 3647 3667 utrisque

2002 3692 2277 3761 repressit
2332 3688 2645 3754 insaniam,
2676 3687 3145 3743 adolescentibus
3199 3686 3433 3757 quidem
3479 3685 3645 3741 insa-

2003 3780 2183 3846 niam,
2200 3796 2322 3851 quas
2340 3778 2811 3851 proficiscebatur
2832 3793 2864 3831 a
2885 3775 3269 3831 daemonibus:
3289 3773 3650 3829 multitudini

2001 3876 2194 3926 autem
2227 3885 2380 3936 eam,
2414 3885 2541 3939 quae
2565 3882 2633 3922 ex
2666 3865 2957 3923 inerudite
2987 3870 3044 3921 et
3083 3865 3214 3920 rudi
3259 3867 3460 3919 natura
3490 3879 3652 3919 com-

2004 3963 2160 4013 mota
2196 3962 2321 4013 erat
2355 3957 2637 4013 adversus
2683 3959 2965 4010 sanctum.
3000 3954 3244 4010 Stabant
3273 3968 3407 4023 ergo
3446 3966 3652 4007 omnes

2003 4064 2132 4103 eum
2150 4047 2280 4103 fixis
2294 4047 2588 4102 intuentes
2609 4044 2817 4115 oculis,
2834 4043 3087 4099 maxima
3105 4044 3233 4114 ejus
3250 4042 3651 4099 moderatione

2003 4143 2059 4194 et
2091 4152 2319 4192 morum
2363 4132 2785 4205 tranquillitate
2827 4148 3027 4189 eorum
3060 4132 3282 4203 impetu
3336 4131 3651 4198 refrenato,

2004 4232 2179 4297 atque
2209 4224 2643 4296 exspectabant,
2675 4221 2941 4294 quisnam
2976 4222 3206 4276 futurus
3241 4223 3395 4276 esset
3436 4220 3651 4275 exitus.

2004 4316 2245 4370 Divinus
2298 4317 2493 4369 autem
2544 4312 2826 4368 Abercius
2860 4310 3005 4365 nihil
3038 4314 3367 4377 cunctatus,
3403 4325 3537 4364 cum
3590 4323 3654 4364 se

2004 4402 2376 4460 convertisset
2432 4400 2504 4456 ad
2536 4401 2855 4455 orationem
2893 4418 2906 4453 :
2966 4399 3165 4455 Sancti
3212 4399 3298 4453 tui
3333 4398 3460 4454 Filii
3508 4397 3651 4453 Jesu

2006 4495 2194 4559 Pater,
2218 4490 2382 4556 dixit,
2406 4491 2501 4559 qui
2533 4489 2766 4545 etiamsi
2803 4488 3015 4544 millies
3049 4487 3498 4559 peccaverimus,
3526 4486 3655 4555 ipse

242 4578 596 4653 ἁμαρτωμεν,
655 4579 818 4644 αὐτὸς
876 4584 941 4637 τὰ
993 4584 1129 4656 πρὸς
1192 4584 1463 4659 σωτηρίαν
1539 4588 1845 4662 οἰκονομῶν
1880 4608 1893 4622 ³

2008 4600 2073 4638 ea
2095 4583 2418 4654 dispensas,
2448 4594 2573 4652 quae
2607 4578 2897 4650 pertinent
2927 4579 2997 4633 ad
3027 4577 3299 4645 salutem,
3343 4592 3483 4647 rogo
3514 4579 3572 4630 te
3600 4578 3657 4629 et

244 4663 437 4739 δέομαι
495 4670 582 4725 καὶ
636 4668 862 4725 ἱκετεύω
936 4692 991 4725 σε
1062 4672 1221 4727 λύσαι
1282 4678 1398 4735 τοῖς
1449 4676 1747 4738 νεανίσκοις
1795 4681 1896 4749 τήν

244 4753 304 4810 ἐκ
331 4762 443 4812 τῶν
473 4755 751 4830 δαιμόνων
780 4758 1037 4833 ἑπήρειαν
1074 4780 1087 4793 ·
1142 4759 1230 4815 ἶνα
1260 4763 1350 4817 καὶ
1390 4763 1541 4819 αὐτοὶ
1600 4768 1662 4821 τὸ
1707 4767 1897 4823 λοιπὸν

243 4847 380 4900 κατα
408 4846 470 4901 τὸ
517 4848 610 4901 σὸν
661 4868 762 4902 ωσι
804 4848 1022 4922 θέλημα
1068 4852 1453 4925 πορευόμενοι,
1502 4854 1591 4908 καὶ
1649 4856 1896 4920 πολλοὺς

244 4932 454 4999 ἄλλους
508 4940 588 5007 τῷ
655 4938 779 5011 περὶ
847 4938 1043 5003 αὐτοὺς
1097 4940 1335 5013 θαύματι
1388 4944 1750 5015 προστεθῆναί
1812 4968 1895 5002 σοι

244 5024 725 5099 παρασκευάσωσιν
766 5042 781 5058 θ
839 5025 977 5082 ὥστε
1035 5029 1233 5090 πάντας
1318 5034 1521 5105 γνῶναι
1580 5033 1661 5088 ὅτι
1722 5036 1783 5089 σὺ
1846 5038 1899 5091 εἴ

244 5114 378 5174 Οεὸς
431 5112 599 5185 μόνος
651 5114 740 5169 καὶ
792 5115 895 5170 οὐκ
942 5116 1083 5171 ἐστιν
1130 5115 1315 5193 ἕτερος
1364 5119 1511 5188 πλήν
1573 5126 1689 5178 σοῦ.
1718 5124 1898 5181 Ταῦτα

246 5203 539 5273 εὐξάμενος
595 5206 673 5274 τῷ
731 5209 865 5276 Θεῷ,
906 5207 995 5260 καὶ
1054 5207 1132 5268 εἰς
1187 5206 1316 5269 τοὺς
1372 5208 1685 5273 νεανίσκους
1747 5210 1896 5281 ἰδὼν,

244 5293 479 5363 πλήττει
516 5294 723 5347 τούτων
766 5299 834 5367 τῇ
879 5294 1013 5368 μετὰ
1050 5302 1243 5370 χεῖρας
1276 5293 1461 5373 ῥάϐδῳ
1507 5298 1602 5361 τὰς
1634 5300 1893 5377 κεφαλὰς,

245 5382 336 5438 Ἐν
388 5379 617 5453 ὀνόματι
658 5380 755 5436 τοῦ
805 5381 940 5456 ἐμοῦ
991 5388 1251 5459 Χριστοῦ,
1304 5384 1492 5457 εἰπὼν,
1543 5386 1779 5460 ἐξέλθετε
1836 5391 1895 5449 ἐκ

240 5475 351 5527 τῶν
411 5469 703 5525 νεανίσκων
791 5472 1022 5541 τούτων,
1094 5470 1351 5545 δαιμόνια
1434 5479 1673 5551 πονηρά,
1729 5478 1890 5553 μηδὶν

241 5556 439 5620 αὐτοὺς
496 5558 874 5633 λυμηνάμενοι.
924 5562 1022 5618 Καὶ
1079 5564 1147 5619 τά
1207 5564 1301 5637 μὲν
1364 5561 1586 5634 δόξαντὰ
1631 5589 1751 5623 τινα
1794 5593 1894 5645 με-

242 5648 439 5726 γίστην
488 5647 698 5725 ἀφεῖναι
747 5651 953 5728 φωνην,
1006 5650 1161 5715 εὐθὺς
1206 5650 1626 5724 ἀπηλλάττοντο
1660 5674 1675 5690 ο
1724 5657 1775 5713 οἷ
1835 5658 1892 5717 δὲ

2009 4672 2270 4738 obsecro,
2303 4673 2368 4725 ut
2396 4668 2728 4724 daemonum
2770 4666 3051 4723 insultum
3087 4667 3277 4723 solvas
3308 4664 3654 4721 adolescen-

2011 4759 2188 4826 tibus,
2222 4766 2285 4814 ut
2337 4756 2452 4829 ipsi
2489 4770 2720 4827 quoque
2756 4757 2829 4811 de
2888 4760 3095 4811 caetero
3136 4754 3459 4821 ambulent,
3495 4759 3651 4807 tuam

2008 4853 2321 4922 sequentes
2349 4845 2726 4914 voluntatem,
2760 4850 2817 4901 et
2845 4846 3098 4901 efﬁciant
3129 4862 3218 4913 eo,
3251 4843 3405 4916 quod
3426 4842 3483 4897 in
3511 4840 3656 4912 ipsis

2010 4941 2124 5007 fiet,
2151 4936 2451 5005 miraculo,
2486 4940 2551 4992 ut
2582 4933 2752 4989 multi
2776 4934 2873 4991 alii
2904 4935 3010 4990 tibi
3034 4937 3455 5007 adjungantur,
3475 4935 3656 5002 atque

2007 5044 2211 5085 omnes
2232 5028 2607 5098 cognoscant,
2632 5028 2689 5080 te
2710 5022 2895 5079 solum
2920 5040 3049 5080 esse
3070 5024 3277 5093 Deum,
3304 5028 3362 5077 et
3383 5037 3499 5077 non
3523 5035 3654 5076 esse

2006 5118 2188 5175 alium
2223 5120 2430 5189 praeter
2458 5118 2533 5170 te.
2566 5113 2695 5168 Hec
2726 5129 2861 5169 cum
2892 5113 3070 5170 Deum
3094 5117 3251 5169 esset
3281 5117 3570 5183 precatus,
3597 5112 3655 5165 et

2006 5207 2332 5279 aspexisset
2394 5202 2805 5273 adolescentes,
2874 5204 3124 5273 percutit
3194 5216 3393 5256 eorum
3457 5198 3653 5271 capita

2005 5300 2189 5369 virga,
2220 5310 2397 5367 quam
2428 5292 2680 5347 habebat
2710 5292 2768 5346 in
2811 5292 3084 5348 manibus
3119 5309 3131 5348 :
3172 5294 3238 5348 In
3268 5288 3505 5345 nomine
3536 5286 3654 5344 mei

2006 5389 2241 5459 Christi,
2274 5387 2498 5451 dicens,
2538 5383 2686 5439 exile
2725 5400 2793 5440 ex
2836 5384 2927 5440 his
2973 5381 3466 5451 adolescentibus,
3500 5378 3658 5436 mala

2006 5475 2313 5545 damonis,
2345 5490 2443 5529 eos
2474 5470 2621 5528 nihil
2645 5473 3017 5529 otl'endentia.
3051 5474 3119 5529 Et
3148 5471 3249 5528 illa
3278 5469 3511 5542 quidem
3531 5468 3657 5526 visa

2002 5584 2203 5627 vocem
2236 5564 2406 5622 edere
2428 5561 2765 5633 maximam,
2790 5563 3058 5633 protinus
3088 5560 3362 5618 abierunt
3389 5575 3403 5615 :
3429 5558 3470 5615 ii
3492 5573 3649 5627 vero,

2004 5656 2246 5732 depulsa
2256 5671 2345 5727 ea,
2363 5668 2487 5725 quas
2505 5658 2643 5708 tunc
2655 5654 2893 5725 propter
2913 5651 3195 5712 daemones
3208 5666 3309 5710 eos
3324 5648 3653 5714 obsidebat,
