4012 6220
385 281 542 343 1219

1731 270 1892 330 ΜΕΝ
1904 268 2015 331 SIS
2062 269 2441 334 OCTOBER.

3629 289 3658 347 1
3669 289 3774 348 220

384 443 655 516 caligine,
679 455 811 496 cum
845 453 1050 511 parum
1079 434 1462 507 aspexissent,
1481 438 1537 488 et
1558 431 1735 488 veluti
1749 431 2017 504 respiras-

2135 431 2234 499 τήν
2291 430 2625 508 κατέχουσαν
2681 433 2876 497 αὐτοὺς
2939 437 3075 500 τέως
3134 438 3236 493 ὑπὸ
3287 437 3562 514 δαιμόνων
3603 444 3770 522 uilli“

383 537 534 600 sent,
593 530 753 586 illius
797 532 1036 584 sanctos
1095 527 1268 597 pedes
1299 522 1660 590 osculantur,
1691 528 1746 576 et
1803 520 2024 574 nullam

385 622 626 679 edentes
683 633 906 685 vocem,
937 633 1036 672 eos
1088 615 1185 668 diu
1243 619 1461 679 tenent,
1511 612 1653 666 adeo
1711 614 1776 665 ut
1826 624 2028 665 omnes

386 711 790 769 existimarent
831 723 929 762 eos
986 721 1108 760 esse
1152 706 1434 758 mortuos.
1471 703 1600 772 Ipse
1635 703 1832 754 autem
1890 715 2024 754 cum

385 799 873 874 apprehendisset
904 795 1136 849 illorum
1167 795 1486 859 dexteram,
1513 788 1645 844 facit
1667 805 1764 844 eos
1787 803 2025 860 surgere

382 907 539 948 sanna
593 885 827 943 mentis.
861 885 932 940 Et
991 882 1074 938 illi
1135 881 1395 952 quidem,
1428 878 1689 950 quaesitis
1745 877 2024 947 vestibus,

385 995 520 1036 cum
556 995 653 1034 eas
684 975 1036 1039 induissent,
1070 973 1459 1028 cernebantur
1498 969 1767 1038 deinceps
1811 967 2022 1035 vestiti,

381 1071 437 1124 et
466 1082 620 1122 εειιω
652 1061 888 1125 mentis,
923 1064 981 1116 et
1012 1061 1082 1115 ab
1117 1057 1362 1114 Abercio
1395 1055 1636 1112 minime
1665 1054 2022 1111 recedentes.

450 1340 568 1394 VII.
601 1343 745 1395 Cum
799 1337 918 1392 haec
957 1338 1153 1390 autem
1186 1332 1428 1388 vidisset
1459 1329 1644 1397 lurba,
1677 1343 1881 1384 omnes
1911 1327 2023 1384 vel-

379 1431 466 1486 uti
519 1445 634 1484 una
695 1429 886 1482 mente
943 1433 996 1480 et
1053 1438 1167 1478 uno
1217 1437 1354 1477 ore:
1397 1421 1483 1475 Tu
1532 1435 1591 1474 es
1639 1417 1801 1473 solus
1849 1433 2021 1473 verus

379 1520 556 1579 Deus,
589 1515 690 1588 qui
725 1531 826 1587 per
855 1519 1015 1568 tuum
1061 1508 1395 1583 praedicaris
1445 1508 1776 1588 Abercium,
1811 1521 2020 1578 magna

373 1623 512 1663 voce
545 1585 827 1661 diserunt.
864 1604 925 1657 Ei
971 1602 1050 1657 rei
1101 1602 1209 1655 fert
1263 1585 1664 1654 testimonium
1723 1596 2020 1666 repentina

374 1696 479 1754 illa
527 1692 906 1750 commutatio
978 1688 1398 1753 multitudinis,
1447 1703 1574 1757 quae
1637 1701 1821 1755 usque
1877 1685 2019 1738 adeo

2132 517 2602 594 ἀποϐεϐληκότες,
2663 522 3052 600 διαϐλέψαντές
3121 551 3178 584 τε
3259 534 3455 606 μικρὸν
3519 517 3774 592 καῖνοῖον

2131 613 2529 688 ἀνενεγκόντες,
2593 623 2712 680 τοῖς
2769 618 2950 696 ἁγίοις
3041 623 3248 677 ἐκείνου
3328 625 3485 678 ποσὶν
3561 627 3772 690 ἑαυτοὺς

2133 699 2365 772 διδοῦσι,
2418 707 2504 760 καὶ
2557 704 2762 782 ἄφωνοι
2801 708 3009 763 τούτων
3060 708 3149 764 ἐπὶ
3189 711 3333 766 πολὺ
3366 711 3609 786 ἔχονται,
3642 714 3775 772 ὥστε

2130 793 2217 846 καὶ
2291 800 2466 856 θανεῖν
2523 795 2718 857 αὐτοὺς
2773 799 3090 871 νομίζεσθαι
3156 801 3298 874 παρὰ
3345 803 3578 858 πάντων.
3613 804 3774 869 Αὐτὸς

2133 880 2342 952 μέντοι,
2408 878 2719 956 λαϐόμενος
2786 885 3044 962 ἑκατέρου
3100 897 3198 957 τῆς
3267 887 3464 960 δεξιᾶς,
3513 895 3773 969 νήφοντας

2129 970 2323 1033 αὐτοὺς
2363 969 2692 1044 διανίστησι.
2727 976 2827 1032 Καὶ
2859 977 2915 1030 οἱ
2950 977 3044 1049 μὲν
3078 975 3305 1047 ἐσθῆτας
3345 980 3770 1051 έπιζητήσαντες

2128 1061 2218 1114 καὶ
2274 1059 2470 1122 ταύτας
2503 1060 2759 1132 ἐνδύντες,
2787 1064 3167 1138 εἷματισμένοι
3216 1068 3278 1122 τὸ
3326 1067 3520 1124 λοιπὸν
3560 1071 3773 1146 ἑωρῶν-

2128 1170 2190 1204 το
2243 1151 2333 1204 καὶ
2391 1158 2820 1227 σωφρονοῦντες,
2852 1153 2942 1209 καὶ
2975 1152 3260 1230 Ἀϐερκίου
3312 1157 3443 1230 μηδ’
3475 1158 3626 1224 ὅπως
3683 1161 3768 1216 οὗν

2127 1238 2502 1316 ἀφιστάμενοι.

2199 1330 2268 1386 Ζ’.
2309 1331 2370 1386 Ὁ
2431 1327 2488 1386 δὲ
2544 1328 2719 1407 ὄχλος
2791 1338 2962 1391 ταῦτα
3017 1334 3221 1400 ἰδόντες
3285 1337 3432 1394 ὥςπε
3533 1341 3622 1374 ⁸-⁸
3726 1345 3771 1382 ν’

2728 1379 2741 1405 9
3231 1383 3244 1407 ν
3336 1378 3357 1399 ἰ
3437 1359 3466 1414 Ρ
3527 1361 3634 1396 υ⁴⁶⁰
3681 1362 3774 1412 μσς

2126 1418 2318 1481 πάντες
2368 1421 2562 1496 γνώμῃ
2615 1421 2704 1476 καὶ
2751 1421 2989 1499 γλώττῃ.
3026 1425 3098 1480 Σὺ
3148 1426 3194 1481 εἷ
3235 1427 3263 1482 ὁ
3314 1427 3480 1501 μόνος
3512 1428 3775 1500 ἀληθινός

2127 1507 2255 1569 Θεὸς
2309 1509 2337 1562 ὁ
2382 1505 2472 1563 διά
2513 1514 2609 1564 τοῦ
2655 1515 2749 1566 σοῦ
2814 1515 3220 1587 κηρυττόμενος
3280 1513 3588 1592 ’Ᾱόερκίου,
3641 1519 3775 1592 μέγα

2128 1595 2462 1673 ἐφθέγξαντο.
2527 1601 2806 1674 Μαρτυρεῖ
2863 1608 2944 1676 τῷ
3029 1605 3315 1679 πράγματι
3363 1607 3455 1661 κκὶ
3513 1610 3548 1676 ἡ
3610 1609 3776 1682 ἀθρόα

2124 1690 2220 1740 τοῦ
2286 1686 2532 1756 πλήθους
2597 1688 2805 1744 ἐκείνου
2869 1687 3186 1765 μεταϐολὴ,
3247 1695 3388 1750 οὕτω
3437 1698 3558 1750 κατ’
3613 1696 3777 1769 ἄκρας

373 1786 485 1841 fuit
533 1788 701 1856 capta
747 1779 1044 1848 miraculo,
1078 1784 1142 1834 ut
1195 1776 1394 1832 nullus
1443 1775 1715 1838 defuerit,
1747 1774 1844 1845 qui
1899 1791 2014 1829 non

2129 1773 2367 1828 ἀλύντων
2424 1779 2502 1845 τῷ
2559 1777 2814 1850 θαύματι,
2841 1779 2917 1840 ὡς
2951 1778 3157 1852 μηδένα
3189 1782 3403 1838 τούτων
3437 1782 3779 1860 ἀπολειφθῆ-

374 1876 609 1930 haberet
632 1871 1027 1944 agnitionem:
1065 1869 1182 1922 imo
1232 1881 1435 1922 omnes
1487 1865 1557 1919 ad
1591 1863 1849 1919 divinum
1881 1864 2019 1933 bap-

373 1963 617 2019 tismum
665 1959 1045 2022 accurrerint,
1104 1974 1171 2012 ex
1223 1959 1444 2026 paratis
1487 1953 1730 2009 Abercio
1790 1951 2021 2007 insidiis

375 2056 485 2111 hoc
517 2051 854 2124 praeclarum
887 2047 1122 2102 interim
1159 2043 1477 2108 consecuti,
1498 2059 1705 2112 nempe
1736 2058 1904 2097 suam
1938 2058 2024 2096 sa-

374 2146 583 2200 lutem.
619 2143 903 2197 Caterum
947 2137 1217 2192 dicebant
1249 2151 1378 2190 esse
1435 2134 1680 2204 aliquid,
1717 2133 1872 2204 quod
1924 2147 2022 2187 eos

378 2231 623 2287 maxime
672 2226 1058 2284 conturbabat
1093 2243 1105 2280 :
1140 2242 1200 2280 se
1260 2225 1415 2279 enim
1495 2223 1905 2292 pertimescere
1952 2236 2022 2276 ne

377 2327 613 2392 propter
625 2332 898 2386 magnum
913 2315 1180 2379 dedecus,
1199 2329 1313 2383 quo
1328 2311 1638 2368 multitudo
1653 2316 2017 2384 peccatorum

381 2407 639 2480 perfudit
692 2406 970 2471 animam,
1030 2404 1108 2458 sic
1185 2406 1592 2472 permanerent
1656 2417 2022 2479 nequaquam

379 2503 494 2554 Deo
549 2495 792 2566 accepti.
853 2494 1208 2549 Accedentes
1266 2492 1461 2562 itaque
1518 2491 1832 2546 dicebant:
1875 2495 2023 2546 Doce

383 2604 506 2657 nos,
544 2586 716 2641 homo
750 2583 868 2650 Dei,
901 2600 972 2639 an
1007 2581 1082 2638 sit
1111 2599 1217 2637 nos
1247 2587 1402 2636 Deus
1433 2580 1721 2652 patienter
1751 2582 2022 2649 aspectu-

389 2693 509 2746 rus,
541 2692 613 2730 an
655 2673 825 2730 nobis
859 2671 1009 2729 mala
1043 2671 1377 2726 redditurus
1409 2673 1646 2742 propter
1669 2685 1738 2724 ea
1768 2673 2020 2740 peccata,

382 2781 506 2838 quas
531 2765 777 2820 fecimus
813 2763 873 2817 in
905 2759 1260 2834 ignorantia,
1293 2760 1446 2830 quod
1487 2759 1660 2814 etiam
1691 2758 2020 2827 horremus,

382 2858 620 2928 propter
650 2852 805 2923 quod
833 2851 1118 2919 dolemus,
1152 2851 1304 2921 quod
1338 2850 1614 2904 timemus
1653 2865 1718 2904 ac
1751 2848 2023 2904 formida-

381 2962 537 3001 mus.
591 2942 692 2999 Ille
741 2945 936 2997 autem
987 2939 1228 3010 propius
1275 2939 1579 3005 accedens,
1611 2953 1788 3006 quam
1837 2937 2024 3006 potuit

383 3033 635 3089 maxima
665 3034 723 3086 et
751 3028 1077 3084 clarissima
1105 3043 1282 3083 voce:
1314 3026 1456 3093 Viri,
1489 3025 1702 3096 inquit,
1733 3025 1831 3094 qui
1864 3041 2021 3081 nunc

2131 1881 2216 1914 ναι
2249 1869 2348 1931 τῆς
2390 1863 2734 1937 ἐπιγνώσεως
2766 1886 2777 1898 ·
2818 1865 2962 1922 ἄλλα
3003 1874 3084 1940 τῷ
3141 1871 3268 1941 θείῳ
3326 1872 3531 1934 πάντας
3583 1874 3778 1946 βαπτί-

2133 1972 2296 2022 σματι
2353 1951 2744 2029 προσδραμεῖν,
2787 1955 2955 2011 καλὸν
3003 1959 3276 2035 πάρεργον
3329 1968 3430 2029 τῆς
3487 1957 3776 2037 Ἀϐερκίου

2131 2037 2431 2110 ἐπιϐουλῆς
2501 2045 2600 2111 τήν
2696 2045 2898 2100 ἑαυτῶν
2987 2049 3266 2122 σωτηρίαν
3347 2053 3773 2125 ποιησαμένους.

2133 2127 2287 2198 Πλὴν
2320 2130 2452 2184 εἶναί
2480 2154 2530 2186 τι
2578 2133 2640 2187 τὸ
2683 2133 2918 2206 μάλιστα
2969 2132 3232 2211 θορυϐοῦν
3285 2138 3477 2201 αὐτοὺς
3532 2139 3726 2214 ἔλεγον
3759 2161 3772 2172 ·

2132 2216 2431 2274 δεδοικέναι
2469 2222 2569 2296 γὰρ
2601 2222 2689 2277 καὶ
2745 2223 2982 2299 τρέμειν,
3019 2228 3095 2298 μή
3137 2248 3274 2283 ποτε
3339 2227 3426 2283 διὰ
3468 2231 3570 2298 τήν
3631 2229 3775 2285 πολ-

2133 2307 2236 2377 λὴν
2269 2307 2556 2384 αἷσχύνην,
2592 2312 2651 2380 ἢν
2683 2316 2745 2366 τὸ
2783 2319 2890 2368 τῶν
2923 2313 3202 2390 ἁμαρτιῶν
3247 2315 3460 2386 πλῆθος
3516 2325 3617 2388 τῆς
3668 2323 3774 2392 ψυ-

2132 2404 2244 2475 χῆς
2285 2399 2460 2453 αὐτῶν
2531 2400 2931 2471 κατεσκέδασεν,
2983 2403 3341 2479 ἀπρόσδεκτοι
3409 2407 3554 2464 οὕτω
3628 2411 3773 2485 παρά

2133 2491 2247 2558 Θεῷ
2298 2485 2670 2561 διαμείνωσιν.
2706 2490 2928 2564 Ἀμέλει
2987 2495 3078 2548 καὶ
3134 2495 3467 2570 προσιόντές.
3525 2495 3773 2568 Δείδαξον

2131 2577 2301 2648 ἡμᾶς,
2346 2575 2556 2652 ἔλεγον,
2592 2578 2713 2654 ἄνερ
2756 2585 2852 2635 τοῦ
2903 2586 3059 2650 Θεοῦ,
3099 2583 3144 2638 εἷ
3197 2584 3502 2658 ἀνεξίκακον
3559 2590 3695 2660 ἡμῖν
3748 2589 3775 2642 ὁ

2133 2666 2261 2727 Θεὸς
2320 2662 2623 2742 ἐπιϐλέψει,
2716 2667 3008 2731 ἀποδιδους
3038 2667 3184 2727 ἔσται
3235 2674 3314 2751 ἐφ’
3347 2677 3434 2737 οἷς
3498 2675 3575 2738 εἷς
3616 2676 3778 2732 αὐτὸν

2133 2755 2183 2810 ἐν
2232 2755 2416 2830 ἀγντίᾳ
2487 2756 3084 2832 πεπλημμελήκαμεν·
3145 2763 3174 2817 ’ὀ
3252 2763 3341 2818 καί

2134 2845 2265 2918 ὑπὲρ
2316 2846 2376 2900 οὗ
2422 2843 2736 2922 φοϐούμεθα
2791 2851 2878 2904 καὶ
2932 2848 3271 2925 δεδοίκαμεν.
3320 2855 3379 2912 Ὁ
3447 2853 3524 2924 δὲ,
3574 2857 3775 2929 προσέο

2132 2934 2248 3021 χὼν
2293 2934 2506 3010 μεγάλῃ
2541 2936 2614 2998 ὡς
2646 2934 2865 2993 δυνατὸν
2897 2940 2986 2994 καὶ
3018 2938 3249 3017 λαμπρᾷ
3293 2947 3362 3016 τῇ
3423 2948 3578 3021 φωνῇ
3605 2964 3619 2977 ·
3654 2951 3777 3002 "Av-

2131 3020 2251 3098 δρες
2292 3025 2343 3078 οἱ
2399 3029 2491 3079 νῦν
2537 3026 2937 3096 πιστεύσαντες,
2995 3024 3121 3100 ἔφη,
3183 3031 3236 3086 εἷ’
3291 3033 3372 3105 μή
3439 3020 3774 3107 νέπιμείνητα

3420 2767 3611 2841 φριττό
3619 2788 3777 2839 μενος

384 3119 737 3188 credidistis,
771 3118 821 3174 si
871 3133 986 3172 non
1035 3115 1412 3188 perseveretis
1466 3115 1523 3168 in
1583 3114 1875 3171 veleribus
1926 3130 2017 3170 ve-

2129 3119 2242 3175 τοῖς
2272 3114 2527 3177 παλαιοῖς
2585 3116 2738 3188 ὑμῶν
2788 3115 2971 3195 ἔργοις
3034 3119 3126 3174 καὶ
3173 3122 3296 3183 ταῖς
3345 3129 3636 3197 πατρικαῖς
3666 3145 3776 3178 πα-

376 3211 515 3267 stris
543 3207 839 3279 operibus,
873 3209 930 3262 et
960 3204 1218 3277 paternis
1250 3204 1686 3271 traditionibus,
1721 3205 1819 3260 sed
1857 3220 2014 3261 rece-

375 3299 527 3355 datis
575 3297 648 3354 ab
700 3295 861 3352 omni
900 3294 1060 3365 vitio,
1095 3293 1333 3362 invidia,
1375 3295 1636 3364 inquam,
1687 3294 1841 3360 odio,
1901 3295 2015 3349 im-

377 3386 685 3455 munditia,
717 3390 774 3442 et
816 3385 965 3452 aliis,
999 3400 1121 3454 quas
1171 3383 1328 3456 prius
1360 3383 1596 3451 fecistis,
1637 3400 1774 3438 cum
1808 3386 2015 3440 essetis

374 3478 435 3533 in
467 3475 816 3548 ignorantia,
849 3475 976 3555 ipse
1015 3473 1122 3530 erit
1171 3474 1338 3530 vobis
1383 3473 1691 3544 propitius,
1725 3473 1786 3528 in
1840 3489 2013 3543 quem

374 3583 530 3623 nunc
561 3566 787 3621 sincere
827 3563 1197 3619 credidistis:
1233 3563 1332 3633 qui
1391 3564 1569 3617 etiam
1631 3579 1731 3617 eos
1773 3579 2012 3630 vocans,

374 3656 475 3728 qui
515 3660 655 3712 sunt
703 3654 995 3725 aggravali
1041 3652 1293 3724 peccatis
1327 3669 1340 3706 :
1376 3673 1403 3701 «
1438 3653 1662 3718 Venite,
1694 3651 1904 3722 inquit,
1941 3652 2012 3707 ad

371 3762 466 3803 me
512 3761 737 3812 omnes,
770 3743 871 3815 qui
909 3742 1208 3809 laboratis,
1241 3746 1299 3798 et
1347 3741 1570 3797 onerati
1601 3741 1759 3809 estis,
1793 3749 1847 3796 et
1909 3757 2014 3811 ego

370 3834 630 3891 reﬁciam
671 3849 770 3889 vos
803 3832 823 3866 1
857 3854 886 3882 »
917 3831 1211 3887 Habemus
1260 3829 1526 3900 exempla
1557 3830 2015 3885 innumerabilia

372 3923 502 3991 ejus
531 3917 936 3990 benignitatis.
961 3917 1350 3984 Quamobrem
1378 3917 1436 3971 in
1470 3916 1666 3988 ipsum
1690 3915 2008 3984 credentes,

369 4027 473 4066 vos
505 4025 704 4065 omnes
735 4007 786 4063 ei
831 4010 1056 4062 vestras
1094 4005 1357 4061 dedicate
1387 4007 1635 4072 animas,
1668 4007 1724 4060 et
1763 4022 1864 4075 spe
1895 4022 2013 4062 non

374 4097 822 4155 frustrabimini.
854 4097 961 4152 Sed
1013 4111 1237 4167 graVes,
1271 4095 1562 4161 dicebant,
1597 4095 1798 4166 plagas
1845 4112 2013 4151 acce-

373 4190 592 4261 pimus,
624 4192 772 4243 totos
809 4185 1074 4256 nosipsos
1096 4189 1266 4240 antea
1295 4184 1573 4239 dedentes
1597 4183 1864 4240 obscenis
1889 4201 2012 4240 cor-

373 4275 532 4348 poris
560 4273 975 4345 voluptatibus,
1009 4278 1064 4328 et
1096 4272 1352 4327 maxime
1397 4287 1466 4327 ex
1497 4277 1662 4343 parte
1691 4273 2010 4329 servientes

373 4364 632 4438 corporis
651 4363 1070 4434 voluptatibus,
1090 4366 1146 4416 et
1171 4361 1422 4416 maxima
1437 4378 1502 4417 ex
1522 4365 1680 4430 parte
1692 4363 2010 4419 servientes

373 4453 628 4525 corporis
659 4452 983 4520 desideriis,
1015 4460 1069 4506 et
1098 4450 1290 4506 adhuc
1323 4450 1537 4506 malam
1568 4451 1849 4508 habemus
1878 4469 2008 4510 con-

373 4544 766 4609 suetudinem,
801 4540 1166 4614 tyrannidem
1199 4539 1258 4594 in
1292 4540 1460 4595 nobis
1491 4545 1874 4597 exercentem.
1909 4542 2011 4599 Ille

371 4641 566 4691 autem
602 4649 615 4688 :
651 4629 973 4694 Accurrite,
1006 4628 1218 4699 inquit,
1245 4629 1682 4700 quamprimum
1714 4631 1786 4686 ad
1821 4631 2010 4687 medi-

372 4738 530 4791 cum,
560 4724 617 4776 et
654 4718 972 4790 jejunium,
1003 4715 1248 4784 labores,
1284 4733 1502 4787 preces,
1538 4717 1846 4790 lacrymas,
1882 4735 2010 4791 pec-

372 4815 633 4866 catorum
687 4807 1138 4875 confessionem,
1188 4810 1245 4861 et
1294 4806 1522 4862 illarum
1569 4807 1852 4879 ipsarum,
1885 4824 2012 4878 quas

371 4915 472 4954 vos
501 4906 729 4968 vexant,
763 4895 1208 4968 cogitationum,
1237 4901 1294 4953 et
1321 4896 1391 4951 ad
1426 4896 1642 4952 malum
1679 4897 2011 4956 faciendum

369 4986 718 5060 impellunt:
751 4987 902 5057 quod
962 4985 1136 5041 etiam
1181 5001 1282 5055 per
1327 4985 1594 5041 divinum
1645 4986 1791 5042 Osee
1838 4987 2012 5060 longe

370 5083 505 5136 ante
535 5081 798 5149 tempore
828 5075 979 5133 Deus
1012 5081 1212 5147 ulpote
1251 5091 1365 5130 non
1415 5074 1487 5130 ab
1518 5075 1603 5131 eis
1645 5077 1878 5144 factum,
1909 5095 2015 5135 ex-

369 5169 605 5241 probrat
651 5167 871 5224 Judaeis
902 5183 915 5221 :
951 5169 1084 5234 Cur,
1117 5166 1316 5221 dicens
1348 5164 1597 5220 siluistis
1627 5165 2014 5238 impietatem,

369 5262 428 5314 et
474 5258 603 5328 ejus
651 5257 910 5312 fructum
962 5253 1414 5311 vindemiaslis’
1444 5255 1470 5309 ?
1499 5259 1631 5310 Haec
1698 5257 2017 5315 utilissima

370 5343 794 5401 medicamenta
842 5343 959 5416 ipsi
1009 5342 1174 5398 vobis
1233 5342 1517 5412 imponite
1546 5360 1558 5398 :
1587 5347 1642 5399 et
1685 5361 1789 5402 nec
1819 5346 2016 5402 vulne-

367 5448 496 5489 rum
530 5432 766 5503 quidem
800 5434 964 5488 vobis
990 5432 1316 5488 remanebit
1343 5434 1674 5504 vestigium.

439 5519 586 5575 VIII.
636 5523 783 5575 Cum
826 5537 925 5577 eos
966 5521 1047 5577 sic
1088 5520 1322 5577 divinus
1373 5521 1769 5594 alloqueretur
1824 5525 2016 5582 Aber-

438 5652 456 5688 ¹
481 5649 684 5707 Matth.
715 5668 776 5725 Il,
806 5653 897 5711 28.
929 5651 950 5686 ³
982 5649 1125 5706 Osee
1152 5667 1210 5720 κ,
1242 5650 1330 5707 13.

2130 3199 2430 3276 ραδόσεσιν,
2490 3203 2637 3260 ἀλλά
2692 3205 2870 3278 πάσης
2935 3207 3209 3279 ἀποστῆτε
3261 3211 3472 3278 κακίας,
3541 3211 3773 3287 φθόνους

2125 3293 2291 3368 φημὶ,
2344 3294 2433 3346 καὶ
2494 3293 2708 3366 μίσους,
2763 3293 3082 3372 έκαθαρσίας
3129 3299 3219 3354 καὶ
3282 3304 3386 3354 τῶν
3439 3299 3627 3355 ἄλλων
3675 3297 3773 3356 ὅσα

2125 3382 2387 3456 πρότερον
2447 3382 2496 3437 έν
2563 3383 2759 3458 ἀγνοίᾳ
2833 3380 2984 3441 ὄντες
3044 3387 3354 3461 ἐπράττετε,
3407 3386 3575 3450 ἵλεως
3645 3391 3772 3463 ὑμῖν

2126 3469 2288 3532 αὐτὸς
2339 3466 2509 3543 ἔσται,
2541 3472 2616 3535 εἰς
2666 3473 2723 3529 ’ὀν
2780 3475 3012 3548 γνησίως
3069 3481 3156 3532 νῦν
3217 3478 3605 3534 πεπιστεύκατε
3639 3499 3654 3512 ο
3709 3480 3770 3543 ὃς

2126 3559 2216 3614 καὶ
2247 3559 2732 3635 προσκαλούμενος
2790 3565 2916 3627 τοὺς
2975 3566 3265 3640 ἁμαρτίαις
3309 3562 3721 3643 βεϐαρημένους
3753 3587 3770 3599 °

2126 3653 2286 3704 Δεῦτε
2333 3653 2548 3718 πάντες,
2580 3653 2768 3730 φησὶν,
2800 3654 2851 3707 οἱ
2899 3659 3201 3719 κοπιῶντες
3252 3658 3342 3711 καὶ
3399 3659 3774 3735 πεφορτισμέ-

2122 3759 2224 3805 νοι,
2273 3740 2428 3815 καγὼ
2476 3739 2761 3795 ἐναπαύσω
2812 3741 2972 3815 ὑμᾶς.
3008 3745 3252 3819 Ἔχομεν
3317 3746 3483 3821 μυρία
3511 3749 3608 3815 τῆς
3667 3747 3772 3802 σῦ-

2123 3831 2218 3884 τοῦ
2301 3830 2680 3903 χρηστότητος
2757 3829 3145 3906 ὑποδείγματα.
3208 3835 3406 3909 Διόπερ
3472 3836 3548 3897 εἰς
3605 3835 3768 3890 αὐτὸν

2120 3918 2515 3985 πιστεύσαντες,
2550 3919 2697 3991 αύτῷ
2753 3921 2843 3974 καὶ
2900 3922 2994 3982 τὰς
3028 3922 3209 3997 ψυχὰς
3241 3925 3496 3979 ἀνάθεσθε
3552 3925 3770 3993 πάντες,

2120 4009 2210 4062 καὶ
2268 4010 2377 4062 τῶν
2435 4005 2674 4062 ἐλπίδων
2729 4009 2834 4085 οὐχ
2891 4011 3255 4085 ἀμαρτῆσετε,
3288 4011 3470 4068 Ἀλλὰ
3527 4013 3770 4086 πληγεὶς,

2121 4097 2298 4166 εἶπον,
2338 4091 2611 4170 ἐλάϐομεν
2644 4097 2916 4172 χαλεπὰς,
2963 4099 3128 4162 ὅλους
3191 4102 3412 4163 ἑαυτοὺς
3450 4103 3586 4178 πρὸς
3641 4103 3765 4158 ἀτό-

2119 4206 2256 4246 πους
2302 4183 2404 4241 τοῦ
2464 4186 2587 4260 βίου
2629 4185 2827 4256 ἡδονὰς
2866 4190 3036 4246 πάντα
3083 4191 3173 4245 τὸν
3215 4188 3516 4266 ἔμπροσθεν
3569 4196 3768 4268 χρόνον

2119 4275 2349 4340 ἀνέντες,
2405 4275 2495 4330 καὶ
2561 4274 2747 4332 πολλά
2795 4283 2917 4340 ταῖς
2986 4283 3081 4334 τοῦ
3139 4281 3400 4353 σώματος
3457 4281 3773 4356 ἐπιθυμίαις

2121 4363 2521 4431 δουλεύσαντες,
2575 4365 2664 4420 καὶ
2721 4368 2823 4436 τήν
2887 4368 3131 4442 πονηρὰν
3188 4366 3266 4424 ἔτι
3335 4374 3620 4440 συνήθειαν
3672 4393 3775 4428 τυ-

2123 4457 2384 4528 ρανοῦσαν
2444 4451 2496 4508 έν
2557 4455 2768 4516 ἑαυτοῖς
2825 4450 3072 4532 ἔχοντες.
3125 4456 3303 4515 Ἀλλά
3353 4457 3604 4533 δράμετε,
3665 4484 3780 4540 φη·-

2123 4519 2131 4528 .
2858 4519 2896 4532 η
3040 4519 3048 4521 -
3387 4519 3396 4533 .
3459 4519 3469 4532 .
3591 4519 3603 4529 ν
3677 4519 3688 4540 ,
3727 4519 3740 4532 .

2041 4519 2098 4584 D
2123 4543 2228 4613 σὶν,
2262 4545 2336 4606 ὡς
2367 4544 2538 4619 τάχος
2579 4543 2666 4600 έπὶ
2709 4547 2803 4600 τὸν
2849 4546 3050 4618 ἰατρὸν,
3082 4547 3171 4602 καὶ
3227 4551 3499 4621 νηστείαν,
3551 4549 3776 4620 πόνους,

2120 4634 2458 4708 προσευχὰς,
2501 4631 2726 4708 δάκρυα,
2774 4635 2839 4690 τὸ
2909 4639 3011 4706 τήν
3067 4637 3340 4712 ἁμαρτίαν
3409 4636 3778 4715 ἐξαγορεύειν,

2118 4721 2209 4778 καὶ
2267 4722 2464 4785 αὐτοὺς
2525 4722 2761 4786 ἐκείνους
2818 4725 2947 4787 τοὺς
3008 4724 3378 4800 ἐνοχλοῦντας
3440 4728 3570 4799 ὑμῖν
3622 4728 3779 4805 λνγι-

2122 4810 2292 4884 σμοὺς
2340 4811 2430 4866 καὶ
2496 4813 2632 4887 πρὸς
2689 4814 2790 4882 τήν
2847 4818 2945 4868 τοῦ
3045 4819 3215 4869 κακοῦ
3271 4817 3462 4891 πρᾶξιν
3499 4816 3785 4879 ὠθοῦντας

2121 4901 2150 4956 ’ὀ
2179 4901 2269 4955 καὶ
2320 4899 2407 4955 διὰ
2440 4903 2599 4972 Ὠσηὲ
2636 4906 2734 4957 τοῦ
2783 4902 2933 4958 θείου
2991 4902 3229 4967 πολλοῖς
3279 4907 3543 4981 πρότερον
3585 4908 3614 4962 ὁ
3647 4911 3785 4969 Θεὸς

2123 4991 2345 5068 χρόνοις
2373 4987 2622 5060 ὀνειδίζει
2650 4989 2776 5053 τοὺς
2812 4989 3133 5062 Ἰουδαίους,
3155 4995 3272 5052 Ἵνα
3300 5015 3376 5064 τι,
3417 4994 3613 5070 λέγων,
3638 5018 3783 5066 παρ-

2123 5080 2463 5148 εσιωπήσατε
2515 5076 2791 5149 ἀσέϐειαν,
2841 5082 2928 5136 καὶ
2979 5083 3070 5138 τὸν
3126 5084 3332 5158 καρπὸν
3386 5085 3555 5154 αὐτῆς
3609 5084 3782 5159 ἐτρυ-

2123 5170 2374 5239 γήσατες
2434 5173 2612 5225 Ταῦτα
2672 5168 2736 5240 δὴ
2797 5173 2865 5226 τὰ
2920 5171 3302 5244 ἀνοσιμώτατα
3360 5176 3623 5252 φάρμακα
3676 5175 3782 5230 αύ-

2121 5259 2208 5312 τοὶ
2273 5258 2486 5320 ἑαυτοῖς
2538 5256 2766 5328 ἐπίθετε,
2798 5259 2888 5314 καὶ
2939 5258 3063 5316 οὐδὲ
3095 5259 3256 5339 ἴχνος
3287 5264 3414 5336 ὑμῖν
3454 5269 3565 5319 τῶν
3612 5285 3785 5338 τραυο

2129 5348 2314 5420 μάτων
2346 5346 2824 5428 ὑπολειφθήσεται.

2195 5530 2275 5586 H'.
2327 5528 2485 5587 Οὕτω
2543 5534 2638 5586 τοῦ
2690 5529 2834 5595 θείου
2887 5531 3022 5609 πρὸς
3087 5531 3282 5598 αὐτοὺς
3339 5528 3636 5610 Ἀϐερκίου
3695 5534 3788 5591 δι-
