4012 6220
246 304 400 364 1221

1611 299 1789 362 Vl'I‘A
1837 299 1897 360 S.
1948 301 2287 364 ABERCII.

3498 318 3527 378 1
3540 319 3654 378 222

236 465 494 536 ἓξιόντος,
563 466 600 534 ἢ
661 465 824 536 ἐνάτη
891 471 990 535 τῆς
1047 462 1257 538 ἡμέρας
1309 461 1426 538 ὣρα
1472 461 1606 537 πρὸς
1654 459 1889 522 τὸτέλος

2009 460 2157 529 cius,
2183 479 2335 520 nona
2375 464 2517 522 hora
2546 467 2658 523 diei
2704 469 2866 526 finita
2911 472 2976 528 ei'
3003 488 3238 546 quoque
3270 478 3440 534 affert
3470 478 3647 538 finem

235 552 350 624 ἤδη
410 552 702 628 γενομένη,
750 553 908 616 τέλος
965 553 1112 625 αὐτῷ
1169 550 1256 606 καὶ
1314 555 1393 623 τῷ
1440 553 1550 606 τῶν
1583 549 1759 626 λόγων
1802 548 1898 603 ἐπ-

238 642 383 717 άγει,
414 644 506 698 καὶ
545 640 789 698 διέλυσεν
836 642 887 696 έν
920 643 1136 703 τούτοις
1179 643 1280 710 τὴν
1319 638 1570 714 ὁμιλίαν,
1617 646 1719 710 τῆς
1772 660 1899 694 συν-

242 733 413 802 ήθους
461 731 622 786 αὐτὸν
671 738 990 806 προσευχῆς
1034 728 1323 800 ἑλκούσης,
1357 729 1432 792 εἰς
1462 727 1686 802 ὁμιλίαν
1719 727 1898 798 ἄλλην

240 825 340 876 τοῦ
394 822 756 893 ποθουμένου.
817 821 879 878 Ὀ
921 821 1014 894 μὲν
1067 817 1159 874 οὖν
1210 819 1402 889 ἀνέστη
1453 819 1542 874 καὶ
1598 817 1692 879 τὰς
1747 817 1896 892 ἱερὰς

241 909 448 973 ἐκείνας
508 915 700 987 χεῖρας
750 914 867 971 τοῖς
929 914 1113 970 κακῶς
1173 903 1392 982 ἔχουσιν
1447 902 1671 974 ἔπιθεῖς,
1713 902 1896 963 ἕσϐεσέ

239 1020 298 1054 τε
348 999 534 1063 αὐτοῖς
562 999 656 1060 τὰς
706 995 898 1060 ὀδύνας
931 999 1021 1053 καὶ
1066 999 1200 1072 πρὸς
1250 997 1461 1054 τελείαν
1507 995 1705 1072 ὑγίειαν
1735 995 1896 1052 ἔπαν-

240 1090 462 1164 ήγαγεν.
532 1088 664 1145 Εἶτα
719 1092 882 1142 πᾶσιν
938 1087 1302 1162 ἐπευξάμενός
1366 1109 1424 1142 τε
1493 1089 1582 1143 καὶ
1659 1086 1890 1162 εὐλογη-

239 1199 356 1244 σας,
401 1176 549 1234 ἀλλὰ
601 1179 708 1250 μὴν
763 1178 853 1232 καὶ
892 1181 988 1232 τοῦ
1042 1177 1094 1232 ἐν
1142 1178 1329 1252 Κυρίῳ
1379 1177 1692 1255 φιλήματος
1735 1197 1894 1250 μετα-

237 1264 386 1336 δοὺς,
416 1267 507 1322 καὶ
561 1267 676 1322 οἷόν
723 1287 854 1322 τιπα
908 1264 1180 1344 σφραγῖδα
1229 1271 1391 1322 τοῦτο
1436 1265 1620 1327 αὐτοῖς
1661 1265 1888 1335 ἐπιθεὶς,

238 1356 377 1412 ὥστε
430 1354 616 1419 καλῶς
694 1357 1049 1435 φυλαχθῆναι
1109 1356 1256 1432 παρᾶ
1320 1355 1536 1418 τούτοις
1593 1356 1658 1411 τὰ
1745 1356 1892 1429 εἰρη-

241 1447 393 1519 μένα,
425 1443 609 1500 οῖ’καδὲ
640 1446 732 1500 σὺν
762 1451 882 1508 τοῖς
931 1443 1188 1522 ἀδελφοῖς
1238 1446 1441 1521 ἐχώρει
1473 1463 1488 1478 ·
1520 1445 1583 1500 τὸ
1641 1442 1698 1499 δὲ
1739 1443 1887 1509 πλῆ-

239 1544 332 1598 θος
412 1534 841 1605 ἐπηκολούθουν,
897 1536 988 1590 καὶ
1084 1536 1440 1610 βαπτισθῆναι
1525 1534 1612 1590 ὑπ’
1682 1533 1886 1589 ἐκείνου

235 1620 472 1679 ἐδέοντο.
515 1624 576 1680 Ὁ
621 1620 678 1678 δέ
725 1621 1052 1698 ἀποδέχεται
1101 1625 1196 1696 μέν
1244 1625 1307 1679 τὸ
1354 1622 1657 1698 πρόθυμον,
1704 1622 1884 1697 ὥσπερ

238 1711 403 1779 εἰκὸς,
434 1711 635 1784 πολλῷ
657 1711 887 1767 πλείονα
933 1714 1022 1767 καὶ
1076 1712 1236 1776 αὐτὸς
1293 1708 1440 1792 ἔχων
1479 1711 1530 1767 ἓν
1574 1711 1758 1784 τούτῳ
1785 1712 1885 1780 τήν

2012 550 2291 607 dicendi:
2335 558 2393 608 et
2449 555 2509 610 in
2571 556 2664 612 bis
2721 559 2889 614 solvit
2944 577 3293 633 sermonem,
3355 570 3652 627 consuetis

2009 641 2274 710 precibus
2302 658 2434 698 eum
2467 645 2840 704 trahentibus
2871 651 2942 705 ad
2974 651 3143 707 alium
3166 655 3507 725 isermonem
3543 660 3646 716 ha-

2006 730 2264 786 bendum
2309 748 2438 788 cum
2473 750 2561 801 eo,
2592 751 2758 806 quem
2790 738 3174 799 desiderabat.
3218 744 3316 801 Ille
3346 763 3482 818 ergo
3514 767 3648 805 sur-

2006 819 2188 885 rexit;
2219 824 2434 876 etcum
2484 838 2686 880 sacras
2741 841 2951 883 manus
2991 829 3370 901 imposuisset
3417 837 3509 904 iis,
3547 841 3646 911 qui

2005 906 2154 963 male
2183 925 2246 965 se
2295 909 2605 979 habebant,
2637 920 2691 969 et
2738 930 2941 972 eorum
2991 920 3262 976 exstinxit
3308 906 3644 997 dolores,-et

2003 998 2074 1052 ad
2108 998 2419 1069 perfectam
2454 1003 2680 1057 reduxit
2712 1006 3045 1064 sanitatem.
3083 1010 3299 1067 Deinde
3330 1030 3458 1071 cum
3495 1018 3640 1075 bene

2002 1093 2270 1161 precatus
2326 1096 2478 1147 esset
2529 1095 2828 1160 omnibus,
2905 1103 2963 1153 et
3030 1100 3443 1177 benedixisset,
3500 1109 3639 1179 quin

1999 1178 2174 1233 etiam
2234 1179 2434 1236 osculo
2490 1181 2549 1236 in
2604 1184 2848 1241 Domino
2907 1187 3304 1262 impertiisset,
3366 1199 3424 1251 et
3464 1178 3642 1255 veluti

1999 1267 2291 1337 quoddam
2316 1268 2682 1338 signaculum
2706 1273 2788 1328 eis
2813 1273 3210 1347 imposuisset,
3247 1287 3310 1338 ut
3341 1300 3467 1355 qum
3491 1287 3644 1343 dicta

1997 1360 2155 1422 sunt,
2188 1362 2342 1413 recte
2371 1359 2444 1413 ab
2474 1360 2560 1415 eis
2590 1363 3040 1436 custodirentur,
3071 1368 3313 1426 domum
3357 1373 3478 1429 ibat
3506 1391 3638 1433 cum

1997 1445 2326 1502 fratribus:
2368 1448 2683 1505 multitudo
2731 1457 2924 1508 autem
2983 1473 3112 1511 eum
3165 1461 3533 1530 sequebatur,
3581 1471 3639 1523 et

1996 1536 2251 1606 rogabat,
2287 1541 2350 1592 ut
2397 1539 2468 1593 ab
2508 1538 2608 1594 illo
2642 1539 3054 1612 baptizaretur.
3092 1547 3189 1603 Ille
3236 1555 3431 1608 autem
3475 1555 3636 1610 acci-

1996 1623 2080 1694 pit
2108 1624 2370 1696 quidem,
2411 1631 2475 1682 ul
2517 1645 2622 1700 par
2650 1635 2791 1698 erat,
2827 1641 3160 1706 promptum
3211 1655 3411 1697 eorum
3455 1644 3632 1700 animi

1994 1714 2274 1782 studium,
2307 1715 2433 1787 ipse
2483 1734 2712 1790 quoque
2758 1719 2818 1776 in
2863 1738 2930 1777 eo
2965 1723 3186 1782 habens
3235 1728 3405 1802 longe
3456 1734 3635 1803 majo-

237 1802 567 1877 προθυμίαν
623 1801 737 1856 ἐπεὶ
799 1798 854 1857 δέ
915 1802 991 1874 μή
1055 1802 1144 1856 καὶ
1190 1803 1256 1858 τά
1310 1809 1408 1872 τῆς
1469 1801 1613 1878 ὥρας
1659 1796 1884 1899 οὲδμϐαί-

1999 1819 2139 1868 rem,
2167 1820 2339 1875 quam
2368 1807 2404 1862 ii
2431 1806 2937 1877 babebant,animi
2961 1813 3318 1873 alacritatem
3337 1796 3476 1876 :vsed
3500 1796 3642 1893 quo-

237 1909 400 1944 νοντα
447 1889 539 1958 ἦν,
598 1889 676 1953 εἰς
730 1891 830 1958 τήν
882 1888 1065 1963 αὕριον
1131 1890 1193 1944 τὸ
1245 1890 1524 1965 βάπτισμα
1573 1885 1885 1946 ἀνεϐάλετο.

237 1979 304 2035 Οἱ
349 1979 441 2052 μὲν
475 1979 564 2032 οὖν
619 1976 825 2034 πολλοὶ
882 1978 1089 2034 τούτων
1139 1983 1219 2051 τῷ
1255 1978 1440 2052 θερμῷ
1470 1976 1629 2052 ἔρωτι
1660 1983 1757 2034 τοῦ
1793 1979 1889 2054 βα-

235 2067 558 2138 πτίσματος,
595 2065 718 2122 οὒδέ
746 2069 846 2137 τὴν
888 2064 1072 2122 οἶκαδε
1099 2068 1444 2147 ὒποστροφὴν
1479 2065 1887 2141 ὕπομείναντες,

245 2157 411 2212 αὐτοῦ
441 2178 545 2212 που
605 2159 751 2231 παρὰ
801 2157 864 2212 τὸ
915 2155 1189 2230 δωμάτιον
1234 2157 1628 2231 ἐκοιμήθησαν.
1662 2157 1887 2228 Ἐπειδή

237 2244 298 2301 δὲ
340 2245 406 2315 ἦν
442 2249 504 2300 ἒκ
563 2247 740 2319 μέσων
779 2251 1015 2315 νυκτῶν,
1047 2248 1075 2301 ὁ
1113 2252 1376 2302 τοσοῦτον
1437 2245 1491 2301 ἐν
1531 2247 1719 2322 χάριτι
1747 2246 1890 2320 λάμ-

236 2338 342 2408 ψας
392 2330 692 2408 Ἀϐέρκιος,
749 2335 1180 2410 προσευξάμενος
1255 2340 1335 2408 τῷ
1401 2341 1515 2408 Θεῷ
1585 2333 1742 2406 ἔξεισι
1790 2343 1890 2405 τῆς

235 2425 436 2493 οἰκίας,
488 2425 578 2480 καὶ
633 2425 724 2480 τὸν
781 2423 958 2504 ὅχλον
1015 2425 1380 2500 περιεστῶτας
1435 2445 1493 2480 τε
1543 2424 1633 2480 καὶ
1693 2425 1896 2498 ὑπομέ-

244 2534 433 2576 νοντας
487 2515 832 2588 θεασάμενος,
889 2516 954 2569 τὰ
1021 2516 1244 2588 ὅμματα
1301 2515 1377 2576 εἱς
1434 2513 1692 2588 οὐρανοὺς
1763 2513 1891 2569 ἀνα-

240 2601 415 2677 σχὼν,
468 2603 796 2678 Εὗχαριστῶ
844 2625 953 2672 σοι,
1006 2604 1246 2658 Δέσποτα
1296 2604 1382 2657 καὶ
1439 2604 1554 2670 est,
1604 2603 1775 2668 εἶπεν,
1808 2602 1890 2658 ὅτι

241 2712 310 2764 με
339 2693 430 2746 τὸν
491 2692 732 2765 ποιμένα
777 2697 884 2748 τῶν
933 2697 1038 2748 σῶν
1087 2691 1325 2766 λογικῶν
1376 2690 1664 2768 προϐάτων
1717 2691 1893 2763 ἠλέη-

239 2805 356 2852 σας,
405 2783 494 2838 καὶ
550 2785 640 2840 τὸν
687 2785 1064 2859 ἀγρυπνοῦντα
1121 2787 1236 2840 καθ’
1285 2787 1444 2857 ἡμῶν
1489 2784 1671 2854 λύκον,
1717 2803 1893 2860 κεχη-

233 2873 364 2928 νότα
416 2875 590 2946 μάτην
661 2872 962 2943 ἀπέδειξας,
1013 2875 1103 2929 καὶ
1157 2876 1255 2942 τήν
1314 2872 1728 2929 διασπασθεῖσαν
1789 2874 1895 2929 ἀπὸ

233 2969 336 3031 τῆς
400 2961 661 3033 ἀληθείας
721 2967 819 3018 τοῦ
865 2963 1132 3037 ποιμνίου
1185 2969 1378 3039 μοῖραν
1425 2963 1752 3033 ἀνεκαλέσω,
1803 2964 1894 3018 καὶ

238 3057 340 3120 τῆς
391 3048 479 3106 διὰ
525 3056 621 3107 τοῦ
679 3052 1049 3126 βαπτίσματος
1108 3054 1382 3116 υἱοθεσίας
1441 3050 1550 3122 ἤδη
1609 3054 1892 3126 κατηξίου.

229 3144 409 3196 Ταῦτα
462 3145 542 3213 τῷ
597 3146 705 3196 τῶν
771 3141 919 3196 ὅλων
976 3147 1093 3215 Θεῷ
1160 3139 1492 3218 διαλεχθεὶς,
1568 3140 1890 3206 ἀκολουθεῖν

235 3228 386 3300 αὖτῷ
428 3229 567 3305 πρὸς
620 3230 720 3298 τήν
782 3228 1078 3301 ἐκκλησίαν
1134 3231 1197 3286 τὸ
1248 3229 1463 3300 πλῆθος
1503 3231 1887 3306 προτρέπεται.

239 3313 463 3386 Ἐπειδὴ
493 3315 549 3372 δέ
576 3316 832 3396 ἀφίκοντο
880 3314 1013 3386 ἤδη,
1053 3318 1149 3378 τάς
1190 3319 1438 3388 συνήθεις
1493 3317 1675 3378 αὐτοῖς
1724 3317 1891 3393 εὐχὰς

240 3405 498 3475 ἐπειπὼν,
558 3407 762 3462 τελειοῖ
815 3411 895 3479 τῷ
975 3405 1308 3478 βαπτίσματι
1371 3404 1568 3482 ἄνδρας
1632 3427 1891 3462 πεντακοο

241 3494 394 3557 σίους
451 3497 544 3550 τὸν
593 3495 844 3569 ἀριθμὸν,
876 3493 1083 3550 πολλοὶ
1138 3493 1229 3550 οὗν
1287 3496 1432 3570 παρὰ
1486 3495 1577 3550 τὸν
1623 3493 1791 3570 ἄνδρα
1829 3495 1892 3550 τὸ

240 3585 334 3640 ἀπ’
391 3583 596 3640 ἐκείνου
653 3583 957 3661 συνέῤῥεον,
1001 3583 1063 3640 οὗ
1101 3591 1201 3652 τῆς
1250 3583 1500 3661 μεγάλης
1551 3584 1710 3656 μόνον
1754 3589 1895 3658 Φρυ·

238 3676 362 3752 γίας
411 3673 633 3742 καὶτῆς
691 3673 1010 3750 περιχώρου
1068 3675 1270 3743 πάσης,
1300 3673 1445 3729 ἀλλὰ
1491 3673 1580 3727 καὶ
1632 3673 1748 3728 ὅσοι
1792 3674 1892 3742 τήν

239 3763 425 3822 Ἀσίαν
483 3763 682 3836 ᾤκουν,
724 3762 842 3818 ὅσοι
871 3783 928 3818 τε
982 3767 1053 3838 τῇ
1085 3760 1282 3834 Λυδία,
1312 3763 1401 3818 καὶ
1433 3761 1552 3818 ὅσοι
1606 3767 1674 3836 τῇ
1727 3762 1896 3838 Καρίᾳ

234 3859 356 3919 ταῖς
403 3853 688 3928 ἐπαρχίαις
747 3851 1079 3926 ἐπεδήμουν,
1130 3852 1230 3907 Καὶ
1292 3853 1394 3928 γὰρ
1439 3850 1527 3907 διὰ
1564 3853 1742 3922 πάσης
1800 3851 1897 3906 πό-

236 3941 381 4005 λεως
429 3943 550 4018 περὶ
591 3943 758 3997 αὐτοῦ
799 3941 964 4019 λόγος
1004 3941 1225 4017 ἐχώρει,
1258 3941 1320 3996 οὐ
1375 3941 1526 4003 κενὸς
1561 3940 1632 3996 ὢν
1666 3941 1755 3996 καὶ
1792 3941 1893 4013 μά-

234 4053 388 4095 ταιος
419 4033 508 4087 καὶ
545 4029 632 4087 διὰ
660 4036 825 4086 τοῦτο
863 4031 951 4086 καὶ
984 4027 1274 4101 σϐεσθῆναι
1315 4033 1379 4087 τὸ
1433 4033 1603 4106 τάχος
1662 4029 1895 4104 δυνάμε-

231 4141 342 4187 νος,
384 4119 531 4176 ἀλλᾶ
577 4120 797 4189 πολλὴν
857 4118 1001 4195 ἔχων
1058 4123 1158 4190 τὴν
1211 4119 1402 4194 ῥώμην
1440 4121 1545 4175 aut
1602 4127 1700 4189 τῆς
1759 4118 1896 4191 ἀλη-

235 4212 402 4274 θείας.
457 4210 755 4286 Συνάρῥεον
810 4210 995 4265 τοίνυν
1045 4211 1170 4284 παρ’
1229 4209 1412 4278 αὐτὸν,
1481 4211 1534 4264 οἱ
1594 4211 1688 4282 μὲν
1755 4209 1896 4264 ὥστε

247 4301 314 4353 τὰ
362 4301 606 4374 σωτήρια
651 4296 1002 4374 διδαχθῆναι,
1034 4301 1086 4353 οἱ
1137 4300 1193 4355 δὲ
1241 4301 1331 4354 καὶ
1377 4303 1484 4354 τῶν
1527 4297 1894 4374 ἐνοχλούντων

238 4385 628 4463 ἀπαλλαγῆναι
696 4389 856 4452 ὅσους
916 4387 1132 4459 δηλαδή
1189 4389 1350 4450 νόσος
1408 4387 1588 4458 ἐπιεζέ
1633 4386 1894 4459 τις,ἤτι

233 4478 324 4533 καὶ
383 4475 525 4533 ἄλλο
581 4484 805 4554 κατεῖχε
852 4479 1018 4533 κακόν
1067 4479 1166 4536 Ἢν
1233 4477 1334 4553 γὲιρ
1396 4475 1603 4548 διδάξαι
1661 4478 1754 4533 τὸν
1792 4485 1892 4548 τῆς

1997 1894 2150 1950 niam
2186 1911 2300 1951 non
2323 1901 2444 1952 erat
2473 1902 2706 1969 tempus
2737 1903 3101 1973 conveniens,
3138 1907 3490 1979 baptismum
3525 1913 3636 1968 dif-

1996 1982 2106 2070 fert
2136 1984 2194 2040 in
2227 1985 2376 2042 diem
2436 1997 2796 2060 sequentem.
2859 1995 3038 2063 Atque
3079 1995 3245 2052 multi
3301 2000 3534 2070 quidem
3569 2019 3636 2058 ex

1994 2069 2067 2125 iis
2098 2076 2332 2142 propter
2380 2090 2658 2146 magnum
2690 2077 2967 2149 baptismi
2999 2069 3376 2155 desiderium,
3401 2104 3530 2146 cum
3563 2108 3636 2147 ne

1997 2157 2240 2214 domum
2292 2161 2531 2231 quidem
2583 2165 2770 2221 redire
2815 2171 3253 2241 sustinuissent,
3287 2177 3654 2236 dormierunt

2004 2245 2124 2301 illic
2170 2264 2350 2320 prope
2395 2251 2832 2312 domunculam.
2881 2261 3024 2314 Cum
3073 2266 3265 2318 autem
3321 2271 3476 2322 esset
3520 2284 3647 2323 me-

2005 2334 2168 2390 dium
2232 2337 2441 2405 noctis,
2481 2342 2666 2410 gratia
2723 2345 3103 2416 resplendens
3151 2351 3449 2422 Abercius,
3511 2373 3646 2414 cum

2006 2425 2187 2481 Deum
2221 2432 2493 2498 precatus
2525 2430 2746 2500 fuisset,
2780 2450 2811 2489 e
2852 2435 3021 2492 domo
3051 2441 3344 2510 egreditur
3377 2459 3390 2497 :
3425 2451 3481 2498 et
3513 2463 3645 2503 cum

2004 2513 2545 2572 circumsistentem
2577 2519 2821 2577 vidisset
2860 2526 3114 2592 turbam,
3149 2533 3205 2584 et
3235 2532 3651 2605 sustinentem,

2003 2602 2251 2658 sublatis
2285 2605 2341 2658 in
2375 2604 2552 2661 caelos
2575 2607 2797 2664 oculis:
2832 2617 2948 2682 Ago
2991 2614 3096 2669 tibi
3136 2618 3372 2688 gratias,
3405 2602 3650 2680 Domine

2000 2690 2176 2758 Deus,
2211 2691 2423 2764 inquit,
2482 2695 2635 2766 quod
2687 2697 2970 2755 misertus
3027 2701 3109 2757 sis
3160 2706 3296 2774 mei,
3355 2709 3456 2778 qui
3509 2727 3644 2766 sum

2003 2783 2203 2852 pastor
2231 2789 2464 2837 tuarum
2495 2783 2686 2840 ovium
2720 2785 2965 2844 rationis
3005 2798 3341 2863 compotum
3377 2812 3391 2850 :
3435 2801 3513 2866 et,
3546 2800 3645 2870 qui

2002 2869 2061 2924 in
2095 2886 2201 2926 nos
2232 2869 2526 2942 vigilabat,
2557 2871 2762 2944 lupum
2802 2875 3017 2934 frustra
3063 2879 3323 2939 hiantem
3375 2869 3646 2944 reddide-

2001 2958 2100 3026 ris,
2131 2963 2188 3014 et
2216 2975 2249 3014 a
2276 2959 2518 3016 veritate
2547 2961 2840 3020 divulsam
2873 2965 3023 3024 hanc
3057 2971 3252 3042 gregis
3303 2979 3517 3044 partem
3551 2993 3646 3033 re-

1999 3049 2247 3114 vocari,
2305 3052 2362 3103 et
2393 3049 2518 3119 jam
2551 3050 2803 3109 filiorum
2863 3056 3174 3129 adoptione
3231 3061 3487 3134 digneris
3548 3084 3648 3138 per

1953 3192 1970 3214 η
2005 3135 2380 3206 baptismum.
2432 3139 2561 3195 Haec
2592 3157 2728 3198 cum
2769 3142 3008 3203 dixisset
3057 3147 3170 3204 Deo
3215 3135 3644 3226 universorum,

1997 3227 2166 3298 jubet
2197 3227 2638 3286 multitudinem
2662 3248 2792 3288 eum
2835 3236 3001 3307 sequi
3039 3240 3106 3294 ad
3147 3240 3475 3300 ecclesiam.
3508 3250 3648 3304 Cum

2000 3320 2193 3372 autem
2225 3317 2351 3387 jam
2396 3319 2713 3390 venissent,
2772 3328 3066 3384 consuetis
3131 3330 3300 3388 dictis
3349 3335 3641 3405 precibus,

2001 3406 2292 3476 baptismo
2317 3407 2508 3465 initiat
2529 3412 2682 3466 viros
2710 3430 2954 3472 numero
2986 3419 3358 3492 quingentos.
3397 3426 3475 3480 Ex
3509 3426 3644 3485 hinc

2001 3499 2192 3552 autem
2225 3497 2394 3553 multi
2426 3499 2498 3554 ad
2548 3499 2712 3556 illum
2758 3505 3149 3576 conﬂuebant,
3184 3527 3299 3567 non
3351 3515 3542 3572 solum
3575 3533 3648 3573 ex

2002 3601 2216 3657 magna
2258 3586 2531 3660 Phrygia,
2565 3595 2621 3646 et
2667 3592 2938 3650 universa
2970 3595 3221 3655 finitima
3253 3603 3508 3674 regione,
3543 3608 3645 3664 sed

1999 3674 2174 3730 etiam
2201 3675 2300 3748 qui
2326 3677 2520 3733 Asiam
2547 3678 2905 3748 habitabant,
2930 3688 2985 3739 et
3006 3687 3104 3757 qui
3130 3689 3420 3760 degebant
3442 3693 3500 3748 in
3525 3711 3652 3764 pro-

1999 3763 2202 3819 vinciis
2225 3765 2406 3837 Lydia
2431 3771 2488 3822 et
2507 3767 2695 3824 Caria.
2721 3771 2945 3828 Etenim
2970 3790 3070 3844 per
3099 3777 3424 3836 universam
3452 3763 3652 3840 civita-

1999 3856 2116 3908 tem
2150 3853 2221 3909 de
2250 3854 2378 3925 ipso
2403 3858 2677 3913 manabat
2700 3875 2911 3930 sermo,
2945 3863 3043 3934 qui
3078 3881 3188 3922 non
3227 3873 3350 3924 erat
3377 3887 3566 3928 vanus
3590 3878 3648 3929 et

1999 3941 2192 3998 inanis
2235 3947 2293 3998 et
2343 3944 2468 4001 ideo
2500 3948 2612 4003 cito
2663 3953 2887 4020 poterat
2934 3954 3248 4026 exstingui,
3282 3959 3378 4013 sed
3425 3960 3524 4031 qui
3574 3978 3645 4018 ex

1998 4030 2240 4087 veritate
2275 4049 2508 4104 magnas
2541 4035 2787 4093 habebat
2836 4040 3007 4096 vires.
3041 4044 3123 4098 Ad
3166 4061 3300 4100 eum
3333 4030 3465 4119 ergo
3497 4065 3643 4107 con-

2000 4119 2277 4186 fluebant,
2319 4122 2416 4177 alii
2465 4125 2696 4194 quidem
2757 4131 2823 4184 ut
2877 4130 3167 4189 discerent
3197 4150 3324 4206 quas
3354 4143 3518 4194 erant
3547 4157 3640 4196 sa-

1999 4207 2234 4278 lutaria,
2267 4210 2367 4267 alii
2414 4219 2612 4269 autem
2646 4220 2707 4272 ut
2737 4215 3121 4277 liberarentur
3152 4224 3223 4278 ab
3255 4224 3347 4294 iis,
3392 4244 3519 4298 quae
3557 4230 3642 4287 eis

2001 4298 2320 4355 atierebant
2381 4302 2706 4360 molestiam
2761 4322 2775 4362 :
2836 4324 2984 4381 quos
3044 4311 3269 4369 scilicet
3338 4318 3642 4388 premebat

2003 4387 2262 4454 morbus,
2303 4394 2404 4445 aut
2447 4392 2622 4448 etiam
2658 4394 2892 4467 aliquod
2925 4399 3080 4454 aliud
3114 4387 3355 4460 tenebat
3395 4407 3640 4465 malum.

2001 4476 2135 4531 Erat
2162 4477 2318 4534 enim
2348 4480 2685 4550 aptissimus
2734 4485 2805 4540 ad
2839 4487 3164 4546 docendum
3208 4493 3448 4550 verbum
3491 4499 3640 4554 veri-

230 4563 493 4636 ἆληθείας
549 4564 717 4641 λόγον
774 4565 1114 4639 δεξιώτατος,
1172 4566 1263 4621 ναὶ
1324 4565 1704 4630 οἰκειώσασθαι
1760 4567 1887 4629 τοὺς

2001 4565 2160 4634 tatis,
2194 4571 2252 4622 et
2290 4570 2704 4640 paratissimus
2765 4574 3081 4634 familiares
3112 4579 3341 4639 Christo
3400 4585 3638 4643 reddere

229 4655 562 4730 προσιόντας
613 4653 702 4711 διὰ
744 4656 973 4732 Χριστὸν
1023 4656 1400 4729 ἑτοιμότατος,
1438 4657 1527 4711 καὶ
1578 4655 1887 4728 ἀπαλλάξαι

227 4749 409 4801 κακῶν
442 4742 723 4816 ἀξύτατος.

301 4835 376 4890 Θ’.
435 4832 630 4909 Ολῗγαι
703 4838 834 4910 γοῦν
916 4834 1199 4908 παρῆλθον
1282 4835 1507 4909 ἡμέραι,
1593 4834 1685 4890 καὶ
1758 4837 1886 4898 τοὺς

226 4917 625 4998 πρεσϐυτέρους
682 4923 770 4978 καὶ
823 4919 1134 4990 διακόνους,
1199 4923 1336 4997 πρὸς
1392 4921 1448 4978 δὲ
1503 4925 1592 4979 καὶ
1631 4925 1730 4992 τὴν
1763 4921 1883 4978 λοι-

227 5015 337 5083 πήν
392 5009 738 5088 ἀδελφότητα
793 5008 1150 5085 παραλαϐὼν,
1208 5012 1446 5088 πρόεισι,
1504 5014 1593 5068 καὶ
1662 5013 1882 5076 καθίσας

257 5101 271 5122 ν
377 5100 387 5116 ο
646 5104 657 5122 r
854 5103 866 5122 Ι
1068 5099 1092 5120 υ
1297 5096 1323 5122 ,θ
1698 5101 1721 5120 εἴ

227 5121 304 5163 εις
357 5101 515 5176 ὅνπερ
574 5102 754 5158 εἷωθει
806 5123 998 5170 τοπον,
1056 5123 1238 5178 ωσπερ
1296 5123 1356 5158 εκ
1435 5123 1582 5165 τινος
1652 5101 1881 5174 ἡδίστης

226 5195 414 5263 πηγῆς
470 5189 539 5244 τά
579 5189 888 5265 γλυκύτατα
938 5196 1038 5259 τῆς
1083 5187 1435 5251 διδασκαλίας
1485 5191 1669 5266 ῥεῖθρα
1699 5196 1878 5265 προῖει

226 5282 323 5333 τοῦ
381 5278 676 5352 στόματος.
735 5281 825 5336 'Ev
867 5279 1046 5352 τούτῳ
1094 5276 1151 5334 δέ
1199 5275 1482 5355 προσῆλθέ
1508 5301 1592 5341 τις
1625 5280 1727 5335 ὑπὸ
1758 5300 1879 5356 χει-

228 5368 458 5443 ραγωγῷ
531 5369 666 5444 γυνή
736 5372 844 5425 τῶν
925 5367 1220 5446 ἐπιφανῶν,
1298 5367 1672 5442 ἐκκεκομμένη
1752 5369 1878 5432 τοὺς

225 5455 568 5531 ὁφθαλμοῦς,
647 5455 824 5530 ὄνομα
882 5453 1202 5532 Φρύγελλα,
1289 5458 1630 5528 Εύεεινιανοῦ
1693 5460 1874 5534 μήνηρ

223 5543 576 5606 Ποπλίωνοςο
636 5547 691 5600 '0
725 5543 780 5601 δέ
835 5547 900 5614 ἦν
953 5549 1060 5599 τῶν
1110 5547 1254 5619 παρὰ
1306 5551 1387 5618 τῷ
1426 5545 1788 5622 αὑτοκράτορί
1816 5568 1874 5603 τε

220 5631 310 5687 καὶ
340 5635 410 5707 τῇ
473 5631 635 5689 πόλει
686 5634 854 5709 πάσῃ,
907 5633 1004 5693 τὰς
1061 5631 1281 5706 πρώτας
1339 5630 1583 5711 ἐχόντων
1636 5633 1802 5706 τιμὰς
1844 5633 1873 5688 ὁ

1999 4670 2119 4726 eos,
2152 4656 2250 4727 qui
2273 4660 2642 4717 accedebant.

2067 4833 2166 4890 IX.
2227 4835 2401 4892 Pauci
2471 4839 2596 4895 dies
2646 4843 3062 4913 praeterierunt,
3130 4865 3260 4908 cum
3318 4855 3637 4925 assumptis

1996 4922 2350 4996 presbyteris
2405 4933 2459 4981 et
2511 4927 2793 5000 diaconis,
2836 4937 2894 4987 et
2937 4934 3162 5008 reliqua
3201 4945 3476 5009 praeterea
3521 4922 3639 4999 fra-

1994 5010 2289 5082 ternitate,
2324 5014 2584 5084 procedit
2617 5033 2631 5072 :
2682 5023 2740 5074 et
2777 5020 2989 5078 sedens
3021 5025 3078 5080 in
3128 5043 3194 5082 eo
3225 5027 3374 5099 loco,
3407 5031 3467 5086 in
3517 5048 3634 5104 quo

1992 5105 2392 5168 consueverat,
2426 5110 2704 5175 tanquam
2737 5123 2805 5164 ex
2836 5109 3033 5182 aliquo
3067 5115 3222 5172 fonte
3255 5118 3633 5189 suavissimo,

1989 5205 2058 5245 ex
2088 5207 2186 5248 ore
2214 5195 2514 5264 profundit
2553 5197 2829 5255 doctrinae
2870 5202 3086 5260 ﬂuenta
3123 5209 3495 5268 suavissima.
3528 5212 3634 5268 In-

1988 5282 2145 5336 terea
2176 5285 2370 5338 autem
2405 5285 2652 5342 accessit
2681 5288 2936 5346 adducta
2967 5292 3212 5352 illustris
3244 5300 3513 5370 quaedam
3535 5301 3628 5358 fe-

1989 5368 2170 5437 mina,
2223 5371 2407 5427 oculis
2473 5375 2697 5443 orbata,
2748 5379 2985 5437 nomine
3050 5368 3376 5459 Phrygella,
3445 5395 3632 5449 mater

1986 5456 2304 5516 Euxeniani
2357 5461 2674 5535 Poplionis.
2710 5465 2762 5521 Is
2789 5483 2924 5525 vero
2957 5456 3196 5544 Poplion
3213 5456 3380 5550 apud
3437 5479 3629 5553 impe-

1984 5551 2228 5602 ratorem
2261 5555 2318 5605 et
2374 5552 2708 5609 universam
2759 5555 3052 5617 civitatem
3111 5564 3368 5636 primum
3426 5551 3626 5627 locum

1982 5636 2040 5690 in
2073 5635 2291 5696 honore
2320 5639 2638 5700 obtinebat.
2672 5645 2930 5704 Adducta
2961 5635 3126 5723 ergo,
3155 5654 3308 5714 sicut
3338 5657 3621 5730 diximus,
