4048 6202
474 223 629 285 ί2ι3
1815 215 2087 277 MENSIS
2128 218 2377 279 OCTOB
2390 220 2515 280 ER.
3687 229 3809 287 {22$

473 391 655 441 mater
674 382 854 449 illius,
887 384 1196 453 postquam
1230 376 1450 433 audivit
1476 390 1757 448 magnum
1803 376 2083 434 Aberciun

2194 379 2504 446 ,Ποπλίωιλ
2556 380 2895 457 Χειραγωγῷ
2952 379 3271 458 οὗν,ὥσπερ
3320 378 3602 462 ἕφημεν,ἠ
3647 386 3813 444 ἑκείνου

470 474 566 530 hic
588 474 713 545 jam
747 472 946 530 sedere
992 472 1051 526 et
1081 469 1311 536 docere,
1351 482 1565 539 magno
1605 466 1798 523 studio
1857 468 1926 522 ad
1978 483 2083 523 eun

2221 473 2407 545 μήτηρ
2455 473 2715 546 χρωμένη
2778 468 2965 541 ἒπειδή
3022 473 3115 526 τὸν
3184 474 3350 547 μέγαν
3420 468 3686 551 Ἀϐέρχιον
3740 478 3814 534 αὖ·

470 579 806 629 accurrens,
839 565 897 617 et
925 561 1085 617 illius
1116 559 1293 632 pedes
1324 557 1702 628 prebensans,
1738 555 2079 614 vehemente

2214 564 2311 615 τοῦ
2340 581 2397 615 τε
2427 559 2536 631 ἤδη
2588 563 2854 630 καθῆσθαι
2909 562 2998 616 καὶ
3052 559 3318 617 διδάσκειν
3366 562 3603 634 ἐπύθετο,
3642 565 3814 643 σπουδῇ

466 669 602 710 eum
635 652 1004 725 precabatur.
1029 654 1086 705 et
1109 665 1122 703 :
1149 648 1439 715 Miserere,
1472 646 1718 711 dicebat,
1752 646 1896 701 mihi
1930 646 2083 703 homi

2216 651 2368 722 αὐτῷ
2396 647 2841 724 προσδραμοῦσα,
2872 649 2963 704 καὶ
2992 653 3100 705 τῶν
3160 648 3367 706 ἐκείνου
3427 648 3688 727 λαϐομένη
3737 677 3813 711 πο-

465 758 601 799 num
637 740 893 797 maxime
951 737 1297 805 venerande,
1331 735 1553 806 solique
1609 751 1740 791 vero
1772 739 1885 791 Deo
1918 735 2083 791 chare

2217 736 2347 807 δῶν,
2387 737 2573 807 πολλῆ
2624 760 2705 801 τις
2763 740 2830 808 ἦν
2879 734 3132 813 δεομένη,
3180 741 3289 809 καὶ,
3322 740 3619 816 Οἴκτειρον,
3649 745 3813 817 ἀνθρώ-

461 833 744 888 miserere
772 829 886 886 mei
922 827 1206 900 supplicis
1238 842 1250 880 :
1284 826 1455 882 redde
1483 823 1625 879 mihi
1660 840 1859 881 rursus
1891 825 2083 882 oculos

2214 851 2331 885 πων
2361 828 2485 902 ἐμοὶ
2542 829 2861 901 τιμιώτατε,
2908 830 2997 884 καὶ
3054 834 3134 901 τῷ
3196 829 3341 904 μόνῳ
3392 832 3480 885 καὶ
3521 828 3699 902 ἀληθεῖ
3725 838 3814 906 Θεῷ

460 936 737 991 magnum
773 919 868 975 Dei
902 934 1051 990 opus
1087 934 1100 972 :
1133 917 1296 972 efﬁce
1327 922 1386 970 ul
1411 915 1741 985 jucundum
1777 913 1955 970 solem
1988 931 2083 973 rur

2214 916 2362 995 φίλε,
2393 919 2493 988 τήν
2526 917 2710 986 ἱκέτιν,
2752 913 2923 992 ἔλεγε,
2953 919 3248 994 οἷ’κτειρονο
3309 918 3513 982 ἀπόδος
3548 941 3632 992 μοι
3678 920 3811 975 πάλιν

461 1027 567 1066 sus
596 1010 851 1074 intuear,
876 1023 1064 1077 neque
1094 1022 1187 1061 me
1210 1004 1499 1076 despicias
1528 1004 1792 1060 aﬂ‘ectam
1838 1007 1961 1059 tam
1998 1003 2083 1058 mi

2213 1005 2340 1068 τοὺς
2398 1006 2739 1086 ἀφθαλμοὺς,
2795 1008 2858 1063 τὸ
2920 1006 3057 1082 μέγα
3110 1012 3206 1062 τοῦ
3284 1012 3418 1064 Θεοῦ
3491 1008 3696 1081 κτίσμα,
3744 1011 3813 1064 τὸν

457 1096 1136 1155 serabiliterzconsolare
1160 1111 1345 1150 meam
1370 1093 1762 1150 calamitatem
1784 1096 2107 1148 :moveatte

459 1187 751 1243 maximus
766 1202 929 1242 meus
952 1184 1247 1256 Splendor.
1267 1188 1362 1238 Est
1384 1182 1527 1238 mihi
1549 1182 1705 1238 {ilius
1722 1181 1984 1253 P0plion,
2005 1180 2106 1252 qui

455 1276 705 1333 multum
741 1280 930 1348 potest
951 1276 1103 1347 apud
1128 1274 1534 1343 imperatorem
1568 1277 1623 1329 et
1654 1272 1973 1341 civitatem,
1997 1286 2103 1342 ego

453 1372 649 1422 autem
664 1366 858 1436 ipsum
877 1380 991 1419 non
1009 1362 1190 1419 video.
1211 1362 1360 1417 Sunt
1375 1360 1518 1417 mihi
1532 1360 1742 1416 divitiae
1770 1361 2031 1432 ingentes
2046 1363 2102 1415 et

449 1456 641 1523 variae,
664 1454 891 1522 famuli,
911 1452 1457 1525 pecuniae,pra=.dia;
1488 1466 1592 1521 ego
1625 1454 1819 1505 autem
1842 1450 1913 1505 ad
1928 1464 2100 1505 eame

453 1545 624 1617 pejus
638 1544 846 1611 habeo,
867 1559 1043 1615 quam
1060 1544 1311 1612 egentes.
1328 1545 1468 1595 Nam
1489 1539 1574 1593 illi
1597 1539 1832 1612 quidem
1859 1540 2103 1611 possunt

456 1634 573 1689 frui
594 1636 830 1705 aspectu
850 1632 1079 1689 illorum
1099 1646 1414 1703 paucorum
1431 1646 1558 1701 qua:
1573 1628 1806 1697 habent,
1821 1634 1877 1685 et
1890 1645 1956 1684 ea
1970 1646 2100 1703 quae

2210 1095 2411 1168 γλυκὸν
2442 1094 2608 1165 ἥλιον
2670 1093 2798 1151 ἰδεῖν
2860 1094 2959 1169 ἔμε
3015 1098 3445 1171 παρασκεύασον,
3496 1095 3627 1171 μηδέ
3677 1097 3812 1161 οὕτως

2212 1182 2445 1264 ἔχουσαν
2495 1184 2748 1247 ἐλεεινῶς
2817 1183 3083 1261 περιίδῃςο
3154 1188 3541 1262 παραμύθησαί
3601 1208 3686 1259 μοι
3738 1189 3814 1255 τήν

2211 1278 2485 1351 συμφορὰ,
2543 1276 2605 1331 τὸ
2668 1282 2769 1346 τῆς
2821 1276 2960 1349 ὲμῆς
3019 1277 3367 1353 περιφανείας
3448 1276 3659 1353 μέγεοος
3724 1275 3815 1332 δυσ-

2210 1364 2485 1432 ωπήοητι.
2547 1365 2702 1420 Ἔστι
2765 1384 2859 1435 μοι
2942 1362 3202 1419 Ποπλίων
3264 1366 3405 1431 υἱὸς,
3493 1366 3627 1439 μέγα
3698 1367 3813 1438 παρὰ

2212 1449 2431 1527 βασιλεῖ
2459 1449 2550 1505 καὶ
2607 1455 2674 1524 τῇ
2732 1449 2895 1506 πόλει
2954 1449 3273 1525 δυνάμενος·
3310 1452 3420 1527 ἐγὼ
3470 1450 3526 1508 δὲ
3565 1454 3709 1509 αὐτὸν
3734 1453 3816 1532 οὐχ

2207 1541 2342 1615 ὁρῶ.
2383 1541 2534 1595 Ἔστι
2579 1561 2673 1614 μοι
2738 1542 2979 1604 πλοῦτος
3037 1539 3405 1612 παντοδαπὸς,
3456 1543 3670 1613 οἰκέται,
3710 1546 3817 1617 χρή-

2211 1651 2372 1701 ματα,
2428 1637 2617 1700 κτῆσις
2684 1632 2807 1701 ὃση·
2843 1628 2951 1705 ἒγὼ
3002 1628 3057 1685 δὲ
3114 1629 3327 1705 μᾶλλον
3359 1635 3467 1685 τῶν
3509 1629 3685 1687 ἐνδεῶν
3710 1634 3814 1706 πρὸς

459 1723 697 1792 habent,
718 1727 780 1777 ut
802 1721 1018 1788 volunt,
1040 1720 1441 1777 administrare
1460 1736 1473 1773 :
1489 1735 1593 1790 ego
1611 1734 1742 1775 vero
1766 1735 1870 1774 nec
1886 1735 1954 1774 ea
1976 1736 2077 1791 pos

2206 1718 2406 1789 ταύτην
2441 1715 2557 1797 ἔχω
2610 1725 2812 1783 κακῶς.
2845 1726 2968 1782 Τοῖς
3028 1722 3122 1793 μὲν
3186 1721 3289 1795 γὰρ
3334 1719 3424 1776 καὶ
3470 1719 3681 1776 δυνατὸν
3708 1722 3813 1776 ἄξιοι

455 1829 588 1870 sum
614 1813 828 1879 videre,
848 1829 1098 1883 quorum
1124 1811 1327 1867 credor
1348 1826 1476 1865 esse
1498 1810 1756 1865 domina.
1780 1810 1850 1865 Et
1872 1809 2097 1866 utinam

449 1902 673 1973 privata
690 1901 783 1957 his
798 1901 1070 1958 omnibus
1087 1901 1242 1956 solos
1260 1899 1530 1955 haberem
1555 1898 1776 1955 oculos.
1793 1899 2097 1969 Pr0pterea

446 2010 583 2064 rogo
605 1997 766 2049 tuam
790 1993 1138 2049 clementem
1159 1990 1644 2059 animam,valde,
1663 1990 1929 2062 inquam,
1958 2006 2094 2061 rogo

445 2089 503 2139 et
532 2083 797 2154 supplico
840 2082 1067 2148 misera,
1097 2087 1161 2138 ut
1192 2099 1350 2139 meos
1383 2082 1613 2154 aperias
1644 2081 1868 2148 oculos,
1898 2084 1955 2136 et
1993 2084 2095 2135 tua

444 2174 598 2245 apud
623 2189 822 2228 verum
846 2172 1029 2228 Deum
1054 2171 1261 2226 ﬁducia
1284 2172 1368 2227 eis
1390 2172 1501 2227 vim
1526 2170 1761 2226 videndi
1781 2170 2087 2226 immittas.

2210 1808 2390 1864 λαύειν
2420 1816 2523 1879 τῆς
2554 1810 2675 1873 θέας
2732 1814 2839 1864 τῶν
2908 1809 3112 1887 ὀλίγων
3147 1808 3219 1865 ὧν
3278 1806 3496 1886 ἔχουσι,
3560 1811 3644 1866 καὶ
3681 1808 3814 1865 διατί-

2206 1901 2382 1954 θεσθαι
2436 1899 2502 1953 τὰ
2550 1901 2695 1969 ὅντα,
2730 1899 2911 1975 ὣσπερ
2979 1898 3037 1954 ἃν
3093 1900 3426 1975 βούλωνται·
3462 1901 3568 1977 ἐγὼ
3622 1898 3674 1955 δέ
3717 1900 3814 1955 οὐδέ

2206 1989 2332 2062 ὁρᾷν
2362 1982 2477 2063 ἔχω
2529 1994 2715 2062 ταῦτα,
2757 1990 2831 2043 ὧν
2893 1990 3025 2044 εἶναι
3082 1989 3243 2063 κυρία
3318 1988 3657 2065 πιστεύομαι·
3711 1990 3813 2067 ὅτε·

2203 2076 2299 2130 λόν
2344 2098 2405 2150 γε
2452 2076 2662 2133 τούτων
2720 2079 2937 2134 πάντων
2991 2079 3314 2155 ἀφῃρημένη
3369 2079 3497 2143 τοὺς
3546 2079 3815 2157 ὀφθαλμοὺς

2202 2167 2351 2244 εἶχον
2404 2166 2624 2239 μόνους.
2684 2167 2780 2223 Διά
2835 2172 2995 2223 τοῦτο
3028 2166 3218 2242 δέομαί
3270 2190 3389 2235 σου,
3425 2176 3524 2239 τῆς
3556 2168 3817 2244 φιλανθρώο

445 2281 551 2316 που
599 2261 784 2334 ψυχῆς
840 2259 974 2314 πάνυ
1036 2257 1254 2333 δέομαι,
1311 2260 1401 2315 καὶ
1459 2258 1627 2323 ἱκέτις
1681 2260 1715 2329 ἠ
1771 2256 1935 2313 ἀθλία
1987 2254 2236 2331 γίνομαι,
2297 2254 2560 2331 διανοῖξαι
2608 2257 2736 2321 τοὺς
2806 2256 3127 2337 ὀφθαλμοὺς
3199 2259 3327 2323 τοὺς
3390 2259 3567 2323 ἐνεοὺς
3614 2261 3696 2314 καὶ
3762 2262 3816 2333 τῇ

447 2353 515 2424 σῇ
548 2350 684 2426 πρὸς
714 2351 807 2405 τὸν
850 2348 1032 2419 ἀληθῆ
1066 2350 1193 2404 Θεὸν
1222 2346 1519 2423 παρρησίᾳ,
1559 2351 1658 2418 τήν
1689 2353 1787 2404 τοῦ
1817 2345 2040 2423 βλέπειν
2070 2344 2256 2409 αὐτοῖς
2288 2343 2516 2421 δύναμιν
2548 2348 2797 2408 ἐνθεῖναι.

517 2441 584 2497 Χ.
627 2441 729 2496 Ille
782 2445 1015 2497 autem:
1049 2443 1121 2496 At
1150 2456 1277 2512 ego,
1335 2440 1542 2512 inquit,
1574 2457 1607 2496 o
1665 2439 1897 2505 mulier,
1958 2453 2089 2495 sum

444 2533 735 2601 peccator,
769 2533 825 2586 et
850 2530 949 2599 qui
980 2530 1167 2602 magis
1196 2545 1336 2601 egeo
1367 2529 1791 2597 misericordia,
1843 2532 1900 2585 et
1946 2544 2091 2601 pen-

444 2621 549 2678 deo
581 2624 740 2678 totus
772 2639 805 2678 a
835 2620 936 2677 Dei
967 2620 1300 2677 clementia.
1332 2621 1387 2676 Si
1429 2625 1624 2678 autem
1658 2624 1719 2676 tu
1764 2620 1938 2677 etiam
1971 2635 2092 2676 cre-

445 2710 536 2766 dis
568 2711 626 2766 in
659 2710 864 2778 Deum,
899 2711 958 2767 in
1016 2727 1132 2783 quo
1164 2726 1270 2782 ego
1319 2710 1570 2776 conﬁdo,
1620 2714 1812 2782 potest
1849 2710 2090 2767 omnino

445 2800 598 2856 sicut
627 2801 699 2869 ei,
730 2801 977 2872 quierat
1005 2817 1191 2857 caecus
1223 2800 1294 2856 ab
1327 2804 1474 2867 ortu,
1508 2800 1608 2855 tibi
1636 2816 1869 2872 quoque
1899 2799 2086 2854 visum

448 2890 688 2946 donare.
714 2890 820 2946 Illa
855 2905 987 2946 vero
1030 2905 1043 2944 :
1079 2890 1283 2957 Credo,
1316 2888 1528 2959 inquit,
1562 2889 1620 2944 in
1650 2905 1852 2944 verum
1886 2888 2088 2944 Domi-

446 2995 586 3035 num
620 2980 917 3035 Christum
951 2994 965 3033 :
1004 2986 1059 3033 tu
1112 2978 1288 3050 igitur
1315 2995 1476 3033 meos
1508 2977 1793 3033 credentis
1839 2982 2087 3049 tangens

2274 2438 2329 2496 Γ.
2380 2439 2441 2496 Ὁ
2500 2436 2577 2511 δὲ,
2639 2437 2818 2495 Ἀλλᾶ
2882 2439 3036 2515 κάγὼ
3094 2439 3450 2515 ἁμαρτωλὸς,
3508 2435 3628 2516 ἔφη,
3670 2441 3813 2516 γύναι,

2198 2527 2288 2581 καὶ
2319 2526 2475 2583 ἐλέου
2510 2527 2724 2602 μᾶλλον
2774 2527 3052 2603 δεόμενος,
3086 2531 3173 2585 καὶ
3211 2533 3310 2594 τῆς
3358 2535 3459 2586 τοῦ
3498 2531 3685 2607 ἁγαθοῦ
3712 2528 3813 2605 φιλ-

2199 2618 2507 2692 ανθρωπίας
2568 2618 2800 2691 ἐμαυτὸν
2857 2618 3186 2696 ἀναρτήσας.
3244 2623 3310 2677 Εἴ
3370 2618 3430 2676 δὲ
3496 2619 3573 2699 ἔφ’
3627 2621 3679 2675 δν
3727 2616 3813 2691 ἐγὼ

2198 2706 2432 2761 πέποιθα
2461 2708 2549 2763 καὶ
2598 2709 2661 2762 σὺ
2709 2709 2979 2771 πιστεύεις
3031 2710 3182 2777 Θεὸν,
3226 2707 3457 2765 δυνασὸν
3499 2710 3639 2781 αὐτῷ
3676 2708 3816 2763 πάντα

2200 2794 2381 2873 ὥσπερ
2424 2794 2488 2866 δή
2538 2802 2619 2869 τῷ
2668 2797 2726 2852 ἐκ
2773 2805 2999 2873 γενετῆς
3030 2797 3243 2880 τυφλῷ,
3277 2800 3371 2855 καὶ
3405 2800 3491 2855 σοὶ
3530 2801 3591 2855 τὸ
3623 2798 3809 2874 βλέπειν

2199 2887 2547 2960 χαρίσασθαι.
2581 2888 2643 2944 Ἠ
2704 2884 3077 2960 δὲ,Ηιστεύω,
3140 2889 3327 2965 φησῖν,
3382 2890 3462 2954 εἷς
3518 2890 3607 2945 τὸν
3660 2886 3812 2957 ἀληθῆ

2198 2976 2472 3045 Δεσπότην
2561 2977 2817 3051 Χριστὸν,
2897 2978 2985 3033 καὶ
3079 2977 3446 3049 πιστευούσης
3521 2982 3624 3033 τῶν
3693 2974 3813 3048 ἐμῶν

445 3068 662 3135 oculos,
690 3067 1014 3136 jucundam
1062 3071 1119 3122 et
1151 3065 1598 3122 desiderabilem
1632 3065 1715 3121 eis
1746 3065 1936 3121 lucem
1970 3066 2083 3121 lar-

2198 3064 2476 3139 ἁψάμενος
2535 3064 2837 3144 ἀφθαλμῶν
2896 3067 2960 3122 τὸ
3026 3067 3272 3122 ποθεινὸν
3335 3066 3564 3130 τούτοις
3624 3066 3813 3143 χάρισαι

439 3156 582 3228 gire.
624 3156 755 3212 Haec
786 3172 901 3211 non
951 3155 1127 3211 nudis
1159 3153 1350 3211 solum
1384 3154 1616 3210 dicebat
1652 3153 1866 3223 verbis,
1898 3154 2001 3211 sed
2031 3158 2091 3210 et

439 3245 702 3302 moribus
733 3244 1139 3313 confirmabat,
1164 3248 1222 3300 et
1254 3245 1516 3301 fontibus
1547 3246 1949 3316 lacrymarum.
1983 3242 2088 3300 Mi-

441 3339 633 3391 sertus
682 3350 818 3405 ergo
877 3342 1138 3402 sanctus,
1191 3338 1249 3390 et
1291 3335 1358 3390 ad
1417 3333 1588 3391 cmlos
1647 3332 1953 3405 aspiciens,
1987 3333 2089 3404 qui

439 3426 567 3478 erat
621 3422 780 3480 cmlis
835 3438 966 3478 vere
1009 3423 1270 3494 dignus:
1304 3422 1471 3491 Veni,
1534 3423 1740 3494 inquit,
1797 3438 1930 3478 vera
1988 3420 2086 3477 lux

440 3512 582 3569 Jesu
612 3511 861 3580 Christe,
892 3515 950 3568 et
979 3514 1139 3585 aperi
1199 3513 1374 3583 hujus
1403 3512 1625 3568 oculos.
1676 3512 1891 3569 Deinde
1943 3526 2085 3568 con-

438 3619 659 3673 versus,
690 3619 829 3660 eum
881 3603 1009 3674 ejus
1052 3603 1328 3675 tetigisset
1359 3604 1559 3660 oculos
1594 3620 1607 3658 :
1639 3604 1699 3659 Si
1728 3618 1881 3670 vere,
1914 3602 2078 3668 dixit,

440 3692 500 3748 in
528 3692 825 3749 Christum
884 3692 1131 3748 credidit
1162 3692 1485 3766 Phrygella,
1519 3693 1709 3748 statim
1741 3692 1931 3748 visum
1985 3707 2079 3747 re-

436 3782 634 3854 cipiat.
694 3782 842 3838 Cum
875 3781 958 3838 sic
987 3797 1124 3855 ergo
1156 3782 1419 3849 dixisset,
1450 3787 1506 3839 et
1560 3780 1751 3838 soluta
1807 3785 1898 3837 est
1952 3782 2081 3852 ipsa

432 3872 676 3939 orbitas,
733 3876 791 3928 et
851 3872 1041 3943 patuit
1098 3887 1287 3927 veram
1360 3872 1537 3927 fuisse
1609 3871 1738 3941 ejus
1788 3871 1965 3926 fidem
2018 3870 2077 3926 in

432 3960 748 4017 Christum.
796 3959 967 4016 Visus
1000 3958 1153 4016 enim
1199 3959 1499 4016 oculorum
1546 3959 1803 4031 corporis
1852 3959 2077 4031 signiti-

432 4050 602 4105 cahat
630 4049 995 4106 illuminatos
1026 4066 1152 4107 esse
1187 4050 1395 4105 anima:
1426 4048 1648 4106 oculos.
1678 4049 1852 4104 Porro
1881 4054 2076 4104 autem

431 4137 667 4209 cognita
698 4142 786 4195 est
806 4139 982 4195 etiam
1017 4138 1075 4195 in
1119 4140 1270 4195 dono
1302 4142 1487 4209 grata,
1521 4137 1723 4193 dicens
1758 4153 1770 4192 :
1806 4136 2071 4207 Domine,

433 4242 541 4297 ago
596 4227 700 4282 tibi
734 4228 971 4298 gratias,
1028 4229 1183 4300 quod
1218 4227 1364 4283 mihi
1414 4225 1725 4298 dupliciter
1755 4226 1944 4282 lucem
1994 4226 2075 4282 sis

431 4316 694 4387 largitus.
753 4318 856 4373 His
912 4319 1065 4374 enim
1098 4318 1195 4390 qui
1249 4319 1521 4374 videntur
1576 4316 1759 4374 oculis
1791 4317 2070 4389 corporis,

429 4407 620 4464 cordis
650 4408 851 4465 oculos
905 4408 1077 4481 longe
1123 4409 1265 4464 mihi
1313 4409 1499 4480 magis
1548 4408 1873 4480 aperuisti;
1916 4409 2070 4465 unde
2102 4449 2161 4515 D

426 4497 603 4554 etiam
652 4496 798 4553 mihi
856 4498 1127 4554 convenit
1176 4498 1388 4567 dicere,
1446 4514 1569 4568 quis
1634 4501 1773 4553 tuus
1830 4498 2067 4554 David:

424 4608 453 4639 «
486 4587 770 4643 Liberasti
801 4587 1002 4644 oculos
1036 4602 1199 4643 meos
1232 4604 1265 4643 a
1296 4586 1591 4659 lacrymis,
1622 4590 1679 4643 et
1709 4587 1884 4657 pedes
1912 4602 2072 4644 meos

428 4693 461 4732 a
490 4675 657 4749 lapsu
687 4676 732 4733 ³.
766 4699 795 4728 ››
829 4677 968 4733 Vere
998 4677 1152 4733 enim
1183 4693 1314 4733 sum
1346 4675 1591 4732 liberata
1621 4676 1693 4731 ab
1728 4676 2069 4746 offensione,

426 4780 614 4838 neque
644 4781 884 4839 gressus
916 4765 1121 4821 animae
1164 4770 1303 4823 sunt
1335 4766 1588 4822 minores
1615 4766 1911 4837 gressibus
1942 4783 2068 4823 cor-

423 4855 604 4925 poris.
666 4855 813 4912 Hinc
840 4854 1167 4910 vehementi
1209 4859 1380 4927 capta
1438 4870 1634 4912 amore
1664 4854 1878 4911 Christi
1933 4872 2066 4912 cum

422 4948 601 5001 totam
654 4959 714 5001 se
764 4944 1107 5000 contulisset
1142 4945 1211 5000 ad
1271 4944 1556 5001 servanda
1611 4945 1741 5015 ejus
1773 4944 2065 5015 mandata,

420 5033 584 5105 Ecce,
635 5034 852 5107 inquit,
902 5033 1091 5104 Pater,
1124 5035 1191 5090 ad
1244 5041 1510 5091 sanctum
1559 5033 1868 5106 aspiciens,
1916 5051 2063 5106 pra-

418 5124 688 5180 sentibus
737 5124 831 5179 his
880 5123 1079 5180 multis
1133 5123 1398 5190 testibus,
1441 5123 1754 5179 dimidium
1803 5138 2063 5180 mearum

418 5212 764 5269 facultatum
792 5212 895 5269 tibi
926 5213 1253 5279 committo,
1286 5219 1346 5268 ut
1383 5212 1702 5269 distribuas
1752 5211 2062 5284 indigenti-

419 5298 548 5357 bus.
583 5302 719 5365 Quas
750 5319 886 5375 ergo
916 5302 1385 5361 circumsistebat
1414 5301 1751 5370 multitudo,
1774 5302 2062 5359 admirata

415 5402 632 5445 novum
668 5391 772 5449 hoc
821 5393 1191 5463 miraculum,
1223 5393 1349 5467 ipsa
1395 5408 1625 5465 quoque
1670 5391 2058 5449 exclamavit:

487 5560 508 5596 ³
537 5559 692 5617 Psal.
728 5576 874 5635 σειν,
898 5565 952 5618 8.

2203 3158 2339 3231 φῶς.
2386 3157 2567 3212 Ταῦτα
2628 3155 2690 3210 οὐ
2740 3154 2934 3233 λόγοις
2977 3154 3138 3229 μόνον
3189 3156 3387 3235 ἐφώνει
3445 3153 3652 3231 ψιλοῖς,
3698 3152 3816 3208 ἀλλὶ

2197 3245 2286 3298 καὶ
2353 3249 2434 3316 τῷ
2499 3242 2620 3313 ἤθει
2677 3243 2767 3298 καὶ
2823 3249 2938 3307 τοῖς
2989 3248 3098 3300 τῶν
3159 3242 3412 3319 δακρύων
3472 3249 3667 3320 πηγαῖς
3719 3241 3812 3296 ἐπι-

2198 3335 2411 3387 στοῦτο·
2472 3331 2903 3407 σπλαγχνισθεὶς
2964 3331 3057 3387 οὖν
3125 3334 3153 3388 ὁ
3211 3332 3368 3410 ἅγιος
3420 3334 3511 3389 καὶ
3571 3331 3644 3392 εἷς
3672 3328 3812 3405 οὐρα-

2194 3421 2317 3484 νοὺς
2379 3419 2530 3493 ἰδὼν,
2590 3423 2617 3477 ὁ
2673 3426 2782 3477 τῶν
2841 3423 3085 3497 οὐρανῶν
3157 3419 3327 3479 ὅντως
3407 3424 3577 3495 ἄξιος,
3645 3424 3697 3478 Ἐ
3747 3420 3812 3488 θὶ,

2191 3511 2255 3565 τὸ
2305 3511 2586 3581 ἀληθινὸν,
2619 3510 2744 3587 ἔφη,
2802 3517 2943 3590 φῶς,
3000 3512 3183 3583 Ἰησοῦ
3242 3514 3463 3587 Χριστὶ,
3494 3513 3583 3567 καὶ
3636 3509 3809 3566 διάνοι-

2193 3603 2280 3673 ξον
2330 3600 2531 3672 ταύτης
2588 3601 2715 3664 τοὺς
2775 3600 3113 3680 ὀφθαλμοὺς·
3159 3601 3294 3659 Εἶτα
3348 3600 3691 3679 ἒπιστραφιὶς
3734 3598 3808 3652 καῖ

2190 3694 2300 3745 τῶν
2353 3690 2619 3762 ὀμμάτων
2674 3688 2840 3755 αὐτῆς
2898 3690 3215 3762 ἁψάμενος·
3250 3690 3315 3746 Εἰ
3365 3691 3613 3762 ἀληθῶς,
3662 3688 3805 3747 εἶπεν.

2192 3777 2267 3841 εἰς
2309 3778 2540 3853 Χριστὸν
2601 3777 2877 3833 ἐπίστευσε
2936 3777 3249 3855 Φρύγελλα,
3307 3788 3654 3857 παραχρῆμα
3702 3778 3807 3833 ἀνα-

2190 3863 2469 3942 ϐλεψατω.
2530 3867 2718 3929 Οὕτως
2776 3865 3110 3938 εἰπόντος,ἤ
3169 3889 3228 3923 τε
3283 3870 3540 3942 πήρωσις
3581 3869 3710 3941 αὐτῇ
3739 3863 3805 3919 δι-

2189 3955 2397 4026 ελυετο,
2446 3958 2533 4012 καὶ
2594 3958 2628 4025 ἡ
2662 3956 2795 4032 πρὸς
2856 3957 3094 4033 Χριστὸν
3148 3958 3332 4021 πίστις
3388 3957 3609 4029 ἀληθὴς
3688 3952 3806 4010 iasi-

2185 4066 2367 4101 κνυτο.
2426 4046 2491 4101 Ἡ
2530 4045 2633 4120 γὰρ
2693 4050 2801 4100 τῶν
2859 4047 3188 4120 σωματικῶν
3245 4046 3548 4121 ὀφθαλμῶν
3617 4040 3808 4101 ἀνάϐλε-

2184 4137 2297 4208 ψις,
2352 4140 2453 4204 τῆς
2503 4136 2688 4208 ψυχῆς
2747 4131 2948 4205 ἐδήλου
3024 4134 3357 4213 πεφωτίσθαι
3443 4137 3573 4197 τοὺς
3631 4130 3807 4211 ὀφθαλ-

2189 4223 2349 4297 μούς.
2416 4222 2638 4297 Ἀμέλει
2706 4223 2797 4278 καὶ
2881 4224 3179 4301 εὐγνώμων
3258 4225 3379 4299 περὶ
3450 4227 3553 4296 τήν
3631 4219 3810 4297 δωρεάν

2182 4312 2527 4390 ἐγνωρίζετο,
2588 4312 2913 4388 Εὐχαριστῶ
2972 4334 3078 4383 σοι,
3162 4314 3348 4388 Κύριε,
3435 4313 3686 4389 λέγουσα,
3739 4312 3812 4365 ὃτι

2190 4423 2282 4477 μοι
2342 4399 2513 4476 διπλῇ
2566 4404 2629 4458 τὸ
2687 4406 2802 4477 φῶς
2860 4399 3122 4477 ἐχαρίσω·
3180 4408 3287 4459 τῶν
3354 4402 3459 4479 γὰρ
3539 4403 3812 4479 ὁρωμένων

2184 4493 2394 4548 τούτων
2424 4498 2525 4561 τοῆ
2568 4492 2822 4565 σώματος
2875 4491 3197 4568 ὀφθαλμῶν,
3243 4490 3444 4565 πολλῷ
3493 4492 3659 4548 πλέον
3695 4487 3812 4561 ἒμοὶ

2180 4580 2307 4644 τοὺς
2361 4588 2461 4651 τῆς
2499 4578 2726 4655 καρδίας
2789 4577 3082 4651 διήνοιξας.
3126 4584 3283 4645 Ὅθεν
3330 4602 3425 4655 μοι
3476 4583 3568 4637 καὶ
3618 4580 3813 4654 προσή-

2180 4690 2261 4724 κει
2305 4670 2371 4725 τὰ
2427 4674 2523 4724 τοῦ
2582 4668 2747 4725 Δαυλιδ
2779 4673 2880 4725 τοῦ
2926 4674 3022 4725 σοῦ
3070 4670 3407 4748 φθέγγεσθαι·
3452 4667 3809 4745 δτι,¹Ερῥύσω

2177 4760 2305 4823 τοὺς
2337 4757 2657 4835 ὀφθαλμοὺς
2694 4779 2799 4833 μου
2849 4758 2957 4814 ἀπὸ
3015 4756 3284 4829 δακρύων,
3343 4759 3436 4815 καὶ
3483 4762 3612 4821 τοὺς
3651 4755 3807 4817 ποδας

2181 4870 2285 4923 μου
2342 4848 2449 4902 ἀπὸ
2509 4845 2929 4922 ὀλισθήματοςο
2987 4846 3250 4923 έρῥύσθην
3298 4848 3401 4925 γὰρ
3447 4847 3673 4919 ἀληθῶς
3723 4848 3809 4901 τοῦ

2174 4939 2536 5014 προσκόπτειν
2597 4935 2751 4993 οὐδὲν
2805 4940 2967 5008 ἧττον
3024 4943 3130 4993 τῶν
3192 4943 3539 5012 σωματικῶν,
3600 4938 3687 4993 καὶ
3751 4937 3810 4991 τὰ

2172 5034 2273 5098 τῆς
2327 5030 2513 5103 ψυχῆς
2573 5021 2909 5101 διαδήματα.
2971 5029 3245 5092 Ἐντεῦθεν
3301 5026 3393 5083 καὶ
3478 5031 3669 5101 θερμῷ
3736 5028 3808 5095 τῷ

2173 5116 2249 5179 εἰς
2304 5116 2543 5192 Χριστὸν
2604 5115 2764 5191 ἔρωτι
2822 5114 3117 5191 ληφθεῖσα,
3164 5118 3254 5172 καὶ
3307 5114 3414 5183 ὅλη
3440 5120 3548 5171 τῶν
3583 5112 3809 5171 ἐντολῶν

2172 5206 2336 5263 αὐτοῦ
2399 5207 2687 5281 γενομένη.
2748 5204 2911 5277 Ἰδοὺ,
2972 5208 3128 5279 φησὶ,
3172 5209 3374 5283 Ηάτερ,
3434 5207 3508 5268 εἷς
3547 5208 3639 5261 τὸν
3670 5206 3811 5279 ἅγιον

2172 5293 2547 5373 ἀποϐλέψασα,
2608 5295 2899 5371 συντίθημί
2960 5318 3045 5353 σοι
3094 5299 3198 5354 ὑπὸ
3273 5297 3512 5359 πολλοῖς
3590 5297 3809 5371 μάρτυσι

2166 5389 2383 5449 τούτοις
2429 5387 2493 5443 τὸ
2535 5386 2709 5463 ἥμισυ
2757 5394 2854 5459 τῆς
2900 5386 3085 5451 οὐσίας
3136 5384 3413 5443 διαδοῦναι
3476 5390 3596 5448 τοῖς
3659 5382 3813 5441 ἰνδεέ·
