4048 6202
234 271 384 331 {225

1622 260 1805 323 VITA
1851 257 1909 319 S.
1958 258 2291 320 ABERCII.

3477 258 3629 318 1226

232 450 337 487 σιν.
392 431 448 483 Ὀ
503 426 682 485 τοίνυν
740 427 1115 501 περιεστηκὼς
1174 422 1348 500 ὄχλος
1406 425 1469 480 τὸ
1536 424 1716 479 καινὸν
1779 425 1875 477 τοῦ

2000 423 2235 494 Magnus
2275 439 2360 493 es,
2408 422 2563 479 Deus
2607 424 3091 497 Christianorum,
3145 444 3282 484 nam
3324 427 3364 483 ii
3398 444 3632 500 quoque

234 518 507 591 θαύματος
566 516 949 593 ἐκπλαγέντες,
1002 516 1176 591 Μέγας
1230 516 1303 583 εἴ,
1356 514 1447 569 καὶ
1497 514 1671 583 οὗτοι,
1704 514 1732 566 6
1770 517 1880 566 τῶν

236 608 566 682 Χριστιανῶν
635 605 792 673 Θεὸς,
863 599 1183 674 ἀνεϐόησαν,
1252 602 1369 658 ἐπεὶ
1446 602 1534 657 καὶ
1623 600 1878 676 μεγάλων

234 698 399 756 ὅντως
440 693 782 750 ἀπολαύουσι
829 698 937 748 τῶν
985 692 1226 768 χαρίτων
1262 694 1314 746 οἱ
1359 692 1420 746 τὸ
1467 692 1556 745 σὸν
1587 688 1881 745 ἐπικαλού-

237 806 385 858 μενοι
436 781 629 857 ὂνομα.
663 786 750 840 Ἑν
795 781 973 854 τούτῳ
1008 780 1065 836 δὲ
1116 784 1144 836 6
1177 783 1320 841 θεῖος
1362 775 1669 854 Ἀϐέρκιος.
1717 777 1881 848 Ἰδοὺ,

231 876 405 950 γύναι,
460 873 642 952 φησὶν,
703 872 873 947 ἔγνως
933 872 1081 932 ὅπως
1126 872 1154 925 6
1211 872 1341 943 ἐμὸς
1397 878 1673 939 Δεσπτοης
1724 866 1881 940 ἄμιί-

235 959 382 1018 ὕεται
443 961 753 1034 φιλοτίμως
818 960 945 1021 τοὺς
997 958 1317 1029 ἐλπίζοντας
1376 957 1457 1013 ἔπ’
1533 958 1711 1011 αὐτόν·
1774 962 1880 1009 Πο-

236 1054 391 1129 ρεύου
443 1051 734 1127 τοι-ίαροῦν
786 1050 860 1109 εἷς
906 1048 1152 1124 εἰρήνην,
1205 1049 1369 1121 ἑαυτῇ
1423 1067 1481 1101 τε
1511 1045 1880 1120 προσέχουσα,

232 1141 462 1212 κάκείνῳ
518 1144 897 1214 προσήκουσαν
964 1140 1064 1208 τήν
1122 1135 1470 1213 εὐχαριστίαν
1527 1132 1881 1204 ἀποδιδοῦσα,

234 1235 416 1289 Ταῦτα
482 1231 509 1284 6
580 1232 673 1302 μὲν
739 1226 940 1302 ἔλεγενο
1008 1230 1043 1296 ἡ
1109 1224 1167 1281 δὲ
1231 1228 1369 1302 πρὸς
1444 1226 1538 1297 μὲν
1606 1226 1667 1279 τὸ
1711 1225 1883 1297 παρὸν

230 1319 509 1377 ἂσίστατο’
570 1319 733 1373 πάλιν
792 1315 849 1371 δὲ
906 1316 1272 1391 ἐπανήρχετο,
1313 1316 1402 1370 καὶ
1463 1314 1599 1369 κατά
1639 1312 1781 1367 πολὺ
1824 1313 1885 1367 τὸ

1992 512 2217 582 magnis
2265 529 2396 569 vere
2454 514 2730 569 fruuntur
2774 516 2995 586 gratiis,
3050 518 3149 588 qui
3206 522 3369 573 tuum
3416 535 3629 574 nomen

1991 602 2285 659 invocant.
2327 602 2489 658 Tunc
2558 611 2748 658 autem
2806 603 3036 660 divinus
3093 606 3421 663 Abercius:
3467 609 3629 675 Ecce,

1990 692 2203 763 inquit,
2265 693 2494 763 mulier,
2555 692 2895 764 cognovisti,
2956 712 3133 766 quam
3186 696 3499 752 liberaliter
3565 715 3631 754 ac

1991 781 2264 836 munifice
2321 781 2606 838 Dominus
2667 798 2833 838 meus
2882 799 2978 839 eos
3044 790 3473 851 remuneratur,
3532 787 3630 857 qui

1991 875 2229 942 sperant
2257 870 2317 925 in
2349 870 2564 942 ipsum.
2598 873 2755 927 Vade
2787 889 2923 945 ergo
2955 872 3014 928 in
3039 889 3199 943 pace,
3232 873 3337 928 tibi
3368 873 3630 930 animum

1991 959 2297 1026 adhibens,
2338 964 2393 1015 et
2438 960 2524 1014 illi
2556 977 2731 1031 agens
2770 977 2888 1028 eas,
2922 978 3063 1032 quas
3100 979 3202 1034 par
3231 966 3338 1027 est,
3392 963 3629 1034 gratias.

1990 1049 2120 1105 Haac
2151 1048 2247 1105 ille
2300 1065 2432 1104 cum
2468 1050 2726 1118 dixisset,
2781 1051 3087 1123 Phrygella
3125 1052 3367 1108 recessit
3392 1053 3632 1123 quidem

1992 1139 2049 1195 in
2083 1139 2394 1211 praesentia
2428 1157 2441 1195 :
2492 1157 2697 1195 rursus
2744 1146 2941 1196 autem
2985 1142 3181 1211 rediit,
3222 1146 3278 1196 et
3308 1157 3439 1196 eum
3471 1140 3634 1198 valde

1993 1227 2179 1284 colere
2200 1229 2603 1299 perseveravit.
2626 1230 2815 1301 Atque
2848 1246 3049 1285 rursus
3072 1230 3305 1299 quidem
3324 1246 3634 1300 aggressus

1992 1322 2082 1372 est
2116 1318 2395 1373 Abercius
2426 1322 2762 1373 consuetam
2797 1319 3142 1374 doctrinam.

234 1404 393 1470 σέϐας
449 1408 611 1462 αὐτοῦ
683 1405 887 1479 εἶ’·χετο,
945 1404 1037 1459 καὶ
1097 1402 1352 1477 οὒδαμῶς
1415 1404 1478 1459 τὸ
1532 1402 1665 1475 μετά
1713 1407 1882 1458 ταῦτα
1940 1401 2203 1474 διίστατο,
2258 1402 2460 1473 ἥπτετο
2525 1407 2616 1478 μὲν
2692 1404 2804 1460 οὖν’
2854 1400 3137 1479 ’Δϐέρκιος
3184 1408 3337 1469 αὖθις
3382 1414 3481 1477 τῆς
3541 1429 3634 1462 συ-

230 1499 429 1568 νήθους
462 1495 837 1559 διδασκαλίας.

300 1591 403 1645 ΙΑ’.
465 1591 573 1642 Τοῦ
633 1584 690 1641 δὲ
753 1586 890 1641 κατὰ
942 1588 1043 1655 τὴν
1106 1584 1430 1660 Φρύγελλαν
1482 1586 1757 1657 θαύματος
1808 1584 1882 1645 εἰς

230 1675 417 1733 πολλά
482 1681 581 1745 τῆς
648 1681 751 1751 γῆς
828 1677 966 1751 μέρη
1049 1671 1415 1743 διαδοθέντος,
1484 1673 1882 1748 προσέρχονται

227 1767 376 1837 αύτῷ
432 1760 788 1839 πρεσϐύτιδες
844 1769 1011 1838 τρεῖς,
1044 1762 1141 1825 τὰς
1174 1763 1326 1835 ὄψεις
1384 1761 1475 1816 καὶ
1516 1763 1672 1816 αὗται
1702 1782 1883 1830 πεπη-

2066 1586 2153 1641 XI.
2205 1586 2346 1643 Cum
2398 1594 2588 1644 autem
2640 1590 2792 1661 quod
2824 1590 2882 1645 in
2929 1589 3237 1663 Phrygella
3280 1590 3490 1647 factum
3524 1592 3634 1647 fuit

1996 1674 2367 1743 miraculum,
2426 1677 2484 1732 in
2540 1677 2756 1733 multas
2802 1682 2964 1735 terrae
3008 1684 3204 1751 partes
3259 1680 3632 1751 pervasisset,

1993 1766 2277 1821 accedunt
2332 1768 2402 1822 ad
2453 1784 2587 1823 eum
2621 1773 2736 1823 tres
2768 1768 2995 1836 vetulae,
3026 1787 3152 1840 quae
3212 1770 3348 1841 ipsa;
3404 1787 3633 1841 quoque

229 1854 485 1929 ρωμέναι’
547 1852 905 1925 Πιστεύομεν,
972 1852 1252 1926 λέγουσαι,
1312 1873 1403 1906 και
1460 1854 1623 1924 ἡμεῖς
1683 1849 1757 1911 εἷς
1787 1849 1879 1904 τὸν

2000 1860 2155 1911 erant
2193 1856 2405 1911 orbata)
2464 1856 2672 1923 oculis,
2705 1857 3002 1915 dicentes:
3049 1858 3166 1914 Nos
3223 1860 3399 1914 etiam
3442 1860 3631 1915 credi-

231 1945 332 1999 ὑπὸ
366 1947 463 1998 σοῦ
518 1941 920 2015 γηρυττὸμενον
960 1942 1194 2011 Ἰησοῦν·
1240 1943 1464 2018 φανήτω
1521 1944 1811 2014 τοιγαροῦν
1844 1940 1879 2007 ἡ

231 2030 610 2107 εὐσπλαγχνία
652 2029 813 2086 τοῦδε
863 2031 953 2085 καὶ
993 2031 1073 2107 ἐφ’
1105 2033 1275 2103 ἡμᾶς,
1317 2031 1405 2084 καὶ
1438 2027 1632 2101 δεῖξον,
1673 2030 1717 2082 ὧ
1750 2040 1880 2092 θαυ-

244 2123 425 2194 μάσιε,
464 2122 735 2193 καὶήμῖν,
770 2120 949 2193 ὥσπερ
992 2121 1093 2194 ἄρα
1142 2120 1233 2174 καὶ
1265 2117 1585 2195 Φρυγέλλῃ,
1625 2119 1687 2172 τὸ
1745 2122 1877 2194 φῶς·

238 2212 294 2268 Ὀ
327 2208 403 2280 δὲ,
437 2209 501 2266 Εἰ
551 2210 585 2275 ἡ
652 2208 830 2271 πίστις
885 2210 1038 2281 ὑμῶν
1098 2208 1233 2283 πρὸς
1263 2210 1353 2262 τὸν
1388 2208 1567 2278 ἀληθῆ
1601 2206 1700 2261 Θὸν
1739 2206 1882 2274 ἀλη-

242 2302 341 2370 θής
391 2298 557 2369 ἐστιν,
589 2298 663 2361 ὥς
704 2319 857 2376 φατε,
887 2303 1003 2358 τοῖς
1056 2302 1279 2368 νοητοῖς
1328 2297 1488 2351 αὐτὸν
1520 2297 1620 2365 τῆς
1660 2293 1883 2371 καρδίας

242 2389 432 2463 ὅψεσθι
463 2386 793 2465 ὀφθαλμοῖς.
837 2387 1019 2444 Ταῦτά
1047 2408 1106 2442 τε
1136 2385 1339 2459 εἴρηκε,
1376 2386 1465 2439 καὶ
1508 2390 1633 2448 τοῦς
1686 2383 1887 2463 ὀφθαλ-

242 2479 377 2555 μοὺς
434 2478 731 2541 ἀνατείνας’
787 2478 950 2551 Κύριε
1007 2479 1189 2547 Ἰησοῦ
1248 2474 1469 2551 Χριστέ,
1526 2473 1718 2547 δέομαί
1767 2496 1886 2543 σου,

240 2567 367 2645 ἔφη,
426 2567 685 2624 ἰδέτωσαν
744 2569 832 2624 καὶ
887 2569 1041 2623 αὗται
1099 2567 1160 2621 τὸ
1208 2570 1320 2645 φῶς
1367 2572 1467 2635 τῆς
1519 2572 1615 2634 σῆς
1661 2564 1888 2640 ἐπιγνώ-

242 2680 396 2730 σεως,
464 2660 551 2713 καὶ
605 2665 705 2727 τῆς
762 2656 1107 2730 ἐπικειμένης
1172 2656 1359 2717 αὐταῖς
1407 2653 1616 2729 ἀχλύος
1676 2655 1886 2729 ἀνενεγ-

241 2752 457 2817 κοῦσαι,
519 2743 987 2820 διαϐλεψάτωσαν,
1048 2746 1310 2815 Δέσποτα,
1387 2745 1523 2817 πρὸς
1605 2745 1700 2805 τάς
1792 2745 1886 2805 σας

238 2845 339 2908 τῆς
399 2836 658 2909 ἀληθείας
721 2837 909 2912 αὐγάς.
972 2837 1158 2897 Οὕτως
1199 2832 1420 2906 ηὔξατο,
1477 2836 1568 2888 καὶ
1629 2832 1744 2888 ἰδοὺ
1794 2836 1885 2888 τὸν

242 2926 409 2983 τόπον
457 2921 579 2981 ἔνθα
636 2924 703 2995 δὴ
764 2928 850 2981 καὶ
894 2926 1231 2997 εἱστήκεσαν,
1267 2929 1382 2998 φῶς
1442 2925 1643 2978 ἄνωθεν
1702 2925 1889 2998 περιή-

244 3036 477 3086 στραπτε
539 3015 696 3089 μέγα,
755 3016 845 3070 καὶ
888 3016 1091 3077 πάντας
1147 3014 1263 3089 εἶχε
1302 3014 1561 3073 πεσόντας
1612 3015 1646 3081 ἠ
1687 3018 1778 3087 γῆ,
1810 3016 1889 3083 τῷ

242 3103 534 3180 παραδόξῳ
576 3112 676 3174 τῆς
736 3106 855 3167 θέας
919 3106 1382 3179 καταπλαγέντας·
1432 3104 1495 3159 τὸ
1536 3102 1594 3158 δὲ
1638 3108 1751 3181 φῶς
1784 3102 1887 3177 οὐχ

1995 1961 2128 2000 mus
2158 1945 2217 2001 in
2236 1948 2457 2013 Jesum,
2493 1946 2589 2017 qui
2623 1963 2656 2001 a
2696 1952 2749 2003 te
2780 1949 3142 2019 praedicatur.
3184 1951 3471 2020 Appareat
3497 1965 3631 2020 ergo

1992 2033 2054 2088 in
2088 2051 2194 2090 nos
2235 2050 2465 2107 quoque
2503 2036 2632 2105 ejus
2680 2036 3009 2103 clementia,
3042 2042 3099 2092 et
3140 2038 3308 2093 nobis
3365 2038 3573 2106 lucem,
3599 2055 3631 2093 ο

1995 2123 2081 2180 vir
2102 2123 2465 2189 admirande,
2481 2125 2741 2190 ostende,
2767 2125 3272 2198 sicutPhrygellae.
3292 2126 3391 2182 Ille
3414 2132 3631 2193 autem,

1997 2212 2056 2266 Si
2089 2210 2230 2265 tides
2274 2216 2479 2279 vestra,
2512 2212 2725 2283 inquit,
2758 2228 2892 2268 vera
2921 2222 3005 2267 est
3054 2214 3111 2268 in
3172 2230 3364 2269 verum
3426 2221 3633 2283 Deum,

1997 2300 2148 2355 sicut
2196 2300 2410 2366 dicitis,
2444 2316 2577 2355 eum
2617 2301 2886 2357 videbitis
2926 2303 3117 2358 cordis
3148 2304 3351 2371 oculis,
3388 2304 3488 2376 qui
3538 2322 3637 2359 ca-

1999 2389 2143 2443 dunt
2173 2391 2281 2444 sub
2328 2389 2792 2459 intelligentiam.
2826 2391 2957 2446 Haec
3008 2391 3172 2461 dixit,
3219 2397 3274 2447 et
3322 2409 3455 2448 cum
3507 2410 3636 2449 sus-

1997 2476 2235 2533 tulisset
2290 2477 2541 2534 oculos:
2604 2479 2841 2534 Domine
2915 2480 3055 2534 Jesu
3114 2480 3360 2547 Christe,
3428 2482 3634 2553 inquit,

1998 2581 2136 2637 rogo
2168 2570 2245 2632 te,
2303 2565 2538 2620 videant
2584 2565 2719 2637 ipsre
2773 2582 3006 2638 quoque
3060 2568 3251 2623 lucem
3311 2572 3423 2623 tuaa
3473 2570 3641 2640 agni-

2002 2655 2177 2710 tionis
2212 2670 2224 2708 :
2260 2658 2318 2709 et
2347 2654 2419 2710 ab
2458 2671 2544 2722 ea,
2581 2672 2705 2725 qua
2757 2660 2841 2711 est
2880 2655 2963 2710 eis
3002 2657 3203 2723 offusa,
3246 2656 3502 2712 liberatae
3545 2674 3643 2714 ca-

1999 2743 2200 2815 ligine,
2252 2743 2559 2814 aspiciant,
2601 2744 2866 2812 Domine,
2915 2745 3109 2801 radios
3173 2750 3285 2801 tuae
3352 2746 3636 2802 veritatis.

1999 2833 2092 2889 Sic
2124 2837 2211 2888 est
2262 2837 2525 2904 precatus
2560 2851 2571 2887 :
2608 2839 2665 2888 et
2713 2849 2846 2889 ecce
2873 2834 3088 2902 locum,
3121 2834 3179 2889 in
3239 2851 3348 2906 quo
3380 2837 3637 2906 stabant,

1999 2939 2206 2992 magna
2236 2921 2332 2976 lux
2364 2921 2748 2977 circumfulsit
2779 2922 3028 2993 desuper
3060 2938 3073 2976 :
3109 2927 3164 2977 et
3193 2939 3395 2979 omnes
3427 2925 3484 2978 in
3526 2929 3639 2979 ter-

1998 3028 2117 3068 ram
2141 3012 2473 3067 ceciderunt
2494 3011 2879 3083 obstupefacti
2900 3013 3232 3084 spectaculo
3251 3015 3403 3084 quod
3439 3019 3642 3085 praeter

1997 3102 2334 3172 Opinionem
2384 3105 2671 3157 evenerat.
2713 3102 2837 3157 Non
2887 3106 3010 3157 erat
3041 3106 3236 3157 autem
3268 3102 3387 3169 lux,
3434 3104 3640 3173 cujus-

247 3193 443 3265 οἶονέξ
502 3194 666 3263 ἡλίου
734 3194 823 3249 καὶ
882 3194 1164 3267 ἀστραπῆς
1202 3188 1443 3269 ἔρχεται,
1509 3190 1655 3248 ἀλλά
1704 3192 1880 3245 καινὸν

2000 3192 2151 3246 modi
2208 3208 2275 3246 ea
2334 3197 2440 3256 est,
2474 3207 2601 3263 quas
2653 3191 2809 3246 venit
2861 3206 2929 3245 ex
2986 3192 3108 3246 sole
3146 3198 3203 3247 et
3243 3191 3493 3265 fulgure,
3534 3194 3634 3248 sed

246 3281 436 3343 ἄλλως
494 3283 582 3336 καὶ
644 3283 834 3357 φρικὸν
902 3283 991 3338 καὶ
1049 3283 1328 3352 ἀσύνηθες.
1380 3285 1628 3339 Ἵσταντο
1712 3280 1886 3335 τοίνυν

245 3373 483 3434 ἀκλινεῖς
540 3373 719 3442 αὗται,
778 3372 992 3427 πάντων
1052 3378 1131 3444 τῷ
1190 3369 1371 3447 ἐδάφει
1458 3372 1891 3437 καταπεσόντων,

243 3460 426 3515 καὶτὸ
484 3461 637 3538 φανὲν
699 3460 873 3515 ἐκεῖνο
933 3466 1047 3539 φῶς
1108 3458 1429 3529 πολὺ,ταῖς
1485 3461 1639 3532 ὅψεσι
1688 3460 1893 3514 τούτων

245 3549 681 3625 ἐγκατασκῆψαν,
748 3546 1047 3622 ἀναϐλέψαι
1104 3570 1161 3603 τε
1220 3549 1383 3613 αύτάς
1438 3551 1662 3619 ἐποίησε
1720 3569 1891 3623 παρα-

247 3646 464 3715 χρῆμα,
496 3640 585 3693 καὶ
616 3641 676 3694 τὸ
710 3638 941 3708 ἡλιακὸν
960 3644 1122 3694 τοῦτο
1154 3643 1268 3715 φῶς
1304 3640 1366 3693 τὸ
1398 3637 1574 3713 γλυκῦ
1606 3640 1694 3692 καὶ
1726 3638 1889 3714 φίλον

246 3729 555 3802 ἀνθρώποις
617 3725 771 3783 ἰδεῖν.
828 3733 881 3781 '0
928 3726 985 3782 δέ
1034 3729 1109 3789 ὡς
1141 3729 1315 3789 οὕτως
1358 3728 1525 3804 ὑγιῶς
1559 3732 1663 3781 τῶν
1714 3727 1894 3800 ὀμμά-

150 3872 155 3875 _
242 3838 351 3871 των
421 3816 651 3891 ἐχούσας
713 3815 841 3871 εἶδε·
904 3816 974 3874 Τί
1024 3815 1125 3889 ἄρα
1172 3818 1234 3871 τὸ
1294 3818 1451 3893 φανὲν
1512 3818 1660 3888 ὑμῖν,
1704 3814 1893 3890 ἤρετο,

245 3906 335 3961 καὶ
377 3906 429 3959 τί
460 3910 675 3980 πρῶτον
710 3901 1068 3979 διαϐλέψασαι
1112 3904 1318 3975 sidere;
1349 3908 1410 3963 ἸΙ
1463 3906 1556 3978 μὲν
1608 3906 1718 3973 οὗν,
1755 3910 1894 3978 Πρε-

247 3992 474 4065 σϐύτην,
528 3989 652 4073 ἔφη,
683 3995 746 4049 τὸ
805 3992 973 4064 εἶδος,
1033 3996 1269 4069 ἀρῥητον
1320 3995 1419 4063 τὴν
1450 3992 1617 4069 ὥραν,
1648 3991 1890 4071 φαιδρόν·

244 4086 280 4153 ἡ
316 4082 395 4153 δὲ,
452 4083 747 4145 Νεανίσκος
810 4080 964 4161 ὣφθη
1021 4104 1135 4150 μοι’
1181 4087 1215 4153 ἡ
1278 4081 1334 4138 δὲ
1392 4084 1566 4155 ἑτέρα,
1600 4080 1892 4157 Ηαιδάριον

247 4170 479 4242 κομιδῆ,
524 4174 709 4242 φησὶν,
760 4169 940 4247 ἣψατό
986 4195 1091 4248 μου
1156 4177 1262 4228 τῶν
1315 4173 1633 4249 ὀφθαλμῶν.
1677 4172 1895 4227 Τούτων

251 4257 485 4318 ἀκούσας
555 4255 859 4333 ’Λϐέρκιος,
916 4262 1005 4316 καὶ
1052 4265 1131 4333 τῷ
1194 4266 1303 4315 τῶν
1364 4261 1679 4332 θαυμασίων
1729 4259 1894 4333 χάριν

252 4344 607 4420 ὁμολογήσας
641 4353 777 4417 Θεῷ,
806 4347 1019 4404 διέλυσε
1046 4352 1145 4420 τήν
1180 4348 1554 4405 διδασκαλίαν.

322 4436 431 4490 ΙΒ’.
466 4436 560 4491 Ἐκ
617 4433 674 4489 δὲ
720 4442 827 4492 τῶν
883 4439 1165 4512 παρόντων
1214 4440 1342 4502 τούς
1414 4441 1663 4511 συνήθεις
1732 4459 1896 4514 παρα-

1998 3296 2147 3336 nova
2177 3295 2438 3350 prorsus,
2470 3286 2525 3334 et
2574 3280 2886 3350 stupenda,
2929 3284 2987 3334 et
3042 3279 3290 3337 insueta.
3353 3282 3445 3337 Eae
3501 3298 3636 3353 ergo

1998 3369 2230 3425 stabant
2254 3369 2538 3434 immotae,
2572 3384 2706 3423 cum
2738 3385 2940 3424 omnes
2963 3368 3129 3425 humi
3161 3370 3550 3427 cecidissent:
3584 3377 3639 3429 et

1998 3460 2097 3513 lux
2128 3458 2249 3525 illa,
2282 3475 2412 3529 quas
2444 3459 2733 3530 apparuit,
2768 3475 2899 3513 cum
2930 3458 3175 3516 valdein
3205 3477 3407 3515 eorum
3438 3461 3637 3517 oculos

1998 3549 2382 3616 incubuisset,
2432 3564 2532 3603 eas
2571 3548 2764 3602 statim
2815 3549 2951 3604 fecit
2982 3550 3197 3618 videre,
3229 3554 3286 3604 et
3332 3551 3479 3605 hanc
3506 3567 3638 3606 sua-

1997 3655 2127 3696 vem
2170 3644 2227 3694 et
2284 3638 2626 3694 hominibus
2684 3644 2907 3709 gratam
2959 3638 3099 3694 solis
3155 3640 3345 3695 lucem
3403 3641 3637 3696 intueri.

2000 3727 2099 3783 Ille
2133 3734 2325 3782 autem
2345 3744 2475 3782 cum
2501 3732 2620 3782 tam
2646 3728 2804 3782 sanis
2841 3743 2939 3782 eas
2968 3728 3213 3783 vidisset
3236 3727 3456 3783 oculis:
3491 3728 3640 3792 Quid

1999 3825 2104 3885 est,
2139 3817 2378 3886 rogavit,
2414 3816 2562 3887 quod
2594 3816 2757 3871 vobis
2791 3815 3075 3887 apparuit,
3108 3819 3164 3871 et
3196 3818 3337 3888 quid
3386 3816 3636 3885 vidistis,

1999 3922 2130 3962 cum
2182 3906 2438 3976 primum
2480 3904 2838 3977 aspexistis?
2871 3905 2993 3960 Una
3011 3910 3200 3961 autem
3230 3923 3241 3959 :
3288 3909 3515 3975 Senem,
3549 3907 3635 3961 in-

2000 3995 2148 4067 quit,
2179 3994 2320 4062 vidi,
2354 3998 2524 4064 cujus
2557 3994 2750 4051 formae
2785 4011 2898 4049 non
2933 4000 3126 4066 potest
3160 3995 3351 4049 referri
3389 3994 3643 4066 pulchri-

1998 4086 2137 4141 tudo
2191 4090 2248 4140 et
2294 4085 2578 4140 alacritas.
2640 4084 2835 4140 Altera
2889 4090 3120 4140 autem:
3172 4084 3345 4141 Visus
3386 4090 3469 4141 est
3500 4085 3639 4141 mihi

2000 4173 2361 4230 adolescens.
2392 4174 2587 4228 Tertia
2616 4190 2748 4228 vero
2788 4190 2799 4227 :
2826 4174 2993 4243 Puer,
3018 4174 3232 4244 inquit,
3263 4190 3421 4229 meos
3452 4174 3642 4245 attigit

2000 4263 2221 4319 oculos.
2260 4263 2375 4317 llas
2424 4279 2555 4317 cum
2589 4262 2849 4318 audisset
2889 4262 3188 4330 Abercius,
3220 4272 3269 4317 et
3302 4280 3496 4319 rerum
3538 4266 3640 4319 ad-

2002 4351 2363 4407 mirabilium
2396 4351 2510 4408 Deo
2538 4352 2751 4423 egisset
2782 4352 3022 4422 gratias,
3057 4352 3372 4407 intermisit
3414 4354 3639 4409 docere.

2070 4441 2197 4496 XII.
2235 4445 2309 4495 Ex
2364 4440 2436 4496 iis
2496 4446 2712 4508 autem,
2764 4442 2862 4512 qui
2896 4443 3158 4507 aderant,
3193 4442 3262 4495 iis
3306 4443 3639 4513 assumptis,

250 4521 462 4594 λαϐὼν,
531 4522 740 4598 οἴκαδε,
772 4526 1021 4596 ἐπανῆκε,
1053 4529 1142 4583 καὶ
1186 4531 1313 4591 τοὺς
1361 4537 1457 4599 τῆς
1510 4529 1701 4600 ἐνάτης
1748 4530 1887 4601 ὥρας

2007 4532 2102 4602 qui
2136 4535 2303 4585 erant
2343 4530 2681 4597 familiares,
2715 4532 2955 4586 domum
3001 4531 3192 4598 rediit,
3226 4538 3277 4584 et
3326 4548 3456 4585 cum
3490 4531 3644 4587 horas

250 4616 453 4686 ὕμνους
500 4612 738 4676 ἀποδοὺς
804 4620 983 4687 (τοῦτο
1021 4618 1123 4690 γὰρ
1180 4617 1326 4691 αὐτῷ
1384 4614 1522 4689 ἔθος,
1553 4620 1715 4673 οἱονεὶ
1758 4620 1894 4674 κατά

249 4724 521 4781 παρεργον
570 4704 658 4758 καὶ
700 4705 834 4778 πρὸς
876 4704 955 4778 τῷ
1002 4706 1144 4761 τέλει
1194 4714 1295 4775 τῆς
1342 4708 1551 4781 ἡμέρας
1620 4715 1890 4772 ποιεῖσθαι

249 4793 341 4848 καὶ
393 4798 489 4848 τοῦ
527 4795 780 4866 σώματος
843 4794 1053 4869 Λόγον,)
1089 4794 1266 4869 βραχύ
1321 4816 1373 4849 τι
1422 4797 1585 4871 ἄρτου
1620 4796 1895 4870 μεταλαμ-

250 4876 419 4936 ϐάνει.
481 4884 698 4938 Τούτων
767 4882 947 4939 τοίνυν
1016 4884 1105 4939 ὑπ’
1165 4884 1332 4938 αὐτοῦ
1398 4884 1725 4958 γενομένων,
1792 4894 1892 4955 τῆς

247 4972 568 5047 περιχώρου
626 4971 876 5035 πολλοὺς
924 4974 992 5041 ἦν
1042 4974 1169 5047 ὁρᾷν
1226 4975 1364 5047 πρὸς
1416 4974 1507 5028 τὸν
1569 4972 1735 5048 ἄνδρα
1767 4975 1891 5051 συῤ-

248 5058 463 5134 ῥέοντας
495 5060 583 5116 καὶ
626 5062 699 5119 εἷς
753 5058 928 5135 ὄνομα
993 5063 1225 5137 Ηατρὸς,
1284 5064 1411 5116 Υἱοῦ
1458 5063 1545 5116 καί
1580 5064 1891 5135 Ηνεύματος

246 5148 407 5221 ἁγίου
462 5150 915 5224 βαπτιζομένους.
964 5153 1052 5207 Ἐν
1099 5152 1345 5221 τοσούτῳ
1396 5148 1451 5205 δὲ
1499 5151 1564 5205 τά
1618 5152 1753 5205 κατά
1791 5154 1889 5220 τήν

252 5237 462 5311 μητέρα
519 5237 683 5313 γνοὺς
743 5237 1097 5310 Εὐξεινιανὸς,
1156 5239 1304 5301 ὅπως
1377 5261 1435 5294 τε
1508 5260 1889 5317 χειραγωγου-

252 5327 388 5401 μένη
448 5327 745 5403 προσέλθοι
794 5332 872 5399 τῷ
906 5328 1065 5403 ἁγίῳ,
1122 5328 1213 5384 καὶ
1281 5328 1427 5391 ὅπως
1477 5330 1889 5405 πεπηρωμένων

246 5417 390 5490 αὐτῇ
449 5421 557 5471 τῶν
616 5415 915 5495 ὀφθαλμῶν
972 5413 1339 5493 ἀνοϐλέψειεν,
1399 5414 1637 5495 ἀκριϐῶς
1717 5421 1893 5474 πάντα

244 5504 298 5578 ἐξ
331 5504 501 5575 αὐτῆς
558 5507 886 5581 πυθόμενος,
920 5505 1096 5563 ἄπεισι
1156 5508 1302 5585 παρὰ
1344 5513 1556 5581 τοῦτον,
1604 5510 1692 5564 καὶ
1725 5509 1890 5564 ἀσπά-

242 5599 499 5670 σάμινος,
564 5594 637 5653 Εἴ
666 5618 724 5651 σε
784 5594 956 5671 ᾔδειν,
1008 5598 1197 5675 πάτερ,
1264 5597 1392 5676 ἐγὼ,
1474 5602 1657 5678 φησὶν,
1715 5598 1888 5664 ὗδέως

560 5726 830 5793 ΡΑτιοι..
875 5731 987 5796 Gn.
1032 5731 1204 5798 CXV.

2006 4637 2169 4676 nonas
2211 4621 2461 4693 hymnos
2513 4619 2882 4690 absolvisset,
2917 4636 3123 4691 parum
3178 4620 3345 4687 panis
3376 4622 3643 4675 assumit.

2006 4711 2090 4764 Ila
2123 4711 2278 4765 enim
2313 4709 2558 4777 solebat,
2594 4718 2870 4780 tanquam
2912 4709 3068 4763 aliud
3103 4710 3344 4779 agendo,
3368 4708 3500 4765 etin
3536 4708 3648 4764 fine

2004 4798 2142 4865 diei,
2182 4797 2441 4869 corporis
2470 4797 2685 4852 habere
2728 4800 3030 4853 rationem.
3080 4797 3208 4851 Haec
3240 4813 3373 4851 cum
3419 4798 3489 4851 ab
3525 4796 3647 4866 ipso

2004 4888 2157 4943 facta
2188 4891 2399 4954 essent,
2443 4886 2654 4942 licebat
2695 4887 2890 4941 videre
2924 4885 3135 4940 multos
3167 4902 3234 4940 ex
3271 4902 3358 4952 ea,
3393 4902 3517 4957 quae
3561 4889 3649 4940 est

2003 4975 2410 5043 circumcirca,
2444 4975 2677 5046 regione
2708 4976 2777 5029 ad
2825 4990 2957 5028 eum
3004 4975 3314 5043 conﬂuere,
3361 4980 3417 5029 et
3465 4973 3649 5045 bapti-

2002 5065 2118 5121 zari
2151 5065 2209 5120 in
2258 5065 2493 5120 nomine
2535 5065 2735 5133 Patris,
2775 5069 2830 5118 et
2861 5063 3009 5129 Filii,
3055 5069 3112 5118 et
3142 5064 3394 5135 Spiritus
3437 5063 3647 5119 sancti.

2002 5155 2248 5209 Interim
2281 5158 2475 5208 autem
2508 5168 2636 5207 cum
2683 5170 2810 5224 quae
2845 5152 3015 5208 matri
3056 5153 3401 5222 evenissent,
3435 5170 3648 5224 cogno-

2001 5244 2182 5298 visset
2223 5242 2613 5309 Euxenianus,
2645 5247 2701 5297 et
2748 5242 3244 5314 quemadmodum
3276 5243 3523 5298 deducta
3552 5260 3648 5297 ac-

2004 5333 2279 5390 cessisset
2333 5334 2401 5387 ad
2457 5338 2749 5399 sanctum,
2800 5340 2857 5388 et
2911 5333 3407 5404 quemadmodum
3451 5333 3650 5389 orbata

2002 5423 2194 5478 visum
2269 5428 2688 5494 recuperasset,
2747 5422 2945 5477 omnia
2994 5437 3062 5476 ex
3118 5423 3243 5493 ipsa
3299 5422 3647 5490 sciscitatus,

2001 5514 2161 5568 venit
2184 5513 2255 5568 ad
2290 5512 2480 5582 illum,
2525 5529 2589 5567 ac
2627 5530 2639 5567 :
2673 5513 2734 5569 Si
2783 5517 2838 5568 te
2872 5512 3101 5579 scirem,
3134 5512 3341 5585 inquit,
3375 5530 3406 5569 o
3466 5518 3646 5586 pater,

2002 5602 2248 5658 libenter
2309 5602 2567 5674 aspicere
2610 5601 2677 5657 ad
2712 5602 3012 5673 pecunias,
3056 5617 3173 5657 non
3217 5602 3647 5657 distribuissem

3246 5730 3325 5792 39
