4048 6202
460 327 611 387 1227

1793 293 2076 360 MENSIS
2123 292 2506 353 OCTOBER.

3673 288 3797 348 1228

456 488 560 544 tibi
618 496 852 554 parvam
913 479 1137 549 partem
1196 484 1460 528 mearum
1520 462 1879 523 facultatum,
1938 452 2137 525 quod,

2247 451 2283 511 ῖς
2334 451 2599 525 χρὴματα
2654 447 2943 525 βλέποντα,
3004 448 3107 504 οὐκ
3170 446 3361 523 ὀλίγον
3422 444 3480 499 ἄν
3530 465 3608 499 σοι
3669 444 3799 518 μὲρος

460 591 599 632 mete
653 569 827 627 matri
886 563 1215 622 conciliaris
1264 563 1496 616 tantum
1537 548 1911 609 beneﬁcium.
1958 545 2101 599 Cum

458 672 652 722 autem
686 676 821 715 cum
853 657 1002 722 aliis,
1037 669 1163 724 quin
1187 649 1291 705 tibi
1323 645 1557 702 donavit
1588 643 1762 704 Deus,
1785 642 1840 693 te
1871 647 2104 706 quoque

458 752 723 827 pecuniis
751 750 886 803 fecit
910 744 1293 811 superiorem,
1325 736 1633 808 quidnam,
1659 732 1723 783 ut
1744 732 1834 783 est
1864 738 2107 778 consen-

462 813 719 903 taneum,
752 836 853 892 tibi
882 850 979 904 pro
1005 834 1108 887 hoc
1141 830 1291 883 dono
1317 820 1747 880 reddiderimus
1767 817 1794 871 ?
1824 813 2107 878 Quidnam

468 931 646 995 aliud,
681 898 852 998 quam
882 898 1035 977 hanc
1067 918 1314 991 gratiam
1349 913 1453 969 tibi
1485 912 1739 966 feremus
1766 906 2061 973 acceptam
2084 898 2111 952 Ἰ

467 1024 611 1077 Cum
634 989 763 1072 haec
793 1014 1030 1085 quidem
1056 989 1318 1073 dixisset,
1353 1000 1543 1058 sancti
1577 997 1749 1070 pedes
1782 989 2108 1065 prehendit.

469 1112 717 1167 Sanctus
748 1077 943 1159 autem
975 1101 1211 1167 accepta
1240 1094 1368 1164 ejus
1391 1093 1655 1147 dextera:
1687 1084 1869 1149 Scias,
1898 1077 2114 1149 inquit,

470 1217 502 1255 o
532 1197 769 1267 optime,
822 1190 967 1246 mihi
1000 1187 1159 1243 nulla
1197 1201 1259 1240 re
1309 1183 1425 1238 alia
1471 1186 1573 1233 tua
1619 1191 1767 1247 opus
1818 1186 1960 1234 esse,
2006 1166 2115 1223 nisi

471 1254 649 1358 quod,
682 1254 817 1338 cum
839 1280 923 1334 sis
954 1278 1095 1331 adeo
1117 1274 1396 1346 prudens,
1422 1266 1613 1323 ﬁdelis
1644 1266 1751 1319 ﬁas
1782 1277 1849 1316 ex
1871 1254 2114 1321 inﬁdeli,

471 1382 528 1433 et
555 1373 736 1445 impia
774 1377 992 1426 mutata
1023 1363 1321 1436 religione,
1364 1359 1565 1414 venias
1623 1355 1695 1411 ad
1757 1348 2117 1422 agnitionem

468 1442 751 1521 veritatis.
784 1458 925 1513 Volo
957 1456 1115 1511 enim
1151 1458 1206 1508 te
1250 1449 1482 1505 ﬁdelem
1515 1461 1643 1502 esse
1685 1442 1878 1515 potius
1910 1450 2119 1510 paupe-

472 1569 620 1622 rem,
652 1565 829 1622 quam
861 1540 1459 1602 inﬁdelemillustrem
1491 1542 1545 1591 et
1578 1533 1831 1588 divitem.

547 1732 693 1788 XIII.
724 1731 889 1785 Tunc
927 1723 1228 1797 respondit
1266 1718 1639 1776 Euxenianus
1676 1732 1687 1769 :
1720 1713 1773 1769 Si
1798 1712 1885 1768 vis
1926 1709 2121 1780 igitur,

478 1842 509 1881 ο
560 1835 790 1878 sacrum
839 1820 1034 1887 caput,
1086 1814 1156 1868 de
1213 1812 1321 1867 hoc
1373 1808 1540 1864 nobis
1579 1810 1668 1863 est
1717 1800 2117 1875 quaerendum.

3060 541 3086 555 γ

2207 540 2469 613 ἀπένειμα
2508 549 2607 610 τῆς
2638 541 2824 604 οὐσίας
2876 541 2991 595 ἀνθ’
3051 541 3123 593 ὧν
3187 560 3281 612 μοι
3333 538 3551 616 χάριτος
3609 537 3675 597 εἰς
3721 538 3799 603 τήν

2216 630 2423 703 μητέρα
2471 632 2729 699 τοιαύτης
2777 631 3038 704 ὑπῆρξας.
3093 629 3240 684 Ἐπεὶ
3298 624 3353 682 δὲ
3412 626 3542 698 μετά
3588 629 3682 678 τῶν
3724 624 3802 679 ἂλ-

2214 718 2326 774 λων
2374 719 2446 774 ὦν
2497 718 2811 795 ἐδωρήσατὸ
2858 740 2943 773 σοι
2997 719 3153 788 Οεὸς,
3184 718 3271 772 καὶ
3316 714 3584 790 κρείττονά
3610 736 3660 768 σε
3688 734 3800 788 χρη.

2220 812 2400 882 μάτων
2462 806 2698 879 διέθηκε,
2732 808 2785 864 τί
2834 806 2893 862 ἂν
2946 830 3001 863 σε
3047 815 3147 876 τῆς
3189 804 3392 879 δωρεᾶς
3443 805 3626 873 ταύτης
3674 803 3803 873 ἀμει-

2216 901 2455 974 ψαίμεθα
2502 901 2638 955 κατά
2690 898 2855 973 λόγον
2893 927 2906 969 ;
2963 899 3011 953 τί
3048 898 3191 953 ἄλλο
3250 918 3312 973 γε
3361 896 3395 965 ἢ
3430 894 3714 968 ἀναγραπτά
3738 915 3802 947 σοι

2216 993 2283 1046 τὰ
2337 998 2436 1060 τῆς
2486 991 2835 1069 εὐχαριστίας
2892 988 3123 1043 κείσεται
3180 988 3306 1061 παρ’
3365 988 3527 1056 ἡμῖν;
3584 986 3737 1039 Tanta
3783 984 3803 1035 ὁ

2225 1081 2320 1152 μὲν
2377 1080 2564 1147 εἰπὼν,
2614 1084 2721 1133 τῶν
2770 1076 2955 1133 ποδῶν
3022 1076 3200 1150 ἥψατο
3249 1079 3346 1130 τοῦ
3406 1072 3574 1149 ἄγίοψ
3604 1072 3628 1125 ὁ
3660 1068 3707 1125 δὲ
3730 1075 3803 1135 τῆς

2223 1168 2395 1243 δεξιᾶς
2478 1166 2807 1241 λαϐόμενος,
2870 1169 3001 1241 Ἐμὲ
3071 1164 3321 1241 μηδενὸς,
3391 1162 3512 1240 ἔφη,
3582 1160 3805 1235 χρῄξοντι

2223 1261 2354 1330 ἴσθι,
2415 1260 2458 1314 ὦ
2494 1259 2761 1334 βέλτιστε,
2795 1260 2939 1335 παρά
2998 1261 3113 1325 σοῦ,
3248 1256 3399 1315 ’ὁπως
3458 1252 3593 1307 οὕτω
3638 1251 3806 1310 συνετὸς

2226 1349 2319 1419 ὥν,
2379 1352 2570 1413 πιστός
2622 1370 2679 1404 τε
2727 1347 2778 1419 ἐξ
2828 1348 3053 1402 ἀπίστου
3083 1348 3257 1421 γένοιο
3302 1345 3391 1397 καὶ
3441 1349 3537 1410 τῆς
3570 1334 3807 1398 δυσσεϐοῦς

2227 1440 2512 1514 θρησκείας
2568 1434 2908 1513 μεταϐαλὼν,
2994 1438 3069 1499 εἷς
3143 1434 3430 1509 ἐπίγνωσιν
3522 1426 3684 1490 ἔλθοις
3737 1429 3808 1494 τῆς

2226 1529 2510 1600 ἀληθείας.
2544 1528 2823 1601 Βούλομαι
2864 1526 3051 1581 πιστόν
3092 1545 3149 1579 σε
3198 1524 3333 1577 εἶναι
3370 1523 3569 1590 πένητα
3621 1516 3807 1591 μᾶλλον,

2229 1622 2263 1689 ἢ
2298 1618 2523 1675 ἄπιστον
2554 1625 2819 1696 περιφανῆ
2860 1638 2917 1672 τε
2950 1617 3038 1670 καὶ
3080 1613 3361 1670 πλούσιον.

2304 1710 2405 1766 ΙΓ’.
2451 1710 2547 1765 Καὶ
2597 1709 2625 1761 ὁ
2685 1704 3040 1776 Εὐξεινιανός*
3092 1703 3293 1771 Ούκοῦ,
3354 1699 3397 1755 ὦ
3454 1700 3568 1764 ἱερὰ
3624 1694 3810 1768 κεφαλή,

2232 1798 2379 1871 εἷ’περ
2416 1797 2624 1873 βούλει,
2667 1795 2929 1867 ζητητέον
2976 1796 3109 1867 ἡμῖν
3151 1792 3273 1866 περὶ
3322 1789 3536 1845 τούτου.
3589 1782 3815 1842 Ηολλάκις

477 1920 635 1982 Saepe
665 1909 819 1965 enim
851 1904 1045 1961 audivi
1072 1902 1239 1957 matri
1271 1899 1552 1964 assidens,
1586 1912 1647 1951 se
1675 1912 1707 1949 a
1737 1898 1792 1948 te
1823 1890 2118 1957 didicisse,

2247 1888 2325 1963 Γάρ
2383 1886 2591 1955 ἤκουσα
2651 1886 3099 1957 παρακαθήμενος
3156 1885 3223 1955 τῇ
3290 1878 3456 1954 μητρὶ
3511 1876 3580 1939 ὡς
3623 1874 3708 1928 ὑπὸ
3746 1874 3814 1925 coli

482 2004 662 2058 Deum
695 2013 848 2053 nunc
878 1994 1115 2066 quidem
1159 2006 1287 2045 esse
1319 1988 1665 2044 clementem
1698 1986 1755 2037 et
1787 1980 2121 2049 benignum,

479 2106 635 2147 nunc
694 2096 884 2142 autem
938 2080 1259 2137 terribilem
1319 2082 1375 2132 et
1399 2077 1681 2146 justum:
1742 2076 1798 2127 et
1856 2068 2001 2124 alios
2064 2069 2128 2121 ut

482 2179 649 2235 valde
672 2177 890 2231 bonum
912 2172 1081 2225 bonis
1106 2181 1496 2231 remunerare,
1522 2162 1660 2218 alios
1682 2159 2126 2231 utpotejustum

482 2266 686 2325 ulcisci
716 2272 771 2319 et
800 2261 1026 2334 punire.
1061 2258 1120 2313 Si
1150 2272 1286 2327 ergo
1317 2271 1386 2309 ex
1439 2266 1635 2308 amore
1684 2249 1921 2321 quidem
1972 2246 2127 2301 exsi-

482 2358 584 2413 stit
614 2352 957 2409 beneﬁcium
992 2352 1049 2403 et
1098 2342 1507 2409 remuneratio,
1544 2338 1902 2412 supplicium
1936 2340 2129 2391 autem

486 2451 542 2502 et
574 2459 741 2516 pmna
769 2440 840 2495 ab
880 2438 1032 2507 odio,
1080 2434 1370 2507 quomodo
1431 2431 1553 2487 ﬁeri
1613 2432 1820 2501 potest,
1853 2430 1919 2481 ut
1972 2424 2128 2479 idem

488 2514 806 2598 sitﬁbonus,
838 2533 894 2584 et
942 2529 1107 2598 justa
1158 2525 1367 2579 inferat
1426 2517 1760 2591 supplicia?
1818 2514 2129 2581 Quoniam,

487 2622 673 2694 inquit
704 2634 957 2691 magnus
998 2614 1303 2683 Abercius,
1339 2626 1469 2665 cum
1503 2608 1823 2679 unicuique
1860 2606 2134 2660 reddatur

488 2730 591 2786 pro
637 2708 882 2777 meritis,
915 2724 1013 2763 eos
1057 2704 1321 2776 quidem,
1353 2702 1448 2771 qui
1506 2700 1659 2755 bona
1718 2697 1959 2761 faciunt,
2013 2702 2135 2749 tan—

492 2784 668 2875 quam
693 2799 792 2871 qui
826 2801 1037 2853 natura
1094 2794 1172 2849 sit
1225 2794 1432 2854 bonus,
1461 2788 1641 2842 afﬁcit
1672 2784 1954 2841 beneﬁcio
1989 2800 2002 2838 :
2036 2798 2135 2837 eos

494 2870 840 2959 autem,qui
900 2883 1052 2939 mala
1107 2882 1399 2944 exercent,
1458 2875 1648 2947 punit,
1693 2882 1753 2928 ut
1806 2873 1907 2944 qui
1940 2870 2138 2927 omnia

486 2983 642 3049 juste
696 2976 887 3042 faciat,
918 2971 1152 3027 nemine
1203 2966 1519 3037 eﬁ'ugiente
1567 2965 1697 3033 ejus
1743 2959 2137 3031 cognitionem

494 3078 720 3127 eorum,
750 3075 881 3131 quae
918 3074 1024 3112 nos
1055 3054 1321 3119 facimus,
1353 3056 1411 3107 et
1440 3049 1528 3105 vel
1561 3047 1754 3103 solum
1787 3046 2134 3118 cogitamus.

494 3156 624 3224 Ipse
656 3154 745 3205 est
801 3146 958 3202 enim
1008 3142 1485 3199 accuratissimus
1527 3137 1884 3193 examinator
1913 3151 2138 3199 eorum,

2231 1974 2517 2051 διδαχθείη
2587 1976 2679 2030 τὸν
2739 1976 2866 2029 Θεὸν
2923 1977 3015 2027 νῦν
3079 1973 3173 2045 μὲν
3231 1967 3608 2047 φιλάνθρωπόν
3668 1983 3713 2016 τε
3751 1961 3815 2013 καὶ

2230 2067 2450 2139 ἀγαθὸν,
2482 2069 2573 2118 νῦν
2634 2064 2690 2118 δὲ
2749 2058 2978 2142 φοϐερὸν
3038 2062 3176 2115 εἶναι
3233 2058 3325 2113 καὶ
3368 2049 3815 2121 δίκαιον,καὶτούς

2235 2157 2352 2227 μὲν,
2387 2156 2461 2217 ὡς
2531 2138 3012 2231 σφόδρα-ἀγαθὸν,
3072 2150 3303 2225 ἀγαθοῖς
3364 2139 3675 2218 ἀμείϐεσθαι,
3722 2138 3818 2199 τοὺς

2233 2243 2311 2312 δὲ,
2354 2246 2438 2299 οἶα
2506 2241 2733 2310 δίκαιον,
2782 2242 3074 2314 ἀμύνεσθαι
3139 2238 3228 2293 καὶ
3261 2236 3529 2304 κολάζειν.
3582 2230 3636 2288 Et
3678 2230 3813 2284 τοίνυν

2235 2334 2281 2403 ἐξ
2336 2333 2548 2408 ἀγάπης
2611 2332 2705 2404 μὲν
2762 2333 2797 2399 ἡ
2839 2328 3112 2403 εὐεργεσία
3167 2328 3255 2381 καὶ
3315 2326 3377 2379 τὸ
3445 2316 3747 2396 ἀμείϐεσθαι,
3791 2318 3815 2382 ἢ

2235 2424 2479 2497 τιμωρία
2530 2419 2585 2476 δὲ
2625 2421 2711 2476 καὶ
2761 2420 2823 2474 τὸ
2870 2418 3121 2486 κολάζειν
3153 2420 3215 2471 ἒκ
3272 2415 3487 2488 μίσους’
3520 2416 3629 2469 πῶς
3664 2408 3727 2461 ἔνι
3750 2408 3816 2461 τὸν

2236 2513 2393 2568 αὐτὸν
2450 2509 2642 2585 ἀγαθόν
2689 2531 2747 2564 τε
2787 2509 2923 2563 εἶναι
2982 2508 3070 2562 καὶ
3147 2504 3359 2567 δικαίας
3432 2502 3632 2575 ἐπάγειν
3691 2516 3820 2567 ripa).

2279 2603 2289 2621 ι
2451 2604 2473 2621 η
2499 2583 2505 2585 ⁷
2770 2599 2783 2615 ς
2866 2598 2878 2615 ο
3126 2597 3137 2617 ,
3530 2594 3553 2604 -
3678 2589 3688 2607 ,
3721 2585 3730 2599 ς
3768 2583 3775 2596 ι

2240 2622 2359 2676 ριας
2396 2628 2410 2672 ;
2478 2603 2600 2669 Οτι,
2653 2620 2816 2677 φησιν
2860 2619 2886 2651 o
2929 2597 3090 2670 μέγας
3144 2592 3433 2669 Αὸἑρκιος,
3467 2612 3558 2646 του
3585 2608 3672 2642 κατ
3713 2584 3819 2654 αξιαν

2237 2693 2444 2761 ἑκάστῳ
2495 2686 2953 2763 συντηρουμὲνου,
3005 2684 3134 2747 τοὺς
3202 2685 3296 2756 μὶν
3350 2683 3414 2737 τά
3477 2678 3637 2755 ἀγαθά
3690 2676 3820 2747 πράσ-

2240 2801 2451 2847 σοντας,
2485 2782 2574 2833 οἷα
2633 2777 2788 2852 φύσει
2834 2776 3033 2851 ἀγαθὸς
3082 2772 3179 2843 ὢν,
3232 2773 3518 2846 εὐεργετεῖ,
3556 2765 3669 2825 τοὺς
3712 2761 3755 2816 δὲ
3776 2761 3821 2813 τὰ

2241 2868 2421 2947 φαῦλα
2483 2869 2786 2941 μετιόντας,
2820 2868 2911 2920 ἅτε
2960 2862 3184 2925 δικαίως
3243 2862 3421 2916 πάντα
3468 2862 3649 2926 ποιῶν,
3687 2869 3823 2921 τιμω-

2243 2964 2437 3033 ρεῖται,
2493 2954 2726 3031 μηδενὸς
2767 2952 2930 3009 αἱ)τοῦ
2974 2956 3072 3022 τὴν
3102 2957 3303 3027 γνῶσιν
3348 2951 3423 3004 ὧν
3462 2949 3614 3021 ἡμεῖς
3642 2941 3823 3016 πράττο-

2250 3048 2342 3119 μὲν
2392 3067 2448 3100 τε
2497 3045 2586 3099 καὶ
2632 3045 2794 3116 μόνον
2847 3042 2922 3103 εἷς
2971 3046 3095 3096 νοῦν
3149 3035 3524 3112 λαμϐάνομεν,
3563 3028 3828 3109 διαφεύγον-

2247 3156 2360 3197 τος.
2407 3134 2583 3196 Αὐτὸς
2622 3134 2724 3208 γάρ
2774 3130 2885 3186 ἐστι
2933 3130 3024 3184 καὶ
3062 3134 3169 3183 τῶν
3230 3128 3279 3181 ἐν
3331 3128 3479 3201 βάθει
3526 3126 3616 3187 τῆς
3644 3113 3828 3173 διανοίας

497 3200 621 3224 ,τη
661 3200 742 3205 η-
906 3200 913 3201 ,
944 3200 956 3201 ,

497 3257 622 3312 quas
658 3241 799 3294 sunt
848 3236 906 3289 in
939 3232 1225 3305 profundo
1273 3228 1664 3297 cogitationis,
1698 3226 1871 3282 corda
1927 3224 2137 3280 exami-

2255 3224 2533 3294 ἐξεταστὴς
2621 3216 3027 3294 ἀκριϐέστατος,
3105 3215 3418 3289 δοκιμάζων
3487 3208 3703 3285 καρδίας,
3766 3200 3829 3254 καὶ

497 3345 647 3385 nans
689 3331 744 3382 et
801 3339 989 3388 renes,
1052 3320 1372 3393 pervadens
1431 3333 1618 3387 usque
1671 3316 1741 3370 ad
1800 3314 2145 3369 divisionem

499 3417 709 3473 animae
741 3418 799 3469 et
827 3412 1093 3483 spiritus,
1135 3423 1487 3479 compagum
1542 3420 1771 3477 quoque
1820 3408 1878 3459 et
1927 3402 2147 3458 medul-

500 3507 711 3569 larum,
756 3506 815 3558 et
864 3501 1043 3572 judex
1104 3496 1529 3569 cogitationum
1588 3498 1646 3549 et
1702 3492 2145 3563 conceptionum

507 3594 695 3650 cordis
724 3591 767 3646 ⁴.
799 3588 1174 3646 Euxenianus
1232 3601 1411 3640 vero:
1460 3589 1579 3639 Hoc
1627 3584 1881 3652 quidem,
1935 3582 2147 3651 inquit,

508 3690 660 3740 recte
692 3686 780 3737 est
827 3679 1106 3734 solutum.
1148 3676 1259 3731 Sed
1308 3674 1454 3729 illud
1495 3690 1724 3745 quoque
1756 3687 1848 3728 me
1879 3672 2018 3727 doce
2050 3687 2063 3725 :
2097 3672 2146 3724 si

508 3775 660 3830 Deus
692 3770 862 3826 bonis
883 3767 1225 3833 delectatur,
1250 3781 1351 3819 cur
1379 3781 1496 3819 non
1529 3763 1601 3818 ab
1626 3763 1787 3818 initio
1812 3761 1987 3816 talem
2013 3760 2147 3815 fecit

504 3862 827 3925 hominem,
851 3862 915 3911 ut
937 3854 1419 3924 bonumquidem
1445 3853 1628 3924 possit
1658 3851 1903 3921 operari,
1926 3850 2145 3905 malum

507 3957 702 4007 autem
743 3945 985 4002 minime
1044 3943 1229 4015 possit
1261 3941 1490 3998 facere?
1547 3940 1639 3996 Sic
1696 3942 1850 3996 enim
1912 3945 1968 3995 et
2023 3956 2147 4010 quas

509 4045 645 4096 sunt
675 4038 725 4093 ei
763 4041 945 4103 grata,
998 4034 1358 4097 fecissemus,
1405 4034 1461 4085 et
1517 4030 1942 4084 mansissemus
1992 4030 2149 4085 nullo

510 4127 699 4185 affecti
732 4123 1036 4196 supplicio.
1092 4121 1193 4177 Ille
1224 4125 1415 4175 autem
1447 4136 1459 4172 :
1494 4120 1609 4173 Hoc
1641 4134 1875 4188 quoque
1904 4122 2013 4183 est,
2058 4119 2148 4173 in-

513 4220 660 4291 quit,
693 4218 841 4286 ejus,
876 4214 972 4285 qui
1018 4211 1200 4267 nostri
1232 4226 1501 4281 magnam
1531 4225 1731 4263 curam
1764 4210 1933 4279 gerit,
1965 4212 2021 4264 et
2054 4209 2150 4279 qui

512 4306 750 4362 omnino
772 4302 1168 4357 vultnostrum
1196 4298 1512 4355 bonum.Si
1533 4298 1685 4353 enim
1713 4315 1825 4353 non
1852 4314 2154 4369 possemus

516 4394 669 4451 mala
698 4394 904 4458 facere,
933 4407 1036 4445 nec
1061 4391 1211 4446 bona
1235 4390 1467 4460 quidem
1494 4388 1757 4443 faciendo
1789 4388 1935 4442 nihil
1960 4388 2154 4443 lucra-

515 4497 730 4538 remur.
762 4482 958 4548 Neque
979 4477 1134 4532 enim
1160 4483 1457 4547 propterea
1488 4474 1660 4530 laude
1691 4474 1849 4545 digni
1868 4492 2149 4541 essemus,

2255 3312 2477 3388 νεφροὺς
2546 3309 2922 3384 διικνούμενος
2980 3310 3109 3382 ἄγρι
3194 3308 3465 3378 μερισμοῦ
3528 3304 3695 3377 ψυχῆς
3769 3290 3831 3343 καίἱ

2256 3406 2583 3479 πνεύματος,
2645 3405 2833 3477 ἁρμῶν
2910 3420 2967 3453 τε
3027 3398 3114 3453 καὶ
3189 3395 3427 3470 μυελῶν,
3498 3393 3581 3446 γαί
3644 3382 3833 3459 κριτικὸς

2257 3496 2625 3567 ἐνθυμήσεων,
2671 3492 2758 3546 καὶ
2819 3489 3033 3545 ἐννοιῶν
3084 3484 3334 3562 καρδίας,
3389 3484 3489 3541 Καὶ
3540 3482 3565 3535 ὁ
3626 3476 3836 3543 Εὐξεινεαο

2257 3557 2576 3648 νός’.Τὸῢτο
2614 3557 2724 3653 ⁷μὲν
2791 3578 2882 3633 οὗν
2932 3577 3107 3651 ὀρθῶς
3157 3557 3501 3630 ἓπιλέλυταγ
3557 3566 3687 3635 πλὴν
3740 3557 3832 3653 ἀλλῖ

2258 3674 2433 3729 ἐκεῖνό
2469 3694 2533 3746 με
2557 3669 2788 3740 δίδαξον·
2829 3669 2873 3721 εἰ
2912 3670 3028 3728 τοῖς
3053 3666 3279 3739 ἀγαθοῖς
3314 3665 3342 3717 ὁ
3376 3663 3503 3722 Θεὸς
3530 3644 3831 3727 ἥδεται,δι²τί

2262 3766 2336 3835 μὴ
2378 3763 2477 3830 τὴν
2535 3760 2713 3833 ἀρχὴν
2761 3760 3009 3813 τοιοῦτον
3058 3753 3227 3807 ἐποίει
3276 3753 3370 3806 τὸν
3424 3750 3697 3823 ἄνθρωπον,
3732 3738 3833 3792 ὥστε

2255 3854 2317 3908 τὸ
2379 3852 2473 3925 μὲν
2524 3849 2722 3925 ἀγαθὸν
2780 3846 3099 3921 ἐργάζεσθαι
3149 3840 3375 3896 δυνατὸν
3449 3840 3594 3901 εἶναι,
3647 3825 3831 3897 πονηρὸν

2260 3941 2315 3997 δὲ
2347 3942 2477 4015 μηδ’
2510 3941 2688 3994 ὁτιοῦν
2739 3936 2935 4007 πρᾶξαι
2983 3931 3273 3998 δύνασθαις
3315 3929 3474 3987 Οὕτω
3514 3926 3608 4001 γὰρ
3638 3924 3691 3976 ἂν
3717 3918 3767 3971 τά
3798 3930 3837 3964 τε

2258 4031 2393 4087 κατά
2446 4030 2674 4103 γνώμην
2733 4026 2883 4096 αύτῷ
2959 4023 3284 4095 πράττοντες
3343 4020 3502 4092 ἦμεν,
3534 4014 3615 4070 καὶ
3668 4006 3839 4066 ἀπαθεῖς

2260 4121 2436 4189 πάσης
2500 4115 2812 4188 διεμὲνομεν
2874 4112 3160 4186 τιμωρίας.
3200 4112 3261 4167 Ὀ
3318 4107 3399 4177 δὲ,
3450 4111 3553 4161 Καῖ
3582 4104 3721 4157 τοῦτο
3752 4111 3842 4167 σςο·

2263 4209 2403 4285 δρῶς
2464 4203 2794 4279 κηδομένου,
2854 4198 2979 4281 ἔφη,
3028 4201 3117 4255 καὶ
3176 4200 3237 4255 τὸ
3289 4197 3554 4271 ἡμέτερον
3602 4186 3767 4262 ἀγαθὸν
3804 4180 3843 4230 ἐκ

2260 4298 2455 4359 παντὸς
2513 4296 2807 4352 θέλοντος”
2868 4274 2911 4345 εί
2977 4291 3079 4365 γὰρ
3131 4290 3206 4361 μή
3280 4288 3347 4341 τὰ
3412 4280 3585 4361 φαῦλα
3645 4274 3842 4348 πράττειν

2265 4390 2502 4451 δυνατῶς
2552 4386 2778 4461 ἔχομεν,
2833 4381 2984 4438 οὐδὲν
3037 4379 3096 4436 ἃν
3160 4377 3284 4434 οὐδὲ
3344 4379 3450 4432 ἀπὸ
3500 4377 3592 4429 τοῦ
3632 4369 3691 4423 τὰ
3714 4355 3845 4435 ἀγαθὲ

2263 4485 2437 4536 ποιεῖν
2489 4473 2894 4548 ἒκερδαίνομεν.
2928 4473 3066 4528 Οῧτε
3131 4471 3231 4545 γὰρ
3293 4466 3507 4521 ἐπαίνου
3550 4458 3683 4531 παρά
3727 4453 3846 4505 τοῦτῡ

515 4589 621 4629 nec
660 4568 1190 4626 commendatione.
1242 4566 1403 4619 Tunc
1453 4580 1709 4634 namque
1750 4532 1901 4631 quod
1938 4565 2137 4618 facturr

2271 4532 2327 4536 "-
2350 4532 2405 4533 777
2584 4532 2592 4548 ι
2777 4532 2785 4545 “
3144 4532 3153 4545 ¹
3204 4532 3212 4543 ³
3834 4532 3841 4543 \

2267 4570 2482 4627 πάντως
2514 4563 2635 4618 οὕτε
2666 4558 2950 4635 ἀποδοχῆς
2990 4558 3127 4629 ἦμεν
3162 4556 3323 4628 ἄξιοι.
3355 4554 3491 4611 Τότε
3521 4551 3618 4627 γὰρ
3647 4543 3700 4599 οὗ
3741 4553 3847 4603 παφα

2314 4660 2323 4664 -
2431 4658 2443 4664 -
2576 4652 2585 4664 .
2741 4650 2753 4664 ς
2810 4648 2819 4664 ν
3029 4648 3040 4662 ς
3266 4644 3306 4664 ,Α
3451 4662 3464 4664 _
3484 4662 3492 4664 ξ
3513 4642 3692 4664 ,Αε---..,
3744 4620 3847 4664 εἶλλᾶ

518 4666 694 4728 esset,
728 4674 843 4713 non
885 4656 1084 4710 fuisset
1134 4653 1349 4707 factum
1400 4656 1600 4708 nostro
1652 4652 1834 4707 libero
1893 4652 2153 4719 arbitrio,

519 4754 620 4808 sed
644 4768 711 4807 ex
733 4749 812 4804 rei
848 4751 1077 4801 natura.
1109 4742 1233 4799 Non
1264 4744 1419 4799 enim
1443 4743 1543 4814 qui
1576 4759 1690 4798 non
1714 4747 1905 4814 potest
1937 4742 2156 4796 malum

523 4843 730 4905 facere,
766 4838 813 4892 is
847 4852 961 4890 non
987 4835 1207 4889 faciens
1239 4838 1324 4888 est
1356 4832 1702 4901 laudandus,
1736 4833 1838 4887 sed
1870 4832 1992 4903 qui,
2026 4847 2159 4886 cum

522 4928 703 5000 possit
733 4925 967 4997 quidem
1007 4923 1191 4977 facere
1222 4921 1474 4975 abstinet
1499 4925 1731 4991 propter
1761 4918 1895 4975 boni
1928 4919 2163 4974 deside-

522 5018 698 5075 rium.
732 5016 870 5069 Cum
902 5017 1094 5068 autem
1121 5019 1428 5080 utrumque
1459 5010 1534 5064 sit
1565 5010 1619 5064 in
1646 5014 1841 5064 nostra
1862 5013 2164 5078 potestate,

524 5114 590 5165 ut
628 5106 714 5162 vel
765 5103 901 5160 boni
951 5102 1163 5165 simus,
1197 5099 1282 5154 vel
1318 5098 1473 5165 mali,
1507 5100 1557 5152 si
1581 5098 1847 5163 velimus,
1877 5115 1980 5153 cur
2010 5098 2167 5153 tollis

527 5198 889 5253 occasionem
925 5190 1198 5264 parandae
1232 5188 1396 5243 bonae
1427 5187 1890 5251 existimationis,
1922 5192 1979 5242 et
2007 5188 2169 5257 ejicis

529 5284 833 5340 materiam
862 5295 1207 5337 coronarum
1230 5278 1258 5333 ‘2
1279 5278 1364 5332 Ad
1390 5277 1511 5333 haec
1541 5276 1915 5333 Euxenianus
1949 5296 1960 5331 :
1988 5277 2171 5344 Nunc,

531 5373 749 5443 inquit,
783 5370 927 5426 mihi
988 5369 1129 5425 satis
1178 5373 1269 5424 est
1319 5382 1686 5440 persuasum,
1726 5366 2019 5423 hominem
2050 5382 2179 5422 esse

537 5460 627 5516 sui
669 5457 847 5529 juris,
896 5462 952 5514 et
1006 5458 1259 5514 liberum
1318 5457 1532 5515 habere
1599 5456 1925 5526 arbitrium,
1959 5461 2016 5514 et
2073 5474 2180 5514 sua

604 5635 780 5691 Hebr.
813 5649 890 5701 ιν,
922 5634 1007 5689 12.

2270 4660 2367 4726 τὴν
2420 4652 2688 4726 ἡμετέραν
2737 4648 2938 4723 ἐγίνετο
2988 4648 3050 4700 τὸ
3104 4644 3345 4720 πραχθὲν
3398 4642 3715 4715 προαίρεσιν,
3743 4620 3847 4680 ἆ).λᾶ

2266 4747 2412 4817 παρά
2455 4744 2551 4810 τὴν
2602 4744 2699 4794 τοῦ
2743 4738 3061 4813 πράγματος
3112 4733 3290 4812 φύσιν,
3318 4732 3398 4788 Οὐ
3441 4731 3537 4805 γὰρ
3570 4728 3595 4780 ὁ
3626 4723 3691 4795 μὴ
3720 4713 3847 4769 ποιεῖν

2273 4839 2333 4893 τὸ
2377 4832 2543 4888 κακὸν
2602 4828 2925 4900 δυνάμενος,
2977 4825 3132 4885 οὗτος
3199 4824 3271 4895 μή
3316 4820 3562 4895 πράττων
3609 4800 3849 4897 ἐπαινετὸῆ

2274 4922 2398 4980 ἀλλ’
2453 4924 2480 4976 ὁ
2528 4919 2779 4994 πράττειν
2821 4916 2914 4988 μὲν
2967 4912 3186 4975 δυνατὸς
3234 4908 3328 4978 ὢν,
3363 4906 3687 4980 ἀπεχόμενος
3723 4891 3769 4946 δὲ
3792 4885 3849 4940 δ⁵²

2275 5014 2373 5080 τὴν
2430 5010 2561 5082 πρὸς
2618 5008 2680 5061 τὸ
2739 5004 2902 5059 καλὸν
2952 5006 3150 5079 ὶφεσιν.
3210 4996 3433 5066 Ἐπειδὴ
3504 4993 3559 5048 δὲ
3632 4980 3851 5061 ἀμφότερα

2277 5102 2405 5173 παρ’
2472 5101 2630 5170 ἡμῖν,
2671 5095 2759 5149 καὶ
2811 5092 2916 5148 εἷ’τε
2963 5091 3149 5163 ἀγαθοὶ
3200 5089 3383 5162 ἐσμεν,
3451 5085 3491 5140 εἰ
3557 5072 3851 5160 βουλοίμεθατ

2286 5149 2380 5173 ""I'
2481 5149 2574 5170 ἰγ-ν
2619 5149 2630 5164 ι
3011 5149 3019 5163 ι
3264 5149 3274 5162 ι
3370 5149 3380 5156 ι
3557 5149 3565 5157 .
3846 5149 3851 5160 ,

2281 5191 2387 5245 εἴτε
2445 5188 2665 5266 φαῦλοι,
2717 5186 2837 5239 Ἐἀν
2896 5180 3089 5251 θέλητε
3144 5179 3266 5254 γὰρ,
3308 5176 3460 5257 φησὶ,
3492 5171 3595 5228 θεοὶ
3626 5161 3852 5221 ἔσεσθε·τ⁵

2458 5248 2466 5266 Ι
2652 5248 2662 5253 Π
3018 5248 3024 5251 ”
3158 5248 3167 5254 ⁷
3215 5248 3223 5253 '
3320 5248 3329 5257 Ι

2280 5287 2378 5349 τῆς
2423 5274 2829 5347 εὐδοκιμήσεως
2879 5273 2976 5341 τὴν
3026 5270 3293 5347 πρόφασιν
3345 5270 3592 5341 ἀναιρεῖς,
3639 5254 3716 5311 καὶ
3777 5248 3853 5298 τῶν

3713 5348 3730 5349 η
3841 5330 3850 5349 ἵ

2286 5369 2558 5446 στεφάνων
2605 5360 2895 5425 ἐκϐάλλεις
2946 5362 3042 5421 τὰς
3097 5330 3387 5437 ἀιδορμάη
3450 5330 3585 5429 Ἠρὸς
3650 5348 3789 5399 ταῦτα
3837 5330 3856 5383 δ

2286 5457 2646 5531 Εὐξεινιανὸςν
2724 5446 2994 5527 ’Λκριϐὦς
3079 5448 3214 5504 πέπι
3241 5469 3372 5522 σμαι
3444 5446 3531 5500 τὸν
3607 5436 3857 5509 ἅνθρωπονι
