4012 6220
248 342 401 405 1229
1605 334 1790 396 VITA
1836 335 1899 393 S.
1947 331 2288 394 ABERCII.
3488 344 3644 405 1230

246 506 373 582 ἔφη,
417 501 721 576 αὑτόνομόν
786 522 844 556 τε
903 500 1032 555 εἶναι
1089 496 1178 554 καὶ
1237 496 1599 569 αὐτεξούσιον,
1630 494 1718 548 καὶ
1757 493 1893 547 κατὰ

2034 495 2208 564 ponte
2237 492 2433 582 venire
2462 494 2533 549 ad
2562 496 2942 565 peccandum.
2963 498 3071 554 Sed
3095 499 3235 555 dum
3260 500 3329 557 de
3357 501 3448 557 bis
3470 503 3648 560 rebus

245 581 474 671 γνώμην
528 592 616 648 ἐπὶ
675 592 736 645 τὸ
784 589 1109 664 ἁμαρτάνειν
1147 585 1422 662 ἔρχεσθαι,
1474 588 1714 641 Τοιαῦτα
1756 582 1891 655 πρὸς

2028 586 2153 637 nter
2194 598 2257 638 se
2297 581 2715 655 disceptarent,
2748 585 2887 642 hora
2933 604 3084 643 nona
3134 606 3337 646 rursus
3385 593 3643 660 veniens,

249 683 535 754 ἀλλήλους
565 679 1029 753 διαμιλλωμένων
1080 675 1282 744 αὐτῶν,
1312 678 1347 745 ἡ
1381 673 1559 745 ἐνάτη,
1592 672 1758 728 πάλιν
1790 692 1890 726 κα·

2028 671 2151 725 iniit
2171 672 2538 742 quaestiones.
2557 672 2761 729 Statim
2782 675 2937 730 enim
2961 694 3206 748 surgens
3222 680 3451 737 divinus
3472 683 3649 737 Aber-

244 769 585 839 ταλαὸοῦσα,
629 768 844 825 διέλυσε
896 769 990 829 τὰς
1042 767 1297 837 ζητήσεις
1372 763 1631 826 Ἀναστάς
1681 763 1784 836 γάρ
1863 762 1890 814 ὁ

2028 760 2148 830 ιὶυε,
2182 761 2399 817 salutat
2429 779 2547 831 eos,
2582 764 2679 835 qui
2710 764 3190 834 circumstabant,
3224 774 3281 824 et
3311 786 3445 826 cum
3480 772 3649 828 bene-

250 869 393 929 θεῖος
464 857 739 933 Ἀϐἑρκιος
804 855 1093 925 σάπάζεται
1160 856 1286 917 τοὺς
1351 857 1737 928 περιεστῶτας,
1801 849 1891 905 καὶ

245 952 578 1028 εὐλογήσας,
612 944 798 1004 οἷ’καδε
829 946 921 1001 σὺν
958 946 1281 1016 Εὑξεινιανῷ
1309 943 1533 1016 πέμπει.

316 1044 416 1098 ΙΔ’.
476 1038 695 1116 Ὀλίγαι
763 1038 825 1093 τὸ
895 1036 1031 1109 μετά
1077 1039 1243 1090 ταῦτα
1277 1032 1503 1102 διῆλθον
1535 1032 1761 1106 ἡμέραι,
1802 1031 1892 1085 καὶ

243 1133 341 1192 τὰς
372 1129 526 1205 πέριξ
557 1131 749 1200 κώμας
771 1127 860 1181 καὶ
891 1124 997 1199 πρό
1036 1145 1094 1198 γε
1124 1145 1232 1195 τιῃν
1262 1121 1452 1177 ἄλλων
1519 1124 1613 1183 τὰς
1673 1120 1724 1175 ἐν
1782 1141 1893 1195 γει-

244 1224 442 1291 τόνων,
503 1219 616 1291 ἅμα
665 1222 783 1278 τοῖς
841 1212 1102 1292 ἀδελφοῖς
1177 1212 1411 1288 περιῄει·
1472 1210 1733 1285 ἐμάνθανε
1789 1212 1894 1285 γάρ

246 1309 356 1380 ἤδη
390 1306 641 1368 πολλοὺς
688 1303 800 1360 ἐκεῖ
853 1302 1134 1382 διαφόροις
1193 1304 1469 1371 πιέζεσθαι
1526 1301 1728 1362 νόσοις.
1788 1307 1898 1355 Πε-

253 1399 483 1477 ριελθὼν
513 1396 604 1452 οῦν
649 1395 740 1450 καὶ
787 1395 1118 1469 θεραπεύσας
1161 1392 1299 1466 εὐχῇ
1344 1390 1433 1445 καὶ
1476 1395 1674 1465 χειρῶν
1717 1389 1897 1445 ἐπιθὲο

253 1513 356 1560 σει,
388 1488 499 1544 ἐπεὶ
539 1484 824 1562 βαλανείου
878 1481 1080 1555 ἄπορον
1135 1482 1279 1555 ἑώρά
1308 1482 1400 1535 τὸν
1448 1480 1637 1550 τόπον,
1671 1485 1899 1554 πρᾶγμα

249 1582 468 1634 νοσοῦσι
520 1576 690 1645 δεξιὸν
760 1572 1124 1646 παραμύθιον,
1184 1568 1260 1632 εἷς
1318 1590 1434 1623 τινα
1490 1573 1674 1644 χῶρον
1728 1568 1899 1623 ἐλθὼν

253 1672 297 1742 ᾧ
338 1667 531 1741 ’Δγρὸς
562 1665 656 1739 μὶν
694 1667 729 1733 ἡ
761 1662 980 1729 κλῆσις,
1020 1661 1267 1733 ποταμὸς
1309 1656 1365 1713 δὲ
1410 1658 1554 1731 αὑτῷ
1586 1656 1897 1732 παραρρέει,

253 1761 318 1814 τὰ
349 1758 549 1836 γόνατα
589 1759 669 1824 τῷ
710 1752 825 1826 Θεῷ
863 1750 1075 1821 κλίνας,
1114 1755 1212 1805 τοῦ
1262 1747 1491 1826 ἐδάφους
1529 1749 1754 1822 γίνεται.
1796 1752 1902 1803 Καῖ

251 1846 372 1903 *ιδοὺ
435 1847 638 1922 βροντὴ
703 1845 795 1915 μὲν
957 1835 1215 1914 ἀκριϐοῦς
1282 1838 1715 1914 κάταῤῥήγνυται
1798 1844 1899 1905 τῆς

256 1935 470 2011 αἰθρίας
500 1954 514 1967 ·
574 1929 867 1988 ἀναδίδωσι
910 1927 969 1985 δὶ
1016 1929 1200 2003 πηγὰς
1251 1932 1467 2001 θερμῶν
1501 1924 1708 1981 ὑδάτων
1737 1928 1771 1993 ἡ
1804 1931 1901 1999 γῆ,

256 2027 349 2081 καὶ
380 2023 470 2080 διὰ
515 2024 731 2077 πάντων
766 2021 988 2093 ὑμνεῖτο
1029 2017 1180 2086 Θεὸς,
1216 2016 1451 2087 ἐπήκοος
1493 2015 1640 2070 οὕτω
1681 2013 1905 2069 δικαίων

259 2114 469 2190 ἀνδρῶν
500 2118 807 2188 γινόμενος.
842 2111 905 2166 Ἠ
956 2109 1141 2181 μέντοι
1189 2105 1425 2180 μακαρία
1457 2104 1629 2175 ἐκείνη
1663 2103 1906 2179 γλῶσσα,

261 2204 495 2265 λάκκους
562 2201 746 2278 ὀρύξαι
812 2204 929 2260 τοῖς
992 2201 1253 2271 παροῦσιν
1332 2192 1711 2267 ἐντειλαμένη,
1771 2190 1908 2246 ὥστε

267 2295 520 2371 σὺῥροιαν
576 2292 629 2348 ἐν
698 2293 914 2352 τούτοις
972 2288 1211 2364 γίνεσθαι
1251 2292 1358 2341 τῶν
1417 2290 1631 2359 θερμῶν
1676 2281 1907 2354 ὑδάτων,

263 2385 353 2439 καὶ
397 2382 471 2445 εἷς
512 2382 799 2451 ἀνάκτησιν
829 2377 965 2433 αὑτά
998 2376 1267 2448 σωμάτων
1311 2374 1443 2428 εἶναι
1494 2371 1908 2443 πεπονηκότων,

264 2472 483 2547 ἐπανῄει
515 2471 651 2545 πρὸς
688 2470 787 2537 τὴν
822 2467 1019 2524 οἰκίαν.
1055 2466 1144 2521 Ἐν
1176 2462 1356 2535 τούτῳ
1399 2463 1489 2517 οὗν
1543 2463 1570 2515 6
1628 2466 1734 2515 τῶν
1786 2480 1908 2513 πει-

263 2566 480 2637 ρασμῶν
507 2560 598 2615 καὶ
646 2565 747 2628 τῆς
775 2557 1011 2630 ξάπάτης
1058 2556 1261 2627 πατὴρ,
1315 2553 1342 2606 6
1390 2550 1631 2621 πονηρὸς
1672 2547 1906 2621 δαίμων,

256 2649 562 2727 γυναικείαν
607 2646 917 2722 ὑποκριθεῖς
985 2645 1225 2720 μορφὴν,
1292 2640 1538 2715 πρόσεισι
1604 2642 1683 2710 τῶ
1750 2637 1909 2727 ἀγίω,

256 2724 515 2814 εὐλογίας
551 2743 740 2815 τυχεῖν
792 2734 949 2804 δῆθεν
999 2736 1127 2806 παρ’
1177 2730 1340 2786 αὑτοῦ
1374 2728 1732 2805 βουλόμενος.
1764 2728 1823 2781 Ὃ
1856 2724 1912 2780 δὲ

257 2825 535 2884 ἐπιϐαλὼν
571 2826 757 2898 ἐκείνῲ
797 2824 924 2886 τοὺς
971 2820 1315 2902 ὀφθαλμοὺς,
1358 2820 1448 2874 καὶ
1488 2819 1578 2873 τὸν
1625 2817 1751 2872 εἷ’σω
1782 2837 1911 2890 κρυ-

258 2920 533 2991 πτόμενον
576 2916 743 2971 λόχον
795 2913 892 2969 οὑκ
944 2912 1237 2987 ἀγνοήσας,
1267 2909 1314 2964 εί
1371 2908 1459 2963 καὶ
1506 2909 1604 2975 τὴν
1647 2911 1741 2962 τοῦ
1772 2926 1911 2981 προ-

263 3003 432 3062 ϐάτου
485 3004 646 3081 δοράν
711 3003 1006 3079 πριέκειτο,
1066 2999 1216 3064 εὑθές
1303 2996 1740 3073 μεταστρέφεται,
1824 2995 1911 3050 καὶ

264 3094 407 3169 λίθῳ
456 3094 777 3169 προσπταίει
826 3092 917 3147 τὸν
966 3087 1108 3145 πόδα
1169 3090 1261 3143 τὸν
1332 3086 1528 3157 δεξιόν.
1595 3084 1911 3159 Περιαλγὴς

2002 849 2271 918 dixisset,
2301 852 2545 907 domum
2582 853 2761 908 mittit
2790 870 2921 910 cum
2954 858 3315 913 Euxeniano.

2074 1028 2223 1084 XIV.
2257 1030 2428 1086 Pauci
2463 1030 2589 1086 dies
2620 1035 2820 1102 postea
2869 1035 3286 1105 praeterierunt,
3322 1053 3453 1093 cum
3500 1037 3654 1096 vicos

2003 1118 2384 1174 circumcirca
2435 1121 2678 1191 positos,
2712 1128 2768 1177 et
2809 1128 2939 1178 ante
2985 1125 3150 1192 alios,
3196 1144 3293 1183 eos
3343 1127 3441 1199 qui
3490 1134 3655 1185 erant

2006 1206 2340 1278 propinqui,
2374 1208 2519 1263 obiit
2550 1225 2679 1264 cum
2710 1210 3003 1267 fratribus.
3036 1212 3166 1268 Jam
3207 1215 3363 1269 enim
3414 1233 3654 1289 accepe-

2006 1306 2114 1363 rat,
2141 1298 2353 1353 multos
2371 1298 2547 1354 variis
2580 1300 2699 1354 illic
2731 1302 2949 1357 morbis
2982 1303 3263 1361 laborare.
3288 1306 3433 1362 Cum
3456 1316 3652 1365 autem

2007 1386 2267 1454 abiisset,
2300 1391 2356 1442 et
2385 1403 2484 1443 eos
2531 1394 2795 1445 curasset
2846 1392 3116 1461 precibus
3147 1399 3202 1449 et
3234 1412 3509 1452 manuum
3544 1400 3655 1453 im-

2008 1478 2311 1549 positione,
2332 1487 2641 1550 postquam
2664 1482 2808 1536 vidit
2832 1484 3019 1539 locum
3041 1501 3207 1556 egere
3225 1486 3453 1552 balneo,
3476 1490 3654 1559 (quod

2009 1568 2246 1639 quidem
2279 1568 2696 1639 aegrotantibus
2726 1574 2813 1626 est
2843 1576 3043 1642 aptum
3076 1574 3370 1647 solatium)
3414 1577 3652 1632 veniens

2009 1656 2067 1710 in
2113 1657 2426 1726 quemdam
2472 1657 2690 1724 locum,
2724 1661 2824 1730 qui
2869 1661 3197 1733 appellatur
3238 1667 3408 1735 Ager,
3442 1666 3657 1721 ﬂuvius

2010 1749 2204 1801 autem
2256 1762 2433 1818 prope
2480 1762 2614 1803 eum
2669 1748 2814 1817 fluit,
2850 1749 3010 1804 ﬂexis
3042 1752 3154 1807 Deo
3206 1754 3449 1823 genibus
3494 1755 3657 1810 humi

1933 1867 1987 1933 Β
2011 1834 2275 1904 procidit.
2309 1838 2376 1932 tit
2405 1851 2538 1891 ecce
2588 1837 2844 1909 erumpit
2883 1838 3118 1909 quidem
3149 1840 3364 1896 tonitru
3395 1843 3537 1898 coelo
3569 1861 3661 1899 se-

2018 1938 2177 1989 reno,
2210 1922 2424 1978 emittit
2472 1928 2665 1981 autem
2717 1930 2869 1983 terra
2902 1929 3085 1984 fontes
3116 1947 3401 2000 aquarum
3448 1933 3662 1988 calida-

2017 2028 2146 2065 rum
2173 2028 2186 2066 :
2214 2017 2269 2067 et
2304 2028 2403 2083 per
2426 2013 2619 2069 omnia
2648 2014 2999 2072 laudabatur
3030 2018 3205 2085 Deus,
3227 2022 3324 2092 qui
3350 2022 3545 2091 justos
3577 2022 3659 2077 sic

2017 2100 2272 2156 exaudit.
2305 2103 2446 2157 Cum
2493 2103 2659 2159 beata
2705 2114 2898 2161 autem
2940 2106 3040 2162 illa
3070 2108 3272 2180 lingua
3300 2109 3393 2179 iis,
3427 2111 3525 2182 qui
3555 2112 3663 2167 ad—

2017 2191 2495 2261 erant,jussisset
2527 2192 2719 2248 fodere
2750 2196 3061 2269 cisternas,
3090 2201 3153 2251 ut
3184 2214 3346 2269 aqua:
3376 2199 3571 2255 calidae
3602 2201 3663 2254 in

2018 2294 2115 2334 eas
2156 2279 2534 2348 conﬂuerent,
2559 2286 2615 2336 et
2644 2298 2721 2337 eae
2754 2287 2947 2338 essent
2978 2286 3046 2339 ad
3081 2287 3396 2342 recreanda
3426 2304 3671 2358 corpora

2017 2369 2364 2440 laborantia,
2398 2372 2638 2427 domum
2684 2375 3013 2430 revertitur.
3050 2376 3286 2432 Interim
3320 2385 3511 2436 autem
3542 2384 3670 2435 ten-

2022 2462 2306 2516 tationum
2339 2468 2393 2516 et
2445 2463 2801 2534 deceptionis
2862 2470 3027 2535 pater
3077 2467 3371 2540 malignus
3422 2469 3675 2539 dromon,

2022 2551 2263 2604 indutus
2296 2550 2482 2604 forma
2514 2551 2810 2620 muliebri,
2843 2554 3002 2607 venit
3035 2556 3106 2609 ad
3156 2562 3445 2622 sanctum,
3480 2558 3677 2613 volens

2024 2639 2094 2694 ab
2124 2639 2251 2710 ipso
2284 2639 2561 2710 consequi
2612 2640 3103 2698 benedictionem.
3138 2643 3239 2698 Ille
3289 2650 3484 2700 autem
3537 2662 3677 2700 con-

2015 2725 2187 2797 jectis
2220 2727 2279 2781 in
2311 2726 2474 2782 illum
2507 2727 2715 2796 oculis,
2741 2730 2839 2801 qui
2864 2730 3024 2785 intus
3056 2731 3296 2798 latebat,
3319 2732 3524 2804 lupum
3556 2750 3672 2789 non

2022 2817 2322 2887 ignorans,
2355 2817 2583 2872 etiamsi
2627 2819 2751 2873 ovis
2798 2818 3007 2888 pellem
3060 2821 3373 2890 induisset,
3407 2823 3673 2893 protinus

2023 2908 2325 2975 avertitur,
2384 2912 2440 2963 et
2496 2908 2690 2980 lapide
2758 2911 3000 2966 offendit
3078 2914 3277 2983 pedem
3351 2914 3673 2969 dexterum.

2023 2996 2230 3052 Dolore
2286 3012 2423 3068 ergo
2477 2998 2740 3062 affectus,
2774 3014 2949 3054 manu
3002 3002 3189 3070 tangit
3228 3000 3444 3055 talum:
3480 3001 3671 3073 ipsum

2025 3087 2182 3143 enim
2262 3094 2650 3158 percusserat.
2710 3086 3000 3156 Malignus
3077 3094 3268 3145 autem
3346 3107 3549 3146 rursus
3615 3090 3677 3146 in

271 3186 363 3244 οὖν
410 3184 725 3264 γενόμενος,
785 3177 1008 3236 ἅπτεται
1074 3183 1143 3253 τῇ
1212 3177 1360 3254 χειρὶ
1418 3180 1513 3230 τοῦ
1547 3174 1910 3251 ἀστραγάλου·

2029 3175 2281 3247 seipsum
2316 3180 2598 3243 mutatus,
2630 3176 2982 3233 suavissime
3012 3178 3164 3243 risit,
3199 3182 3258 3233 et
3286 3178 3679 3235 vehementis-

270 3278 430 3334 αὑτὸν
458 3276 557 3350 γὰρ
606 3275 675 3343 ἦν
721 3271 1043 3347 πεπληγώς.
1077 3270 1179 3326 Καὶ
1234 3268 1261 3321 6
1310 3266 1577 3340 πονηρὸς,
1620 3266 1694 3328 εἰς
1728 3266 1911 3319 ἑαυτὸν

270 3369 435 3427 πάλιν
494 3362 843 3441 μεταϐαλὼν,
903 3360 1124 3433 ἤδισνόν
1175 3382 1233 3416 τε
1276 3358 1367 3415 καί
1409 3360 1608 3434 θερμὸν
1668 3356 1911 3433 ἀνεγὲλα,

270 3462 360 3517 καὶ
421 3460 526 3515 ἀπὸ
579 3465 679 3527 τῆς
745 3455 911 3533 φίλης
971 3453 1126 3517 εὐθὺς
1187 3450 1575 3529 ὑπερηφανίας·
1618 3452 1798 3519 Μήτοι
1852 3469 1916 3521 με

267 3551 480 3624 νόμιζε,
524 3546 693 3619 λέγει,
725 3550 832 3599 τῶν
875 3546 1139 3598 ταπεινῶν
1175 3542 1312 3595 εἶναι
1345 3539 1555 3595 ἐκείνων
1590 3536 1912 3611 δαιμονίων,

270 3639 304 3694 ἃ
348 3638 410 3693 σὺ
458 3634 731 3696 πολλάκις
788 3630 1107 3712 φυγαδεύειν
1139 3628 1311 3696 οἶδας,
1350 3630 1439 3683 καὶ
1494 3630 1641 3701 μόνῳ
1690 3632 1769 3698 τῷ

274 3748 424 3802 ματι·
455 3724 582 3780 ἀλλ’
622 3722 780 3785 αὑτός
813 3722 926 3795 εἶμι
957 3718 1116 3781 αὑτὸς
1150 3719 1569 3796 ἑκατόνταρχος,
1604 3718 1664 3770 οὗ
1711 3713 1776 3783 δὴ
1798 3716 1913 3802 ,καὶ

266 3800 361 3873 νῦν
408 3815 484 3878 εἷς
553 3820 742 3887 πεῖραν
800 3810 997 3879 ἐλθὼν,
1052 3811 1179 3883 ὁρᾷς
1233 3812 1350 3869 πῶς
1401 3806 1668 3881 χαλεπαῖς
1723 3800 1920 3880 βεϐλη-

274 3928 362 3961 σαι
405 3901 806 3979 περιωδυνίαις,
848 3902 875 3955 6
926 3897 1165 3960 πολλοῖς
1210 3896 1413 3971 ἑτέροις
1462 3895 1767 3969 λυσάμενος
1824 3895 1917 3954 τὰς

274 3994 490 4056 όδὺνας.
523 3992 711 4055 Οὕτως
752 3990 858 4046 ἀπὸ
915 3993 1010 4044 τοῦ
1047 3987 1305 4057 βλάπτειν
1339 3988 1367 4042 6
1412 3988 1629 4061 μιαρὸς,
1662 3981 1920 4039 οὐδεποτε

274 4084 331 4141 δὲ
361 4084 468 4138 ἀπὸ
497 4086 595 4137 τοῦ
648 4080 878 4157 ὠφελεῖν
917 4074 1125 4149 οὐδένα,
1168 4077 1344 4147 ἑαυτῷ
1399 4076 1489 4129 τὸν
1546 4069 1759 4128 ἔπαινον
1824 4094 1920 4127 πε-

278 4173 539 4248 ριτίθησι.
587 4173 769 4226 Ταῦτα
827 4168 1004 4223 τοίνυν
1047 4167 1183 4242 πρὸς
1224 4166 1314 4220 τὸν
1371 4164 1681 4237 θαυμαστὸν
1728 4158 1919 4237 Ἀδέρ-

276 4281 397 4316 κιον
460 4260 593 4329 εἶπε,
638 4257 727 4313 καὶ
780 4278 885 4311 τινι
940 4260 1047 4311 τῶν
1095 4254 1527 4330 περιεστηκότων
1584 4250 1742 4306 αὑτὸν
1801 4271 1921 4305 νεα-

277 4349 473 4403 νίσκων
530 4345 786 4417 ὲπιπηδᾷ·
836 4345 897 4400 ’ὀν
951 4344 1211 4420 χαλεπῶς
1272 4342 1544 4417 σπαράξας
1591 4361 1650 4395 τε
1696 4338 1786 4394 καὶ
1834 4338 1921 4394 δια

277 4436 527 4512 ταράξας,
550 4434 744 4508 μεταξὺ
785 4432 1000 4488 πάντωτ
1032 4431 1277 4493 ἐλεεινῶς
1318 4426 1671 4487 καταϐάλλει.

2029 3267 2197 3331 sime,
2222 3270 2279 3319 et
2299 3263 2466 3319 solita
2499 3265 2760 3334 protinus
2782 3266 3091 3337 superbia:
3120 3267 3199 3321 Ne
3229 3284 3321 3322 me
3352 3268 3675 3335 existimes,

2029 3353 2239 3425 inquit,
2272 3368 2401 3408 esse
2448 3368 2516 3408 ex
2563 3352 2682 3408 illis
2733 3354 3055 3409 humilibus
3105 3356 3428 3422 daemoniis,
3461 3374 3580 3426 quze
3614 3362 3674 3413 tu

2030 3444 2145 3499 scis
2203 3458 2354 3514 saepe
2411 3443 2610 3513 fugare
2658 3442 2744 3498 vel
2794 3445 2967 3499 verbo
3020 3443 3185 3501 solo:
3219 3448 3323 3500 sed
3372 3463 3507 3501 sum
3553 3447 3677 3517 ipse

2030 3532 2313 3599 centurio,
2346 3533 2511 3603 cujus
2546 3548 2679 3587 cum
2712 3549 2868 3587 nunc
2916 3533 3102 3588 fecisti
3137 3535 3487 3605 periculum,
3518 3536 3677 3591 vides

2032 3639 2207 3694 quam
2241 3621 2519 3693 gravibus
2551 3623 2632 3676 sis
2664 3622 2908 3678 affectus
2936 3622 3252 3692 doloribus,
3288 3624 3387 3694 qui
3419 3624 3680 3679 liberasti

2034 3712 2246 3767 multos
2277 3728 2309 3765 a
2340 3711 2641 3766 molestiis.
2685 3711 2780 3767 Sic
2838 3714 3223 3768 exsecrandus
3270 3729 3337 3768 ex
3385 3729 3471 3778 eo,
3524 3714 3678 3784 quod

2035 3802 2224 3867 laedat,
2260 3817 2561 3871 nunquam
2622 3805 2813 3856 autem
2862 3817 2931 3855 ex
2980 3817 3067 3867 eo,
3111 3802 3263 3869 quod
3315 3802 3520 3873 prosit,
3572 3801 3681 3856 sibi

2034 3891 2265 3946 laudem
2300 3890 2520 3944 tribuit.
2556 3889 2685 3946 Haec
2716 3905 2852 3960 ergo
2885 3889 3214 3945 admirabili
3245 3890 3389 3944 dixit
3416 3890 3677 3957 Abercio,

2034 3983 2089 4034 et
2139 3978 2417 4050 impetum
2468 3978 2605 4035 facit
2635 3977 2693 4032 in
2728 3979 3039 4050 quemdam
3090 3996 3153 4034 ex
3208 3980 3299 4049 iis,
3333 3978 3433 4049 qui
3484 3980 3677 4049 ipsum

2033 4066 2562 4135 circumsistebant,
2597 4067 3101 4123 adolescentibus:
3136 4082 3310 4137 quem
3361 4083 3495 4122 cum
3546 4084 3681 4137 gra-

2031 4157 2179 4212 viter
2199 4156 2629 4228 discerpsisset,
2650 4156 3056 4213 miserabiliter
3076 4158 3308 4229 projicit
3334 4157 3392 4213 in
3416 4159 3677 4214 medium

2034 4261 2319 4303 omnium.

349 4527 451 4583 IE'.
483 4526 539 4579 Ὀ
573 4525 754 4598 μέντοι
802 4524 965 4597 μέγας
1033 4517 1314 4597 ’Λϐἐρκιος
1371 4518 1525 4575 ἓλεον
1585 4518 1781 4573 αὐτίκα
1825 4521 1913 4573 τοῦ

2104 4527 2216 4583 XV.
2253 4527 2499 4600 Magnus
2527 4530 2719 4582 autem
2746 4527 3026 4583 Abercius
3058 4529 3254 4584 statim
3289 4529 3688 4585 misericordia

276 4613 554 4671 νεανίσκου
617 4608 799 4668 λαϐὼν
859 4613 948 4666 καὶ
1017 4608 1228 4681 δεηθεὶς
1284 4614 1381 4665 τοῦ
1439 4612 1573 4664 Θεοῦ
1638 4607 1793 4663 λὺσιν
1866 4628 1925 4662 τε

277 4707 430 4779 αὑτῷ
471 4702 664 4760 δίδωσι
695 4707 792 4758 τοῦ
823 4706 1014 4771 κακοῦ,
1057 4702 1147 4755 καὶ
1184 4702 1275 4757 τὸν
1327 4702 1517 4776 μιαρὸν
1569 4700 1772 4754 ἐκεῖνον
1806 4696 1922 4753 δαίο

283 4816 422 4870 μονα
480 4791 727 4849 ἐκποδὼν
766 4792 998 4862 τίθησιν,
1029 4788 1172 4865 ἔργῳ
1206 4788 1458 4861 δηλώσας
1502 4790 1584 4851 τίς
1618 4790 1645 4844 6
1675 4794 1771 4843 τοῦ
1802 4788 1930 4861 ἀγα-

279 4886 375 4940 θοῦ
436 4886 683 4957 μαθητὴς
729 4882 821 4937 καὶ
872 4882 1155 4957 ἀγαθὺνειν
1204 4878 1610 4956 δεδιδαγμένος,
1651 4879 1741 4934 καὶ
1788 4880 1869 4938 τίς
1902 4879 1929 4930 6

281 4973 331 5043 ἐξ
366 4973 544 5047 ἀρχῆς
586 4973 849 5045 πονηρὸς,
881 4970 969 5025 καὶ
1025 4974 1123 5025 τοῦ
1174 4970 1425 5045 πράττειν
1459 4967 1665 5029 ἄλλους
1720 4967 1786 5022 τά
1824 4988 1932 5021 πο-

282 5063 423 5135 νηρᾶ
472 5058 819 5122 διδάσκιολος.
868 5061 1106 5120 Ἐκεῖνος
1148 5056 1205 5112 δὲ
1252 5056 1380 5113 ἀλλ’
1430 5057 1490 5112 οὑ
1540 5056 1704 5135 μέχρι
1735 5057 1930 5111 τούτου

281 5150 435 5221 ἔστη,
469 5149 593 5205 οὑόὶ
638 5148 725 5203 ἐπὶ
797 5150 935 5222 μόνῃ
981 5153 1049 5215 τῇ
1093 5148 1318 5223 τοιαύτῃ
1354 5146 1561 5219 ἔμεινεν
1592 5148 1755 5220 ⁸ἥττῃ,
1786 5143 1933 5201 ἀλλά

279 5240 371 5295 καὶ
431 5239 617 5313 ἑτέραν
675 5238 822 5311 αὑτῷ
880 5238 1249 5310 προκηρύττει
1307 5236 1511 5306 πάλην·
1555 5234 1616 5290 οὗ
1652 5232 1791 5308 μηδὲ
1834 5236 1933 5303 τὴν

277 5329 505 5403 πρώτην
576 5329 888 5403 ὑπενεγκεῖν
946 5324 1189 5400 ἴσχυσεν.
1238 5323 1457 5394 Ἐπειδὴ
1507 5324 1605 5399 γὰρ
1657 5326 1743 5378 καὶ
1788 5321 1931 5378 ἄκων

275 5417 441 5491 ἀπῄει
497 5417 589 5471 τὸν
637 5417 913 5471 νεανίσκον
953 5415 1248 5471 ἀπολιπὼν
1305 5414 1532 5491 τραχείᾳ
1574 5414 1647 5475 ὡς
1696 5414 1813 5489 εἶχε
1842 5412 1932 5468 καὶ

286 5502 497 5561 ἀναιδεῖ
544 5506 899 5580 χρησάμενος
953 5504 1021 5581 τῇ
1051 5504 1224 5584 φωνῇ·
1268 5505 1425 5579 Ταχὺ
1473 5523 1548 5575 σε,
1581 5499 1705 5581 ἔφη,
1739 5498 1932 5577 Ἀδέρ-

278 5616 387 5665 κιε,
442 5594 532 5648 καὶ
583 5596 783 5649 ακοντα
844 5594 1235 5669 παρασκευάσω
1298 5594 1399 5662 τὴν
1449 5592 1736 5667 Ῥωμαίων
1780 5590 1929 5660 ἰδεῖν,

290 5684 371 5742 Τὸ
404 5680 460 5738 δὶ
493 5681 595 5759 ἄρα
628 5682 689 5739 οὑ
731 5681 892 5755 πολῷ
941 5684 1159 5759 ὕστερον
1206 5676 1384 5753 ἐξέϐη,
1417 5682 1490 5743 ὡς
1547 5681 1612 5737 τὰ
1658 5682 1778 5753 ἑξῆς
1835 5686 1930 5738 τοῦ

2038 4622 2232 4672 motus
2282 4615 2693 4687 adolescentis,
2723 4623 2779 4673 et
2814 4622 2993 4673 Deum
3042 4623 3330 4690 precatus,
3364 4636 3497 4674 eum
3531 4619 3685 4675 malo

2043 4706 2233 4775 solvit,
2292 4716 2346 4761 et
2402 4707 2824 4762 exsecrandum
2880 4706 3045 4762 illum
3107 4708 3424 4763 daemonem
3486 4707 3686 4779 procul

2042 4794 2295 4866 expellit,
2330 4810 2389 4850 re
2420 4795 2545 4864 ipsa
2572 4795 2903 4859 ostendens,
2930 4796 3201 4866 quisnam
3235 4796 3312 4850 sit
3343 4796 3475 4852 boni
3508 4795 3689 4852 disci-

2042 4884 2234 4956 pulus,
2268 4888 2324 4939 et
2372 4884 2473 4954 qui
2533 4884 2680 4940 bene
2739 4886 2922 4939 facere
2977 4884 3280 4939 didicerit:
3313 4890 3367 4940 et
3413 4886 3687 4955 quisnam

2041 4975 2089 5027 is
2120 4975 2214 5042 sit,
2248 4974 2348 5045 qui
2400 4979 2490 5028 est
2545 4972 2730 5028 malus
2774 4973 2845 5027 ab
2894 4974 3081 5039 initio,
3113 4978 3170 5028 et
3201 4975 3481 5045 magister
3538 4973 3691 5030 male

2044 5063 2292 5118 faciendi
2345 5062 2496 5119 aliis.
2532 5063 2634 5119 Ille
2671 5068 2868 5118 autem
2925 5080 3039 5117 non
3071 5078 3137 5118 eo
3170 5079 3352 5133 usque
3410 5063 3691 5127 constitit,

2042 5169 2228 5223 neque
2279 5152 2457 5207 semel
2502 5157 2844 5223 superatum
2893 5168 3023 5207 esse
3055 5152 3196 5207 satis
3228 5151 3430 5207 habuit
3460 5168 3473 5208 :
3508 5153 3609 5206 sed
3642 5152 3694 5207 ei

2044 5257 2248 5297 rursus
2280 5241 2498 5296 bellum
2523 5242 2848 5311 denuntiat,
2873 5242 3045 5312 cujus
3068 5242 3323 5312 primum
3356 5240 3692 5297 conﬂictum

2046 5347 2157 5386 non
2193 5331 2380 5401 potuit
2409 5330 2714 5385 sustinere.
2749 5331 2985 5396 Quando
3025 5330 3180 5385 enim
3232 5330 3453 5385 invitus
3501 5347 3692 5386 reces-

2043 5420 2139 5489 sit,
2178 5420 2375 5475 relicto
2424 5419 2810 5486 adolescente,
2845 5435 3050 5489 aspera
3081 5424 3137 5474 et
3181 5419 3512 5490 impudenti
3558 5434 3696 5474 voce

2044 5524 2219 5564 usus:
2256 5508 2376 5563 Cito
2408 5512 2484 5575 te,
2520 5507 2727 5578 inquit,
2763 5525 2794 5563 ο
2826 5509 3055 5574 Aberci,
3087 5512 3175 5564 vel
3211 5508 3451 5564 invitum
3486 5510 3693 5565 faciam

2041 5597 2233 5654 videre
2314 5597 2708 5652 Romanorum
2784 5597 3092 5653 civitatem.
3152 5596 3268 5653 Hoc
3322 5600 3516 5652 autem
3578 5614 3693 5653 non

2050 5683 2230 5741 multo
2258 5689 2385 5756 post
2407 5685 2620 5752 evenit,
2642 5687 2704 5739 ut
2728 5684 3004 5757 deinceps
3035 5686 3432 5743 ostendemus.
3456 5684 3697 5742 Divinvs
