4048 6202
465 286 617 346 1231

1807 279 2086 341 MENSIS
2132 281 2509 343 OCTOBER.

3675 301 3801 365 1232

462 448 618 503 enim
640 444 923 501 Abercius
942 444 1183 499 domum
1210 460 1376 499 suam
1404 460 1684 510 reversus,
1710 448 1860 501 totos
1883 450 2095 516 septem

2223 443 2390 535 λόγου
2449 446 2712 518 δηλώσει.
2769 455 2829 511 Ὀ
2890 454 2984 526 μὶν
3016 453 3115 530 γὰρ
3148 458 3289 521 Θεῖος
3318 455 3609 534 Ἀϐἑρκιος,
3634 464 3697 525 sic
3722 469 3801 535 τὴν

462 536 587 591 dies
618 535 897 606 transegit
926 536 985 589 in
1011 534 1254 604 jejuniis
1276 538 1332 588 et
1354 534 1653 588 nocturnis
1685 534 1899 605 vigiliis
1931 533 2108 589 simul

461 640 592 679 cum
642 623 937 690 fratribus,
989 638 1198 690 rogans
1246 637 1318 676 ne
1366 625 1522 676 esset
1569 629 1725 676 tanta
1776 621 2000 677 inimici
2048 621 2109 676 in

461 729 594 768 eum
628 712 905 783 potentia,
939 714 1002 765 ut
1032 727 1145 780 quo
1172 708 1268 765 ille
1299 725 1428 764 eum
1463 712 1721 779 duceret,
1744 710 1869 781 ipse
1903 726 2108 779 seque-

463 805 638 856 retur.
674 800 931 871 Septima
978 813 1109 853 vero
1161 802 1328 853 nocte
1359 798 1409 851 ei
1442 798 1499 853 in
1552 799 1776 853 somnis
1824 814 2110 869 apparens

462 890 768 953 Dominus,
820 888 1004 942 dixit:
1049 891 1312 954 Romam,
1362 904 1394 943 ο
1446 888 1670 955 Aberci,
1728 903 1856 942 mea
1914 888 2108 943 venies

461 978 841 1049 providentia,
868 983 929 1031 ut
959 976 1058 1047 qui
1085 977 1139 1029 in
1172 992 1238 1030 ea
1270 981 1427 1044 sunt,
1457 992 1654 1030 meum
1685 992 1897 1031 nomen
1931 993 2108 1048 agno—

461 1072 652 1123 scant.
687 1068 817 1122 Esto
847 1082 981 1137 ergo
1025 1066 1175 1120 bono
1207 1065 1421 1131 animo,
1455 1065 1638 1135 gratia
1670 1067 1823 1120 enim
1860 1081 1991 1120 mea
2020 1072 2105 1121 te-

461 1172 594 1212 cum
644 1156 769 1210 erit.
804 1156 967 1209 Tunc
1016 1158 1250 1208 sanctus
1284 1170 1313 1208 e
1344 1170 1548 1208 somno
1599 1154 1921 1208 excitatus:
1959 1154 2103 1219 Fiat,

458 1248 665 1318 inquit,
698 1246 962 1301 voluntas
1009 1250 1129 1314 tua,
1163 1245 1423 1303 Christe:
1457 1250 1513 1299 et
1556 1246 1815 1300 divinam
1868 1246 2104 1317 appari-

457 1337 675 1393 tionem
721 1335 1077 1391 renuntiavit
1122 1335 1421 1389 fratribus.
1471 1333 1580 1388 Sed
1633 1336 1685 1389 ei
1724 1336 1960 1405 quidem
2021 1336 2105 1391 sic

458 1425 802 1497 praedictum
847 1427 934 1479 est
967 1424 1106 1491 fore,
1141 1426 1205 1478 ut
1232 1424 1453 1478 veniret
1484 1423 1557 1478 ad
1589 1423 1986 1480 Romanorum
2018 1424 2102 1479 ci-

457 1515 719 1572 vitalem.

528 1697 679 1753 XVI.
714 1696 1007 1767 Malignus
1064 1697 1255 1751 autem
1311 1695 1560 1760 damon,
1604 1694 1705 1765 qui
1756 1694 1926 1766 paulo
1971 1698 2105 1750 ante

2218 534 2410 628 εαυτοῦ
2464 538 2642 628 οἰκίαν
2699 541 2996 615 ἐπανελὼν,
3054 544 3189 600 ἑπτα
3242 546 3372 601 ὅλας
3431 548 3594 606 εἷλκεν
3630 534 3801 628 ἡμέρας

2219 622 2270 677 ἐν
2321 627 2593 694 νηστείαις
2652 632 2741 684 καὶ
2800 631 3117 711 παννυχίσιν
3152 636 3262 707 ἅμα
3310 642 3422 701 τοῖς
3453 636 3708 718 ἀδελφοῖς,
3728 622 3805 699 ’δε-

2218 712 2412 785 όμενος
2457 718 2532 788 μὴ
2594 720 2850 790 τοιαύτην
2903 722 3147 795 γενέσθαι
3206 726 3320 778 κατ’
3380 726 3538 782 αὐτοῦ
3585 712 3804 805 ίσγὺντῷ

2219 800 2399 877 ἐχθρῷ
2430 805 2503 866 ὡς
2556 808 2694 881 ᾗπερ
2752 806 2811 862 ἂν
2871 808 3077 873 ἐκεῖνος
3112 810 3211 887 ἄγῃ
3270 813 3358 868 καὶ
3426 817 3576 871 αὐτὸν
3604 816 3802 875 ἓπεσθαν

2219 891 2321 945 ὑπὸ
2372 888 2429 946 δὲ
2493 895 2588 962 τὴν
2647 891 2887 969 ἑϐδόμην
2939 898 3103 954 νύκτα
3161 900 3287 976 ὄναρ
3346 903 3482 976 αέτῷ
3520 907 3603 961 τὸν
3640 909 3801 983 Κύριον

2216 978 2527 1052 ἐπιστάντα,
2587 985 2676 1038 καὶ
2733 987 2826 1048 Εἷς
2880 988 3123 1060 Ῥωμην.
3184 991 3649 1067 φάναι,Ἀόἑρκιε,
3686 999 3801 1053 οἴκο-

2214 1068 2382 1142 νομίᾳ
2421 1076 2488 1145 τῇ
2531 1072 2635 1147 ἐμῇ
2688 1076 2864 1151 ἀφίξῃ·
2920 1078 3057 1132 ὥστε
3116 1076 3180 1148 δὴ
3222 1081 3309 1133 καὶ
3356 1082 3481 1144 τοὺς
3510 1083 3558 1138 ἐν
3605 1083 3721 1159 αὒτῇ
3756 1089 3802 1142 τὸ

2216 1157 2343 1231 ἐμὸν
2380 1159 2553 1233 ὄνομα
2596 1162 2914 1237 ἐπιγνῶναι.
2958 1165 3151 1241 Θάρρει
3200 1177 3503 1243 τοιγαροῦν·
3537 1174 3569 1241 ἡ
3607 1176 3697 1249 γὰρ
3721 1179 3806 1249 γά-

2216 1267 2298 1321 ρις
2373 1270 2476 1320 μου
2539 1250 2674 1322 μετά
2726 1257 2823 1307 σοῦ
2890 1250 3059 1311 ἔσται.
3119 1257 3253 1311 Τότε
3306 1256 3666 1324 διυπνισθέντα
3734 1265 3801 1317 τὸν

2214 1338 2385 1409 ἅγιον,
2447 1339 2680 1411 Γένοιτο,
2748 1342 2931 1419 φάναι,
2988 1344 3049 1397 τὸ
3102 1344 3319 1419 θέλημά
3376 1369 3491 1418 σου,
3543 1351 3803 1422 Κύριε¹καὶ

2210 1427 2312 1494 τήν
2370 1426 2511 1481 Θείαν
2572 1428 2782 1501 ἐκείκην
2843 1430 3134 1508 ἐμφάνειαν
3192 1440 3307 1497 τοῖς
3366 1434 3614 1514 ἀδελφοῖς
3672 1440 3805 1514 ἀπαγ-

2210 1514 2412 1588 γεῖλαι,
2446 1515 2623 1573 Ἀλλὰ
2678 1524 2756 1591 τῷ
2816 1521 2910 1591 μὲν
2954 1522 3096 1577 οὕτω
3136 1523 3224 1577 καὶ
3256 1527 3399 1599 παρά
3438 1528 3531 1596 τὴν
3566 1530 3802 1601 Ῥωμαίων

2211 1603 2375 1658 πόλιν
2407 1606 2684 1684 ἀφικέσθαι
2725 1610 3043 1685 προείρητο.

2284 1694 2367 1756 Ις’.
2399 1695 2461 1751 Ὀ
2502 1692 2557 1750 δὲ
2612 1700 2853 1772 πονηρὸς
2883 1696 3094 1773 δαίμων
3152 1701 3356 1765 ἐκεῖνος
3414 1705 3441 1758 ὁ
3484 1707 3652 1780 μικρῷ
3694 1707 3801 1780 πρό-

458 1805 590 1843 cum
650 1803 717 1844 eo
768 1791 1075 1841 venturum
1124 1790 1213 1840 est
1262 1784 1582 1851 minitatus,
1634 1786 1777 1841 nihil
1827 1785 2095 1841 differens

2211 1783 2325 1836 σθεν
2376 1788 2453 1855 τῷ
2506 1786 2639 1859 ἁγίῳ
2696 1789 2793 1856 τὴν
2861 1788 3035 1865 ἄφιξιν
3097 1792 3298 1862 ταύτην
3355 1794 3632 1864 ἐπισείσας,
3684 1794 3805 1850 οὐδὲν

455 1878 615 1932 venit
662 1878 922 1941 Romam,
955 1880 1013 1929 et
1042 1874 1409 1946 imperatoris
1456 1875 1739 1929 Antonini
1769 1874 1949 1930 ﬁliam
1978 1876 2100 1945 jam

456 1965 742 2032 nubilem,
773 1969 830 2020 et
861 1963 1150 2019 sexdecim
1181 1980 1365 2018 annos
1405 1967 1601 2018 natam
1635 1964 1733 2033 (1),
1765 1980 1888 2034 qum
1929 1963 2103 2019 Lucio

452 2056 688 2126 quidem
741 2054 884 2108 Vero
944 2054 1129 2108 fuerat
1180 2054 1490 2123 desponsa,
1541 2054 1860 2107 vocabatur
1907 2058 2101 2107 autem

453 2143 693 2209 Lucilla,
726 2146 782 2196 et
812 2147 1047 2196 caeteras
1096 2157 1229 2195 suas
1274 2141 1524 2210 aequales
1572 2140 2008 2209 pulchritudine
2048 2145 2103 2195 et

454 2232 860 2305 magnitudine
902 2231 1237 2301 superabat,
1273 2230 1637 2301 ingreditur:
1672 2234 1729 2283 et
1759 2230 1958 2285 statim
1989 2232 2104 2288 ciet

456 2324 670 2389 furore,
704 2329 765 2375 ut
816 2336 878 2375 se
936 2320 1291 2390 discerperet
1320 2324 1376 2373 et
1405 2319 1699 2390 dejiceret,
1732 2325 1788 2374 et
1833 2321 2101 2375 dentibus

457 2411 748 2465 morderet
796 2425 1026 2479 manus,
1059 2412 1117 2463 et
1148 2424 1282 2464 suas
1312 2425 1519 2464 carnes
1568 2411 1886 2464 manderet.
1922 2410 2101 2465 Mater

454 2504 648 2555 autem
694 2498 976 2554 Faustina
1014 2498 1146 2569 (hoc
1196 2497 1348 2552 enim
1381 2502 1500 2552 erat
1538 2514 1749 2553 nomen
1800 2500 2098 2570 Augustae)

454 2589 629 2644 simul
674 2604 804 2643 cum
853 2588 1147 2642 Antonino
1196 2587 1561 2659 augebantur
1601 2588 1819 2654 animo,
1852 2593 1904 2642 et
1936 2588 2099 2643 valde

455 2685 619 2734 erant
650 2676 815 2733 dubii
849 2692 913 2732 ac
945 2675 1220 2748 perplexi,
1253 2682 1309 2731 et
1338 2692 1466 2731 eam
1500 2693 1619 2732 rem
1655 2678 1966 2733 maximam
2000 2679 2100 2732 du-

451 2769 661 2824 cebant
690 2767 1103 2822 calamitatem.
1131 2766 1291 2831 Quod
1320 2770 1513 2821 autem
1537 2766 1617 2821 eis
1649 2766 1901 2821 maxime
1930 2783 2098 2835 auge-

452 2859 548 2913 bat
592 2858 773 2913 animi
822 2856 1249 2927 aegritudinem,
1284 2860 1427 2921 erat,
1469 2856 1623 2927 quod
1674 2855 1865 2927 puella
1908 2858 2097 2913 fuerat

449 2950 738 3019 desponsa
780 2946 976 3001 Lucio.
1026 2946 1172 3000 Nam
1222 2961 1354 2999 eum
1400 2944 1636 3016 quidem
1680 2945 1806 3014 jam
1858 2946 2097 3002 miserat

447 3037 780 3094 Antoninus
811 3036 882 3089 ad
914 3036 1224 3101 Orientem,
1272 3032 1492 3089 bellum
1541 3038 1839 3105 gesturum
1889 3040 2094 3092 contra

447 3141 640 3197 regem
674 3123 1020 3195 Bulgessum
1054 3123 1147 3192 (2).
1188 3123 1338 3177 inter
1366 3138 1463 3177 eos
1493 3128 1684 3177 autem
1720 3130 2088 3191 convenerat,

2212 1866 2640 1945 ἀναϐαλόμενος,
2692 1876 2769 1938 εἷς
2817 1880 3035 1951 Ῥώμην
3087 1886 3266 1956 φοιτᾷ,
3298 1882 3389 1937 καί
3439 1884 3533 1952 τὴν
3569 1889 3655 1939 τοῦ
3684 1886 3807 1959 βασι-

2212 1959 2351 2023 λέως
2384 1963 2708 2019 Ἀντωνίνου
2761 1964 2947 2037 παῖδα,
3008 1967 3277 2043 ἐπίγαμόν
3319 1992 3378 2027 τε
3422 1971 3529 2043 ἤδη
3561 1972 3642 2026 καὶ
3669 1972 3809 2027 ἑκκαι-

2211 2049 2412 2106 δεκέτιν
2462 2052 2643 2125 οὖσαν,
2695 2058 2728 2125 ἢ
2789 2058 2954 2129 Βήρῳ
3016 2060 3109 2130 μὲν
3166 2061 3384 2134 Λευκίῳ
3449 2060 3597 2137 ἀνδρι
3639 2085 3805 2139 κατηγ-

2207 2140 2402 2214 γύητο,
2464 2142 2744 2199 Λουκίλλα
2797 2143 2852 2199 δὲ
2910 2144 3181 2218 ἐκαλεῖτο,
3242 2150 3437 2205 κάλλει
3488 2152 3574 2205 καὶ
3634 2155 3806 2226 μεγέθει

2206 2230 2299 2291 τὰς
2347 2234 2463 2285 κατ’
2510 2232 2675 2301 αὐτὴν
2736 2234 3215 2312 ὑπερενεγκοῦσαν,
3276 2237 3562 2310 εἰσδύεται,
3606 2243 3682 2295 καὶ
3738 2242 3810 2295 αύ-

2206 2318 2329 2373 τῖκα
2400 2318 2663 2392 ἐκμαίνει²
2708 2322 2781 2383 ὡς
2839 2324 3187 2398 ταράττεσθαί
3254 2348 3309 2382 τε
3358 2329 3451 2383 καὶ
3515 2325 3805 2383 καταϐάλλει

2209 2410 2350 2476 σθαι,
2392 2410 2481 2464 καὶ
2514 2410 2699 2464 όδοῦσι
2748 2417 2854 2466 τῶν
2889 2416 3091 2491 χειρῶν
3131 2414 3413 2487 ἅπτεσθαι,
3436 2418 3521 2473 καὶ
3550 2420 3636 2481 τὰς
3672 2416 3803 2484 αὐτῆς

2209 2499 2407 2571 σάρκας
2456 2496 2841 2572 διαμασᾶσθαι.
2876 2504 2935 2556 ἹΙ
2979 2501 3072 2558 οὖν
3124 2509 3308 2579 μήτηρ
3344 2508 3610 2562 Φαυστίνα
3660 2507 3803 2580 (τούτο

2206 2588 2308 2662 γὰρ
2344 2589 2406 2656 ἧν
2442 2585 2613 2661 ὄνομα
2642 2594 2710 2663 τῇ
2760 2590 3069 2666 Αὐγούοτῃ)
3118 2593 3265 2668 λύπῃ
3302 2595 3397 2649 σὺν
3430 2598 3708 2667 Ἀντωνίνῳ
3739 2595 3806 2649 καὶ

2204 2674 2404 2747 ἀπορίᾳ
2460 2673 2648 2737 δεινῶς
2698 2676 2934 2752 εἷ’χοντο,
2989 2680 3078 2734 καὶ
3150 2686 3434 2761 συμφορὰν
3498 2685 3713 2757 ἐσχάτην
3760 2684 3805 2736 τὸ

2202 2768 2428 2839 πρᾶγμα
2489 2764 2723 2820 ἐτίθεντο
2761 2788 2773 2799 ·
2805 2767 2870 2835 ἦν
2906 2765 2962 2821 δὲ
3018 2770 3079 2823 τὸ
3156 2769 3400 2841 μάλιστα
3449 2774 3627 2835 αὐτοῖς
3653 2772 3808 2825 ἐπιτεῖ-

2200 2871 2290 2904 νον
2332 2854 2429 2920 τήν
2489 2852 2719 2925 ἀθυμίαν
2770 2856 2804 2922 ἡ
2874 2856 3009 2929 πρὸς
3081 2855 3169 2911 τόν
3237 2858 3465 2914 Λεύκιον
3526 2864 3617 2929 τῆς
3674 2860 3806 2934 κόρης

2206 2942 2486 3010 μνηστεία,
2554 2946 2757 2997 Τοῦτον
2798 2944 2899 3016 γὰρ
2967 2943 3289 2999 ἀπεστάλκει
3359 2948 3459 3019 μὶν
3534 2950 3804 3006 Ἀντωνῖνος

2200 3026 2307 3097 ἤδη
2342 3028 2477 3101 πρός
2507 3031 2602 3097 τὴν
2658 3033 2831 3102 Ἐῴαν
2888 3031 3129 3106 πόλεμον
3188 3032 3570 3106 συμϐαλοῦντα
3606 3044 3677 3110 τῷ
3727 3038 3801 3110 βα·

2201 3116 2345 3171 σιλεῖ
2400 3117 2744 3195 Βουλγέσσῳ.
2806 3125 3049 3196 Ὑπῆρχε
3080 3119 3135 3177 δὲ
3178 3122 3459 3195 ἀλλήλοις
3499 3126 3798 3199 συγκείμενον

447 3192 687 3269 utvstato
718 3192 813 3266 die
843 3211 1057 3265 Lucius
1104 3210 1341 3280 quidem
1374 3211 1447 3265 ab
1479 3210 1732 3281 Oriente,
1758 3214 2089 3270 Antoninus

2206 3208 2336 3261 κατά
2394 3229 2543 3270 τινας
2593 3210 2760 3281 ῥητὰς
2820 3210 3049 3284 ἡμέρας,
3106 3213 3199 3267 τὸν
3262 3215 3355 3287 μὲν
3410 3216 3515 3270 ἀπὸ
3554 3223 3643 3285 τῆς
3694 3218 3803 3277 Ἕω.

449 3312 641 3358 autem
698 3302 879 3356 Roma
937 3299 1199 3355 venirent
1260 3300 1591 3370 Ephesum:
1634 3306 1689 3356 et
1736 3302 1792 3356 in
1855 3305 2091 3373 templo,

448 3392 604 3462 quod
638 3391 715 3445 ibi
747 3394 890 3459 erat,
915 3389 1105 3444 Dianas
1138 3390 1491 3456 Antoninus,
1517 3392 1622 3446 dea
1656 3396 1821 3459 teste,
1846 3394 2094 3449 traderet

450 3480 724 3551 puellam,
750 3479 964 3534 Lucius
982 3494 1112 3534 vero
1133 3479 1436 3547 acciperet.
1461 3481 1600 3535 Cum
1625 3496 1760 3551 ergo
1784 3482 2015 3551 Lucius,
2034 3488 2093 3539 ut

448 3574 811 3635 convenerat,
850 3584 1092 3640 propere
1136 3568 1435 3639 navigaret
1476 3569 1788 3640 Ephesum,
1828 3572 2092 3627 nesciens

446 3660 584 3730 quid
606 3663 801 3730 ageret
815 3658 1165 3723 Antoninus,
1182 3674 1307 3711 cum
1328 3663 1481 3713 esset
1499 3659 1627 3727 ejus
1650 3658 1767 3713 tilia
1785 3676 1819 3714 a
1836 3661 2090 3716 dwmone

443 3752 730 3818 correpta,
753 3752 987 3818 tempus
1014 3747 1298 3816 protrahit
1319 3747 1709 3817 excusatione,
1737 3749 1997 3803 scribens
2019 3750 2089 3803 ad

444 3838 712 3901 Lucium,
737 3838 884 3908 quod
908 3836 1202 3899 Germani,
1227 3837 1466 3906 trajecto
1492 3836 1716 3902 Rheno,
1740 3838 1953 3907 oppida
1986 3839 2091 3893 Ro-

446 3941 750 3981 manorum
782 3929 837 3979 et
871 3924 1022 3978 vicos
1056 3923 1449 3994 populantur:
1482 3929 1537 3979 et
1569 3924 1691 3979 ideo
1725 3942 1840 3979 non
1871 3932 2093 3995 poterat

445 4032 599 4069 nunc
630 4031 762 4069 cum
799 4013 918 4067 ﬁlia
943 4014 1137 4067 venire
1168 4012 1479 4082 Ephesum,
1506 4020 1565 4067 ut
1598 4020 1962 4080 convenerat,
1988 4016 2086 4070 sed

440 4109 665 4157 tantum
695 4120 846 4157 anno
879 4103 1163 4174 sequenti.
1189 4104 1250 4155 Ei
1274 4107 1470 4157 autem
1503 4119 1634 4158 cum
1669 4105 1725 4158 in
1764 4106 1955 4160 media
1987 4123 2087 4159 na-

440 4192 734 4262 vigatione
781 4193 1012 4245 redditae
1059 4192 1309 4245 fuissent
1352 4192 1553 4246 littera:
1598 4192 1668 4246 ab
1717 4194 2085 4264 imperatore,

442 4297 653 4350 magno
685 4280 880 4335 dolore
909 4281 1169 4345 affectus,
1204 4280 1378 4350 idque
1412 4282 1601 4335 ferens
1647 4284 1970 4353 aegerrime,
2001 4301 2085 4339 re-

440 4369 679 4424 vertitur
726 4368 1109 4423 Antiochiam.
1149 4370 1470 4440 lmperator
1509 4376 1703 4425 autem
1755 4375 2086 4430 Antoninus

441 4459 650 4530 partim
684 4458 920 4529 quidem
954 4476 1062 4513 sua
1093 4463 1299 4529 sponte
1329 4459 1491 4513 valde
1523 4460 1592 4513 de
1625 4459 1744 4514 {ilia
1775 4460 2082 4531 sollicitus,

2204 3296 2295 3350 τὸν
2329 3296 2579 3367 Λεύκιον,
2610 3299 2700 3352 τὸν
2736 3296 2792 3353 δὲ
2815 3299 2920 3353 ἀπὸ
2960 3302 3183 3373 Ῥώμης
3242 3304 3341 3371 τὴν
3392 3308 3619 3383 ’Έφεσον
3674 3324 3803 3358 διατα-

2204 3379 2389 3438 λαϐεῖν
2424 3406 2434 3416 -

2200 3474 2289 3526 τὸν
2355 3474 2448 3545 μὲν
2512 3475 2612 3529 ὑπὸ
2674 3477 2905 3549 μάρτυρι
2957 3483 3025 3551 τῇ
3087 3481 3193 3551 θεῷ
3266 3485 3585 3546 καταθέσθαι
3638 3484 3809 3550 Λευκίῳ

2198 3563 2298 3628 τήν
2325 3560 2513 3629 παῖδα,
2544 3567 2634 3618 τὸν
2670 3562 2725 3619 δὲ
2758 3562 3026 3634 δέξασθαι.
3072 3568 3220 3623 Ἐπεὶ
3255 3568 3344 3623 οὖν
3394 3572 3423 3625 ὁ
3461 3572 3672 3631 Λεύκιος
3708 3567 3811 3623 κατᾶ

2497 3387 2587 3439 καὶ
2619 3384 2669 3440 ἓν
2729 3392 2807 3458 τῷ
2856 3390 2971 3443 κατ’
3004 3389 3168 3459 αὐτὴν
3227 3396 3339 3463 ναῷ
3366 3401 3470 3461 τῆς
3505 3390 3808 3468 Ἀρτέμιδος.

2199 3652 2291 3713 νας
2352 3656 2617 3721 συνθήκας
2672 3651 2824 3708 ἔπλει
2870 3657 3005 3730 πρὸς
3063 3658 3161 3725 τήν
3203 3660 3433 3735 Ἔφεσον
3482 3660 3809 3734 ἐπειγόμενος,

2200 3739 2300 3793 ούκ
2339 3735 2483 3815 ἔχων
2536 3739 2563 3795 ὅ
2607 3764 2658 3796 τι
2704 3746 2974 3817 χρήσαιτο
3026 3746 3198 3818 ἑαυτῷ
3227 3748 3550 3811 Ἀντωνῖνος
3584 3748 3812 3822 δαιμονώο

2200 3850 2297 3899 σης
2366 3830 2511 3902 αὐτῷ
2554 3839 2653 3901 τῆς
2713 3830 2906 3895 παιδὸς
2939 3836 3203 3910 προφάσει
3236 3834 3579 3910 διακρούεται
3617 3840 3697 3893 τὸν
3724 3858 3813 3890 και-

2199 3920 2313 3991 ρὸν,
2370 3920 2580 3995 γράψας
2648 3922 2861 3994 Λευκίῳ
2919 3924 2991 3984 ὡς
3047 3924 3107 3978 τὸ
3146 3931 3435 3997 Γερμανῶν
3466 3923 3608 3991 ἔθνος
3657 3922 3811 3981 διαϐὰν

2196 4010 2286 4063 τὸν
2320 4011 2529 4082 Ῥῆνον,
2563 4012 2654 4071 τάς
2708 4032 2764 4065 τε
2821 4013 3014 4074 πόλεις
3061 4014 3346 4085 Ῥωμαίων
3410 4019 3623 4078 καὶτὰς
3651 4018 3811 4088 κώμας

2198 4096 2470 4167 λη’ίζεται·
2528 4100 2809 4154 κάντεῦθεν
2872 4099 3012 4174 μηδὲ
3067 4104 3201 4157 κατά
3263 4107 3329 4158 τὰ
3388 4108 3709 4180 συγκείμενα
3740 4103 3813 4157 δύ-

2195 4198 2387 4249 νασθαι
2416 4192 2503 4240 νῦν
2542 4188 2616 4249 εἷς
2670 4190 2897 4261 Ἔφεσον
2960 4193 3093 4263 μετά
3138 4200 3239 4261 τῆς
3280 4192 3475 4255 παιδὸς
3509 4193 3813 4270 συνδραμεῖν,

2195 4274 2978 4330 ἁ)λ”“’⁷“”””
3135 4279 3599 4313 ”““““’
3775 4284 3784 4297 ’

2254 4314 2263 4329 ι
2354 4298 2429 4338 εις
2451 4299 2513 4331 το
2546 4299 2695 4331 επιον
2730 4299 2866 4339 ετος.
2901 4282 2992 4351 Τῳ
3024 4278 3100 4349 δὶ,
3134 4300 3320 4350 επειοη
3357 4305 3493 4339 κατα
3540 4305 3691 4357 μεσον
3743 4304 3814 4335 τον

2196 4366 2368 4418 πλοῦν
2420 4366 2485 4420 τά
2529 4368 2675 4437 παρὰ
2746 4367 3015 4442 βασιλέως
3064 4371 3273 4440 ὑπήντα
3332 4375 3648 4447 γράμματα·
3712 4372 3817 4447 ego.
3958 4362 3959 4437 ί

2199 4453 2297 4529 δρα
2328 4477 2385 4511 τε
2434 4459 2718 4530 ἀθυμήσας
2776 4459 2865 4512 καὶ
2916 4458 3176 4532 χαλεπῶς
3219 4460 3478 4537 ἐνεγκὼν,
3528 4466 3600 4524 εἷς
3637 4466 3725 4530 τὴν
3769 4460 3815 4514 ἐν

441 4547 648 4618 partim
698 4563 831 4601 vero
862 4566 889 4602 a
923 4547 1172 4618 conjuge
1222 4547 1523 4612 incitatus,
1570 4548 1767 4603 omnia
1818 4551 2081 4620 faciebat,

2206 4546 2376 4623 Δάφνῃ
2412 4548 2743 4622 Ἀντιόχειαν
2797 4548 3136 4624 ὑποστρέφει.
3189 4551 3451 4613 Βασιλεὺς
3496 4551 3552 4607 δὲ
3587 4549 3815 4608 ’Λντωνὶ-

440 4642 497 4691 et
526 4653 559 4691 a
590 4634 747 4691 nullo
779 4635 1127 4707 abstinebat,
1160 4635 1317 4706 quod
1347 4635 1583 4692 haberet
1615 4637 1920 4694 rationein.

505 4991 681 5047 XVII.
715 4990 1001 5045 Adductis
1047 4988 1242 5061 itaque
1288 4993 1685 5047 Romanorum
1720 4998 1773 5048 et
1804 4991 2081 5047 Italorum

438 5081 861 5146 sacerdotibus,
893 5086 949 5134 et
978 5096 1041 5135 ex
1077 5079 1304 5135 Etruria
1352 5080 1650 5136 accersitis
1690 5081 2079 5150 aruspicibus,

438 5185 540 5240 per
570 5170 725 5239 ipsos
758 5169 1065 5238 adjurabat
1094 5170 1438 5237 daemonem,
1461 5174 1519 5226 et
1540 5169 1683 5225 nihil
1706 5186 1818 5226 non
1851 5171 2082 5241 excogi-

434 5259 590 5313 tabat
617 5259 688 5314 ad
722 5257 860 5314 mali
891 5258 1270 5315 curationem.
1297 5258 1401 5313 Illa
1432 5263 1627 5313 autem
1649 5262 1706 5314 et
1729 5259 1925 5314 inania
1957 5276 2081 5315 esse

500 5484 581 5554 (1)
611 5486 780 5539 Anno
813 5485 935 5552 163,
970 5489 1113 5541 teste
1163 5484 1407 5541 Baronio
1440 5484 1615 5541 Marci
1648 5484 1867 5541 Aurelii
1897 5488 2077 5543 Anto-

429 5556 551 5611 nini
585 5555 954 5621 imperatoris
978 5556 1096 5610 fllia
1126 5556 1421 5612 obsidetur
1452 5574 1485 5611 a
1514 5559 1793 5613 daemone.

498 5629 571 5697 ('2)
632 5626 961 5695 l’ologcsum,
1023 5628 1121 5695 qui
1178 5635 1298 5681 erat
1352 5626 1693 5683 Parthorum
1756 5644 1867 5681 rex.
1928 5627 2071 5681 Vide

2196 4660 2276 4706 νο,
2308 4642 2471 4692 τοῦτο
2510 4639 2601 4709 μὶν
2635 4639 2722 4692 καὶ
2756 4644 2871 4699 τοῖς
2900 4638 3122 4700 οἰκείοις
3180 4639 3526 4721 σπλάγχνοις
3576 4642 3692 4715 περὶ
3732 4642 3811 4706 τὴν

2194 4733 2293 4794 τῆς
2326 4724 2518 4787 παιδὸς
2552 4725 2811 4803 φροντίδα
2841 4726 3039 4793 πολὺς,
3075 4728 3172 4795 ὢν,
3203 4735 3368 4785 τοῦτο
3403 4730 3569 4787 δὲκαὶ
3606 4732 3702 4787 ὑπὸ
3730 4732 3811 4792 τῆς

2195 4814 2421 4889 συζόγου
2480 4817 2940 4889 παροξυνόμενος,
3000 4818 3168 4871 πάντα
3222 4840 3281 4872 τε
3337 4818 3528 4892 ἐποίει,
3560 4823 3645 4876 καὶ
3688 4816 3813 4874 0535-

2191 4904 2281 4965 νὸς
2313 4904 2577 4977 ἀπείχετο
2606 4909 2713 4959 τῶν
2756 4904 2919 4980 λόγον
2948 4904 3208 4981 ἐχόντων.

2268 4996 2361 5048 ΙΖ“.
2397 4992 2535 5053 Τοὺς
2567 4996 2856 5067 Ῥωμαίων
2905 4995 3079 5051 τοίνυν
3119 4996 3207 5051 καὶ
3239 4998 3463 5055 Ἰταλῶν
3511 5002 3671 5075 ἱερεῖς
3715 5020 3815 5051 συν·

2192 5084 2407 5156 αγαγών
2470 5084 2561 5136 καὶ
2628 5083 3030 5146 οἰωνοσκόπους
3097 5087 3203 5141 ἀπὸ
3289 5088 3591 5165 Τυρρηνίας
3673 5105 3814 5159 μετι-

2193 5170 2566 5243 στειλάμενος,
2601 5171 2851 5245 ἐξώρκιζέ
2882 5194 2939 5228 τε
2969 5174 3058 5228 τὸν
3106 5171 3333 5247 δαίμονα
3366 5176 3433 5231 δι’
3489 5178 3683 5248 αὐτῶν,
3735 5174 3809 5228 καὶ

2194 5258 2346 5335 ρύδὲν
2380 5260 2410 5314 ὅ
2464 5282 2514 5314 τι
2574 5261 2675 5315 οὐκ
2729 5259 2933 5315 ἐπενόει
2974 5263 3109 5337 πρὸς
3169 5265 3268 5332 τήν
3325 5270 3421 5320 τοῦ
3476 5271 3639 5321 κακοῦ
3670 5267 3809 5339 θερα-

2190 5481 2467 5607 Dioqé3et
2521 5482 2743 5538 Julium
2802 5482 3193 5555 Capitolinum
3248 5485 3305 5540 in
3357 5486 3587 5554 Marco;
3622 5488 3808 5542 Baron.

2190 5569 2282 5607 an.
2417 5598 2428 5607 .

2188 5569 2282 5609 an.
2310 5569 2428 5608 ιοδ.
