4012 6220
208 326 366 385 1233

1570 323 1752 384 VITA
1796 323 1858 384 S.
1905 324 2236 387 ABERCII.

3452 335 3608 394 1934

198 484 376 539 πείαν.
409 482 489 540 Τὰ
520 480 577 537 δὲ
606 483 731 537 κενά
754 503 811 537 τε
841 481 1131 557 ἡΛέγχετο,
1171 479 1260 535 καὶ
1291 481 1631 555 ἀγριώτερον
1679 479 1851 535 ἐποίει

1981 485 2475 554 :onvincebantur,
2534 494 2586 543 et
2646 489 2966 560 malignum
3034 492 3360 548 daemonem
3419 492 3611 563 magis

198 574 293 627 τὸν
327 573 566 646 πονηρὸν
629 570 858 642 δαίμονα
895 575 962 644 τῇ
1009 570 1169 643 κόρῃ.
1232 569 1457 642 Ἀμέλει
1507 570 1595 624 καὶ
1644 568 1860 624 τοιάνδε

203 663 327 716 τινὰ
360 660 446 715 διὰ
477 668 578 730 τῆς
607 659 802 725 παιδὸς
832 661 1039 729 ἐκείνης
1086 658 1237 736 ἠφίει
1285 662 1493 738 φωνήν.
1545 660 1639 727 ὡς,
1681 658 1744 715 Εἰ
1781 661 1855 731 μή

205 747 497 825 Ἀϐέρκιος
556 752 583 804 ὁ
623 758 724 819 τῆς
775 749 825 803 ἐν
872 754 940 823 τῇ
994 754 1161 823 μικρᾷ
1205 748 1419 822 Φρυγίᾳ
1455 752 1562 803 τῶν
1616 750 1859 822 Ἱεραπο-

203 840 373 896 λιτῶν
411 839 709 900 ἐπίσκοπος
751 838 924 904 ἔλθοι,
967 838 1063 892 οὐκ
1104 837 1163 891 ἂν
1208 839 1314 892 ἀπὸ
1353 842 1451 892 τοῦ
1501 839 1862 909 σκηνώματος

204 930 484 1002 ἐξέλθοιμι
534 926 715 984 τοῦδε.
762 931 851 989 Ὠς
898 928 988 981 οὖν
1039 926 1127 982 ἐπὶ
1187 930 1385 1001 συχνάς
1439 926 1647 1001 ἡμέρας
1695 931 1861 980 ταῦτα

196 1014 351 1083 ἐϐόα,
414 1014 733 1089 διηπορεῖτο
771 1017 888 1069 καθ’
938 1016 1124 1069 ἑαυτὸν
1178 1016 1522 1083 Ἀντωνῖνος,
1563 1014 1612 1068 τί
1674 1010 1735 1065 ἄν
1770 1012 1855 1080 ε’ἰη

202 1111 368 1160 τοῦτο
402 1105 801 1176 σκοπούμενος,
834 1103 924 1158 καί
964 1125 1098 1159 ποτε
1130 1101 1444 1165 εἰσκαλέσας
1474 1104 1565 1157 τὸν
1612 1101 1856 1177 ἔπαρχον

204 1201 305 1263 τῆς
366 1193 541 1261 αὐλῆς
624 1193 1026 1267 Κορνηλιανὸν,
1086 1192 1467 1246 ἀνεπυνθάνετο
1533 1190 1586 1245 εἷ’
1633 1189 1737 1245 πού
1775 1211 1857 1251 τις

198 1281 513 1356 Ἰεράπολις
560 1282 663 1336 ὑπὸ
726 1283 921 1355 μικράν
982 1282 1225 1356 Φρυγίαν
1285 1280 1445 1337 ἐστίν.
1503 1282 1560 1337 Ὁ
1620 1278 1697 1343 δὲ,
1757 1279 1859 1335 Καὶ

207 1372 384 1445 μάλα,
418 1368 671 1428 δέσποτα.
707 1366 837 1448 ἔφη,
877 1372 963 1425 καὶ
1018 1371 1108 1424 ἀπ’
1163 1369 1332 1438 αὐτῆς
1391 1369 1723 1441 Εὐξεινιανὸν
1776 1369 1863 1441 ὁρ-

208 1464 432 1534 μᾶσθαι,
500 1462 545 1531 ᾧ
610 1458 885 1521 πολλάκις
954 1460 1077 1532 περὶ
1182 1457 1467 1531 δημοσίων
1546 1457 1859 1523 ἐπέστειλας

205 1551 568 1625 πραγμάτων.
630 1552 805 1605 Τοῦτο
865 1548 1095 1608 ἀκούσας
1155 1550 1182 1602 ὁ
1228 1551 1545 1609 ’Λντωνῖνος
1604 1549 1744 1616 ἥσθη
1803 1566 1861 1600 τε

204 1645 299 1697 οἷα
328 1645 430 1707 τῆς
464 1637 752 1718 φροντίδος
794 1638 1087 1703 ἀπολυθεὶς
1140 1641 1328 1713 ὅτιπερ
1370 1639 1703 1710 Εὐξεινιανὸς
1752 1637 1863 1691 ἐκεῖ

204 1728 526 1807 διατρίϐων,
562 1728 732 1800 δεξιὸς
764 1729 912 1801 αὐτῷ
942 1728 1090 1784 ἔσται
1141 1734 1237 1783 τοῦ
1282 1730 1600 1803 πράγματος
1642 1728 1861 1783 οἰκονό-

213 1841 337 1897 μος’
405 1823 496 1876 καὶ
565 1821 864 1895 Οὐαλέριον
931 1824 1021 1875 καὶ
1108 1821 1369 1876 Βασιανὸν
1449 1820 1949 1918 μαγιστριανοὺςΒ

209 1914 363 1974 εὐθὺς
444 1913 860 1985 εὐτρεπισθῆναι
964 1910 1243 1978 κελεύσας,
1341 1908 1651 1964 ἐπιστέλλει
1719 1908 1865 1980 αὐτῷ

207 2005 395 2056 ταῦτα·
506 2001 827 2059 Ἀντωνῖνος
902 1997 1252 2072 αὐτοκράτωρ
1346 1993 1605 2059 σεϐαστὸς
1682 1996 1868 2068 Εὐξει-

211 2093 376 2159 νιανῷ
433 2086 713 2142 Ποπλίωνι
774 2087 1005 2160 χαίρειν.
1071 2087 1213 2160 Ἐγὼ
1263 2085 1337 2145 εἷς
1377 2091 1564 2159 πεῖραν
1619 2092 1719 2153 τῆς
1770 2091 1867 2153 σῆς

211 2178 497 2252 ἀγχινοίας
536 2172 718 2252 ἔργοις
775 2176 960 2237 αὐτοῖς
1020 2176 1309 2245 καταστὰς,
1360 2174 1451 2228 καὶ
1505 2175 1739 2247 μάλιστα
1786 2176 1870 2234 οἷς

206 2266 447 2343 ἔναρχος
498 2268 786 2339 προστάξει
835 2271 933 2319 τοῦ
986 2267 1259 2340 ἡμετέρου
1316 2266 1548 2339 κράτους
1600 2262 1869 2335 διεπράξω

209 2358 351 2413 κατὰ
407 2358 506 2425 τήν
558 2356 831 2428 Σμύρναν.
896 2354 1251 2432 ἐπικουφίσας
1298 2353 1631 2428 Σμυρναίοις
1670 2356 1770 2419 τήν
1814 2351 1872 2407 ἐκ

211 2453 311 2504 τοῦ
342 2446 543 2502 κλόνου
582 2453 684 2515 τῆς
733 2454 838 2521 γῆς
886 2445 1273 2521 ἐπιγενομένην
1325 2444 1509 2505 αὐτοῖς
1563 2445 1867 2520 συμφοράν,

218 2538 393 2607 ἣσθην
425 2557 501 2602 τε,
545 2534 726 2608 ὥσπερ
777 2534 941 2599 εἰκὸς,
992 2534 1081 2588 καί
1141 2555 1197 2588 σε
1239 2541 1337 2601 τῆς
1384 2538 1491 2587 τῶν
1532 2532 1867 2607 πραγμάτων

219 2623 536 2697 ἐπιμελείας
585 2622 837 2696 ἐπῄνεσα’
880 2622 1080 2695 ἔμαθον
1128 2625 1227 2696 γάρ
1277 2624 1478 2677 ἅπαντα
1531 2620 1663 2695 μετὰ
1710 2620 1873 2695 ἀκρι-

217 2708 391 2780 ϐείας,
459 2710 639 2784 ὥσπερ
700 2710 759 2765 ἄν
816 2711 860 2766 εί
902 2712 1111 2783 παρώνζ
1175 2713 1246 2767 “ll
1302 2732 1361 2765 τε
1415 2712 1519 2784 γὰρ
1576 2709 1723 2782 παρὰ
1776 2713 1871 2763 σοῦ

218 2806 529 2878 πεμφθεῖσα
606 2801 868 2876 ἀναφορὰ,
926 2799 956 2854 ὅ
1012 2822 1069 2854 τε
1128 2796 1418 2860 ἀποδιδοὺς
1490 2797 1712 2866 ταύτην,
1780 2797 1871 2850 καὶ

222 2890 413 2952 Κὲλιος
446 2892 474 2944 ὁ
507 2889 801 2963 ἐπίτροπος
846 2890 997 2961 ὑμῶν
1044 2889 1246 2942 ἅπαντά
1310 2909 1402 2960 μοι
1458 2891 1641 2961 σαφῶς
1673 2884 1873 2959 διηγή-

221 3001 373 3039 σατο.
435 2981 554 3036 Ἐπὶ
616 2977 673 3033 δὲ
736 2984 833 3033 τοῦ
890 2980 1158 3053 παρόντος
1198 2979 1429 3053 γνωσθὲν
1486 2982 1567 3049 τῷ
1615 2978 1872 3050 ἡμετέρῳ

218 3072 405 3144 κράτει
464 3065 745 3143 Ἀϐἐρκιόν
808 3090 929 3124 τινα
983 3072 1085 3131 τῆς
1134 3066 1520 3141 Ἰεραπολιτῶν
1580 3068 1871 3122 ἐπίσκοπον

222 3161 371 3234 παρὰ
426 3160 511 3213 σοὶ
581 3155 896 3232 διατρίϐειν,
955 3156 1123 3232 ἄνδρα
1190 3154 1380 3226 εὐσεϐῆ
1443 3157 1586 3211 οὕτω
1642 3158 1709 3211 τά
1762 3162 1870 3210 τῶν

223 3252 588 3321 Χριστιανῶν,
631 3248 704 3308 ὡς
757 3245 1133 3319 δαιμονῶντάς
1160 3267 1219 3300 τε
1276 3246 1474 3316 ἰᾶσθαι,
1524 3248 1615 3301 καὶ
1678 3247 1868 3307 νόσους

226 3334 403 3398 ἂλλας
480 3334 827 3391 εὐκολώτατα
901 3336 1232 3409 θεραπεύειν·

224 3429 513 3503 ἀναγκαῖον
568 3431 731 3500 ἡμεῖς
816 3427 1139 3505 χρῄζοντες,
1218 3427 1520 3501 Οὐαλέριον
1598 3427 1688 3481 καὶ
1750 3429 1876 3482 Βασ-

224 3520 401 3573 σιανὸν
466 3517 891 3595 μαγιστριανοὺς
944 3522 1053 3571 τῶν
1132 3517 1288 3571 θείων
1364 3520 1525 3590 ἡμῶν
1610 3516 1875 3594 ὀφφικίων

221 3605 560 3680 ἐπέμψαμεν,
605 3608 695 3661 τὸν
750 3605 918 3681 ἄνδρα
971 3610 1087 3679 μετ’
1143 3605 1328 3668 αἰδοῦς
1383 3606 1473 3660 καὶ
1520 3607 1685 3678 τιμῆς
1735 3605 1876 3659 άπά-

224 3716 324 3762 σης
367 3697 441 3758 ὡς
489 3699 636 3768 ἡμᾶς
686 3696 925 3772 ἀγαγεῖν.
969 3696 1276 3770 Κελεύομεν
1332 3697 1421 3749 οὖν
1476 3700 1545 3768 τῇ
1722 3691 1873 3766 στερ-

228 3785 421 3861 ρότητι
469 3791 649 3840 πεῖσαι
706 3786 800 3839 τὸν
852 3782 1019 3860 ἄνδρα
1087 3784 1178 3839 σὺν
1222 3785 1502 3859 προθυμίᾳ
1546 3782 1691 3857 πάσῃ
1741 3783 1877 3857 πρὸς

238 3878 381 3947 ἡμᾶς
411 3872 695 3951 ἀφικέσθαι
730 3873 785 3928 εὖ
818 3871 983 3928 εἰδότι
1017 3874 1089 3935 ὡς
1138 3874 1197 3928 οὐ
1251 3873 1467 3949 μέτριός
1513 3895 1597 3927 σοι
1645 3872 1877 3927 κείσεται

220 3965 350 4039 παρ’
379 3968 515 4035 ἡμῖν
547 3965 633 4018 καὶ
669 3963 799 4036 ὓπερ
832 3963 1028 4019 τούτου
1070 3966 1097 4018 ὁ
1125 3965 1365 4025 ἓπαινος.
1397 3962 1667 4040 Ἕῤῥωσο.

304 4056 384 4109 H'.
427 4052 648 4122 Ταύτην
696 4058 814 4116 τοῖς
874 4058 1290 4127 μαγιστριανοῖς
1338 4050 1463 4113 δοὺς
1512 4054 1613 4120 τήν
1661 4050 1879 4105 ἐπιστο-

228 4143 356 4213 λὴν,
420 4142 739 4216 ἀπέπεμψεν
809 4143 913 4196 ἀπὸ
964 4144 1209 4214 Ῥώμης,
1278 4143 1441 4196 εἱπὼν
1516 4144 1598 4196 ὅτι
1660 4139 1879 4198 Πολλα-

232 4230 465 4287 πλάσιον
503 4234 629 4304 ὑμῖν
662 4234 816 4301 θήσει
844 4232 942 4300 τὴν
977 4232 1053 4292 εἰς
1099 4232 1195 4304 ἐμὲ
1246 4233 1530 4307 θεραπείαν
1576 4232 1637 4285 τὸ
1692 4226 1879 4303 Ἀϐέρ-

232 4342 352 4375 κιον
386 4320 638 4394 ἐνεγκεῖν,
678 4323 966 4396 προστεθὲν
994 4322 1084 4375 καὶ
1142 4322 1204 4375 τὸ
1253 4321 1446 4399 τάχος.
1503 4321 1569 4377 Οἱ
1601 4318 1657 4374 δὲ
1687 4315 1881 4375 λαϐόν-

234 4430 347 4479 τες,
417 4406 568 4464 οὐδὶν
634 4410 841 4487 τάχους
910 4409 998 4464 καὶ
1067 4410 1339 4471 συντονίας
1414 4408 1676 4464 ἐνέλιπον·
1739 4408 1883 4463 ἀλλὰ

232 4496 355 4553 δυσὶ
412 4499 473 4552 τὸ
532 4498 838 4573 Βρεντέσιον
888 4498 1122 4571 ἡμέραις
1200 4494 1620 4567 καταλαϐόντες,
1681 4495 1884 4552 πλοίου

1317 3340 1507 3389 τοῦτον
1595 3334 1730 3389 κατὰ
1810 3340 1873 3388 τὸ

1967 574 2284 630 efferabant
2314 576 2370 630 in
2414 577 2686 647 puellam.
2722 578 3003 634 Caeterum
3052 581 3103 636 is
3150 580 3322 637 talem
3382 597 3617 652 quoque

1968 679 2165 718 vocem
2218 665 2515 720 emittebat
2564 683 2665 737 per
2713 667 2986 738 puellam,
3020 670 3194 739 quod,
3244 670 3356 724 nisi
3402 670 3621 724 veniret

1970 754 2249 810 Abercius
2323 756 2913 827 Hierapolitanorum,
2972 760 3070 829 qui
3143 765 3281 814 sunt
3329 761 3386 815 in
3446 778 3624 831 parva

1970 844 2243 916 Phrygia,
2276 847 2603 918 episcopus,
2637 864 2704 903 ex
2735 864 2801 903 eo
2833 866 2949 904 non
2996 849 3175 905 exiret
3222 851 3620 906 tabernaculo.

1970 933 2112 987 Cum
2150 935 2267 990 haec
2298 952 2431 1007 ergo
2468 936 2685 992 multos
2732 938 2855 993 dies
2905 939 3338 1005 vociferaretur,
3371 940 3526 1009 apud
3562 955 3623 995 se

1970 1023 2281 1078 dubitabat
2312 1026 2663 1092 Antoninus,
2697 1027 2974 1096 quidnam
3010 1026 3119 1082 hoc
3150 1032 3325 1096 esset,
3359 1027 3623 1082 conside-

1970 1128 2124 1180 rans,
2156 1116 2213 1166 et
2261 1112 2577 1184 aliquando
2629 1116 2904 1170 accersito
2956 1116 3300 1171 Corneliano
3352 1117 3618 1187 praefecto

1973 1200 2240 1270 praetorii,
2275 1203 2495 1273 rogavit
2544 1220 2617 1258 an
2651 1204 2708 1257 in
2738 1220 2911 1274 parva
2960 1204 3213 1275 Phrygia
3269 1212 3427 1260 esset
3479 1207 3621 1260 urbs

1971 1289 2209 1344 nomine
2266 1290 2609 1361 Hierapolis.
2671 1294 2719 1347 is
2776 1296 3022 1347 autem:
3072 1293 3341 1359 Maxime,
3402 1294 3618 1364 inquit,

1969 1377 2222 1445 domine,
2256 1383 2313 1433 et
2343 1394 2410 1433 ex
2462 1397 2528 1434 ea
2573 1384 2734 1435 ortus
2780 1386 2866 1436 est
2910 1381 3303 1449 Euxenianus,
3337 1382 3409 1437 ad
3449 1398 3619 1452 quem

1971 1482 2123 1538 saepe
2147 1468 2432 1539 scripsisti
2465 1470 2535 1523 de
2576 1470 2751 1525 rebus
2799 1470 3069 1540 publicis.
3106 1472 3219 1526 Hoc
3268 1488 3400 1525 cum
3453 1471 3621 1526 audi-

1969 1555 2149 1611 visaet
2195 1557 2541 1626 Antoninus,
2575 1557 2799 1613 laetatus
2837 1565 2926 1614 est
2957 1559 3121 1630 quasi
3153 1577 3187 1614 a
3218 1576 3358 1614 cura
3405 1559 3623 1615 libera-

1971 1649 2088 1711 tus,
2122 1662 2331 1716 nempe
2388 1648 2539 1717 quod
2604 1649 2990 1715 Euxenianus,
3028 1649 3125 1720 qui
3172 1648 3291 1704 illic
3349 1650 3616 1720 degebat,

1971 1734 2123 1790 hanc
2172 1751 2292 1791 rem
2344 1736 2585 1807 pulchre
2616 1737 2666 1792 ei
2695 1744 3048 1808 procuraret.
3083 1739 3153 1792 Et
3184 1737 3407 1793 Valerio
3439 1748 3490 1794 et
3518 1743 3621 1793 Ba-

1973 1823 2131 1879 siano
2164 1824 2560 1895 magistrianis
2596 1842 2726 1881 mox
2758 1832 2967 1897 praesto
2998 1844 3123 1881 esse
3147 1827 3355 1897 jussis,
3392 1828 3508 1881 haec
3540 1828 3623 1882 sic

1974 1913 2214 1967 scribit:
2241 1914 2564 1969 Antoninus
2596 1915 2913 1986 imperator
2941 1918 3265 1987 Augustus,
3288 1916 3622 1971 Euxeniano

1975 2000 2231 2070 Poplioni
2264 2000 2510 2055 salutem
2538 2019 2550 2056 :
2581 2001 2695 2072 Ego
2725 2004 2808 2057 tui
2840 2002 3056 2073 ingenii
3092 2003 3388 2058 solertiam
3414 2020 3472 2057 re
3494 2004 3624 2073 ipsa

1975 2095 2269 2160 expertus,
2302 2098 2355 2145 et
2388 2091 2639 2146 maxime
2671 2092 2763 2158 iis,
2799 2110 2927 2163 quae
2953 2095 3126 2163 jussu
3170 2099 3381 2149 nostrae
3409 2098 3621 2163 poten-

1975 2179 2070 2233 tiae
2128 2194 2311 2249 nuper
2368 2179 2553 2235 fecisti
2606 2180 2888 2252 Smyrnae,
2940 2182 3125 2237 levata
3171 2181 3626 2252 Smyrnensibus

1976 2266 2319 2332 calamitate,
2354 2284 2484 2337 quae
2514 2267 2598 2323 eis
2629 2285 2697 2324 ex
2729 2278 2886 2323 terra:
2920 2274 3081 2324 motu
3113 2273 3401 2337 evenerat,
3434 2277 3489 2322 ut
3525 2285 3627 2338 par

1977 2360 2117 2424 erat,
2152 2373 2283 2411 sum
2318 2356 2567 2425 laetatus,
2600 2364 2656 2413 et
2685 2363 2846 2413 tuam
2881 2359 2940 2414 in
2972 2360 3147 2414 rebus
3195 2359 3469 2430 gerendis
3508 2358 3629 2411 lau-

1979 2446 2107 2500 davi
2168 2446 2555 2516 diligentiam.
2616 2447 2822 2501 Omnia
2879 2448 3039 2503 enim
3099 2452 3365 2503 accurate
3426 2447 3627 2509 didici,

1980 2534 2220 2605 perinde
2248 2552 2312 2589 ac
2343 2536 2391 2591 si
2416 2537 2756 2591 adfuissem.
2778 2537 2921 2590 Nam
2956 2545 3007 2591 et
3041 2554 3074 2591 a
3103 2542 3158 2592 te
3190 2538 3370 2591 missa
3402 2536 3627 2605 relatio,

1977 2628 2037 2678 et
2067 2623 2165 2693 qui
2214 2640 2338 2679 eam
2394 2626 2646 2680 reddidit
2689 2624 2974 2689 Ctelicius,
3020 2631 3359 2695 procurator
3410 2632 3628 2691 noster,

1979 2714 2174 2769 omnia
2221 2714 2364 2768 mihi
2410 2720 2608 2785 aperte
2658 2715 2933 2769 narravit.
2958 2719 3021 2769 In
3067 2715 3375 2785 praesentia
3432 2719 3627 2768 autem

1980 2817 2113 2855 cum
2158 2801 2233 2855 sit
2278 2802 2546 2872 potentias
2604 2810 2815 2857 nostra;
2869 2801 3291 2873 significatum,
3320 2802 3627 2857 Abercium

1980 2891 2292 2961 quemdam
2326 2890 2659 2962 episcopum
2697 2891 3194 2959 Hierapolitanum
3235 2891 3387 2962 apud
3417 2896 3472 2946 te
3502 2906 3632 2946 ver-

1978 2980 2114 3047 sari,
2147 2981 2339 3036 virum
2391 2981 2531 3035 adeo
2563 2980 2724 3052 pium
2760 2980 2821 3036 in
2851 2980 3183 3035 Christiana
3236 2979 3539 3050 religione,
3568 2984 3634 3034 ut

1981 3071 2285 3126 medeatur
2314 3069 2712 3138 daamoniacis,
2744 3075 2801 3125 et
2831 3069 2974 3125 alios
3007 3070 3242 3125 morbos
3282 3073 3443 3124 curet
3466 3068 3633 3122 facil-

1983 3159 2143 3225 lime,
2176 3175 2241 3215 eo
2273 3176 2403 3213 cum
2436 3176 2543 3215 nos
2572 3159 2898 3216 necessario
2929 3175 3070 3229 opus
3099 3159 3436 3223 habeamus,
3462 3156 3634 3212 Vale-

2180 3209 2236 3215 η
2277 3209 2403 3213 -__
2437 3209 2541 3215 η--
2572 3209 2894 3216 ---ηπηη
2935 3209 3067 3229 ,τη
3102 3209 3436 3223 μηπώη,

1901 3209 2139 3303 Crium
2200 3254 2255 3302 et
2312 3248 2618 3303 Basianum
2702 3247 3114 3317 magistrianos
3172 3248 3243 3316 (3)
3300 3247 3631 3301 divinorum

1980 3347 2307 3393 nostrorum
2343 3338 2662 3392 ofﬁciorum
2698 3338 2989 3406 misimus,
3024 3342 3089 3391 ut
3120 3352 3253 3391 eum
3287 3352 3420 3390 cum
3469 3336 3632 3390 omni

1979 3428 2198 3483 honore
2230 3435 2284 3482 et
2315 3425 2631 3481 reverentia
2678 3426 2750 3481 ad
2800 3442 2904 3479 nos
2960 3426 3277 3479 adducant.
3311 3425 3447 3479 Tuae
3495 3440 3632 3492 ergo

1969 3517 2250 3586 jubemus
2276 3514 2648 3585 praestantia,
2673 3519 2737 3567 ut
2758 3512 2806 3567 ei
2828 3513 3185 3582 persuadeas
3210 3514 3277 3567 ad
3307 3528 3412 3567 nos
3434 3513 3631 3566 venire

1976 3620 2107 3658 cum
2142 3619 2372 3659 summa
2412 3603 2591 3658 animi
2639 3602 2962 3667 alacritate,
2996 3601 3189 3656 sciens
3236 3617 3348 3655 non
3393 3616 3628 3669 parvam

1978 3694 2088 3749 hoc
2136 3693 2371 3748 nomine
2422 3693 2529 3749 tibi
2579 3692 2842 3747 futuram
2892 3707 3019 3747 esse
3051 3690 3202 3761 apud
3234 3705 3339 3745 nos
3368 3687 3627 3745 laudem.

1976 3782 2135 3839 Vale.

2053 4048 2256 4103 XVIII.
2288 4047 2447 4103 Hanc
2491 4062 2625 4101 cum
2676 4043 3075 4116 magistrianis
3119 4043 3370 4099 dedisset
3414 4041 3633 4114 episto—

1985 4139 2126 4209 lam,
2154 4138 2334 4193 Roma
2364 4136 2540 4205 misit,
2564 4136 2794 4191 dicens:
2821 4134 2960 4189 Rem
2994 4133 3139 4188 mihi
3171 4134 3342 4204 longe
3373 4132 3636 4205 gratissi-

1986 4243 2144 4282 mam
2196 4225 2471 4294 feceritis,
2503 4226 2550 4280 si
2584 4224 2895 4279 Abercium
2929 4224 3001 4277 ad
3030 4238 3121 4277 me
3151 4239 3328 4292 quam
3379 4222 3636 4276 maxima

1986 4315 2278 4371 celeritate
2300 4314 2682 4370 adduxeritis.
2699 4313 2783 4368 Illi
2810 4317 3003 4368 autem
3021 4313 3105 4367 eis
3127 4312 3382 4383 acceptis
3402 4311 3634 4377 litteris,

1989 4406 2136 4462 nihil
2188 4406 2512 4462 omiserunt
2559 4404 2869 4460 celeritatis
2900 4408 2958 4458 et
2987 4402 3323 4474 diligentiae.
3356 4402 3468 4458 Sed
3500 4415 3635 4456 cum

1990 4495 2395 4568 pervenissent
2440 4493 2864 4560 Brundusium,
2896 4501 2952 4548 et
2982 4508 3181 4547 navem
3228 4497 3486 4562 paratam
3541 4506 3634 4544 as-

230 4609 292 4643 τε
358 4588 443 4642 ἐπὶ
502 4587 682 4659 τούτῳ
736 4586 1241 4660 παρεσκευασμένου
1290 4589 1437 4661 παρὰ
1481 4591 1577 4641 τοῦ
1632 4586 1870 4664 ὑπάρχοι

1997 4585 2353 4650 cendissent,
2404 4587 2577 4638 vento
2638 4581 2731 4637 usi
2807 4580 3059 4637 secundo
3133 4583 3355 4649 septem
3432 4576 3638 4631 diebus

232 4676 621 4753 Κορνηλιανοῦ
680 4671 983 4746 ἐπιϐάντες,
1042 4678 1178 4731 κατὰ
1247 4676 1493 4750 πρύμναν
1547 4675 1729 4737 αὐτοῖς
1790 4679 1885 4730 τοῦ

233 4765 542 4838 πνεύματος
602 4763 918 4839 ἱσταμένου,
972 4768 1041 4839 τῇ
1101 4761 1309 4839 ἐϐδόμῃ
1372 4766 1462 4820 τὸν
1523 4765 1707 4821 Ἰόνιον
1770 4762 1886 4818 δια-

228 4854 583 4923 πλεύσαντες,
644 4855 987 4926 καταίρουσιν
1071 4854 1124 4908 ἐν
1198 4853 1593 4926 Πελοπονήσῳ.
1653 4856 1887 4909 Ἐκεῖθεν

237 4941 293 4999 δὲ
352 4942 642 5017 δημοσίοις
694 4944 889 5008 ’ίπποις
945 4946 1311 5023 χρησάμενοι,
1389 4946 1730 5021 ἀφικνοῦνται
1784 4951 1885 5012 τῆς

232 5030 715 5103 πεντεκαιδεκάτης
776 5032 852 5096 είς
904 5033 967 5088 τὸ
1026 5034 1338 5102 Βυζάντιον.
1395 5032 1527 5088 Εἶτα
1591 5032 1727 5106 πρὸς
1785 5034 1883 5101 την

236 5118 605 5194 Νικομηδέων
664 5123 975 5197 αὐθημερὸν
1058 5124 1470 5195 περαιωθέντες,
1554 5123 1643 5177 καὶ
1731 5122 1888 5183 αὖθις

238 5207 494 5284 δημοσίῳ
544 5212 886 5285 χρησάμενοι
955 5209 1168 5286 δρόμῳ,
1214 5214 1290 5273 εἱς
1338 5209 1550 5266 Σύναδα
1603 5210 1888 5285 μητρόπο-

237 5298 325 5355 λιν
389 5298 587 5369 ἤκουσι
642 5307 744 5371 τῆς
801 5302 1045 5377 Φρυγίας
1114 5300 1393 5376 ἡγεμόνας
1466 5322 1524 5355 τε
1597 5307 1699 5369 τῆς
1757 5298 1887 5353 ὁδοῦ

232 5388 384 5466 παρᾶ
429 5394 527 5445 τοῦ
583 5390 1018 5467 ἡγεμονεύοντος
1074 5389 1182 5446 ἐκεῖ
1241 5393 1543 5465 Σπινθῆρος
1604 5384 1886 5451 λαϐόντες.

1997 4672 2344 4728 transmisso
2412 4670 2593 4739 Ionio,
2652 4668 2950 4740 appellunt
3022 4667 3082 4722 in
3148 4665 3635 4735 Peloponnesum.

1996 4763 2165 4818 Illinc
2208 4766 2401 4817 autem
2450 4760 2617 4831 equis
2648 4758 2738 4814 usi
2782 4757 3096 4823 velocibus,
3128 4755 3240 4809 cito
3271 4753 3509 4809 veniunt
3542 4751 3641 4822 By-

1996 4853 2276 4907 zantium.
2299 4849 2513 4905 Deinde
2544 4863 2678 4903 cum
2709 4848 2839 4918 ipso
2869 4846 2963 4901 die
2992 4844 3362 4915 trajecissent
3389 4840 3449 4895 in
3471 4839 3643 4895 Nico-

1997 4940 2269 5010 mediam,
2287 4944 2345 4995 et
2364 4939 2457 4994 usi
2483 4941 2679 4993 essent
2699 4951 2906 4991 rursus
2928 4949 3101 4989 cursu
3127 4931 3381 5003 publico,
3402 4928 3643 4984 veniunt

1997 5030 2287 5100 Synadem
2344 5026 2608 5099 Phrygiae
2664 5023 3075 5095 metropolim:
3117 5028 3170 5077 et
3228 5018 3482 5090 acceptis
3537 5016 3641 5071 vias

1996 5119 2246 5176 ducibus
2275 5136 2310 5173 a
2334 5117 2601 5189 praeside,
2632 5114 2731 5183 qui
2780 5112 2899 5169 illic
2947 5118 3088 5179 erat,
3119 5107 3425 5180 Spinthere
3464 5106 3642 5170 dicto,

1997 5214 2063 5264 ut
2112 5209 2300 5264 fuerat
2329 5209 2379 5263 ei
2410 5206 2761 5275 imperatum
2794 5219 2826 5257 a
2850 5200 3212 5264 Corneliano,
3247 5196 3401 5253 circa
3439 5194 3643 5250 horam

1999 5314 2210 5355 nonam
2241 5297 2486 5353 veniunt
2514 5296 2574 5349 in
2607 5292 2902 5349 civitatem
2936 5287 3523 5359 Hierapolitanorum.
3559 5283 3647 5338 In-

1998 5388 2329 5461 gredientes
2361 5400 2497 5457 ergo
2519 5382 2813 5442 civitatem
2836 5382 3155 5437 occurrunt
3175 5376 3442 5444 Ahercio,
3465 5372 3647 5431 veluti

310 5589 386 5676 t3)
416 5590 814 5663 Magisteriani
846 5592 1040 5675 .aliter
1097 5591 1442 5676 dicebantur
1495 5592 1834 5676 Agentesin
1868 5590 2063 5661 rebus,
2097 5588 2314 5663 quibus
2371 5602 2503 5643 cum
2560 5583 2697 5652 alia,
2746 5587 2873 5639 tum
2930 5580 3100 5638 etiam
3160 5577 3484 5637 evectiones
3538 5591 3648 5646 pu-

238 5662 379 5719 blici
404 5662 617 5720 cursus
646 5665 975 5721 commissis
1006 5668 1191 5721 erant.
1224 5663 1368 5721 Vide
1397 5664 1527 5721 Bar.
1552 5662 1655 5720 ’an.
1692 5666 1813 5719 163.
