  <div class='ocr_page' id='page_1' title='image "/cluster/home/n/w/nwhite01/storage/ocr_20150623/115/hvd.32044073502262/623.png"; bbox 0 0 4048 6202; ppageno 0'>
   <div class='ocr_carea' id='block_1_1' title="bbox 442 302 599 365">
    <p class='ocr_par' dir='ltr' id='par_1_1' title="bbox 442 302 599 365">
     <span class='ocr_line' id='line_1_1' title="bbox 442 302 599 365; baseline -0.019 0"><span class='ocrx_word' id='word_1_1' title='bbox 442 307 469 365; x_wconf 72' lang='grc'><strong>1</strong></span> <span class='ocrx_word' id='word_1_2' title='bbox 482 302 599 365; x_wconf 76' lang='lat'>235</span> 
     </span>
    </p>
   </div>
   <div class='ocr_carea' id='block_1_2' title="bbox 1790 294 2495 360">
    <p class='ocr_par' dir='ltr' id='par_1_2' title="bbox 1790 294 2495 360">
     <span class='ocr_line' id='line_1_2' title="bbox 1790 294 2495 360; baseline -0.006 -3"><span class='ocrx_word' id='word_1_3' title='bbox 1790 296 2066 360; x_wconf 87' lang='lat' dir='ltr'>MENSIS</span> <span class='ocrx_word' id='word_1_4' title='bbox 2109 294 2495 359; x_wconf 80' lang='lat' dir='ltr'>OCTOBER.</span> 
     </span>
    </p>
   </div>
   <div class='ocr_carea' id='block_1_3' title="bbox 3654 279 3779 341">
    <p class='ocr_par' dir='ltr' id='par_1_3' title="bbox 3654 279 3779 341">
     <span class='ocr_line' id='line_1_3' title="bbox 3654 279 3779 341; baseline -0.016 0"><span class='ocrx_word' id='word_1_5' title='bbox 3654 279 3779 341; x_wconf 74' lang='lat'>1236</span> 
     </span>
    </p>
   </div>
   <div class='ocr_carea' id='block_1_4' title="bbox 446 441 2127 536">
    <p class='ocr_par' dir='ltr' id='par_1_4' title="bbox 446 460 2127 536">
     <span class='ocr_line' id='line_1_4' title="bbox 446 460 2127 536; baseline -0.005 -14"><span class='ocrx_word' id='word_1_6' title='bbox 446 464 668 536; x_wconf 87' lang='lat' dir='ltr'>optima</span> <span class='ocrx_word' id='word_1_7' title='bbox 709 465 844 520; x_wconf 90' lang='lat' dir='ltr'>data</span> <span class='ocrx_word' id='word_1_8' title='bbox 893 463 1216 520; x_wconf 81' lang='lat' dir='ltr'>occasione.</span> <span class='ocrx_word' id='word_1_9' title='bbox 1258 460 1495 518; x_wconf 80' lang='lat' dir='ltr'>Solebat</span> <span class='ocrx_word' id='word_1_10' title='bbox 1541 461 1696 517; x_wconf 89' lang='lat' dir='ltr'>enim</span> <span class='ocrx_word' id='word_1_11' title='bbox 1745 460 1890 517; x_wconf 89' lang='lat' dir='ltr'>hora</span> <span class='ocrx_word' id='word_1_12' title='bbox 1938 476 2127 523; x_wconf 50' lang='lat' dir='ltr'>nona,</span> 
     </span>
    </p>
   </div>
   <div class='ocr_carea' id='block_1_5' title="bbox 2235 441 3782 536">
    <p class='ocr_par' dir='ltr' id='par_1_5' title="bbox 2236 441 3782 528">
     <span class='ocr_line' id='line_1_5' title="bbox 2236 441 3782 528; baseline -0.012 -16"><span class='ocrx_word' id='word_1_13' title='bbox 2236 459 2291 511; x_wconf 82' lang='grc' dir='ltr'>ἴα</span> <span class='ocrx_word' id='word_1_14' title='bbox 2357 452 2821 528; x_wconf 76' lang='grc' dir='ltr'>προστεταγμένον</span> <span class='ocrx_word' id='word_1_15' title='bbox 2880 450 3026 521; x_wconf 82' lang='grc' dir='ltr'>αὖτῷ</span> <span class='ocrx_word' id='word_1_16' title='bbox 3108 444 3251 521; x_wconf 87' lang='grc' dir='ltr'>παρά</span> <span class='ocrx_word' id='word_1_17' title='bbox 3342 441 3633 517; x_wconf 74' lang='grc' dir='ltr'>Κορνηλίου</span> <span class='ocrx_word' id='word_1_18' title='bbox 3708 444 3782 495; x_wconf 71' lang='grc' dir='ltr'>τοῦ</span> 
     </span>
    </p>
   </div>
   <div class='ocr_carea' id='block_1_6' title="bbox 450 549 2099 623">
    <p class='ocr_par' dir='ltr' id='par_1_6' title="bbox 450 549 2099 623">
     <span class='ocr_line' id='line_1_6' title="bbox 450 549 2099 623; baseline -0.004 -13"><span class='ocrx_word' id='word_1_19' title='bbox 450 556 691 610; x_wconf 91' lang='lat' dir='ltr'>domum</span> <span class='ocrx_word' id='word_1_20' title='bbox 737 554 926 609; x_wconf 88' lang='lat' dir='ltr'>redire</span> <span class='ocrx_word' id='word_1_21' title='bbox 953 570 987 608; x_wconf 92' lang='lat' dir='ltr'>a</span> <span class='ocrx_word' id='word_1_22' title='bbox 1013 551 1296 619; x_wconf 91' lang='lat' dir='ltr'>docendo,</span> <span class='ocrx_word' id='word_1_23' title='bbox 1329 550 1534 607; x_wconf 87' lang='lat' dir='ltr'>solitas</span> <span class='ocrx_word' id='word_1_24' title='bbox 1579 567 1775 623; x_wconf 82' lang='lat' dir='ltr'>preces</span> <span class='ocrx_word' id='word_1_25' title='bbox 1813 551 1929 606; x_wconf 94' lang='lat' dir='ltr'>Deo</span> <span class='ocrx_word' id='word_1_26' title='bbox 1978 549 2099 605; x_wconf 90' lang='lat' dir='ltr'>red-</span> 
     </span>
    </p>
   </div>
   <div class='ocr_carea' id='block_1_7' title="bbox 453 641 2099 713">
    <p class='ocr_par' dir='ltr' id='par_1_7' title="bbox 453 641 2099 713">
     <span class='ocr_line' id='line_1_7' title="bbox 453 641 2099 713; baseline -0.004 -14"><span class='ocrx_word' id='word_1_27' title='bbox 453 644 705 699; x_wconf 89' lang='lat' dir='ltr'>diturus.</span> <span class='ocrx_word' id='word_1_28' title='bbox 740 645 928 713; x_wconf 82' lang='lat' dir='ltr'>Atque</span> <span class='ocrx_word' id='word_1_29' title='bbox 980 642 1064 697; x_wconf 89' lang='lat' dir='ltr'>illi</span> <span class='ocrx_word' id='word_1_30' title='bbox 1114 642 1351 712; x_wconf 87' lang='lat' dir='ltr'>quidem</span> <span class='ocrx_word' id='word_1_31' title='bbox 1393 641 1442 696; x_wconf 93' lang='lat' dir='ltr'>ei</span> <span class='ocrx_word' id='word_1_32' title='bbox 1476 641 1610 697; x_wconf 82' lang='lat' dir='ltr'>facti</span> <span class='ocrx_word' id='word_1_33' title='bbox 1658 641 1905 708; x_wconf 82' lang='lat' dir='ltr'>obviam,</span> <span class='ocrx_word' id='word_1_34' title='bbox 1936 655 2099 711; x_wconf 87' lang='lat' dir='ltr'>roga-</span> 
     </span>
    </p>
   </div>
   <div class='ocr_carea' id='block_1_8' title="bbox 452 729 2104 800">
    <p class='ocr_par' dir='ltr' id='par_1_8' title="bbox 452 729 2104 800">
     <span class='ocr_line' id='line_1_8' title="bbox 452 729 2104 800; baseline -0.002 -14"><span class='ocrx_word' id='word_1_35' title='bbox 452 739 590 787; x_wconf 83' lang='lat' dir='ltr'>runt</span> <span class='ocrx_word' id='word_1_36' title='bbox 640 732 881 787; x_wconf 85' lang='lat' dir='ltr'>ubinam</span> <span class='ocrx_word' id='word_1_37' title='bbox 912 735 1065 787; x_wconf 91' lang='lat' dir='ltr'>esset</span> <span class='ocrx_word' id='word_1_38' title='bbox 1098 732 1483 796; x_wconf 83' lang='lat' dir='ltr'>Euxenianus,</span> <span class='ocrx_word' id='word_1_39' title='bbox 1516 735 1572 785; x_wconf 86' lang='lat' dir='ltr'>et</span> <span class='ocrx_word' id='word_1_40' title='bbox 1598 746 1846 800; x_wconf 89' lang='lat' dir='ltr'>quonam</span> <span class='ocrx_word' id='word_1_41' title='bbox 1886 729 1966 783; x_wconf 89' lang='lat' dir='ltr'>ire</span> <span class='ocrx_word' id='word_1_42' title='bbox 2000 729 2104 783; x_wconf 92' lang='lat' dir='ltr'>de-</span> 
     </span>
    </p>
   </div>
   <div class='ocr_carea' id='block_1_9' title="bbox 450 817 2104 890">
    <p class='ocr_par' dir='ltr' id='par_1_9' title="bbox 450 817 2104 890">
     <span class='ocr_line' id='line_1_9' title="bbox 450 817 2104 890; baseline -0.003 -13"><span class='ocrx_word' id='word_1_43' title='bbox 450 822 676 890; x_wconf 90' lang='lat' dir='ltr'>berent,</span> <span class='ocrx_word' id='word_1_44' title='bbox 710 826 773 876; x_wconf 90' lang='lat' dir='ltr'>ut</span> <span class='ocrx_word' id='word_1_45' title='bbox 820 837 953 876; x_wconf 91' lang='lat' dir='ltr'>eum</span> <span class='ocrx_word' id='word_1_46' title='bbox 1014 819 1412 875; x_wconf 83' lang='lat' dir='ltr'>convenirent.</span> <span class='ocrx_word' id='word_1_47' title='bbox 1458 819 1769 890; x_wconf 81' lang='lat' dir='ltr'>Postquam</span> <span class='ocrx_word' id='word_1_48' title='bbox 1823 834 1957 875; x_wconf 85' lang='lat' dir='ltr'>vero</span> <span class='ocrx_word' id='word_1_49' title='bbox 2007 817 2104 872; x_wconf 90' lang='lat' dir='ltr'>ille</span> 
     </span>
    </p>
   </div>
   <div class='ocr_carea' id='block_1_10' title="bbox 453 907 2105 982">
    <p class='ocr_par' dir='ltr' id='par_1_10' title="bbox 453 907 2105 982">
     <span class='ocr_line' id='line_1_10' title="bbox 453 907 2105 982; baseline -0.002 -16"><span class='ocrx_word' id='word_1_50' title='bbox 453 912 695 981; x_wconf 88' lang='lat' dir='ltr'>rogavit,</span> <span class='ocrx_word' id='word_1_51' title='bbox 731 910 867 982; x_wconf 88' lang='lat' dir='ltr'>quid</span> <span class='ocrx_word' id='word_1_52' title='bbox 902 914 1249 980; x_wconf 74' lang='lat' dir='ltr'>quaererent,</span> <span class='ocrx_word' id='word_1_53' title='bbox 1293 912 1349 963; x_wconf 88' lang='lat' dir='ltr'>et</span> <span class='ocrx_word' id='word_1_54' title='bbox 1398 926 1501 963; x_wconf 88' lang='lat' dir='ltr'>cur</span> <span class='ocrx_word' id='word_1_55' title='bbox 1538 908 1824 975; x_wconf 80' lang='lat' dir='ltr'>venirent,</span> <span class='ocrx_word' id='word_1_56' title='bbox 1857 908 1982 977; x_wconf 88' lang='lat' dir='ltr'>ejus</span> <span class='ocrx_word' id='word_1_57' title='bbox 2015 907 2105 962; x_wconf 88' lang='lat' dir='ltr'>in-</span> 
     </span>
    </p>
   </div>
   <div class='ocr_carea' id='block_1_11' title="bbox 450 998 2105 1072">
    <p class='ocr_par' dir='ltr' id='par_1_11' title="bbox 450 998 2105 1072">
     <span class='ocr_line' id='line_1_11' title="bbox 450 998 2105 1072; baseline -0.002 -17"><span class='ocrx_word' id='word_1_58' title='bbox 450 1000 904 1072; x_wconf 88' lang='lat' dir='ltr'>terrogationem</span> <span class='ocrx_word' id='word_1_59' title='bbox 956 1016 1104 1072; x_wconf 68' lang='lat' dir='ltr'>aegre</span> <span class='ocrx_word' id='word_1_60' title='bbox 1158 1000 1348 1055; x_wconf 84' lang='lat' dir='ltr'>ferens</span> <span class='ocrx_word' id='word_1_61' title='bbox 1394 998 1682 1064; x_wconf 89' lang='lat' dir='ltr'>Valerius,</span> <span class='ocrx_word' id='word_1_62' title='bbox 1716 1003 1770 1054; x_wconf 86' lang='lat' dir='ltr'>et</span> <span class='ocrx_word' id='word_1_63' title='bbox 1802 998 1953 1069; x_wconf 90' lang='lat' dir='ltr'>quod</span> <span class='ocrx_word' id='word_1_64' title='bbox 1989 1014 2105 1052; x_wconf 89' lang='lat' dir='ltr'>non</span> 
     </span>
    </p>
   </div>
   <div class='ocr_carea' id='block_1_12' title="bbox 454 1086 2105 1161">
    <p class='ocr_par' dir='ltr' id='par_1_12' title="bbox 454 1086 2105 1161">
     <span class='ocr_line' id='line_1_12' title="bbox 454 1086 2105 1161; baseline -0.004 -16"><span class='ocrx_word' id='word_1_65' title='bbox 454 1090 569 1145; x_wconf 87' lang='lat' dir='ltr'>cito</span> <span class='ocrx_word' id='word_1_66' title='bbox 627 1091 698 1144; x_wconf 90' lang='lat' dir='ltr'>ad</span> <span class='ocrx_word' id='word_1_67' title='bbox 756 1090 1004 1161; x_wconf 72' lang='lat' dir='ltr'>quaesita</span> <span class='ocrx_word' id='word_1_68' title='bbox 1063 1089 1481 1159; x_wconf 80' lang='lat' dir='ltr'>respondisset,</span> <span class='ocrx_word' id='word_1_69' title='bbox 1541 1088 1821 1142; x_wconf 89' lang='lat' dir='ltr'>audacius</span> <span class='ocrx_word' id='word_1_70' title='bbox 1892 1086 2105 1156; x_wconf 88' lang='lat' dir='ltr'>aliquid</span> 
     </span>
    </p>
   </div>
   <div class='ocr_carea' id='block_1_13' title="bbox 461 1177 2110 1246">
    <p class='ocr_par' dir='ltr' id='par_1_13' title="bbox 461 1177 2110 1246">
     <span class='ocr_line' id='line_1_13' title="bbox 461 1177 2110 1246; baseline -0.002 -13"><span class='ocrx_word' id='word_1_71' title='bbox 461 1180 655 1246; x_wconf 86' lang='lat' dir='ltr'>audet,</span> <span class='ocrx_word' id='word_1_72' title='bbox 698 1179 839 1235; x_wconf 85' lang='lat' dir='ltr'>forte</span> <span class='ocrx_word' id='word_1_73' title='bbox 889 1186 1140 1233; x_wconf 86' lang='lat' dir='ltr'>motusa</span> <span class='ocrx_word' id='word_1_74' title='bbox 1173 1178 1448 1245; x_wconf 79' lang='lat' dir='ltr'>maligno,</span> <span class='ocrx_word' id='word_1_75' title='bbox 1498 1181 1555 1232; x_wconf 89' lang='lat' dir='ltr'>et</span> <span class='ocrx_word' id='word_1_76' title='bbox 1601 1177 1861 1231; x_wconf 77' lang='lat' dir='ltr'>extendit</span> <span class='ocrx_word' id='word_1_77' title='bbox 1912 1177 2110 1230; x_wconf 69' lang='lat' dir='ltr'>dente-</span> 
     </span>
    </p>
   </div>
   <div class='ocr_carea' id='block_1_14' title="bbox 458 1265 2108 1338">
    <p class='ocr_par' dir='ltr' id='par_1_14' title="bbox 458 1265 2108 1338">
     <span class='ocr_line' id='line_1_14' title="bbox 458 1265 2108 1338; baseline -0.003 -13"><span class='ocrx_word' id='word_1_78' title='bbox 458 1286 583 1325; x_wconf 90' lang='lat' dir='ltr'>ram</span> <span class='ocrx_word' id='word_1_79' title='bbox 616 1270 892 1324; x_wconf 89' lang='lat' dir='ltr'>adversus</span> <span class='ocrx_word' id='word_1_80' title='bbox 924 1273 1219 1336; x_wconf 88' lang='lat' dir='ltr'>sanctum,</span> <span class='ocrx_word' id='word_1_81' title='bbox 1246 1267 1448 1323; x_wconf 90' lang='lat' dir='ltr'>volens</span> <span class='ocrx_word' id='word_1_82' title='bbox 1480 1282 1615 1323; x_wconf 89' lang='lat' dir='ltr'>eum</span> <span class='ocrx_word' id='word_1_83' title='bbox 1642 1265 1869 1338; x_wconf 87' lang='lat' dir='ltr'>ﬂagello</span> <span class='ocrx_word' id='word_1_84' title='bbox 1902 1282 2108 1337; x_wconf 56' lang='lat' dir='ltr'>percu.</span> 
     </span>
    </p>
   </div>
   <div class='ocr_carea' id='block_1_15' title="bbox 458 1354 2107 1427">
    <p class='ocr_par' dir='ltr' id='par_1_15' title="bbox 458 1354 2107 1427">
     <span class='ocr_line' id='line_1_15' title="bbox 458 1354 2107 1427; baseline -0.003 -13"><span class='ocrx_word' id='word_1_85' title='bbox 458 1364 598 1414; x_wconf 87' lang='lat' dir='ltr'>tere.</span> <span class='ocrx_word' id='word_1_86' title='bbox 642 1359 849 1414; x_wconf 86' lang='lat' dir='ltr'>Manus</span> <span class='ocrx_word' id='word_1_87' title='bbox 895 1361 1110 1424; x_wconf 89' lang='lat' dir='ltr'>autem,</span> <span class='ocrx_word' id='word_1_88' title='bbox 1162 1373 1287 1427; x_wconf 63' lang='lat' dir='ltr'>quae</span> <span class='ocrx_word' id='word_1_89' title='bbox 1339 1372 1469 1411; x_wconf 88' lang='lat' dir='ltr'>eum</span> <span class='ocrx_word' id='word_1_90' title='bbox 1520 1357 1766 1427; x_wconf 84' lang='lat' dir='ltr'>desuper</span> <span class='ocrx_word' id='word_1_91' title='bbox 1822 1354 2107 1421; x_wconf 86' lang='lat' dir='ltr'>servabat,</span> 
     </span>
    </p>
   </div>
   <div class='ocr_carea' id='block_1_16' title="bbox 459 1446 2109 1519">
    <p class='ocr_par' dir='ltr' id='par_1_16' title="bbox 459 1446 2109 1519">
     <span class='ocr_line' id='line_1_16' title="bbox 459 1446 2109 1519; baseline -0.003 -16"><span class='ocrx_word' id='word_1_92' title='bbox 459 1466 573 1504; x_wconf 89' lang='lat' dir='ltr'>non</span> <span class='ocrx_word' id='word_1_93' title='bbox 606 1448 716 1504; x_wconf 77' lang='lat' dir='ltr'>fuit</span> <span class='ocrx_word' id='word_1_94' title='bbox 745 1447 1071 1519; x_wconf 82' lang='lat' dir='ltr'>negligens,</span> <span class='ocrx_word' id='word_1_95' title='bbox 1105 1448 1205 1504; x_wconf 91' lang='lat' dir='ltr'>sed</span> <span class='ocrx_word' id='word_1_96' title='bbox 1240 1447 1428 1502; x_wconf 79' lang='lat' dir='ltr'>audax</span> <span class='ocrx_word' id='word_1_97' title='bbox 1460 1446 1812 1517; x_wconf 87' lang='lat' dir='ltr'>puniebatur</span> <span class='ocrx_word' id='word_1_98' title='bbox 1858 1446 2109 1509; x_wconf 81' lang='lat' dir='ltr'>dextera,</span> 
     </span>
    </p>
   </div>
   <div class='ocr_carea' id='block_1_17' title="bbox 461 1535 2114 1608">
    <p class='ocr_par' dir='ltr' id='par_1_17' title="bbox 461 1535 2114 1608">
     <span class='ocr_line' id='line_1_17' title="bbox 461 1535 2114 1608; baseline -0.003 -14"><span class='ocrx_word' id='word_1_99' title='bbox 461 1544 517 1595; x_wconf 89' lang='lat' dir='ltr'>et</span> <span class='ocrx_word' id='word_1_100' title='bbox 547 1545 668 1594; x_wconf 90' lang='lat' dir='ltr'>erat</span> <span class='ocrx_word' id='word_1_101' title='bbox 697 1538 1040 1608; x_wconf 87' lang='lat' dir='ltr'>immobilis,</span> <span class='ocrx_word' id='word_1_102' title='bbox 1065 1541 1342 1608; x_wconf 88' lang='lat' dir='ltr'>tanquam</span> <span class='ocrx_word' id='word_1_103' title='bbox 1377 1537 1568 1593; x_wconf 89' lang='lat' dir='ltr'>vincta</span> <span class='ocrx_word' id='word_1_104' title='bbox 1591 1535 1784 1606; x_wconf 88' lang='lat' dir='ltr'>aliquo</span> <span class='ocrx_word' id='word_1_105' title='bbox 1817 1535 2114 1606; x_wconf 88' lang='lat' dir='ltr'>compede.</span> 
     </span>
    </p>
   </div>
   <div class='ocr_carea' id='block_1_18' title="bbox 462 1624 2117 1698">
    <p class='ocr_par' dir='ltr' id='par_1_18' title="bbox 462 1624 2117 1698">
     <span class='ocr_line' id='line_1_18' title="bbox 462 1624 2117 1698; baseline -0.004 -15"><span class='ocrx_word' id='word_1_106' title='bbox 462 1629 687 1683; x_wconf 84' lang='lat' dir='ltr'>Invadit</span> <span class='ocrx_word' id='word_1_107' title='bbox 717 1626 966 1683; x_wconf 90' lang='lat' dir='ltr'>alterum</span> <span class='ocrx_word' id='word_1_108' title='bbox 1001 1642 1232 1698; x_wconf 90' lang='lat' dir='ltr'>quoque</span> <span class='ocrx_word' id='word_1_109' title='bbox 1264 1630 1456 1683; x_wconf 90' lang='lat' dir='ltr'>metus</span> <span class='ocrx_word' id='word_1_110' title='bbox 1488 1630 1718 1697; x_wconf 82' lang='lat' dir='ltr'>prOpter</span> <span class='ocrx_word' id='word_1_111' title='bbox 1750 1640 1962 1680; x_wconf 84' lang='lat' dir='ltr'>novum</span> <span class='ocrx_word' id='word_1_112' title='bbox 2009 1624 2117 1678; x_wconf 91' lang='lat' dir='ltr'>hoc</span> 
     </span>
    </p>
   </div>
   <div class='ocr_carea' id='block_1_19' title="bbox 464 1714 2116 1789">
    <p class='ocr_par' dir='ltr' id='par_1_19' title="bbox 464 1714 2116 1789">
     <span class='ocr_line' id='line_1_19' title="bbox 464 1714 2116 1789; baseline -0.003 -16"><span class='ocrx_word' id='word_1_113' title='bbox 464 1717 895 1789; x_wconf 83' lang='lat' dir='ltr'>spectaculum:</span> <span class='ocrx_word' id='word_1_114' title='bbox 921 1722 977 1772; x_wconf 93' lang='lat' dir='ltr'>et</span> <span class='ocrx_word' id='word_1_115' title='bbox 999 1718 1171 1773; x_wconf 85' lang='lat' dir='ltr'>ambo</span> <span class='ocrx_word' id='word_1_116' title='bbox 1190 1717 1261 1773; x_wconf 87' lang='lat' dir='ltr'>ab</span> <span class='ocrx_word' id='word_1_117' title='bbox 1280 1716 1448 1788; x_wconf 89' lang='lat' dir='ltr'>equis</span> <span class='ocrx_word' id='word_1_118' title='bbox 1471 1716 1906 1782; x_wconf 86' lang='lat' dir='ltr'>descendentes,</span> <span class='ocrx_word' id='word_1_119' title='bbox 1929 1714 2116 1786; x_wconf 87' lang='lat' dir='ltr'>proci-</span> 
     </span>
    </p>
   </div>
   <div class='ocr_carea' id='block_1_20' title="bbox 467 1804 2115 1879">
    <p class='ocr_par' dir='ltr' id='par_1_20' title="bbox 467 1804 2115 1879">
     <span class='ocr_line' id='line_1_20' title="bbox 467 1804 2115 1879; baseline -0.004 -15"><span class='ocrx_word' id='word_1_120' title='bbox 467 1809 705 1864; x_wconf 87' lang='lat' dir='ltr'>duntad</span> <span class='ocrx_word' id='word_1_121' title='bbox 726 1807 911 1863; x_wconf 87' lang='lat' dir='ltr'>sancti</span> <span class='ocrx_word' id='word_1_122' title='bbox 933 1809 1125 1879; x_wconf 85' lang='lat' dir='ltr'>pedes,</span> <span class='ocrx_word' id='word_1_123' title='bbox 1149 1813 1207 1863; x_wconf 88' lang='lat' dir='ltr'>et</span> <span class='ocrx_word' id='word_1_124' title='bbox 1226 1807 1371 1863; x_wconf 88' lang='lat' dir='ltr'>ﬁunt</span> <span class='ocrx_word' id='word_1_125' title='bbox 1392 1807 1441 1862; x_wconf 90' lang='lat' dir='ltr'>ei</span> <span class='ocrx_word' id='word_1_126' title='bbox 1461 1804 1776 1877; x_wconf 87' lang='lat' dir='ltr'>supplices,</span> <span class='ocrx_word' id='word_1_127' title='bbox 1796 1810 1862 1860; x_wconf 89' lang='lat' dir='ltr'>ut</span> <span class='ocrx_word' id='word_1_128' title='bbox 1885 1819 2115 1869; x_wconf 89' lang='lat' dir='ltr'>manus,</span> 
     </span>
    </p>
   </div>
   <div class='ocr_carea' id='block_1_21' title="bbox 2206 528 3787 620">
    <p class='ocr_par' dir='ltr' id='par_1_21' title="bbox 2206 528 3787 620">
     <span class='ocr_line' id='line_1_21' title="bbox 2206 528 3787 620; baseline -0.013 -19"><span class='ocrx_word' id='word_1_129' title='bbox 2206 544 2452 620; x_wconf 77' lang='grc' dir='ltr'>ἐπάρχου</span> <span class='ocrx_word' id='word_1_130' title='bbox 2483 545 2605 619; x_wconf 84' lang='grc' dir='ltr'>περί</span> <span class='ocrx_word' id='word_1_131' title='bbox 2658 564 2762 597; x_wconf 89' lang='grc' dir='ltr'>που</span> <span class='ocrx_word' id='word_1_132' title='bbox 2810 542 2909 610; x_wconf 68' lang='grc' dir='ltr'>τὴν</span> <span class='ocrx_word' id='word_1_133' title='bbox 2962 536 3152 607; x_wconf 82' lang='grc' dir='ltr'>ἐνάτην</span> <span class='ocrx_word' id='word_1_134' title='bbox 3199 534 3340 611; x_wconf 84' lang='grc' dir='ltr'>ὥραν</span> <span class='ocrx_word' id='word_1_135' title='bbox 3386 533 3479 601; x_wconf 78' lang='grc' dir='ltr'>τήν</span> <span class='ocrx_word' id='word_1_136' title='bbox 3530 528 3787 605; x_wconf 79' lang='grc' dir='ltr'>Ἱεραπολῖ-</span> 
     </span>
    </p>
   </div>
   <div class='ocr_carea' id='block_1_22' title="bbox 2212 618 3794 707">
    <p class='ocr_par' dir='ltr' id='par_1_22' title="bbox 2212 618 3794 707">
     <span class='ocr_line' id='line_1_22' title="bbox 2212 618 3794 707; baseline -0.013 -18"><span class='ocrx_word' id='word_1_137' title='bbox 2212 618 2321 689; x_wconf 84' lang='grc' dir='ltr'>τῶν</span> <span class='ocrx_word' id='word_1_138' title='bbox 2352 618 2881 707; x_wconf 69' lang='grc' dir='ltr'>καταλαμϐάνουσιν.</span> <span class='ocrx_word' id='word_1_139' title='bbox 2941 625 3219 687; x_wconf 83' lang='grc' dir='ltr'>Εἷσιόντες</span> <span class='ocrx_word' id='word_1_140' title='bbox 3267 626 3541 695; x_wconf 71' lang='grc' dir='ltr'>τοιγαροῦν</span> <span class='ocrx_word' id='word_1_141' title='bbox 3585 621 3671 687; x_wconf 73' lang='grc' dir='ltr'>τὴν</span> <span class='ocrx_word' id='word_1_142' title='bbox 3712 618 3794 671; x_wconf 76' lang='grc' dir='ltr'>πό-</span> 
     </span>
    </p>
   </div>
   <div class='ocr_carea' id='block_1_23' title="bbox 2208 708 3792 791">
    <p class='ocr_par' dir='ltr' id='par_1_23' title="bbox 2208 708 3792 791">
     <span class='ocr_line' id='line_1_23' title="bbox 2208 708 3792 791; baseline -0.013 -12"><span class='ocrx_word' id='word_1_143' title='bbox 2208 724 2318 791; x_wconf 90' lang='grc' dir='ltr'>λιν,</span> <span class='ocrx_word' id='word_1_144' title='bbox 2390 725 2663 778; x_wconf 76' lang='grc' dir='ltr'>ὑπαντῶσι</span> <span class='ocrx_word' id='word_1_145' title='bbox 2720 724 2800 791; x_wconf 75' lang='grc' dir='ltr'>τῷ</span> <span class='ocrx_word' id='word_1_146' title='bbox 2859 713 3153 789; x_wconf 72' lang='grc' dir='ltr'>Ἀϐερκίῳ,</span> <span class='ocrx_word' id='word_1_147' title='bbox 3209 712 3300 768; x_wconf 84' lang='grc' dir='ltr'>καὶ</span> <span class='ocrx_word' id='word_1_148' title='bbox 3370 715 3525 765; x_wconf 73' lang='grc' dir='ltr'>ταῦτα</span> <span class='ocrx_word' id='word_1_149' title='bbox 3581 708 3673 762; x_wconf 80' lang='grc' dir='ltr'>ἀπὸ</span> <span class='ocrx_word' id='word_1_150' title='bbox 3718 711 3792 760; x_wconf 68' lang='grc' dir='ltr'>τοῦ</span> 
     </span>
    </p>
   </div>
   <div class='ocr_carea' id='block_1_24' title="bbox 2208 796 3794 891">
    <p class='ocr_par' dir='ltr' id='par_1_24' title="bbox 2208 796 3794 891">
     <span class='ocr_line' id='line_1_24' title="bbox 2208 796 3794 891; baseline -0.014 -21"><span class='ocrx_word' id='word_1_151' title='bbox 2208 816 2567 891; x_wconf 51' lang='grc' dir='ltr'>παρήκοντος</span> <span class='ocrx_word' id='word_1_152' title='bbox 2628 810 2807 865; x_wconf 75' lang='grc' dir='ltr'>εἰώθει</span> <span class='ocrx_word' id='word_1_153' title='bbox 2866 808 2968 883; x_wconf 72' lang='grc' dir='ltr'>γὰρ</span> <span class='ocrx_word' id='word_1_154' title='bbox 3018 806 3155 860; x_wconf 80' lang='grc' dir='ltr'>κατᾶ</span> <span class='ocrx_word' id='word_1_155' title='bbox 3200 804 3299 871; x_wconf 76' lang='grc' dir='ltr'>τὴν</span> <span class='ocrx_word' id='word_1_156' title='bbox 3360 801 3537 869; x_wconf 75' lang='grc' dir='ltr'>ἐνάτην</span> <span class='ocrx_word' id='word_1_157' title='bbox 3589 797 3709 872; x_wconf 78' lang='grc' dir='ltr'>ὥραν</span> <span class='ocrx_word' id='word_1_158' title='bbox 3752 796 3794 849; x_wconf 74' lang='grc' dir='ltr'>ἐκ</span> 
     </span>
    </p>
   </div>
   <div class='ocr_carea' id='block_1_25' title="bbox 2208 888 3794 973">
    <p class='ocr_par' dir='ltr' id='par_1_25' title="bbox 2208 888 3794 973">
     <span class='ocr_line' id='line_1_25' title="bbox 2208 888 3794 973; baseline -0.014 -13"><span class='ocrx_word' id='word_1_159' title='bbox 2208 888 2309 973; x_wconf 78' lang='grc' dir='ltr'>τῆς</span> <span class='ocrx_word' id='word_1_160' title='bbox 2368 901 2721 963; x_wconf 82' lang='grc' dir='ltr'>διδασκαλίας</span> <span class='ocrx_word' id='word_1_161' title='bbox 2781 895 2970 954; x_wconf 65' lang='grc' dir='ltr'>οἴκαδε</span> <span class='ocrx_word' id='word_1_162' title='bbox 3042 892 3384 969; x_wconf 71' lang='grc' dir='ltr'>ἀναστρέφειν</span> <span class='ocrx_word' id='word_1_163' title='bbox 3441 891 3529 951; x_wconf 74' lang='grc' dir='ltr'>τὰς</span> <span class='ocrx_word' id='word_1_164' title='bbox 3594 888 3794 955; x_wconf 76' lang='grc' dir='ltr'>συνήθεις</span> 
     </span>
    </p>
   </div>
   <div class='ocr_carea' id='block_1_26' title="bbox 2210 978 3794 1066">
    <p class='ocr_par' dir='ltr' id='par_1_26' title="bbox 2210 978 3794 1066">
     <span class='ocr_line' id='line_1_26' title="bbox 2210 978 3794 1066; baseline -0.013 -18"><span class='ocrx_word' id='word_1_165' title='bbox 2210 991 2512 1048; x_wconf 76' lang='grc' dir='ltr'>ἀποδώσων</span> <span class='ocrx_word' id='word_1_166' title='bbox 2546 991 2711 1066; x_wconf 74' lang='grc' dir='ltr'>εὐχὰς</span> <span class='ocrx_word' id='word_1_167' title='bbox 2740 994 2818 1060; x_wconf 80' lang='grc' dir='ltr'>τῷ</span> <span class='ocrx_word' id='word_1_168' title='bbox 2866 992 3001 1058; x_wconf 75' lang='grc' dir='ltr'>Θεῷ.</span> <span class='ocrx_word' id='word_1_169' title='bbox 3061 986 3129 1043; x_wconf 69' lang='grc' dir='ltr'>Οἱ</span> <span class='ocrx_word' id='word_1_170' title='bbox 3182 984 3273 1057; x_wconf 71' lang='grc' dir='ltr'>μὲν</span> <span class='ocrx_word' id='word_1_171' title='bbox 3318 981 3407 1035; x_wconf 73' lang='grc' dir='ltr'>οὖν</span> <span class='ocrx_word' id='word_1_172' title='bbox 3455 978 3794 1044; x_wconf 63' lang='grc' dir='ltr'>ὑπαντήσαντες</span> 
     </span>
    </p>
   </div>
   <div class='ocr_carea' id='block_1_27' title="bbox 2214 1064 3797 1155">
    <p class='ocr_par' dir='ltr' id='par_1_27' title="bbox 2214 1064 3797 1155">
     <span class='ocr_line' id='line_1_27' title="bbox 2214 1064 3797 1155; baseline -0.014 -18"><span class='ocrx_word' id='word_1_173' title='bbox 2214 1082 2381 1155; x_wconf 77' lang='grc' dir='ltr'>αὐτῷ,</span> <span class='ocrx_word' id='word_1_174' title='bbox 2432 1081 2880 1147; x_wconf 76' lang='grc' dir='ltr'>ἀνεπυνθάνοντο,</span> <span class='ocrx_word' id='word_1_175' title='bbox 2936 1079 3044 1131; x_wconf 76' lang='grc' dir='ltr'>ποῦ</span> <span class='ocrx_word' id='word_1_176' title='bbox 3097 1094 3230 1128; x_wconf 89' lang='grc' dir='ltr'>ποτε</span> <span class='ocrx_word' id='word_1_177' title='bbox 3287 1070 3519 1143; x_wconf 80' lang='grc' dir='ltr'>ὑπάρχοι</span> <span class='ocrx_word' id='word_1_178' title='bbox 3572 1064 3797 1155; x_wconf 55' lang='lat' dir='ltr'>Eugeniu-</span> 
     </span>
    </p>
   </div>
   <div class='ocr_carea' id='block_1_28' title="bbox 2213 1148 3794 1244">
    <p class='ocr_par' dir='ltr' id='par_1_28' title="bbox 2213 1148 3794 1244">
     <span class='ocr_line' id='line_1_28' title="bbox 2213 1148 3794 1244; baseline -0.015 -18"><span class='ocrx_word' id='word_1_179' title='bbox 2213 1174 2321 1241; x_wconf 80' lang='grc' dir='ltr'>νὸς,</span> <span class='ocrx_word' id='word_1_180' title='bbox 2359 1171 2450 1226; x_wconf 83' lang='grc' dir='ltr'>καὶ</span> <span class='ocrx_word' id='word_1_181' title='bbox 2500 1172 2607 1238; x_wconf 81' lang='grc' dir='ltr'>ὅπη</span> <span class='ocrx_word' id='word_1_182' title='bbox 2659 1166 2965 1244; x_wconf 83' lang='grc' dir='ltr'>γενόμενοι,</span> <span class='ocrx_word' id='word_1_183' title='bbox 3013 1162 3288 1237; x_wconf 71' lang='grc' dir='ltr'>ἐντύχοιεν</span> <span class='ocrx_word' id='word_1_184' title='bbox 3331 1161 3410 1229; x_wconf 76' lang='grc' dir='ltr'>τῷ</span> <span class='ocrx_word' id='word_1_185' title='bbox 3454 1152 3611 1228; x_wconf 77' lang='grc' dir='ltr'>ἀνδρί.</span> <span class='ocrx_word' id='word_1_186' title='bbox 3655 1154 3702 1203; x_wconf 79' lang='lat'>&#39;0</span> <span class='ocrx_word' id='word_1_187' title='bbox 3737 1148 3794 1216; x_wconf 75' lang='grc' dir='ltr'>δὲ,</span> 
     </span>
    </p>
   </div>
   <div class='ocr_carea' id='block_1_29' title="bbox 2217 1240 3795 1330">
    <p class='ocr_par' dir='ltr' id='par_1_29' title="bbox 2217 1240 3795 1330">
     <span class='ocr_line' id='line_1_29' title="bbox 2217 1240 3795 1330; baseline -0.016 -13"><span class='ocrx_word' id='word_1_188' title='bbox 2217 1258 2403 1330; x_wconf 72' lang='grc' dir='ltr'>ἐπειδὴ</span> <span class='ocrx_word' id='word_1_189' title='bbox 2445 1258 2534 1314; x_wconf 81' lang='grc' dir='ltr'>καὶ</span> <span class='ocrx_word' id='word_1_190' title='bbox 2575 1258 2733 1319; x_wconf 71' lang='grc' dir='ltr'>αὐτὸς</span> <span class='ocrx_word' id='word_1_191' title='bbox 2781 1255 2863 1316; x_wconf 85' lang='grc' dir='ltr'>τίς</span> <span class='ocrx_word' id='word_1_192' title='bbox 2913 1275 2971 1309; x_wconf 90' lang='grc' dir='ltr'>τε</span> <span class='ocrx_word' id='word_1_193' title='bbox 3018 1255 3052 1322; x_wconf 81' lang='grc' dir='ltr'>ἡ</span> <span class='ocrx_word' id='word_1_194' title='bbox 3109 1253 3334 1321; x_wconf 63' lang='grc' dir='ltr'>ζήτησις</span> <span class='ocrx_word' id='word_1_195' title='bbox 3379 1249 3472 1300; x_wconf 74' lang='grc' dir='ltr'>τοῦ</span> <span class='ocrx_word' id='word_1_196' title='bbox 3518 1240 3685 1315; x_wconf 80' lang='grc' dir='ltr'>ἀνδρὸς</span> <span class='ocrx_word' id='word_1_197' title='bbox 3725 1240 3795 1330; x_wconf 69' lang='grc' dir='ltr'>καὶ</span> 
     </span>
    </p>
   </div>
   <div class='ocr_carea' id='block_1_30' title="bbox 2218 1328 3798 1429">
    <p class='ocr_par' dir='ltr' id='par_1_30' title="bbox 2218 1328 3798 1429">
     <span class='ocr_line' id='line_1_30' title="bbox 2218 1328 3798 1429; baseline -0.016 -22"><span class='ocrx_word' id='word_1_198' title='bbox 2218 1352 2298 1429; x_wconf 77' lang='grc' dir='ltr'>ἐφ’</span> <span class='ocrx_word' id='word_1_199' title='bbox 2330 1350 2437 1421; x_wconf 80' lang='grc' dir='ltr'>ὅτῳ</span> <span class='ocrx_word' id='word_1_200' title='bbox 2468 1346 2653 1418; x_wconf 71' lang='grc' dir='ltr'>ἥκοιεν</span> <span class='ocrx_word' id='word_1_201' title='bbox 2708 1348 2898 1420; x_wconf 75' lang='grc' dir='ltr'>ἤρετο,</span> <span class='ocrx_word' id='word_1_202' title='bbox 2947 1344 3045 1410; x_wconf 76' lang='grc' dir='ltr'>τήν</span> <span class='ocrx_word' id='word_1_203' title='bbox 3093 1341 3301 1396; x_wconf 79' lang='grc' dir='ltr'>ἐκείνου</span> <span class='ocrx_word' id='word_1_204' title='bbox 3367 1335 3618 1429; x_wconf 69' lang='grc' dir='ltr'>ἐρώτησιν</span> <span class='ocrx_word' id='word_1_205' title='bbox 3661 1328 3798 1429; x_wconf 61' lang='grc' dir='ltr'>γαλε-</span> 
     </span>
    </p>
   </div>
   <div class='ocr_carea' id='block_1_31' title="bbox 2218 1421 3797 1517">
    <p class='ocr_par' dir='ltr' id='par_1_31' title="bbox 2218 1421 3797 1517">
     <span class='ocr_line' id='line_1_31' title="bbox 2218 1421 3797 1517; baseline -0.016 -20"><span class='ocrx_word' id='word_1_206' title='bbox 2218 1421 2333 1503; x_wconf 56' lang='grc' dir='ltr'>πῶς</span> <span class='ocrx_word' id='word_1_207' title='bbox 2381 1438 2611 1517; x_wconf 81' lang='grc' dir='ltr'>ἐνεγκὼν</span> <span class='ocrx_word' id='word_1_208' title='bbox 2662 1434 2985 1510; x_wconf 72' lang='grc' dir='ltr'>Οὐαλέριος,</span> <span class='ocrx_word' id='word_1_209' title='bbox 3036 1431 3121 1487; x_wconf 82' lang='grc' dir='ltr'>ὅτι</span> <span class='ocrx_word' id='word_1_210' title='bbox 3179 1432 3254 1504; x_wconf 81' lang='grc' dir='ltr'>μὴ</span> <span class='ocrx_word' id='word_1_211' title='bbox 3313 1426 3453 1501; x_wconf 77' lang='grc' dir='ltr'>ταχὺ</span> <span class='ocrx_word' id='word_1_212' title='bbox 3506 1421 3797 1495; x_wconf 78' lang='grc' dir='ltr'>ἀπεκρίνατο,</span> 
     </span>
    </p>
   </div>
   <div class='ocr_carea' id='block_1_32' title="bbox 2217 1512 3799 1604">
    <p class='ocr_par' dir='ltr' id='par_1_32' title="bbox 2217 1512 3799 1604">
     <span class='ocr_line' id='line_1_32' title="bbox 2217 1512 3799 1604; baseline -0.017 -16"><span class='ocrx_word' id='word_1_213' title='bbox 2217 1531 2404 1604; x_wconf 86' lang='grc' dir='ltr'>τολμᾷ</span> <span class='ocrx_word' id='word_1_214' title='bbox 2458 1550 2509 1584; x_wconf 88' lang='grc' dir='ltr'>τι</span> <span class='ocrx_word' id='word_1_215' title='bbox 2567 1528 2654 1582; x_wconf 78' lang='grc' dir='ltr'>καὶ</span> <span class='ocrx_word' id='word_1_216' title='bbox 2714 1524 3060 1598; x_wconf 79' lang='grc' dir='ltr'>θρασύτερον,</span> <span class='ocrx_word' id='word_1_217' title='bbox 3106 1518 3246 1582; x_wconf 72' lang='grc' dir='ltr'>’ίσως</span> <span class='ocrx_word' id='word_1_218' title='bbox 3298 1518 3400 1572; x_wconf 81' lang='grc' dir='ltr'>ὑπὸ</span> <span class='ocrx_word' id='word_1_219' title='bbox 3453 1517 3544 1569; x_wconf 76' lang='grc' dir='ltr'>τοῦ</span> <span class='ocrx_word' id='word_1_220' title='bbox 3603 1512 3799 1604; x_wconf 73' lang='grc' dir='ltr'>πονηροῦ</span> 
     </span>
    </p>
   </div>
   <div class='ocr_carea' id='block_1_33' title="bbox 2219 1595 3800 1690">
    <p class='ocr_par' dir='ltr' id='par_1_33' title="bbox 2219 1595 3800 1690">
     <span class='ocr_line' id='line_1_33' title="bbox 2219 1595 3800 1690; baseline -0.018 -15"><span class='ocrx_word' id='word_1_221' title='bbox 2219 1619 2478 1690; x_wconf 81' lang='grc' dir='ltr'>κινηθεὶς,</span> <span class='ocrx_word' id='word_1_222' title='bbox 2526 1617 2617 1671; x_wconf 83' lang='grc' dir='ltr'>καὶ</span> <span class='ocrx_word' id='word_1_223' title='bbox 2667 1614 2923 1669; x_wconf 70' lang='grc' dir='ltr'>ἀνατείνει</span> <span class='ocrx_word' id='word_1_224' title='bbox 2973 1610 3111 1665; x_wconf 81' lang='grc' dir='ltr'>κατά</span> <span class='ocrx_word' id='word_1_225' title='bbox 3158 1611 3253 1663; x_wconf 75' lang='grc' dir='ltr'>τοῦ</span> <span class='ocrx_word' id='word_1_226' title='bbox 3302 1603 3463 1679; x_wconf 86' lang='grc' dir='ltr'>ἀγίου</span> <span class='ocrx_word' id='word_1_227' title='bbox 3514 1602 3603 1668; x_wconf 72' lang='grc' dir='ltr'>τὴν</span> <span class='ocrx_word' id='word_1_228' title='bbox 3648 1595 3800 1666; x_wconf 70' lang='grc' dir='ltr'>δεξιὰν,</span> 
     </span>
    </p>
   </div>
   <div class='ocr_carea' id='block_1_34' title="bbox 2220 1686 3803 1778">
    <p class='ocr_par' dir='ltr' id='par_1_34' title="bbox 2220 1686 3803 1778">
     <span class='ocr_line' id='line_1_34' title="bbox 2220 1686 3803 1778; baseline -0.019 -11"><span class='ocrx_word' id='word_1_229' title='bbox 2220 1686 2425 1778; x_wconf 22' lang='grc' dir='ltr'>πλῆγξαι</span> <span class='ocrx_word' id='word_1_230' title='bbox 2465 1686 2655 1761; x_wconf 72' lang='grc' dir='ltr'>τοῦτον</span> <span class='ocrx_word' id='word_1_231' title='bbox 2709 1707 2777 1777; x_wconf 82' lang='grc' dir='ltr'>τῇ</span> <span class='ocrx_word' id='word_1_232' title='bbox 2850 1702 3067 1776; x_wconf 71' lang='grc' dir='ltr'>μάστιγι</span> <span class='ocrx_word' id='word_1_233' title='bbox 3123 1693 3436 1773; x_wconf 87' lang='grc' dir='ltr'>βουληθείς·</span> <span class='ocrx_word' id='word_1_234' title='bbox 3494 1688 3575 1746; x_wconf 76' lang='grc' dir='ltr'>καὶ</span> <span class='ocrx_word' id='word_1_235' title='bbox 3628 1686 3756 1778; x_wconf 62' lang='lat' dir='ltr'>etet;</span> <span class='ocrx_word' id='word_1_236' title='bbox 3778 1686 3803 1778; x_wconf 55' lang='grc' dir='ltr'>ᾖ</span> 
     </span>
    </p>
   </div>
   <div class='ocr_carea' id='block_1_35' title="bbox 2224 1774 3807 1876">
    <p class='ocr_par' dir='ltr' id='par_1_35' title="bbox 2224 1774 3807 1876">
     <span class='ocr_line' id='line_1_35' title="bbox 2224 1774 3807 1876; baseline -0.018 -21"><span class='ocrx_word' id='word_1_237' title='bbox 2224 1774 2534 1876; x_wconf 69' lang='grc' dir='ltr'>φρουροῦσα</span> <span class='ocrx_word' id='word_1_238' title='bbox 2583 1796 2708 1870; x_wconf 83' lang='grc' dir='ltr'>χεὶρ</span> <span class='ocrx_word' id='word_1_239' title='bbox 2756 1774 2960 1847; x_wconf 68' lang='grc' dir='ltr'>ἀνώθεν</span> <span class='ocrx_word' id='word_1_240' title='bbox 3013 1788 3111 1844; x_wconf 81' lang='grc' dir='ltr'>οὐκ</span> <span class='ocrx_word' id='word_1_241' title='bbox 3163 1784 3387 1876; x_wconf 71' lang='grc' dir='ltr'>ἠμέλει,</span> <span class='ocrx_word' id='word_1_242' title='bbox 3426 1782 3573 1876; x_wconf 42' lang='grc' dir='ltr'>καὶ-ἠ</span> <span class='ocrx_word' id='word_1_243' title='bbox 3601 1774 3807 1847; x_wconf 63' lang='grc' dir='ltr'>τολμηρὰ</span> 
     </span>
    </p>
   </div>
   <div class='ocr_carea' id='block_1_36' title="bbox 467 1868 2127 1969">
    <p class='ocr_par' dir='ltr' id='par_1_36' title="bbox 467 1893 2117 1969">
     <span class='ocr_line' id='line_1_36' title="bbox 467 1893 2117 1969; baseline -0.004 -16"><span class='ocrx_word' id='word_1_244' title='bbox 467 1914 594 1969; x_wconf 61' lang='lat' dir='ltr'>quae</span> <span class='ocrx_word' id='word_1_245' title='bbox 626 1901 1002 1963; x_wconf 85' lang='lat' dir='ltr'>emarcuerat,</span> <span class='ocrx_word' id='word_1_246' title='bbox 1027 1901 1084 1952; x_wconf 89' lang='lat' dir='ltr'>et</span> <span class='ocrx_word' id='word_1_247' title='bbox 1109 1901 1229 1952; x_wconf 79' lang='lat' dir='ltr'>erat</span> <span class='ocrx_word' id='word_1_248' title='bbox 1259 1897 1427 1967; x_wconf 89' lang='lat' dir='ltr'>quasi</span> <span class='ocrx_word' id='word_1_249' title='bbox 1458 1901 1708 1961; x_wconf 90' lang='lat' dir='ltr'>mortua,</span> <span class='ocrx_word' id='word_1_250' title='bbox 1733 1893 2117 1950; x_wconf 84' lang='lat' dir='ltr'>etﬂoresceret</span> 
     </span>
    </p>
   </div>
   <div class='ocr_carea' id='block_1_37' title="bbox 2235 1868 3806 1969">
    <p class='ocr_par' dir='ltr' id='par_1_37' title="bbox 2235 1869 3806 1969">
     <span class='ocr_line' id='line_1_37' title="bbox 2235 1869 3806 1969; baseline -0.017 -26"><span class='ocrx_word' id='word_1_251' title='bbox 2235 1886 2535 1955; x_wconf 71' lang='grc' dir='ltr'>ἐκολάζετοο</span> <span class='ocrx_word' id='word_1_252' title='bbox 2598 1884 2684 1939; x_wconf 84' lang='grc' dir='ltr'>καὶ</span> <span class='ocrx_word' id='word_1_253' title='bbox 2745 1884 2999 1950; x_wconf 82' lang='grc' dir='ltr'>ἀκίνητος</span> <span class='ocrx_word' id='word_1_254' title='bbox 3054 1878 3121 1946; x_wconf 76' lang='grc' dir='ltr'>ἧν</span> <span class='ocrx_word' id='word_1_255' title='bbox 3187 1875 3368 1947; x_wconf 82' lang='grc' dir='ltr'>ὥσπερ</span> <span class='ocrx_word' id='word_1_256' title='bbox 3438 1869 3536 1925; x_wconf 85' lang='grc' dir='ltr'>τινὶ</span> <span class='ocrx_word' id='word_1_257' title='bbox 3588 1884 3806 1969; x_wconf 43' lang='grc' dir='ltr'>προκαταῖ</span> 
     </span>
    </p>
   </div>
   <div class='ocr_carea' id='block_1_38' title="bbox 465 1986 2113 2057">
    <p class='ocr_par' dir='ltr' id='par_1_38' title="bbox 465 1986 2113 2057">
     <span class='ocr_line' id='line_1_38' title="bbox 465 1986 2113 2057; baseline -0.004 -15"><span class='ocrx_word' id='word_1_258' title='bbox 465 2003 668 2043; x_wconf 84' lang='lat' dir='ltr'>rursus</span> <span class='ocrx_word' id='word_1_259' title='bbox 700 1992 755 2042; x_wconf 90' lang='lat' dir='ltr'>et</span> <span class='ocrx_word' id='word_1_260' title='bbox 786 1986 1168 2055; x_wconf 85' lang='lat' dir='ltr'>revivisceret,</span> <span class='ocrx_word' id='word_1_261' title='bbox 1209 2001 1397 2057; x_wconf 88' lang='lat' dir='ltr'>neque</span> <span class='ocrx_word' id='word_1_262' title='bbox 1446 1986 1529 2040; x_wconf 91' lang='lat' dir='ltr'>sic</span> <span class='ocrx_word' id='word_1_263' title='bbox 1578 1988 1907 2041; x_wconf 85' lang='lat' dir='ltr'>remaneret</span> <span class='ocrx_word' id='word_1_264' title='bbox 1958 1997 2113 2036; x_wconf 92' lang='lat' dir='ltr'>mor-</span> 
     </span>
    </p>
   </div>
   <div class='ocr_carea' id='block_1_39' title="bbox 472 2084 591 2130">
    <p class='ocr_par' dir='ltr' id='par_1_39' title="bbox 472 2084 591 2130">
     <span class='ocr_line' id='line_1_39' title="bbox 472 2084 591 2130; baseline 0.017 -2"><span class='ocrx_word' id='word_1_265' title='bbox 472 2084 591 2130; x_wconf 87' lang='lat' dir='ltr'>tua.</span> 
     </span>
    </p>
   </div>
   <div class='ocr_carea' id='block_1_40' title="bbox 2228 1951 3808 2052">
    <p class='ocr_par' dir='ltr' id='par_1_40' title="bbox 2228 1951 3808 2052">
     <span class='ocr_line' id='line_1_40' title="bbox 2228 1951 3808 2052; baseline -0.013 -20"><span class='ocrx_word' id='word_1_266' title='bbox 2228 1981 2482 2052; x_wconf 70' lang='grc' dir='ltr'>σγεθεῖσα</span> <span class='ocrx_word' id='word_1_267' title='bbox 2528 1971 2690 2047; x_wconf 81' lang='grc' dir='ltr'>πέδῃ.</span> <span class='ocrx_word' id='word_1_268' title='bbox 2742 1967 3019 2044; x_wconf 73' lang='grc' dir='ltr'>Λαμϐἀνει</span> <span class='ocrx_word' id='word_1_269' title='bbox 3077 1965 3168 2020; x_wconf 85' lang='grc' dir='ltr'>καὶ</span> <span class='ocrx_word' id='word_1_270' title='bbox 3221 1964 3315 2018; x_wconf 89' lang='grc' dir='ltr'>τὸν</span> <span class='ocrx_word' id='word_1_271' title='bbox 3370 1959 3545 2033; x_wconf 68' lang='grc' dir='ltr'>ἕτερον</span> <span class='ocrx_word' id='word_1_272' title='bbox 3596 1954 3695 2015; x_wconf 67' lang='grc' dir='ltr'>δέος</span> <span class='ocrx_word' id='word_1_273' title='bbox 3742 1951 3808 2004; x_wconf 63' lang='grc' dir='ltr'>ἐπὶ</span> 
     </span>
    </p>
   </div>
   <div class='ocr_carea' id='block_1_41' title="bbox 2223 2042 3806 2137">
    <p class='ocr_par' dir='ltr' id='par_1_41' title="bbox 2223 2042 3806 2137">
     <span class='ocr_line' id='line_1_41' title="bbox 2223 2042 3806 2137; baseline -0.02 -15"><span class='ocrx_word' id='word_1_274' title='bbox 2223 2042 2303 2137; x_wconf 53' lang='grc' dir='ltr'>τῷ</span> <span class='ocrx_word' id='word_1_275' title='bbox 2330 2067 2501 2134; x_wconf 83' lang='grc' dir='ltr'>καινῷ</span> <span class='ocrx_word' id='word_1_276' title='bbox 2545 2061 2722 2131; x_wconf 85' lang='grc' dir='ltr'>τούτῳ</span> <span class='ocrx_word' id='word_1_277' title='bbox 2772 2060 3022 2130; x_wconf 79' lang='grc' dir='ltr'>θεάματι,</span> <span class='ocrx_word' id='word_1_278' title='bbox 3062 2053 3153 2109; x_wconf 83' lang='grc' dir='ltr'>καὶ</span> <span class='ocrx_word' id='word_1_279' title='bbox 3209 2045 3503 2108; x_wconf 73' lang='grc' dir='ltr'>ἀποϐάντες</span> <span class='ocrx_word' id='word_1_280' title='bbox 3548 2043 3690 2118; x_wconf 67' lang='grc' dir='ltr'>ἃμφω</span> <span class='ocrx_word' id='word_1_281' title='bbox 3726 2042 3806 2094; x_wconf 76' lang='grc' dir='ltr'>τῶν</span> 
     </span>
    </p>
   </div>
   <div class='ocr_carea' id='block_1_42' title="bbox 460 2136 3807 2235">
    <p class='ocr_par' dir='ltr' id='par_1_42' title="bbox 460 2136 3807 2235">
     <span class='ocr_line' id='line_1_42' title="bbox 460 2136 3807 2235; baseline -0.01 -16"><span class='ocrx_word' id='word_1_282' title='bbox 460 2144 673 2234; x_wconf 57' lang='grc' dir='ltr'>ἵππων,</span> <span class='ocrx_word' id='word_1_283' title='bbox 715 2160 1118 2231; x_wconf 87' lang='grc' dir='ltr'>προσπίπτουσί</span> <span class='ocrx_word' id='word_1_284' title='bbox 1166 2182 1225 2216; x_wconf 88' lang='grc' dir='ltr'>τε</span> <span class='ocrx_word' id='word_1_285' title='bbox 1274 2167 1391 2223; x_wconf 82' lang='grc' dir='ltr'>τοῖς</span> <span class='ocrx_word' id='word_1_286' title='bbox 1440 2165 1536 2215; x_wconf 73' lang='grc' dir='ltr'>τοῦ</span> <span class='ocrx_word' id='word_1_287' title='bbox 1586 2160 1741 2235; x_wconf 81' lang='grc' dir='ltr'>ἁγίου</span> <span class='ocrx_word' id='word_1_288' title='bbox 1810 2159 1959 2227; x_wconf 86' lang='grc' dir='ltr'>ποσὶ,</span> <span class='ocrx_word' id='word_1_289' title='bbox 2018 2156 2108 2212; x_wconf 83' lang='grc' dir='ltr'>καὶ</span> <span class='ocrx_word' id='word_1_290' title='bbox 2166 2156 2339 2211; x_wconf 77' lang='grc' dir='ltr'>ἱκέται</span> <span class='ocrx_word' id='word_1_291' title='bbox 2398 2154 2642 2230; x_wconf 86' lang='grc' dir='ltr'>γίνονται</span> <span class='ocrx_word' id='word_1_292' title='bbox 2693 2147 2935 2205; x_wconf 86' lang='grc' dir='ltr'>ταπεινοὶ</span> <span class='ocrx_word' id='word_1_293' title='bbox 2994 2144 3136 2213; x_wconf 77' lang='grc' dir='ltr'>λίαν,</span> <span class='ocrx_word' id='word_1_294' title='bbox 3202 2141 3343 2197; x_wconf 86' lang='grc' dir='ltr'>ὥστε</span> <span class='ocrx_word' id='word_1_295' title='bbox 3397 2139 3496 2207; x_wconf 73' lang='grc' dir='ltr'>τήν</span> <span class='ocrx_word' id='word_1_296' title='bbox 3548 2136 3807 2203; x_wconf 70' lang='grc' dir='ltr'>ἀπομαραν-</span> 
     </span>
    </p>
   </div>
   <div class='ocr_carea' id='block_1_43' title="bbox 471 2231 3492 2326">
    <p class='ocr_par' dir='ltr' id='par_1_43' title="bbox 471 2231 3492 2326">
     <span class='ocr_line' id='line_1_43' title="bbox 471 2231 3492 2326; baseline -0.006 -20"><span class='ocrx_word' id='word_1_297' title='bbox 471 2258 647 2317; x_wconf 82' lang='grc' dir='ltr'>θεῖσαν</span> <span class='ocrx_word' id='word_1_298' title='bbox 692 2258 852 2326; x_wconf 85' lang='grc' dir='ltr'>χεῖρα</span> <span class='ocrx_word' id='word_1_299' title='bbox 882 2253 971 2306; x_wconf 80' lang='grc' dir='ltr'>καὶ</span> <span class='ocrx_word' id='word_1_300' title='bbox 1005 2252 1168 2306; x_wconf 80' lang='grc' dir='ltr'>οἱονεὶ</span> <span class='ocrx_word' id='word_1_301' title='bbox 1197 2255 1517 2321; x_wconf 75' lang='grc' dir='ltr'>τεθνηκυῖαν</span> <span class='ocrx_word' id='word_1_302' title='bbox 1551 2249 1819 2320; x_wconf 81' lang='grc' dir='ltr'>ἁναθῆλαι</span> <span class='ocrx_word' id='word_1_303' title='bbox 1850 2247 2015 2304; x_wconf 79' lang='grc' dir='ltr'>πάλιν</span> <span class='ocrx_word' id='word_1_304' title='bbox 2038 2249 2127 2302; x_wconf 85' lang='grc' dir='ltr'>καὶ</span> <span class='ocrx_word' id='word_1_305' title='bbox 2159 2247 2440 2316; x_wconf 77' lang='grc' dir='ltr'>ἅναςῆσαι,</span> <span class='ocrx_word' id='word_1_306' title='bbox 2480 2241 2620 2317; x_wconf 68' lang='grc' dir='ltr'>μηδὲ</span> <span class='ocrx_word' id='word_1_307' title='bbox 2650 2240 2823 2300; x_wconf 75' lang='grc' dir='ltr'>οὕτως</span> <span class='ocrx_word' id='word_1_308' title='bbox 2853 2235 3250 2312; x_wconf 77' lang='grc' dir='ltr'>απολειφθῆναι</span> <span class='ocrx_word' id='word_1_309' title='bbox 3282 2231 3492 2326; x_wconf 75' lang='grc' dir='ltr'>νεκράν.</span> 
     </span>
    </p>
   </div>
   <div class='ocr_carea' id='block_1_44' title="bbox 542 2342 2126 2413">
    <p class='ocr_par' dir='ltr' id='par_1_44' title="bbox 542 2342 2126 2413">
     <span class='ocr_line' id='line_1_44' title="bbox 542 2342 2126 2413; baseline -0.003 -15"><span class='ocrx_word' id='word_1_310' title='bbox 542 2343 697 2398; x_wconf 85' lang='lat' dir='ltr'>XIX.</span> <span class='ocrx_word' id='word_1_311' title='bbox 732 2343 833 2398; x_wconf 92' lang='lat' dir='ltr'>Ille</span> <span class='ocrx_word' id='word_1_312' title='bbox 862 2347 1059 2398; x_wconf 91' lang='lat' dir='ltr'>autem</span> <span class='ocrx_word' id='word_1_313' title='bbox 1084 2342 1143 2396; x_wconf 91' lang='lat' dir='ltr'>in</span> <span class='ocrx_word' id='word_1_314' title='bbox 1170 2342 1275 2397; x_wconf 90' lang='lat' dir='ltr'>hoc</span> <span class='ocrx_word' id='word_1_315' title='bbox 1298 2358 1531 2413; x_wconf 91' lang='lat' dir='ltr'>quoque</span> <span class='ocrx_word' id='word_1_316' title='bbox 1553 2347 1837 2398; x_wconf 89' lang='lat' dir='ltr'>consueta</span> <span class='ocrx_word' id='word_1_317' title='bbox 1861 2357 2005 2396; x_wconf 90' lang='lat' dir='ltr'>usus</span> <span class='ocrx_word' id='word_1_318' title='bbox 2035 2343 2126 2396; x_wconf 91' lang='lat' dir='ltr'>est</span> 
     </span>
    </p>
   </div>
   <div class='ocr_carea' id='block_1_45' title="bbox 474 2429 2123 2503">
    <p class='ocr_par' dir='ltr' id='par_1_45' title="bbox 474 2429 2123 2503">
     <span class='ocr_line' id='line_1_45' title="bbox 474 2429 2123 2503; baseline -0.001 -17"><span class='ocrx_word' id='word_1_319' title='bbox 474 2430 892 2501; x_wconf 87' lang='lat' dir='ltr'>misericordia,</span> <span class='ocrx_word' id='word_1_320' title='bbox 928 2439 981 2487; x_wconf 90' lang='lat' dir='ltr'>el</span> <span class='ocrx_word' id='word_1_321' title='bbox 1013 2432 1200 2503; x_wconf 86' lang='lat' dir='ltr'>tangit</span> <span class='ocrx_word' id='word_1_322' title='bbox 1250 2432 1487 2503; x_wconf 86' lang='lat' dir='ltr'>quidem</span> <span class='ocrx_word' id='word_1_323' title='bbox 1533 2446 1771 2487; x_wconf 90' lang='lat' dir='ltr'>manum</span> <span class='ocrx_word' id='word_1_324' title='bbox 1808 2431 1953 2486; x_wconf 88' lang='lat' dir='ltr'>male</span> <span class='ocrx_word' id='word_1_325' title='bbox 1984 2429 2123 2485; x_wconf 76' lang='lat' dir='ltr'>aﬂ&#39;e-</span> 
     </span>
    </p>
   </div>
   <div class='ocr_carea' id='block_1_46' title="bbox 478 2523 2124 2596">
    <p class='ocr_par' dir='ltr' id='par_1_46' title="bbox 478 2523 2124 2596">
     <span class='ocr_line' id='line_1_46' title="bbox 478 2523 2124 2596; baseline -0.001 -18"><span class='ocrx_word' id='word_1_326' title='bbox 478 2529 654 2593; x_wconf 89' lang='lat' dir='ltr'>ctam,</span> <span class='ocrx_word' id='word_1_327' title='bbox 706 2540 911 2579; x_wconf 84' lang='lat' dir='ltr'>sanam</span> <span class='ocrx_word' id='word_1_328' title='bbox 954 2540 1087 2580; x_wconf 89' lang='lat' dir='ltr'>vero</span> <span class='ocrx_word' id='word_1_329' title='bbox 1136 2540 1267 2579; x_wconf 91' lang='lat' dir='ltr'>eam</span> <span class='ocrx_word' id='word_1_330' title='bbox 1318 2524 1507 2579; x_wconf 86' lang='lat' dir='ltr'>reddit</span> <span class='ocrx_word' id='word_1_331' title='bbox 1568 2526 1855 2596; x_wconf 87' lang='lat' dir='ltr'>protinus.</span> <span class='ocrx_word' id='word_1_332' title='bbox 1908 2523 2124 2579; x_wconf 88' lang='lat' dir='ltr'>Deinde</span> 
     </span>
    </p>
   </div>
   <div class='ocr_carea' id='block_1_47' title="bbox 478 2613 2125 2684">
    <p class='ocr_par' dir='ltr' id='par_1_47' title="bbox 478 2613 2125 2684">
     <span class='ocr_line' id='line_1_47' title="bbox 478 2613 2125 2684; baseline -0.001 -17"><span class='ocrx_word' id='word_1_333' title='bbox 478 2628 685 2669; x_wconf 89' lang='lat' dir='ltr'>rursus</span> <span class='ocrx_word' id='word_1_334' title='bbox 716 2613 1049 2670; x_wconf 87' lang='lat' dir='ltr'>sciscitatus</span> <span class='ocrx_word' id='word_1_335' title='bbox 1080 2630 1333 2684; x_wconf 86' lang='lat' dir='ltr'>quanam</span> <span class='ocrx_word' id='word_1_336' title='bbox 1367 2614 1437 2669; x_wconf 90' lang='lat' dir='ltr'>de</span> <span class='ocrx_word' id='word_1_337' title='bbox 1469 2629 1646 2669; x_wconf 88' lang='lat' dir='ltr'>causa</span> <span class='ocrx_word' id='word_1_338' title='bbox 1675 2618 1829 2669; x_wconf 88' lang='lat' dir='ltr'>esset</span> <span class='ocrx_word' id='word_1_339' title='bbox 1857 2613 1942 2669; x_wconf 89' lang='lat' dir='ltr'>eis</span> <span class='ocrx_word' id='word_1_340' title='bbox 1975 2628 2125 2683; x_wconf 90' lang='lat' dir='ltr'>opus</span> 
     </span>
    </p>
   </div>
   <div class='ocr_carea' id='block_1_48' title="bbox 473 2700 2125 2772">
    <p class='ocr_par' dir='ltr' id='par_1_48' title="bbox 473 2700 2125 2772">
     <span class='ocr_line' id='line_1_48' title="bbox 473 2700 2125 2772; baseline 0 -19"><span class='ocrx_word' id='word_1_341' title='bbox 473 2716 607 2753; x_wconf 89' lang='lat' dir='ltr'>cum</span> <span class='ocrx_word' id='word_1_342' title='bbox 660 2700 989 2769; x_wconf 89' lang='lat' dir='ltr'>convenire,</span> <span class='ocrx_word' id='word_1_343' title='bbox 1041 2705 1097 2755; x_wconf 89' lang='lat' dir='ltr'>et</span> <span class='ocrx_word' id='word_1_344' title='bbox 1144 2700 1529 2756; x_wconf 84' lang='lat' dir='ltr'>intellexisset</span> <span class='ocrx_word' id='word_1_345' title='bbox 1586 2702 1741 2772; x_wconf 90' lang='lat' dir='ltr'>quod</span> <span class='ocrx_word' id='word_1_346' title='bbox 1801 2701 1875 2757; x_wconf 91' lang='lat' dir='ltr'>ad</span> <span class='ocrx_word' id='word_1_347' title='bbox 1933 2701 2125 2771; x_wconf 89' lang='lat' dir='ltr'>ipsum</span> 
     </span>
    </p>
   </div>
   <div class='ocr_carea' id='block_1_49' title="bbox 477 2788 2131 2860">
    <p class='ocr_par' dir='ltr' id='par_1_49' title="bbox 477 2788 2131 2860">
     <span class='ocr_line' id='line_1_49' title="bbox 477 2788 2131 2860; baseline 0 -18"><span class='ocrx_word' id='word_1_348' title='bbox 477 2789 692 2843; x_wconf 78' lang='lat' dir='ltr'>ferrent</span> <span class='ocrx_word' id='word_1_349' title='bbox 742 2788 966 2845; x_wconf 87' lang='lat' dir='ltr'>litteras</span> <span class='ocrx_word' id='word_1_350' title='bbox 1014 2789 1403 2860; x_wconf 83' lang='lat' dir='ltr'>imperatoris,</span> <span class='ocrx_word' id='word_1_351' title='bbox 1437 2790 1502 2844; x_wconf 91' lang='lat' dir='ltr'>ﬁt</span> <span class='ocrx_word' id='word_1_352' title='bbox 1533 2790 1617 2845; x_wconf 89' lang='lat' dir='ltr'>eis</span> <span class='ocrx_word' id='word_1_353' title='bbox 1649 2791 1765 2844; x_wconf 85' lang='lat' dir='ltr'>dux</span> <span class='ocrx_word' id='word_1_354' title='bbox 1797 2788 2041 2852; x_wconf 87' lang='lat' dir='ltr'>itineris,</span> <span class='ocrx_word' id='word_1_355' title='bbox 2074 2791 2131 2843; x_wconf 92' lang='lat' dir='ltr'>et</span> 
     </span>
    </p>
   </div>
   <div class='ocr_carea' id='block_1_50' title="bbox 478 2877 2128 2950">
    <p class='ocr_par' dir='ltr' id='par_1_50' title="bbox 478 2877 2128 2950">
     <span class='ocr_line' id='line_1_50' title="bbox 478 2877 2128 2950; baseline 0 -19"><span class='ocrx_word' id='word_1_356' title='bbox 478 2877 712 2933; x_wconf 88' lang='lat' dir='ltr'>deducit</span> <span class='ocrx_word' id='word_1_357' title='bbox 742 2877 1181 2950; x_wconf 86' lang='lat' dir='ltr'>quamprimum</span> <span class='ocrx_word' id='word_1_358' title='bbox 1212 2879 1283 2933; x_wconf 89' lang='lat' dir='ltr'>ad</span> <span class='ocrx_word' id='word_1_359' title='bbox 1317 2878 1469 2933; x_wconf 67' lang='lat' dir='ltr'>aedes</span> <span class='ocrx_word' id='word_1_360' title='bbox 1512 2878 1853 2933; x_wconf 85' lang='lat' dir='ltr'>Euxeniani.</span> <span class='ocrx_word' id='word_1_361' title='bbox 1891 2878 1993 2933; x_wconf 91' lang='lat' dir='ltr'>Ille</span> <span class='ocrx_word' id='word_1_362' title='bbox 2023 2891 2128 2932; x_wconf 90' lang='lat' dir='ltr'>au-</span> 
     </span>
    </p>
   </div>
   <div class='ocr_carea' id='block_1_51' title="bbox 478 2965 2127 3038">
    <p class='ocr_par' dir='ltr' id='par_1_51' title="bbox 478 2965 2127 3038">
     <span class='ocr_line' id='line_1_51' title="bbox 478 2965 2127 3038; baseline 0 -17"><span class='ocrx_word' id='word_1_363' title='bbox 478 2973 623 3033; x_wconf 89' lang='lat' dir='ltr'>tem,</span> <span class='ocrx_word' id='word_1_364' title='bbox 656 2969 910 3038; x_wconf 89' lang='lat' dir='ltr'>acceptis</span> <span class='ocrx_word' id='word_1_365' title='bbox 956 2966 1185 3036; x_wconf 87' lang='lat' dir='ltr'>litteris,</span> <span class='ocrx_word' id='word_1_366' title='bbox 1218 2982 1350 3022; x_wconf 91' lang='lat' dir='ltr'>cum</span> <span class='ocrx_word' id='word_1_367' title='bbox 1391 2983 1523 3038; x_wconf 67' lang='lat' dir='ltr'>quae</span> <span class='ocrx_word' id='word_1_368' title='bbox 1569 2966 2023 3022; x_wconf 89' lang='lat' dir='ltr'>continebantur</span> <span class='ocrx_word' id='word_1_369' title='bbox 2069 2965 2127 3021; x_wconf 90' lang='lat' dir='ltr'>in</span> 
     </span>
    </p>
   </div>
   <div class='ocr_carea' id='block_1_52' title="bbox 480 3054 2133 3127">
    <p class='ocr_par' dir='ltr' id='par_1_52' title="bbox 480 3054 2133 3127">
     <span class='ocr_line' id='line_1_52' title="bbox 480 3054 2133 3127; baseline 0.001 -19"><span class='ocrx_word' id='word_1_370' title='bbox 480 3054 586 3119; x_wconf 90' lang='lat' dir='ltr'>eis,</span> <span class='ocrx_word' id='word_1_371' title='bbox 618 3054 979 3125; x_wconf 88' lang='lat' dir='ltr'>perlegisset,</span> <span class='ocrx_word' id='word_1_372' title='bbox 1014 3060 1215 3110; x_wconf 86' lang='lat' dir='ltr'>sancto</span> <span class='ocrx_word' id='word_1_373' title='bbox 1254 3056 1450 3110; x_wconf 88' lang='lat' dir='ltr'>statim</span> <span class='ocrx_word' id='word_1_374' title='bbox 1498 3056 1677 3111; x_wconf 84' lang='lat' dir='ltr'>tradit</span> <span class='ocrx_word' id='word_1_375' title='bbox 1717 3055 2043 3127; x_wconf 89' lang='lat' dir='ltr'>epistolam,</span> <span class='ocrx_word' id='word_1_376' title='bbox 2076 3057 2133 3110; x_wconf 88' lang='lat' dir='ltr'>et</span> 
     </span>
    </p>
   </div>
   <div class='ocr_carea' id='block_1_53' title="bbox 482 3141 2128 3217">
    <p class='ocr_par' dir='ltr' id='par_1_53' title="bbox 482 3141 2128 3217">
     <span class='ocr_line' id='line_1_53' title="bbox 482 3141 2128 3217; baseline 0.002 -20"><span class='ocrx_word' id='word_1_377' title='bbox 482 3147 668 3213; x_wconf 84' lang='lat' dir='ltr'>rogat,</span> <span class='ocrx_word' id='word_1_378' title='bbox 703 3145 765 3197; x_wconf 91' lang='lat' dir='ltr'>ut</span> <span class='ocrx_word' id='word_1_379' title='bbox 794 3141 937 3197; x_wconf 87' lang='lat' dir='ltr'>nihil</span> <span class='ocrx_word' id='word_1_380' title='bbox 987 3142 1233 3207; x_wconf 80' lang='lat' dir='ltr'>diﬁ‘erat,</span> <span class='ocrx_word' id='word_1_381' title='bbox 1267 3144 1368 3199; x_wconf 90' lang='lat' dir='ltr'>sed</span> <span class='ocrx_word' id='word_1_382' title='bbox 1416 3145 1572 3200; x_wconf 89' lang='lat' dir='ltr'>sicut</span> <span class='ocrx_word' id='word_1_383' title='bbox 1615 3144 1932 3217; x_wconf 86' lang='lat' dir='ltr'>imperator</span> <span class='ocrx_word' id='word_1_384' title='bbox 1972 3144 2128 3201; x_wconf 89' lang='lat' dir='ltr'>vole-</span> 
     </span>
    </p>
   </div>
   <div class='ocr_carea' id='block_1_54' title="bbox 2302 2322 3809 2400">
    <p class='ocr_par' dir='ltr' id='par_1_54' title="bbox 2302 2322 3809 2400">
     <span class='ocr_line' id='line_1_54' title="bbox 2302 2322 3809 2400; baseline -0.016 -11"><span class='ocrx_word' id='word_1_385' title='bbox 2302 2336 2405 2392; x_wconf 86' lang='grc' dir='ltr'>ῙΘ’.</span> <span class='ocrx_word' id='word_1_386' title='bbox 2435 2335 2497 2391; x_wconf 81' lang='grc' dir='ltr'>Ὀ</span> <span class='ocrx_word' id='word_1_387' title='bbox 2548 2331 2604 2387; x_wconf 76' lang='grc' dir='ltr'>δὲ</span> <span class='ocrx_word' id='word_1_388' title='bbox 2650 2337 2749 2400; x_wconf 80' lang='grc' dir='ltr'>τῆς</span> <span class='ocrx_word' id='word_1_389' title='bbox 2790 2329 3055 2397; x_wconf 73' lang='grc' dir='ltr'>συνήθους</span> <span class='ocrx_word' id='word_1_390' title='bbox 3075 2326 3198 2396; x_wconf 64' lang='lat' dir='ltr'>{xciv</span> <span class='ocrx_word' id='word_1_391' title='bbox 3247 2322 3428 2393; x_wconf 82' lang='grc' dir='ltr'>τούτῳ</span> <span class='ocrx_word' id='word_1_392' title='bbox 3473 2323 3658 2394; x_wconf 78' lang='grc' dir='ltr'>γίνεται</span> <span class='ocrx_word' id='word_1_393' title='bbox 3703 2332 3809 2400; x_wconf 62' lang='grc' dir='ltr'>συμ-</span> 
     </span>
    </p>
   </div>
   <div class='ocr_carea' id='block_1_55' title="bbox 2230 2397 3810 2501">
    <p class='ocr_par' dir='ltr' id='par_1_55' title="bbox 2230 2400 3810 2501">
     <span class='ocr_line' id='line_1_55' title="bbox 2230 2400 3810 2501; baseline -0.017 -21"><span class='ocrx_word' id='word_1_394' title='bbox 2230 2424 2471 2493; x_wconf 89' lang='grc' dir='ltr'>παθείας,</span> <span class='ocrx_word' id='word_1_395' title='bbox 2502 2421 2593 2475; x_wconf 88' lang='grc' dir='ltr'>καὶ</span> <span class='ocrx_word' id='word_1_396' title='bbox 2643 2420 2867 2473; x_wconf 85' lang='grc' dir='ltr'>ἅπτεται</span> <span class='ocrx_word' id='word_1_397' title='bbox 2913 2416 3006 2489; x_wconf 77' lang='grc' dir='ltr'>μὶν</span> <span class='ocrx_word' id='word_1_398' title='bbox 3058 2420 3159 2483; x_wconf 84' lang='grc' dir='ltr'>τῆς</span> <span class='ocrx_word' id='word_1_399' title='bbox 3204 2409 3573 2486; x_wconf 80' lang='grc' dir='ltr'>πηρωθείσης·</span> <span class='ocrx_word' id='word_1_400' title='bbox 3623 2400 3810 2501; x_wconf 42' lang='grc' dir='ltr'>ὑγιᾶηοὶ</span> 
     </span>
    </p>
   </div>
   <div class='ocr_carea' id='block_1_56' title="bbox 2232 2489 3809 2585">
    <p class='ocr_par' dir='ltr' id='par_1_56' title="bbox 2232 2489 3809 2585">
     <span class='ocr_line' id='line_1_56' title="bbox 2232 2489 3809 2585; baseline -0.02 -14"><span class='ocrx_word' id='word_1_401' title='bbox 2232 2515 2399 2585; x_wconf 72' lang='grc' dir='ltr'>αὐτὴν</span> <span class='ocrx_word' id='word_1_402' title='bbox 2450 2510 2603 2572; x_wconf 78' lang='grc' dir='ltr'>εὐθὺς</span> <span class='ocrx_word' id='word_1_403' title='bbox 2656 2507 2939 2564; x_wconf 87' lang='grc' dir='ltr'>δείκνυσιν.</span> <span class='ocrx_word' id='word_1_404' title='bbox 2988 2504 3121 2562; x_wconf 79' lang='grc' dir='ltr'>Εἶτα</span> <span class='ocrx_word' id='word_1_405' title='bbox 3173 2504 3275 2572; x_wconf 70' lang='grc' dir='ltr'>τὴν</span> <span class='ocrx_word' id='word_1_406' title='bbox 3334 2498 3508 2555; x_wconf 77' lang='grc' dir='ltr'>αἰτίαν</span> <span class='ocrx_word' id='word_1_407' title='bbox 3562 2494 3643 2549; x_wconf 73' lang='grc' dir='ltr'>καὶ</span> <span class='ocrx_word' id='word_1_408' title='bbox 3688 2489 3809 2544; x_wconf 70' lang='grc' dir='ltr'>πάλιν</span> 
     </span>
    </p>
   </div>
   <div class='ocr_carea' id='block_1_57' title="bbox 2232 2580 3811 2681">
    <p class='ocr_par' dir='ltr' id='par_1_57' title="bbox 2232 2580 3811 2681">
     <span class='ocr_line' id='line_1_57' title="bbox 2232 2580 3811 2681; baseline -0.017 -21"><span class='ocrx_word' id='word_1_409' title='bbox 2232 2613 2331 2673; x_wconf 83' lang='grc' dir='ltr'>τῆς</span> <span class='ocrx_word' id='word_1_410' title='bbox 2359 2580 2456 2659; x_wconf 77' lang='grc' dir='ltr'>τοῦ</span> <span class='ocrx_word' id='word_1_411' title='bbox 2487 2598 2680 2675; x_wconf 83' lang='grc' dir='ltr'>ἀνδρὸς</span> <span class='ocrx_word' id='word_1_412' title='bbox 2719 2597 2907 2673; x_wconf 86' lang='grc' dir='ltr'>χρείας</span> <span class='ocrx_word' id='word_1_413' title='bbox 2957 2595 3235 2670; x_wconf 75' lang='grc' dir='ltr'>ἐρόμενος,</span> <span class='ocrx_word' id='word_1_414' title='bbox 3286 2590 3377 2645; x_wconf 85' lang='grc' dir='ltr'>καὶ</span> <span class='ocrx_word' id='word_1_415' title='bbox 3428 2586 3601 2681; x_wconf 65' lang='grc' dir='ltr'>μαθιῖυν</span> <span class='ocrx_word' id='word_1_416' title='bbox 3646 2583 3715 2681; x_wconf 70' lang='grc' dir='ltr'>ὅτι</span> 
     </span>
    </p>
   </div>
   <div class='ocr_carea' id='block_1_58' title="bbox 2236 2672 3812 2768">
    <p class='ocr_par' dir='ltr' id='par_1_58' title="bbox 2236 2672 3812 2768">
     <span class='ocr_line' id='line_1_58' title="bbox 2236 2672 3812 2768; baseline -0.018 -19"><span class='ocrx_word' id='word_1_417' title='bbox 2236 2692 2423 2749; x_wconf 74' lang='grc' dir='ltr'>σιλικὰ</span> <span class='ocrx_word' id='word_1_418' title='bbox 2455 2692 2593 2765; x_wconf 81' lang='grc' dir='ltr'>πρὸς</span> <span class='ocrx_word' id='word_1_419' title='bbox 2642 2687 2804 2742; x_wconf 78' lang='grc' dir='ltr'>αὐτὸν</span> <span class='ocrx_word' id='word_1_420' title='bbox 2852 2683 3132 2758; x_wconf 82' lang='grc' dir='ltr'>κομίζοιεν</span> <span class='ocrx_word' id='word_1_421' title='bbox 3179 2682 3498 2757; x_wconf 79' lang='grc' dir='ltr'>γράμματα,</span> <span class='ocrx_word' id='word_1_422' title='bbox 3543 2672 3715 2768; x_wconf 45' lang='lat' dir='ltr'>bam-oc</span> <span class='ocrx_word' id='word_1_423' title='bbox 3752 2672 3812 2768; x_wconf 60' lang='lat' dir='ltr'>7i:</span> 
     </span>
    </p>
   </div>
   <div class='ocr_carea' id='block_1_59' title="bbox 2233 2762 3815 2863">
    <p class='ocr_par' dir='ltr' id='par_1_59' title="bbox 2233 2762 3815 2863">
     <span class='ocr_line' id='line_1_59' title="bbox 2233 2762 3815 2863; baseline -0.019 -23"><span class='ocrx_word' id='word_1_424' title='bbox 2233 2805 2375 2840; x_wconf 91' lang='grc' dir='ltr'>νεται</span> <span class='ocrx_word' id='word_1_425' title='bbox 2414 2786 2520 2838; x_wconf 80' lang='grc' dir='ltr'>τῶν</span> <span class='ocrx_word' id='word_1_426' title='bbox 2554 2777 2787 2854; x_wconf 81' lang='grc' dir='ltr'>ἀνδρῶν,</span> <span class='ocrx_word' id='word_1_427' title='bbox 2827 2776 2918 2831; x_wconf 86' lang='grc' dir='ltr'>καὶ</span> <span class='ocrx_word' id='word_1_428' title='bbox 2958 2774 3034 2836; x_wconf 85' lang='grc' dir='ltr'>εἷς</span> <span class='ocrx_word' id='word_1_429' title='bbox 3080 2774 3172 2828; x_wconf 90' lang='grc' dir='ltr'>τὸν</span> <span class='ocrx_word' id='word_1_430' title='bbox 3238 2770 3580 2840; x_wconf 78' lang='grc' dir='ltr'>Εὐξεινιανοῦ</span> <span class='ocrx_word' id='word_1_431' title='bbox 3623 2762 3750 2815; x_wconf 79' lang='grc' dir='ltr'>οίκον</span> <span class='ocrx_word' id='word_1_432' title='bbox 3772 2776 3815 2863; x_wconf 51' lang='grc' dir='ltr'>το</span> 
     </span>
    </p>
   </div>
   <div class='ocr_carea' id='block_1_60' title="bbox 2236 2856 3816 2948">
    <p class='ocr_par' dir='ltr' id='par_1_60' title="bbox 2236 2856 3816 2948">
     <span class='ocr_line' id='line_1_60' title="bbox 2236 2856 3816 2948; baseline -0.031 3"><span class='ocrx_word' id='word_1_433' title='bbox 2236 2870 2405 2948; x_wconf 63' lang='grc' dir='ltr'>τάχος</span> <span class='ocrx_word' id='word_1_434' title='bbox 2472 2869 2679 2946; x_wconf 76' lang='grc' dir='ltr'>ἐπάγει.</span> <span class='ocrx_word' id='word_1_435' title='bbox 2737 2869 2977 2926; x_wconf 84' lang='grc' dir='ltr'>Ἐκεῖνος</span> <span class='ocrx_word' id='word_1_436' title='bbox 3046 2862 3231 2936; x_wconf 76' lang='grc' dir='ltr'>μέντοι</span> <span class='ocrx_word' id='word_1_437' title='bbox 3317 2858 3384 2914; x_wconf 82' lang='grc' dir='ltr'>τά</span> <span class='ocrx_word' id='word_1_438' title='bbox 3455 2856 3723 2932; x_wconf 79' lang='grc' dir='ltr'>γράμματα</span> <span class='ocrx_word' id='word_1_439' title='bbox 3763 2856 3816 2902; x_wconf 77' lang='grc' dir='ltr'>εἴς</span> 
     </span>
    </p>
   </div>
   <div class='ocr_carea' id='block_1_61' title="bbox 2236 2947 3819 3041">
    <p class='ocr_par' dir='ltr' id='par_1_61' title="bbox 2236 2947 3819 3041">
     <span class='ocr_line' id='line_1_61' title="bbox 2236 2947 3819 3041; baseline -0.016 -20"><span class='ocrx_word' id='word_1_440' title='bbox 2236 2947 2429 3041; x_wconf 87' lang='grc' dir='ltr'>χεῖρας</span> <span class='ocrx_word' id='word_1_441' title='bbox 2482 2958 2688 3030; x_wconf 79' lang='grc' dir='ltr'>λαϐὼν,</span> <span class='ocrx_word' id='word_1_442' title='bbox 2746 2960 2838 3014; x_wconf 83' lang='grc' dir='ltr'>καὶ</span> <span class='ocrx_word' id='word_1_443' title='bbox 2896 2959 2963 3014; x_wconf 79' lang='grc' dir='ltr'>τὰ</span> <span class='ocrx_word' id='word_1_444' title='bbox 3018 2954 3307 3031; x_wconf 75' lang='grc' dir='ltr'>ἐγκείμενα</span> <span class='ocrx_word' id='word_1_445' title='bbox 3363 2947 3659 3041; x_wconf 71' lang='grc' dir='ltr'>ἐπεξελθὼν,</span> <span class='ocrx_word' id='word_1_446' title='bbox 3700 2958 3819 3041; x_wconf 43' lang='lat' dir='ltr'>patr</span> 
     </span>
    </p>
   </div>
   <div class='ocr_carea' id='block_1_62' title="bbox 2240 3029 3821 3121">
    <p class='ocr_par' dir='ltr' id='par_1_62' title="bbox 2240 3029 3821 3121">
     <span class='ocr_line' id='line_1_62' title="bbox 2240 3029 3821 3121; baseline -0.018 -11"><span class='ocrx_word' id='word_1_447' title='bbox 2240 3029 2430 3110; x_wconf 57' lang='grc' dir='ltr'>ἓίδίυσι</span> <span class='ocrx_word' id='word_1_448' title='bbox 2486 3054 2585 3121; x_wconf 81' lang='grc' dir='ltr'>τήν</span> <span class='ocrx_word' id='word_1_449' title='bbox 2642 3046 2936 3115; x_wconf 70' lang='grc' dir='ltr'>ἐπιστολὴν</span> <span class='ocrx_word' id='word_1_450' title='bbox 2993 3029 3151 3107; x_wconf 84' lang='grc' dir='ltr'>εὐθὺς</span> <span class='ocrx_word' id='word_1_451' title='bbox 3230 3044 3313 3112; x_wconf 78' lang='grc' dir='ltr'>τῷ</span> <span class='ocrx_word' id='word_1_452' title='bbox 3374 3038 3525 3113; x_wconf 77' lang='grc' dir='ltr'>ἁγίῳ,</span> <span class='ocrx_word' id='word_1_453' title='bbox 3580 3034 3659 3089; x_wconf 69' lang='grc' dir='ltr'>καὶ</span> <span class='ocrx_word' id='word_1_454' title='bbox 3704 3029 3821 3121; x_wconf 65' lang='grc' dir='ltr'>ἠξίου</span> 
     </span>
    </p>
   </div>
   <div class='ocr_carea' id='block_1_63' title="bbox 2243 3120 3823 3218">
    <p class='ocr_par' dir='ltr' id='par_1_63' title="bbox 2243 3120 3823 3218">
     <span class='ocr_line' id='line_1_63' title="bbox 2243 3120 3823 3218; baseline -0.022 -17"><span class='ocrx_word' id='word_1_455' title='bbox 2243 3141 2411 3218; x_wconf 75' lang='grc' dir='ltr'>μηδὲν</span> <span class='ocrx_word' id='word_1_456' title='bbox 2464 3120 2805 3213; x_wconf 72' lang='grc' dir='ltr'>ὑπερθέσθυι,</span> <span class='ocrx_word' id='word_1_457' title='bbox 2856 3133 2981 3192; x_wconf 80' lang='grc' dir='ltr'>ἀλλ’</span> <span class='ocrx_word' id='word_1_458' title='bbox 3023 3133 3207 3209; x_wconf 81' lang='grc' dir='ltr'>ὥσπερ</span> <span class='ocrx_word' id='word_1_459' title='bbox 3256 3132 3395 3200; x_wconf 80' lang='grc' dir='ltr'>αὐτὴ</span> <span class='ocrx_word' id='word_1_460' title='bbox 3446 3124 3713 3218; x_wconf 66' lang='grc' dir='ltr'>ἠϐούλετο,</span> <span class='ocrx_word' id='word_1_461' title='bbox 3743 3120 3823 3218; x_wconf 40' lang='grc' dir='ltr'>,τήν</span> 
     </span>
    </p>
   </div>
   <div class='ocr_carea' id='block_1_64' title="bbox 482 3194 2127 3307">
    <p class='ocr_par' dir='ltr' id='par_1_64' title="bbox 482 3194 2127 3305">
     <span class='ocr_line' id='line_1_64' title="bbox 484 3194 2094 3217; baseline 0.002 -20"><span class='ocrx_word' id='word_1_462' title='bbox 993 3194 1233 3207; x_wconf 45' lang='grc' dir='ltr'>παπ-.</span> <span class='ocrx_word' id='word_1_463' title='bbox 1267 3194 1368 3199; x_wconf 65' lang='lat'>_-_</span> <span class='ocrx_word' id='word_1_464' title='bbox 1417 3194 1570 3200; x_wconf 76' lang='lat'>__-_-</span> <span class='ocrx_word' id='word_1_465' title='bbox 1616 3194 1921 3217; x_wconf 51' lang='grc' dir='ltr'>πρη---</span> <span class='ocrx_word' id='word_1_466' title='bbox 1984 3194 2094 3201; x_wconf 54' lang='grc' dir='ltr'>.--ν</span> 
     </span>
     <span class='ocr_line' id='line_1_65' title="bbox 482 3230 2127 3305; baseline 0.003 -20"><span class='ocrx_word' id='word_1_467' title='bbox 482 3230 599 3296; x_wconf 88' lang='lat' dir='ltr'>bat,</span> <span class='ocrx_word' id='word_1_468' title='bbox 658 3231 769 3285; x_wconf 88' lang='lat' dir='ltr'>iter</span> <span class='ocrx_word' id='word_1_469' title='bbox 822 3232 1261 3303; x_wconf 86' lang='lat' dir='ltr'>quamprimum</span> <span class='ocrx_word' id='word_1_470' title='bbox 1336 3234 1513 3288; x_wconf 87' lang='lat' dir='ltr'>ineat.</span> <span class='ocrx_word' id='word_1_471' title='bbox 1577 3236 1760 3301; x_wconf 84' lang='lat' dir='ltr'>Quam</span> <span class='ocrx_word' id='word_1_472' title='bbox 1818 3250 1951 3291; x_wconf 91' lang='lat' dir='ltr'>cum</span> <span class='ocrx_word' id='word_1_473' title='bbox 2010 3234 2127 3305; x_wconf 87' lang='lat' dir='ltr'>ipse</span> 
     </span>
    </p>
   </div>
   <div class='ocr_carea' id='block_1_65' title="bbox 2235 3194 3824 3307">
    <p class='ocr_par' dir='ltr' id='par_1_65' title="bbox 2239 3194 3824 3307">
     <span class='ocr_line' id='line_1_66' title="bbox 2243 3194 3479 3218; baseline -0.012 -2"><span class='ocrx_word' id='word_1_474' title='bbox 2243 3194 2402 3218; x_wconf 63' lang='lat' dir='ltr'>r&quot;4&quot;&#39;</span> <span class='ocrx_word' id='word_1_475' title='bbox 2469 3194 2583 3213; x_wconf 48' lang='grc' dir='ltr'>τννίιν</span> <span class='ocrx_word' id='word_1_476' title='bbox 2699 3194 2720 3203; x_wconf 81' lang='lat' dir='ltr'><strong>v</strong></span> <span class='ocrx_word' id='word_1_477' title='bbox 2794 3194 2804 3207; x_wconf 88' lang='grc' dir='ltr'>ι</span> <span class='ocrx_word' id='word_1_478' title='bbox 3178 3194 3188 3209; x_wconf 86' lang='lat'>.</span> <span class='ocrx_word' id='word_1_479' title='bbox 3386 3194 3395 3200; x_wconf 88' lang='lat'>.</span> <span class='ocrx_word' id='word_1_480' title='bbox 3470 3194 3479 3198; x_wconf 82' lang='grc'>-</span> 
     </span>
     <span class='ocr_line' id='line_1_67' title="bbox 2239 3209 3824 3307; baseline -0.016 -19"><span class='ocrx_word' id='word_1_481' title='bbox 2239 3233 2506 3307; x_wconf 76' lang='grc' dir='ltr'>ταχίστην</span> <span class='ocrx_word' id='word_1_482' title='bbox 2564 3230 2819 3284; x_wconf 79' lang='grc' dir='ltr'>ἅπτεσθαι</span> <span class='ocrx_word' id='word_1_483' title='bbox 2867 3224 3109 3300; x_wconf 85' lang='grc' dir='ltr'>πορείας.</span> <span class='ocrx_word' id='word_1_484' title='bbox 3169 3225 3230 3280; x_wconf 89' lang='grc' dir='ltr'><strong>Ὀ</strong></span> <span class='ocrx_word' id='word_1_485' title='bbox 3284 3220 3366 3291; x_wconf 71' lang='grc' dir='ltr'>δὲ,</span> <span class='ocrx_word' id='word_1_486' title='bbox 3416 3220 3501 3275; x_wconf 77' lang='grc' dir='ltr'>καὶ</span> <span class='ocrx_word' id='word_1_487' title='bbox 3556 3214 3696 3271; x_wconf 74' lang='grc' dir='ltr'>αὐτὸς</span> <span class='ocrx_word' id='word_1_488' title='bbox 3736 3209 3824 3263; x_wconf 74' lang='grc' dir='ltr'>ἀνα·</span> 
     </span>
    </p>
   </div>
   <div class='ocr_carea' id='block_1_66' title="bbox 484 3321 2133 3395">
    <p class='ocr_par' dir='ltr' id='par_1_66' title="bbox 484 3321 2133 3395">
     <span class='ocr_line' id='line_1_68' title="bbox 484 3321 2133 3395; baseline 0.003 -22"><span class='ocrx_word' id='word_1_489' title='bbox 484 3336 714 3390; x_wconf 90' lang='lat' dir='ltr'>quoque</span> <span class='ocrx_word' id='word_1_490' title='bbox 762 3321 1031 3390; x_wconf 78' lang='lat' dir='ltr'>legisset:</span> <span class='ocrx_word' id='word_1_491' title='bbox 1068 3323 1331 3388; x_wconf 88' lang='lat' dir='ltr'>Veniam,</span> <span class='ocrx_word' id='word_1_492' title='bbox 1388 3322 1600 3395; x_wconf 90' lang='lat' dir='ltr'>inquit,</span> <span class='ocrx_word' id='word_1_493' title='bbox 1651 3330 2029 3395; x_wconf 88' lang='lat' dir='ltr'>promptoque</span> <span class='ocrx_word' id='word_1_494' title='bbox 2077 3327 2133 3378; x_wconf 91' lang='lat' dir='ltr'>et</span> 
     </span>
    </p>
   </div>
   <div class='ocr_carea' id='block_1_67' title="bbox 481 3407 2129 3470">
    <p class='ocr_par' dir='ltr' id='par_1_67' title="bbox 481 3407 2129 3470">
     <span class='ocr_line' id='line_1_69' title="bbox 481 3407 2129 3470; baseline 0.003 -6"><span class='ocrx_word' id='word_1_495' title='bbox 481 3407 659 3464; x_wconf 86' lang='lat' dir='ltr'>alacri</span> <span class='ocrx_word' id='word_1_496' title='bbox 708 3408 903 3465; x_wconf 89' lang='lat' dir='ltr'>animo</span> <span class='ocrx_word' id='word_1_497' title='bbox 951 3409 1063 3465; x_wconf 88' lang='lat' dir='ltr'>iter</span> <span class='ocrx_word' id='word_1_498' title='bbox 1110 3411 1434 3467; x_wconf 86' lang='lat' dir='ltr'>conﬁciam.</span> <span class='ocrx_word' id='word_1_499' title='bbox 1466 3414 1552 3467; x_wconf 88' lang='lat' dir='ltr'>Fit</span> <span class='ocrx_word' id='word_1_500' title='bbox 1581 3414 1735 3468; x_wconf 89' lang='lat' dir='ltr'>enim</span> <span class='ocrx_word' id='word_1_501' title='bbox 1771 3414 1875 3469; x_wconf 92' lang='lat' dir='ltr'>hoc</span> <span class='ocrx_word' id='word_1_502' title='bbox 1905 3412 2000 3470; x_wconf 88' lang='lat' dir='ltr'>Dei</span> <span class='ocrx_word' id='word_1_503' title='bbox 2032 3428 2129 3469; x_wconf 89' lang='lat' dir='ltr'>v0-</span> 
     </span>
    </p>
   </div>
   <div class='ocr_carea' id='block_1_68' title="bbox 492 3498 2134 3572">
    <p class='ocr_par' dir='ltr' id='par_1_68' title="bbox 492 3498 2134 3572">
     <span class='ocr_line' id='line_1_70' title="bbox 492 3498 2134 3572; baseline 0.002 -19"><span class='ocrx_word' id='word_1_504' title='bbox 492 3499 735 3566; x_wconf 88' lang='lat' dir='ltr'>luntate,</span> <span class='ocrx_word' id='word_1_505' title='bbox 772 3502 834 3552; x_wconf 93' lang='lat' dir='ltr'>ut</span> <span class='ocrx_word' id='word_1_506' title='bbox 866 3498 1007 3553; x_wconf 91' lang='lat' dir='ltr'>mihi</span> <span class='ocrx_word' id='word_1_507' title='bbox 1061 3516 1288 3571; x_wconf 90' lang='lat' dir='ltr'>quoque</span> <span class='ocrx_word' id='word_1_508' title='bbox 1328 3501 1452 3572; x_wconf 90' lang='lat' dir='ltr'>jam</span> <span class='ocrx_word' id='word_1_509' title='bbox 1486 3518 1519 3556; x_wconf 88' lang='lat' dir='ltr'>a</span> <span class='ocrx_word' id='word_1_510' title='bbox 1549 3502 1793 3558; x_wconf 91' lang='lat' dir='ltr'>Domino</span> <span class='ocrx_word' id='word_1_511' title='bbox 1847 3518 1972 3557; x_wconf 89' lang='lat' dir='ltr'>meo</span> <span class='ocrx_word' id='word_1_512' title='bbox 2023 3502 2134 3557; x_wconf 84' lang='lat' dir='ltr'>fuit</span> 
     </span>
    </p>
   </div>
   <div class='ocr_carea' id='block_1_69' title="bbox 491 3586 2135 3662">
    <p class='ocr_par' dir='ltr' id='par_1_69' title="bbox 491 3586 2135 3662">
     <span class='ocr_line' id='line_1_71' title="bbox 491 3586 2135 3662; baseline 0.003 -21"><span class='ocrx_word' id='word_1_513' title='bbox 491 3586 904 3657; x_wconf 86' lang='lat' dir='ltr'>signiﬁcatum.</span> <span class='ocrx_word' id='word_1_514' title='bbox 939 3590 1005 3642; x_wconf 87' lang='lat' dir='ltr'>Et</span> <span class='ocrx_word' id='word_1_515' title='bbox 1036 3589 1402 3659; x_wconf 87' lang='lat' dir='ltr'>magistriani</span> <span class='ocrx_word' id='word_1_516' title='bbox 1450 3591 1685 3661; x_wconf 90' lang='lat' dir='ltr'>quidem</span> <span class='ocrx_word' id='word_1_517' title='bbox 1727 3592 1997 3662; x_wconf 63' lang='lat' dir='ltr'>praclare</span> <span class='ocrx_word' id='word_1_518' title='bbox 2027 3591 2135 3646; x_wconf 90' lang='lat' dir='ltr'>de-</span> 
     </span>
    </p>
   </div>
   <div class='ocr_carea' id='block_1_70' title="bbox 494 3676 2135 3751">
    <p class='ocr_par' dir='ltr' id='par_1_70' title="bbox 494 3676 2135 3751">
     <span class='ocr_line' id='line_1_72' title="bbox 494 3676 2135 3751; baseline 0.002 -20"><span class='ocrx_word' id='word_1_519' title='bbox 494 3676 650 3732; x_wconf 89' lang='lat' dir='ltr'>ducti</span> <span class='ocrx_word' id='word_1_520' title='bbox 681 3676 753 3731; x_wconf 90' lang='lat' dir='ltr'>ad</span> <span class='ocrx_word' id='word_1_521' title='bbox 784 3676 1207 3745; x_wconf 78' lang='lat' dir='ltr'>Euxenianum,</span> <span class='ocrx_word' id='word_1_522' title='bbox 1238 3687 1292 3734; x_wconf 92' lang='lat' dir='ltr'>et</span> <span class='ocrx_word' id='word_1_523' title='bbox 1322 3680 1394 3735; x_wconf 91' lang='lat' dir='ltr'>ab</span> <span class='ocrx_word' id='word_1_524' title='bbox 1434 3695 1500 3735; x_wconf 92' lang='lat' dir='ltr'>eo</span> <span class='ocrx_word' id='word_1_525' title='bbox 1550 3680 1867 3736; x_wconf 91' lang='lat' dir='ltr'>honoriﬁce</span> <span class='ocrx_word' id='word_1_526' title='bbox 1916 3680 2135 3751; x_wconf 85' lang='lat' dir='ltr'>accepti</span> 
     </span>
    </p>
   </div>
   <div class='ocr_carea' id='block_1_71' title="bbox 492 3764 2136 3841">
    <p class='ocr_par' dir='ltr' id='par_1_71' title="bbox 492 3764 2136 3841">
     <span class='ocr_line' id='line_1_73' title="bbox 492 3764 2136 3841; baseline 0.003 -21"><span class='ocrx_word' id='word_1_527' title='bbox 492 3764 765 3836; x_wconf 87' lang='lat' dir='ltr'>hospitio,</span> <span class='ocrx_word' id='word_1_528' title='bbox 791 3781 923 3820; x_wconf 90' lang='lat' dir='ltr'>cum</span> <span class='ocrx_word' id='word_1_529' title='bbox 954 3766 1100 3822; x_wconf 91' lang='lat' dir='ltr'>duos</span> <span class='ocrx_word' id='word_1_530' title='bbox 1131 3767 1254 3822; x_wconf 91' lang='lat' dir='ltr'>dies</span> <span class='ocrx_word' id='word_1_531' title='bbox 1276 3769 1430 3838; x_wconf 88' lang='lat' dir='ltr'>apud</span> <span class='ocrx_word' id='word_1_532' title='bbox 1460 3771 1657 3841; x_wconf 89' lang='lat' dir='ltr'>ipsum</span> <span class='ocrx_word' id='word_1_533' title='bbox 1684 3769 2055 3837; x_wconf 87' lang='lat' dir='ltr'>mansissent,</span> <span class='ocrx_word' id='word_1_534' title='bbox 2079 3775 2136 3825; x_wconf 90' lang='lat' dir='ltr'>et</span> 
     </span>
    </p>
   </div>
   <div class='ocr_carea' id='block_1_72' title="bbox 493 3854 2137 3927">
    <p class='ocr_par' dir='ltr' id='par_1_72' title="bbox 493 3854 2137 3927">
     <span class='ocr_line' id='line_1_74' title="bbox 493 3854 2137 3927; baseline 0.002 -17"><span class='ocrx_word' id='word_1_535' title='bbox 493 3854 543 3910; x_wconf 91' lang='lat' dir='ltr'>ei</span> <span class='ocrx_word' id='word_1_536' title='bbox 576 3860 759 3910; x_wconf 88' lang='lat' dir='ltr'>totum</span> <span class='ocrx_word' id='word_1_537' title='bbox 792 3854 922 3924; x_wconf 90' lang='lat' dir='ltr'>iter,</span> <span class='ocrx_word' id='word_1_538' title='bbox 957 3860 1014 3911; x_wconf 92' lang='lat' dir='ltr'>et</span> <span class='ocrx_word' id='word_1_539' title='bbox 1044 3857 1466 3927; x_wconf 81' lang='lat' dir='ltr'>navigationem</span> <span class='ocrx_word' id='word_1_540' title='bbox 1498 3859 1953 3925; x_wconf 88' lang='lat' dir='ltr'>renuntiassent,</span> <span class='ocrx_word' id='word_1_541' title='bbox 1986 3859 2137 3915; x_wconf 89' lang='lat' dir='ltr'>abie-</span> 
     </span>
    </p>
   </div>
   <div class='ocr_carea' id='block_1_73' title="bbox 494 3943 2139 4016">
    <p class='ocr_par' dir='ltr' id='par_1_73' title="bbox 494 3943 2139 4016">
     <span class='ocr_line' id='line_1_75' title="bbox 494 3943 2139 4016; baseline 0.004 -17"><span class='ocrx_word' id='word_1_542' title='bbox 494 3947 630 3999; x_wconf 91' lang='lat' dir='ltr'>runt</span> <span class='ocrx_word' id='word_1_543' title='bbox 679 3943 850 3998; x_wconf 89' lang='lat' dir='ltr'>tertio</span> <span class='ocrx_word' id='word_1_544' title='bbox 909 3944 1023 4009; x_wconf 91' lang='lat' dir='ltr'>die,</span> <span class='ocrx_word' id='word_1_545' title='bbox 1071 3946 1322 4016; x_wconf 88' lang='lat' dir='ltr'>acceptis</span> <span class='ocrx_word' id='word_1_546' title='bbox 1371 3948 1442 4001; x_wconf 92' lang='lat' dir='ltr'>ab</span> <span class='ocrx_word' id='word_1_547' title='bbox 1491 3963 1557 4002; x_wconf 94' lang='lat' dir='ltr'>eo</span> <span class='ocrx_word' id='word_1_548' title='bbox 1602 3947 1843 4003; x_wconf 88' lang='lat' dir='ltr'>litteris:</span> <span class='ocrx_word' id='word_1_549' title='bbox 1879 3965 2009 4004; x_wconf 92' lang='lat' dir='ltr'>cum</span> <span class='ocrx_word' id='word_1_550' title='bbox 2057 3948 2139 4005; x_wconf 84' lang='lat' dir='ltr'>eis</span> 
     </span>
    </p>
   </div>
   <div class='ocr_carea' id='block_1_74' title="bbox 493 4031 2136 4107">
    <p class='ocr_par' dir='ltr' id='par_1_74' title="bbox 493 4031 2136 4107">
     <span class='ocr_line' id='line_1_76' title="bbox 493 4031 2136 4107; baseline 0.004 -20"><span class='ocrx_word' id='word_1_551' title='bbox 493 4038 643 4087; x_wconf 85' lang='lat' dir='ltr'>esset</span> <span class='ocrx_word' id='word_1_552' title='bbox 676 4031 967 4103; x_wconf 89' lang='lat' dir='ltr'>pollicitus</span> <span class='ocrx_word' id='word_1_553' title='bbox 998 4033 1379 4091; x_wconf 87' lang='lat' dir='ltr'>admirandus</span> <span class='ocrx_word' id='word_1_554' title='bbox 1410 4036 1715 4107; x_wconf 83' lang='lat' dir='ltr'>Abercius,</span> <span class='ocrx_word' id='word_1_555' title='bbox 1739 4045 1868 4107; x_wconf 93' lang='lat' dir='ltr'>post</span> <span class='ocrx_word' id='word_1_556' title='bbox 1889 4038 2136 4107; x_wconf 86' lang='lat' dir='ltr'>quadra-</span> 
     </span>
    </p>
   </div>
   <div class='ocr_carea' id='block_1_75' title="bbox 496 4120 2139 4197">
    <p class='ocr_par' dir='ltr' id='par_1_75' title="bbox 496 4120 2139 4197">
     <span class='ocr_line' id='line_1_77' title="bbox 496 4120 2139 4197; baseline 0.005 -23"><span class='ocrx_word' id='word_1_557' title='bbox 496 4122 659 4193; x_wconf 84' lang='lat' dir='ltr'>ginta</span> <span class='ocrx_word' id='word_1_558' title='bbox 710 4120 855 4189; x_wconf 90' lang='lat' dir='ltr'>dies,</span> <span class='ocrx_word' id='word_1_559' title='bbox 888 4121 945 4176; x_wconf 90' lang='lat' dir='ltr'>in</span> <span class='ocrx_word' id='word_1_560' title='bbox 980 4124 1177 4193; x_wconf 90' lang='lat' dir='ltr'>Portu,</span> <span class='ocrx_word' id='word_1_561' title='bbox 1205 4123 1303 4195; x_wconf 89' lang='lat' dir='ltr'>qui</span> <span class='ocrx_word' id='word_1_562' title='bbox 1353 4123 1583 4191; x_wconf 89' lang='lat' dir='ltr'>dicitur,</span> <span class='ocrx_word' id='word_1_563' title='bbox 1616 4126 1717 4196; x_wconf 90' lang='lat' dir='ltr'>qui</span> <span class='ocrx_word' id='word_1_564' title='bbox 1767 4126 2002 4197; x_wconf 89' lang='lat' dir='ltr'>quidem</span> <span class='ocrx_word' id='word_1_565' title='bbox 2051 4130 2139 4182; x_wconf 87' lang='lat' dir='ltr'>est</span> 
     </span>
    </p>
   </div>
   <div class='ocr_carea' id='block_1_76' title="bbox 498 4210 2138 4284">
    <p class='ocr_par' dir='ltr' id='par_1_76' title="bbox 498 4210 2138 4284">
     <span class='ocr_line' id='line_1_78' title="bbox 498 4210 2138 4284; baseline 0.005 -19"><span class='ocrx_word' id='word_1_566' title='bbox 498 4226 675 4282; x_wconf 88' lang='lat' dir='ltr'>prope</span> <span class='ocrx_word' id='word_1_567' title='bbox 706 4210 970 4278; x_wconf 81' lang='lat' dir='ltr'>Romam,</span> <span class='ocrx_word' id='word_1_568' title='bbox 1005 4228 1067 4267; x_wconf 88' lang='lat' dir='ltr'>se</span> <span class='ocrx_word' id='word_1_569' title='bbox 1099 4230 1224 4270; x_wconf 89' lang='lat' dir='ltr'>esse</span> <span class='ocrx_word' id='word_1_570' title='bbox 1252 4214 1500 4271; x_wconf 89' lang='lat' dir='ltr'>invicem</span> <span class='ocrx_word' id='word_1_571' title='bbox 1534 4221 1940 4284; x_wconf 88' lang='lat' dir='ltr'>conventuros,</span> <span class='ocrx_word' id='word_1_572' title='bbox 1973 4220 2029 4272; x_wconf 91' lang='lat' dir='ltr'>et</span> <span class='ocrx_word' id='word_1_573' title='bbox 2053 4217 2138 4274; x_wconf 88' lang='lat' dir='ltr'>sic</span> 
     </span>
    </p>
   </div>
   <div class='ocr_carea' id='block_1_77' title="bbox 498 4300 2139 4377">
    <p class='ocr_par' dir='ltr' id='par_1_77' title="bbox 498 4300 2139 4377">
     <span class='ocr_line' id='line_1_79' title="bbox 498 4300 2139 4377; baseline 0.004 -22"><span class='ocrx_word' id='word_1_574' title='bbox 498 4301 673 4356; x_wconf 87' lang='lat' dir='ltr'>simul</span> <span class='ocrx_word' id='word_1_575' title='bbox 732 4316 863 4356; x_wconf 88' lang='lat' dir='ltr'>cum</span> <span class='ocrx_word' id='word_1_576' title='bbox 922 4300 1040 4357; x_wconf 89' lang='lat' dir='ltr'>illis</span> <span class='ocrx_word' id='word_1_577' title='bbox 1100 4304 1343 4359; x_wconf 82' lang='lat' dir='ltr'>Romam</span> <span class='ocrx_word' id='word_1_578' title='bbox 1402 4320 1533 4360; x_wconf 87' lang='lat' dir='ltr'>esse</span> <span class='ocrx_word' id='word_1_579' title='bbox 1580 4304 2001 4377; x_wconf 87' lang='lat' dir='ltr'>ingressurum.</span> <span class='ocrx_word' id='word_1_580' title='bbox 2048 4306 2139 4361; x_wconf 91' lang='lat' dir='ltr'>Illi</span> 
     </span>
    </p>
   </div>
   <div class='ocr_carea' id='block_1_78' title="bbox 499 4392 2138 4466">
    <p class='ocr_par' dir='ltr' id='par_1_78' title="bbox 499 4392 2138 4466">
     <span class='ocr_line' id='line_1_80' title="bbox 499 4392 2138 4466; baseline 0.004 -21"><span class='ocrx_word' id='word_1_581' title='bbox 499 4392 695 4445; x_wconf 87' lang='lat' dir='ltr'>autem</span> <span class='ocrx_word' id='word_1_582' title='bbox 729 4404 862 4444; x_wconf 89' lang='lat' dir='ltr'>cum</span> <span class='ocrx_word' id='word_1_583' title='bbox 897 4407 1011 4446; x_wconf 92' lang='lat' dir='ltr'>non</span> <span class='ocrx_word' id='word_1_584' title='bbox 1041 4396 1278 4462; x_wconf 82' lang='lat' dir='ltr'>possent</span> <span class='ocrx_word' id='word_1_585' title='bbox 1308 4409 1424 4448; x_wconf 90' lang='lat' dir='ltr'>non</span> <span class='ocrx_word' id='word_1_586' title='bbox 1474 4394 1725 4463; x_wconf 87' lang='lat' dir='ltr'>credere,</span> <span class='ocrx_word' id='word_1_587' title='bbox 1757 4396 1934 4466; x_wconf 91' lang='lat' dir='ltr'>(recte</span> <span class='ocrx_word' id='word_1_588' title='bbox 1982 4396 2138 4451; x_wconf 91' lang='lat' dir='ltr'>enim</span> 
     </span>
    </p>
   </div>
   <div class='ocr_carea' id='block_1_79' title="bbox 491 4477 2135 4556">
    <p class='ocr_par' dir='ltr' id='par_1_79' title="bbox 491 4477 2135 4556">
     <span class='ocr_line' id='line_1_81' title="bbox 491 4477 2135 4556; baseline 0.005 -24"><span class='ocrx_word' id='word_1_589' title='bbox 491 4477 833 4549; x_wconf 84' lang='lat' dir='ltr'>judicabant</span> <span class='ocrx_word' id='word_1_590' title='bbox 864 4495 932 4535; x_wconf 83' lang='lat' dir='ltr'>ex</span> <span class='ocrx_word' id='word_1_591' title='bbox 957 4480 1051 4545; x_wconf 89' lang='lat' dir='ltr'>iis,</span> <span class='ocrx_word' id='word_1_592' title='bbox 1083 4497 1209 4551; x_wconf 75' lang='lat' dir='ltr'>qua:</span> <span class='ocrx_word' id='word_1_593' title='bbox 1240 4486 1566 4553; x_wconf 88' lang='lat' dir='ltr'>senserant,</span> <span class='ocrx_word' id='word_1_594' title='bbox 1590 4489 1648 4538; x_wconf 89' lang='lat' dir='ltr'>et</span> <span class='ocrx_word' id='word_1_595' title='bbox 1673 4483 1949 4551; x_wconf 84' lang='lat' dir='ltr'>viderant,</span> <span class='ocrx_word' id='word_1_596' title='bbox 1984 4486 2135 4556; x_wconf 92' lang='lat' dir='ltr'>quod</span> 
     </span>
    </p>
   </div>
   <div class='ocr_carea' id='block_1_80' title="bbox 2240 3302 3824 3397">
    <p class='ocr_par' dir='ltr' id='par_1_80' title="bbox 2240 3302 3824 3397">
     <span class='ocr_line' id='line_1_82' title="bbox 2240 3302 3824 3397; baseline -0.022 -22"><span class='ocrx_word' id='word_1_597' title='bbox 2240 3320 2429 3397; x_wconf 59' lang='grc' dir='ltr'>γνοὺς,</span> <span class='ocrx_word' id='word_1_598' title='bbox 2474 3318 2822 3390; x_wconf 71' lang='grc' dir='ltr'>Ἐλεύσομαι,</span> <span class='ocrx_word' id='word_1_599' title='bbox 2863 3312 2987 3394; x_wconf 69' lang='grc' dir='ltr'>ἔφη,</span> <span class='ocrx_word' id='word_1_600' title='bbox 3027 3312 3118 3368; x_wconf 85' lang='grc' dir='ltr'>καὶ</span> <span class='ocrx_word' id='word_1_601' title='bbox 3149 3311 3252 3366; x_wconf 82' lang='grc' dir='ltr'>οὐκ</span> <span class='ocrx_word' id='word_1_602' title='bbox 3300 3306 3625 3385; x_wconf 80' lang='grc' dir='ltr'>ἀπροθύμως</span> <span class='ocrx_word' id='word_1_603' title='bbox 3650 3302 3824 3397; x_wconf 79' lang='grc' dir='ltr'>πο.</span> 
     </span>
    </p>
   </div>
   <div class='ocr_carea' id='block_1_81' title="bbox 2244 3391 3822 3487">
    <p class='ocr_par' dir='ltr' id='par_1_81' title="bbox 2244 3391 3822 3487">
     <span class='ocr_line' id='line_1_83' title="bbox 2244 3391 3822 3487; baseline -0.016 -21"><span class='ocrx_word' id='word_1_604' title='bbox 2244 3410 2386 3487; x_wconf 89' lang='grc' dir='ltr'>ρείαν</span> <span class='ocrx_word' id='word_1_605' title='bbox 2417 3408 2613 3477; x_wconf 80' lang='grc' dir='ltr'>ἀνύσω,</span> <span class='ocrx_word' id='word_1_606' title='bbox 2657 3405 2773 3461; x_wconf 72' lang='grc' dir='ltr'>ἐπεὶ</span> <span class='ocrx_word' id='word_1_607' title='bbox 2821 3405 2956 3460; x_wconf 84' lang='grc' dir='ltr'>κατά</span> <span class='ocrx_word' id='word_1_608' title='bbox 3007 3403 3234 3479; x_wconf 83' lang='grc' dir='ltr'>γνώμην</span> <span class='ocrx_word' id='word_1_609' title='bbox 3287 3402 3423 3455; x_wconf 79' lang='grc' dir='ltr'>Θεοῦ</span> <span class='ocrx_word' id='word_1_610' title='bbox 3470 3398 3531 3452; x_wconf 88' lang='grc' dir='ltr'>τὸ</span> <span class='ocrx_word' id='word_1_611' title='bbox 3573 3391 3822 3487; x_wconf 58' lang='grc' dir='ltr'>γινόμενοῇ</span> 
     </span>
    </p>
   </div>
   <div class='ocr_carea' id='block_1_82' title="bbox 2243 3476 3823 3571">
    <p class='ocr_par' dir='ltr' id='par_1_82' title="bbox 2243 3476 3823 3571">
     <span class='ocr_line' id='line_1_84' title="bbox 2243 3476 3823 3571; baseline -0.018 -10"><span class='ocrx_word' id='word_1_612' title='bbox 2243 3476 2316 3562; x_wconf 58' lang='grc' dir='ltr'>ὧς</span> <span class='ocrx_word' id='word_1_613' title='bbox 2347 3499 2515 3571; x_wconf 78' lang='grc' dir='ltr'>κάμοὶ</span> <span class='ocrx_word' id='word_1_614' title='bbox 2557 3476 2664 3567; x_wconf 75' lang='grc' dir='ltr'>ἤδη</span> <span class='ocrx_word' id='word_1_615' title='bbox 2718 3494 2863 3570; x_wconf 83' lang='grc' dir='ltr'>παρὰ</span> <span class='ocrx_word' id='word_1_616' title='bbox 2906 3476 3031 3549; x_wconf 27' lang='grc' dir='ltr'>τοῦ-</span> <span class='ocrx_word' id='word_1_617' title='bbox 3060 3492 3266 3566; x_wconf 86' lang='grc' dir='ltr'>Κυρίου</span> <span class='ocrx_word' id='word_1_618' title='bbox 3324 3511 3431 3565; x_wconf 87' lang='grc' dir='ltr'>μου</span> <span class='ocrx_word' id='word_1_619' title='bbox 3488 3482 3736 3554; x_wconf 73' lang='grc' dir='ltr'>ἐδηλώθη·</span> <span class='ocrx_word' id='word_1_620' title='bbox 3775 3476 3823 3571; x_wconf 59' lang='lat' dir='ltr'>0i</span> 
     </span>
    </p>
   </div>
   <div class='ocr_carea' id='block_1_83' title="bbox 2247 3569 3825 3665">
    <p class='ocr_par' dir='ltr' id='par_1_83' title="bbox 2247 3569 3825 3665">
     <span class='ocr_line' id='line_1_85' title="bbox 2247 3569 3825 3665; baseline -0.015 -19"><span class='ocrx_word' id='word_1_621' title='bbox 2247 3592 2339 3665; x_wconf 71' lang='grc' dir='ltr'>μὲν</span> <span class='ocrx_word' id='word_1_622' title='bbox 2397 3569 2488 3645; x_wconf 83' lang='grc' dir='ltr'>οὗν</span> <span class='ocrx_word' id='word_1_623' title='bbox 2562 3569 2934 3663; x_wconf 84' lang='grc' dir='ltr'>μαγιστριανοὶ</span> <span class='ocrx_word' id='word_1_624' title='bbox 3017 3581 3289 3657; x_wconf 81' lang='grc' dir='ltr'>λαμπρῶς</span> <span class='ocrx_word' id='word_1_625' title='bbox 3360 3578 3485 3654; x_wconf 83' lang='grc' dir='ltr'>παρ’</span> <span class='ocrx_word' id='word_1_626' title='bbox 3564 3569 3825 3665; x_wconf 44' lang='lat' dir='ltr'>Eugeniae}:</span> 
     </span>
    </p>
   </div>
   <div class='ocr_carea' id='block_1_84' title="bbox 2245 3654 3829 3757">
    <p class='ocr_par' dir='ltr' id='par_1_84' title="bbox 2245 3654 3829 3757">
     <span class='ocr_line' id='line_1_86' title="bbox 2245 3654 3829 3757; baseline -0.025 -21"><span class='ocrx_word' id='word_1_627' title='bbox 2245 3654 2584 3753; x_wconf 61' lang='grc' dir='ltr'>ξενισθέντες,</span> <span class='ocrx_word' id='word_1_628' title='bbox 2642 3654 2838 3732; x_wconf 40' lang='grc' dir='ltr'>δύο-τέ</span> <span class='ocrx_word' id='word_1_629' title='bbox 2895 3694 3043 3735; x_wconf 88' lang='grc' dir='ltr'>τινας</span> <span class='ocrx_word' id='word_1_630' title='bbox 3098 3654 3320 3747; x_wconf 48' lang='lat' dir='ltr'>spitng</span> <span class='ocrx_word' id='word_1_631' title='bbox 3381 3669 3509 3742; x_wconf 79' lang='grc' dir='ltr'>παρ’</span> <span class='ocrx_word' id='word_1_632' title='bbox 3560 3662 3692 3757; x_wconf 61' lang='grc' dir='ltr'>αθτῷ</span> 
     </span>
    </p>
   </div>
   <div class='ocr_carea' id='block_1_85' title="bbox 2243 3745 3829 3841">
    <p class='ocr_par' dir='ltr' id='par_1_85' title="bbox 2243 3745 3829 3841">
     <span class='ocr_line' id='line_1_87' title="bbox 2243 3745 3829 3841; baseline -0.013 -17"><span class='ocrx_word' id='word_1_633' title='bbox 2243 3790 2450 3839; x_wconf 88' lang='grc' dir='ltr'>ναντες,</span> <span class='ocrx_word' id='word_1_634' title='bbox 2506 3769 2605 3836; x_wconf 79' lang='grc' dir='ltr'>τήν</span> <span class='ocrx_word' id='word_1_635' title='bbox 2653 3766 2875 3841; x_wconf 83' lang='grc' dir='ltr'>πορείαν</span> <span class='ocrx_word' id='word_1_636' title='bbox 2917 3784 2978 3819; x_wconf 85' lang='grc' dir='ltr'>τε</span> <span class='ocrx_word' id='word_1_637' title='bbox 3022 3766 3194 3819; x_wconf 80' lang='grc' dir='ltr'>πᾶσαν</span> <span class='ocrx_word' id='word_1_638' title='bbox 3242 3761 3394 3831; x_wconf 84' lang='grc' dir='ltr'>αύτῷ</span> <span class='ocrx_word' id='word_1_639' title='bbox 3444 3756 3529 3811; x_wconf 85' lang='grc' dir='ltr'>καὶ</span> <span class='ocrx_word' id='word_1_640' title='bbox 3573 3754 3655 3809; x_wconf 84' lang='grc' dir='ltr'>τὸν</span> <span class='ocrx_word' id='word_1_641' title='bbox 3678 3745 3829 3841; x_wconf 41' lang='grc' dir='ltr'>’πλουν</span> 
     </span>
    </p>
   </div>
   <div class='ocr_carea' id='block_1_86' title="bbox 2245 3834 3828 3935">
    <p class='ocr_par' dir='ltr' id='par_1_86' title="bbox 2245 3834 3828 3935">
     <span class='ocr_line' id='line_1_88' title="bbox 2245 3834 3828 3935; baseline -0.016 -20"><span class='ocrx_word' id='word_1_642' title='bbox 2245 3834 2684 3935; x_wconf 82' lang='grc' dir='ltr'>ἀπαγγείλαντες,</span> <span class='ocrx_word' id='word_1_643' title='bbox 2732 3834 2846 3929; x_wconf 44' lang='grc' dir='ltr'>’τῇ</span> <span class='ocrx_word' id='word_1_644' title='bbox 2930 3852 3089 3927; x_wconf 81' lang='grc' dir='ltr'>τρίτῃ</span> <span class='ocrx_word' id='word_1_645' title='bbox 3193 3847 3493 3924; x_wconf 79' lang='grc' dir='ltr'>ἀντίγραφα</span> <span class='ocrx_word' id='word_1_646' title='bbox 3602 3834 3828 3933; x_wconf 44' lang='grc' dir='ltr'>λαϐόντεςί</span> 
     </span>
    </p>
   </div>
   <div class='ocr_carea' id='block_1_87' title="bbox 2248 3934 3830 4023">
    <p class='ocr_par' dir='ltr' id='par_1_87' title="bbox 2248 3934 3830 4023">
     <span class='ocr_line' id='line_1_89' title="bbox 2248 3934 3830 4023; baseline -0.016 -19"><span class='ocrx_word' id='word_1_647' title='bbox 2248 3934 2505 4023; x_wconf 74' lang='grc' dir='ltr'>ἀπῄεσαν,</span> <span class='ocrx_word' id='word_1_648' title='bbox 2569 3943 2947 4023; x_wconf 73' lang='grc' dir='ltr'>ὑπεσχημένον</span> <span class='ocrx_word' id='word_1_649' title='bbox 3009 3940 3192 4003; x_wconf 81' lang='grc' dir='ltr'>αὐτοῖς</span> <span class='ocrx_word' id='word_1_650' title='bbox 3254 3939 3361 3994; x_wconf 80' lang='grc' dir='ltr'>ὑπὸ</span> <span class='ocrx_word' id='word_1_651' title='bbox 3429 3939 3524 3991; x_wconf 79' lang='grc' dir='ltr'>τοῦ</span> <span class='ocrx_word' id='word_1_652' title='bbox 3579 3934 3830 4023; x_wconf 45' lang='lat' dir='ltr'>(ineunte?</span> 
     </span>
    </p>
   </div>
   <div class='ocr_carea' id='block_1_88' title="bbox 2248 4024 3831 4120">
    <p class='ocr_par' dir='ltr' id='par_1_88' title="bbox 2248 4024 3831 4120">
     <span class='ocr_line' id='line_1_90' title="bbox 2248 4024 3831 4120; baseline -0.015 -24"><span class='ocrx_word' id='word_1_653' title='bbox 2248 4036 2530 4113; x_wconf 75' lang='grc' dir='ltr'>Ἀὅερκίου</span> <span class='ocrx_word' id='word_1_654' title='bbox 2591 4036 2727 4110; x_wconf 85' lang='grc' dir='ltr'>μετᾶ</span> <span class='ocrx_word' id='word_1_655' title='bbox 2792 4032 3187 4107; x_wconf 81' lang='grc' dir='ltr'>τεσσαράκοντα</span> <span class='ocrx_word' id='word_1_656' title='bbox 3258 4026 3395 4089; x_wconf 79' lang='grc' dir='ltr'>ὅλας</span> <span class='ocrx_word' id='word_1_657' title='bbox 3476 4024 3673 4099; x_wconf 66' lang='grc' dir='ltr'>ἡμέρας</span> <span class='ocrx_word' id='word_1_658' title='bbox 3710 4030 3831 4120; x_wconf 37' lang='grc' dir='ltr'>,καῖε</span> 
     </span>
    </p>
   </div>
   <div class='ocr_carea' id='block_1_89' title="bbox 2245 4116 3833 4202">
    <p class='ocr_par' dir='ltr' id='par_1_89' title="bbox 2245 4116 3833 4202">
     <span class='ocr_line' id='line_1_91' title="bbox 2245 4116 3833 4202; baseline -0.013 -17"><span class='ocrx_word' id='word_1_659' title='bbox 2245 4132 2337 4186; x_wconf 87' lang='grc' dir='ltr'>τὸν</span> <span class='ocrx_word' id='word_1_660' title='bbox 2386 4127 2686 4202; x_wconf 74' lang='grc' dir='ltr'>λεγόμενον</span> <span class='ocrx_word' id='word_1_661' title='bbox 2746 4125 2953 4199; x_wconf 81' lang='grc' dir='ltr'>υὸρτον</span> <span class='ocrx_word' id='word_1_662' title='bbox 3007 4122 3065 4183; x_wconf 82' lang='grc' dir='ltr'>’ὸς</span> <span class='ocrx_word' id='word_1_663' title='bbox 3124 4120 3392 4193; x_wconf 78' lang='grc' dir='ltr'>ἐχόμενος</span> <span class='ocrx_word' id='word_1_664' title='bbox 3449 4116 3659 4185; x_wconf 81' lang='grc' dir='ltr'>Ῥώμης</span> <span class='ocrx_word' id='word_1_665' title='bbox 3707 4116 3833 4202; x_wconf 35' lang='lat' dir='ltr'>“fit,</span> 
     </span>
    </p>
   </div>
   <div class='ocr_carea' id='block_1_90' title="bbox 2250 4190 3838 4292">
    <p class='ocr_par' dir='ltr' id='par_1_90' title="bbox 2250 4190 3838 4292">
     <span class='ocr_line' id='line_1_92' title="bbox 2250 4190 3838 4292; baseline -0.013 -16"><span class='ocrx_word' id='word_1_666' title='bbox 2250 4190 2537 4291; x_wconf 41' lang='grc' dir='ltr'>ἀλλήλοις.</span> <span class='ocrx_word' id='word_1_667' title='bbox 2564 4190 2837 4292; x_wconf 44' lang='grc' dir='ltr'>ἐντυχεῖν.</span> <span class='ocrx_word' id='word_1_668' title='bbox 2868 4215 2956 4270; x_wconf 84' lang='grc' dir='ltr'>καὶ</span> <span class='ocrx_word' id='word_1_669' title='bbox 3009 4190 3189 4273; x_wconf 75' lang='grc' dir='ltr'>οὕτως</span> <span class='ocrx_word' id='word_1_670' title='bbox 3232 4190 3349 4282; x_wconf 56' lang='grc' dir='ltr'>ἅμα</span> <span class='ocrx_word' id='word_1_671' title='bbox 3399 4206 3614 4265; x_wconf 78' lang='grc' dir='ltr'>ἐκείνοις</span> <span class='ocrx_word' id='word_1_672' title='bbox 3762 4190 3838 4246; x_wconf 65' lang='grc' dir='ltr'>’κδ’</span> 
     </span>
    </p>
   </div>
   <div class='ocr_carea' id='block_1_91' title="bbox 2250 4286 3837 4377">
    <p class='ocr_par' dir='ltr' id='par_1_91' title="bbox 2250 4286 3837 4377">
     <span class='ocr_line' id='line_1_93' title="bbox 2250 4286 3837 4377; baseline -0.011 -11"><span class='ocrx_word' id='word_1_673' title='bbox 2250 4286 2394 4372; x_wconf 76' lang='grc' dir='ltr'>λεως</span> <span class='ocrx_word' id='word_1_674' title='bbox 2422 4286 2799 4377; x_wconf 41' lang='grc' dir='ltr'>ἐπιϐῆναιξ-Οἱ</span> <span class='ocrx_word' id='word_1_675' title='bbox 2844 4301 2901 4358; x_wconf 74' lang='grc' dir='ltr'>δὲ</span> <span class='ocrx_word' id='word_1_676' title='bbox 2949 4303 3196 4358; x_wconf 84' lang='grc' dir='ltr'>ἀπιστεῖν</span> <span class='ocrx_word' id='word_1_677' title='bbox 3249 4299 3351 4354; x_wconf 81' lang='grc' dir='ltr'>οὐκ</span> <span class='ocrx_word' id='word_1_678' title='bbox 3398 4294 3612 4372; x_wconf 79' lang='grc' dir='ltr'>ἔχοντες</span> <span class='ocrx_word' id='word_1_679' title='bbox 3653 4286 3837 4377; x_wconf 64' lang='grc' dir='ltr'>(ἔκρινον</span> 
     </span>
    </p>
   </div>
   <div class='ocr_carea' id='block_1_92' title="bbox 2248 4375 3839 4477">
    <p class='ocr_par' dir='ltr' id='par_1_92' title="bbox 2248 4375 3839 4477">
     <span class='ocr_line' id='line_1_94' title="bbox 2248 4375 3839 4477; baseline -0.025 -13"><span class='ocrx_word' id='word_1_680' title='bbox 2248 4403 2351 4477; x_wconf 73' lang='grc' dir='ltr'>γὰρ</span> <span class='ocrx_word' id='word_1_681' title='bbox 2383 4375 2639 4475; x_wconf 70' lang='grc' dir='ltr'>ὀρθῶςέξ</span> <span class='ocrx_word' id='word_1_682' title='bbox 2672 4395 2748 4449; x_wconf 81' lang='grc' dir='ltr'>ὧν</span> <span class='ocrx_word' id='word_1_683' title='bbox 2780 4392 2982 4458; x_wconf 77' lang='grc' dir='ltr'>ἔπαθόν</span> <span class='ocrx_word' id='word_1_684' title='bbox 3031 4413 3089 4447; x_wconf 85' lang='grc' dir='ltr'>τε</span> <span class='ocrx_word' id='word_1_685' title='bbox 3133 4389 3222 4445; x_wconf 82' lang='grc' dir='ltr'>καὶ</span> <span class='ocrx_word' id='word_1_686' title='bbox 3276 4386 3464 4461; x_wconf 81' lang='grc' dir='ltr'>εἶδον),</span> <span class='ocrx_word' id='word_1_687' title='bbox 3513 4384 3592 4438; x_wconf 77' lang='grc' dir='ltr'>ὅτι</span> <span class='ocrx_word' id='word_1_688' title='bbox 3639 4375 3839 4477; x_wconf 60' lang='grc' dir='ltr'>ἀδενατον</span> 
     </span>
    </p>
   </div>
   <div class='ocr_carea' id='block_1_93' title="bbox 2249 4468 3838 4561">
    <p class='ocr_par' dir='ltr' id='par_1_93' title="bbox 2249 4468 3838 4561">
     <span class='ocr_line' id='line_1_95' title="bbox 2249 4468 3838 4561; baseline -0.011 -18"><span class='ocrx_word' id='word_1_689' title='bbox 2249 4468 2427 4561; x_wconf 38' lang='grc' dir='ltr'>ἀνδρα,</span> <span class='ocrx_word' id='word_1_690' title='bbox 2464 4468 2761 4557; x_wconf 57' lang='grc' dir='ltr'>τοιούτωνξ</span> <span class='ocrx_word' id='word_1_691' title='bbox 2780 4481 3083 4555; x_wconf 72' lang='grc' dir='ltr'>ἠξιωμένον</span> <span class='ocrx_word' id='word_1_692' title='bbox 3141 4480 3203 4534; x_wconf 88' lang='grc' dir='ltr'>τό</span> <span class='ocrx_word' id='word_1_693' title='bbox 3259 4499 3318 4533; x_wconf 86' lang='grc' dir='ltr'>τε</span> <span class='ocrx_word' id='word_1_694' title='bbox 3368 4472 3603 4536; x_wconf 83' lang='grc' dir='ltr'>συνειδὸς</span> <span class='ocrx_word' id='word_1_695' title='bbox 3653 4468 3838 4561; x_wconf 37' lang='lat' dir='ltr'>fit}?</span> 
     </span>
    </p>
   </div>
   <div class='ocr_carea' id='block_1_94' title="bbox 499 4551 2127 4654">
    <p class='ocr_par' dir='ltr' id='par_1_94' title="bbox 499 4551 2127 4641">
     <span class='ocr_line' id='line_1_96' title="bbox 499 4551 2127 4641; baseline 0.001 -19"><span class='ocrx_word' id='word_1_696' title='bbox 499 4566 623 4622; x_wconf 89' lang='lat' dir='ltr'>ﬁeri</span> <span class='ocrx_word' id='word_1_697' title='bbox 653 4583 769 4622; x_wconf 91' lang='lat' dir='ltr'>non</span> <span class='ocrx_word' id='word_1_698' title='bbox 801 4577 1012 4639; x_wconf 85' lang='lat' dir='ltr'>posset,</span> <span class='ocrx_word' id='word_1_699' title='bbox 1052 4578 1114 4624; x_wconf 86' lang='lat' dir='ltr'>ut</span> <span class='ocrx_word' id='word_1_700' title='bbox 1152 4571 1258 4639; x_wconf 88' lang='lat' dir='ltr'>vir,</span> <span class='ocrx_word' id='word_1_701' title='bbox 1292 4569 1388 4641; x_wconf 90' lang='lat' dir='ltr'>qui</span> <span class='ocrx_word' id='word_1_702' title='bbox 1436 4551 1650 4627; x_wconf 88' lang='lat' dir='ltr'>talibus</span> <span class='ocrx_word' id='word_1_703' title='bbox 1692 4578 1747 4628; x_wconf 90' lang='lat' dir='ltr'>et</span> <span class='ocrx_word' id='word_1_704' title='bbox 1796 4574 1975 4628; x_wconf 84' lang='lat' dir='ltr'>tantis</span> <span class='ocrx_word' id='word_1_705' title='bbox 2000 4551 2127 4628; x_wconf 31' lang='lat' dir='ltr'>verat</span> 
     </span>
    </p>
   </div>
   <div class='ocr_carea' id='block_1_95' title="bbox 2235 4551 3839 4654">
    <p class='ocr_par' dir='ltr' id='par_1_95' title="bbox 2254 4551 3839 4654">
     <span class='ocr_line' id='line_1_97' title="bbox 2254 4551 3839 4654; baseline -0.008 -24"><span class='ocrx_word' id='word_1_706' title='bbox 2254 4551 2503 4654; x_wconf 70' lang='grc' dir='ltr'>γλῖυτταν</span> <span class='ocrx_word' id='word_1_707' title='bbox 2551 4571 2696 4649; x_wconf 76' lang='grc' dir='ltr'>ἔχειν</span> <span class='ocrx_word' id='word_1_708' title='bbox 2734 4551 2858 4646; x_wconf 43' lang='lat' dir='ltr'>Esi</span> <span class='ocrx_word' id='word_1_709' title='bbox 2895 4551 3043 4647; x_wconf 76' lang='grc' dir='ltr'>ύγιᾶ)</span> <span class='ocrx_word' id='word_1_710' title='bbox 3100 4573 3218 4629; x_wconf 84' lang='grc' dir='ltr'>τοῖς</span> <span class='ocrx_word' id='word_1_711' title='bbox 3266 4565 3554 4641; x_wconf 83' lang='grc' dir='ltr'>δημοσίοις</span> <span class='ocrx_word' id='word_1_712' title='bbox 3597 4557 3678 4615; x_wconf 82' lang='grc' dir='ltr'>καὶ</span> <span class='ocrx_word' id='word_1_713' title='bbox 3724 4551 3839 4611; x_wconf 63' lang='grc' dir='ltr'>αὖθις</span> 
     </span>
    </p>
   </div>
   <div class='ocr_carea' id='block_1_96' title="bbox 500 4658 2142 4730">
    <p class='ocr_par' dir='ltr' id='par_1_96' title="bbox 500 4658 2142 4730">
     <span class='ocr_line' id='line_1_98' title="bbox 500 4658 2142 4730; baseline 0.004 -19"><span class='ocrx_word' id='word_1_714' title='bbox 500 4658 795 4726; x_wconf 85' lang='lat' dir='ltr'>dignatus,</span> <span class='ocrx_word' id='word_1_715' title='bbox 845 4659 1262 4714; x_wconf 85' lang='lat' dir='ltr'>conscientiam</span> <span class='ocrx_word' id='word_1_716' title='bbox 1311 4663 1369 4715; x_wconf 90' lang='lat' dir='ltr'>et</span> <span class='ocrx_word' id='word_1_717' title='bbox 1416 4660 1666 4730; x_wconf 84' lang='lat' dir='ltr'>linguam</span> <span class='ocrx_word' id='word_1_718' title='bbox 1726 4661 1966 4717; x_wconf 88' lang='lat' dir='ltr'>haberet</span> <span class='ocrx_word' id='word_1_719' title='bbox 2025 4678 2142 4719; x_wconf 90' lang='lat' dir='ltr'>non</span> 
     </span>
    </p>
   </div>
   <div class='ocr_carea' id='block_1_97' title="bbox 501 4747 2133 4822">
    <p class='ocr_par' dir='ltr' id='par_1_97' title="bbox 501 4747 2133 4822">
     <span class='ocr_line' id='line_1_99' title="bbox 501 4747 2133 4822; baseline 0.004 -19"><span class='ocrx_word' id='word_1_720' title='bbox 501 4752 709 4816; x_wconf 82' lang='lat' dir='ltr'>sanam)</span> <span class='ocrx_word' id='word_1_721' title='bbox 723 4747 988 4820; x_wconf 90' lang='lat' dir='ltr'>publicos</span> <span class='ocrx_word' id='word_1_722' title='bbox 1003 4764 1199 4805; x_wconf 85' lang='lat' dir='ltr'>rursus</span> <span class='ocrx_word' id='word_1_723' title='bbox 1212 4766 1390 4822; x_wconf 89' lang='lat' dir='ltr'>equos</span> <span class='ocrx_word' id='word_1_724' title='bbox 1402 4752 1799 4818; x_wconf 88' lang='lat' dir='ltr'>ascendentes,</span> <span class='ocrx_word' id='word_1_725' title='bbox 1814 4754 2133 4809; x_wconf 88' lang='lat' dir='ltr'>redierunt.</span> 
     </span>
    </p>
   </div>
   <div class='ocr_carea' id='block_1_98' title="bbox 572 4836 2141 4911">
    <p class='ocr_par' dir='ltr' id='par_1_98' title="bbox 572 4836 2141 4911">
     <span class='ocr_line' id='line_1_100' title="bbox 572 4836 2141 4911; baseline 0.004 -18"><span class='ocrx_word' id='word_1_726' title='bbox 572 4840 701 4894; x_wconf 84' lang='grc' dir='ltr'>ΧΧ.</span> <span class='ocrx_word' id='word_1_727' title='bbox 736 4836 976 4893; x_wconf 90' lang='lat' dir='ltr'>Divinus</span> <span class='ocrx_word' id='word_1_728' title='bbox 1005 4844 1197 4894; x_wconf 87' lang='lat' dir='ltr'>autem</span> <span class='ocrx_word' id='word_1_729' title='bbox 1222 4840 1506 4897; x_wconf 90' lang='lat' dir='ltr'>Abercius</span> <span class='ocrx_word' id='word_1_730' title='bbox 1536 4857 1670 4897; x_wconf 90' lang='lat' dir='ltr'>cum</span> <span class='ocrx_word' id='word_1_731' title='bbox 1700 4842 1995 4911; x_wconf 88' lang='lat' dir='ltr'>vinum,et</span> <span class='ocrx_word' id='word_1_732' title='bbox 2017 4860 2141 4899; x_wconf 87' lang='lat' dir='ltr'>ace-</span> 
     </span>
    </p>
   </div>
   <div class='ocr_carea' id='block_1_99' title="bbox 500 4927 2143 5003">
    <p class='ocr_par' dir='ltr' id='par_1_99' title="bbox 500 4927 2143 5003">
     <span class='ocr_line' id='line_1_101' title="bbox 500 4927 2143 5003; baseline 0.003 -19"><span class='ocrx_word' id='word_1_733' title='bbox 500 4932 625 4984; x_wconf 88' lang='lat' dir='ltr'>tum</span> <span class='ocrx_word' id='word_1_734' title='bbox 640 4927 895 4983; x_wconf 90' lang='lat' dir='ltr'>etoleum</span> <span class='ocrx_word' id='word_1_735' title='bbox 910 4927 969 4983; x_wconf 90' lang='lat' dir='ltr'>in</span> <span class='ocrx_word' id='word_1_736' title='bbox 990 4945 1173 4983; x_wconf 90' lang='lat' dir='ltr'>unum</span> <span class='ocrx_word' id='word_1_737' title='bbox 1196 4936 1248 4985; x_wconf 91' lang='lat' dir='ltr'>et</span> <span class='ocrx_word' id='word_1_738' title='bbox 1269 4931 1541 4986; x_wconf 91' lang='lat' dir='ltr'>eumdem</span> <span class='ocrx_word' id='word_1_739' title='bbox 1559 4935 1745 4988; x_wconf 90' lang='lat' dir='ltr'>utrem</span> <span class='ocrx_word' id='word_1_740' title='bbox 1760 4931 2071 5003; x_wconf 86' lang='lat' dir='ltr'>injecisset,</span> <span class='ocrx_word' id='word_1_741' title='bbox 2087 4937 2143 4989; x_wconf 91' lang='lat' dir='ltr'>et</span> 
     </span>
    </p>
   </div>
   <div class='ocr_carea' id='block_1_100' title="bbox 502 5020 2144 5092">
    <p class='ocr_par' dir='ltr' id='par_1_100' title="bbox 502 5020 2144 5092">
     <span class='ocr_line' id='line_1_102' title="bbox 502 5020 2144 5092; baseline 0.003 -19"><span class='ocrx_word' id='word_1_742' title='bbox 502 5034 716 5092; x_wconf 89' lang='lat' dir='ltr'>paucos</span> <span class='ocrx_word' id='word_1_743' title='bbox 747 5033 926 5089; x_wconf 89' lang='lat' dir='ltr'>panes</span> <span class='ocrx_word' id='word_1_744' title='bbox 956 5023 1231 5090; x_wconf 82' lang='lat' dir='ltr'>praeterea</span> <span class='ocrx_word' id='word_1_745' title='bbox 1262 5020 1634 5092; x_wconf 88' lang='lat' dir='ltr'>sumpsisset,</span> <span class='ocrx_word' id='word_1_746' title='bbox 1668 5031 1722 5076; x_wconf 90' lang='lat' dir='ltr'>et</span> <span class='ocrx_word' id='word_1_747' title='bbox 1753 5021 1960 5078; x_wconf 91' lang='lat' dir='ltr'>deinde</span> <span class='ocrx_word' id='word_1_748' title='bbox 1990 5027 2144 5078; x_wconf 89' lang='lat' dir='ltr'>esset</span> 
     </span>
    </p>
   </div>
   <div class='ocr_carea' id='block_1_101' title="bbox 502 5108 2143 5181">
    <p class='ocr_par' dir='ltr' id='par_1_101' title="bbox 502 5108 2143 5181">
     <span class='ocr_line' id='line_1_103' title="bbox 502 5108 2143 5181; baseline 0.001 -16"><span class='ocrx_word' id='word_1_749' title='bbox 502 5109 732 5165; x_wconf 89' lang='lat' dir='ltr'>locutus</span> <span class='ocrx_word' id='word_1_750' title='bbox 782 5123 916 5164; x_wconf 90' lang='lat' dir='ltr'>cum</span> <span class='ocrx_word' id='word_1_751' title='bbox 965 5108 1265 5177; x_wconf 83' lang='lat' dir='ltr'>fratribus,</span> <span class='ocrx_word' id='word_1_752' title='bbox 1300 5126 1426 5180; x_wconf 66' lang='lat' dir='ltr'>qua</span> <span class='ocrx_word' id='word_1_753' title='bbox 1472 5126 1573 5181; x_wconf 90' lang='lat' dir='ltr'>par</span> <span class='ocrx_word' id='word_1_754' title='bbox 1620 5115 1747 5166; x_wconf 88' lang='lat' dir='ltr'>erat</span> <span class='ocrx_word' id='word_1_755' title='bbox 1774 5115 1830 5167; x_wconf 89' lang='lat' dir='ltr'>et</span> <span class='ocrx_word' id='word_1_756' title='bbox 1860 5111 2021 5167; x_wconf 91' lang='lat' dir='ltr'>illius</span> <span class='ocrx_word' id='word_1_757' title='bbox 2051 5128 2143 5167; x_wconf 88' lang='lat' dir='ltr'>re-</span> 
     </span>
    </p>
   </div>
   <div class='ocr_carea' id='block_1_102' title="bbox 505 5198 2147 5271">
    <p class='ocr_par' dir='ltr' id='par_1_102' title="bbox 505 5198 2147 5271">
     <span class='ocr_line' id='line_1_104' title="bbox 505 5198 2147 5271; baseline 0.003 -18"><span class='ocrx_word' id='word_1_758' title='bbox 505 5215 733 5255; x_wconf 89' lang='lat' dir='ltr'>cessum</span> <span class='ocrx_word' id='word_1_759' title='bbox 777 5198 1190 5253; x_wconf 89' lang='lat' dir='ltr'>miserabiliter</span> <span class='ocrx_word' id='word_1_760' title='bbox 1237 5200 1510 5255; x_wconf 86' lang='lat' dir='ltr'>deﬂentes</span> <span class='ocrx_word' id='word_1_761' title='bbox 1561 5199 1952 5271; x_wconf 90' lang='lat' dir='ltr'>pulcherrime</span> <span class='ocrx_word' id='word_1_762' title='bbox 1994 5207 2147 5258; x_wconf 89' lang='lat' dir='ltr'>esset</span> 
     </span>
    </p>
   </div>
   <div class='ocr_carea' id='block_1_103' title="bbox 507 5290 2149 5365">
    <p class='ocr_par' dir='ltr' id='par_1_103' title="bbox 507 5290 2149 5365">
     <span class='ocr_line' id='line_1_105' title="bbox 507 5290 2149 5365; baseline 0.004 -23"><span class='ocrx_word' id='word_1_763' title='bbox 507 5290 860 5357; x_wconf 84' lang='lat' dir='ltr'>consolatus,</span> <span class='ocrx_word' id='word_1_764' title='bbox 892 5291 1148 5346; x_wconf 89' lang='lat' dir='ltr'>ascendit</span> <span class='ocrx_word' id='word_1_765' title='bbox 1181 5290 1511 5345; x_wconf 87' lang='lat' dir='ltr'>vehiculum</span> <span class='ocrx_word' id='word_1_766' title='bbox 1546 5292 1873 5362; x_wconf 88' lang='lat' dir='ltr'>publicum,</span> <span class='ocrx_word' id='word_1_767' title='bbox 1905 5302 1958 5348; x_wconf 84' lang='lat' dir='ltr'>et</span> <span class='ocrx_word' id='word_1_768' title='bbox 1989 5308 2149 5365; x_wconf 87' lang='lat' dir='ltr'>egre-</span> 
     </span>
    </p>
   </div>
   <div class='ocr_carea' id='block_1_104' title="bbox 508 5379 2148 5453">
    <p class='ocr_par' dir='ltr' id='par_1_104' title="bbox 508 5379 2148 5453">
     <span class='ocr_line' id='line_1_106' title="bbox 508 5379 2148 5453; baseline 0.004 -21"><span class='ocrx_word' id='word_1_769' title='bbox 508 5379 667 5432; x_wconf 86' lang='lat' dir='ltr'>ditur</span> <span class='ocrx_word' id='word_1_770' title='bbox 697 5394 726 5433; x_wconf 95' lang='lat' dir='ltr'>e</span> <span class='ocrx_word' id='word_1_771' title='bbox 756 5380 1003 5437; x_wconf 82' lang='lat' dir='ltr'>civitate.</span> <span class='ocrx_word' id='word_1_772' title='bbox 1037 5383 1180 5438; x_wconf 91' lang='lat' dir='ltr'>Cum</span> <span class='ocrx_word' id='word_1_773' title='bbox 1213 5388 1407 5437; x_wconf 88' lang='lat' dir='ltr'>autem</span> <span class='ocrx_word' id='word_1_774' title='bbox 1442 5398 1648 5453; x_wconf 88' lang='lat' dir='ltr'>parum</span> <span class='ocrx_word' id='word_1_775' title='bbox 1682 5384 2058 5453; x_wconf 78' lang='lat' dir='ltr'>processisSet</span> <span class='ocrx_word' id='word_1_776' title='bbox 2090 5387 2148 5439; x_wconf 92' lang='lat' dir='ltr'>in</span> 
     </span>
    </p>
   </div>
   <div class='ocr_carea' id='block_1_105' title="bbox 507 5465 2151 5541">
    <p class='ocr_par' dir='ltr' id='par_1_105' title="bbox 507 5465 2151 5541">
     <span class='ocr_line' id='line_1_107' title="bbox 507 5465 2151 5541; baseline 0.005 -20"><span class='ocrx_word' id='word_1_777' title='bbox 507 5466 621 5530; x_wconf 90' lang='lat' dir='ltr'>via,</span> <span class='ocrx_word' id='word_1_778' title='bbox 655 5465 802 5521; x_wconf 87' lang='lat' dir='ltr'>videt</span> <span class='ocrx_word' id='word_1_779' title='bbox 834 5472 1146 5537; x_wconf 88' lang='lat' dir='ltr'>quemdam</span> <span class='ocrx_word' id='word_1_780' title='bbox 1192 5471 1500 5527; x_wconf 91' lang='lat' dir='ltr'>vinitorem</span> <span class='ocrx_word' id='word_1_781' title='bbox 1549 5470 1888 5541; x_wconf 87' lang='lat' dir='ltr'>fodientem,</span> <span class='ocrx_word' id='word_1_782' title='bbox 1921 5476 1978 5528; x_wconf 92' lang='lat' dir='ltr'>et</span> <span class='ocrx_word' id='word_1_783' title='bbox 2007 5472 2151 5531; x_wconf 88' lang='lat' dir='ltr'>vites</span> 
     </span>
    </p>
   </div>
   <div class='ocr_carea' id='block_1_106' title="bbox 510 5553 2149 5637">
    <p class='ocr_par' dir='ltr' id='par_1_106' title="bbox 510 5553 2149 5637">
     <span class='ocr_line' id='line_1_108' title="bbox 510 5553 2149 5637; baseline 0.007 -27"><span class='ocrx_word' id='word_1_784' title='bbox 510 5553 820 5627; x_wconf 87' lang='lat' dir='ltr'>diligenter</span> <span class='ocrx_word' id='word_1_785' title='bbox 862 5557 1166 5627; x_wconf 87' lang='lat' dir='ltr'>colentem,</span> <span class='ocrx_word' id='word_1_786' title='bbox 1198 5562 1269 5630; x_wconf 93' lang='lat' dir='ltr'>(ei</span> <span class='ocrx_word' id='word_1_787' title='bbox 1300 5579 1511 5621; x_wconf 90' lang='lat' dir='ltr'>nomen</span> <span class='ocrx_word' id='word_1_788' title='bbox 1557 5563 1682 5617; x_wconf 89' lang='lat' dir='ltr'>erat</span> <span class='ocrx_word' id='word_1_789' title='bbox 1728 5561 2149 5637; x_wconf 90' lang='lat' dir='ltr'>Trophimion).</span> 
     </span>
    </p>
   </div>
   <div class='ocr_carea' id='block_1_107' title="bbox 512 5644 2155 5730">
    <p class='ocr_par' dir='ltr' id='par_1_107' title="bbox 512 5644 2155 5730">
     <span class='ocr_line' id='line_1_109' title="bbox 512 5644 2155 5730; baseline 0.007 -31"><span class='ocrx_word' id='word_1_790' title='bbox 512 5645 634 5711; x_wconf 84' lang='lat' dir='ltr'>Quo</span> <span class='ocrx_word' id='word_1_791' title='bbox 669 5644 1009 5700; x_wconf 85' lang='lat' dir='ltr'>nominatim</span> <span class='ocrx_word' id='word_1_792' title='bbox 1044 5654 1275 5706; x_wconf 88' lang='lat' dir='ltr'>vocato:</span> <span class='ocrx_word' id='word_1_793' title='bbox 1310 5655 1592 5730; x_wconf 75' lang='lat' dir='ltr'>Agedum,</span> <span class='ocrx_word' id='word_1_794' title='bbox 1625 5657 1836 5728; x_wconf 90' lang='lat' dir='ltr'>inquit,</span> <span class='ocrx_word' id='word_1_795' title='bbox 1870 5659 1981 5712; x_wconf 89' lang='lat' dir='ltr'>iter</span> <span class='ocrx_word' id='word_1_796' title='bbox 2030 5672 2155 5711; x_wconf 91' lang='lat' dir='ltr'>me-</span> 
     </span>
    </p>
   </div>
   <div class='ocr_carea' id='block_1_108' title="bbox 2253 4659 3097 4733">
    <p class='ocr_par' dir='ltr' id='par_1_108' title="bbox 2253 4659 3097 4733">
     <span class='ocr_line' id='line_1_110' title="bbox 2253 4659 3097 4733; baseline -0.005 -12"><span class='ocrx_word' id='word_1_797' title='bbox 2253 4660 2533 4727; x_wconf 74' lang='grc' dir='ltr'>ἐπιόάντες</span> <span class='ocrx_word' id='word_1_798' title='bbox 2555 4660 2751 4724; x_wconf 75' lang='grc' dir='ltr'>’ίπποις</span> <span class='ocrx_word' id='word_1_799' title='bbox 2782 4659 3097 4733; x_wconf 76' lang='grc' dir='ltr'>ἐπανῄεσαν.</span> 
     </span>
    </p>
   </div>
   <div class='ocr_carea' id='block_1_109' title="bbox 2322 4816 3837 4917">
    <p class='ocr_par' dir='ltr' id='par_1_109' title="bbox 2322 4816 3837 4917">
     <span class='ocr_line' id='line_1_111' title="bbox 2322 4816 3837 4917; baseline -0.01 -16"><span class='ocrx_word' id='word_1_800' title='bbox 2322 4846 2395 4902; x_wconf 83' lang='lat' dir='ltr'>K&#39;.</span> <span class='ocrx_word' id='word_1_801' title='bbox 2448 4838 2730 4917; x_wconf 74' lang='grc' dir='ltr'>Ἀϐἐρκιος</span> <span class='ocrx_word' id='word_1_802' title='bbox 2782 4837 2840 4895; x_wconf 82' lang='grc' dir='ltr'>δὲ</span> <span class='ocrx_word' id='word_1_803' title='bbox 2887 4841 2915 4894; x_wconf 80' lang='grc' dir='ltr'><strong>ὁ</strong></span> <span class='ocrx_word' id='word_1_804' title='bbox 2966 4844 3133 4909; x_wconf 84' lang='grc' dir='ltr'>θεῖος,</span> <span class='ocrx_word' id='word_1_805' title='bbox 3187 4836 3328 4892; x_wconf 76' lang='grc' dir='ltr'>οἶνόν</span> <span class='ocrx_word' id='word_1_806' title='bbox 3385 4855 3441 4891; x_wconf 81' lang='grc' dir='ltr'>τε</span> <span class='ocrx_word' id='word_1_807' title='bbox 3488 4831 3574 4888; x_wconf 83' lang='grc' dir='ltr'>καὶ</span> <span class='ocrx_word' id='word_1_808' title='bbox 3626 4824 3735 4899; x_wconf 77' lang='grc' dir='ltr'>ὅξος</span> <span class='ocrx_word' id='word_1_809' title='bbox 3772 4816 3837 4917; x_wconf 42' lang='lat' dir='ltr'>if?</span> 
     </span>
    </p>
   </div>
   <div class='ocr_carea' id='block_1_110' title="bbox 2251 4911 3839 4999">
    <p class='ocr_par' dir='ltr' id='par_1_110' title="bbox 2251 4911 3839 4999">
     <span class='ocr_line' id='line_1_112' title="bbox 2251 4911 3839 4999; baseline -0.01 -8"><span class='ocrx_word' id='word_1_810' title='bbox 2251 4932 2435 4991; x_wconf 75' lang='grc' dir='ltr'>ἔλαιον</span> <span class='ocrx_word' id='word_1_811' title='bbox 2467 4935 2543 4997; x_wconf 83' lang='grc' dir='ltr'>είς</span> <span class='ocrx_word' id='word_1_812' title='bbox 2588 4930 2684 4988; x_wconf 71' lang='grc' dir='ltr'>ἕνα</span> <span class='ocrx_word' id='word_1_813' title='bbox 2721 4930 2809 4988; x_wconf 83' lang='grc' dir='ltr'>καὶ</span> <span class='ocrx_word' id='word_1_814' title='bbox 2859 4931 2952 4986; x_wconf 83' lang='grc' dir='ltr'>τὸν</span> <span class='ocrx_word' id='word_1_815' title='bbox 3007 4929 3168 4985; x_wconf 82' lang='grc' dir='ltr'>αὐτὸν</span> <span class='ocrx_word' id='word_1_816' title='bbox 3215 4928 3376 4983; x_wconf 82' lang='grc' dir='ltr'>ἀσκὸν</span> <span class='ocrx_word' id='word_1_817' title='bbox 3435 4919 3698 4999; x_wconf 73' lang='grc' dir='ltr'>ἐμϐαλὼν,</span> <span class='ocrx_word' id='word_1_818' title='bbox 3737 4911 3839 4984; x_wconf 74' lang='grc' dir='ltr'>πρὸς</span> 
     </span>
    </p>
   </div>
   <div class='ocr_carea' id='block_1_111' title="bbox 2255 5003 3842 5101">
    <p class='ocr_par' dir='ltr' id='par_1_111' title="bbox 2255 5003 3842 5101">
     <span class='ocr_line' id='line_1_113' title="bbox 2255 5003 3842 5101; baseline -0.013 -21"><span class='ocrx_word' id='word_1_819' title='bbox 2255 5022 2310 5080; x_wconf 71' lang='grc' dir='ltr'>δὲ</span> <span class='ocrx_word' id='word_1_820' title='bbox 2367 5025 2456 5079; x_wconf 86' lang='grc' dir='ltr'>καὶ</span> <span class='ocrx_word' id='word_1_821' title='bbox 2514 5026 2705 5100; x_wconf 79' lang='grc' dir='ltr'>ἂρτους</span> <span class='ocrx_word' id='word_1_822' title='bbox 2764 5021 2985 5097; x_wconf 72' lang='grc' dir='ltr'>ὀλίγους</span> <span class='ocrx_word' id='word_1_823' title='bbox 3042 5014 3252 5088; x_wconf 75' lang='grc' dir='ltr'>λαϐὼν,</span> <span class='ocrx_word' id='word_1_824' title='bbox 3294 5018 3410 5072; x_wconf 79' lang='grc' dir='ltr'>εἶτα</span> <span class='ocrx_word' id='word_1_825' title='bbox 3463 5017 3574 5075; x_wconf 84' lang='grc' dir='ltr'>τοῖς</span> <span class='ocrx_word' id='word_1_826' title='bbox 3629 5003 3842 5101; x_wconf 46' lang='grc' dir='ltr'>ἀδελφοῖς</span> 
     </span>
    </p>
   </div>
   <div class='ocr_carea' id='block_1_112' title="bbox 2256 5092 3843 5189">
    <p class='ocr_par' dir='ltr' id='par_1_112' title="bbox 2256 5092 3843 5189">
     <span class='ocr_line' id='line_1_114' title="bbox 2256 5092 3843 5189; baseline -0.004 -19"><span class='ocrx_word' id='word_1_827' title='bbox 2256 5092 2565 5189; x_wconf 78' lang='grc' dir='ltr'>διαλεχθεὶς</span> <span class='ocrx_word' id='word_1_828' title='bbox 2621 5113 2688 5168; x_wconf 81' lang='grc' dir='ltr'>τὰ</span> <span class='ocrx_word' id='word_1_829' title='bbox 2744 5110 2947 5183; x_wconf 71' lang='grc' dir='ltr'>εἰκότα,</span> <span class='ocrx_word' id='word_1_830' title='bbox 3006 5111 3104 5179; x_wconf 76' lang='grc' dir='ltr'>τὴν</span> <span class='ocrx_word' id='word_1_831' title='bbox 3183 5106 3389 5162; x_wconf 74' lang='grc' dir='ltr'>ἐκείνου</span> <span class='ocrx_word' id='word_1_832' title='bbox 3450 5124 3506 5160; x_wconf 78' lang='grc' dir='ltr'>τι</span> <span class='ocrx_word' id='word_1_833' title='bbox 3583 5092 3843 5189; x_wconf 62' lang='grc' dir='ltr'>διποδηίλιιὰν</span> 
     </span>
    </p>
   </div>
   <div class='ocr_carea' id='block_1_113' title="bbox 2256 5184 3840 5280">
    <p class='ocr_par' dir='ltr' id='par_1_113' title="bbox 2256 5184 3840 5280">
     <span class='ocr_line' id='line_1_115' title="bbox 2256 5184 3840 5280; baseline -0.008 -18"><span class='ocrx_word' id='word_1_834' title='bbox 2256 5207 2506 5267; x_wconf 81' lang='grc' dir='ltr'>ἐλεεινῶς</span> <span class='ocrx_word' id='word_1_835' title='bbox 2573 5203 3015 5280; x_wconf 79' lang='grc' dir='ltr'>ἀποδυρομένους</span> <span class='ocrx_word' id='word_1_836' title='bbox 3070 5200 3361 5272; x_wconf 76' lang='grc' dir='ltr'>δεξιώτατα</span> <span class='ocrx_word' id='word_1_837' title='bbox 3432 5184 3840 5280; x_wconf 52' lang='grc' dir='ltr'>παραμυθηῖάμν</span> 
     </span>
    </p>
   </div>
   <div class='ocr_carea' id='block_1_114' title="bbox 2257 5274 3843 5380">
    <p class='ocr_par' dir='ltr' id='par_1_114' title="bbox 2257 5274 3843 5380">
     <span class='ocr_line' id='line_1_116' title="bbox 2257 5274 3843 5380; baseline -0.006 -29"><span class='ocrx_word' id='word_1_838' title='bbox 2257 5318 2369 5367; x_wconf 87' lang='grc' dir='ltr'>νος,</span> <span class='ocrx_word' id='word_1_839' title='bbox 2413 5297 2698 5371; x_wconf 66' lang='grc' dir='ltr'>ὀχήματος</span> <span class='ocrx_word' id='word_1_840' title='bbox 2728 5290 3017 5349; x_wconf 78' lang='grc' dir='ltr'>πολιτικοῦ</span> <span class='ocrx_word' id='word_1_841' title='bbox 3066 5284 3355 5360; x_wconf 73' lang='grc' dir='ltr'>ἐπιϐαίνει,</span> <span class='ocrx_word' id='word_1_842' title='bbox 3405 5287 3493 5342; x_wconf 77' lang='grc' dir='ltr'>καὶ</span> <span class='ocrx_word' id='word_1_843' title='bbox 3531 5290 3624 5352; x_wconf 82' lang='grc' dir='ltr'>τῆς</span> <span class='ocrx_word' id='word_1_844' title='bbox 3668 5274 3843 5380; x_wconf 62' lang='grc' dir='ltr'>πδλξωῖ</span> 
     </span>
    </p>
   </div>
   <div class='ocr_carea' id='block_1_115' title="bbox 2260 5375 3845 5464">
    <p class='ocr_par' dir='ltr' id='par_1_115' title="bbox 2260 5375 3845 5464">
     <span class='ocr_line' id='line_1_117' title="bbox 2260 5375 3845 5464; baseline -0.009 -22"><span class='ocrx_word' id='word_1_845' title='bbox 2260 5386 2439 5456; x_wconf 78' lang='grc' dir='ltr'>ἔξεισι.</span> <span class='ocrx_word' id='word_1_846' title='bbox 2476 5384 2657 5460; x_wconf 80' lang='grc' dir='ltr'>Βραχὺ</span> <span class='ocrx_word' id='word_1_847' title='bbox 2703 5380 2760 5438; x_wconf 76' lang='grc' dir='ltr'>δὶ</span> <span class='ocrx_word' id='word_1_848' title='bbox 2805 5389 2907 5450; x_wconf 85' lang='grc' dir='ltr'>τῆς</span> <span class='ocrx_word' id='word_1_849' title='bbox 2956 5377 3083 5435; x_wconf 82' lang='grc' dir='ltr'>ὁδοῦ</span> <span class='ocrx_word' id='word_1_850' title='bbox 3127 5376 3435 5453; x_wconf 85' lang='grc' dir='ltr'>προελθὼν,</span> <span class='ocrx_word' id='word_1_851' title='bbox 3469 5375 3845 5464; x_wconf 40' lang='lat' dir='ltr'>cpit-1W1?!“</span> 
     </span>
    </p>
   </div>
   <div class='ocr_carea' id='block_1_116' title="bbox 2259 5458 3847 5547">
    <p class='ocr_par' dir='ltr' id='par_1_116' title="bbox 2259 5458 3847 5547">
     <span class='ocr_line' id='line_1_118' title="bbox 2259 5458 3847 5547; baseline -0.009 -17"><span class='ocrx_word' id='word_1_852' title='bbox 2259 5458 2561 5547; x_wconf 72' lang='grc' dir='ltr'>πελουργὸν</span> <span class='ocrx_word' id='word_1_853' title='bbox 2632 5472 2954 5539; x_wconf 83' lang='grc' dir='ltr'>σκάπτοντα,</span> <span class='ocrx_word' id='word_1_854' title='bbox 3011 5469 3098 5523; x_wconf 85' lang='grc' dir='ltr'>καὶ</span> <span class='ocrx_word' id='word_1_855' title='bbox 3148 5467 3271 5543; x_wconf 84' lang='grc' dir='ltr'>περὶ</span> <span class='ocrx_word' id='word_1_856' title='bbox 3322 5467 3415 5526; x_wconf 79' lang='grc' dir='ltr'>τὰς</span> <span class='ocrx_word' id='word_1_857' title='bbox 3463 5458 3722 5536; x_wconf 77' lang='grc' dir='ltr'>ἀμπέλους</span> <span class='ocrx_word' id='word_1_858' title='bbox 3754 5458 3847 5547; x_wconf 54' lang='grc' dir='ltr'>ξπυ</span> 
     </span>
    </p>
   </div>
   <div class='ocr_carea' id='block_1_117' title="bbox 2268 5544 3846 5639">
    <p class='ocr_par' dir='ltr' id='par_1_117' title="bbox 2268 5544 3846 5639">
     <span class='ocr_line' id='line_1_119' title="bbox 2268 5544 3846 5639; baseline -0.02 -17"><span class='ocrx_word' id='word_1_859' title='bbox 2268 5544 2447 5639; x_wconf 78' lang='grc' dir='ltr'>μελως</span> <span class='ocrx_word' id='word_1_860' title='bbox 2483 5544 2692 5638; x_wconf 35' lang='grc' dir='ltr'>’ἔχοντα</span> <span class='ocrx_word' id='word_1_861' title='bbox 2741 5556 2943 5633; x_wconf 71' lang='grc' dir='ltr'>(ὄνομα</span> <span class='ocrx_word' id='word_1_862' title='bbox 2978 5562 3057 5631; x_wconf 74' lang='grc' dir='ltr'>τῷ</span> <span class='ocrx_word' id='word_1_863' title='bbox 3103 5554 3253 5631; x_wconf 70' lang='grc' dir='ltr'>ἀνδρὶ</span> <span class='ocrx_word' id='word_1_864' title='bbox 3300 5551 3649 5630; x_wconf 66' lang='grc' dir='ltr'>Τροφιμίωνὶ·</span> <span class='ocrx_word' id='word_1_865' title='bbox 3693 5544 3846 5639; x_wconf 41' lang='grc' dir='ltr'>τ-ούτον</span> 
     </span>
    </p>
   </div>
   <div class='ocr_carea' id='block_1_118' title="bbox 2266 5629 3849 5729">
    <p class='ocr_par' dir='ltr' id='par_1_118' title="bbox 2266 5629 3849 5729">
     <span class='ocr_line' id='line_1_120' title="bbox 2266 5629 3849 5729; baseline -0.018 -17"><span class='ocrx_word' id='word_1_866' title='bbox 2266 5629 2827 5729; x_wconf 47' lang='grc' dir='ltr'>θνομαστὶηκαλέσας,</span> <span class='ocrx_word' id='word_1_867' title='bbox 2869 5629 3066 5723; x_wconf 40' lang='grc' dir='ltr'>-Δεῦρο,</span> <span class='ocrx_word' id='word_1_868' title='bbox 3127 5629 3314 5723; x_wconf 78' lang='grc' dir='ltr'>φησὶν,</span> <span class='ocrx_word' id='word_1_869' title='bbox 3353 5629 3575 5719; x_wconf 12' lang='grc' dir='ltr'>νᾶδελφὶ,</span> <span class='ocrx_word' id='word_1_870' title='bbox 3622 5629 3849 5690; x_wconf 75' lang='grc' dir='ltr'>συνδιάγυο</span> 
     </span>
    </p>
   </div>
  </div>
