4048 6202
276 322 427 382 1237

1651 316 1831 377 VITA
1875 318 1941 378 S.
1984 316 2326 379 ABERCII.

3519 315 3675 376 1238

273 480 363 533 σόν
420 500 512 552 μοι
558 480 656 546 τήν
704 476 792 533 ἐπὶ
868 477 1088 550 Ῥώμην
1148 474 1295 534 ὁδόν.
1361 477 1621 531 Ἤκουσεν
1691 475 1917 542 ἐκεῖνος,

2033 490 2164 532 eum
2221 476 2465 533 Romam
2526 477 2767 535 conﬁce.
2803 477 3041 533 Audivit
3087 476 3205 545 ille,
3251 479 3310 532 et
3356 476 3570 547 ligone,
3622 479 3679 531 et

274 568 364 622 καὶ
394 569 493 635 τήν
545 566 808 622 δέκελλαν
839 566 998 630 εύθὺς
1062 566 1151 621 καὶ
1189 566 1251 619 τὸ
1312 569 1564 640 σκαφεῖον
1613 562 1924 633 ἀπολιπὼν,

276 659 375 726 τὴν
410 657 615 712 οἷ’κείαν
665 678 721 712 τε
769 658 1014 730 ἀρπάσας
1069 656 1267 724 ἐσθῆτα
1323 652 1387 723 ἤν
1436 653 1523 708 διὰ
1570 654 1658 708 τὸν
1723 652 1781 707 ἐκ
1827 660 1925 721 τῆς

276 746 532 821 ἐργασίας
564 748 733 801 κόπον
765 750 833 819 τῇ
860 752 929 819 γῇ
970 746 1219 808 καταθεὶς
1267 747 1355 812 ἦν,
1408 744 1590 799 εἶπετο
1640 748 1719 815 τῷ
1760 744 1923 818 ἁγίῳ.

275 838 287 857 ν
437 834 491 852 κε
539 834 580 852 Νη
765 833 819 856 1"
1002 832 1060 855 )IN
1186 834 1197 853 ν
1339 835 1349 847 ι
1447 837 1469 846 ν
1576 834 1583 847 ν
1750 833 1759 846 ι

292 838 500 903 Επειοη
536 856 592 890 οε
646 854 945 890 σύνωοευον
991 854 1127 904 ηοη.
1202 832 1362 890 Αλλα
1412 856 1501 886 νυν
1555 834 1637 887 ὃτι
1690 834 1929 904 μαλιστα

278 925 573 999 προσέχειν
628 925 767 998 ὑμᾶς
824 924 976 993 ἀξιῶ,
1037 927 1217 995 θαῦμα
1265 923 1367 998 γὰρ
1438 921 1747 989 ἀκούσεσθε,
1796 920 1930 993 σύμ-

281 1034 472 1084 μικτον
520 1011 714 1087 ἡδονῇ,
762 1014 864 1069 Καὶ
912 1014 1016 1087 γὰρ
1065 1012 1235 1066 ὁπότε
1288 1013 1380 1084 μὲν
1422 1013 1448 1065 ὁ
1488 1010 1806 1089 Τροφιμίων
1852 1010 1928 1071 εἷς

277 1104 468 1172 κοινὴν
501 1100 607 1173 ἤδη
642 1102 827 1177 χρείαν
886 1102 1299 1179 ἐπιστρέφοντος
1349 1106 1445 1155 τοῦ
1489 1100 1642 1175 ἁγίου
1689 1100 1780 1154 τὸν
1830 1103 1926 1153 τοῦ

280 1192 448 1246 ἀσκοῦ
478 1190 619 1246 πόδα
649 1190 881 1262 λύσειεν,
910 1192 1055 1262 αὐτῷ
1086 1189 1152 1259 δὴ
1200 1192 1263 1244 τὸ
1303 1192 1436 1264 πρὸς
1474 1191 1535 1244 τὸ
1578 1191 1750 1263 παρὸν
1800 1204 1928 1243 συν·

276 1282 471 1338 τελοῦν
534 1284 696 1355 μόνον
738 1283 933 1358 ἀμιγὲς
989 1282 1152 1355 ἐξῄει,
1210 1284 1357 1343 οἶνος
1406 1282 1599 1355 τυχὸν,
1632 1281 1665 1349 ἢ
1700 1283 1845 1351 ὅξος,
1891 1282 1925 1350 ἢ

278 1368 492 1446 ἔχαιον,
532 1378 639 1427 τῶν
674 1370 861 1427 ἂλλων
893 1373 1028 1426 κατὰ
1060 1371 1249 1449 χώραν
1305 1372 1598 1443 μενόντων’
1651 1372 1817 1425 ὁπότε
1873 1368 1929 1424 δὲ

273 1458 442 1515 πάλιν
504 1460 705 1523 ἐκεῖνος
772 1462 823 1517 ἐν
879 1462 1040 1539 χρείᾳ
1097 1462 1242 1522 τινὸς
1306 1460 1595 1527 καταστὰς,
1683 1460 1731 1514 εἴ
1794 1460 1930 1514 κατᾶ

274 1552 506 1625 γνώμην
566 1555 662 1605 τοῦ
729 1550 889 1625 ἁγίου
946 1550 1126 1605 λύσειε
1182 1552 1274 1606 τὸν
1334 1552 1518 1619 ἀσκὸν,
1586 1549 1835 1605 τάναντία
1890 1548 1926 1619 ἤ

271 1635 435 1701 αὑτὸς
491 1635 789 1708 ἠϐούλετο,
877 1641 1200 1712 θαυμαστῶς
1280 1640 1442 1711 ἐξῄει·
1506 1641 1623 1709 ὅξος
1686 1640 1779 1711 μὶν
1838 1640 1924 1694 καὶ

269 1723 481 1797 ἔλαιον,
515 1728 565 1782 εἴ
595 1726 736 1802 δίψει
784 1730 954 1807 τυχὸν
1001 1728 1227 1804 ληφθεὶς
1275 1734 1510 1803 πειρῷτο
1558 1734 1722 1785 πιεῖν·
1776 1729 1820 1783 εἶ
1872 1728 1928 1784 δέ

2036 565 2243 621 rastris
2276 564 2507 633 relictis,
2540 570 2598 621 et
2628 581 2733 621 sua
2755 571 2911 622 veste
2941 574 3184 638 arrepta,
3217 582 3393 638 quam
3443 569 3681 636 propter

2034 654 2289 709 laborem
2325 656 2682 725 operationis
2712 655 2877 709 humi
2900 656 3267 726 deposuerat,
3293 662 3557 711 sanctum
3589 658 3679 709 est

2035 752 2295 801 secutus.
2338 747 2582 817 Jamque
2634 747 2810 802 simul
2860 747 3010 802 viam
3066 748 3311 802 inibant.
3363 748 3473 801 Sed
3525 762 3680 800 nunc

2034 836 2160 891 volo
2190 853 2290 891 vos
2321 853 2497 907 quam
2550 838 2802 892 maxime
2850 837 3188 891 attendere:
3223 835 3474 891 audietis
3521 836 3676 890 enim

2038 924 2385 979 miraculum
2431 924 2726 995 voluptate
2756 925 3160 980 commistum.
3198 924 3416 978 Etenim
3450 925 3678 993 quando

2033 1015 2411 1085 Trophimion
2446 1016 2515 1069 ad
2544 1031 2918 1070 communem
2967 1031 3161 1081 usum,
3196 1017 3393 1068 sancto
3419 1013 3680 1082 jubente,

2037 1107 2185 1160 utris
2234 1106 2574 1177 operculum
2620 1104 2958 1171 amovisset,
2990 1104 3249 1174 idipsum
3278 1102 3492 1169 solum,
3526 1102 3681 1171 quod

2034 1212 2181 1264 opus
2204 1198 2330 1249 erat
2353 1195 2412 1250 in
2437 1195 2758 1265 prasentia,
2779 1209 3082 1265 egressum
3107 1198 3197 1247 est
3218 1191 3374 1247 haud
3399 1191 3677 1246 mistum:

2035 1286 2255 1353 vinum,
2280 1286 2435 1341 verbi
2469 1300 2659 1350 causa,
2684 1290 2785 1340 aut
2811 1286 3066 1351 acetum,
3092 1286 3191 1338 aut
3222 1284 3439 1347 oleum,
3464 1281 3592 1336 aliis
3624 1280 3682 1337 in

2037 1375 2161 1431 loco
2194 1374 2591 1430 manentibus.
2617 1374 2861 1438 Quando
2893 1377 3087 1430 autem
3122 1372 3218 1427 ille
3250 1387 3455 1427 rursus
3486 1370 3684 1439 aliqua

2036 1481 2095 1519 re
2122 1465 2413 1536 indigens,
2436 1480 2551 1519 non
2580 1480 2609 1518 e
2633 1463 2921 1519 sententia
2951 1461 3138 1517 sancti
3172 1465 3360 1516 utrem
3393 1459 3680 1526 solvisset,

2036 1552 2460 1607 admirabiliter
2498 1553 2934 1621 egrediebantur
2976 1549 3263 1606 contraria
3302 1550 3394 1613 iis,
3427 1564 3552 1618 quae
3582 1564 3679 1602 vo-

2036 1642 2226 1697 lebat:
2261 1647 2484 1697 acetum
2537 1641 2797 1712 quidem,
2825 1644 2881 1695 et
2923 1639 3137 1705 oleum,
3172 1640 3218 1693 si
3259 1638 3353 1693 siti
3404 1637 3545 1692 forte
3594 1638 3683 1692 la-

2035 1734 2249 1787 borans
2298 1730 2469 1787 vellet
2512 1731 2731 1800 bibere,
2764 1730 2854 1784 sin
2885 1746 3015 1785 vero
3047 1728 3138 1783 his
3170 1732 3375 1783 contra
3404 1743 3552 1797 opus
3584 1726 3685 1780 ha-

269 1818 361 1872 καὶ
419 1814 662 1890 ἔμπαλιν
721 1819 900 1873 αὐτῶν
960 1816 1203 1887 δεηθείη,
1264 1820 1402 1879 οἶνος
1473 1818 1775 1897 ἀκραιφνὴς
1828 1822 1922 1873 τοῦ

2036 1821 2213 1889 beret,
2244 1820 2444 1875 vinum
2478 1837 2688 1892 purum
2724 1820 2946 1876 efﬂuxit
2993 1836 3062 1874 ex
3106 1823 3253 1873 utre.
3287 1817 3382 1871 Sic
3430 1817 3527 1885 qui
3577 1832 3685 1870 sua

270 1906 438 1961 ἀσκοῦ
516 1906 755 1981 ἀπέρρει.
826 1905 1015 1969 Οὕτως
1081 1908 1108 1961 ὁ
1174 1907 1349 1962 ἑκοντὶ
1445 1904 1692 1977 δολερὸς·
1780 1906 1921 1962 ἂκων

273 1996 493 2071 ὑπῆρχε
558 1997 773 2064 πιστὸς,
826 1993 1038 2060 οὐδενὸς
1087 1995 1160 2049 ὧν
1211 1994 1507 2066 ἠϐούλετο,
1553 1999 1687 2051 κατὰ
1739 1998 1925 2071 χρείαν

272 2084 601 2158 ἁπτόμενος,
666 2088 851 2162 σαφῶς
926 2085 1086 2141 αὐτον
1162 2090 1259 2140 τοῦ
1331 2086 1654 2160 πράγματος
1708 2084 1924 2141 ἐκδιδά-

273 2194 495 2235 σκοντος
527 2174 704 2247 ὀρθῶς
750 2171 896 2247 ἔχειν
947 2173 1036 2228 καὶ
1085 2172 1371 2248 ἀκεραίως,
1420 2174 1511 2228 καὶ
1564 2173 1732 2248 μηδὲν
1779 2175 1923 2249 παρᾶ

271 2266 372 2332 τὴν
438 2267 539 2318 τοῦ
616 2264 971 2339 χρησαμένου
1057 2263 1284 2338 γνώμην
1379 2270 1578 2323 ποιεῖν.
1647 2266 1920 2320 Τοιούτων

272 2347 552 2425 Ἀϐέρκιος
618 2357 724 2406 τῶν
787 2354 935 2425 παρὰ
1006 2356 1138 2407 Θεοῦ
1231 2352 1385 2407 θείων
1454 2352 1691 2407 ἀπέλαυε
1766 2372 1923 2427 χαρι-

270 2445 515 2514 σμάτων.
570 2447 746 2496 Πᾶσαν
809 2445 903 2496 οῦν
961 2441 1212 2515 εὐμαρῶς
1269 2440 1555 2502 ἀνύσαντες
1612 2442 1712 2511 τήν
1772 2440 1920 2508 ὁδὸν,

268 2529 320 2585 ἐν
381 2530 670 2601 Ἀτταλείᾳ
724 2538 823 2599 τῆς
906 2531 1237 2607 Παμφυλίας
1318 2531 1663 2605 κατάγονται.
1727 2533 1812 2587 Ἐν

270 2618 473 2675 πλοίου
538 2620 683 2681 τινὸς
749 2625 857 2675 τῶν
926 2618 1015 2674 ἐπὶ
1080 2620 1297 2691 Ῥώμην
1394 2619 1740 2695 ἀναγομένων
1810 2620 1922 2675 έπι-

271 2703 481 2780 ϐάντες,
536 2709 610 2771 εἷς
658 2710 749 2765 τὸν
800 2710 1103 2784 ὡρισμένον
1148 2708 1461 2782 καταίρουσι
1517 2709 1707 2781 τόπον,
1757 2709 1923 2784 πέρας

270 2798 392 2874 ἄρτι
432 2799 522 2853 καὶ
552 2804 648 2854 τοῦ
682 2803 789 2853 τῶν
823 2801 1045 2874 ἡμερῶν
1080 2793 1343 2860 λαϐόντος
1375 2800 1739 2871 συνθήματος.

344 2890 471 2946 ΚΑ’.
527 2892 651 2947 Τῶν
699 2890 789 2944 οὖν
844 2892 1240 2964 μαγιστριανῶν
1290 2887 1463 2961 τρισὶν
1512 2888 1730 2963 ὕστερον
1780 2889 1921 2963 ἡμέ-

271 3000 388 3054 ραις
416 2981 507 3036 καὶ
554 2982 705 3052 αὑτῷ
742 2981 1138 3058 καταχθέντων·
1193 2978 1367 3034 πολὺν
1413 2980 1516 3055 γὰρ
1546 2980 1731 3041 αὐτοῖς
1780 2980 1920 3055 ἐτρί-

270 3065 341 3140 ϐη
375 3071 576 3144 χρόνον
611 3070 639 3124 ὁ
670 3069 844 3132 πλοῦς
891 3067 979 3123 διὰ
1024 3070 1088 3124 τὸ
1135 3072 1236 3133 τῆς
1286 3066 1428 3143 ὥρας
1474 3070 1780 3145 χειμέριον,
1829 3072 1919 3125 καὶ

2033 1917 2239 1983 sponte
2288 1910 2395 1965 fuit
2445 1909 2876 1973 fraudulentus,
2910 1908 3124 1962 invitus
3164 1908 3272 1961 fuit
3303 1904 3512 1971 ﬁdelis,
3546 1920 3682 1959 cum

2033 2001 2178 2055 nihil
2210 2004 2473 2071 tangeret
2501 2016 2570 2054 ex
2601 1999 2693 2067 iis,
2720 2015 2846 2069 quas
2876 1997 3103 2052 volebat
3133 1997 3203 2050 ad
3238 2010 3426 2061 usum,
3462 2009 3523 2048 re
3556 1994 3682 2061 ipsa

2033 2106 2163 2146 eum
2197 2095 2394 2160 aperte
2424 2090 2689 2155 docente,
2722 2092 2787 2142 ut
2818 2092 2969 2142 recte
2997 2103 3059 2141 se
3089 2090 3314 2157 gereret
3345 2089 3403 2139 et
3432 2083 3682 2151 sincere,

2031 2183 2088 2235 et
2118 2178 2266 2233 nihil
2299 2179 2513 2233 faceret
2562 2180 2767 2247 praeter
2815 2176 3167 2231 sententiam
3209 2175 3358 2243 ejus,
3391 2173 3487 2244 qui
3521 2187 3679 2227 com-

2034 2269 2350 2323 modasset.
2383 2266 2539 2321 Talia
2567 2282 2602 2321 a
2634 2266 2746 2320 Deo
2786 2265 2939 2320 dona
2979 2264 3089 2319 fuit
3117 2268 3462 2318 consecutus
3491 2262 3671 2316 Aber-

2031 2357 2177 2413 cius.
2238 2360 2379 2412 Cum
2438 2372 2573 2428 ergo
2632 2360 2815 2412 totum
2876 2355 2987 2409 iter
3039 2353 3210 2407 facile
3264 2351 3668 2417 confecissent,

2032 2446 2273 2501 veniunt
2301 2445 2361 2499 in
2393 2446 2645 2500 Ataliam
2696 2441 3051 2513 Pamphylia
3103 2442 3413 2495 civitatem.
3450 2438 3513 2494 In
3556 2455 3673 2513 qua

2030 2551 2165 2590 cum
2212 2550 2418 2589 navem
2468 2533 2968 2599 conscendissent,
3002 2547 3130 2601 quis
3165 2530 3407 2584 Romam
3440 2508 3673 2599 proiici-

2032 2624 2322 2691 scebatur,
2336 2623 2393 2676 in
2411 2621 2597 2677 locum
2614 2619 2913 2692 appellunt
2925 2619 3331 2685 constitutum,
3348 2632 3481 2673 cum
3505 2618 3674 2672 modo

2032 2713 2208 2768 ﬁnem
2237 2710 2558 2782 accepisset
2584 2709 2810 2765 dierum
2842 2708 3165 2765 conventio.

2099 2894 2254 2949 XXI.
2288 2890 2652 2964 Magistriani
2693 2906 2826 2945 vero
2866 2888 3053 2944 tribus
3086 2891 3287 2956 postea
3324 2887 3530 2943 diebus
3562 2886 3677 2958 ipsi

2029 2998 2262 3055 quoque
2290 2981 2639 3052 appulerunt
2665 2996 2679 3034 :
2712 2979 2822 3035 fuit
2850 2978 3007 3034 enim
3041 2978 3213 3048 longa
3242 2993 3404 3033 mora
3435 2976 3677 3047 naviga-

2028 3074 2202 3129 tionis
2247 3076 2481 3145 propter
2536 3073 2962 3141 tempestatem.
3014 3068 3291 3133 Quociroa
3349 3066 3675 3122 tarditatem

266 3156 455 3213 πολλὰ
514 3160 690 3236 σφίσιν
733 3160 918 3219 αὐτοῖς
981 3156 1342 3234 μεμφομένων
1400 3165 1499 3227 τῆς
1555 3156 1914 3233 βραδυτῆτος,

2033 3179 2192 3218 suam
2250 3162 2410 3217 valde
2467 3159 2859 3216 accusabant:
2913 3156 3056 3229 quin
3110 3157 3280 3211 etiam
3342 3156 3677 3211 statuebant

265 3247 411 3305 οὕτω
440 3268 498 3301 τε
529 3247 794 3321 οἰομένων
831 3248 929 3316 ὡς,
962 3247 1005 3301 εἰ
1054 3249 1128 3320 μὴ
1170 3248 1250 3318 τῷ
1292 3248 1428 3320 ἁγίῳ
1469 3252 1604 3302 κατὰ
1650 3248 1744 3311 τὰς
1795 3270 1915 3303 συν-

268 3340 441 3408 θήκας
501 3335 802 3412 ἐντύχοιεν,
854 3337 888 3405 ἤ
943 3338 1163 3391 ἑαυτοὺς
1210 3337 1379 3410 ὠμῶς
1434 3336 1853 3413 διαχρήσασθαι,
1886 3341 1920 3410 ἢ

264 3428 314 3483 εἷ
346 3431 428 3498 τῷ
477 3426 841 3501 αὐτοκράτορι
894 3432 1099 3495 κεναῖς,
1132 3427 1160 3480 ’ὀ
1194 3424 1259 3494 δὴ
1314 3424 1548 3503 λέγεται,
1602 3430 1789 3505 χερσὶν
1819 3427 1925 3501 έμ-

268 3517 567 3593 φανισθεῖεν
628 3515 715 3569 ὑπ’
782 3514 987 3569 ἐκείνου
1046 3514 1411 3585 ἀναιρεθῆναι.
1474 3520 1652 3573 Ταῦτα
1718 3518 1923 3573 τούτων

268 3606 386 3661 καθ’
444 3604 667 3665 ὲαυτοῦς
728 3600 1229 3677 διασκοπουμένων,
1298 3604 1482 3672 ἐπειδὴ
1544 3602 1817 3675 ἀπέϐησαν
1867 3626 1925 3660 τε

269 3699 371 3762 τῆς
402 3694 539 3773 νηὸς,
578 3690 709 3763 ἤδη,
770 3693 857 3747 καὶ
915 3695 1010 3753 τὰς
1069 3694 1388 3768 καταγωγὰς
1446 3694 1775 3768 ἀνηρεύνων,
1834 3704 1924 3756 καὶ

272 3784 371 3850 τήν
404 3781 570 3850 ἀκτὴν
625 3781 934 3854 περιῄεσαν,
987 3781 1373 3859 ἐντυγχάνουσι
1422 3787 1499 3853 τῷ
1546 3785 1701 3859 ἁγίῳ.
1736 3786 1794 3841 Ὀ
1830 3785 1922 3856 μὲν

273 3871 495 3939 οῦντήν
557 3867 729 3940 δεξιὰν
780 3868 1089 3945 προτείνας,
1146 3869 1235 3922 καὶ
1290 3870 1482 3932 αὐτοὺς
1528 3872 1924 3946 ἀσπασάμενος,

271 3957 572 4039 προσφιλές
605 3980 662 4013 τε
696 3956 808 4014 εἶδε
856 3959 982 4019 τοὺς
1031 3954 1249 4031 ἄνδρας,
1298 3960 1386 4013 καὶ
1440 3959 1755 4034 πράωςτοῦ
1804 3983 1923 4017 συν-

272 4053 524 4123 θήματος
558 4049 988 4122 ὑπεμίμνησκεν.
1023 4048 1090 4105 Οἱ
1119 4045 1174 4102 δὲ
1205 4044 1427 4121 ἄσμενοι
1460 4055 1649 4105 τοῦτον
1705 4052 1779 4115 ὡς
1827 4053 1926 4106 οὐκ

269 4138 329 4195 ἄν
365 4139 604 4207 ἤλπισαν
644 4136 867 4207 ίδόντες,
911 4137 1275 4213 προσεκύνουν
1336 4138 1551 4209 εὐθέως,
1600 4142 1924 4215 περιεπτύσ-

273 4247 454 4296 σοντο,
486 4222 852 4300 περιέϐαλλον
884 4228 1081 4297 πάντα,
1114 4224 1295 4281 τᾶλλα
1345 4226 1564 4282 ἐποίουν
1597 4229 1693 4283 ὅσα
1734 4233 1924 4304 ψυχῆς

281 4315 384 4368 ὑπὸ
440 4314 795 4390 περιχαρείας
851 4318 1215 4390 κεκινημένης
1281 4316 1390 4371 ἐστὶ
1458 4314 1731 4391 σύμϐολα.
1793 4320 1925 4376 Εἶτα

275 4399 705 4477 παραλαϐόντες,
765 4404 954 4458 εἱσίασί
1003 4427 1059 4461 τε
1110 4408 1212 4476 την
1260 4408 1504 4480 Ῥώμην,
1562 4408 1650 4463 καὶ
1708 4408 1781 4469 ὠς
1830 4410 1920 4463 τὸν

277 4493 523 4567 ὕπαρχον
556 4492 742 4566 ἃγουσι
777 4494 1173 4567 Κορνηλιανόν.
1215 4497 1277 4552 Ὀ
1330 4494 1406 4562 δὲ,
1459 4495 1643 4567 ἐπειδὴ
1693 4498 1784 4553 τὸν
1831 4498 1918 4553 αύ-

2030 3251 2143 3308 nisi
2201 3255 2482 3317 sanctum,
2516 3254 2581 3304 ut
2628 3251 2995 3313 convenerat,
3038 3244 3383 3312 invenirent,
3426 3242 3513 3299 vel
3563 3241 3675 3298 sibi

2029 3339 2175 3413 ipsis
2207 3346 2456 3395 mortem
2488 3337 2800 3395 crudeliter
2828 3336 3212 3391 consciscere.
3245 3332 3389 3389 Nam
3423 3334 3467 3387 si
3497 3333 3675 3402 impe-

2030 3430 2203 3486 ratori
2253 3428 2473 3497 vacuis,
2530 3430 2595 3481 ut
2649 3426 2882 3493 dicitur,
2944 3425 3218 3479 manibus
3273 3440 3331 3478 se
3388 3423 3675 3490 sisterent,

2032 3521 2387 3589 metuebant,
2420 3534 2493 3574 ne
2543 3516 2613 3572 ab
2662 3515 2763 3571 illo
2813 3514 3297 3569 interﬁcerentur.
3341 3512 3472 3567 Haec
3520 3511 3673 3582 apud

2031 3628 2092 3667 se
2123 3611 2318 3665 animo
2349 3608 2654 3679 agitantes,
2679 3606 2955 3675 cumjam
2990 3619 3019 3658 e
3050 3605 3178 3659 navi
3214 3603 3675 3670 descendissent,

2030 3705 2086 3755 et
2128 3705 2517 3756 scrutarentur
2572 3695 2906 3762 diversoria,
2942 3699 2999 3749 et
3047 3693 3210 3747 littus
3257 3691 3501 3754 obirent,
3534 3706 3676 3745 san-

2031 3794 2186 3844 ctum
2220 3786 2542 3843 inveniunt.
2578 3784 2677 3839 Ille
2707 3788 2901 3839 autem
2935 3800 3067 3839 cum
3102 3798 3346 3837 manum
3390 3779 3676 3851 porrexis-

2030 3883 2139 3948 set,
2164 3882 2221 3932 et
2249 3892 2347 3933 eos
2379 3874 2712 3942 salutasset,
2736 3875 2921 3927 amice
2952 3888 3050 3927 eos
3082 3870 3327 3940 aspexit,
3362 3873 3417 3923 et
3449 3866 3676 3938 placide

2029 3971 2257 4038 pactum
2310 3968 2660 4020 conventum
2710 3960 2999 4017 revocavit
3034 3960 3095 4014 in
3139 3959 3499 4014 memoriam.
3534 3955 3676 4010 Cum

2028 4072 2162 4112 vero
2219 4054 2331 4125 ipsi
2390 4053 2635 4108 libenter
2690 4068 2822 4107 eum
2886 4054 3092 4119 praeter
3151 4064 3312 4119 spem
3373 4046 3676 4113 vidissent,

2031 4144 2298 4215 protinus
2329 4142 2671 4209 adorabant,
2698 4139 3221 4211 amplectebantur,
3255 4141 3311 4191 et
3338 4134 3535 4191 omnia
3566 4134 3679 4188 alia

2030 4235 2337 4303 faciebant,
2397 4250 2522 4304 quas
2582 4235 2713 4287 sunt
2765 4230 2929 4301 signa
2997 4227 3171 4283 animi
3243 4225 3383 4281 moti
3458 4224 3673 4281 laetitia.

2030 4324 2251 4379 Deinde
2281 4339 2413 4377 cum
2445 4336 2580 4376 eum
2613 4335 2813 4375 secum
2844 4316 3324 4387 assumpsissent,
3345 4313 3679 4386 ingrediun-

2031 4418 2127 4467 tur
2183 4413 2452 4477 Romam,
2504 4414 2561 4465 et
2614 4410 2684 4464 ad
2746 4407 2995 4481 praetorii
3056 4406 3391 4478 praefectum
3451 4404 3677 4459 ducunt

2032 4501 2464 4557 Cornelianum.
2502 4498 2602 4554 Ille
2631 4506 2841 4563 autem,
2880 4512 3011 4552 cum
3043 4495 3363 4567 imperator
3388 4492 3679 4547 Antonius

275 4581 601 4655 τοκράτορα.
656 4582 973 4637 Ἀντωνῖνον
1017 4586 1051 4651 ἡ
1106 4587 1240 4639 κατὰ
1294 4590 1399 4640 τῶν
1440 4582 1733 4661 Βαρϐάρων
1782 4589 1922 4663 εἶχεν

2034 4591 2461 4664 expeditionem
2530 4561 2884 4659 suscepisset
2948 4561 3151 4643 contra
3208 4586 3517 4650 Barbaros,
3578 4581 3678 4654 qui

278 4671 583 4745 ἐκστρατιὰ,
625 4670 717 4724 τὸν
748 4670 941 4738 Ῥῆνόν
991 4692 1049 4726 τε
1106 4668 1429 4742 διαϐάντων,
1484 4676 1573 4730 καὶ
1632 4679 1730 4746 τὴν
1784 4679 1923 4734 Ῥω-

281 4760 455 4834 μαίων
491 4758 927 4829 λεηλατούντων,
975 4762 1067 4815 τὸν
1126 4759 1293 4836 ἂνδρα
1348 4764 1485 4837 πρὸς
1540 4768 1639 4834 την
1688 4766 1922 4841 Αὐγούσ-

275 4870 370 4904 ταδ
428 4848 544 4922 ἄγει
593 4847 913 4904 Φαυστίναν.
962 4850 1056 4906 ’ον
1107 4850 1281 4919 ἐκείνη
1334 4856 1635 4926 θεασαμένη
1691 4858 1919 4929 γεραρὸν

278 4938 421 4993 οὕτω
453 4938 541 4993 καὶ
584 4939 804 5012 σεμνὸν,
836 4939 924 4994 καὶ
954 4940 1016 4993 τὸ
1062 4937 1326 5013 εὔκοσμον
1379 4945 1495 4997 οἷον
1542 4944 1628 4998 καὶ
1677 4946 1918 5019 γαληνὸν

277 5028 667 5101 ὑποφαίνοντα,
726 5027 915 5090 αῗδοῦς
972 5027 1266 5092 ὑπόπλεως
1353 5030 1574 5107 γίνεται,
1658 5034 1748 5089 καὶ
1827 5035 1918 5090 σὺν

276 5116 469 5191 πολλῇ
502 5118 662 5173 αὑτὸν
696 5118 986 5187 ἀσπάζεται
1030 5123 1098 5191 τῇ
1152 5121 1569 5194 σεμνοπρεπείᾳ.
1622 5124 1741 5177 Καὶ.
1795 5126 1919 5181 ’Ότι

282 5208 378 5279 μἐν
419 5205 620 5282 ἀγαθοῦ
650 5208 737 5261 καὶ
771 5209 943 5263 πάντα
974 5206 1297 5281 δυναμένου,
1332 5208 1500 5286 λέγει,
1542 5217 1675 5266 Θεοῦ
1722 5210 1919 5275 δοῦλος

277 5294 551 5365 εἱ,δῆλον,
584 5296 633 5365 ἐξ
667 5295 740 5349 ὧν
776 5294 943 5351 ἄλλοι
974 5318 1031 5352 τε
1079 5295 1305 5353 πολλοὶ
1350 5299 1637 5373 πρότερον,
1689 5301 1779 5355 καὶ
1830 5306 1920 5355 νῦν

277 5384 614 5460 ἀπήγγειλαν
675 5384 1056 5449 ἐπανελθόντες
1109 5388 1158 5441 οἱ
1223 5390 1592 5463 μαγιστριανοὶ
1654 5391 1765 5465 (καὶ
1818 5393 1918 5465 γὰρ

276 5474 386 5545 ἤδη
414 5474 502 5529 καὶ
534 5475 660 5549 παρ’
710 5474 886 5528 αὑτῶν
919 5478 953 5545 ἡ
988 5477 1260 5531 Φαυστίνα
1314 5478 1381 5531 τὰ
1428 5480 1561 5532 κατὰ
1616 5482 1706 5534 τὸν
1758 5477 1921 5555 ἄνδρα

277 5565 657 5639 ἐμεμαθήκειγ
730 5560 922 5636 δέομαι
990 5564 1079 5618 οῦν
1177 5563 1343 5638 μηδὲν
1422 5564 1777 5633 ἀναϐαλέσθαι
1831 5572 1916 5624 καὶ

276 5652 548 5729 βασιλέων
583 5652 864 5729 εὐεργέτης
915 5652 1165 5733 ὀφθῆναι,
1216 5654 1306 5709 καὶ
1345 5656 1406 5710 τὸ
1453 5658 1697 5712 ταπεινὸν
1756 5661 1917 5732 ἡμῶν

2031 4682 2298 4739 Rhenum
2332 4681 2700 4746 transierant,
2723 4684 2779 4734 et
2809 4683 3204 4734 Romanorum
3235 4691 3405 4747 agros
3432 4672 3677 4746 popula-

2031 4775 2269 4841 bantur,
2301 4788 2435 4830 eum
2468 4772 2629 4827 ducit
2659 4772 2726 4825 ad
2750 4772 3075 4842 Augustam
3110 4770 3466 4824 Faustinam.
3494 4768 3675 4832 Quem

2031 4870 2337 4933 postquam
2370 4861 2471 4915 illa
2510 4860 2735 4931 aspexit
2782 4860 2923 4914 adeo
2972 4858 3283 4914 honestum
3315 4864 3365 4911 et
3397 4870 3679 4911 veneran-

2030 4954 2191 5019 dum,
2214 4956 2273 5006 et
2295 4950 2396 5022 qui
2426 4964 2720 5005 summam
2754 4948 3213 5003 moderationem
3246 4962 3361 5018 prie
3380 4962 3441 5001 se
3463 4944 3679 5000 ferebat

2030 5048 2086 5099 et
2114 5040 2620 5113 tranquillitatem,
2645 5038 2923 5110 impletur
2952 5040 3193 5111 pudore,
3217 5042 3273 5094 et
3295 5054 3428 5093 cum
3460 5035 3679 5092 salutat

2032 5130 2369 5195 honorifice,
2403 5132 2479 5194 et,
2512 5127 2671 5191 Quod
2723 5126 2802 5182 sis
2846 5127 2983 5181 boni
3039 5126 3269 5196 quidem
3318 5124 3440 5189 Dei,
3472 5128 3526 5179 et
3576 5122 3677 5194 qui

2032 5218 2229 5272 omnia
2284 5221 2493 5286 potest,
2544 5231 2767 5280 servus,
2798 5213 3011 5283 inquit,
3044 5218 3133 5267 est
3177 5212 3431 5277 evidens,
3466 5220 3575 5266 tam
3610 5226 3678 5265 ex

2031 5306 2125 5371 iis,
2158 5322 2287 5376 quas
2317 5305 2416 5359 alii
2450 5304 2614 5358 multi
2652 5302 2832 5374 prius,
2865 5309 2922 5357 et
2948 5318 3100 5356 nunc
3136 5301 3344 5356 reversi
3380 5302 3675 5355 renuntia-

2032 5402 2168 5450 runt
2200 5394 2583 5467 magistriani,
2613 5394 2850 5465 (etenim
2895 5394 3018 5463 jam
3067 5409 3291 5462 quoque
3320 5408 3388 5446 ex
3418 5392 3500 5445 eis
3532 5393 3679 5443 Fau-

2032 5484 2185 5540 stina
2217 5485 2287 5539 de
2319 5483 2417 5539 illo
2453 5483 2774 5554 acceperat)
2820 5499 2959 5554 rogo
3007 5482 3207 5553 igitur,
3243 5487 3304 5535 ut
3338 5480 3481 5535 nihil
3512 5478 3678 5534 diffe-

2034 5590 2144 5643 ras,
2175 5574 2273 5629 sed
2308 5573 2584 5629 beneflcio
2615 5572 2838 5627 afﬁcias
2883 5573 3280 5642 imperatores,
3313 5575 3368 5624 et
3400 5567 3677 5623 humilem

2032 5666 2291 5719 nostram
2323 5678 2515 5719 serves
2545 5665 2601 5719 et
2631 5678 2797 5718 cures
2843 5660 3107 5717 filiolam.
3142 5660 3237 5717 Sic
3266 5660 3420 5716 enim
3452 5676 3485 5714 a
3512 5657 3677 5714 nobis
