4048 6202
457 275 610 333 1239

1805 272 2084 335 MENSIS
2127 272 2507 336 OGTOBEli.

3673 283 3799 344 1240

450 430 647 502 magni
680 430 952 501 honores,
978 437 1031 487 et
1059 432 1213 488 dona
1259 432 1363 489 tibi
1413 433 1624 491 collata
1673 433 1923 490 referent
1972 449 2095 506 gra-

2212 437 2381 487 σῶσαι
2435 432 2528 487 καί
2603 435 2928 508 θεραπεῦσαι
3011 434 3321 512 θυγάτριον.
3389 434 3546 496 Οῦτω
3599 441 3689 517 γάρ
3740 464 3799 497 σοι

450 520 616 578 tiam.

521 698 697 756 XXII.
732 701 860 758 Haec
909 702 1010 758 illa
1053 719 1183 759 cum
1235 720 1447 776 magna
1495 704 1721 761 dicebat
1770 705 2095 760 affectione.

450 794 587 845 Eam
618 791 776 846 enim
816 792 1081 847 ﬂectebat
1132 799 1350 848 naturae
1396 796 1734 862 necessitas,
1762 802 1816 850 et
1847 794 2097 849 faciebat

452 884 516 935 ut
545 879 704 935 illius
731 880 1047 950 postularet
1077 882 1379 951 auxilium,
1413 900 1581 954 quem
1617 885 1702 956 (ut
1728 900 1859 939 cum
1899 883 2094 938 divino

450 971 641 1024 dicam
674 969 911 1041 Davide)
944 972 1075 1027 odio
1109 972 1399 1028 habebant
1445 976 1645 1045 gratis,
1678 979 1735 1029 et
1766 992 1879 1030 non
1920 975 2096 1030 susti-

450 1059 668 1113 nebant
688 1059 929 1114 adorare
953 1064 1234 1131 tanquam
1257 1078 1457 1116 verum
1484 1063 1661 1117 Deum
1679 1062 1720 1117 ⁵.
1742 1062 1840 1117 Ille
1863 1072 2055 1118 autem
2080 1082 2090 1116 :

450 1148 693 1218 Accepta
740 1148 980 1218 quidem
1026 1158 1134 1216 est,
1172 1150 1383 1222 inquit,
1424 1151 1592 1207 nobis
1645 1156 1743 1207 tua
1787 1150 2091 1208 voluntas:

450 1237 548 1292 sed
584 1253 689 1292 nos
735 1236 896 1292 nullo
924 1254 993 1292 ex
1023 1238 1116 1309 iis,
1148 1256 1275 1310 quae
1308 1244 1444 1295 sunt
1486 1242 1640 1312 apud
1692 1258 1813 1310 vos,
1847 1242 2094 1297 delecta-

448 1339 602 1391 mur,
636 1329 701 1379 ut
730 1325 829 1396 qui
862 1342 1068 1381 vanam
1121 1326 1271 1381 hanc
1317 1328 1573 1399 speciem
1620 1330 1967 1401 jampridem
2000 1348 2095 1386 ex-

446 1413 825 1485 spuerimus:
879 1418 937 1469 et
996 1415 1212 1487 alioqui
1273 1434 1377 1473 nec
1439 1420 1701 1475 mercede
1770 1420 2096 1490 praebemus

444 1502 683 1573 gratias,
708 1518 832 1573 quas
866 1502 1035 1557 nobis
1060 1521 1093 1558 a
1116 1504 1230 1559 Deo
1262 1505 1404 1559 datae
1438 1511 1601 1572 sunt,
1622 1510 1807 1578 gratis
1838 1514 2093 1579 accepta,

447 1590 624 1662 gratis
682 1607 909 1662 quoque
974 1592 1113 1648 dare
1162 1594 1320 1663 jussi
1351 1594 1393 1648 δ.
1430 1595 1540 1651 Sed
1591 1596 1692 1650 ubi
1739 1603 1848 1667 est,
1881 1599 2094 1667 inquit,

448 1680 615 1734 ﬁlia?
642 1680 919 1736 Faustina
949 1686 1142 1737 autem
1176 1700 1347 1753 quam
1379 1686 1567 1755 potuit
1597 1686 1892 1743 celerrime
1917 1689 2098 1743 currit

447 1769 506 1825 in
543 1768 888 1837 thalamum,
921 1778 976 1826 et
1005 1778 1303 1844 acceptam
1357 1773 1535 1829 ﬁliam
1586 1776 1823 1830 attrahit
1856 1778 1924 1832 ad
1958 1794 2095 1833 san-
2127 1810 2181 1875 Β

449 1862 609 1913 ctum
656 1875 834 1929 quam
884 1862 1135 1917 maximo
1184 1863 1388 1918 ardore
1418 1868 1476 1919 et
1502 1864 1688 1920 studio
1722 1865 1837 1922 dici
1882 1872 2092 1938 potest.

448 1946 710 2004 Puellam
759 1965 891 2005 vero
940 1949 1271 2007 inhabitans
1315 1952 1797 2010 sceleratissimus
1846 1956 2093 2025 daemon,

448 2051 582 2090 cum
632 2038 1001 2107 cognovisset
1032 2055 1092 2093 se
1124 2040 1195 2093 ad
1227 2055 1358 2095 eum
1393 2042 1626 2110 abduci,
1661 2060 1695 2097 a
1716 2061 1831 2114 quo
1880 2045 2097 2100 sciebat

448 2139 510 2178 se
552 2125 715 2195 prius
758 2126 939 2181 fuisse
972 2132 1329 2198 superatum,
1364 2129 1725 2202 discerpebat
1755 2132 2006 2203 puellam
2038 2140 2096 2189 et

449 2211 795 2281 dejiciebat:
844 2214 1071 2283 timere,
1123 2217 1479 2286 conturbari,
1533 2228 1793 2287 tremere,
1846 2221 2096 2293 caligare

449 2299 720 2357 faciebat.
753 2300 974 2356 Deinde
1022 2304 1197 2358 etiam
1230 2321 1424 2361 vocem
1458 2322 1524 2361 ex
1556 2324 1622 2363 ea
1652 2310 1975 2378 emittebat,
2007 2312 2094 2365 di-

449 2391 673 2441 centem
703 2403 715 2439 :
749 2387 915 2455 Ecce,
949 2390 1176 2455 Aberci,
1210 2406 1315 2462 ego
1367 2398 1421 2447 te
1468 2393 1711 2449 Romam
1745 2396 1906 2467 duxi,
1946 2399 2098 2454 sicut

448 2491 581 2530 sum
616 2474 927 2546 pollicitus.
961 2477 1061 2533 Ille
1113 2488 1345 2535 autem:
1380 2484 1560 2549 Certe,
1594 2484 1821 2556 inquit:
1857 2488 1957 2543 sed
1993 2504 2094 2544 ne-

450 2580 746 2635 quaquam
806 2571 1113 2639 propterea
1172 2571 1477 2641 gaudebis.
1511 2573 1605 2628 Sic
1654 2575 1820 2645 dixit,
1849 2578 2097 2648 etjuhet

449 2654 700 2725 puellam
750 2656 885 2711 duci
933 2658 1043 2713 sub
1080 2658 1195 2714 dio.
1230 2665 1408 2717 Ducta
1454 2667 1543 2718 est
1591 2681 1726 2736 ergo
1771 2666 1965 2737 puella
1996 2684 2098 2740 per

452 2742 934 2815 Hippodromum,
959 2763 1092 2802 cum
1126 2748 1494 2819 imperatoris
1526 2753 1804 2811 satellites
1825 2760 1882 2811 et
1910 2762 2098 2814 custo-

448 2830 551 2887 des
581 2834 773 2889 locum
806 2836 966 2906 prius
997 2845 1400 2909 occupassent.
1437 2843 1676 2898 Interim
1718 2848 1912 2902 autem
1964 2864 2095 2905 cum

447 2920 545 2975 ille
574 2922 885 2993 impudens
916 2930 973 2979 et
1005 2927 1320 2984 sceleratus
1368 2930 1596 2986 damon
1647 2934 1997 3006 discerperet
2043 2942 2100 2993 et

446 3011 723 3079 dejiceret
753 3013 1026 3081 puellam,
1050 3020 1107 3069 et
1130 3017 1275 3071 nihil
1310 3017 1469 3073 aliud
1504 3020 1784 3077 clamaret
1807 3024 1921 3079 nisi
1944 3028 2095 3096 quod

444 3098 635 3153 solum
684 3099 1055 3170 signiﬁcabat
1086 3119 1145 3158 se
1174 3104 1409 3174 gloriari
1442 3111 1498 3162 et
1522 3109 1768 3181 jactare,
1801 3114 1955 3183 quod
1998 3131 2099 3185 per

2211 521 2445 595 μεγάλαι
2482 524 2641 596 τιμαὶ
2718 525 2845 597 παρ’
2906 527 3067 598 ἡμῶν
3125 526 3213 581 καὶ
3274 525 3470 602 δωρεαὶ
3523 531 3616 597 τὴν
3670 533 3802 608 χάριν

2208 610 2557 683 ἀμείψονται.

2280 702 2399 760 ΚΒ’.
2444 704 2628 757 Ταῦτα
2657 703 2791 775 μετὰ
2836 702 3060 773 πολλῆς
3122 705 3422 780 ὑπηγόρευε
3470 718 3565 775 τῆς
3616 728 3804 781 περιπα-

2207 788 2371 851 θείας’
2406 787 2679 864 ἔκσμπτον
2734 796 2836 867 γὰρ
2884 795 3053 862 αὐτὴν
3106 795 3161 848 αἱ
3202 802 3302 864 τῆς
3350 794 3555 868 φύσεως
3600 797 3803 870 ἀνάγκαι,

2206 880 2294 931 καὶ
2332 881 2532 952 βοηθὸν
2572 882 2791 937 ἐποίουν
2847 883 3047 938 ἐκεῖνον
3099 883 3373 955 ἐπιζητεῖν
3433 886 3490 940 ὃν
3543 888 3687 955 (κατὰ
3733 889 3802 943 τὸν

2208 968 2348 1022 θεῖον
2406 969 2567 1045 φάναι
2614 969 2809 1044 Δαυῖδ)
2864 970 3069 1045 δωρεὰν
3124 973 3363 1044 ἐμίσουν,
3419 975 3508 1028 καὶ
3557 976 3623 1036 ὡς
3659 976 3801 1045 ἀληθῆ

2206 1066 2521 1131 προσκυνεῖν
2557 1063 2658 1117 οὐκ
2707 1063 3014 1141 ἠνείχοντο,
3064 1065 3124 1121 Ὁ
3167 1061 3243 1136 δὲ,
3295 1063 3595 1120 Ἀπόδεκτα
3643 1068 3722 1139 μὲν
3758 1070 3805 1121 τὰ

2206 1155 2303 1217 τῆς
2337 1151 2730 1224 προαιρέσεως,
2763 1150 2890 1231 ἔφη,
2921 1160 3024 1222 τῆς
3065 1160 3182 1222 σῆς.
3223 1154 3371 1223 πλὴν
3421 1153 3594 1209 οὐδενὶ
3636 1157 3802 1210 τούτων

2205 1241 2368 1310 ἡμεῖς
2420 1244 2525 1293 τῶν
2568 1242 2694 1316 παρ’
2756 1242 2882 1314 ὑμῖν
2940 1242 3141 1314 τιμίων
3201 1239 3467 1315 ἡδόμεθα,
3525 1242 3679 1299 πάλαι
3728 1246 3801 1313 τήν

2205 1334 2367 1401 κενὴ)
2396 1333 2596 1403 ταύτην
2631 1334 3020 1397 διαπτύσαντες
3072 1335 3384 1413 φαντασίαν·
3427 1334 3610 1398 ἄλλως
3654 1358 3703 1391 τε
3744 1335 3802 1400 δὲ,

2208 1417 2331 1474 οὐδὲ
2368 1419 2673 1495 ἐμμίσθους
2701 1423 2795 1485 τὰς
2844 1425 2991 1495 παρὰ
3041 1430 3174 1480 Θεοῦ
3233 1423 3475 1487 δοθείσας
3520 1428 3645 1498 ἡμῖν
3674 1425 3801 1499 πσρὲ-

2207 1528 2380 1583 χομεν
2437 1510 2688 1586 χάριτας,
2739 1509 2941 1587 δωρεὰν
2991 1509 3272 1583 λαϐόντες,
3324 1514 3414 1568 καὶ
3464 1512 3655 1588 δωρεὰν
3694 1512 3805 1567 διδό-

2204 1621 2290 1653 ναι
2320 1600 2752 1674 κεκελευσμένοι.
2788 1601 2965 1660 (Αλλά
2994 1608 3098 1658 ποῦ
3141 1626 3248 1674 σοι,
3301 1605 3467 1681 φησὶν
3499 1607 3531 1674 ἡ
3564 1604 3803 1679 θυγάτηρς

2208 1690 2304 1744 Καὶ
2345 1694 2378 1759 ἡ
2415 1693 2711 1763 Φαυστίνα,
2744 1692 2819 1754 ὡς
2850 1694 2969 1767 εἶχε
2997 1694 3225 1769 τάχους,
3260 1694 3417 1756 εὐθὺς
3454 1693 3529 1757 εἷς
3555 1694 3638 1749 τὸν
3668 1693 3807 1757 θάλα-

2210 1781 2310 1851 μόν
2367 1801 2427 1833 τε
2476 1779 2767 1855 εἰστρέχει,
2820 1782 2909 1836 γαὶ
2948 1789 3049 1852 τῆς
3107 1780 3299 1845 παιδὸς
3357 1783 3493 1851 αῦτή
3550 1779 3806 1855 λαϐομένη,

2203 1867 2647 1945 ἐφὲλκεταιπρὸς
2680 1872 2769 1925 τὸν
2824 1873 2997 1946 ἅγιον,
3053 1874 3169 1944 μεθ’
3219 1873 3353 1942 ὅσης
3406 1874 3464 1927 ἂν
3510 1880 3602 1941 τῆς
3646 1873 3808 1945 θερμό-

2202 1980 2365 2027 τητος
2398 1957 2569 2020 εἷ’ποις
2600 1958 2689 2012 καὶ
2716 1966 2816 2029 τῆς
2861 1957 3124 2030 σπουδῆς.
3158 1962 3219 2018 Ὁ
3272 1960 3465 2033 μέντοι
3523 1960 3729 2015 ἐποικῶν
3756 1964 3805 2033 τῇ

2203 2046 2356 2102 παιδῖ
2387 2044 2757 2122 πονηρότατος
2808 2046 3040 2121 δαίμων,
3099 2049 3212 2104 ἐπεὶ
3261 2052 3401 2123 πρὸς
3432 2051 3590 2105 αὐτὸν
3633 2049 3802 2123 ἀπαγό-

2209 2157 2367 2210 μενος
2397 2135 2556 2212 ἔγνω,
2590 2136 2652 2192 οῦ
2681 2140 2770 2193 καὶ
2802 2140 3065 2213 πρότερον
3116 2138 3400 2212 ἐγίνωσκεν
3453 2140 3705 2209 ἡττηθεὶς,
3746 2138 3803 2191 ἐσ-

2204 2226 2441 2300 πάραττε
2466 2229 2561 2295 τήν
2612 2224 2801 2297 παῖδα,
2852 2223 3180 2298 κατέϐαλλε,
3233 2225 3555 2298 δεδοικέναι,
3600 2228 3805 2302 ταράττε-

2207 2326 2348 2383 σθαι,
2415 2314 2655 2389 τρὲμειν,
2708 2315 2953 2391 ἶλιγγιᾷν
3004 2315 3197 2372 ἐποίει.
3252 2320 3386 2373 Εἶτα
3441 2319 3529 2373 καὶ
3569 2318 3732 2389 φωνην
3764 2314 3804 2368 ἐκ

2203 2404 2406 2474 ταύτης
2470 2406 2642 2482 ἠφίει,
2704 2403 2865 2475 Ἰδοὺ,
2928 2401 3195 2481 Ἀϐἐρκιε,
3282 2405 3566 2481 λέγουσαν,
3620 2405 3698 2461 καὶ
3750 2405 3805 2464 εἷς

2204 2493 2425 2565 Ῥώμην
2460 2514 2517 2547 σε
2564 2493 2795 2570 ἤγαγον,
2846 2495 3027 2569 ὥσπερ
3078 2493 3181 2571 ἄρα
3228 2493 3665 2573 ἐπηγγειλάμην,
3709 2491 3806 2547 ὁδὶ

2205 2581 2331 2652 Ναὶ,
2368 2583 2545 2659 φησίν·
2581 2583 2708 2639 ἀλλ’
2749 2585 2809 2640 οὐ
2842 2588 3129 2661 χαιρήσεις
3167 2586 3367 2640 τούτου
3416 2608 3477 2663 γε
3512 2583 3689 2641 ἕνεκεν.
3733 2583 3808 2640 Οῧο

2205 2693 2312 2734 τως
2360 2667 2460 2747 ἔφη
2506 2673 2596 2727 καὶ
2661 2676 2759 2742 τὴν
2810 2675 2981 2747 κόρην
3033 2673 3108 2735 εἷς
3166 2674 3432 2749 ὕπαιθρον
3492 2677 3707 2749 ἀχθῆναι
3748 2692 3809 2725 κε-

2208 2761 2374 2819 λεύει.
2408 2763 2588 2837 ’Ἡχθη
2624 2762 2713 2817 οὗν
2743 2762 2843 2818 άνὰ
2884 2764 2976 2818 τὸν
3032 2762 3400 2841 Ἰππόδρομον
3433 2768 3466 2835 ἡ
3498 2770 3638 2831 παῖς,
3677 2764 3807 2817 ὑπασ-

2206 2856 2410 2905 πιστῶν
2443 2872 2501 2905 τε
2546 2850 2848 2926 βασιλικῶν
2899 2849 3163 2929 πρότερον
3212 2855 3300 2909 καὶ
3359 2860 3603 2931 φρουρῶν
3633 2853 3714 2908 τὸν
3739 2850 3809 2903 τὸο

2206 2961 2306 2995 πον
2340 2934 2732 3012 διαλαϐόντων,
2776 2940 2827 2996 ἐν
2873 2941 3055 3016 τούτῳ
3103 2940 3160 2998 δὲ
3207 2948 3304 2998 τοῦ
3353 2941 3598 3001 ἀναιδοῦς
3648 2939 3809 2995 ἐκείνου

2205 3029 2294 3084 καὶ
2337 3035 2535 3105 μιαροῦ
2589 3027 2871 3103 δαίμονος,
2923 3033 3319 3104 σπαράττοντός
3350 3055 3412 3088 τε
3448 3034 3538 3088 καὶ
3582 3025 3809 3086 καταϐάλ-

2208 3116 2399 3179 λοντος
2430 3120 2529 3187 τήν
2567 3120 2755 3194 κόρην,
2807 3120 2897 3175 καὶ
2959 3119 3118 3176 οὐδὲν
3152 3120 3297 3177 ἄλλο
3353 3124 3587 3198 βοῶντος
3640 3122 3711 3175 ὅτι
3754 3119 3809 3189 μή

445 3203 508 3242 se
537 3187 796 3243 duxisset
826 3194 1096 3246 sanctum
1119 3209 1220 3263 per
1244 3199 1469 3252 tantum
1488 3176 1651 3254 terrae
1674 3205 1730 3256 et
1757 3205 1935 3259 maris
1965 3221 2093 3277 spa-

2208 3207 2273 3262 τᾶ
2337 3176 2503 3286 cepa;
2564 3176 2654 3261 xui
2692 3176 2924 3281 ’κόμπον
2982 3206 3257 3280 δηλοῦντα
3318 3176 3510 3282 μῗςνον,
3568 3209 3641 3284 ἐφ’
3678 3176 3808 3279 ᾧέόν

446 3276 613 3344 tium,
660 3276 904 3334 sublatis
965 3280 1023 3334 in
1086 3282 1295 3339 caelum
1346 3286 1550 3352 oculis,
1602 3290 1906 3361 Abercius,
1960 3312 2092 3351 cum

445 3363 630 3420 Deum
663 3371 817 3421 esset
850 3374 1139 3441 precatus,
1164 3372 1420 3443 puellam
1451 3377 1659 3434 acriter
1689 3380 1970 3453 intuetur,
2001 3392 2092 3440 et:

445 3453 531 3508 Ab
572 3471 657 3543 ea,
711 3455 923 3527 inquit,
975 3462 1265 3531 egredere,
1314 3464 1565 3535 maligne
1611 3468 1863 3537 daemon,
1904 3473 2095 3543 ipsam

450 3542 597 3597 nihil
629 3544 949 3602 offendens.
985 3549 1114 3604 Tibi
1148 3551 1256 3607 hoc
1296 3555 1464 3622 jubet
1510 3556 1779 3613 Christus
1826 3542 2006 3616 meus.
2042 3563 2095 3617 Is

445 3649 601 3702 vero,
633 3632 865 3691 leonina
910 3637 1009 3693 illa
1054 3642 1296 3698 audacia
1326 3646 1524 3700 statim
1561 3652 1785 3705 mutata
1818 3650 1875 3705 in
1906 3652 2096 3723 vulpis

449 3721 863 3813 timiditatem:
916 3728 1137 3798 Adjuro
1182 3735 1238 3785 te
1280 3749 1381 3803 ego
1430 3752 1683 3808 quoque,
1734 3738 1946 3810 inquit,
1998 3721 2097 3813 per

447 3811 639 3880 ipsum
690 3812 1007 3886 Christum,
1059 3834 1128 3872 ne
1180 3836 1272 3876 me
1324 3824 1525 3880 mittas
1582 3826 1641 3881 in
1694 3811 2094 3896 solitudinem,

448 3916 637 3969 neque
670 3900 855 3956 ullum
888 3903 1067 3959 alium
1094 3906 1306 3974 locum,
1334 3912 1441 3966 nisi
1476 3914 1531 3968 in
1565 3931 1720 3983 eum,
1754 3916 1811 3972 in
1846 3934 1961 3989 quo
1993 3919 2093 3974 ha-

448 3988 728 4046 bitabam.
762 3991 1013 4048 Sanctus
1062 4000 1250 4051 autem
1279 4014 1291 4052 :
1324 4001 1527 4056 Abibis
1579 4005 1839 4076 quidem,
1868 3988 2093 4079 inquit,

449 4093 564 4131 non
598 4078 655 4132 in
690 4080 1085 4151 solitudinem,
1120 4090 1212 4141 sed
1246 4086 1305 4141 in
1346 4087 1538 4145 locum
1591 4099 1923 4163 paternum.
1958 4078 2097 4154 Pro-

447 4171 646 4236 pterea
677 4175 895 4237 autem,
927 4175 1078 4242 quod
1114 4191 1206 4230 me
1236 4176 1423 4233 fecisti
1456 4179 1648 4237 videre
1680 4183 1945 4255 Romam,
1972 4187 2096 4257 ipse

449 4272 683 4325 quoque
730 4259 833 4313 tibi
884 4262 1063 4330 jubeo
1094 4264 1152 4319 in
1187 4269 1419 4324 nomine
1464 4273 1623 4337 Jesu,
1654 4278 1718 4328 ut
1746 4274 1895 4331 hanc
1936 4294 2094 4332 aram

450 4344 641 4412 tollas,
674 4346 749 4415 (ei
786 4365 957 4405 manu
989 4356 1301 4411 ostendens
1329 4375 1487 4415 aram
1521 4362 1832 4435 lapideam)
1864 4369 1920 4421 et
1951 4368 2098 4423 feras

450 4448 639 4504 usque
697 4436 769 4491 ad
830 4455 1019 4496 meam
1069 4442 1424 4515 Hierapolim
1483 4454 1539 4504 et
1584 4456 1807 4508 statuas
1866 4462 2099 4527 propter

2204 3299 2352 3373 ἅγιον
2396 3298 2666 3370 τοσαύτην
2724 3299 2993 3355 θάλασσάν
3043 3322 3103 3355 τε
3150 3302 3241 3356 καὶ
3270 3304 3377 3376 γῆν
3412 3301 3483 3357 δι’
3523 3302 3671 3357 αὐτὸν
3711 3296 3810 3371 ἀγά-

2202 3408 2311 3461 γοι,
2371 3389 2432 3443 τὸ
2501 3387 2657 3463 ὄμμα
2715 3389 2792 3451 εἷς
2847 3391 3108 3465 οὐρανοὺς
3164 3390 3369 3468 ἐπάρας
3432 3386 3692 3466 Ἀϐἐρκιος
3742 3384 3810 3440 καὶ

2204 3477 2638 3552 προσευξάμενος
2669 3484 2746 3550 τῷ
2776 3484 2912 3551 Θεῷ.
2948 3477 3116 3553 δριμύ
3145 3502 3203 3535 τε
3248 3486 3317 3555 τῇ
3370 3480 3509 3556 κόρῃ
3565 3474 3808 3552 ἐμϐλέπεὴ

2204 3566 2292 3621 καὶ
2322 3566 2563 3636 Ἔξελθε,
2598 3567 2754 3645 φησὶ,
2783 3568 3009 3639 ταύτης,
3041 3570 3250 3645 πονηρὲ
3272 3567 3496 3643 δαῖμον.
3544 3567 3807 3623 Ἐπιτάσσει

2206 3676 2290 3709 σοι
2358 3657 2587 3730 Χριστὸς
2639 3659 2666 3712 ὁ
2713 3656 2862 3731 ἐμὸς,
2922 3659 3090 3730 μηδὲν
3137 3658 3305 3728 αὐτὴν
3360 3652 3809 3733 λυμηνάμενοςιὈ

2207 3740 2265 3797 δὲ
2291 3742 2443 3805 εὐθὺς
2472 3744 2534 3798 τὸ
2568 3742 2837 3800 λεόντειον
2877 3744 3046 3802 ἐκεῖνο
3096 3747 3294 3821 θράσος
3338 3746 3421 3809 εἲς
3462 3745 3655 3802 δειλίαν
3696 3739 3810 3796 ἀλώ-

2206 3854 2367 3896 πεκος
2433 3830 2883 3907 μεταϐεϐληκὼς,
2929 3836 3166 3909 Ὁρκίζω
3215 3858 3272 3891 σε
3319 3838 3500 3912 κάγὼ,
3548 3833 3664 3914 ἔφη,
3706 3830 3811 3886 κατᾶ

2203 3927 2300 3977 τοῦ
2335 3924 2500 3977 αὐτοῦ
2541 3928 2808 3997 Χριστοῦ,
2841 3924 2916 3995 μή
2941 3924 3017 3987 εἰς
3073 3924 3301 4000 ἐρημίαν
3356 3947 3448 3999 με,
3497 3927 3571 3999 μή
3618 3922 3684 3983 εἷς
3722 3916 3811 3973 ἓτε-

2205 4032 2299 4086 ρον
2332 4012 2652 4086 ἀποπέμψαι
2709 4012 2899 4068 τόπον⁶
2953 4012 3079 4069 ἀλλ’
3138 4011 3262 4078 ἔνθα
3320 4013 3386 4084 δὴ
3457 4016 3547 4070 καὶ
3599 4010 3809 4087 πρότερον

2205 4100 2402 4172 ᾣκουν.
2456 4103 2550 4155 Καὶ
2602 4102 2694 4156 τὸν
2742 4103 2919 4178 ἅγιον.
2970 4102 3272 4178 Ἀπελεὺσῃ
3326 4104 3424 4176 μὲν
3473 4104 3569 4159 οὐκ
3604 4101 3670 4161 εἷς
3710 4097 3810 4171 ἐρη·

2210 4189 2358 4263 μίαν,
2402 4188 2533 4244 ἀλλ’
2578 4192 2656 4253 εἰς
2706 4193 2798 4246 τὸν
2845 4195 3014 4249 τόπον
3064 4194 3156 4248 τὸν
3205 4196 3494 4268 πατρικόν.
3546 4192 3679 4254 Ἀνθ’
3714 4187 3811 4240 δτθυ

2206 4275 2263 4332 δὲ
2296 4299 2361 4350 με
2394 4278 2483 4333 καὶ
2522 4281 2622 4348 τὴν
2675 4281 2896 4355 Ῥώμην
2943 4279 3073 4336 ἰδεῖν
3122 4281 3407 4353 ἐποίησας,
3462 4280 3710 4337 ἐπιτάττω
3750 4293 3812 4327 σοι

2204 4368 2292 4421 καὶ
2348 4366 2511 4429 αὐτὸς
2562 4368 2726 4423 πάλιν
2778 4370 2829 4424 ἐν
2886 4376 2967 4443 τῷ
3016 4372 3244 4445 ὀνόματι
3287 4374 3469 4442 Ἰησοῦ
3520 4372 3607 4427 τὸν
3662 4365 3813 4442 βωμὸν

2203 4459 2397 4510 τοῦτον
2463 4454 2587 4532 ἆραι
2642 4455 2838 4529 (δείξας
2887 4459 3034 4532 αὐτῷ
3071 4463 3139 4533 τῇ
3186 4460 3332 4535 χειρὶ
3387 4461 3573 4535 βωμὸν
3620 4450 3813 4521 λίθινον)

452 4529 675 4594 portam
711 4529 1049 4585 australem.
1084 4534 1319 4591 Audivit
1352 4537 1601 4605 daemon,
1635 4550 1687 4596 et
1718 4544 1919 4598 statim
1963 4549 2093 4601 tan-

2212 4544 2377 4619 μέχρι
2438 4529 2508 4600 τε.
2536 4547 2892 4622 Ἰεραπὸλεως
2946 4529 3046 4619 τῆς
3103 4529 3243 4623 ἔμηνε
3281 4529 3544 4624 ’ἐνεγκεῖη
3588 4548 3668 4604 καὶ
3698 4538 3813 4615 παρᾶ

455 4628 631 4682 quam
665 4630 890 4683 servus,
914 4620 1012 4689 qui
1039 4622 1279 4677 terribili
1311 4625 1548 4681 domino
1581 4628 1784 4685 didicit
1814 4634 2015 4690 cedere
2037 4635 2096 4691 in

455 4701 752 4771 omnibus,
784 4707 997 4762 recedit
1027 4709 1264 4779 quidem
1294 4730 1325 4767 a
1354 4716 1567 4785 puella,
1602 4718 1747 4774 nihil
1780 4721 1830 4775 ei
1863 4722 2097 4780 omnino

456 4791 595 4845 mali
628 4792 862 4850 faciens.
893 4797 1105 4853 Deinde
1136 4800 1662 4863 innumerabilibus
1693 4811 1878 4867 oculis
1909 4814 2101 4869 viden-

455 4880 612 4935 tibus
670 4882 724 4952 (ο
775 4884 908 4954 quis
966 4890 1067 4942 tua
1124 4892 1320 4947 omnia
1381 4912 1492 4951 non
1554 4898 1955 4974 admirabitur,
2003 4920 2100 4960 rex

458 4970 741 5043 Christo?)
776 4989 931 5030 aram
968 4978 1147 5046 subit,
1178 4985 1235 5036 et
1266 4982 1412 5039 tollit
1460 4989 1705 5055 graviter
1752 4970 2012 5061 gemens,
2046 5000 2102 5050 et

456 5061 664 5152 transit
696 5079 797 5133 per
836 5064 1094 5121 medium
1143 5070 1625 5142 Hippodromum,
1656 5078 1831 5148 (quod
1865 5082 2100 5152 quidem

456 5149 645 5205 visum
680 5156 767 5206 est
799 5170 1008 5210 novum
1041 5156 1316 5215 Romanis
1348 5164 1766 5240 spectaculum)
1788 5173 1844 5225 et
1866 5149 2102 5243 deponit

457 5234 749 5311 Hierapoli
780 5242 839 5298 in
871 5244 996 5302 loco
1028 5247 1373 5319 praestituto.

533 5590 558 5631 ⁸
587 5596 736 5653 Psal.
772 5615 964 5671 vam,
997 5606 1046 5660 3.
1083 5606 1104 5641 ⁸
1132 5606 1334 5670 Matth.
1368 5630 1423 5686 χ,
1456 5617 1510 5671 8.

2205 4638 2272 4707 τῇ
2341 4634 2504 4708 νοτίῳ
2560 4638 2776 4713 φέροντι
2862 4645 3203 4713 παραστῆσαι
3257 4640 3426 4714 πύλῃ.
3498 4642 3737 4695 ’Ἡκουσεν
3793 4631 3814 4683 ὅ

2210 4722 2445 4795 δαίμων,
2476 4725 2565 4779 καὶ
2597 4726 2753 4791 εὐθὺς
2782 4730 2872 4782 οἷα
2904 4726 3102 4791 δοῦλος
3134 4723 3351 4807 φοϐερῷ
3400 4727 3627 4802 δεσπότῃ
3671 4725 3814 4779 πάντα

2211 4813 2445 4868 ὑπείκειν
2477 4812 2904 4889 πεπαιδευμένος
2935 4816 3339 4874 ἀπαλλάττεται
3377 4820 3472 4892 μὲν
3512 4824 3608 4887 τῆς
3651 4814 3813 4887 κόρης.

2214 4899 2343 4975 μηδ’
2410 4904 2590 4958 ὁτιοῦν
2656 4904 2822 4977 αὐτην
2885 4903 3084 4981 δράσας
3149 4909 3334 4967 κακόν,
3445 4908 3575 4965 Εἶτα
3639 4902 3813 4978 μυρίων

2211 4991 2465 5066 ὁρώντων
2499 4993 2763 5067 ὀμμάτων
2817 4994 2883 5069 (ὠ
2941 4996 3021 5059 τίς
3079 4998 3155 5071 μὴ
3209 4999 3471 5069 θαυμάσει
3516 5017 3607 5051 σου
3652 4993 3814 5052 πάντα,

2212 5082 2409 5155 Χριστὲ
2470 5083 2749 5158 βασιλεῦς)
2810 5084 3103 5163 ὑπέρχεται
3158 5086 3250 5142 τὸν
3314 5087 3500 5162 βωμὸν
3553 5084 3639 5140 καὶ
3691 5083 3817 5136 ἄναι-

2215 5176 2408 5247 ρεῖται,
2444 5171 2578 5247 βαρὺ
2629 5175 2897 5247 στενάξας,
2937 5176 3026 5231 καὶ
3076 5173 3242 5239 δίεισς
3293 5173 3381 5231 διὰ
3427 5180 3523 5232 τοῦ
3568 5166 3816 5243 Ἱπποδρό-

2217 5282 2323 5334 μυυ
2380 5263 2582 5331 (καινὸν
2644 5260 2709 5332 δὴ
2773 5269 2936 5321 τοῦτο
2995 5266 3168 5341 θέαμα
3232 5265 3571 5340 Ῥωμαίοις),
3627 5260 3708 5319 καὶ
3756 5258 3818 5327 τῷ

2215 5350 2502 5425 ὡρισμὲνῳ
2534 5351 2712 5431 φέρων
2756 5352 3103 5427 ἑναποτίθησι
3150 5354 3303 5429 τόπῳ
3350 5356 3485 5412 κατὰ
3537 5355 3632 5425 τήν
3676 5355 3817 5423 Ἱερα-

2212 5437 2398 5499 πολιν.
