4012 6220
223 332 371 393 1241

1595 329 1782 391 νιΤΑ
1829 330 1892 389 S.
1939 328 2273 392 ABERCII.

3470 338 3625 398 1242

297 493 418 548 ΚΓ’.
452 493 514 546 Ἥ
547 489 603 546 δὲ
633 490 768 566 κόρη
800 496 895 546 τοῦ
925 490 1279 569 ἐνοχλοῦντος
1330 488 1712 563 ἀπαλλαγεῖσα
1762 487 1874 543 δαί-

2056 492 2265 548 ΧΧΙΙΙ.
2301 494 2503 550 Puella
2534 499 2730 551 autem
2753 496 3345 573 liberataadaamone,
3381 503 3628 575 quieam

230 602 416 653 μονος,
448 581 660 654 ἄφωνος
700 579 788 635 ἐπὶ
834 577 1005 635 πολὺν
1049 578 1251 654 χρόνον
1298 583 1406 633 τῶν
1451 575 1633 633 ποδῶν
1693 577 1874 653 εἶ’χετο

225 674 322 724 τοῦ
354 670 531 743 ἆγίου’
568 669 596 722 ὃ
626 669 717 724 καὶ
761 668 997 742 μάλιστα
1051 670 1149 737 τήν
1201 668 1411 743 μητέρα
1463 670 1553 723 καὶ
1604 668 1732 729 τοὺς
1781 686 1879 722 πα·

226 759 419 832 ρόντας
477 754 747 832 ἐθορύϐει,
816 756 1123 820 δεδοικότας
1182 761 1256 832 μή
1309 760 1398 813 καὶ
1446 761 1545 828 τήν
1603 760 1789 833 ψυχήν
1849 759 1875 811 ὁ

226 846 436 921 δαίμων
468 846 721 925 ἂφείλετο
751 850 849 917 τῆς
894 846 1110 910 παιδός.
1163 850 1271 917 Τὴν
1334 848 1522 921 μέντοι
1572 848 1875 903 Φαυστίναν

230 941 305 1010 μή
341 936 634 1006 δυνηθῆναι
670 943 850 1011 σιωπῇ
901 942 1061 992 τοῦτο
1113 934 1429 1013 διενεγκεῖν,
1480 936 1623 993 ἀλλᾶ
1673 938 1875 1009 μεστὴν

224 1025 458 1101 ἀγωνίας
491 1024 719 1101 ἔχουσαν
750 1028 851 1096 τήν
882 1024 1133 1099 καρδίαν,
1164 1028 1299 1101 πρὸς
1348 1028 1440 1081 τὸν
1491 1026 1641 1101 ἅγιον
1694 1027 1872 1105 φάναι’

220 1117 282 1172 Ἡ
336 1138 441 1170 που
500 1117 635 1188 μετά
690 1120 787 1170 τοῦ
846 1114 1101 1189 δαίμονος
1171 1115 1493 1187 ἀπήλλαξας
1548 1118 1648 1185 την
1709 1114 1877 1171 παῖδα

220 1206 309 1260 καὶ
339 1212 441 1275 τῆς
475 1211 643 1276 ζωῆς.
674 1207 731 1260 '0
782 1205 839 1261 δὲ
889 1208 1063 1269 οὓτως
1108 1206 1276 1277 αὐτὴν
1329 1204 1671 1281 διακειμένην
1722 1204 1874 1275 ἰδὼν,

220 1298 306 1351 καὶ
344 1295 639 1371 οἰκτείρας,
678 1299 777 1367 τήν
819 1303 980 1373 χεῖρα
1015 1301 1085 1371 τῇ
1133 1296 1289 1353 παιδὶ
1336 1298 1644 1373 προτείνας,
1695 1297 1876 1371 ὥσπερ

224 1386 328 1440 ὑπὸ
392 1386 548 1461 βαθεῖ
613 1385 765 1460 ὕπνῳ
822 1388 1297 1461 κατειλημμένην,
1355 1390 1628 1458 νήφουσαν
1678 1388 1873 1463 ἒγείρει

224 1474 314 1529 καὶ
352 1479 751 1551 σωφρονοῦσαν,
802 1478 893 1531 καὶ
938 1478 1074 1552 πρὸς
1115 1479 1215 1547 τήν
1266 1476 1572 1532 Φαυστίναν
1620 1477 1873 1550 ἐπιστρα-

225 1563 363 1635 φεὶς,
424 1561 588 1633 Ἰδοὺ,
651 1565 807 1641 φησὶ,
858 1564 1163 1641 παρέστηκέ
1210 1587 1294 1621 σοι
1324 1568 1358 1635 ἡ
1400 1572 1548 1634 παῖς,
1604 1562 1726 1620 οὔτε
1772 1573 1872 1635 τῆς

226 1657 372 1721 ζωῆς
440 1655 779 1728 στερηθεῖσα,
834 1655 923 1709 καὶ
978 1662 1077 1725 τῆς
1127 1660 1223 1711 τοῦ
1291 1653 1552 1729 δαίμονος
1617 1654 1875 1730 ἐπηρείας

223 1740 621 1819 ἀπαλλαγεῖσα.
651 1744 739 1806 Ὠς
774 1745 869 1798 οὗν
913 1745 1059 1799 οὕτω
1105 1745 1202 1813 τὴν
1248 1743 1416 1800 παῖδα
1447 1748 1481 1815 ἠ
1519 1746 1701 1819 μήτηρ
1746 1742 1869 1802 εἶδε.

1986 582 2249 647 vexabat,
2283 588 2449 639 muta
2480 582 2652 656 longo
2684 592 2941 658 tempore
2972 590 3163 645 tenuit
3193 592 3379 647 sancti
3414 593 3587 663 pedes
3616 607 3630 645 :

1986 671 2142 741 quod
2193 676 2466 740 matrem,
2506 678 2564 728 et
2608 690 2724 744 eos,
2759 676 2856 747 qui
2892 677 3149 745 aderant,
3185 683 3439 737 maxime
3489 697 3628 735 con-

1986 762 2280 832 turbabat,
2314 764 2585 820 timentes
2642 781 2715 819 ne
2747 764 2950 835 puella
3003 768 3258 823 animam
3293 768 3632 825 abstulisset

1985 851 2237 906 daemon.
2270 854 2545 909 Faustina
2576 858 2772 909 autem
2805 870 2921 909 non
2980 856 3163 926 potuit
3211 859 3315 913 hoc
3362 860 3504 913 ferre
3538 858 3626 913 si-

1986 937 2162 994 lentio
2198 956 2209 993 :
2243 940 2345 996 sed
2397 940 2617 997 habens
2665 957 2764 998 cor
2794 942 3033 1014 plenum
3063 944 3300 1000 tristitia
3331 951 3386 1000 et
3418 961 3629 1015 angore

1988 1028 2191 1098 animi,
2251 1030 2396 1085 dixit
2442 1040 2691 1086 sancto:
2742 1031 2903 1088 Certe
2959 1049 3089 1088 cum
3149 1034 3412 1089 daemone
3450 1035 3629 1088 vitam

1986 1133 2216 1189 quoque
2247 1120 2514 1175 ademisti
2540 1120 2691 1177 ﬁliai.
2724 1120 2825 1176 Ille
2856 1127 3052 1178 autem
3084 1138 3215 1177 cum
3236 1140 3361 1179 eam
3387 1122 3632 1178 vidisset

1986 1207 2070 1262 sic
2101 1208 2390 1276 affectam,
2419 1213 2476 1265 et
2496 1210 2621 1279 ejus
2645 1215 2798 1265 esset
2821 1211 3119 1280 misertus,
3153 1212 3361 1282 puellae
3392 1226 3629 1267 manum

1988 1298 2274 1369 przehens,
2316 1303 2597 1370 tanquam
2661 1300 2949 1371 profundo
2998 1317 3204 1356 somno
3264 1317 3630 1373 oppressam,

1984 1404 2112 1443 eam
2146 1387 2283 1443 facit
2314 1404 2553 1459 surgere
2584 1405 2742 1445 sanae
2774 1390 2986 1445 mentis
3018 1394 3370 1461 compotem.
3399 1391 3466 1444 Et
3497 1407 3633 1445 con-

1984 1492 2179 1532 versus
2237 1476 2309 1531 ad
2360 1476 2736 1533 Faustinam:
2799 1478 2961 1546 Ecce,
3020 1478 3233 1549 inquit,
3294 1478 3457 1534 adest
3522 1478 3629 1534 tibi

1983 1565 2178 1635 puella
2210 1582 2397 1637 neque
2426 1565 2543 1620 vita
2574 1566 2815 1637 privata,
2849 1571 2907 1623 et
2938 1566 3118 1623 libera
3147 1568 3219 1623 ab
3252 1567 3477 1622 insultu
3512 1566 3629 1621 daa-

1983 1654 2191 1709 monis.
2226 1658 2536 1725 Postquam
2569 1671 2701 1726 ergo
2752 1660 2942 1711 mater
2975 1657 3057 1711 sic
3084 1657 3227 1711 vidit
3258 1656 3462 1723 ﬁliam,
3496 1671 3626 1711 eam

1981 1742 2299 1813 complexa,
2333 1749 2389 1799 et
2421 1761 2535 1816 prae
2557 1746 2766 1815 gaudio
2796 1746 3048 1801 fundens
3076 1744 3380 1814 lacrymas,
3416 1758 3627 1815 genam

220 1826 591 1905 περιϐαλοῦσα
647 1832 868 1904 ταύτην,
913 1833 1003 1888 καὶ
1050 1831 1253 1910 δάκρυα
1297 1841 1471 1910 χαρᾶς
1519 1834 1655 1909 αὐτῇ
1704 1857 1870 1889 κατα-

1989 1850 2137 1904 genie
2170 1834 2472 1904 imposuit,
2506 1840 2562 1890 et
2592 1852 2657 1890 os
2689 1836 2795 1903 ori,
2830 1841 2885 1891 et
2916 1836 3187 1891 manibus
3239 1850 3451 1889 manus
3485 1849 3629 1888 con-

220 1921 413 1999 χέασα,
482 1922 708 1997 παρειάν
773 1943 831 1977 τε
895 1928 1093 1996 παρειᾷ
1157 1924 1408 1994 ἐπετίθει,
1493 1927 1582 1980 καὶ
1638 1925 1865 1998 στόματι

220 2010 416 2082 στόμα,
452 2010 610 2085 χερσί
666 2032 724 2065 τε
778 2006 1036 2066 ἐνέϐαλλε
1082 2018 1294 2087 χεῖρας,
1345 2014 1433 2067 καὶ
1483 2012 1664 2089 ὥσπερ
1715 2011 1866 2069 ἔνδον

221 2095 407 2154 λαϐεῖν
434 2100 524 2154 καὶ
555 2104 735 2176 γυμνῇ
766 2101 904 2175 αὐτῇ
964 2103 1307 2177 συγγενέσθυι
1355 2104 1423 2176 τῇ
1464 2106 1620 2181 ψυχῇ
1672 2101 1869 2177 γλιχο-

222 2187 378 2263 μένη,
411 2191 511 2244 οὐκ
540 2189 684 2264 εἶχεν
727 2192 756 2244 δ
785 2212 835 2245 τι
875 2192 965 2246 καὶ
1011 2191 1244 2267 γένοιτο.
1293 2190 1519 2261 Ἐπειδὴ
1566 2190 1622 2247 δὲ
1672 2192 1866 2256 ίκανῶς

217 2278 355 2351 αὐτῇ
384 2276 491 2348 ἤδη
522 2281 588 2333 τά
616 2280 754 2353 πρὸς
796 2283 894 2350 τὴν
942 2278 1109 2335 παῖδα
1158 2283 1325 2356 εἶχεν.
1378 2282 1534 2352 ἠξίου
1587 2283 1677 2336 τὸν
1722 2288 1869 2346 θεῖον

220 2363 502 2443 Ἀὄέρκιον
558 2371 868 2442 θερμότατα
925 2370 1044 2426 λίαν
1101 2374 1135 2441 ἡ
1194 2373 1413 2447 βασιλὶς
1468 2374 1543 2446 μὴ
1596 2377 1866 2448 παραιτή-

217 2459 407 2512 σασθαι
452 2461 578 2535 παρ’
618 2458 823 2527 ἐκείνης
876 2457 1062 2515 λαϐεῖν
1108 2457 1376 2536 ἀμοιϐὴν,
1433 2462 1577 2535 ᾗτινι
1623 2464 1869 2538 μεγάλης

218 2546 391 2610 οὕτως
447 2548 608 2610 αὐτὸς
658 2550 748 2604 καὶ
803 2549 1096 2627 ἀναγκαίας
1154 2551 1358 2625 ὑπῆρξε
1406 2552 1657 2626 χάριτος.
1708 2553 1768 2608 Ὀ
1813 2550 1870 2607 δὲ

221 2637 525 2711 χρημάτων
563 2639 659 2712 μὲν
708 2637 834 2694 οὐδὲ
885 2642 1108 2713 μνήμην
1167 2640 1412 2718 ἀτεχνῶς
1464 2643 1753 2720 ἠνέσχετο,
1803 2643 1871 2696 εἰ-

222 2726 407 2799 ρηκὼς
466 2724 549 2781 ὅτι
608 2727 676 2784 Τί
734 2725 921 2799 δεήσοι
979 2730 1284 2804 χρημάτων
1351 2730 1499 2805 ᾧπερ
1566 2728 1726 2805 ἄρτος
1779 2730 1869 2785 καὶ

222 2811 369 2889 ὕδωρ
429 2814 732 2880 πολυτελὲς
783 2815 1042 2891 ἄριστον;
1090 2814 1526 2891 οἰκοδομηθῆναι
1584 2817 1640 2873 δὲ
1707 2819 1874 2894 βαλα-

225 2909 364 2958 νεῖον
399 2904 539 2959 αίτεῖ
567 2905 651 2960 ἐπὶ
680 2910 760 2977 τῷ
798 2907 944 2981 παρὰ
986 2909 1233 2980 ποταμὸν
1288 2907 1462 2984 ἀγρῷ,
1512 2906 1637 2963 ἔνθα
1679 2909 1871 2973 κλίνας

224 2994 385 3057 αὐτὸς
448 2993 515 3049 τά
568 2995 765 3070 γόνατα
818 2996 1041 3066 ηὔξατο,
1095 2998 1185 3051 καὶ
1223 2999 1258 3066 ἡ
1292 3006 1360 3075 γῆ
1422 2998 1604 3073 πηγὰς
1664 2997 1870 3056 ὑδάτων

223 3085 392 3152 ἀνῆκε
448 3085 683 3158 θερμῶν·
736 3085 1042 3159 σιτηρέσιόν
1093 3107 1150 3141 τε
1201 3092 1317 3147 τοῖς
1361 3085 1413 3142 ἐν
1459 3092 1526 3160 τῇ
1575 3088 1734 3144 πόλει
1788 3089 1876 3145 αὖ·

222 3177 320 3229 τοῦ
349 3178 599 3247 πτωχοῖς
633 3174 708 3235 εἷς
738 3174 1086 3250 τρισχιλίους
1132 3175 1355 3248 μοδίους
1384 3178 1743 3253 ἀποταγῆναι.

300 3264 418 3319 KA'.
452 3262 674 3319 Τούτων
702 3264 737 3333 ἡ
775 3263 990 3337 βασιλὶς
1048 3265 1160 3337 ἅμα
1194 3286 1253 3320 τε
1300 3267 1524 3335 ἤκουσε,
1572 3266 1661 3321 καὶ
1710 3267 1874 3341 ἀσμέ-

224 3373 328 3415 νως
375 3352 599 3427 ἁρπάζει
647 3353 709 3407 τὸ
757 3353 993 3423 αἰτηθὲν.
1053 3355 1419 3431 Κορνηλιανόν
1466 3379 1524 3413 τε
1573 3361 1662 3415 τὸν
1706 3358 1871 3434 ἔπαρ-

232 3462 334 3517 χον
368 3443 440 3504 ὡ,
481 3442 652 3517 τάχος
699 3441 1079 3515 μετακαλεῖται
1127 3448 1215 3500 καὶ
1255 3445 1494 3517 σπουδὴν
1541 3455 1712 3504 πᾶσαν
1762 3451 1874 3505 εἰσ-

234 3536 461 3607 ενεγκεῖν
494 3532 629 3605 πρὸς
658 3532 723 3587 τὰ
757 3532 1045 3601 αἲτηθέντα
1075 3532 1309 3606 κελεύει,
1340 3538 1482 3592 ὥστε
1533 3541 1607 3612 μὴ
1658 3536 1875 3612 ἀμϐλῦ-

226 3642 311 3675 ναι
342 3622 439 3689 τήν
482 3621 641 3694 χάριν
686 3626 793 3676 τῶν
843 3621 1057 3698 ταχέως
1118 3624 1523 3699 ύποσχεθέντων
1578 3626 1873 3702 βραδυτῆτι

232 3706 526 3774 διακονίας.
560 3709 717 3767 Οὕτω
766 3710 918 3788 φύσνι
976 3713 1066 3767 καὶ
1126 3714 1283 3769 πάθει
1332 3718 1517 3790 ψυχῆς
1570 3719 1620 3771 οἱ
1662 3717 1876 3789 ἄνθρω-

222 3820 316 3854 ποι
344 3804 461 3861 τοῖς
503 3799 720 3853 ὀκνοῦσι
769 3801 863 3862 τὰς
914 3797 1118 3876 δωρεὰς
1172 3802 1384 3875 μᾶλλον
1417 3803 1453 3874 ἤ
1484 3810 1601 3868 τοῖς
1650 3807 1784 3881 πρὸς
1813 3807 1876 3862 τὸ

225 3884 413 3945 λαϐεῖν
473 3889 717 3961 ἑτοίμοις
767 3886 1013 3964 ἡδόμεθα
1070 3893 1432 3965 χαριζόμενοι
1486 3895 1613 3958 τοὺς
1655 3897 1747 3969 μὲν
1789 3895 1877 3952 διὰ

223 3979 286 4034 τὸ
346 3976 541 4047 ἥττους
598 3980 819 4053 ὁρᾶσθαι
883 3984 988 4034 τῶν
1049 3978 1349 4055 διδομένων
1404 3990 1877 4063 περιφρονοῦντες,

223 4075 331 4124 τῶν
364 4066 512 4123 δὲτὸ
556 4067 772 4142 ὑψηλὸν
830 4069 1219 4143 ἀσπαζόμενοι.
1262 4073 1323 4129 Ὀ
1372 4070 1614 4149 ἔπαρχος
1666 4078 1878 4151 μέντοι,

232 4156 513 4232 μελλήσας
556 4156 732 4229 οὐδὲν,
766 4158 860 4215 τὸν
892 4160 1252 4235 ἀρχιτέκτονα
1282 4164 1417 4237 πρὸς
1448 4164 1536 4219 τὸν
1583 4168 1703 4221 κατ’
1748 4167 1883 4223 ἐκεί-

234 4268 295 4301 νο
322 4250 523 4333 καιροῦ
550 4245 795 4325 ἄρχοντα
827 4249 1065 4325 Φρυγίας
1100 4251 1388 4325 ἐκπέμπει,
1424 4252 1505 4331 ἐφ’
1535 4256 1580 4328 ᾧ
1619 4258 1882 4333 χρήματα

232 4330 424 4391 λαϐεῖν
473 4336 599 4409 παρ’
637 4336 806 4392 αὐτοῦ
863 4340 1001 4413 πρὸς
1049 4342 1149 4410 τήν
1192 4346 1291 4396 τοῦ
1342 4330 1885 4418 βαλανείουηοίκοδο-

236 4426 370 4498 μὴν,
405 4422 529 4479 ὅσον
568 4421 773 4496 δέοιτο,
820 4427 909 4482 καὶ
961 4426 1183 4503 μοδίους
1228 4436 1345 4495 τοῖς
1376 4431 1427 4487 ἐν
1468 4439 1537 4509 τῇ
1580 4435 1883 4510 Ἱεραπόλει

232 4518 429 4584 πένησι
476 4514 831 4590 τρισχιλίους
878 4516 1157 4592 ἀπονέμει.
1212 4518 1435 4592 Ἐπειδή
1470 4520 1526 4578 δὲ
1567 4524 1749 4579 καὶτὸ
1784 4527 1880 4600 βα-

1977 1924 2179 1990 seruit,
2212 1927 2269 1979 et
2304 1924 2483 1980 veluti
2514 1925 2750 1995 cupiens
2819 1942 2947 1981 eam
3000 1924 3351 1979 intrinsecus
3409 1936 3621 1994 appre-

1975 2012 2240 2068 hendere.
2267 2017 2476 2070 etcum
2502 2015 2655 2070 nuda
2678 2015 2805 2086 ipsa
2836 2014 3106 2085 congredi
3140 2014 3357 2081 anima,
3394 2010 3615 2067 nescie-

1975 2101 2071 2157 bat
2111 2102 2251 2173 quid
2298 2108 2515 2175 ageret.
2557 2107 2697 2159 Cum
2748 2108 2942 2160 autem
2996 2102 3180 2173 puella
3229 2102 3462 2173 quidem
3495 2101 3613 2169 iam

1974 2196 2128 2247 recte
2176 2208 2239 2247 se
2278 2192 2532 2260 haberet,
2566 2193 2830 2248 divinum
2873 2193 3184 2248 Abercium
3233 2188 3616 2246 vehementis-

1975 2282 2122 2338 sime
2153 2284 2377 2355 rogavit
2406 2282 2769 2353 imperatrix,
2804 2299 2875 2337 ne
2908 2288 3204 2337 recusaret
3234 2280 3304 2335 ab
3362 2296 3431 2335 ea
3460 2277 3613 2333 acci-

1974 2389 2107 2445 pere
2156 2374 2710 2435 remunerationem,
2744 2372 2837 2427 cui
2887 2372 3012 2442 ipse
3051 2370 3159 2425 fuit
3189 2386 3363 2425 causa
3394 2383 3616 2438 magna

1974 2466 2030 2518 et
2061 2462 2395 2518 necessariae
2427 2462 2642 2533 gratiae.
2676 2462 2775 2517 Ille
2805 2472 2999 2516 autem
3036 2458 3292 2531 pecunia;
3328 2475 3397 2513 ne
3439 2456 3619 2511 susti-

1977 2552 2101 2605 nuit
2135 2550 2369 2621 quidem
2403 2550 2582 2605 ullam
2624 2550 2745 2605 ﬁeri
2791 2550 3172 2616 mentionem,
3208 2548 3442 2602 dicens:
3472 2545 3620 2609 Quid

1976 2642 2029 2699 ei
2058 2657 2206 2711 opus
2241 2640 2410 2695 fuerit
2458 2639 2741 2711 pecuniis,
2770 2639 2865 2694 cui
2916 2638 3080 2707 panis
3115 2646 3169 2692 et
3207 2654 3355 2707 aqua
3384 2641 3471 2690 est
3501 2636 3623 2689 lau-

1979 2738 2104 2789 tum
2160 2735 2216 2786 et
2274 2728 2654 2801 magniﬁcum
2716 2728 3025 2801 prandium
3057 2728 3086 2781 ?
3117 2725 3265 2781 Petit
3311 2728 3525 2792 autem,
3559 2729 3622 2777 ut

1982 2836 2156 2893 prope
2188 2818 2537 2890 Hierapolim
2562 2822 2895 2873 exstruatur
2929 2817 3203 2873 balneum
3238 2815 3295 2868 in
3330 2828 3488 2883 agro,
3522 2810 3619 2881 qui

1979 2920 2065 2967 est
2096 2915 2332 2982 propter
2362 2908 2625 2976 ﬂuvium,
2662 2907 2763 2963 ubi
2794 2908 2919 2978 ipse
2941 2908 3126 2962 oravit
3155 2904 3318 2960 ﬂexis
3350 2902 3619 2974 genibus,

1979 3008 2033 3057 et
2079 3005 2235 3055 terra
2276 2999 2471 3055 emisit
2506 3000 2693 3055 fontes
2733 3013 3021 3069 aquarum
3058 2995 3379 3053 calidarum
3412 3011 3427 3060 ;
3461 2995 3516 3046 et
3558 2994 3622 3045 ut

1980 3088 2288 3156 mendicis,
2333 3087 2433 3160 qui
2483 3091 2646 3143 erant
2701 3087 2759 3142 in
2804 3101 2871 3141 ea
2912 3084 3161 3151 civitate,
3201 3082 3480 3137 darentur
3536 3081 3626 3133 ter

1984 3178 2143 3235 mille
2174 3177 2353 3233 modii
2384 3177 2678 3233 frumenti.

2055 3267 2264 3325 XXIV.
2298 3266 2427 3322 Haec
2457 3265 2633 3321 simul
2680 3270 2854 3335 atque
2894 3262 3114 3318 audivit
3160 3257 3521 3332 imperatrix,
3550 3255 3627 3327 lli-

1983 3361 2187 3416 henter
2244 3356 2527 3421 concedit,
2562 3354 2717 3425 quod
2769 3354 2959 3408 fuerat
2997 3352 3240 3422 petitum
3275 3365 3287 3402 :
3321 3352 3377 3403 et
3406 3346 3626 3402 Corne-

1983 3451 2202 3506 lianum
2237 3448 2501 3520 praetorio
2528 3447 2857 3519 praefectum
2892 3444 3328 3516 quamprimum
3363 3439 3625 3502 accersit,

1984 3544 2042 3595 et
2073 3540 2241 3609 jubet
2272 3538 2341 3592 ad
2372 3553 2438 3592 ea
2472 3535 2815 3606 praestanda,
2850 3550 2977 3604 quin
3027 3537 3169 3587 sunt
3218 3531 3419 3602 petita,
3454 3542 3628 3583 omne

1985 3628 2264 3684 adhibere
2302 3625 2583 3691 studium,
2617 3641 2689 3680 ne
2738 3624 2849 3679 cito
2907 3621 3329 3693 promissorum
3378 3616 3627 3688 gratiam

1984 3718 2215 3775 hebetet
2249 3720 2306 3771 et
2353 3715 2625 3771 obscuret
2682 3712 2927 3768 tarditas
2966 3704 3299 3765 ministerii.
3349 3704 3488 3761 Tale
3536 3707 3627 3757 est

1984 3808 2290 3863 hominum
2323 3804 2648 3877 ingenium,
2681 3808 2737 3858 et
2777 3803 2855 3857 ila
2899 3803 3039 3856 sunt
3069 3798 3281 3854 affecti.
3320 3796 3395 3849 Iis
3444 3793 3627 3847 liben-

1985 3898 2100 3952 tius
2121 3896 2542 3964 gratiﬁcamur,
2568 3892 2667 3962 qui
2683 3893 2837 3946 dona
2857 3889 3131 3945 dubitant
3149 3886 3431 3955 accipere,
3452 3896 3625 3953 quam

1987 3989 2078 4055 iis,
2113 3987 2211 4060 qui
2245 3991 2384 4042 sunt
2405 3982 2661 4056 prompti
2684 3983 2754 4037 ad
2788 3980 3192 4052 accipiendum
3221 3994 3232 4030 :
3259 3976 3366 4030 hos
3392 3973 3629 4043 quidem

1989 4076 2398 4147 despicientes,
2432 4073 2585 4146 quod
2638 4072 2945 4127 videantur
2991 4066 3124 4124 victi
3172 4084 3204 4121 a
3234 4060 3579 4119 muneribus
3611 4074 3626 4114 :

1988 4166 2225 4223 illorum
2257 4170 2453 4221 autem
2486 4163 2903 4235 amplectentes
2930 4156 3110 4215 animi
3141 4152 3629 4226 magnitudinem.

1987 4258 2298 4313 Prmfectus
2328 4259 2523 4311 autem
2569 4251 2822 4325 praetorii
2864 4248 3008 4305 nihil
3056 4248 3384 4309 cunctatus,
3417 4240 3635 4297 emittit

1989 4346 2372 4403 architectum
2407 4345 2476 4399 ad
2538 4342 2841 4415 praesidem
2882 4337 3167 4410 Phrygias,
3200 4334 3302 4405 qui
3350 4334 3474 4387 erat
3534 4328 3631 4383 illo

1992 4444 2265 4507 tempore,
2300 4438 2366 4491 ut
2396 4434 2670 4505 pecunias
2691 4430 2762 4487 ab
2784 4446 2850 4486 eo
2882 4427 3188 4499 acciperet,
3222 4420 3460 4495 quantis
3492 4432 3635 4489 opus

1991 4528 2116 4583 erat
2144 4524 2214 4579 ad
2243 4523 2518 4579 balneum
2549 4519 2963 4579 exstruendum
2991 4532 3005 4572 :
3037 4520 3094 4573 et
3114 4522 3195 4571 ter
3227 4511 3387 4569 mille
3408 4507 3634 4565 modios

236 4602 453 4659 λανεῖον
485 4601 955 4679 οἰκοδομούμενον
1000 4607 1159 4671 τέλος
1212 4610 1380 4684 εἶχεν,
1423 4612 1522 4667 ούκ
1567 4611 1643 4669 ἔτι
1691 4616 1753 4670 τὸ
1786 4598 1874 4670 -άπ⁴

1997 4614 2265 4671 frumenti
2298 4613 2671 4670 distribueret
2700 4607 3081 4683 pauperibus,
3114 4604 3216 4677 qui
3248 4604 3415 4660 erant
3435 4598 3635 4654 Hiera-

238 4690 439 4747 ἐκείνου
469 4692 615 4767 παρὰ
644 4694 889 4767 ποταμὸν
920 4698 1137 4771 ’Δργὸς,
1170 4696 1298 4754 ἀλλ’
1337 4700 1532 4777 Ἀγρὸς
1565 4705 1780 4777 θερμῶν
1808 4708 1889 4778 τῷ

238 4782 393 4873 τόπῳ
423 4784 485 4837 τὸ
514 4778 709 4873 ὄνομα·
743 4785 832 4838 καὶ
879 4786 941 4841 τὸ
989 4787 1294 4857 σιτηρέσιον
1337 4787 1394 4844 δὶ
1438 4787 1669 4865 διέμεινε
1719 4817 1892 4873 χορη-

238 4870 508 4945 γούμενον
541 4869 642 4935 ἕως
674 4876 781 4928 τῶν
820 4874 1119 4931 Ἰουλιανοῦ
1170 4877 1383 4952 χρόνων
1428 4884 1525 4934 τοῦ
1574 4869 1885 4945 δυσσεϐοῦς.

243 4963 481 5023 Ἐκεῖνος
539 4958 619 5030 δὶ,
673 4960 912 5033 καθάπερ
969 4970 1077 5020 τῶν
1134 4966 1320 5023 ἄλλων
1376 4970 1586 5045 ἀγαθῶν
1617 4972 1886 5041 πάντωνς,

244 5048 386 5104 οὕτω
418 5047 485 5118 δὴ
517 5051 604 5105 καὶ
664 5051 863 5108 τούτου
913 5056 1186 5130 φθονήσας
1232 5061 1593 5133 Χριστιανοῖς,
1646 5062 1745 5130 τὴν
1792 5080 1890 5135 χο-

242 5138 441 5215 ρηγίαν
471 5137 628 5203 εὐθὺς
653 5137 890 5213 ἵστησιν.

315 5409 443 5473 KE'.
477 5410 539 5467 Ὁ
579 5413 722 5474 θεῖος
762 5418 1053 5491 τοιγαροῦν
1110 5412 1414 5492 Ἀϐέρκιος⁴
1467 5417 1541 5492 'iv,
1597 5419 1680 5476 ἐπ’
1730 5418 1887 5477 αὐτὸν

243 5495 580 5574 ἔπανίωμεν,
640 5501 943 5578 Ῥωμαίοις
999 5507 1197 5582 χρόνον
1254 5507 1437 5564 ἱκανὸν
1468 5512 1891 5588 συγγενόμενοσ,

244 5587 335 5644 καί
364 5589 457 5677 τδν
518 5590 832 5667 ὑγιαίνοντα
888 5599 989 5664 τῆς
1032 5598 1267 5662 πίστεως
1326 5597 1493 5677 Λόγον
1548 5587 1891 5676 Χριστιανῶν

246 5674 525 5752 παραδοὺς
555 5677 896 5758 ἐκκλησίαις,
928 5679 1057 5762 ὄναρ
1088 5686 1219 5742 ποτὲ
1246 5688 1336 5744 τὸν
1373 5674 1573 5766 Κύριον
1606 5674 1894 5752 έπίστάντα

1997 4705 2132 4779 poli.
2169 4705 2485 4776 Postquam
2533 4706 2727 4759 autem
2759 4700 2871 4757 fuit
2898 4695 3210 4771 impositus
3240 4691 3375 4748 ﬁnis
3404 4688 3637 4779 balneo,

2000 4777 2153 4867 quod
2203 4794 2620 4860 aediﬁcabatur,
2653 4791 2726 4848 ab
2755 4789 2856 4845 illo
2889 4795 3141 4858 tempore
3182 4799 3297 4839 non
3322 4777 3641 4837 vocabatur

1997 4884 2250 4957 amplius
2296 4883 2458 4940 locus
2490 4882 2587 4937 ille
2616 4884 2786 4952 Ager,
2819 4878 2920 4950 qui
2967 4880 3059 4935 est
3088 4876 3325 4948 propter
3367 4867 3638 4957 ﬂuvium,

1999 4956 2109 5031 sed,
2129 4977 2276 5045 Ager
2313 4972 2655 5028 calidarum.
2679 4967 2919 5025 Duravit
2949 4970 3145 5023 autem
3168 4962 3329 5018 illius
3359 4956 3640 5045 frumenti

2000 5043 2329 5119 distributio
2360 5076 2547 5133 usque
2587 5060 2657 5116 ad
2716 5064 2975 5130 tempora
3020 5052 3186 5126 impii
3234 5046 3477 5107 Juliani.
3539 5043 3639 5099 Ille

1999 5169 2274 5225 namque,
2305 5150 2595 5224 quomodo
2629 5148 2743 5205 alia
2772 5148 2944 5216 bona,
2976 5145 3061 5201 ita
3090 5142 3200 5199 hoc
3231 5152 3461 5213 quoque
3482 5133 3641 5225 invi-

2000 5244 2143 5301 dens
2162 5224 2514 5300 Christianis
2561 5238 2758 5297 statim
2817 5249 3044 5294 cessare
3099 5231 3241 5289 facit
3291 5224 3641 5300 suppedita-

1998 5332 2242 5390 tionem.

2071 5422 2251 5479 XXV.
2282 5421 2528 5479 Divinus
2557 5434 2693 5492 ergo
2723 5415 3021 5485 Abercius,
3046 5416 3112 5471 ut
3131 5412 3206 5473 ad
3236 5426 3372 5469 eum
3402 5408 3647 5467 reverta-

2002 5529 2154 5585 mur,
2204 5528 2341 5569 cum
2381 5510 2555 5583 longo
2603 5513 2867 5581 tempore
2924 5504 3129 5562 fuisset
3183 5503 3449 5560 versatus
3505 5511 3642 5555 cum

2003 5602 2301 5674 Romanis,
2326 5606 2383 5659 et
2411 5615 2616 5659 sanam
2638 5598 2772 5655 ﬁdei
2795 5596 3087 5653 rationem
3111 5592 3440 5652 tradidisset
3456 5586 3646 5646 Eccle-

2006 5692 2113 5753 siis
2131 5691 2603 5764 Christianorum,
2616 5688 2771 5750 videt
2784 5685 3095 5760 aliquando
3109 5686 3169 5743 in
3186 5680 3429 5744 sommis
3442 5678 3648 5738 adesse
