4048 6202
419 306 572 367 1243

1763 311 2051 375 MENSIS
2095 313 2476 374 OCTOBER.

3664 314 3824 375 1244

410 470 747 539 Dominum,
780 474 837 525 et
866 471 1057 526 dicere
1090 488 1102 527 :
1137 472 1395 543 Oportet,
1428 488 1459 527 ο
1492 472 1718 540 Aberci,
1760 482 1811 528 te
1853 490 2055 530 curam

2173 473 2269 545 ὁρᾷ
2308 472 2420 539 καὶ,
2456 475 2545 525 Δεῖ
2594 491 2669 539 σε,
2719 465 2990 543 ’Λϐέρκιε,
3032 470 3286 544 λέγοντα,
3335 471 3425 525 καὶ
3485 474 3588 525 τῶν
3640 470 3693 526 ἐν
3757 477 3827 545 τῇ

410 575 639 631 quoque
699 576 895 630 gerere
953 560 1228 632 partium,
1262 577 1388 631 qua
1449 567 1592 616 sunt
1648 561 1704 616 in
1769 564 1950 635 Syria.
2014 568 2057 618 A

413 666 617 706 somno
649 668 782 722 ergo
814 651 1115 714 excitatus,
1142 651 1284 721 petit
1306 651 1376 706 ab
1409 652 1798 723 imperatrice,
1834 659 1899 707 ut
1928 670 2059 709 eum

412 740 692 794 dimittat.
728 741 834 795 Illa
862 740 1017 794 enim
1042 755 1175 794 eum
1201 741 1496 795 detinebat
1526 741 2057 808 vehementissime,

412 829 623 885 timens
656 845 725 884 ne
759 834 1065 899 postquam
1090 828 1185 884 ille
1208 830 1600 895 abscessisset,
1626 830 1953 886 libertatem
1974 848 2060 885 as-

411 923 673 973 secutum
699 918 1070 983 dtemonium,
1093 917 1270 971 filiam
1296 934 1498 973 rursus
1522 918 1833 974 invaderet.
1854 922 2061 974 Verum

409 1007 483 1077 is,
514 1024 671 1073 cum,
706 1009 860 1079 quod
920 1008 988 1062 ad
1043 1007 1098 1062 id
1134 1007 1435 1072 attinebat,
1464 1008 1739 1078 jussisset
1770 1026 1897 1064 eam
1928 1025 2053 1065 esse

410 1096 561 1151 bono
612 1097 826 1165 animo,
860 1113 1062 1151 rursus
1106 1097 1342 1168 rogavit,
1380 1103 1442 1151 ut
1482 1097 1644 1151 navis
1692 1096 1803 1152 sibi
1839 1114 2058 1169 parare-

410 1189 527 1251 tur,
562 1203 663 1257 per
711 1202 885 1256 quam
918 1187 986 1241 ad
1022 1190 1211 1256 partes
1249 1187 1420 1255 Syriae
1454 1187 1767 1257 navigaret.
1800 1187 2055 1243 Tandem

412 1289 543 1344 ergo
576 1291 854 1345 persuasa
882 1274 955 1329 ab
987 1274 1144 1329 illius
1174 1275 1533 1342 assiduitate,
1566 1276 1731 1345 jubet
1760 1276 2057 1332 Cornelia-

412 1380 552 1418 num
588 1363 638 1419 ei
672 1379 873 1435 parare
906 1364 1225 1435 navigium,
1259 1368 1315 1419 et
1345 1382 1467 1435 quae
1516 1373 1677 1419 erant
1709 1368 2054 1436 necessaria,

413 1453 838 1525 quamprimum
890 1452 1207 1523 imponere.
1241 1453 1385 1508 Cum
1447 1470 1581 1526 ergo
1639 1455 1691 1510 ei
1734 1455 1792 1510 in
1826 1461 2053 1527 portum

413 1542 656 1597 deducta
714 1546 870 1597 esset
927 1542 1112 1609 navis,
1144 1541 1306 1597 illam
1360 1544 1777 1610 conscendens,
1810 1544 2058 1615 septimo

414 1629 507 1686 die
556 1630 944 1702 navigationis
1006 1632 1267 1703 pervenit
1323 1630 1382 1685 in
1438 1633 1679 1703 Syriam.
1714 1637 1780 1687 Et
1806 1635 2058 1704 primum

413 1720 649 1791 quidem
699 1725 966 1776 versatur
1016 1720 1368 1776 Antiochiae:
1404 1721 1613 1777 deinde
1654 1738 1786 1778 eum
1848 1724 2061 1793 excipit

2172 560 2342 635 Συρίᾳ
2391 558 2667 637 φροντίσαι
2712 563 2912 633 μερῶν.
2948 560 3184 620 Ἀνεθεὶς
3226 558 3315 613 οὖν
3379 565 3475 614 τοῦ
3517 561 3705 631 ὕπτιου,
3742 562 3825 614 αἷ-

2165 654 2247 702 τεῖ
2303 650 2400 715 τήν
2456 644 2711 721 βασιλίδα
2772 652 3010 719 μεθεῖναι
3082 646 3245 702 αὐτόν
3280 668 3290 679 ο
3350 648 3656 724 περιείχετο
3720 650 3823 721 γαρ

2165 736 2300 796 τέως
2332 734 2661 809 ἰσχυρότατα
2698 738 2795 788 τοῦ
2836 731 3051 804 ἀνδρὸς,
3088 732 3364 790 δεδοικυῖα
3409 738 3482 807 μὴ
3530 738 3662 807 μετᾶ
3726 739 3821 802 τήν

2166 822 2369 877 ἐκείνου
2420 820 2735 895 ἀποδημίαν
2786 820 2967 884 ἁδείας
3016 824 3185 896 τυχὸν
3240 825 3303 877 τὸ
3362 822 3670 897 δαιμόνιον,
3716 822 3821 896 ἑμ-

2164 912 2387 987 πηδησῃ
2420 913 2582 969 πάλιν
2623 918 2691 986 τῇ
2724 914 2967 990 θυγατρί.
3000 916 3061 971 Ὁ
3094 912 3173 985 δὲ,
3218 916 3474 989 Θαῤῥεῖτε
3524 918 3723 970 τούτου
3761 938 3821 988 γε

2162 1001 2356 1071 ἕνεκεν,
2399 1004 2655 1078 εἰρηκὼς,
2690 1001 2863 1058 ἐδεῖτο
2910 1004 3000 1058 καὶ
3040 1004 3194 1069 αὖθις
3243 1010 3371 1058 ναῦν
3433 1007 3581 1076 αὐτῷ
3639 1026 3818 1080 παραο

2167 1096 2541 1162 σκευασθῆναι,
2585 1091 2655 1148 δι’
2704 1097 2769 1162 ἧς
2808 1093 2892 1148 ἐπὶ
2934 1094 2997 1149 τὰ
3049 1102 3148 1163 τῆς
3201 1096 3398 1170 Συρίας
3445 1094 3695 1150 πλεύσειε
3734 1094 3819 1169 με’·

2167 1204 2255 1256 ρη.
2302 1182 2480 1245 Μόλις
2515 1181 2607 1237 οὖν
2639 1203 2773 1238 ποτε
2810 1182 2902 1237 καὶ
2932 1186 2999 1256 τῇ
3033 1181 3221 1256 πολλῇ
3281 1191 3564 1247 πεισθεῖσα
3615 1205 3821 1257 προσε-

2167 1269 2308 1345 δρίᾳ,
2355 1269 2564 1325 κελεύει
2620 1269 2971 1345 Κορνηλιανῷ
3028 1270 3224 1326 πλοῖόν
3301 1293 3359 1327 τε
3424 1272 3571 1344 αύτῷ
3638 1273 3821 1346 εὐτρεο

2165 1362 2339 1430 πίσαι,
2381 1361 2468 1414 καὶ
2524 1361 2591 1415 τά
2631 1358 2911 1430 ἐπιτήδεια
2968 1362 3051 1416 ὅτι
3090 1363 3262 1440 τάχος
3299 1361 3562 1424 ἐνθέσθαι.
3605 1364 3821 1436 K180;-

2170 1449 2450 1523 μισθείσης
2484 1448 2576 1503 οὖν
2617 1450 2763 1520 αύτῷ
2800 1457 2898 1518 τῆς
2927 1450 3058 1511 νεὼς
3089 1446 3262 1523 ἐμϐὰς
3318 1446 3528 1525 ἑϐδόμῃ
3564 1456 3633 1524 τῇ
3680 1452 3817 1519 πρὸς

2164 1540 2255 1593 τὸν
2285 1538 2457 1593 πλοῦν
2492 1538 2673 1613 ἡμέρᾳ
2700 1539 2799 1607 τήν
2835 1539 3031 1614 Συρίαν
3063 1535 3495 1611 καταλαμϐάνει.
3540 1542 3639 1593 Καὶ
3674 1544 3817 1612 πρῶο

2166 1649 2232 1683 τα
2266 1629 2360 1699 μὲν
2400 1630 2468 1699 τῇ
2502 1626 2830 1704 Ἀντιοχέων
2863 1625 3160 1699 ὲπιδημεῖ’
3208 1628 3322 1682 εἶτα
3355 1625 3571 1702 δέχεται
3624 1633 3819 1682 τοῦτον

2169 1718 2441 1788 ’Δπάμεια
2472 1716 2715 1779 κάκεῖθεν
2763 1716 2850 1769 ἐπὶ
2896 1715 2991 1776 τὰς
3020 1714 3218 1778 λοιπὰς
3254 1712 3562 1787 μεταϐαίνει
3606 1716 3821 1785 πόλεις,

413 1812 669 1882 Apamea
699 1827 715 1865 ι
747 1818 799 1865 et
840 1809 1003 1865 illinc
1047 1811 1257 1866 transit
1287 1810 1359 1865 ad
1404 1811 1657 1883 reliquas
1689 1812 1971 1879 civitates,
2007 1817 2059 1868 et

2173 1806 2259 1860 καὶ
2324 1804 2708 1875 στασιαζούσας
2778 1802 3053 1860 διαλάττει
3129 1807 3225 1867 τὰς
3293 1803 3630 1875 ἐκκλησίας’
3688 1807 3822 1860 πάνυ

415 1899 744 1955 reconciliet
802 1899 1091 1955 Ecclesiae
1149 1901 1300 1955 inter
1355 1916 1419 1955 se
1477 1900 1849 1956 dissidentes.
1901 1901 2063 1955 Tunc

418 1988 573 2043 enim
610 2004 709 2059 per
730 2004 828 2044 eas
850 1988 1016 2044 valde
1036 1988 1301 2060 serpebat
1328 1988 1546 2044 malum
1566 1990 1804 2045 haeresis
1826 1990 2063 2045 Marcio-

419 2077 529 2133 nis.
567 2077 942 2132 Transmisso
991 2081 1188 2132 autem
1241 2077 1547 2148 Euphrate,
1578 2079 1736 2134 venit
1767 2079 1837 2133 ad
1869 2078 2064 2134 Eccle-

419 2166 559 2232 sias,
595 2182 721 2236 quae
771 2173 929 2221 erant
964 2166 1022 2219 in
1055 2166 1260 2232 Nisibi,
1294 2170 1350 2221 et
1378 2166 1437 2220 in
1472 2172 1586 2222 tota
1628 2168 2063 2239 Mesopotamia,

418 2270 635 2324 easque
663 2255 862 2309 eodem
898 2255 1070 2309 modo
1103 2254 1298 2310 afﬁcit.
1332 2254 1476 2310 Hinc
1508 2258 1574 2310 ad
1608 2272 1737 2311 eum
1771 2258 1842 2312 ab
1873 2256 2065 2312 omni-

419 2343 527 2397 bus
584 2343 930 2397 deferuntur
984 2344 1268 2413 pecuniae,
1300 2344 1611 2401 mediocris
1672 2348 2063 2403 renumeretio

417 2446 640 2503 magna:
670 2432 798 2502 eius
822 2432 977 2487 circa
1011 2432 1296 2488 Ecclesias
1332 2433 1622 2490 malorum
1646 2436 2061 2508 perpessionis.

419 2522 773 2591 Ignorabant
801 2529 998 2576 autem
1032 2536 1095 2577 se
1127 2523 1369 2595 perinde
1398 2523 1605 2591 facere,
1637 2525 1755 2580 acsi
1787 2526 1963 2581 alicui
1996 2542 2065 2581 ex

420 2611 511 2677 iis,
545 2612 645 2683 qui
702 2616 951 2684 possunt
1010 2610 1376 2670 velocissime
1428 2630 1679 2684 currere,
1740 2617 2066 2687 praeberent

418 2703 749 2774 compedes,
774 2703 1077 2774 praemium
1111 2705 1405 2775 quoddam
1429 2704 1713 2777 agilitatis
1736 2714 1833 2762 aut
1864 2706 1913 2761 si
1945 2723 2065 2762 ma-

416 2793 527 2858 vis,
558 2810 673 2849 non
707 2809 877 2849 secus
917 2810 982 2849 ac
1026 2794 1086 2859 ii,
1140 2795 1239 2865 qui
1272 2811 1407 2850 eum
1458 2795 1557 2867 qui
1606 2797 1803 2852 nudus
1859 2796 2064 2853 luctari

417 2880 656 2954 pulchre
686 2882 913 2951 didicit,
937 2887 1222 2939 conantur
1238 2885 1465 2953 docere,
1496 2892 1556 2941 ut
1585 2902 1718 2941 eum
1742 2886 2063 2957 arripiendi

417 2989 621 3027 ansam
652 2972 865 3028 habeat
890 2974 1279 3029 adversarius.

492 3060 681 3116 XXVI.
721 3064 867 3117 Cum
900 3076 1033 3129 ergo
1065 3060 1162 3116 ille
1193 3062 1429 3131 quidem
1464 3067 1755 3119 recusaret
1775 3064 2058 3136 accipere,

2172 1896 2274 1971 γὰρ
2324 1896 2444 1949 τότε
2474 1896 2535 1950 τὸ
2574 1902 2673 1964 τῆς
2728 1893 2960 1967 αἱρέσως
2988 1899 3085 1949 τοῦ
3120 1896 3451 1970 Μαρκίωνος
3492 1897 3680 1963 κακὸν,
3710 1894 3823 1950 ἐνέ-

2178 2006 2309 2058 μετο
2366 1986 2584 2047 ταύτας.
2618 1982 2719 2041 Τὸν
2774 1984 3060 2062 Εὐφράτην
3122 1982 3177 2039 δὲ
3236 1980 3450 2054 διαϐὰς,
3500 1992 3616 2047 ταῖς
3686 1986 3823 2039 κατᾶ

2172 2070 2383 2129 Νίσιϐίν
2421 2096 2479 2130 τε
2510 2074 2600 2129 καὶ
2648 2080 2819 2129 πᾶσαν
2880 2076 2978 2143 τήν
3037 2076 3462 2147 Μεσοποταμίαν
3506 2074 3823 2143 ἐκκλησίαις

2175 2163 2447 2241 ἐπιφοιτᾷ,
2486 2164 2735 2226 κάκείνας
2783 2164 2877 2217 τὸν
2918 2162 3032 2218 ἴσον
3093 2160 3366 2234 διατίθησι
3424 2166 3651 2240 τρόπον.
3706 2167 3823 2219 Ἐν-

2170 2255 2352 2308 τεῦθεν
2411 2256 2678 2332 χρήματα
2761 2254 2910 2323 αὐτῷ
2994 2256 3277 2326 κομίζεται
3361 2254 3505 2329 παρὰ
3578 2256 3817 2322 πάντων,

2175 2341 2382 2419 ἀμοιϐὴ
2420 2345 2612 2419 μετρία
2641 2352 2741 2413 τῆς
2783 2342 3004 2414 πολλῆς
3035 2344 3198 2399 αὐτοῦ
3232 2342 3390 2413 δῆθεν
3427 2345 3550 2418 περὶ
3589 2345 3688 2405 τὰς
3740 2343 3822 2397 ἔκ-

2171 2435 2404 2505 κλησίας
2469 2434 2849 2495 κακοπαθείας.
2894 2434 3149 2508 Ἠγνὸοὑν
3202 2431 3259 2488 δὲ
3289 2434 3481 2505 ὅμοιόν
3520 2453 3579 2488 τε
3609 2436 3826 2487 ποιοῦν-

2171 2546 2280 2592 τες,
2318 2523 2499 2599 ὥσπερ
2545 2522 2597 2578 εἷ’
2638 2544 2745 2577 τινι
2786 2526 2894 2577 τῶν
2953 2522 3167 2597 τρέχειν
3220 2521 3448 2592 ὀξύτατα
3504 2519 3818 2593 δυναμένων

2173 2612 2338 2676 πέδας
2397 2618 2683 2688 παρεῖχον,
2714 2613 2874 2687 γέρας
2920 2634 2970 2667 τι
3021 2618 3121 2681 τῆς
3163 2612 3487 2682 εύκινησίας,
3530 2612 3577 2665 εἰ
3627 2609 3820 2684 βούλει

2175 2701 2251 2771 δὲ,
2294 2704 2535 2776 καθάπερ
2578 2703 2629 2756 οἱ
2678 2704 2769 2756 τὸν
2807 2701 3008 2775 γυμνὸν
3060 2698 3167 2771 ἤδη
3214 2699 3465 2755 παλαίειν
3526 2697 3820 2754 πεπαιδευ-

2177 2793 2336 2866 μένον
2366 2795 2700 2864 πειρώμενοι
2734 2788 3061 2846 ὲνδιδύσκειν
3089 2810 3101 2822 ο
3147 2789 3291 2845 ὥστε
3330 2786 3502 2852 λαϐὰς
3540 2784 3691 2864 ἔχειν
3736 2788 3817 2843 ἰπὶ

2174 2880 2331 2937 αὐτὸν
2371 2881 2463 2935 τὸν
2496 2878 2812 2937 ἀντίπαλον.

2246 3063 2352 3125 Κς’.
2389 3060 2540 3117 Ἐπεὶ
2600 3058 2691 3115 οὖν
2760 3060 2787 3114 6
2846 3061 2938 3133 μὲν
3003 3057 3214 3114 ἀνένευε
3260 3059 3357 3126 τὴν
3427 3058 3698 3131 ἀνάληψιν
3759 3060 3822 3111 τά

420 3147 620 3203 dicens
652 3148 830 3203 fuisse
862 3147 1049 3217 plura,
1084 3164 1211 3218 qua:
1244 3150 1420 3205 dabat
1452 3151 1811 3223 imperatrix,
1846 3158 1903 3209 et
1932 3170 2059 3225 quas

2173 3153 2271 3219 τῆς
2314 3147 2601 3225 βασιλίδος
2631 3149 2861 3205 πλείονα
2919 3148 3152 3221 εἰρηκὼς
3194 3150 3349 3216 εἶναι,
3383 3150 3469 3202 καὶ
3515 3146 3821 3221 εὐλογωτὲ-

410 3236 655 3307 justiore
685 3237 755 3291 de
805 3252 980 3292 causa
1031 3242 1297 3309 poterant
1346 3240 1530 3312 accipi
1566 3257 1579 3296 :
1612 3242 1697 3297 illi
1728 3247 1920 3299 autem
1968 3243 2056 3299 in-

418 3329 641 3382 stantes
698 3342 828 3382 cum
882 3343 995 3382 non
1044 3333 1284 3399 possent
1333 3331 1720 3398 persuadere:
1782 3338 1940 3389 stans
1998 3334 2058 3389 in

419 3414 610 3471 medio
659 3433 857 3472 eorum
915 3417 1003 3472 vir
1059 3418 1315 3489 quidam,
1352 3421 1583 3478 nomine
1639 3422 2060 3492 Barchasanes,

419 3519 627 3576 genere
673 3505 1060 3577 clarissimus,
1112 3508 1333 3565 divitiis
1388 3510 1875 3581 copiosissimus:
1926 3512 2058 3569 Vim

419 3594 680 3665 quidem,
714 3595 929 3667 inquit,
962 3597 1013 3653 ei
1056 3597 1260 3654 afferre
1291 3605 1528 3671 propter
1558 3603 1857 3672 pecunias,
1891 3620 1923 3658 o
1956 3604 2061 3659 fra-

417 3687 552 3751 tres,
586 3698 777 3755 neque
808 3687 897 3740 est
944 3684 995 3740 ei
1045 3686 1346 3752 decorum,
1384 3704 1572 3760 neque
1605 3691 1774 3745 nobis
1823 3692 2059 3747 omnino

419 3771 580 3827 utile.
614 3772 775 3837 Quod
824 3777 1018 3828 autem
1052 3775 1277 3841 datum,
1310 3792 1427 3833 non
1482 3776 1619 3833 licet
1669 3780 1975 3849 deponere,
2009 3786 2062 3835 et

420 3862 575 3931 quod
608 3861 657 3916 ei
692 3861 878 3932 magis
899 3864 1039 3917 dant
1070 3880 1188 3919 suae
1220 3866 1496 3931 actiones,
1528 3866 1686 3922 istud
1719 3872 1806 3923 est
1827 3885 1861 3923 a
1892 3868 2062 3924 nobis

420 3950 833 4021 praestandum.
868 3955 1257 4008 Decernemus
1287 3969 1420 4009 eum
1452 3956 1751 4011 nominare
1783 3957 2061 4027 aequalem

422 4038 722 4107 apostolis.
757 4038 952 4111 Neque
981 4041 1135 4096 enim
1163 4040 1349 4097 ullum
1382 4042 1562 4098 alium
1586 4044 1807 4101 scimus
1836 4050 2062 4102 tantum

427 4130 588 4180 terrae
622 4131 677 4181 et
708 4128 885 4183 maris
917 4129 1151 4197 obiisse,
1188 4135 1251 4185 ut
1296 4148 1497 4188 curam
1539 4139 1759 4203 gereret
1790 4137 2058 4204 fratrum,

426 4214 541 4270 nisi
572 4233 837 4273 summos
883 4218 1098 4274 Christi
1130 4220 1471 4291 discipulos,
1506 4238 1647 4293 quos
1675 4223 1903 4293 quidem
1936 4226 2060 4296 ipse

422 4309 512 4360 est
536 4311 787 4361 secutus.
807 4306 949 4373 Ηωοῖ
964 4307 1059 4363 ille
1076 4309 1312 4380 quidem
1334 4326 1347 4365 ι
1365 4310 1636 4367 omnibus
1655 4318 1849 4370 autem
1872 4315 2062 4371 visum

423 4398 512 4449 est
542 4394 621 4449 ila
650 4409 779 4450 esse
812 4395 1162 4452 faciendum.
1198 4398 1411 4470 Sicque
1442 4399 1513 4455 ab
1544 4400 1643 4457 illo
1675 4410 1932 4473 tempore
1963 4421 2060 4460 ac-

422 4482 571 4553 cepit
594 4483 745 4541 hanc
767 4484 1321 4553 denominationem,
1353 4488 1452 4557 qui
1476 4490 1646 4544 etiam
1670 4495 1803 4547 ante
1824 4491 2059 4549 illorum

423 4572 777 4629 sententiam
838 4574 989 4631 hanc
1045 4580 1165 4631 erat
1221 4575 1365 4647 ipsis
1425 4577 1592 4634 factis
1623 4580 1884 4635 sortitus.
1917 4582 2062 4637 Cum

420 4660 583 4717 illinc
612 4678 745 4732 ergo
768 4662 1128 4729 recessisset,
1160 4666 1216 4719 et
1244 4664 1304 4719 in
1334 4667 1581 4736 utraque
1613 4665 1813 4722 fuisset
1842 4667 2059 4738 Cilicia,

421 4755 478 4806 et
514 4750 853 4822 Lycaoniam
887 4752 1149 4822 obiisset,
1181 4756 1237 4807 et
1270 4752 1562 4821 Pisidiam,
1594 4754 1751 4811 venit
1781 4756 2062 4828 Synadem

421 4839 680 4912 Phrygiae
712 4840 1098 4913 metropolim.
1158 4841 1419 4914 Hospitio
1477 4848 1669 4901 autem
1719 4849 1987 4916 acceptus
2029 4864 2062 4902 a

419 4930 771 5001 quibusdam
805 4946 874 4986 ex
921 4930 1014 5001 iis,
1046 4932 1147 5003 qui
1174 4930 1294 4989 illic
1324 4936 1489 4989 erant
1527 4932 1890 5003 Christianis,
1926 4952 2060 4993 cum

418 5035 481 5076 se
512 5035 829 5091 parumper
858 5025 1198 5088 recreasset,
1230 5021 1298 5077 ad
1358 5038 1526 5078 suam
1585 5026 1880 5081 contendit
1920 5024 2061 5082 civi-

424 5113 621 5166 tatem.

491 5198 711 5256 XXVII.
754 5198 896 5255 Cum
952 5200 1145 5271 itaque
1189 5203 1387 5257 testate
1429 5201 1685 5257 venisset
1726 5202 1796 5258 ad
1840 5202 2057 5273 locum,

421 5289 521 5358 qui
555 5288 770 5345 dicitur
804 5288 1011 5358 Aulon,
1045 5288 1196 5345 sedit
1242 5290 1302 5345 in
1337 5295 1498 5361 petra
1529 5292 1877 5363 propinqua.
1913 5294 2057 5351 Cum

422 5380 617 5434 autem
649 5382 706 5434 et
736 5384 943 5435 ventus
985 5380 1235 5451 spiraret
1264 5379 1314 5434 ei
1346 5380 1646 5448 adversus,
1680 5387 1736 5437 et
1763 5400 1795 5438 a
1825 5383 2057 5440 rusticis

422 5465 776 5523 frumentum
830 5467 889 5523 iu
948 5485 1079 5525 arca
1133 5467 1525 5537 ventilaretur,
1557 5473 1615 5525 et
1668 5487 1811 5528 aura
1849 5478 2057 5530 tenues

420 5553 617 5626 paleas
672 5556 949 5626 excitans,
984 5559 1041 5613 in
1072 5559 1259 5614 sancti
1287 5558 1509 5615 vultum
1543 5560 1873 5632 projiceret,
1895 5566 2058 5634 rogat

420 5641 727 5717 agricolas,
753 5647 816 5701 ut
851 5644 1111 5704 laborem
1142 5647 1509 5718 aliquantum
1549 5649 1931 5709 remitterent.
1964 5650 2055 5709 Illi

2172 3262 2262 3315 ρας
2293 3239 2533 3315 ἐχόμενα
2562 3241 2697 3313 πρὸς
2738 3240 2801 3294 τὸ
2834 3232 3026 3293 λαϐεῖν
3057 3236 3312 3313 ἀφορμῆς
3349 3254 3361 3266 ⁶
3393 3238 3445 3291 οἱ
3477 3234 3535 3290 δὲ
3573 3234 3821 3311 προσκεί-

2175 3351 2327 3403 μενοι
2395 3330 2598 3384 πείθειν
2653 3327 2751 3383 οὐκ
2798 3328 2974 3402 εἶχον,
3013 3324 3088 3386 είς
3152 3327 3311 3399 μέσον
3345 3346 3426 3387 τις
3458 3326 3609 3397 αὐτῷ
3656 3346 3821 3379 κατα-

2171 3420 2298 3482 στὰς
2330 3418 2691 3496 Βαρχασάνης
2722 3413 2895 3490 ὄνομα
2917 3434 2930 3448 ’
2964 3416 3097 3490 ἀνὴρ
3125 3415 3187 3469 τὸ
3219 3417 3375 3492 γένος
3408 3414 3823 3489 λαμπρότατος,

2170 3510 2260 3566 τὸν
2294 3508 2532 3563 πλοῦτον
2573 3505 3005 3582 διαφορώτατος,
3051 3504 3329 3574 Βιάζεσθαι
3400 3506 3519 3577 μὶν,
3571 3501 3822 3582 ἀδελφοὶ,

2170 3600 2260 3655 τὸν
2296 3596 2459 3671 ἄνδρα
2484 3597 2814 3675 ⁵χρημιιὶτων
2861 3591 3033 3665 ἕνεκα,
3068 3594 3193 3674 ἔφη,
3226 3592 3351 3649 οὔτε
3398 3594 3543 3665 αυτῷ
3591 3595 3818 3667 πρέπον,

2172 3686 2286 3751 οὗθ’
2316 3690 2450 3759 ἡμῖν
2485 3686 2633 3748 ὅλως
2701 3684 3092 3748 λυσιτελές.Ὃ
3134 3682 3190 3739 δὲ
3229 3684 3329 3738 οὐκ
3367 3680 3476 3738 ἔστι
3529 3680 3816 3755 διδόμενον

2172 3778 2485 3844 ἀποθέσθαι,
2531 3776 2619 3831 καὶ
2672 3777 2804 3850 ὅπερ
2862 3777 3011 3847 αὖτῷ
3071 3773 3285 3847 μᾶλλον
3350 3774 3405 3827 αἱ
3462 3773 3682 3846 πράξεις
3742 3770 3814 3825 δι-

2172 3865 2373 3935 δόασιν,
2407 3864 2578 3920 ἐκεῖνο
2611 3864 2676 3934 δὴ
2708 3866 2798 3920 καὶ
2830 3866 3084 3935 ποιητέον
3116 3866 3270 3937 ἡμῖν.
3303 3864 3405 3919 Καὶ
3450 3860 3816 3939 ψηφισώμεθα

2168 3960 2364 4012 τοῦτον
2428 3954 2789 4010 ΐσαπόστολον
2847 3953 3155 4027 ὀνομάζειν,
3204 3951 3320 4007 ἐπεὶ
3383 3948 3527 4024 μηδὲ
3591 3949 3816 4024 περιελ-

2172 4047 2330 4110 θόντα
2357 4044 2541 4120 ἕτερον
2574 4043 2727 4117 ἴσμεν
2792 4051 2897 4121 γῆν
2950 4043 3217 4113 τοσαύτην
3270 4043 3356 4096 καὶ
3428 4040 3694 4095 θάλατταν
3731 4038 3815 4094 ἐπὶ

2170 4136 2399 4208 προνοίᾳ
2446 4140 2553 4190 τῶν
2586 4131 2858 4213 ἀδελφῶν,
2902 4132 2985 4188 ὅτι
3028 4135 3102 4206 μὴ
3146 4132 3272 4191 τοὺς
3316 4129 3644 4206 κορυφαίους
3684 4128 3817 4183 ἐκείο

2171 4245 2294 4285 νους
2351 4227 2447 4278 τοῦ
2504 4225 2740 4298 Χριστοῦ
2802 4223 3065 4295 μαθητὰς,
3126 4222 3320 4295 οἷσπερ
3379 4217 3444 4289 δὴ
3500 4219 3589 4274 καὶ
3658 4218 3819 4279 οὗτος

2172 4308 2329 4390 ὤφθη
2365 4312 2651 4386 ἑπόμενος.
2693 4314 2875 4368 Ταῦτα
2932 4312 2959 4365 ὁ
3014 4312 3108 4377 μὲν
3139 4309 3277 4378 εἷπε,
3310 4313 3429 4371 τοῖς
3460 4306 3517 4362 δὲ
3550 4305 3659 4361 δεῖν
3699 4305 3821 4361 ἐδό-

2171 4423 2276 4470 κει,
2323 4402 2413 4456 καὶ
2476 4402 2539 4456 τὸ
2598 4401 2688 4456 ἀπ’
2740 4400 2944 4455 ἐκείνου
2999 4398 3199 4469 ταύτην
3242 4393 3411 4471 ἔλαχε
3464 4397 3566 4464 τήν
3622 4396 3823 4449 ἐπωνυ-

2177 4491 2321 4565 μίαν,
2382 4492 2409 4545 6
2460 4491 2548 4545 καὶ
2608 4491 2712 4563 πρὸ
2768 4497 2869 4559 τῆς
2920 4488 3138 4544 ἐκείνων
3206 4489 3393 4563 ψήφου
3449 4491 3565 4546 τοῖς
3630 4484 3819 4559 ἔργοις

2092 4555 2342 4648 Βαύτην
2405 4578 2857 4653 κληρωσάμενος.
2889 4577 3203 4646 Ἀναζεύξας
3252 4577 3428 4631 τοίνυν
3475 4574 3697 4645 ἆκεῖθεν,
3770 4574 3817 4627 ἐν

2174 4669 2396 4745 ἑκατέρᾳ
2467 4690 2525 4724 τε
2600 4666 2820 4739 Κιλικίᾳ
2874 4666 3183 4744 γενόμενος,
3245 4666 3334 4721 καὶ
3410 4668 3479 4739 τῇ
3550 4663 3820 4733 Λυκαονία

2170 4760 2259 4814 καὶ
2318 4755 2537 4829 Πισιδίᾳ
2594 4755 2962 4830 ἐπιδημήσας,
3016 4754 3093 4818 εἷς
3174 4752 3388 4809 Σύναδα
3444 4759 3543 4823 τῆς
3620 4757 3820 4827 μικρᾶς

2172 4847 2415 4923 Φρυγίας
2449 4844 2792 4921 μητρόπολιν
2834 4845 2979 4915 ἥκει.
3014 4844 3386 4916 Ἐπιξενωθεῖς
3420 4840 3475 4897 δέ
3539 4863 3650 4897 τισι
3706 4846 3816 4896 τῶν

2171 4936 2282 4993 ἐκεῖ
2311 4940 2672 5012 Χριστιανῶν,
2704 4936 2791 4990 καὶ
2831 4936 3023 5010 μικρὸν
3085 4934 3275 4989 ἑαυτὸν
3308 4932 3643 4999 ἀναπαύσας,
3679 4930 3818 5005 πρὸς

2169 5028 2269 5097 τὴν
2304 5026 2508 5082 οἰκείαν
2548 5025 2775 5099 ὥρμησε
2804 5026 2991 5080 πόλιν.

2242 5212 2355 5262 KZ'.
2397 5205 2475 5263 T6
2519 5204 2724 5279 χωρίον
2773 5201 2866 5258 οὖν
2916 5201 3048 5275 ὅπερ
3098 5201 3293 5258 Αὐλὼν
3340 5200 3585 5255 ἐκαλεῖτο
3627 5198 3817 5272 θέρους

2168 5290 2535 5363 καταλαϐὼν,
2602 5292 2689 5347 ἐπὶ
2782 5299 2882 5361 τῆς
2966 5289 3200 5360 πλησίον
3294 5288 3505 5344 ἐκάθισε
3591 5287 3812 5361 πέτρας.

2167 5380 2391 5451 Ἐπειδή
2454 5380 2510 5437 δὲ
2554 5381 2615 5437 τό
2661 5401 2719 5437 τε
2765 5385 2974 5454 πνεῦμα
3030 5378 3290 5458 ἐπίφορον
3340 5377 3509 5448 ἔπνει,
3540 5378 3631 5433 καὶ
3696 5382 3811 5436 τοῖς

2168 5470 2424 5546 ἀγρόταις
2456 5472 2484 5525 ὁ
2526 5470 2668 5533 σίτος
2733 5469 2819 5527 ἐπὶ
2878 5476 2976 5540 τῆς
3034 5468 3246 5531 ἅλωνος
3304 5467 3592 5541 ἐλικμᾶτο,
3635 5470 3728 5521 καὶ
3778 5466 3812 5531 ἡ

2167 5559 2305 5635 αὖρα
2362 5562 2428 5616 τὰ
2509 5559 2689 5615 λεππὰ
2764 5564 2869 5614 τῶν
2937 5558 3161 5633 ἀχύρων
3223 5555 3636 5631 διαρῥιπίζουσα
3695 5559 3812 5614 ταῖς

2165 5646 2321 5724 ὄψεσι
2391 5643 2736 5727 προσέϐαλλε
2791 5651 2887 5703 τοῦ
2938 5648 3117 5723 ἁγίου,
3153 5645 3320 5702 δεῖται
3378 5651 3488 5701 τῶν
3545 5647 3804 5720 γεωργῶν
