4048 6202
244 323 401 384 1245

1600 320 1787 382 VITA
1831 320 1896 382 S.
1943 320 2277 386 ABERCII.

3487 312 3642 374 1246

244 481 445 536 ἀνεῖναι
495 479 633 554 πρὸς
693 475 875 555 βραχὺ
934 477 1121 533 τόπον.
1172 479 1233 531 Οἱ
1285 475 1342 532 δὲ
1400 477 1508 552 οὐχ
1566 478 1840 549 ὑπήκουον
1875 498 1922 546 ἠ

2038 486 2196 538 utem
2229 497 2346 539 non
2387 481 2789 537 exaudierunt.
2840 479 3060 535 Deinde
3111 481 3355 534 sanctus
3404 474 3643 546 quidem

247 572 361 626 εἶτα
392 572 420 624 ὁ
456 570 548 642 μὲν
583 570 870 642 προσευχῇ
908 568 1045 640 μόνῃ
1108 567 1170 620 τὸ
1227 570 1438 639 πνεῦμα
1484 568 1743 639 κοιμίζει,
1774 574 1889 630 τοῖς

248 659 304 716 δὲ
344 661 433 715 καὶ
491 660 712 714 ἄκουσιν
766 656 993 712 ἐπαύετο
1024 660 1058 726 ἡ
1102 654 1333 727 σπουδή.
1381 659 1473 727 Μὴ
1526 654 1741 732 ἔχοντες
1802 657 1892 712 οὖν
1966 662 1969 667 ⁴

249 752 278 805 ὅ
308 772 361 804 τι
392 750 480 805 καὶ
513 750 727 810 ἑαυτοῖς
760 749 1083 823 χρήσονται,
1127 748 1178 801 οἱ
1228 746 1321 819 μὲν
1380 746 1467 801 ἐπὶ
1527 745 1745 803 δεῖπνον
1774 749 1891 821 τρέ-

248 861 463 908 πονται,
496 841 523 895 ὁ
554 836 631 906 δὲ,
661 838 749 892 καὶ
780 839 880 912 γάρ
940 835 1103 911 ἔτυχε
1142 834 1287 910 δίψει
1353 838 1541 905 άΛοὺς,
1584 836 1729 911 ὕδωρ
1768 839 1894 906 παρ’

252 930 431 984 αὐτῶν
488 924 820 1002 ᾔτει.Ἀλλ“
875 926 1070 982 ἐκεῖνοι
1129 925 1317 989 δεινῶς
1371 926 1546 999 ἄξενοι
1601 926 1771 997 ὄντες,
1804 926 1894 982 καὶ

252 1014 491 1092 ἀκριϐῶς
549 1017 817 1092 ἄγροικοι,
876 1017 1252 1090 παρεθεώρουν
1324 1019 1423 1087 τήν
1510 1015 1746 1088 αἶ’τησιν,
1805 1017 1895 1071 καὶ

254 1106 463 1181 χλεύην
489 1106 552 1161 τὸ
583 1112 806 1181 πρᾶγμα
851 1104 1070 1159 ἐποίουν
1103 1124 1116 1135 ⁶
1154 1106 1213 1159 Εἰ
1266 1107 1328 1159 -ι’
1378 1103 1471 1161 ἕνα
1527 1104 1772 1181 γέροντα,
1807 1105 1893 1160 λέ-

256 1216 468 1271 γοντες,
532 1195 839 1271 ἀφεξόμεθα
903 1194 1194 1268 τραπέζης.
1257 1194 1576 1269 Ἐμὲμψατο
1645 1194 1735 1249 οὖν
1800 1201 1899 1264 τῆς

256 1283 638 1359 ἀπανθρωπίαν
711 1282 912 1354 ταύτην
968 1284 996 1338 ὁ
1073 1281 1595 1360 φιλανθρωπότατος
1686 1280 1897 1357 ἀνδρῶν

258 1367 564 1446 ’Δϐἐρκιος,
622 1371 712 1425 καὶ
794 1373 858 1427 τὸ
929 1369 1069 1445 μηδὲ
1124 1392 1256 1426 ποτε
1310 1371 1655 1448 κορέννυσθαι
1708 1374 1897 1435 αὐτοῖς

257 1460 587 1534 ἐπηράσατο.
626 1462 693 1517 Ὃ
723 1460 811 1515 καὶ
840 1455 1001 1535 ἔσχον
1035 1460 1114 1525 είς
1143 1458 1300 1537 δεῦρο
1329 1462 1639 1536 παραμένον
1682 1462 1893 1531 αὐτοῖς,

262 1570 393 1623 μισα
487 1548 729 1623 θρωπίας
806 1548 1193 1627 φιλάνθρωπον
1277 1550 1519 1628 ἀτεχνῶς
1604 1550 1898 1624 ἐπιτίμιον.

260 1638 390 1695 Εἶτα
445 1645 545 1708 τῆς
597 1640 796 1714 πέτρας
845 1640 1171 1710 ἀπαναστὰς,
1200 1642 1301 1710 τὴν
1354 1640 1544 1696 ἑαυτοῦ
1594 1639 1759 1696 πόλιν
1807 1661 1904 1695 κα-

254 1722 613 1800 ταλαμϐάνει.
681 1729 756 1784 Τὸ
812 1733 939 1804 γοῦν
999 1729 1213 1798 πλῆθος
1280 1729 1595 1803 αἰσθόμενοι
1652 1736 1751 1799 τῆς
1808 1734 1905 1784 τοῦ

257 1814 454 1892 ἀνδρὸς
506 1816 826 1892 παρουσίας,
881 1817 1157 1893 συνέρρεον
1216 1817 1513 1893 πανδημεὶ,
1565 1819 1904 1897 γλιγόμενοι

260 1903 383 1980 ὄψιν
416 1926 474 1962 τε
502 1908 603 1976 τήν
647 1905 899 1982 γλυκεῖαν
952 1905 1108 1978 ἰδεῖν,
1138 1908 1228 1963 καὶ
1289 1916 1474 1985 φωνῆς
1529 1912 1750 1963 ἂκοῧσαι
1807 1916 1907 1977 τῆς

259 2000 626 2073 ποθουμένης.
656 2004 716 2056 Ὁ
749 2002 843 2072 μὲν
903 2001 994 2056 οὗν
1038 2000 1286 2075 ἀσμένως
1340 2002 1537 2067 αὐτοὺς
1607 2000 1913 2076 εὐλογήσας

263 2090 353 2144 καὶ
412 2088 809 2162 ἀσπασάμενος,
850 2092 1064 2165 περιῄει
1109 2093 1210 2161 τήν
1264 2093 1425 2148 πόλιν
1475 2096 1560 2149 καὶ
1623 2093 1796 2163 αὖθις,
1830 2092 1914 2148 δι-

267 2177 475 2233 δάσκων
508 2199 564 2233 τε
591 2179 682 2233 τὸν
708 2177 870 2253 λόγον
898 2186 999 2248 τῆς
1036 2179 1298 2250 ἀληθείας
1350 2181 1445 2236 σὺν
1488 2180 1789 2257 παῤῥησίᾳ,
1820 2184 1909 2237 καὶ

268 2268 394 2329 τοὺς
439 2267 761 2343 προσιόντας
804 2265 891 2322 διὰ
931 2273 1029 2322 τοῦ
1065 2270 1209 2333 θείου
1252 2271 1625 2344 βαπτίσματος
1662 2269 1912 2341 τελειῶν,

268 2356 566 2429 δαιμονῶσι
617 2355 771 2412 λύσιν
831 2359 928 2413 τοῦ
981 2364 1152 2413 κακοῦ
1208 2360 1701 2435 παρέχων,νόσους
1742 2362 1914 2434 ἰώμε-

266 2467 385 2515 νος,
440 2447 529 2501 καὶ
599 2447 799 2508 παντὸς
859 2446 1215 2524 ἰσχυροτέραν
1272 2449 1478 2513 πάθους
1532 2451 1631 2520 τὴν
1686 2449 1735 2504 ἐν
1769 2449 1917 2521 αὐτῷ

270 2539 367 2590 τοῦ
422 2534 730 2609 πνεύματος
784 2532 1014 2610 δύναμιν
1059 2532 1538 2613 προϐαλλόμενος.
1587 2540 1802 2603 Συνθεὶς
1863 2536 1919 2593 δὲ

272 2625 363 2679 καὶ
423 2620 618 2699 βίϐλον
695 2622 1049 2691 διδασκαλίας
1103 2627 1243 2682 πάνυ
1319 2629 1617 2705 ὠφελίμως
1662 2624 1917 2704 ἔχουσαν,

275 2712 589 2770 καταλείπει
654 2719 772 2777 τοῖς
829 2716 916 2771 ὑπ’
974 2714 1132 2771 αὐτὸν
1188 2713 1577 2794 πρεσϐυτέροις
1638 2719 1751 2791 ἅμα
1828 2719 1920 2772 καὶ

277 2799 568 2876 διακόνοις,
602 2800 690 2857 *ίνα
747 2804 837 2857 καὶ
895 2805 1030 2877 μετὰ
1087 2804 1310 2869 θάνατον
1368 2805 1671 2884 φθέγγηται
1729 2804 1797 2860 δι’
1826 2806 1919 2861 αὖ·

276 2898 396 2964 τῆς,
427 2890 517 2946 καὶ
547 2892 749 2967 τρόπον
775 2892 897 2947 τινὰ
941 2891 1216 2965 μηδέποτε
1263 2894 1493 2972 ὠφελῶν
1525 2895 1788 2965 παύηται.

350 2982 774 3047 ΚΗ’.⁹Ανελθὼν
845 2981 934 3038 οὖν
993 3005 1126 3041 ποτε
1182 2986 1259 3049 εἰς
1312 2982 1437 3061 ὅρος
1499 2985 1709 3061 ὑψηλὸν
1781 2983 1923 3039 οίίτω

279 3069 498 3141 δεῆσαν,
557 3071 670 3129 ἐπεὶ
732 3070 861 3148 δίψῃ
928 3071 1077 3149 δεινῇ
1132 3076 1295 3138 αὐτός
1340 3098 1399 3131 τε
1445 3077 1534 3130 καὶ
1588 3076 1703 3131 ὅσοι
1773 3077 1924 3148 αὐτῷ

279 3164 507 3231 συνῆσαν
544 3163 792 3231 ἥλωσαν,
826 3162 915 3219 ἐπὶ
953 3165 1044 3218 τὸν
1092 3166 1266 3220 πάντα
1316 3164 1610 3241 δυνάμενον
1667 3165 1926 3245 καταφεύ-

2002 572 2141 629 solis
2170 572 2443 643 precibus
2464 570 2617 642 sopit
2646 570 2939 640 spiritum,
2964 568 3080 623 illis
3108 572 3302 623 autem
3336 565 3417 621 vel
3444 564 3645 619 invitis

2002 662 2252 717 cessavit
2281 660 2561 716 studium.
2588 660 2731 715 Cum
2750 674 2884 729 ergo
2908 658 3196 713 nescirent
3221 656 3357 726 quid
3385 656 3644 726 agerent,

2002 750 2043 805 ii
2084 767 2146 805 se
2187 754 2535 806 convertunt
2584 749 2653 803 ad
2698 762 2956 802 cmnam:
3012 746 3138 816 ipse
3185 750 3381 800 autem
3434 757 3643 814 aquam

2006 840 2121 913 (siti
2182 841 2337 896 enim
2390 838 2709 908 laborabat)
2744 837 2815 891 ab
2856 837 2942 891 eis
2993 835 3173 906 petiit.
3229 835 3337 889 Sed
3385 831 3650 903 agricolas

2005 947 2138 986 cum
2189 934 2387 985 essent
2426 928 2589 983 valde
2632 924 3038 996 inhospitales,
3062 928 3119 979 et
3168 921 3338 993 plane
3370 926 3647 992 agrestes,

2006 1019 2305 1091 despectui
2355 1018 2653 1073 habebant
2704 1015 3064 1086 petitionem,
3108 1020 3162 1068 et
3213 1027 3332 1066 rem
3382 1009 3651 1064 ludifica-

2009 1112 2257 1165 bantur:
2314 1107 2555 1172 scilicet,
2586 1109 2821 1177 propter
2867 1120 3050 1158 unum
3099 1117 3320 1168 senem,
3368 1100 3648 1163 dicentes,

2008 1218 2041 1255 a
2080 1215 2284 1255 mensa
2315 1196 2755 1252 abstinebimus.
2788 1195 2956 1265 Egre
2981 1192 3104 1247 tulit
3134 1191 3285 1246 hanc
3316 1188 3652 1245 inhumani-

2008 1294 2184 1344 tatem
2215 1286 2681 1343 humanissimus
2714 1285 2965 1339 virorum
2996 1283 3275 1337 Abercius
3310 1296 3322 1334 :
3357 1284 3413 1334 et
3442 1278 3526 1333 eis
3567 1283 3654 1332 est

2010 1381 2383 1450 imprecatus,
2418 1379 2481 1431 ut
2510 1390 2812 1445 nunquam
2854 1373 3225 1427 satiarentur.
3270 1368 3428 1433 Quod
3476 1367 3651 1422 etiam

2012 1468 2094 1523 eis
2120 1467 2424 1536 hucusque
2466 1464 2785 1535 permansit
2813 1480 2825 1518 :
2860 1462 3116 1516 humana
3146 1460 3316 1530 plane
3363 1473 3528 1528 pcsna
3560 1455 3655 1509 in-

2012 1555 2414 1612 humanitatis.
2464 1553 2679 1610 Deinde
2732 1569 2765 1607 a
2812 1556 2975 1623 petra
3022 1550 3320 1613 recedens,
3386 1544 3543 1601 venit
3586 1544 3656 1597 ad

2012 1663 2178 1701 suam
2211 1645 2524 1700 civitatem.
2574 1646 2714 1697 Cum
2747 1658 2879 1710 ergo
2927 1640 3207 1696 sensisset
3254 1635 3503 1708 populus
3534 1634 3657 1704 ejus

2014 1735 2350 1800 adventum,
2382 1732 2541 1787 omni
2600 1747 2666 1786 ex
2706 1734 2866 1801 parte
2923 1726 3315 1791 confluebant,
3361 1723 3658 1793 cupientes

2016 1823 2209 1879 videre
2241 1822 2468 1876 dulcem
2499 1821 2747 1887 vultum,
2779 1823 2835 1874 et
2893 1817 3091 1871 audire
3122 1830 3321 1870 vocem
3362 1811 3661 1866 desidera-

2019 1919 2157 1968 tam.
2189 1911 2290 1968 Ille
2327 1926 2462 1981 ergo
2494 1926 2624 1965 cum
2656 1908 2906 1963 libenter
2926 1905 3007 1961 eis
3034 1902 3445 1967 benedixisset,
3479 1907 3535 1955 et
3563 1914 3660 1953 eos

2021 2003 2354 2071 salutasset,
2387 2016 2594 2056 rursus
2639 1998 2837 2054 obibat
2885 1996 3175 2051 civitatem
3225 1992 3404 2048 libere
3444 1991 3661 2045 docens

2020 2090 2259 2147 verbum
2290 2089 2569 2155 veritatis,
2604 2092 2659 2143 et
2695 2103 2818 2153 eos,
2850 2085 2945 2156 qui
2979 2082 3346 2148 accedebant,
3381 2096 3483 2151 per
3511 2075 3660 2131 divi-

2022 2196 2160 2236 num
2193 2178 2549 2251 baptismum
2590 2177 2856 2243 initians,
2887 2177 2943 2230 et
2985 2171 3355 2228 daemoniacis
3397 2167 3661 2240 prabens

2024 2269 2165 2324 mali
2194 2267 2581 2325 solutionem:
2634 2265 2870 2321 morbos
2920 2278 3153 2325 curans,
3188 2264 3243 2315 et
3286 2259 3492 2330 quavis
3523 2254 3664 2309 ati‘e-

2026 2361 2213 2416 ctione
2262 2360 2554 2415 fortiorem
2590 2355 2855 2427 spiritus,
2888 2370 3015 2424 quae
3044 2354 3103 2408 in
3143 2351 3271 2421 ipso
3315 2352 3458 2413 erat,
3494 2346 3669 2401 virtu-

2028 2457 2145 2506 tem
2179 2450 2500 2521 proferens.
2546 2451 2690 2503 Cum
2739 2450 2931 2501 autem
2976 2442 3139 2498 valde
3182 2455 3415 2511 quoque
3465 2434 3668 2491 utilem

2029 2539 2303 2596 doctrinas
2353 2538 2571 2593 librum
2613 2534 3060 2605 composuisset,
3109 2546 3242 2586 eum
3302 2531 3403 2584 dat
3442 2527 3533 2592 iis,
3567 2523 3667 2596 qui

2031 2630 2140 2683 sub
2174 2628 2301 2699 ipso
2333 2630 2517 2695 erant,
2554 2623 2913 2697 presbyteris
2944 2620 3123 2676 simul
3155 2624 3211 2673 et
3267 2616 3551 2681 diaconis,
3611 2620 3674 2667 ut

2031 2719 2116 2775 eis
2169 2716 2254 2773 vel
2316 2722 2445 2788 post
2484 2718 2732 2770 mortem
2782 2712 3136 2784 loqueretur,
3167 2712 3224 2764 et
3271 2707 3467 2777 aliquo
3504 2704 3671 2759 modo

2032 2823 2332 2878 nunquam
2353 2806 2436 2863 eis
2457 2806 2706 2861 cessaret
2735 2806 3033 2875 prodesse.

2104 2988 2350 3044 XXVIII.
2385 2986 2711 3058 Aliquando
2744 2985 2804 3040 in
2838 2987 3094 3039 montem
3125 2978 3442 3044 excelsum,
3465 2991 3568 3031 usu
3590 2972 3674 3029 ita

2035 3077 2379 3151 postulante,
2413 3076 2670 3133 ascendit
2702 3090 2717 3130 :
2752 3073 2993 3145 ipseque
3014 3074 3070 3128 et
3101 3070 3199 3141 qui
3231 3084 3363 3124 cum
3395 3082 3461 3121 eo
3491 3072 3675 3131 erant,

2041 3168 2138 3223 siti
2171 3167 2529 3223 laborabant.
2562 3164 2832 3234 Confugit
2861 3167 3055 3217 autem
3080 3159 3150 3214 ad
3184 3173 3341 3224 eum,
3373 3155 3471 3225 qui
3491 3154 3683 3225 potest

280 3272 385 3325 γει.
427 3252 531 3307 Καὶ
563 3253 723 3316 αὐτὸς
761 3254 856 3327 μὲν
889 3254 966 3315 εἰς
1005 3258 1323 3330 προσευχὴν
1353 3238 1581 3325 κλιθεὶς,
1611 3257 1678 3313 τὰ
1732 3238 1922 3334 γόνατα

2040 3257 2257 3313 omnia.
2292 3255 2491 3326 Itaque
2520 3267 2833 3310 conversus
2852 3254 2918 3306 ad
2950 3248 3292 3315 orationem,
3319 3243 3480 3299 humi
3513 3240 3681 3296 incli-

283 3344 364 3412 τῷ
395 3338 579 3415 ἐδάφει
629 3340 848 3397 δίδωσιν
878 3364 892 3378 ·
944 3342 1089 3419 ὕδωρ
1132 3343 1187 3400 δὲ
1226 3349 1461 3421 πότιμον
1521 3346 1674 3411 εὐθὺς
1733 3347 1927 3416 ἀνῆκεν

288 3432 322 3499 ἡ
357 3437 454 3506 γῆ.
496 3430 598 3487 Καὶ
638 3432 666 3485 ὁ
695 3431 862 3492 τόπος
910 3432 960 3502 ἐξ
1009 3432 1216 3489 ἐκείνου
1278 3435 1448 3498 τόπος
1486 3436 1831 3510 γονυκλισίας
1869 3437 1931 3491 τὸ

289 3521 485 3576 λοιπὸν
530 3518 764 3591 ἐκλήθη.
809 3520 960 3591 Πλὴν
1015 3519 1162 3578 ἀλλὰ
1215 3525 1339 3580 τότε
1396 3528 1489 3599 μὶν
1539 3527 1615 3588 εἰς
1646 3527 1736 3581 τὸν
1784 3527 1929 3581 οἶκον

286 3609 451 3665 αὐτοῦ
489 3608 753 3679 ἐπανῆκεν
790 3628 803 3641 °
856 3610 918 3664 οὐ
976 3609 1174 3683 πολλῴ
1235 3611 1291 3668 δὲ
1347 3614 1567 3691 ὕστερον
1620 3616 1720 3690 ὁρᾷ
1766 3615 1929 3671 πάλιν

289 3696 418 3773 ὄναρ
448 3697 598 3772 αὐτῷ
644 3701 737 3754 τὸν
790 3701 985 3776 Κύριον
1039 3701 1329 3759 ἐπιστάντα
1373 3705 1488 3773 καὶ,
1531 3701 1803 3781 Ἀϐόρκιε,
1838 3702 1932 3761 λέ-

284 3808 469 3865 γοντα,
522 3786 741 3865 ἤγγικεν
793 3787 901 3861 ἤδη
962 3791 989 3845 ὁ
1055 3791 1265 3866 καιρὸς.
1315 3790 1453 3848 ὥστε
1530 3794 1934 3859 ἀναπαύσασθαί

289 3899 347 3933 σε
391 3882 499 3933 τῶν
548 3878 729 3934 πόνων
781 3900 875 3935 σου
915 3884 1023 3935 τῶν
1098 3886 1339 3955 μακρῶν.
1388 3886 1835 3960 Διαγρηγορήσας
1878 3881 1934 3940 δέ

285 3966 375 4023 καὶ
408 3967 569 4045 γνοὺς
606 3971 706 4039 τὴν
757 3968 1019 4039 τελευτὴν
1067 3970 1215 4043 αύτῷ
1258 3970 1696 4047 προδηλοῦσθαι,
1729 3976 1791 4030 τὸ
1831 3996 1932 4055 φα-

284 4058 371 4112 νέν
400 4064 516 4120 τοῖς
547 4055 807 4131 ἀδελφοῖς
849 4056 1148 4136 διηγεῖται,
1181 4063 1270 4117 καὶ
1312 4060 1468 4117 λίθον
1499 4064 1619 4119 τινὰ
1660 4068 1933 4141 τετράγω-

288 4168 377 4201 νον
432 4147 607 4218 μῆκός
661 4169 720 4203 τε
758 4149 850 4203 καὶ
907 4147 1115 4211 πλάτος
1150 4148 1295 4221 ἴσον,
1326 4151 1493 4229 τάφον
1546 4154 1718 4226 ἐαυτῷ
1773 4176 1939 4210 κατα-

292 4234 534 4302 σκευάζει
559 4253 573 4267 ·
605 4236 695 4290 καὶ
725 4238 818 4292 τὸν
863 4239 1056 4312 βωμὸν
1084 4240 1144 4301 ὃς
1173 4239 1378 4297 ἐκείνου
1409 4243 1798 4317 προστάξαντο,
1834 4244 1939 4299 ἀπὸ

291 4321 517 4410 ’.Ρῴμης
547 4324 651 4378 ὑπὸ
691 4329 792 4379 τοῦ
840 4323 1099 4401 δαίμονος
1138 4328 1250 4385 ἐκεῖ
1302 4330 1641 4410 μετηνέχθη,
1672 4337 1754 4405 τῷ
1803 4332 1940 4406 λίθῳ

295 4406 565 4499 ἐγίστησι,
618 4410 833 4468 τοιόνδε
884 4437 938 4469 τι
998 4415 1315 4493 ἐπίγραμμα
1380 4406 1545 4493 αύτῷ⁷
1595 4421 1936 4499 ἐγχαράξας’

296 4495 594 4569 Ἐκλεκτῆς
618 4499 834 4565 πόλεως
866 4504 1103 4576 πολίτης
1144 4506 1257 4563 τόδ’
1289 4509 1521 4579 ἐποίησα
1570 4495 1699 4582 ζῶν,
1723 4495 1794 4565 ’ίν’
1825 4509 1941 4586 ἔχω

296 4592 471 4661 καιρῷ
522 4589 773 4663 σώματος
824 4590 1010 4655 ἐνθάδε
1054 4595 1218 4665 θέσιν,
1252 4594 1495 4672 τοῦνομα
1530 4596 1808 4673 Ἀϐέρκιος
1849 4617 1863 4631 ⁸

301 4676 375 4731 ὢν
424 4680 673 4765 μαθητής
724 4682 983 4753 ποιμένος
1046 4684 1231 4759 ἁγνοῦ,
1285 4687 1345 4749 ὃς
1406 4689 1589 4762 βόσκει
1649 4685 1938 4765 προϐάτων

301 4764 517 4857 ᾇγέλας,
552 4764 698 4844 ὄρεσι
738 4768 950 4833 πεδίοις
993 4792 1072 4839 τε,
1118 4772 1437 4852 ὀφθαλμοὺς
1492 4778 1551 4841 ὃς
1601 4764 1718 4857 ἔχει
1770 4778 1940 4855 μεγά-

302 4856 456 4925 λους,
504 4857 679 4913 πάντα
748 4861 1115 4935 καθορῶντας.
1178 4863 1350 4925 Οὗτος
1422 4866 1521 4939 γάρ
1603 4856 1668 4939 με
1742 4865 1947 4938 ἐδίδαξε

299 4947 600 5021 γράμματα
657 4948 839 5019 πιστὰ,
874 4949 951 5013 εἰς
1003 4950 1228 5023 Ῥώμην
1272 4952 1330 5014 ὃς
1364 4951 1600 5027 ἔπεμψεν
1651 4955 1749 5028 ἐμὲ
1790 4956 1948 5030 βασι-

302 5034 453 5091 λείαν
514 5036 767 5109 ἀθρῆσαι,
823 5039 914 5093 καὶ
987 5039 1302 5112 βασίλισσαν
1371 5039 1504 5096 ΐδεῖν
1546 5043 1949 5118 γρυσόστολον,

304 5122 732 5197 χρυσοπέδιλον.
764 5126 906 5181 Λαὸν
942 5124 987 5181 δ’
1020 5125 1159 5183 εἶδον
1212 5128 1324 5184 ἐκεῖ
1367 5128 1625 5208 λαμπρὰν
1681 5130 1952 5209 σφραγῖδα

306 5210 506 5287 ἔχοντα
539 5233 552 5247 ⁶
585 5213 675 5269 καὶ
724 5214 921 5289 Συρίης
979 5214 1140 5270 πέδον
1198 5219 1385 5293 χώρας
1418 5219 1557 5275 εἶδον
1604 5242 1617 5256 ·
1666 5223 1755 5277 καὶ
1793 5220 1953 5277 ἄστεα

309 5300 485 5357 πάντα
549 5297 763 5360 Νίσιϐιν
820 5302 1107 5379 Εὐφράτην
1165 5301 1375 5370 διαϐάς.
1436 5308 1644 5371 Πάντας
1705 5308 1751 5365 δ’
1794 5310 1954 5387 ἔσχον

310 5391 659 5466 συνηγόρους,
694 5391 906 5447 Παῦλον
934 5389 1149 5450 ἔσωθεν.
1194 5396 1382 5460 Πίστις
1413 5395 1469 5453 δὲ
1514 5401 1673 5455 παντὶ
1723 5406 1953 5477 προῆγε,

310 5478 401 5534 καὶ
432 5478 707 5554 παρέθηκε
734 5484 943 5557 τροφήν
979 5501 992 5514 ·
1036 5483 1191 5559 ίχθὲν
1239 5484 1346 5540 ἀπὸ
1376 5490 1561 5564 πηγῆς
1600 5489 1951 5567 παμμεγέθη,

310 5570 586 5643 καθαρόν⁸
637 5569 694 5625 ’ὀν
758 5567 1012 5644 ἐδράξατο
1079 5574 1343 5648 παρθένος
1402 5575 1566 5654 ἂγνή,
1617 5578 1706 5634 καὶ
1759 5583 1953 5635 τοῦτον

314 5656 552 5716 ἐπέδωκε
626 5660 810 5738 φίλοις
877 5660 1065 5719 ἐσθίειν
1141 5662 1454 5743 διαπαντὸς,
1501 5670 1646 5727 οἶνον
1717 5672 1957 5747 χρηστὸν

2036 3352 2139 3403 nat
2169 3362 2357 3417 genua
2391 3361 2403 3398 :
2440 3342 2808 3414 poculentam
2840 3346 3029 3394 autem
3061 3352 3273 3407 aquam
3304 3339 3461 3389 terra
3480 3330 3678 3387 statim

2035 3440 2252 3495 emisit.
2285 3439 2368 3493 Ab
2400 3434 2497 3491 illo
2542 3440 2736 3490 autem
2768 3438 3028 3502 tempore
3084 3429 3247 3485 locus
3279 3426 3374 3481 ille
3404 3424 3678 3495 deinceps

2037 3531 2149 3587 fuit
2183 3527 2511 3601 appellatus
2544 3527 2705 3581 locus
2745 3520 3183 3595 genuﬂexionis.
3220 3520 3503 3574 Caeterum
3536 3520 3676 3569 tunc

2038 3620 2273 3692 quidem
2306 3616 2479 3673 rediit
2506 3615 2568 3671 in
2626 3616 2869 3671 domum
2902 3627 3067 3667 suam
3104 3628 3116 3665 :
3154 3626 3269 3664 non
3318 3605 3501 3662 multo
3550 3609 3680 3675 post

2039 3718 2227 3767 autem
2260 3708 2411 3764 videt
2436 3722 2638 3761 rursus
2664 3703 3004 3769 Dominum,
3027 3699 3127 3771 qui
3151 3698 3201 3754 ei
3232 3697 3291 3751 in
3326 3693 3545 3751 somnis
3576 3709 3679 3762 ap-

2040 3799 2257 3872 paruit,
2288 3801 2346 3853 et
2376 3796 2426 3852 ei
2458 3795 2601 3850 dixit
2632 3811 2645 3849 :
2687 3791 2916 3858 Aberci,
2943 3791 3068 3861 jam
3103 3802 3281 3859 prope
3308 3788 3397 3840 est
3428 3788 3681 3852 tempus,

2040 3895 2105 3946 ut
2129 3903 2321 3944 cesses
2359 3903 2391 3941 a
2438 3883 2628 3956 longis
2680 3883 2793 3938 tuis
2821 3879 3143 3936 laboribus.
3205 3877 3347 3931 Cum
3410 3877 3604 3929 autem
3656 3886 3686 3924 e

2040 3993 2242 4036 somno
2299 3978 2449 4032 esset
2501 3975 2805 4038 excitatus,
2852 3973 2909 4026 et
2954 3965 3319 4039 cognovisset
3374 3964 3683 4018 decessum

2042 4068 2155 4124 sibi
2184 4062 2640 4139 presigniﬁcari,
2664 4064 2863 4118 narrat
2902 4056 3177 4114 fratribus
3210 4055 3291 4121 id,
3326 4052 3476 4122 quod
3508 4066 3682 4139 appa-

2043 4137 2269 4214 ruerat:
2303 4137 2702 4225 etiquemdam
2737 4148 3085 4220 quadratum
3108 4143 3383 4215 lapidem,
3421 4137 3681 4210 longitu-

2044 4246 2179 4303 dine
2206 4248 2262 4301 et
2292 4242 2600 4299 latitudine
2649 4237 2953 4310 aequalem,
2981 4234 3093 4291 sibi
3150 4232 3483 4305 sepulcrum
3540 4243 3685 4285 con-

2046 4335 2263 4393 struit:
2324 4337 2383 4389 et
2441 4347 2625 4399 aram,
2676 4345 2819 4400 quae,
2854 4327 2951 4383 illo
2991 4326 3255 4397 jubente,
3315 4322 3493 4379 Roma
3544 4316 3685 4373 illuc

2046 4422 2333 4481 translata
2364 4422 2569 4489 fuerat,
2594 4406 2774 4490 lapidi
2815 4414 3066 4486 imponit,
3106 4414 3157 4469 ei
3182 4408 3691 4479 taleminsculpens

2048 4510 2488 4584 inscriptionem
2524 4525 2536 4563 :
2570 4507 2778 4564 Electae
2810 4504 2975 4561 urbis
3007 4504 3148 4560 civis
3190 4503 3299 4558 hoc
3330 4500 3529 4557 vivens
3559 4494 3690 4562 feci,

1912 4602 1939 4655 ὁ
1971 4611 2026 4677 D
2052 4608 2117 4661 ut
2143 4603 2236 4659 hic
2254 4608 2517 4674 tempore
2545 4600 2789 4656 habeam
2811 4596 3134 4670 posituram
3159 4592 3437 4665 corporis,
3459 4588 3694 4645 nomine

2050 4693 2352 4750 Abercius.
2384 4690 2493 4759 Qui
2516 4705 2645 4746 sum
2678 4686 3005 4759 discipulus
3026 4684 3277 4757 pastoris
3293 4681 3433 4738 casti
3458 4695 3695 4753 pascen-

2052 4783 2128 4839 tis
2158 4782 2352 4838 ovium
2386 4795 2592 4852 greges
2622 4778 2685 4833 in
2717 4777 3018 4834 montibus
3059 4778 3116 4830 et
3145 4772 3314 4845 agris,
3350 4787 3416 4827 ac
3451 4784 3696 4840 magnos

2055 4871 2328 4927 habentis
2389 4868 2610 4935 oculos,
2664 4864 2857 4921 omnia
2919 4864 3233 4920 intuentes.
3286 4861 3339 4917 Is
3395 4860 3549 4917 enim
3603 4871 3698 4912 me

2059 4959 2258 5015 docuit
2312 4956 2528 5012 litteras
2585 4955 2806 5020 fideles,
2847 4958 3089 5009 Romam
3117 4951 3219 5023 qui
3268 4965 3358 5006 me
3415 4946 3571 5004 misit
3627 4945 3698 5002 ad

2056 5048 2374 5103 videndum
2396 5045 2735 5118 imperium,
2768 5042 3272 5115 etimperatricem
3304 5040 3571 5096 indutam
3598 5053 3701 5092 au-

2060 5138 2176 5193 reis
2205 5136 2461 5192 vestibus
2501 5143 2554 5192 et
2584 5134 2816 5192 calceis.
2855 5133 2979 5189 Illic
3018 5137 3213 5189 autem
3256 5130 3371 5185 vidi
3420 5128 3702 5201 populum

2063 5225 2430 5299 praeclarum,
2450 5224 2714 5295 insignes
2727 5222 2978 5278 annulos
2994 5222 3053 5277 in
3076 5220 3346 5277 manibus
3368 5222 3699 5291 gestantem.

2064 5318 2132 5372 Et
2159 5316 2332 5387 Syriae
2381 5315 2633 5387 regionis
2677 5328 2954 5386 campum
2983 5312 3123 5378 vidi,
3154 5318 3206 5367 et
3235 5311 3431 5367 omnia
3489 5308 3703 5381 oppida

2063 5404 2290 5462 Nisibin
2343 5408 2399 5461 et
2456 5403 2910 5475 Mesopotamia,
2969 5399 3313 5457 transmisso
3388 5399 3699 5469 Euphrate.

2068 5495 2253 5552 Habui
2285 5502 2478 5551 autem
2509 5508 2711 5551 omnes
2742 5492 2817 5549 ad
2849 5492 3115 5549 eamdem
3146 5489 3440 5546 venientes
3470 5487 3705 5544 concio-

2068 5602 2223 5652 nem,
2257 5588 2314 5641 et
2343 5583 2590 5641 Paulum
2622 5583 2996 5639 intrinsecus.
3032 5581 3199 5637 Fides
3240 5583 3433 5637 autem
3466 5574 3707 5634 omnino

2069 5675 2342 5748 produxit
2372 5677 2430 5733 et
2458 5671 2733 5746 apposuit
2754 5671 3199 5737 nutrimentum,
3230 5670 3443 5741 piscem
3464 5681 3532 5723 ex
3552 5664 3710 5721 fonte
