4012 6220
384 274 413 331 1
425 269 541 330 247

1731 260 2014 322 MENSIS
2059 257 2439 321 OCTOBEB.

3640 262 3803 324 1248

381 430 697 498 ingentem,
729 441 903 498 quem
936 439 1149 495 purum
1201 422 1589 495 apprehendit
1631 422 1792 494 virgo
1825 426 2020 478 casta:

2142 416 2361 493 ἔχουσα,
2414 417 2658 493 κέρασμα
2706 415 2928 475 διδοῦσα
2996 424 3114 493 μετ’
3168 422 3353 498 ἄρτου.
3395 427 3585 481 Ταῦτα
3625 446 3801 497 παρε-

382 524 440 574 et
468 533 600 573 eum
633 520 905 587 perpetuo
955 514 1244 569 edendum
1277 511 1518 568 tradidit
1554 511 1781 579 amicis,
1825 510 2027 566 vinum

382 607 605 663 habens
638 607 879 671 bonum,
918 604 1069 675 quod
1099 604 1198 658 dat
1245 619 1378 657 cum
1439 616 1589 673 pane
1619 605 2026 670 temperatum.

381 696 513 752 Haec
543 697 788 750 adstans
835 692 1119 747 Abercius
1144 691 1346 761 jussit,
1382 694 1446 745 ut
1489 690 1904 753 scriberentur,
1936 705 2029 743 se-

383 785 817 857 ptuagesimum
850 782 1175 837 secundum
1211 796 1430 835 annum
1464 796 1597 835 vere
1655 795 1856 850 agens.
1899 782 2028 831 Haec

381 875 640 946 cogitans
672 872 920 928 oraverit
945 888 1044 940 pro
1078 870 1334 936 Abcrcio,
1370 870 1702 939 quicunque
1734 868 2031 923 nobiscum

380 964 577 1018 sentit.
614 963 743 1018 Non
772 966 968 1016 tamen
1013 960 1261 1015 alterum
1304 960 1600 1013 tumulum
1645 957 1809 1023 mihi,
1844 973 2030 1027 neque

381 1052 541 1107 hunc
593 1051 649 1105 in
703 1050 989 1123 superiori
1047 1048 1171 1105 loco
1202 1050 1463 1120 imponet
1516 1047 1750 1117 aliquis.
1785 1047 1947 1110 Quod
1980 1046 2030 1100 si

379 1141 597 1209 fecerit,
634 1141 887 1196 Romano
916 1139 1113 1194 aerario
1148 1136 1330 1193 solvet
1369 1137 1460 1191 bis
1509 1134 1667 1191 mille
1716 1150 1944 1199 aureos,
1977 1143 2032 1188 et

378 1230 544 1285 bonae
599 1230 796 1302 patrias
853 1228 1147 1298 Hierapoli
1208 1226 1365 1282 mille
1439 1241 1666 1281 aureos.
1724 1223 2029 1295 Inscriptio

2138 509 2277 569 στὼς
2339 504 2796 584 εἷπενἈϐέρκιος
2857 507 2965 565 ὦδε
3020 521 3315 591 γραφῆναι,
3376 509 3799 586 ἑϐδομηκοστὸν

2138 592 2256 660 ἔτος
2301 598 2390 652 καὶ
2432 595 2678 670 δεύτερον
2750 596 2892 674 ἄγων
2930 600 3174 670 ἀληθῶς.
3207 608 3313 657 Τοῦ
3353 606 3396 657 θ’
3432 605 3459 658 ὸ
3506 609 3655 657 νοῶν
3728 602 3805 657 εὖ·

2139 686 2287 756 ξαιτο
2355 687 2502 761 ὑπὲρ’
2558 683 2851 762 ’Δϐερκίου
2909 694 3014 751 πᾶς
3089 692 3116 744 ὁ
3186 690 3445 763 συνῳδός.
3480 694 3561 750 Οὐ
3610 691 3801 765 μέντοι

2138 772 2349 849 τύμϐον
2390 775 2566 852 ἔτερόν
2597 799 2681 838 τις
2709 780 2798 833 ἀπ’
2841 780 2975 851 ἐμοῦ
3024 779 3205 836 ἐπάνω
3256 784 3410 853 θήσει
3445 802 3457 815 ’
3502 783 3551 837 εἰ
3596 780 3643 836 δ’
3682 781 3802 851 οὖν,

2137 866 2428 939 Ῥωμαίων
2475 867 2686 939 ταμείῳ
2716 870 2869 938 θήσει
2918 866 3142 944 δισχίλα
3181 877 3381 945 χρυσᾶ,
3422 872 3509 926 καὶ
3571 876 3803 946 χρηστῇ

2138 953 2359 1030 πατρίδι
2383 956 2683 1029 Ἰεραπόλει
2718 957 2880 1034 χίλια
2921 964 3121 1036 χρυσᾶ.
3153 960 3226 1014 Τά
3260 983 3355 1034 μεν
3403 958 3471 1027 δὴ
3509 965 3613 1015 τοῦ
3677 959 3804 1013 ἐπι-

2139 1047 2464 1121 γράμματος
2494 1043 2599 1100 ὤδέ
2629 1068 2745 1108 πως
2780 1045 2865 1101 ἐπὶ
2912 1046 3107 1118 λέξεως
3141 1050 3288 1122 εἶχεν
3317 1070 3329 1082 ·
3361 1052 3445 1104 ὅτι
3485 1053 3564 1122 μή
3602 1050 3628 1102 ὁ
3653 1049 3799 1122 χρόα

2139 1155 2229 1195 νος
2262 1133 2447 1211 ὑφεῖλε
2499 1138 2618 1189 κατ’
2666 1134 2852 1209 ὀλίγαν
2894 1138 2991 1207 τῆς
3043 1133 3340 1212 ἀκριϐείας,
3384 1139 3475 1193 καὶ
3529 1141 3801 1212 ἡμαρτη-

2143 1221 2313 1295 μένως
2343 1218 2490 1297 ἔχειν
2520 1225 2619 1293 τήν
2660 1228 2875 1302 γραφήν
2908 1227 3316 1301 παρεσκεύασεν.

379 1321 613 1391 quidem
650 1320 733 1375 sic
765 1334 827 1375 se
866 1318 1116 1374 habebat
1163 1317 1235 1372 ad
1282 1317 1547 1383 verbum,
1598 1314 1701 1371 sed
1732 1319 1967 1386 tempus
2018 1328 2086 1369 ex
2133 1330 2201 1370 ea
2249 1314 2473 1386 aliquid
2514 1318 2781 1382 detraxit,
2831 1322 2890 1373 et
2936 1318 3122 1373 effecit
3165 1326 3226 1373 ut
3266 1319 3535 1374 nonnihil
3594 1324 3801 1390 postea

382 1410 832 1465 desideraretur.

453 1499 648 1558 XXIX.
700 1500 826 1570 Ipse
856 1498 1093 1552 tandem
1154 1511 1285 1552 cum
1350 1495 1720 1567 presbyteros
1766 1492 1940 1549 simul
1973 1498 2029 1549 et

387 1592 680 1658 diaconos,
713 1592 768 1643 et
807 1587 1091 1659 quosdam
1124 1589 1389 1642 vocasset
1417 1602 1487 1640 ex
1519 1584 1732 1656 populo
1764 1600 1778 1639 :
1816 1582 2027 1652 Filioli,

383 1679 597 1752 inquit,
637 1678 781 1733 mihi
815 1676 1049 1747 quidem
1072 1677 1195 1746 jam
1229 1679 1395 1730 adest
1432 1675 1560 1729 vitae
1594 1674 1744 1733 (inis.
1776 1678 1833 1728 et
1862 1674 2025 1739 abeo,

387 1790 419 1829 ο
449 1787 587 1845 grex
618 1769 762 1825 mibi
796 1768 1004 1823 dilecte
1039 1784 1051 1822 :
1083 1769 1224 1822 abeo
1256 1768 1327 1822 ad
1368 1766 1449 1832 id,
1496 1766 1647 1837 quod
1700 1764 1787 1821 vel
1820 1765 1890 1819 ab
1936 1764 2025 1818 in-

388 1866 561 1918 eunte
590 1863 756 1915 atate
786 1856 1213 1924 desiderabam,
1244 1856 1376 1911 vitae
1414 1872 1636 1926 genus:
1689 1859 1746 1910 et
1793 1854 1862 1910 ad
1896 1869 2029 1908 eum

388 1951 559 2021 cujus
590 1964 692 2019 ego
725 1946 907 2003 solius
944 1950 1144 2002 teneor
1193 1945 1504 2011 desiderio,
1538 1949 1594 1999 et
1634 1945 1804 2014 cujus
1834 1943 2030 1998 divino

386 2054 581 2096 amore
612 2036 987 2092 vehementer
1022 2035 1301 2089 incendor
1335 2050 1349 2088 :
1399 2035 1540 2088 abeo
1598 2048 1730 2088 eum
1775 2033 2026 2086 visurus.

384 2128 565 2183 Vobis
622 2130 816 2181 autem
876 2124 1367 2179 considerandum
1400 2128 1510 2191 est,
1553 2138 1868 2193 quemnam
1902 2122 2029 2178 sitis

388 2216 553 2272 vobis
578 2214 816 2269 eiecturi
836 2212 1201 2283 episcopum,
1221 2211 1321 2281 qui
1345 2215 1402 2265 et
1422 2226 1522 2265 vos
1550 2219 1676 2280 post
1700 2226 1789 2265 me
1811 2215 2025 2281 pascet,

391 2310 447 2360 et
477 2304 645 2372 cujus
677 2316 873 2355 vocem
906 2298 1144 2369 pulchre
1176 2299 1411 2355 audient
1443 2315 1583 2354 meae
1614 2316 1770 2365 oves,
1794 2314 1942 2369 quae,
1968 2309 2030 2355 ut

390 2395 506 2448 Deo
537 2391 744 2462 placet,
776 2388 846 2444 ab
878 2404 944 2444 eo
986 2392 1315 2459 pascentur.
1350 2391 1476 2443 Haec
1508 2404 1644 2443 cum
1677 2394 1914 2444 sanctus
1945 2389 2029 2445 eis

386 2483 651 2549 dixisset,
675 2479 759 2534 illi
791 2496 925 2535 cum
960 2495 1147 2551 pauca
1172 2478 1325 2533 inter
1354 2495 1415 2534 se
1441 2480 1830 2534 communiter
1851 2478 2028 2535 locuti

386 2574 599 2637 essent,
624 2568 1194 2639 archipresbyterum
1221 2566 1498 2636 ecclesiae,
1523 2567 1616 2622 cui
1640 2567 1802 2623 etiam
1817 2584 2027 2624 nomen

383 2669 506 2718 erat
533 2660 831 2725 Abercius,
865 2659 1255 2715 communiter
1290 2655 1611 2729 elegerunt.
1650 2657 1801 2721 Quin
1850 2657 2026 2713 etiam

383 2765 516 2807 cum
576 2748 699 2819 ipse
740 2764 973 2819 quoque
1029 2747 1080 2801 ei
1125 2763 1233 2802 sua
1279 2745 1569 2801 sententia
1624 2746 2029 2801 confirmasset

384 2841 809 2911 episcopatum,
860 2836 910 2890 ei
967 2836 1214 2907 imponit
1263 2851 1523 2890 manus:
1565 2839 1622 2890 et
1669 2852 1801 2890 cum
1856 2837 2024 2891 bene-

386 2928 663 2989 dixisset:
696 2927 803 2993 Tu,
827 2925 1042 2996 inquit,
1070 2941 1102 2980 ο
1130 2925 1357 2991 Aberci,
1380 2942 1533 2980 nunc
1563 2924 1872 2995 episcopus
1895 2941 2027 2980 con-

387 3017 667 3080 stitueris,
718 3015 833 3070 Deo
866 3015 1065 3078 dante,
1096 3018 1153 3067 et
1192 3028 1286 3067 me
1335 3028 1590 3084 quoque,
1624 3021 1906 3084 quantum
1938 3017 2029 3069 est

390 3106 450 3160 in
485 3121 611 3158 mea
657 3108 960 3173 potestate.
1008 3100 1226 3155 Deinde
1266 3116 1397 3156 cum
1440 3102 1621 3156 simul
1658 3117 1792 3158 cum
1841 3102 2027 3159 oculis

389 3209 599 3248 manus
628 3190 689 3246 in
722 3188 898 3245 caelos
926 3188 1279 3259 sustulisset,
1313 3194 1371 3245 et
1408 3190 1591 3246 Deum
1632 3196 1877 3257 orasset,
1911 3191 2029 3263 spi-

390 3283 508 3338 ritu
539 3281 678 3336 hinc
699 3281 937 3346 recedit,
978 3283 1035 3335 et
1067 3279 1272 3335 transit
1301 3280 1374 3336 ad
1422 3280 1738 3348 Christum,
1773 3282 1839 3337 ad
1891 3281 2032 3337 cho-

392 3390 487 3428 ros
517 3372 857 3443 angelorum
890 3371 1297 3437 transmissus,
1347 3372 1442 3442 qui
1476 3388 1675 3428 revera
1704 3370 1923 3426 vixerat
1972 3374 2036 3425 ut

391 3461 658 3534 angelus.
710 3461 965 3531 Populus
995 3464 1209 3526 autem,
1254 3459 1355 3532 qui
1385 3460 1692 3516 habitabat
1721 3460 2033 3527 civitatem,

391 3554 776 3623 congregatus
808 3551 879 3606 ad
912 3566 1147 3606 sacrum
1180 3549 1325 3605 illud
1353 3550 1460 3605 viri
1496 3566 1726 3622 corpus,
1766 3565 1900 3606 cum
1948 3548 2035 3604 illi

391 3659 560 3699 sacra
600 3643 912 3699 cecinisset
954 3643 1200 3711 cantica,
1232 3649 1285 3697 et
1336 3650 1613 3713 tanquam
1666 3658 2035 3699 communem

394 3730 647 3802 aliquem
670 3731 1007 3786 thesaurum
1038 3730 1397 3798 sustulisset,
1430 3730 1701 3802 deposuit
1729 3731 1787 3786 in
1821 3732 2037 3804 lapide,

394 3819 669 3876 vicesimo
700 3821 960 3876 secundo
1009 3819 1230 3875 mensis
1288 3818 1568 3877 Octobris.
1627 3820 1845 3877 Deinde
1902 3836 2036 3876 cum

394 3924 549 3975 eum,
584 3909 682 3981 qui
715 3909 787 3963 ab
818 3909 945 3980 ipso
986 3914 1284 3978 acceperat
1321 3909 1745 3982 episcopatum,
1798 3910 1857 3966 in
1910 3910 2037 3980 ejus

394 4001 668 4057 thronum
710 4000 1103 4069 deduxissent,
1153 4001 1545 4057 communiter
1592 4001 2042 4073 magniﬁcarunt

397 4090 602 4157 Deum,
636 4089 738 4161 qui
768 4093 857 4146 est
885 4106 1064 4160 super
1093 4089 1373 4145 thronum
1405 4089 1597 4161 gloria:
1628 4092 1828 4162 regni:
1864 4108 2037 4163 quem

396 4183 559 4237 decet
598 4181 787 4237 omnis
843 4181 1054 4246 honor,
1109 4180 1295 4253 gloria
1351 4186 1409 4238 et
1462 4183 1744 4252 adoratio,
1797 4200 1956 4240 nunc
1986 4188 2043 4241 et

396 4285 649 4341 semper,
683 4274 741 4326 et
768 4269 826 4325 in
851 4270 1062 4327 saecula
1088 4270 1461 4327 saeculorum.
1484 4273 1690 4328 Amen.

2206 1493 2332 1549 KG'.
2373 1493 2547 1554 Αὐτὸς
2598 1493 2676 1562 δὲ,
2715 1494 2846 1558 τοὺς
2876 1491 3270 1571 πρεσϐυτέρους
3321 1495 3395 1556 εἰς
3446 1497 3647 1550 ταυτὸν
3705 1496 3795 1549 καὶ

2134 1582 2261 1644 τοὺς
2330 1580 2629 1651 διακόνους,
2688 1585 2779 1639 καί
2835 1606 2980 1647 τινας
3041 1588 3139 1640 τοῦ
3202 1584 3451 1655 πλήθους
3509 1582 3792 1645 καλέσας’

2135 1670 2327 1741 Τέκνα,
2361 1668 2488 1750 ἔφη,
2522 1672 2646 1747 ἐμοὶ
2677 1674 2770 1746 μὲν
2802 1675 2865 1729 τὸ
2893 1679 2991 1731 τοῦ
3028 1676 3150 1749 βίου
3181 1673 3341 1737 τέλος
3372 1672 3482 1744 ἤδη
3537 1674 3792 1747 πάρεστι,

2135 1762 2224 1815 καὶ
2263 1760 2476 1835 ἄπειμι,
2519 1764 2564 1816 ὦ
2609 1763 2772 1840 φίλον
2823 1763 2948 1835 ἐμοὶ
2986 1763 3265 1836 ποίμνιον,
3299 1761 3491 1837 ἄπειμι
3541 1765 3680 1837 πρὸς
3734 1766 3793 1829 ἣν

2137 1849 2365 1914 ἐπόθουν
2408 1851 2468 1905 ἐκ
2510 1854 2631 1907 νέου
2672 1851 2979 1930 διαγωγὴν,
3025 1853 3115 1907 καὶ
3160 1853 3296 1928 πρὸς
3354 1854 3411 1907 ὃν
3456 1852 3623 1925 μόνον
3674 1851 3792 1925 ἐγὼ

2136 1942 2237 2009 τὴν
2269 1937 2445 2019 ἔφεσιν
2475 1940 2612 2020 ἔχω,
2645 1943 2734 1997 καὶ
2768 1944 2829 1997 οὗ
2868 1965 2933 2016 με
2974 1940 3222 2020 σφοδρῶς
3253 1944 3281 1997 ὁ
3314 1947 3458 2006 θεῖος
3508 1942 3791 2013 ἐξέκαυσεν

2138 2026 2297 2104 ἔρως,
2329 2027 2541 2103 ἄπειμι,
2572 2036 2765 2087 τοῦτον
2816 2032 3106 2105 ὀψόμενος.
3150 2033 3315 2105 Ὑμᾶς
3375 2029 3431 2086 δὲ
3498 2035 3614 2106 χρὴ
3656 2052 3788 2085 σκο-

2136 2127 2278 2192 πεῖν,
2308 2123 2365 2177 δν
2406 2144 2525 2177 τινα
2577 2124 2793 2185 ἑαυτοῖς
2841 2122 3134 2178 ἐπίσκοπον
3180 2124 3467 2195 ψηφιεῖσθε
3501 2139 3515 2151 ·

2140 2217 2295 2284 μανεῖ
2341 2233 2399 2266 τε
2449 2213 2587 2284 ὑμᾶς
2646 2213 2761 2284 μετ’
2792 2212 2909 2285 ἐμὲ,
2940 2213 3031 2266 καὶ
3080 2212 3142 2266 οὗ
3191 2218 3289 2279 τῆς
3320 2213 3507 2287 φωνῆς
3568 2209 3788 2265 ἀκούσει

2135 2301 2201 2354 τὰ
2233 2301 2336 2372 ἐμὰ
2366 2296 2614 2377 πρόϐατα
2658 2300 2845 2365 καλῶς
2875 2301 2965 2356 καὶ
3017 2302 3091 2363 ὡς
3144 2306 3260 2373 Θεῷ
3298 2300 3457 2379 φίλον
3494 2300 3584 2353 ὑπ’
3618 2299 3779 2353 αὐτοῦ

2136 2391 2558 2463 ποιμαινόμενα.
2592 2395 2769 2447 Ταῦτα
2822 2395 2919 2446 τοῖ’)
2966 2390 3123 2467 ἁγίου
3168 2391 3305 2464 πρὸς
3349 2388 3546 2450 αὐτοὺς
3598 2387 3783 2442 εἶπόνο

2137 2500 2251 2547 τος,
2296 2480 2506 2554 βραχέα
2562 2480 2756 2535 ἐκεῖνοι
2810 2480 2947 2555 πρὸς
2992 2478 3278 2551 ἀλλήλους
3333 2477 3491 2542 εὐθὺς
3528 2478 3782 2532 κοινολο·

2134 2570 2456 2640 γησάμενοι,
2531 2570 2622 2624 τὸν
2701 2565 3201 2648 ἀρχιπρεσϐύτερον
3275 2575 3375 2635 τῆς
3463 2566 3783 2632 ἐκκλησίας,

2138 2654 2312 2729 ὄνομα
2360 2658 2448 2711 καὶ
2494 2658 2657 2712 αὐτὸν
2692 2655 2995 2732 ’Λϐέρκιο-ι,
3036 2662 3231 2720 κοινῶς
3278 2656 3611 2733 ἐψηφίσαντο
3637 2677 3649 2687 ·
3692 2657 3784 2709 καὶ

2136 2746 2302 2808 αὐτὸς
2352 2743 2407 2801 δὲ
2469 2752 2548 2818 τῷ
2597 2745 2750 2820 ἄνδρὶ
2798 2749 2897 2815 τὴν
2940 2748 3239 2815 ἕπισκοπήν
3284 2745 3785 2822 ἐπιψηφισάμενος,

2135 2836 2408 2905 έπιτίθησί
2461 2857 2518 2890 τε
2569 2834 2713 2907 αὖτῷ
2758 2838 2853 2898 τὰς
2900 2841 3114 2911 χεῖρας,
3145 2837 3235 2890 καὶ
3284 2834 3615 2909 εὐλογήσας,
3656 2836 3782 2901 Σοὶ,

2136 2920 2263 3001 ἔφη,
2315 2926 2359 2978 ὦ
2408 2921 2674 3000 Ἀϐέρκιε,
2725 2926 3005 2998 ἐπισκόπῳ
3064 2926 3197 2980 εἶναι
3255 2922 3481 2997 δίδωμι,
3535 2928 3672 2979 Θεοῦ
3729 2946 3783 2979 τε

2137 3012 2379 3075 διδόντος
2426 3014 2516 3069 καὶ
2566 3013 2701 3087 ἐμοῦ
2751 3014 2874 3070 ὅσον
2925 3015 3007 3070 ἐπ’
3059 3014 3204 3088 ἐμοί.
3237 3014 3367 3071 Εἶτα
3408 3014 3483 3075 εἷς
3518 3012 3783 3086 οὐρανοὺς

2137 3105 2230 3158 σὺν
2260 3109 2377 3165 τοῖς
2416 3101 2627 3176 ὄμμασι
2666 3105 2754 3159 κὰὶ
2791 3109 2979 3179 χεῖρας
3030 3105 3303 3178 ἀνασχὼν,
3334 3104 3424 3157 καὶ
3480 3102 3780 3175 προσευξὰ-

2143 3213 2301 3266 μενος
2366 3197 2446 3264 τῷ
2503 3198 2639 3266 Θεῷ,
2673 3194 2886 3268 ἀπαίρει
2933 3215 2991 3249 τε
3040 3200 3150 3249 τῶν
3204 3194 3429 3257 ἐνταῦθα
3490 3197 3570 3263 τῷ
3620 3192 3782 3245 πνεύ-

2144 3304 2294 3355 ματι,
2325 3283 2416 3337 καὶ
2485 3284 2621 3357 πρὸς
2684 3284 2910 3357 Χρίστὸν
2957 3278 3239 3355 διαϐαίνει,
3273 3287 3468 3356 χοροῖς
3530 3278 3783 3355 ἀγγέλων

3550 2124 3569 2134 η

3550 2142 3610 2181 ος
3667 2143 3793 2176 ποι-

2142 3376 2170 3429 ὁ
2228 3376 2345 3430 κατ’
2402 3374 2635 3451 ἄγγελον
2705 3376 2928 3446 ἀληθῶς
2989 3376 3193 3450 βιώσας
3261 3378 3784 3449 παραπεμπόμενος.

2141 3466 2218 3521 Τὸ
2279 3468 2466 3539 μέντοι
2515 3466 2613 3534 τήν
2653 3464 2815 3520 πόλιν
2864 3466 3045 3520 οἰκοῦν
3094 3465 3311 3534 πλῆθος
3358 3466 3505 3540 παρὰ
3549 3466 3611 3521 τὸ
3645 3466 3786 3540 ἱερὸν

2147 3553 2317 3609 ἐκεῖνο
2382 3559 2477 3608 τοῦ
2542 3552 2739 3629 ἀνδρὸς
2797 3559 2955 3628 σῶμα
3024 3556 3506 3630 συναθροισθέντες,
3558 3555 3679 3629 ἱερά
3734 3575 3788 3607 τε

2146 3646 2294 3717 αὐτῷ
2351 3644 2638 3717 ἐπᾷσαντες
2697 3645 2931 3719 ᾄσματα,
2984 3646 3073 3699 καὶ
3125 3645 3394 3721 λαμπρῶς
3466 3644 3793 3716 ἀνελόμενοι

2149 3733 2329 3809 ὥσπερ
2372 3734 2493 3789 τινὰ
2528 3735 2705 3789 κοινὸν
2758 3736 3027 3810 θησαυρὸν
3076 3733 3128 3789 ἐν
3178 3740 3259 3807 τῷ
3307 3734 3444 3807 λίθῳ
3481 3734 3791 3799 κατέθεντο,

2149 3821 2399 3899 δευτέραν
2436 3828 2533 3878 τοῦ
2567 3818 2904 3897 Ὀκτωϐρίου
2936 3825 3073 3899 πρὸς
3108 3829 3225 3884 ταῖς
3268 3822 3464 3879 εἴκοσιν
3522 3820 3751 3897 ἄγοντος
3776 3840 3789 3853 ⁸

2150 3914 2260 3968 εἶτα
2301 3914 2392 3967 τὸν
2444 3914 2533 3968 ὑπ’
2582 3913 2743 3969 αὐτοῦ
2805 3910 3090 3986 δεξάμενον
3148 3916 3245 3983 τήν
3325 3913 3650 3980 ἐπισκοπὴν,
3706 3912 3794 3965 ἐπὶ

2149 4003 2242 4057 τὸν
2284 4002 2448 4057 αὐτοῦ
2480 4004 2668 4077 θρόνον
2700 4003 3081 4078 ἀναγαγόντες,
3113 4009 3271 4078 κοινῇ
3322 4004 3413 4057 τὸν
3452 4003 3542 4058 ἐπὶ
3596 4003 3789 4075 θρόνου

2153 4087 2313 4162 δόξης
2369 4098 2469 4160 τῆς
2531 4092 2812 4167 βασιλείας
2869 4093 2996 4147 Θεὸν
3080 4090 3435 4168 έμεγάλυνον,
3493 4093 3541 4163 ᾧ
3601 4092 3792 4163 πρέπει

2149 4187 2295 4238 πᾶσα
2358 4179 2507 4252 δόξα,
2537 4184 2674 4257 τιμὴ
2726 4183 2817 4237 καὶ
2866 4182 3232 4256 προσκύνησις
3289 4186 3379 4237 νῦν
3428 4181 3518 4236 καὶ
3568 4181 3654 4235 ἀεὶ
3708 4179 3797 4234 καὶ

2152 4272 2228 4335 εἰς
2256 4271 2385 4335 τοὺς
2417 4272 2618 4334 αἰῶνας
2656 4276 2763 4328 τῶν
2797 4270 3032 4328 αἲώνων.
3079 4273 3278 4344 Ἀμήν.
