4048 6202
208 310 365 373 1249

1416 293 1895 358 MARTYBIUM
1942 294 2008 352 S.
2054 294 2416 355 ΑΒΕἸἮιἘ.

3455 307 3474 362 1
3491 302 3609 363 250

210 454 2815 485 ________________________________

209 469 2815 500 —-_————-u=————————————-——_

1384 607 2425 739 ΜΑΡΤΥΡΙΟΝ

1730 845 1856 901 ΤΟΥ
1896 844 2104 901 ΑΓΙΟΥ

370 1022 2578 1206 ΜΕΓΑΛΟΜΑΡΤΥΡΟΣ
2676 1024 3451 1198 ΑΡΕΘΑ

1311 1303 1431 1358 ΚΑΙ
1470 1304 1609 1356 ΤΩΝ
1652 1304 1785 1355 zrx
1826 1302 1999 1377 ΑΥΤῼ
2037 1300 2511 1354 ΔΘΑΗΣΑΝΤΩΝ

1326 1478 1715 1575 ΑΓΙΩΝ

1819 1478 2501 1576 ΜΑΡΤΥΡΟΝ

970 1686 1083 1740 ΚΑΙ
1126 1684 1413 1741 ΙΣΤΟΡῙΑ
1455 1685 1591 1739 ΤΩΝ
1632 1683 1817 1738 ΚΑΤΑ
1859 1681 2087 1739 ΧΩΡΑΣ
2130 1684 2302 1739 ΤΟΤΕ
2342 1683 2838 1740 ΠΡΑΧΘΕΝΤΩΝ.

1541 1996 1626 2107 Μ
1642 2005 1708 2107 Α
1736 1994 2281 2109 HTYHIUM

1781 2195 2037 2251 SANCTI

386 2372 636 2533 ET
712 2370 1366 2532 MAGNI
1442 2367 2478 2529 MARTYRIS
2563 2369 3491 2537 ARETH/E.

1208 2636 1293 2688 ET
1332 2635 1583 2691 EORUM
1631 2633 1750 2698 QUl
1791 2633 1936 2689 CUM
1975 2634 2064 2689 ΕΟ
2106 2633 2635 2690 DECERTARUNT

1048 2726 1897 2887 SANCTOBUM
2028 2796 2788 2885 MABTYRUM

455 2983 556 3043 ET
601 2980 969 3043 HISTORIA
1024 2978 1295 3040 EORUM
1343 2976 1525 3048 QUE
1565 2976 1773 3038 TUNC
1819 2974 2073 3035 FACTA
2127 2974 2333 3035 SUNT
2376 2974 2452 3035 ΙΝ
2501 2973 2853 3035 REGIONE
2900 2972 3379 3036 HOMERITIDE

1687 3094 1842 3153 VEL
1886 3090 2163 3152 SAB/EA

772 3247 974 3308 (Latine
1004 3260 1090 3308 ap.
1121 3244 1336 3295 Surium
1368 3245 1435 3295 ad
1465 3244 1607 3294 diem
1636 3244 1697 3294 24
1728 3244 2000 3303 Octobris;
2031 3243 2215 3293 Grasce
2247 3257 2313 3293 ex
2345 3243 2459 3293 cod.
2495 3256 2593 3295 ms.
2628 3244 2789 3294 Paris.
2824 3257 2879 3294 n.
2914 3242 3080 3305 1483.)

2622 3378 2694 3386 -->—

302 3580 381 3635 A'.
416 3580 574 3639 Ἔτος
610 3578 704 3649 μὲν
748 3574 855 3646 ἤδη
906 3573 1151 3647 πέμπτον
1205 3574 1497 3643 ἐνειστήκει
1546 3578 1624 3645 τῷ
1670 3568 1875 3628 εὐσεϐεῖ

2059 3577 2101 3630 Ι.
2134 3575 2527 3646 Instabatjam
2558 3576 2799 3648 quintus
2832 3593 3043 3644 annus,
3077 3596 3143 3634 ex
3192 3597 3308 3651 quo
3359 3580 3641 3636 Justinus

222 3667 519 3739 Ἰουστίνῳ,
584 3673 683 3735 τῆς
746 3664 1034 3736 Ῥωμαίων
1127 3664 1306 3738 ἀρχῆς
1401 3668 1507 3717 τῶν
1585 3665 1875 3737 σκήπτρων

220 3755 627 3830 ἐπειλημμένῳ,
661 3754 821 3823 ἡνίκα
864 3754 958 3807 καῖ
1004 3752 1279 3809 Αἰθιόπων
1330 3747 1622 3807 Ἐλεσϐαὰν
1676 3753 1870 3825 ἦρχεν,

224 3848 358 3920 ἀνὴρ
428 3846 509 3899 ἐπ’
570 3838 811 3914 εὐσεϐείᾳ
868 3844 956 3895 καὶ
1017 3840 1331 3915 δικαιοσύνῃ
1413 3840 1673 3896 πλείστου
1732 3841 1875 3914 παρὰ

222 3941 382 3990 πᾶσιν
441 3934 746 4006 ἠξιωμένος
805 3931 1092 4005 ὀνόματος,
1154 3931 1204 3983 ἐν
1278 3929 1536 4003 Αὑξούμῃ
1592 3930 1752 3984 πόλει
1808 3930 1876 3983 τὰ

226 4023 477 4099 βασίλεια
560 4022 990 4081 κατεσκευακὼς.
1098 4019 1340 4093 Ἐκράτει
1437 4016 1492 4073 δὲ
1589 4018 1677 4072 καὶ
1774 4024 1873 4086 τῆς

225 4110 567 4184 Εὐδαίμονος
626 4107 902 4180 Ἀραϐίας,
981 4117 1081 4179 τῆς
1134 4108 1302 4164 πάλαι
1365 4108 1458 4180 μὲν
1543 4102 1707 4175 Σαϐᾰ,
1763 4107 1873 4161 νυνὶ

227 4197 285 4253 δὲ
344 4198 695 4272 Ὀμηρίτιδος
752 4198 1121 4272 καλουμένης,
1182 4196 1411 4253 Δουναάν
1472 4216 1553 4257 τις
1626 4190 1877 4269 Ἐϐραῖος

228 4287 366 4360 ἀνὴρ
417 4285 679 4355 δυσσεϐὴς
733 4289 823 4343 καὶ
879 4294 957 4360 τῷ
1011 4293 1117 4343 τῶν
1174 4290 1505 4361 Χριστιανῶν
1565 4285 1704 4359 γένει
1759 4282 1878 4338 δια-

232 4376 507 4449 φερόντως
546 4375 835 4449 πολέμιος.
875 4384 968 4439 Ὀς
1008 4382 1097 4431 καί
1136 4376 1262 4438 τοὺς
1318 4377 1420 4431 ὑπὸ
1469 4380 1631 4449 χεῖρα
1678 4372 1877 4434 πάντας

236 4464 631 4537 ἐκπεριτόμους
702 4467 871 4539 εἶχεν,
939 4466 1031 4529 οὕς
1083 4468 1176 4539 μὲν
1227 4463 1627 4534 ἰουδαΐζοντας,
1680 4462 1773 4524 οὓς
1821 4459 1878 4516 δὲ

230 4552 322 4606 καὶ
381 4545 617 4626 ἀκριϐῶς
671 4550 1078 4623 ἑλληνίζοντας,
1148 4553 1370 4616 θύοντας
1435 4551 1585 4623 ἡλίῳ
1644 4550 1732 4604 καὶ
1792 4570 1877 4603 σε-

228 4641 374 4714 λήνῃ
411 4641 500 4695 καὶ
536 4638 807 4713 δαίμοσιν,
841 4641 933 4701 οὓς
964 4640 1068 4715 ἂρα
1099 4643 1188 4695 καὶ
1243 4642 1379 4695 κατὰ
1426 4642 1517 4695 τὸν
1574 4641 1876 4714 ἐπιχώριον

228 4732 433 4805 τρόπον
478 4729 755 4805 ἀγάλμασι
808 4729 898 4783 καὶ
958 4727 1185 4799 στήλαις
1232 4728 1456 4801 ἐτίμων.
1506 4730 1878 4803 Ἀπηχθσὶνετο

234 4817 291 4873 δὲ
333 4820 421 4873 καὶ
473 4822 553 4890 τῷ
614 4814 908 4874 Ἐλεσϐαὰν
971 4818 997 4871 ὁ
1053 4811 1325 4890 Ἐϐραῖος,
1396 4816 1478 4869 ὅτι
1538 4814 1603 4884 δή
1663 4817 1876 4870 πάντων

1979 3669 2282 3735 acceperat
2320 3669 2547 3734 sceptra
2594 3665 2839 3720 Romani
2898 3668 3169 3736 imperii:
3224 3684 3334 3737 quo
3390 3668 3628 3736 quidem

1977 3757 2239 3824 tempore
2255 3754 2579 3823 imperabat
2600 3755 2771 3810 etiam
2788 3755 3164 3826 Ethiopibus
3182 3756 3488 3818 Elesbaan,
3514 3758 3603 3810 vir
3618 3798 3631 3823 ,

1977 3842 2076 3912 qui
2102 3850 2334 3912 propter
2356 3842 2628 3913 pietatem
2648 3844 3029 3913 etjustitiam,
3048 3846 3202 3915 apud
3227 3861 3426 3898 omnes
3454 3845 3632 3898 maxi-

1979 3947 2142 3986 mum
2176 3948 2387 3986 nomen
2446 3932 2556 3986 fuit
2612 3938 2963 3989 consecutus
2999 3951 3011 3987 :
3050 3935 3107 3988 in
3166 3933 3401 3989 civitate
3433 3938 3627 3988 autem

1977 4024 2239 4075 Auxuma
2271 4021 2488 4091 regiam
2521 4028 2945 4080 construxerat.
2980 4025 3207 4080 Ditione
3234 4026 3463 4079 tenebat
3494 4026 3628 4078 Ara-

1982 4110 2132 4165 biam
2165 4109 2410 4165 Felicem
2444 4128 2570 4182 qua
2600 4113 2737 4167 olim
2773 4113 3011 4183 quidem
3043 4113 3214 4177 Saba,
3249 4128 3405 4167 nunc
3437 4117 3626 4167 autem

1980 4204 2215 4254 vocatur
2237 4200 2566 4266 Homeritis,
2602 4201 2842 4255 Dunaan
2871 4202 3159 4267 Hebraeus,
3194 4201 3536 4273 virimpius,
3569 4206 3627 4256 et

1981 4286 2440 4343 Christianorum
2500 4290 2693 4360 generi
2748 4290 3243 4357 inimicissimus;
3290 4291 3388 4361 qui
3449 4292 3625 4346 etiam

1982 4392 2205 4441 omnes,
2257 4378 2355 4448 qui
2389 4387 2548 4433 erant
2580 4379 2639 4433 in
2698 4397 2807 4434 sua
2864 4385 3169 4450 potestate,
3230 4381 3476 4435 habebat
3517 4381 3629 4435 cir-

1983 4467 2294 4531 cumcisos,
2330 4468 2537 4537 partim
2571 4469 2803 4539 quidem
2838 4469 3141 4524 Judaicam
3185 4476 3498 4540 sequentes
3529 4486 3631 4524 su-

1983 4556 2406 4626 perstitionem,
2443 4558 2651 4627 partim
2684 4563 2879 4613 autem
2920 4558 3091 4629 plane
3135 4559 3381 4629 gentiles
3430 4557 3540 4613 soli
3574 4562 3631 4613 et

1983 4644 2133 4699 lunae
2165 4646 2563 4701 sacrificantes
2584 4650 2639 4701 et
2665 4647 3053 4713 daemonibus,
3089 4663 3236 4717 quos
3268 4646 3441 4700 etiam
3475 4662 3633 4701 more

1983 4734 2174 4803 gentis
2206 4734 2575 4789 honorabant
2600 4736 2808 4791 statuis
2831 4741 2886 4791 et
2909 4736 3211 4791 columnis.
3240 4735 3415 4790 Porro
3439 4740 3632 4789 autem

1984 4822 2055 4876 ab
2089 4822 2370 4877 Elesbaan
2406 4823 2536 4877 odio
2570 4822 2889 4878 habebatur
2933 4825 3220 4891 Hebraeus,
3254 4825 3406 4893 quod
3439 4824 3628 4878 omni-

235 4905 430 4986 σχεδὸν
486 4911 591 4961 τῶν
650 4907 736 4961 ὑπ’
791 4907 1012 4981 οὐρανὸν
1070 4908 1160 4961 τὸν
1218 4906 1447 4977 Χριστὸν
1506 4904 1875 4977 κηρυττόντων

1988 4910 2098 4965 bus
2134 4912 2271 4978 fere,
2305 4910 2405 4981 qui
2438 4915 2574 4965 sunt
2605 4913 2710 4965 sub
2735 4913 2899 4980 cmlo,
2940 4914 3237 4968 Christum
3269 4917 3449 4967 Deum
3486 4928 3630 4980 prae-

235 5000 361 5053 Θεὸν
394 4998 480 5052 καὶ
533 5003 665 5052 Θεοῦ
716 4999 838 5052 rte»,
888 4997 1093 5067 ἀληθῆ,
1153 4995 1240 5049 καὶ
1294 4997 1431 5066 ἡμῖν
1490 4992 1685 5067 ὅμοιον
1744 4995 1879 5049 κατὰ

230 5088 329 5156 τὴν
384 5088 551 5160 σάρκα
598 5088 911 5161 γενόμενον,
972 5085 1131 5145 αὐτὸς
1182 5084 1382 5139 ἀθετῶν
1439 5084 1732 5157 ἀπηρνεῖτο
1788 5084 1877 5137 καὶ

229 5177 321 5230 τὸν
374 5177 494 5230 Υἱὸν
550 5177 640 5230 καὶ
679 5178 776 5244 τὴν
838 5177 1130 5250 σάρκωσιν,
1188 5174 1489 5242 συσκιάζων
1537 5175 1599 5227 τὸ
1659 5172 1744 5227 ἐπὶ
1798 5178 1876 5244 τῷ

232 5270 445 5339 σταυρῴ
517 5269 622 5318 τῶν
680 5265 926 5341 πατέρων
979 5264 1263 5337 ἀνόμημα,
1324 5263 1396 5323 ὡς
1458 5261 1546 5315 καὶ
1606 5259 1876 5322 πολλάκις

233 5354 382 5425 αὐτῷ
434 5350 783 5428 συμϐαλὸντα
846 5356 939 5409 τὸν
1008 5349 1198 5422 εὐσεϐῆ
1279 5350 1525 5427 βασιλέα,
1584 5349 1875 5425 τρέψασθαί

226 5465 284 5498 τε
314 5444 495 5499 αὐτὸν
529 5445 628 5499 ἀνὰ
671 5444 887 5519 κράτος,
938 5444 1027 5499 καὶ
1074 5443 1275 5522 φόρους
1335 5442 1627 5515 ἀναγκάσαι
1676 5439 1873 5495 τελεῖν.

230 5533 346 5589 Εἶθ’
411 5532 584 5596 οὕτως
653 5532 856 5588 ἐκεῖνον
913 5535 1007 5606 μὲν
1063 5532 1159 5594 τὰς
1216 5532 1486 5601 συνθήκας
1545 5528 1873 5599 ἠθετηκότα,

228 5624 680 5693 κατεξαναστῆναι
747 5623 841 5677 τοῦ
922 5621 1188 5691 βασιλέως
1258 5614 1575 5677 Ἑλεσϐααὶν.
1646 5620 1751 5676 Τὸν
1818 5616 1875 5673 δὲ

1990 4998 2343 5065 dicentibus,
2376 5005 2432 5053 et
2454 5016 2651 5055 verum
2684 5001 2784 5056 Dei
2825 5001 3055 5069 Filium,
3089 5008 3145 5056 et
3194 5003 3360 5056 nobis
3410 5002 3627 5056 factum

1989 5104 2161 5142 carne
2209 5088 2483 5154 similem,
2516 5088 2641 5159 ipse
2669 5106 2805 5144 eum
2837 5089 3223 5157 vilipendens,
3257 5090 3628 5144 inﬁciabatur

1994 5178 2109 5229 haec
2139 5176 2572 5242 omnia,velaus
2602 5183 2659 5233 et
2689 5179 3047 5233 adumbrans
3071 5194 3309 5232 suorum
3336 5179 3627 5247 majorum

1989 5262 2201 5331 scelus,
2228 5266 2377 5334 quod
2412 5266 2469 5320 in
2502 5281 2671 5320 cruce
2700 5266 3081 5330 admiserant,
3115 5268 3253 5320 adeo
3287 5272 3352 5320 ut
3383 5282 3480 5320 rex
3503 5268 3629 5337 pius

1989 5368 2140 5423 saepe
2170 5369 2303 5408 cum
2335 5370 2401 5410 eo
2425 5354 2575 5410 bello
2607 5371 2975 5425 congressus,
3000 5354 3053 5408 vi
3079 5355 3369 5410 fuderitac
3395 5356 3626 5427 fugarit,

1988 5446 2045 5497 et
2072 5442 2348 5499 tributum
2391 5444 2640 5515 pendere
2690 5444 2963 5515 coegerit.
2994 5442 3208 5498 Verum
3259 5442 3354 5499 ille
3393 5446 3624 5515 quidem

1988 5549 2101 5587 non
2126 5538 2287 5589 stans
2310 5534 2492 5603 pactis
2514 5534 2830 5603 conventis,
2864 5532 3179 5588 insurrexit
3210 5538 3413 5588 contra
3434 5550 3622 5606 regem

1985 5621 2287 5678 Elesbaan.
2325 5624 2605 5679 Etesbaan
2632 5628 2827 5678 autem
2862 5637 2994 5678 eum
3019 5637 3216 5677 rursus
3246 5620 3433 5678 valido
3463 5625 3627 5679 ador-
