4048 6202
458 281 608 343 1251

1816 280 2101 344 MENSIS
2148 282 2528 345 OCTOBER.

3708 289 3847 349 1252

450 448 541 500 tus
572 445 846 512 exercitu,
881 444 1106 499 fortiter
1138 444 1510 516 expugnavit,
1545 448 1601 500 et
1630 444 1687 500 in
1715 446 1909 516 fugam
1958 464 2091 503 con-

2206 445 2368 500 πάλιν
2403 449 2560 522 βαρεῖ
2604 453 2816 521 στρατῷ
2864 452 2982 505 κατ’
3028 451 3196 507 αὑτοῦ
3239 452 3563 524 ἐπελθόντα,
3609 476 3844 528 καταγω-

448 534 636 589 vertit.
670 534 931 604 Denique
954 534 1024 589 ad
1048 533 1217 588 illum
1243 534 1563 589 cavendum
1590 534 1785 590 relicto
1815 536 2091 604 exercitu,

449 624 509 678 in
542 638 711 679 suam
736 624 907 678 rediit
935 623 1240 678 ditionem.

526 806 592 862 II.
630 805 867 861 Interim
903 820 1017 859 non
1070 808 1292 874 poterat
1340 803 1612 861 Hebrmus
1644 806 1958 878 quiescere,
1991 808 2091 863 sed

452 902 517 953 ut
557 901 805 968 acceptae
845 895 1028 951 eladis
1080 895 1296 950 deleret
1325 896 1734 968 ignominiam,
1776 914 1907 953 cum
1957 914 2093 953 suos

450 987 796 1059 collegisset,
828 990 884 1042 et
923 1003 1041 1055 eos,
1075 987 1174 1057 qui
1226 991 1393 1042 erant
1424 987 1483 1042 in
1533 988 1823 1059 praesidio,
1857 990 2095 1047 invasis-

448 1082 556 1147 set,
590 1094 794 1132 omnes
834 1075 981 1131 bello
1016 1075 1287 1147 perdidit,
1323 1077 1578 1147 etjussit
1618 1094 1844 1143 omnes,
1878 1080 1977 1150 qui
2012 1080 2096 1134 in-

448 1167 830 1221 veniebantur
859 1163 1152 1218 Christum
1186 1180 1311 1220 esse
1342 1165 1520 1220 Deum
1555 1166 1919 1234 conﬁtentes,
1953 1168 2095 1222 citra

452 1255 630 1311 ullam
664 1253 900 1309 interire
930 1254 1402 1310 misericordiam.
1434 1254 1646 1310 Nullus
1670 1260 1860 1311 autem
1890 1256 1999 1311 fuit
2027 1273 2096 1311 ex

452 1346 545 1409 iis,
581 1344 680 1416 qui
711 1351 872 1399 erant
902 1344 1011 1398 sub
1036 1344 1182 1415 ipso,
1214 1343 1584 1410 Christianis,
1606 1345 1705 1415 qui
1728 1362 1789 1401 se
1822 1363 1935 1402 non
1958 1346 2095 1401 huic

456 1436 637 1508 impio
670 1434 857 1490 edicto
890 1433 1235 1489 submiserit
1262 1433 1420 1489 illius
1450 1433 1632 1489 animi
1657 1434 1978 1491 formidans
1997 1453 2098 1491 sae-

450 1525 674 1582 vitiam.
702 1524 972 1589 Quaedam
995 1528 1190 1579 tamen
1213 1522 1416 1578 civitas
1440 1524 1707 1593 frequens
1724 1524 1959 1594 populo,
1982 1525 2097 1580 sita

449 1617 510 1671 in
537 1614 913 1679 Homeritide,
940 1630 1067 1684 quae
1090 1616 1325 1668 vocatur
1347 1612 1604 1685 Nagran,
1628 1629 1759 1668 cum
1785 1614 1895 1685 iam
1921 1613 2095 1685 longo

453 1703 667 1760 abhinc
697 1707 958 1774 tempore
1006 1702 1262 1757 venisset
1306 1703 1375 1757 ad
1416 1702 1772 1774 agnitionem
1814 1704 2094 1767 veritatis,

455 1799 512 1851 et
542 1793 812 1864 pietatem
846 1791 1445 1862 suscepisset,nempe
1476 1807 1543 1845 ex
1574 1808 1688 1862 quo
1720 1794 2096 1848 Constantius

456 1883 652 1954 magni
686 1880 1056 1937 Constantini
1093 1880 1272 1947 filius,
1304 1882 1370 1935 ad
1405 1881 1658 1950 Sabaeos,
1686 1880 1783 1952 qui
1816 1899 1971 1937 nunc
2002 1900 2100 1937 vo-

455 1974 663 2025 cantur
693 1970 1020 2034 Homerite,
1049 1969 1159 2024 orti
1191 1985 1324 2024 vero
1356 1973 1584 2024 suntex
1605 1968 1813 2023 Cetura
1832 1968 2099 2035 Abrahae,

458 2059 620 2115 misit
653 2060 875 2130 legatos
908 2075 920 2113 :
954 2063 1009 2112 et
1041 2074 1172 2129 rege
1203 2058 1363 2113 illius
1394 2058 1588 2129 gentis
1622 2059 1958 2113 muneribus
1989 2058 2099 2113 sibi

454 2146 817 2215 conciliatos,
854 2146 1159 2202 aedificavit
1189 2146 1377 2201 hacin
1419 2146 1649 2201 civitate
1702 2146 1999 2213 ecclesias,
2044 2151 2101 2201 et

451 2239 770 2310 quemdam
824 2236 1013 2292 virum
1069 2238 1252 2307 pium,
1310 2235 1409 2307 qui
1444 2237 1511 2291 ad
1574 2236 1745 2290 vitam
1780 2236 2099 2291 declinarat

453 2327 864 2393 monasticam,
891 2330 949 2381 et
979 2326 1303 2382 moralibus
1333 2330 1389 2381 et
1419 2326 1619 2381 activis
1638 2325 1952 2381 virtutibus
1974 2330 2097 2382 erat

454 2432 726 2487 magnus,
751 2420 926 2487 atque
947 2415 1089 2471 adeo
1111 2415 1385 2471 omnibus
1406 2416 1497 2471 sui
1518 2415 1795 2487 temporis
1817 2416 2097 2486 superior,

455 2506 638 2573 misit,
676 2516 736 2561 ut
787 2510 1058 2579 praeesset
1105 2505 1198 2572 iis,
1232 2506 1331 2577 qui
1375 2508 1446 2561 ad
1486 2523 1673 2563 veram
1731 2510 2099 2563 accesserant

456 2596 819 2668 religionem.
854 2597 973 2661 Quo
1005 2594 1238 2666 quidem
1272 2600 1530 2666 tempore
1562 2595 1780 2651 Judaeis
1817 2595 2097 2651 resisten-

452 2688 629 2758 tibus,
663 2694 715 2741 et
749 2685 989 2742 barbaro
1012 2685 1419 2751 suadentibus,
1454 2701 1527 2740 ne
1558 2688 1679 2739 tam
1714 2684 1879 2741 facile
1899 2683 2100 2755 hospi-

453 2781 570 2834 tem
601 2776 1004 2831 admitteretin
1046 2774 1362 2841 civitatem,
1406 2789 1587 2843 neque
1627 2774 1783 2829 circa
1824 2789 1914 2828 res
1953 2772 2098 2829 divi-

453 2882 558 2922 nas
588 2865 809 2937 aliquid
835 2865 1159 2929 innovaret,
1195 2862 1309 2918 nisi
1341 2863 1506 2935 prius
1538 2862 1622 2915 vir
1652 2861 1961 2932 religiosus
1993 2861 2095 2917 ali-

448 2956 601 3027 quod
636 2955 869 3023 signum
921 2953 1273 3016 ostenderet,
1314 2950 1632 3021 (quomodo
1665 2948 1852 3005 solent
1884 2951 1974 3004 isti
2006 2966 2100 3021 pe-

451 3050 593 3112 tere,
628 3048 691 3097 ut
721 3042 821 3113 qui
854 3042 971 3095 sint
999 3039 1305 3109 increduli)
1339 3040 1492 3109 quod
1526 3038 1757 3107 quidem
1793 3038 1839 3093 si
1881 3040 2101 3110 praesti-

452 3132 610 3198 terit,
645 3136 782 3186 tunc
816 3130 867 3185 ei
899 3129 1239 3185 concederet
1285 3128 1619 3200 ingressum
1662 3128 1719 3184 in
1754 3128 2043 3183 civitatem
2083 3145 2095 3182 :

451 3221 548 3277 ille
582 3219 793 3275 divinis
824 3219 1005 3274 fretus
1034 3217 1366 3291 promissis,
1400 3217 1553 3288 quod
1579 3218 1747 3289 signa
1779 3223 2101 3290 sequentur

451 3328 573 3381 eos,
597 3310 695 3383 qui
719 3310 1090 3377 crediderint,
1109 3308 1445 3364 annuitcira
1461 3308 1636 3364 ullam
1659 3310 2096 3369 dubitationem:

448 3403 504 3457 et
543 3416 744 3455 eorum
778 3416 908 3471 quae
958 3398 1323 3470 petebantur,
1369 3397 1783 3455 miraculorum
1821 3417 2098 3471 magnam

447 3489 699 3548 ostendit
730 3488 1149 3561 operationem.
1195 3487 1281 3542 Ab
1315 3486 1413 3542 illo
1437 3488 1561 3558 jam
1609 3492 1870 3560 tempore
1903 3490 2101 3548 civitas

444 3581 761 3637 Dominum
791 3594 935 3651 pure
953 3578 1172 3644 colens,
1210 3582 1267 3633 et
1297 3577 1615 3633 orthodoxa
1646 3577 1976 3635 divinorum
2004 3582 2100 3637 Pa-

445 3675 606 3727 trum
631 3686 880 3742 sequens
910 3668 1203 3741 dogmata,
1243 3668 1660 3739 perseverabat,
1697 3668 1742 3723 si
1793 3670 1931 3741 quid
1975 3674 2099 3727 erat

450 3760 607 3827 mali,
676 3758 977 3831 repellere,
1034 3762 1090 3813 et
1138 3756 1387 3813 alienam
1438 3757 1688 3829 effugere
1738 3758 2096 3829 religionem,

446 3852 591 3907 adeo
626 3853 685 3905 ut
716 3849 923 3903 sineret
955 3847 1192 3919 quidem
1225 3862 1354 3902 eam
1395 3848 1465 3902 ad
1499 3863 1671 3903 aures
1704 3850 2021 3918 pervenire.

519 4028 615 4082 ΙΙΙ.
641 4026 911 4081 Invidens
934 4039 1068 4095 ergo
1102 4021 1417 4094 malignus,
1438 4027 1645 4091 totum,
1677 4031 1931 4097 quantus
1951 4035 2093 4095 erat,

443 4119 681 4175 subiens
716 4108 1045 4185 Hebraeum,
1080 4131 1211 4170 eum
1243 4119 1433 4170 armat
1474 4115 1750 4171 adversus
1780 4116 2091 4185 civitatem,

441 4207 652 4279 partim
688 4206 926 4277 quidem
960 4204 1206 4275 opinans
1239 4205 1380 4270 fore,
1415 4208 1476 4258 ut
1506 4203 1560 4258 id
1593 4209 1748 4259 esset
1780 4205 2088 4262 molestum

442 4296 538 4367 pio
572 4296 692 4367 regi
726 4295 1057 4367 [Ethiopum
1086 4310 1099 4348 :
1135 4295 1346 4364 partim
1379 4297 1571 4348 autem
1605 4308 1670 4349 eo
1702 4299 1993 4366 spectans,
2029 4300 2091 4352 ut

440 4386 502 4441 in
563 4384 856 4441 Christum
902 4400 1063 4437 suam
1122 4383 1373 4453 expleret
1431 4382 1743 4450 insaniam,
1795 4391 1849 4439 et
1905 4400 2089 4456 genus

441 4474 911 4532 Christianorum
935 4472 1173 4527 omnino
1212 4475 1512 4526 everteret.
1547 4472 1747 4541 Itaque
1768 4472 1925 4527 venit
1947 4473 2085 4528 vali-

2204 534 2447 599 νίσασθαί
2510 558 2569 591 τε
2634 540 2917 614 γενναίως,
2994 541 3083 594 καὶ
3181 540 3394 618 φυγαδα
3460 544 3841 617 παρασκεύάσαι

2202 626 2463 699 γενέσθαι.
2524 627 2663 682 Εἶτα
2718 628 2852 700 πρὸς
2908 628 3158 703 φυλακὴν
3220 630 3427 686 ἐκείνου
3485 628 3842 688 καταλιπόντα

2204 716 2453 788 στρατὸν,
2479 715 2555 777 εἰς
2584 716 2683 782 τήν
2718 715 2915 771 οἰκείαν
2946 717 3101 780 αὖθις
3134 718 3317 794 ἀρχὴν
3356 721 3706 795 ὑποστρέψαι.

2278 805 2346 859 B'.
2379 805 2464 860 Ἐν
2497 803 2714 866 τούτοις
2747 806 2839 860 τὸν
2870 801 3124 881 Ἑϐραῖον
3158 809 3260 863 οὐκ
3314 811 3379 879 ἦν
3426 812 3673 884 ἠρεμεῖν·
3728 806 3841 865 ἀλλ’

2204 891 2385 967 ὥσπερ
2413 894 2511 962 τὴν
2558 896 2727 962 ἧτταν
2770 894 3235 968 ἀνακαλούμενον,
3285 896 3682 971 συλλεξάμενον
3728 900 3840 960 τοὺς

2204 982 2460 1053 οἰκείους,
2518 984 2607 1037 καὶ
2658 989 2775 1045 τοῖς
2813 986 2911 1051 τὴν
2959 984 3207 1061 φυλακὴν
3260 983 3479 1061 ἔχουσιν
3518 987 3842 1058 ἐπιθέμενον,

2203 1069 2437 1144 πολέμῳ
2495 1092 2552 1127 τε
2602 1075 2838 1135 ἅπαντας
2897 1071 3223 1151 διαφθεῖραι,
3282 1077 3373 1131 καὶ
3430 1076 3677 1132 κελεῦσαι
3725 1080 3842 1140 τοὺς

2204 1160 2623 1235 εὑρισκομένους
2656 1163 2784 1216 Θεὸν
2835 1163 2925 1217 τὸν
2975 1163 3204 1238 Χριστὸν
3257 1165 3663 1239 ὁμολογοῦντας
3710 1169 3843 1240 παρὰ

2203 1255 2306 1305 πᾶν
2367 1247 2519 1314 ἕλεος
2579 1250 2996 1328 διαφθείρεσθαι.
3060 1258 3159 1311 Ἠν
3218 1253 3310 1309 οὖν
3366 1254 3549 1314 οὐδεὶς
3606 1260 3713 1311 τῶν
3766 1259 3842 1311 ὑπ’

2204 1340 2351 1413 αύτῷ
2407 1340 2713 1397 τελούντων
2760 1344 3112 1417 Χριστιανῶν,
3173 1346 3232 1406 ’ὀς
3287 1344 3395 1420 ούχ
3453 1347 3721 1401 ὑπέκυπτε
3773 1352 3844 1417 τῷ

2207 1426 2455 1485 δυσσεϐεῖ
2517 1432 2697 1504 τούτῳ
2762 1433 3164 1507 προστάγματι,
3231 1441 3330 1503 τῆς
3399 1438 3587 1509 ψυχῆς
3645 1433 3841 1504 ἐκείνης

2206 1519 2423 1593 τρέμων
2454 1520 2553 1588 τήν
2587 1520 2904 1595 ἀγριότητα.
2960 1521 3128 1583 Πόλις
3176 1522 3236 1597 γέ
3283 1544 3365 1584 τις
3421 1522 3844 1599 πολυάνθρωπος

2208 1609 2310 1663 ὑπὸ
2341 1610 2429 1663 τὸν
2463 1610 2770 1684 Ὀμηρίτην
2823 1609 3046 1684 κειμένη
3097 1610 3410 1684 καλουμένη
3462 1614 3704 1687 Ναγράν,
3754 1635 3844 1667 συ-

2208 1697 2338 1772 χνὸν
2386 1695 2493 1768 ἤδη
2548 1699 2744 1773 χρόνον
2797 1698 2874 1760 εἷς
2933 1700 3222 1774 ἐπίγνωσιν
3281 1699 3513 1756 ἐλθοῦσα
3557 1710 3656 1772 τῆς
3712 1702 3847 1773 ἀλη-

2129 1787 2376 1885 Βθείας,
2442 1788 2531 1842 καὶ
2597 1790 2695 1857 τήν
2766 1784 3035 1845 εὐσέϐειαν
3120 1788 3511 1863 ἔπανελομένη,
3599 1792 3650 1862 ἐξ
3726 1792 3849 1847 ὅτου

2211 1876 2578 1940 Κωνστάντιος
2655 1879 2682 1932 ὁ
2746 1882 2842 1933 τοῦ
2911 1876 3152 1955 μεγάλου
3243 1880 3651 1936 Κωνσταντίνου
3736 1884 3847 1943 υἱὸς

2210 1968 2344 2039 πρὸς
2399 1963 2671 2029 Σαϐαίους
2725 1966 2853 2029 τοὺς
2908 1972 2998 2022 νῦν
3054 1969 3380 2044 Ὁμηρῖτας,
3437 1971 3569 2032 τοὺς
3639 1969 3698 2025 ἐκ
3752 1976 3847 2035 τῆς

2209 2056 2478 2132 Χετούρας
2525 2061 2603 2128 τῷ
2661 2051 2911 2130 ’Δϐραάμ
2966 2058 3289 2133 γενομένους
3344 2060 3627 2132 πρεσοείαν
3689 2059 3848 2115 ἐστεί-

2210 2145 2362 2208 λατο,
2398 2147 2487 2201 καί
2520 2144 2718 2221 δώροις
2749 2147 3169 2220 οἱκειωσάμενος
3198 2148 3288 2203 τὸν
3323 2154 3417 2203 τοῦ
3469 2146 3651 2211 ἔθνους
3703 2151 3849 2222 βασιο

2208 2234 2328 2305 λέα,
2362 2234 2656 2306 ἐκκλησίας
2686 2256 2743 2290 τε
2771 2233 3047 2309 ἐδείματο,
3078 2239 3167 2291 καί
3218 2258 3337 2291 τινα
3387 2235 3641 2310 θεόφιλον
3690 2237 3847 2313 ἄνδρα

2206 2327 2344 2399 πρὸς
2399 2327 2489 2379 τὸν
2552 2322 2844 2398 μοναδικὸν
2904 2325 3272 2383 ἀποκλίναντα
3333 2326 3477 2401 βίον,
3536 2329 3624 2381 καὶ
3690 2330 3845 2403 μέγαν

2208 2414 2257 2469 ἐν
2302 2414 2519 2483 ἠθικαῖς
2572 2434 2629 2467 τε
2694 2414 2781 2469 καὶ
2868 2420 3188 2489 πρακτικαῖς
3256 2415 3497 2491 ἀρεταῖς,
3562 2416 3651 2469 καί
3724 2416 3848 2489 ὁπὶρ

2205 2508 2333 2565 τοὺς
2364 2504 2487 2558 τότε
2516 2503 2718 2567 πάντας
2760 2503 3070 2576 γενόμενον,
3120 2504 3196 2566 εἷς
3239 2505 3566 2580 προστασίαν
3619 2510 3730 2559 τῶν
3780 2510 3846 2577 τῇ

2209 2588 2455 2664 εὐσεϐείᾳ
2530 2593 2916 2666 συντιθεμένων
3012 2594 3321 2667 ἐξέπεμπεν.
3398 2596 3528 2651 "Ore
3598 2596 3687 2649 καί
3742 2601 3847 2649 τῶν

2589 2682 2993 2755 ἀνθισταμένων
3093 2685 3182 2738 καὶ
3292 2684 3685 2739 ἀναπειθόντων
3758 2684 3850 2738 τῦν

2213 2768 2508 2848 βάρϐαρον,
2554 2774 2630 2846 μή
2678 2772 2993 2850 προχείρως
3044 2774 3187 2827 οὕτω
3237 2774 3378 2845 ξένον
3427 2774 3503 2835 εἰς
3552 2776 3650 2843 τήν
3702 2774 3855 2829 πολι-

2206 2862 2347 2916 τείαν
2404 2858 2754 2932 εἰσδέξασθαι,
2818 2860 2957 2934 μηδὲ
3013 2862 3135 2937 περὶ
3192 2864 3259 2916 τά
3326 2868 3440 2925 θεῖα
3500 2864 3850 2937 νεωτερίζειν,

2209 2950 2253 3005 εἰ
2308 2952 2381 3022 μή
2425 2971 2494 3004 τι
2534 2950 2796 3024 πρότερον
2844 2956 3072 3022 σημεῖον
3122 2953 3149 3005 ὁ
3200 2951 3455 3027 θεόφιλος
3506 2950 3851 3020 ἐπιδείξαιτο,

2208 3040 2300 3093 οἷα
2331 3037 2397 3107 δὴ
2453 3038 2641 3093 πολλά
2696 3037 2916 3100 τούτοις
2975 3038 3049 3101 ὡς
3108 3040 3353 3101 ἀπίστοις
3413 3041 3651 3094 ἀπαιτεῖν
3711 3038 3855 3109 ἔθος,

2210 2680 2487 2738 Ἰουδαίων

2208 3130 2297 3183 καὶ
2365 3129 2487 3183 τότε
2551 3135 2952 3205 παραχωρῆσαι
3011 3128 3156 3201 αύτῷ
3212 3136 3313 3198 τῆς
3382 3130 3457 3192 εἷς
3532 3132 3631 3199 τήν
3690 3130 3851 3185 πόλιν

2211 3216 2451 3285 εἰσόδου,
2484 3216 2683 3273 ἰκεῖνον
2730 3223 2846 3280 ταῖς
2879 3217 3045 3281 θείαις
3088 3217 3435 3293 ἐπαγγελίαις
3487 3219 3853 3295 θαρῥτίσαντα,

2209 3305 2291 3360 ὅτι
2362 3311 2565 3380 σημεῖα
2627 3312 2744 3367 τοῖς
2802 3306 3112 3362 πιστεύσασι
3176 3306 3674 3382 παρακολουθήσει,
3736 3307 3855 3362 ἐπι-

2208 3398 2383 3453 νεῦσαί
2442 3420 2499 3453 τε
2565 3396 3012 3464 ἀνεπτδοιάστως,
3078 3399 3169 3453 καὶ
3236 3398 3455 3466 πολλὴν
3520 3403 3626 3453 τῶν
3692 3400 3857 3453 ἀπαι-

2205 3488 2480 3559 τουμένων
2552 3487 2840 3560 θαυμάτων
2932 3483 3293 3555 ἐπιδείξασθαι
3391 3488 3490 3555 τήν
3565 3485 3851 3561 ἐνεργειαν.

2205 3576 2295 3645 Ἐξ
2327 3574 2541 3629 ἐκείνων
2582 3572 2689 3644 ἤδη
2741 3579 2849 3629 τῶν
2908 3574 3122 3649 χρόνων
3165 3572 3393 3643 ἡπόλις
3440 3576 3693 3647 καθαρῶς
3750 3572 3853 3628 λα-

2205 3666 2468 3744 τρεύουσα
2513 3671 2593 3737 τῷ
2646 3669 2779 3735 Θεῷ,
2835 3665 2924 3718 καὶ
2979 3669 3096 3726 τοῖς
3152 3662 3463 3738 ὀρθοδόξοις
3525 3668 3633 3718 τῶν
3696 3664 3850 3718 θείων

2206 3759 2456 3831 Πατέρων
2528 3758 2825 3829 στοιχοῦσα
2900 3752 3157 3828 δόγμασι,
3238 3750 3470 3808 διετέλει
3536 3758 3639 3807 πᾶν
3707 3754 3738 3807 δ
3800 3772 3853 3805 τι

2203 3847 2439 3921 πονηρὸν
2472 3844 2857 3916 ἀπωθουμένη,
2907 3844 2995 3897 καὶ
3046 3843 3332 3917 θρησκείαν
3374 3841 3677 3897 ἀλλόκοτον
3722 3839 3854 3916 ἄχρι

2204 3941 2334 4014 γοῦν
2366 3938 2453 3990 καὶ
2487 3934 2654 4003 ἀκοῆς
2687 3932 3086 4009 ἀποφεύγουσα.

2277 4030 2345 4084 Γ’.
2382 4028 2665 4097 Φθονήσας
2719 4024 2895 4079 τοίνυν
2950 4026 2977 4077 ὁ
3027 4023 3287 4098 πονηρὸς,
3336 4023 3426 4077 καὶ
3478 4021 3609 4077 ὅλον
3659 4022 3853 4075 ύπεισ-

2204 4115 2295 4179 δὺς
2353 4117 2442 4171 τὸν
2502 4109 2781 4189 Ἑϐραῖον,
2842 4111 3056 4181 ὁπλίζει
3115 4113 3247 4166 κατὰ
3304 4118 3401 4180 τῆς
3460 4111 3699 4180 πόλεως,
3757 4111 3855 4164 καὶ

2201 4206 2361 4268 αὐτὸς
2392 4208 2553 4260 τοῦτο
2597 4205 2689 4276 μὲν
2723 4200 3110 4273 προσδοκήσας
3145 4201 3333 4257 λυπεῖν
3361 4202 3454 4256 τὸν
3501 4206 3611 4255 τῶν
3655 4200 3859 4263 Aterni-

2200 4317 2316 4350 πων
2374 4288 2569 4357 εὐσεϐῆ
2624 4291 2848 4368 βασιλέα
2902 4295 3062 4346 τοῦτο
3121 4288 3178 4345 δὲ
3235 4290 3325 4345 καὶ
3378 4292 3476 4359 τὴν
3537 4290 3671 4344 κατὰ
3715 4295 3857 4363 Χρι-

2202 4389 2329 4439 στοῦ
2365 4382 2553 4457 μανίαν
2613 4381 2933 4449 ἁποπλῆσαι
2980 4385 3220 4450 σκοπῶν,
3267 4379 3356 4435 καὶ
3398 4381 3460 4435 τὸ
3512 4382 3854 4455 Χριστιανῶν

2197 4476 2349 4551 γένος
2383 4472 2457 4533 εἷς
2507 4473 2642 4525 ἅπαν
2688 4469 2957 4545 ἐκτρίψαι,
3020 4469 3183 4545 βαρὸν
3233 4469 3571 4547 ἐπαγόμενος
3620 4471 3853 4545 στρατὸν

440 4566 577 4620 dum
604 4562 897 4619 adducens
920 4560 1268 4617 exercitum:
1297 4564 1507 4615 etcum
1533 4562 1908 4616 circumcirca
1935 4571 2083 4619 esset

2206 4564 2519 4641 ἰφικνεῖται,
2577 4560 2664 4614 καὶ
2730 4555 3328 4633 στρατοπεδευσάμενος
3388 4560 3535 4633 παρᾶ
3590 4559 3652 4612 τὸ
3692 4558 3857 4630 περί-

438 4658 914 4716 eastrametalus,
945 4649 1216 4721 valloque
1246 4656 1297 4704 et
1331 4648 1487 4705 fossa
1517 4650 1729 4705 moenia
1759 4650 2087 4707 circumde-

439 4744 640 4809 disset,
667 4741 891 4797 obsedit
918 4739 1172 4811 Nagran,
1206 4738 1489 4793 minitans
1521 4755 1584 4793 se
1606 4738 1765 4793 illam
1799 4755 2091 4813 expugna-

436 4838 659 4899 turum,
684 4836 741 4886 et
762 4847 988 4896 omnes,
1016 4828 1113 4900 qui
1137 4831 1193 4884 in
1220 4829 1349 4900 ipsa
1368 4834 1549 4892 erant,
1577 4829 2087 4901 interempturum,

440 4922 551 4979 nisi
611 4937 783 4977 cruce
840 4918 1095 4985 Domini,
1133 4936 1166 4973 a
1215 4918 1440 4974 civibus
1472 4918 1530 4972 in
1591 4919 1817 4973 excelso
1878 4922 2086 4990 posita,

444 5028 619 5085 quam
642 5008 1055 5067 exsecrationis
1075 5008 1308 5080 signum
1335 5006 1503 5079 (proh
1520 5007 1741 5078 dolor!)
1767 5007 1985 5065 stultus
1999 5027 2090 5067 vo-

440 5104 633 5169 cabat,
667 5101 736 5156 ad
785 5098 1041 5153 nihilum
1077 5097 1331 5161 redacta,
1373 5095 1580 5150 deinde
1611 5094 1907 5152 Christum
1941 5116 2088 5169 quo-

441 5208 550 5262 que
581 5193 912 5259 negassent,
949 5187 1049 5260 qui
1084 5186 1340 5241 fueratin
1375 5200 1439 5239 ea
1468 5200 1811 5256 suspensus.
1836 5187 1995 5250 Quod
2022 5206 2087 5245 eo

443 5279 679 5352 quidem
704 5277 945 5334 consilio
968 5276 1231 5341 faciebat,
1256 5278 1319 5329 ut
1349 5289 1484 5329 cum
1514 5272 1749 5343 eosillo,
1774 5276 1927 5345 quod
1955 5277 2088 5335 inde

446 5367 728 5437 veniebat,
789 5366 1059 5440 praesidio
1118 5366 1416 5425 nudasset.
1454 5362 1561 5418 hoc
1616 5367 1734 5417 tam
1766 5363 1954 5420 valido
1986 5367 2085 5424 de-

445 5456 623 5512 fectos
653 5456 862 5511 auxilio
894 5455 1101 5512 deinde
1129 5454 1446 5511 invaderet.
1480 5450 1721 5518 Quidam
1754 5468 1890 5525 ergo
1914 5471 2085 5512 exse-

447 5543 650 5601 crandi
708 5544 888 5613 hujus
921 5545 1072 5615 regis
1139 5542 1437 5610 satellites,
1470 5541 1530 5596 in
1571 5540 1769 5597 orbem
1802 5542 2085 5603 obeuntes

445 5632 764 5698 civitatem,
813 5631 1015 5687 eadem
1059 5631 1559 5687 vociferabantur:
1592 5633 1667 5700 et,
1720 5631 1768 5686 si
1821 5639 2088 5704 parerent

2197 4648 2391 4720 ϐολον,
2422 4651 2514 4705 καὶ
2564 4650 2778 4725 χάρακα
2834 4647 3042 4723 βαλῶν,
3089 4647 3180 4702 καί
3228 4648 3672 4725 περιταφρεύσας,
3726 4645 3854 4700 ito-

2197 4742 2405 4815 λιόρκει
2452 4739 2660 4815 Νεγράν
2716 4736 2858 4793 ἑλεῖν
2915 4758 2974 4792 τε
3020 4737 3191 4807 αύτήν
3246 4735 3513 4808 ἀπειλῶν,
3571 4737 3662 4791 καὶ
3722 4737 3851 4795 τοὺς

2194 4830 2247 4886 ἐν
2280 4830 2418 4904 αὐτῇ
2449 4829 2647 4890 πάντας
2688 4825 2921 4898 ἀνελεῖν,
2981 4827 3026 4880 εἰ
3076 4832 3152 4898 μὴ
3194 4825 3284 4881 τὸν
3338 4821 3439 4897 ἔξω
3495 4831 3698 4901 τειχῶν
3742 4826 3854 4879 ἀνε-

2196 4916 2550 4993 στηλωμένον
2606 4915 2658 4971 έν
2718 4916 2977 4988 μετεώρῳ
3036 4920 3133 4969 τοῦ
3190 4914 3387 4991 Κυρίου
3473 4916 3729 4990 σταυρὸν,
3792 4914 3849 4967 δν

2194 5009 2323 5084 ἀρᾶς
2371 5006 2570 5081 (οἴμοι)
2630 5009 2858 5075 σημεῖον
2915 5004 2942 5058 ὁ
3006 5004 3235 5074 ἀνόητος
3295 5004 3577 5071 ἀπεκάλει,
3636 5001 3852 5073 ἐξουδε-

2194 5098 2478 5162 νώσαντες,
2539 5094 2654 5147 εἶτα
2712 5092 2806 5146 τὸν
2865 5090 2918 5146 έν
2986 5091 3133 5165 αύτῷ
3186 5092 3551 5165 κρεμασθέντα
3613 5091 3848 5167 Χριστὸν

2196 5187 2542 5261 ἀρνήσαιντο·
2589 5179 2779 5241 δεινῶς
2828 5184 2988 5236 τοῦτο
3036 5181 3126 5236 καὶ
3175 5182 3498 5255 πανούργως
3550 5180 3850 5251 ἐπινοήσας

2196 5278 2223 5331 ὁ
2279 5274 2592 5347 ἀλιτήριος,
2644 5269 2732 5325 ’ἱνα
2788 5276 2889 5339 τῆς
2946 5269 3145 5325 ἐκεῖθεν
3200 5269 3495 5350 ἀσφαλείας
3532 5270 3851 5345 γυμνώσας,

2195 5366 2291 5429 εἴθ’
2359 5364 2500 5418 οὕτω
2565 5366 2665 5429 τῆς
2735 5359 2962 5434 ἰσχυρᾶς
3020 5358 3223 5432 ταύτης
3292 5359 3548 5437 βοηθείας
3612 5359 3851 5433 ἐρήμοις

2195 5454 2343 5510 οὖσιν
2392 5450 2657 5507 ἐπίθοιτο.
2717 5448 2875 5509 Τινὲς
2933 5447 3025 5503 οὖν
3075 5453 3181 5503 τῶν
3235 5453 3330 5504 τοῦ
3392 5452 3591 5525 μιαροῦ
3648 5447 3854 5503 τούτου

2198 5540 2466 5621 βασιλέως
2501 5538 2872 5604 ὑπασπιστῶν,
2913 5536 3249 5611 περιθέοντες
3276 5536 3465 5611 κύγλῳ
3493 5537 3593 5606 τήν
3656 5534 3855 5608 πόλιν,

2190 5638 2257 5693 τὰ
2287 5632 2421 5688 αύτᾶ
2447 5633 2614 5685 ταῦτα
2661 5622 2856 5683 ἐϐόων*
2910 5628 2999 5682 καὶ
3056 5628 3409 5701 πειθομένους
3463 5629 3579 5703 μὶν,
3622 5624 3857 5703 δωρεῶν
