4012 6220
208 302 378 367 1253

1437 311 1909 373 MARTYBIUM
1955 312 2016 372 S.
2062 314 2426 374 ARETH/E.

3477 313 3633 373 1254

205 462 415 542 ἔλεγον
473 467 868 539 ἆξιωθήσεσθαι
933 469 1234 544 βασιλικῶν
1307 469 1397 522 καὶ
1464 472 1663 541 τιμῶνο
1729 471 1886 524 ἀπει-

2000 470 2250 542 quidem,
2284 471 2556 528 dicebant
2605 473 2722 528 fore
2767 478 2832 530 ut
2878 475 3033 531 dona
3062 478 3119 531 et
3157 473 3408 531 honores
3437 491 3470 528 a
3501 487 3638 544 rege

207 560 444 620 θοῦντας
502 555 559 612 δὲ
617 557 706 612 καὶ
763 564 844 630 τῷ
905 558 1183 630 Γαλιλαίῳ
1258 558 1695 634 προσανέχοντας
1753 558 1872 613 ἀντὶ

214 647 532 720 μοναρχίας
589 666 646 700 τε
749 646 1091 720 πολυαρχίαν
1178 646 1508 720 εἰσάγοντας,
1595 648 1725 722 πυρὶ
1783 650 1870 702 καὶ

215 735 475 808 μαχαίρᾳ
526 731 927 805 παραδοθῆναι.
1016 733 1113 788 Καὶ
1195 735 1357 796 αὐτὸς
1432 733 1488 790 δὲ
1547 738 1783 791 Δουναάν
1837 739 1872 806 ἡ

208 821 541 896 πάντολμος
573 822 795 895 γλῶσσα
823 833 911 876 καί
967 825 1135 897 μιαρά
1185 824 1514 898 προσετίθει.
1557 823 1705 894 Μηδ’
1762 827 1879 881 ὁτι-

213 917 313 968 οῦν
348 913 668 985 ἀμῦναιτὸν
710 913 918 981 Ἰησοῦν
970 909 1226 976 δύνασθαι
1277 919 1393 974 τοῖς
1444 914 1547 968 ὑπὸ
1595 915 1692 982 τήν
1740 914 1877 988 ἐμὴν

212 1007 385 1080 χεῖρα
433 1005 811 1076 Χριστιανοῖς,
880 1001 974 1064 οὓς
1042 1003 1276 1065 ἅπαιτας
1344 1004 1433 1057 καὶ
1496 1003 1691 1065 αὐτοὺς
1748 1006 1878 1066 τοὺς

203 1090 433 1145 ἐκείνων
498 1091 662 1164 ἱερεῖς
729 1091 818 1144 καὶ
889 1092 1222 1162 μονάζοντας
1292 1091 1427 1170 ξίφει
1517 1092 1878 1164 κατανήλωσα

205 1179 303 1235 καὶ
336 1179 489 1253 πυρὶ,
529 1176 672 1252 μηδὲ
717 1181 827 1235 τῶν
867 1183 993 1254 παρ’
1043 1181 1275 1244 ἐκείνοις
1326 1183 1645 1260 φεισάμενος
1690 1184 1876 1257 ἱερῶν,

211 1269 310 1323 καὶ
340 1272 429 1322 νῦν
464 1267 721 1324 πλεῖστον
753 1271 876 1325 ὅσον
925 1270 1243 1346 συναγείρας
1298 1272 1543 1345 στρατὸν,
1595 1272 1719 1347 περί
1771 1293 1875 1327 που

215 1356 543 1414 δυοκαίδεκα
589 1357 880 1434 μυριάδας,
929 1362 1079 1437 χειρὶ
1127 1359 1318 1435 πολλῇ
1369 1362 1508 1437 πρὸς
1560 1362 1700 1436 ὑμᾶς
1751 1362 1876 1440 ἀφι-

213 1449 425 1522 κόμην,
455 1447 491 1518 ἤ
523 1451 724 1505 πείσων
759 1451 992 1521 πάντως,
1023 1453 1058 1521 ἢ
1086 1450 1394 1508 ἀπολέσων.

291 1630 366 1686 Δ’.
409 1629 471 1681 Οἱ
521 1625 577 1683 δὲ
625 1635 725 1698 τῆς
773 1629 1011 1692 πόλεως·
1070 1631 1336 1704 Ὁρῶμεν,
1397 1626 1622 1708 ἔφησαν,
1673 1634 1716 1686 ὦ
1777 1634 1876 1708 βα-

214 1715 396 1786 σιλεῦ,
463 1721 532 1782 τῆ
589 1717 810 1794 γλώττῃ
870 1740 926 1774 σε
975 1719 1043 1775 τὰ
1099 1719 1286 1775 πολλά
1344 1721 1726 1795 χαριζόμενον,
1785 1724 1875 1777 καὶ

212 1807 490 1862 ἀσθένειαι
547 1813 626 1879 τῷ
679 1809 829 1881 μόνῳ
885 1813 1003 1882 Θεῷ
1077 1808 1458 1884 περιάπτοντα.
1517 1809 1698 1866 Ἀλλά
1751 1813 1876 1869 Ῥα-
1910 1843 1965 1908 Β

212 1896 398 1969 ψάκης
431 1916 515 1951 σοι
547 1897 764 1959 πάντως
817 1898 844 1951 ὁ
890 1903 984 1952 τοῦ
1035 1901 1389 1974 Σεναχηρεῖμ
1436 1899 1498 1954 οὐ
1556 1902 1751 1974 μικρὸς
1803 1901 1878 1964 εἷς

215 1981 554 2059 ὑπόδειγμα,
586 1986 645 2047 ὃς
677 1986 768 2040 καὶ
799 1985 961 2050 αὐτός
990 2007 1126 2042 ποτε
1160 1988 1300 2042 κατά
1347 1993 1481 2043 Θεοῦ
1527 1989 1882 2064 μεγαλορῥή-

222 2094 368 2146 μονα
411 2071 662 2148 γλῶσσαν
733 2075 910 2150 ἀφεὶς,
969 2075 1095 2138 ὅσας
1153 2077 1403 2133 ἀπώλεσε
1446 2076 1731 2152 μυριάδας,
1790 2081 1878 2134 καὶ

221 2163 375 2224 ὅπως
439 2162 680 2236 ἀνέζευξε
759 2167 872 2237 μετ’
940 2164 1233 2241 αἰσχύνης,
1296 2166 1522 2242 ὀλίγοις
1586 2165 1881 2242 ἄγνωστος.

216 2255 342 2309 ’Ότι
411 2249 466 2307 δὶ
534 2255 887 2328 πολυαρχίαν
955 2251 990 2322 ἤ
1060 2255 1353 2309 πολυθέῖαν
1459 2257 1882 2332 καταγινώσκεις

222 2343 415 2412 ἡμῶν,
465 2342 657 2413 ἡμεῖς,
717 2343 920 2396 ἀνωθεν
978 2344 1067 2397 καὶ
1119 2342 1178 2397 ἐκ
1222 2343 1468 2419 πατέρων
1527 2343 1709 2418 ὣσπερ
1764 2347 1886 2400 τινὰ

217 2430 431 2505 κλῆρον
495 2429 842 2504 ἐκδεξαμενοι
919 2434 1020 2500 τὴν
1114 2429 1409 2504 εὐσέϐειαν,
1477 2434 1540 2489 οὗ
1602 2435 1884 2509 μοσαρχίᾳ

217 2523 646 2593 καταστενοῦμεν
716 2523 966 2591 θεότητα,
1061 2520 1186 2576 οὐδὲ
1279 2522 1508 2598 ἀφθονίᾳ
1568 2525 1880 2596 προσώπων

223 2609 571 2684 πολυαρχίαν
604 2609 914 2686 εἰσάγομεν,
966 2609 1113 2665 ἀλλὰ
1152 2613 1249 2679 τήν
1311 2611 1434 2683 μίαν
1488 2613 1644 2685 φύσιν
1703 2610 1882 2666 ἀδιαι-

224 2701 393 2773 ρέτως
460 2699 536 2761 εἷς
601 2700 723 2773 τρία
791 2697 1122 2774 διαιροῦντες
1179 2702 1464 2775 πρόσωπα.
1529 2703 1736 2770 Πατέρα
1792 2703 1881 2756 καὶ

226 2787 475 2843 Υἱὸνκαὶ
509 2787 658 2864 ἅγιον
702 2792 938 2862 Πνεῦμα·
989 2789 1080 2845 τὸν
1133 2790 1283 2858 Υἱὸν,
1338 2789 1413 2852 εἰς
1461 2791 1518 2846 ὃν
1569 2791 1723 2863 ὑμεῖς
1765 2791 1882 2847 Evn.

228 2872 466 2951 ϐρίζετε,
537 2879 923 2953 ὁμολογοῦμεν
991 2880 1127 2934 κατά
1182 2879 1312 2942 τοὺς
1373 2879 1546 2944 θείους
1617 2879 1885 2955 ἐνανθρω-

229 2970 399 3030 πῆσαι
461 2967 774 3041 χρησμοὺς,
833 2967 922 3022 καὶ
984 2968 1086 3023 ὑπὸ
1143 2974 1250 3023 τῶν
1308 2969 1582 3044 ὑμετέρων
1640 2990 1884 3045 σταυρω-

232 3056 392 3124 θῆναι
436 3056 684 3130 πατέρων
741 3063 841 3126 τῆς
897 3062 1005 3112 τῶν
1063 3059 1312 3113 ἁπάντων
1369 3055 1528 3113 ἕνεκα
1585 3060 1883 3134 σωτηρίας,

232 3143 611 3218 ἀγνοησάντων
693 3150 874 3208 κακῶς
969 3145 1188 3202 ἐκείνων
1256 3148 1319 3202 τὸ
1385 3154 1484 3217 τῆς
1560 3149 1885 3222 οἰκονομίας

239 3236 556 3308 μυστήριον,
603 3233 662 3289 ἐκ
709 3239 913 3308 νεκρῶν
959 3257 1017 3290 τε
1069 3238 1369 3310 τριήμερον
1414 3237 1730 3308 ἀναστῆναι,
1791 3237 1881 3292 καὶ

233 3322 370 3398 πρὸς
425 3322 688 3397 οὐρανοὺς
745 3325 1122 3404 ἀναληιρθῆναι
1179 3325 1366 3398 πάλιν,
1432 3328 1521 3381 καὶ
1590 3326 1681 3382 τὸν
1735 3323 1878 3382 ’ίδιον

233 3411 588 3486 ἀνυψωθῆναι
622 3414 852 3490 Πατέρα.

1988 564 2478 630 consequerentur
2509 578 2522 616 :
2549 561 2641 616 sin
2659 567 2853 618 autem
2879 580 2988 619 non
3016 569 3304 635 parerent,
3329 569 3384 619 et
3401 562 3634 619 Galilzso

1987 649 2244 705 animum
2301 649 2666 718 adhiberent,
2731 668 2834 723 pro
2894 653 3232 708 monarchia
3290 653 3632 707 inducentes

1988 738 2307 794 multorum
2341 739 2758 810 principatum,
2790 741 2911 812 igni
2945 745 3000 796 et
3031 742 3225 812 gladio
3251 743 3632 797 traderentur.

1989 828 2164 884 Porro
2213 832 2405 883 autem
2452 829 2578 900 ipse
2619 845 2853 902 quoque
2903 830 3145 885 Dunaan
3191 831 3548 886 exsecranda
3579 835 3636 886 et

1989 919 2197 974 audaci
2228 917 2434 986 lingua
2463 918 2552 973 his
2579 917 2734 974 falsa
2752 919 3020 990 quaedam
3041 920 3317 986 addebat,
3341 929 3391 974 et
3409 921 3639 990 jactan-

1987 1011 2077 1063 ter
2105 1009 2369 1064 dicebat:
2405 1007 2635 1065 Nullam
2672 1010 2860 1080 potuit
2888 1009 3063 1065 Jesus
3093 1025 3261 1080 opem
3298 1011 3444 1064 ferre
3473 1009 3637 1064 Chri-

1991 1097 2195 1152 stianis
2243 1097 2302 1152 in
2347 1112 2477 1153 mea
2521 1101 2807 1169 potestate
2848 1099 3201 1166 constitutis,
3236 1115 3381 1170 quos
3411 1113 3636 1165 omnes,

1989 1191 2046 1242 et
2073 1185 2235 1258 ipsos
2266 1185 2497 1241 illorum
2530 1189 2861 1243 sacerdotes
2891 1192 2948 1243 et
2999 1187 3317 1244 monachos
3366 1187 3562 1260 gladio
3585 1193 3640 1243 et

1990 1275 2124 1347 igne
2172 1275 2337 1346 prius
2382 1276 2747 1347 consumpsi,
2785 1292 2854 1332 ne
2891 1293 3136 1348 parcens
3169 1277 3407 1348 quidem
3456 1277 3642 1334 sacris

1990 1364 2224 1420 illorum
2256 1365 2489 1436 templis
2523 1381 2535 1420 :
2571 1370 2628 1421 et
2650 1382 2806 1422 nunc
2851 1367 3102 1422 maximo
3133 1370 3330 1422 coacto
3361 1367 3636 1433 exercitu,

1991 1470 2202 1525 nempe
2234 1458 2470 1510 centum
2493 1459 2551 1510 et
2572 1455 2778 1527 viginti
2807 1454 3069 1512 millibus
3091 1456 3412 1525 hominum,
3441 1460 3512 1515 ad
3538 1475 3638 1516 vos

1990 1545 2144 1613 veni,
2174 1549 2276 1600 aut
2305 1545 2545 1603 omnino
2568 1562 2979 1618 persuasurus,
3013 1551 3114 1603 aut
3136 1549 3492 1620 perditurus.

2062 1634 2151 1691 IV.
2194 1635 2359 1692 Cives
2416 1640 2610 1691 autem
2645 1653 2658 1690 :
2692 1635 2991 1704 Videmus,
3024 1637 3318 1705 dixerunt,
3350 1655 3382 1694 ο
3436 1657 3554 1707 rex,
3583 1645 3639 1697 te

1989 1723 2203 1794 linguas
2251 1723 2500 1780 multum
2534 1725 2862 1797 indulgere,
2897 1731 2954 1781 et
2984 1727 3304 1782 attribuere
3330 1727 3638 1785 imbecilli-

1991 1817 2170 1869 tatem
2202 1813 2274 1881 ei,
2309 1814 2411 1886 qui
2467 1820 2552 1870 est
2608 1813 2766 1870 solus
2807 1814 2981 1870 Deus.
3025 1816 3135 1870 Sed
3196 1815 3492 1887 Rapsaces
3521 1819 3639 1874 dux

1987 1902 2275 1959 exercitus
2334 1903 2732 1959 Sennacherib
2793 1921 2908 1960 non
2962 1920 3206 1976 parvum
3256 1905 3364 1960 tibi
3417 1905 3639 1962 dederit

1986 1991 2318 2064 exemplum
2363 1993 2512 2064 :qui
2567 2009 2702 2048 cum
2755 1993 2876 2064 ipse
2935 2010 3171 2066 quoque
3229 1995 3546 2066 aliquando
3578 1996 3637 2051 in

1988 2082 2195 2151 Deum,
2231 2098 2445 2154 magna
2500 2082 2838 2154 loquentem
2871 2088 2926 2139 et
2977 2085 3298 2153 jactantem
3348 2084 3641 2140 vibrasset

1990 2172 2277 2242 linguam,
2309 2172 2464 2243 quod
2497 2172 2803 2227 hominum
2835 2172 3018 2228 millia
3051 2173 3470 2244 perdiderit,et
3502 2189 3634 2230 cum

1990 2265 2206 2331 quanto
2239 2261 2518 2317 dedecore
2541 2262 2867 2328 recesserit,
2884 2261 3054 2332 pauci
3077 2263 3327 2333 suntqui
3352 2263 3638 2319 nesciant.

1991 2351 2154 2415 Quod
2187 2355 2378 2406 autem
2409 2367 2515 2406 nos
2544 2365 2810 2419 accusas,
2843 2352 2994 2421 quod
3059 2351 3376 2407 multorum
3429 2352 3640 2422 princi-

1991 2442 2217 2510 patum,
2248 2443 2306 2493 et
2336 2437 2554 2494 multos
2585 2440 2725 2494 deos
2758 2439 3127 2505 inducamus,
3155 2456 3284 2507 nos,
3319 2440 3418 2510 qui
3447 2439 3646 2497 multis

1991 2527 2205 2583 abhinc
2228 2526 2478 2590 saeculis,
2504 2534 2782 2598 tanquam
2816 2527 3233 2597 hereditatem,
3258 2546 3291 2583 a
3317 2530 3645 2598 majoribus

1991 2631 2186 2674 veram
2235 2614 2569 2687 accepimus
2619 2615 2982 2686 religionem,
3042 2633 3146 2672 nec
3208 2618 3552 2673 monarchia
3585 2619 3644 2674 in

1990 2707 2214 2759 erctum
2239 2701 2590 2757 adducimus
2609 2701 3002 2770 divinitatem,
3018 2719 3123 2758 nec
3140 2703 3499 2759 abundantia
3524 2721 3644 2776 per-

1992 2805 2268 2845 sonarum
2300 2787 2636 2843 inducimus
2687 2786 3006 2843 multorum
3060 2789 3496 2860 principatum:
3539 2791 3640 2846 sed

1992 2894 2169 2934 uuam
2219 2881 2487 2932 naturam
2533 2875 2679 2933 citra
2725 2876 3068 2932 divisionem
3109 2878 3172 2933 in
3211 2881 3327 2934 tres
3369 2895 3645 2950 personas

1993 2968 2338 3033 dividentes,
2366 2971 2610 3033 Patrem,
2634 2974 2686 3022 et
2719 2965 2954 3033 Filium,
2988 2973 3039 3022 et
3063 2966 3340 3038 Spiritum
3371 2973 3642 3024 sanctum

1992 3057 2340 3113 confitemur
2375 3071 2386 3110 :
2425 3055 2630 3110 Filium
2675 3071 2804 3112 vero
2848 3055 3062 3125 ipsum,
3103 3071 3272 3125 quem
3305 3073 3404 3112 vos
3437 3061 3641 3112 contu-

1995 3145 2187 3202 meliis
2217 3144 2528 3213 incessitis,
2571 3145 2867 3200 hominem
2899 3161 3028 3201 esse
3059 3145 3299 3211 factum,
3345 3150 3409 3200 ut
3439 3147 3635 3203 divina

1993 3235 2380 3307 praedixerunt
2410 3249 2711 3304 responsa,
2737 3240 2794 3289 et
2811 3250 2844 3288 a
2865 3235 3069 3289 vestris
3089 3234 3410 3305 majoribus
3443 3240 3639 3292 actum

1995 3325 2169 3381 fuisse
2200 3325 2259 3380 in
2292 3340 2522 3378 crucem
2554 3327 2788 3394 propter
2808 3323 3052 3379 salutem
3087 3324 3376 3391 omnium,
3399 3342 3528 3379 cum
3553 3325 3636 3382 illi

1994 3417 2142 3473 male
2165 3416 2536 3488 ignorassent
2558 3414 3017 3485 dispensationis
3037 3415 3244 3470 divinae
3269 3415 3636 3487 mysterium,

242 3510 296 3559 et
343 3506 511 3560 tertio
569 3506 661 3561 die
706 3508 1092 3565 resurrexisse
1138 3527 1172 3565 a
1225 3510 1493 3579 mortuis,
1517 3514 1573 3567 et
1623 3525 1819 3566 rursus
1858 3511 1928 3568 ad
1963 3511 2174 3565 coelum
2205 3504 2557 3571 ascendisse,
2590 3508 2646 3559 et
2675 3503 2734 3558 in
2785 3503 2969 3559 altum
3021 3504 3312 3560 sublatum
3352 3507 3533 3561 fuisse
3564 3507 3636 3562 ad

239 3613 410 3652 suum
446 3598 696 3665 Patrem,
729 3608 782 3653 et
813 3599 1124 3668 credimus,
1156 3605 1212 3655 et
1243 3601 1650 3672 praedicamus.

310 3687 384 3742 E'.
418 3687 508 3755 Μή
561 3685 904 3762 ἀνασχομένη
954 3687 1132 3744 τοίνυν
1181 3688 1256 3744 ἔτι
1306 3694 1413 3745 τῶν
1465 3691 1623 3764 ἱερῶν
1676 3691 1882 3746 τούτων

240 3774 450 3829 ἀκούειν
484 3773 667 3849 λόγων
718 3779 751 3846 ἡ
807 3773 1046 3852 βέϐηλος
1101 3780 1258 3847 ἀκοὴ,
1325 3774 1487 3855 ἔργου
1538 3779 1739 3854 ε’ἰχετο.
1793 3780 1890 3835 Καὶ

242 3861 308 3932 δὴ
365 3864 502 3938 πρὸς
563 3863 892 3940 πολιορκίαν
945 3870 1309 3942 τραπόμενος,
1394 3873 1565 3923 πᾶσαν
1635 3868 1889 3924 ἑλέπολιν

246 3953 404 4008 ἐκίνει
461 3956 597 4008 κατά
662 3957 760 4023 τῆς
820 3955 1060 4025 πόλεως,
1119 3956 1378 4036 ἀσφαλῶς
1462 3960 1557 4020 τὰς
1620 3955 1894 4028 διεξόδους

245 4043 516 4116 φρουρῶν,
549 4042 638 4097 καὶ
689 4044 944 4117 οἰόμενος
993 4047 1118 4106 τοὺς
1160 4043 1306 4101 ἔνδον
1350 4045 1693 4120 πολυημέρῳ
1742 4045 1894 4120 λιμῷ

242 4132 706 4204 παραστήσασθαι·
749 4132 887 4195 Τοῦς
935 4155 994 4188 τε
1042 4133 1092 4187 ἐν
1148 4134 1335 4209 ἀγροῖς
1392 4136 1482 4190 καὶ
1549 4137 1890 4210 προαστείοις

245 4219 600 4292 Χριστιανοὺς
660 4223 862 4284 πάντας
933 4223 1249 4301 συναγαγὼν
1337 4228 1428 4286 οῦς
1499 4226 1592 4296 μὲν
1658 4223 1890 4292 ἀνεῖλεν,

249 4307 340 4370 οὓς
385 4305 442 4362 δὲ
489 4315 604 4371 τοῖς
654 4311 740 4366 ὑπ’
786 4313 948 4367 αὑτὸν
1004 4314 1139 4389 πρὸς
1200 4311 1448 4368 δουλείαν
1511 4311 1762 4372 ἀπέδοτο.
1805 4316 1893 4377 Ὠς

249 4397 306 4453 δὲ
337 4397 476 4470 πρὸς
523 4397 694 4454 πάντα
745 4400 1008 4474 γενναίως
1057 4403 1107 4456 οἱ
1167 4399 1405 4465 εὐσεϐεῖς
1463 4402 1686 4458 πολῖται
1745 4403 1897 4475 ἠμύ-

249 4510 428 4559 νοντο,
487 4489 576 4544 ὅτε
630 4490 838 4566 χρόνος
894 4489 1216 4564 τριϐόμενος
1272 4487 1552 4565 ἤμϐλυνεν
1598 4491 1744 4564 αὐτῷ
1799 4492 1896 4554 τὰς

2063 3689 2128 3747 ν.
2161 3688 2286 3744 Non
2317 3687 2674 3744 sustinentes
2706 3690 2900 3743 autem
2920 3686 3026 3743 hos
3061 3702 3257 3743 sacros
3290 3687 3491 3740 audire
3524 3703 3642 3743 ser-

1997 3793 2199 3834 mones
2226 3793 2397 3831 aures
2428 3776 2699 3847 profanae,
2743 3776 2812 3830 ad
2850 3774 2999 3830 facta
3029 3792 3091 3831 se
3113 3775 3506 3831 contulerunt.
3532 3774 3640 3830 lla-

1997 3883 2110 3939 que
2140 3866 2211 3921 ad
2234 3866 2622 3921 obsidendum
2652 3881 2748 3920 rex
2770 3881 3085 3921 conversus
3109 3865 3420 3931 civitatem,
3447 3864 3645 3918 adver-

1997 3973 2096 4012 sus
2136 3971 2262 4010 eam
2306 3955 2577 4011 movebat
2615 3970 2818 4010 omnes
2860 3953 3185 4019 machinas,
3217 3969 3421 4008 omnes
3451 3953 3643 4008 exitus

1998 4047 2306 4118 diligenter
2343 4047 2672 4103 custodiens
2701 4050 2758 4102 et
2805 4047 3101 4113 muniens,
3127 4050 3183 4100 et
3207 4050 3418 4116 putans
3441 4047 3560 4100 fore
3583 4047 3649 4100 ut

1999 4137 2318 4193 multorum
2361 4137 2582 4193 dierum
2613 4136 2764 4191 fame
2794 4152 2892 4192 eos
2923 4135 2982 4192 in
3015 4152 3179 4191 suam
3221 4135 3512 4206 redigeret
3542 4150 3646 4205 po-

1998 4231 2288 4282 testatem.
2322 4225 2545 4281 Etcum
2569 4225 2898 4296 collegisset
2919 4241 3124 4280 omnes
3145 4223 3527 4290 Christianos,
3546 4221 3648 4294 qui

1999 4320 2165 4371 erant
2188 4314 2245 4370 in
2278 4316 2434 4385 agris
2466 4319 2523 4370 et
2550 4313 3037 4381 suburbiis,alios
3061 4313 3295 4385 quidem
3333 4313 3646 4379 interemit,

2002 4403 2146 4458 alios
2177 4418 2310 4457 vero
2342 4401 2434 4468 iis,
2469 4402 2570 4473 qui
2601 4405 2769 4456 erant
2791 4402 2850 4456 iu
2872 4401 3000 4471 ejus
3031 4401 3274 4471 ditione,
3301 4402 3555 4457 vendidit
3584 4401 3644 4454 in

2000 4494 2360 4549 servitutem.
2395 4496 2532 4548 Cum
2564 4500 2755 4548 autem
2783 4492 2861 4564 pii
2881 4493 3033 4548 cives
3055 4508 3118 4547 se
3141 4493 3420 4546 adversus
3451 4489 3649 4545 omnia

249 4577 491 4647 ἐλπίδας,
552 4576 703 4649 δόλῳ
780 4580 879 4646 τὴν
937 4579 1138 4633 ἅλωσιν
1205 4580 1453 4636 ὑπελθεῖν
1539 4580 1734 4655 ἐκρινε,
1801 4581 1887 4636 καὶ

2006 4583 2231 4640 fortiter
2260 4583 2658 4650 defenderent,
2689 4587 2746 4638 et
2788 4589 3017 4652 tempus
3045 4582 3199 4652 quod
3230 4580 3536 4644 terebatur,
3562 4583 3648 4650 ty-

253 4669 420 4741 μόνην
453 4671 551 4736 τὴν
601 4667 678 4728 εἷς
726 4670 824 4738 τήν
872 4663 1033 4722 πόλιν
1087 4669 1229 4724 αἰτεῖ
1284 4668 1520 4742 πάροδον
1578 4673 1714 4725 κατᾶ
1772 4672 1893 4725 θέαν

253 4756 404 4825 δῆθεν
455 4761 563 4812 τῶν
615 4755 666 4811 ἐν
717 4756 874 4830 αὐτῇ·
925 4754 1181 4834 φοϐεροῖς
1231 4761 1492 4832 πρότερον
1549 4761 1894 4838 χρησάμενος

253 4847 454 4920 ὅρκοις,
505 4846 594 4902 καὶ
658 4848 819 4920 μέσον
876 4851 1150 4922 παρενθεῖς
1205 4853 1312 4903 τῶν
1369 4848 1682 4925 λεγομένων
1738 4852 1898 4906 αὐτὸν

252 4937 338 4991 τὸν
366 4940 464 4992 τοῦ
505 4931 677 5009 νόμου
715 4937 866 5003 Θεὸν,
913 4937 987 4999 ὡς
1047 4935 1172 4992 οὔτε
1227 4959 1277 4993 τι
1327 4937 1492 4993 πλέον
1543 4939 1741 5000 αὐτοὺς
1791 4946 1896 4995 τῶν

257 5028 499 5096 συνήθων
541 5023 756 5099 δρᾶσαι,
801 5024 924 5082 οὔτε
974 5030 1082 5100 μὴν
1137 5029 1197 5082 τὸ
1255 5030 1482 5102 πάτριον
1543 5027 1897 5102 ἐξομόσασθαι

257 5110 411 5175 σϐέας
465 5115 874 5190 καταναγκάσει,
929 5115 1053 5172 οὐδὲ
1100 5118 1262 5170 κακόν
1297 5139 1348 5171 τι
1392 5115 1575 5190 ἓτερον
1631 5120 1826 5191 μικρὸν
1865 5116 1899 5186 ἤ

261 5209 442 5278 μεῖζον
492 5203 770 5279 ἐργάσεται
819 5210 1039 5277 τούτου,
1088 5203 1233 5260 ἀλλά
1281 5205 1453 5279 μόνης
1502 5227 1557 5260 τε
1605 5205 1903 5261 ἀπολαύσει

255 5300 361 5350 τῶν
405 5291 457 5348 ἐν
507 5298 578 5366 τῇ
621 5295 782 5350 πόλει
845 5297 987 5367 θέας,
1043 5295 1130 5352 καἲ
1191 5298 1282 5352 τὸν
1338 5297 1551 5368 ἐτήσιον
1612 5293 1905 5352 ἀπολαϐὼν

261 5385 444 5460 φόρον,
505 5384 565 5445 ὃς
622 5383 712 5438 καὶ
771 5387 962 5458 πρώην
1023 5383 1256 5457 ἐδίδοτο,
1317 5385 1428 5440 εἶτα
1497 5385 1695 5450 ἐκεῖθεν
1753 5386 1908 5451 εὐθὺς

266 5471 572 5542 ὑπεξέλθοι.

331 5658 394 5715 ς’.
454 5653 635 5710 Ταῦτα
692 5651 881 5725 είπὼν,
938 5653 1027 5708 καὶ
1086 5650 1401 5726 διαθέμενος
1457 5656 1551 5717 τὰς
1619 5654 1906 5725 συνθήκας,

2005 4691 2189 4730 ranno
2230 4689 2390 4743 spem
2427 4672 2779 4729 reddidisset
2825 4672 2990 4727 valde
3021 4670 3250 4736 exilem,
3285 4670 3489 4724 statuit
3519 4667 3650 4724 dolo

2006 4780 2212 4835 capere
2265 4762 2578 4819 civitatem.
2616 4763 2816 4832 Itaque
2850 4762 2986 4832 petit
3018 4765 3081 4815 ut
3113 4759 3163 4815 ei
3196 4758 3394 4814 liceret
3423 4757 3650 4827 ingredi

2008 4853 2318 4920 civitatem,
2352 4860 2412 4906 ut
2465 4851 2688 4906 videret
2733 4851 2957 4906 scilicet
3015 4867 3102 4917 ea,
3147 4865 3273 4920 quae
3330 4848 3408 4903 ibi
3466 4851 3651 4916 erant,

2010 4941 2167 5011 prius
2216 4939 2464 4996 terribili
2499 4939 2720 5010 prolato
2748 4940 3155 5011 jurejurando.
3190 4942 3245 4992 et
3275 4936 3369 5004 iis,
3403 4952 3529 5007 quas
3561 4935 3654 4990 di-

2011 5031 2306 5096 cebantur,
2339 5029 2682 5102 interposito
2724 5030 2852 5100 ipso
2901 5028 3044 5100 legis
3091 5028 3230 5096 Deo,
3277 5041 3338 5081 se
3392 5025 3538 5080 nihil
3569 5025 3653 5080 eis

2012 5134 2139 5174 esse
2173 5119 2459 5173 facturum
2494 5123 2700 5190 prmter
2733 5135 2820 5187 ea,
2844 5135 2973 5190 quae
2997 5119 3412 5172 consueverant
3434 5131 3447 5168 :
3469 5129 3653 5186 neque

2013 5215 2348 5263 coacturum
2374 5213 2437 5262 ut
2460 5208 2705 5278 patriam
2730 5207 3064 5278 abjurarent
3086 5205 3441 5277 religionem:
3466 5220 3656 5276 neque

2015 5297 2252 5369 aliquod
2277 5297 2432 5353 aliud
2467 5297 2689 5353 malum
2710 5313 3007 5368 magnum,
3030 5298 3128 5350 aut
3150 5311 3388 5366 parvum
3419 5293 3502 5350 eis
3525 5311 3655 5351 esse

2016 5387 2331 5452 facturum,
2364 5387 2462 5441 sed
2522 5386 2712 5441 solum
2747 5403 2811 5441 ea
2842 5385 3123 5453 visurum,
3156 5401 3287 5456 quas
3317 5383 3542 5440 suntin
3571 5384 3653 5439 ci-

2015 5476 2190 5532 vitate
2215 5481 2307 5544 ;et
2336 5492 2600 5531 annuum
2620 5475 2900 5531 tributum
2927 5478 3303 5547 accepturum
3316 5475 3466 5545 quod
3490 5475 3654 5546 prius

2017 5566 2292 5622 dabatur:
2326 5565 2535 5622 deinde
2560 5570 2754 5622 autem
2778 5565 3012 5622 seillinc
3034 5565 3227 5622 statim
3253 5579 3652 5622 excessurum.

2086 5654 2180 5709 VI.
2216 5654 2345 5712 Hec
2394 5671 2528 5711 cum
2559 5655 2820 5724 dixisset,
2864 5660 2920 5711 et
2951 5659 3120 5728 pacta
3175 5661 3451 5713 conventa
3493 5655 3655 5713 iniis-
