4012 6220
448 243 603 304 1255
1786 223 2069 287 MENSIS
2113 222 2491 287 OCTOBER.
2632 186 2653 221 Χ
3652 239 3759 301 ηδε
3862 46 3899 305 Ι

439 412 549 476 set,
571 408 625 461 et
657 404 1022 475 postremum
1048 395 1313 469 jurasset
1349 390 1794 463 jusjurandum,
1837 403 2023 459 persu:

2317 386 2662 451 τελευταίους
2699 389 2960 464 ὑποσχὼν
3008 391 3229 465 ὅρκους,
3275 392 3441 457 πείθει
3495 396 3606 458 τοὺς
3644 396 3684 452 ἓν
3715 405 3763 472 τῇ
3884 369 3888 399 1

433 466 788 562 ᾶθίὶἱείᾳυί
821 492 959 544 sunt
998 486 1059 541 in
1105 482 1361 547 civitate,
1392 498 1526 536 cum
1576 479 1690 534 Deo
1748 478 2017 532 universu

2198 476 2379 531 πόλει.
2443 482 2560 550 Θεῷ
2616 480 2679 533 τὸ
2738 485 2842 533 πᾶν
2902 480 3294 555 ἐπιτρέψαντας
3350 488 3425 555 τῷ
3492 490 3586 539 τῶν
3641 466 3764 561 ὅρκων

436 583 859 658 permisissent,
894 578 997 648 qui
1028 579 1119 632 est
1148 572 1317 628 testis
1349 568 1719 636 sacramenti,
1753 570 1810 621 et
1842 566 1952 621 hoc
1991 581 2017 620 s

2202 569 2455 642 μάρτυρι,
2524 567 2613 622 καὶ
2681 573 2847 623 τοῦτο
2917 570 3243 633 ὑπειπόντας
3304 574 3483 645 μόνον,
3559 575 3631 630 ὅτι
3676 580 3764 639 Τοῖς

436 654 560 733 ium
594 671 899 736 dixissent,
934 665 1174 737 regibus
1197 677 1304 717 nos
1335 662 1536 716 cedere
1566 656 1901 713 didicimus.
1924 655 2020 718 Οω

2202 655 2513 731 βασιλεῦσιν
2547 657 2784 712 ὑπείκειν
2840 658 3138 732 έμαθομεν,
3203 662 3295 715 καὶ
3354 663 3446 730 ὡς,
3500 662 3562 719 Εἴ
3603 686 3645 719 τι
3690 672 3766 720 τῶν

440 766 490 822 si
542 768 603 819 tu
662 776 829 817 secus
885 754 1157 813 statueris
1206 752 1416 815 facere,
1460 764 1632 817 quam
1666 746 1836 803 nobis
1867 745 2024 801 dixis

2196 747 2335 820 πρὸς
2402 749 2550 819 ἡμᾶς
2618 745 2801 822 λόγων
2872 746 3035 810 οὗτος
3124 745 3610 822 μεταϐουλεύσεται,
3663 754 3768 809 am

443 856 619 922 Deus,
671 851 767 922 qui
827 852 914 903 est
972 848 1269 917 spectator
1295 838 1707 911 jurisjurandi,
1750 838 1804 892 id
1848 834 2027 892 omnii

2198 836 2328 899 Θεὸς
2368 835 2527 891 αὺτὸν
2577 836 2790 899 πάντως
2840 839 2866 893 ὁ
2911 844 3018 893 τῶν
3069 838 3249 913 ὅρκων
3300 835 3488 916 ἔφορος
3531 843 3767 915 ἀμυνεῖται,

438 943 779 1007 ulciscetur,
836 951 1029 1006 neque
1081 933 1177 987 diu
1237 930 1462 985 differet
1517 928 1858 983 vindictam.
1908 924 2022 979 Nolc

2197 924 2287 979 καὶ
2320 927 2383 980 οὐ
2418 923 2618 1000 βραδὺς
2647 924 2793 981 ἔσται
2842 928 2979 1001 πρὸς
3018 929 3118 996 τὴν
3169 927 3464 999 ἐκδίκησιν.
3506 933 3646 1004 Ἡμῖν
3681 934 3769 1008 γὰρ,

442 1032 623 1097 enim,
656 1028 926 1083 dicebant
977 1041 1009 1079 ο
1048 1020 1276 1077 Christe
1316 1017 1599 1085 Salvator,
1646 1021 1702 1071 et
1741 1015 1849 1071 Fili
1882 1013 2001 1080 Dei,

2199 1013 2243 1067 ὦ
2276 1019 2481 1088 Σῶτερ,
2517 1013 2725 1090 ἔλεγον,
2760 1018 2979 1093 Χριστέ,
3021 1018 3111 1073 καὶ
3158 1020 3290 1073 Θεοῦ
3343 1019 3430 1074 Υἱὲ
3477 1020 3558 1074 καὶ
3602 1023 3695 1092 Osi,
3732 1027 3772 1077 τὸ

453 1122 623 1185 Deus,
686 1133 789 1189 pro
842 1119 900 1169 te
956 1112 1041 1165 vel
1101 1109 1369 1166 omnibus
1429 1105 1644 1178 privari
1692 1103 2032 1161 facultatibu

2202 1103 2333 1176 ὑπὲρ
2366 1108 2460 1158 σοῦ
2499 1106 2585 1159 καὶ
2632 1106 2947 1181 περιουσίας
2993 1108 3171 1175 πάσης
3230 1110 3544 1181 στερηθῆναι
3588 1110 3663 1163 καὶ
3703 1119 3774 1179 τῆς

448 1214 625 1280 atque
670 1207 811 1261 adeo
861 1202 986 1273 ipsa
1027 1200 1164 1266 vita,
1199 1214 1316 1254 non
1353 1196 1473 1251 leve
1502 1200 1592 1251 est
1642 1194 1893 1249 lucrum.
1926 1192 2032 1246 Abs

2203 1198 2346 1263 ζωῆς
2414 1193 2602 1269 κέρδος
2658 1198 2791 1252 αὐτὸ
2856 1197 3047 1273 τυχόν.
3130 1196 3287 1269 Μηδὲ
3352 1205 3556 1273 γένοιτο
3619 1202 3672 1256 τὸ
3714 1204 3776 1257 σὸν

444 1302 662 1365 autem,
697 1298 759 1348 ut
784 1297 946 1347 tuum
980 1305 1192 1344 nomen
1225 1301 1530 1358 negemus,
1568 1286 1630 1339 ut
1650 1287 1737 1339 est
1770 1282 2020 1353 impioru

2199 1284 2347 1355 ἡμᾶς
2380 1285 2784 1359 ἄππρνήσασθαι
2817 1288 3011 1360 ὄνομα,
3070 1288 3145 1350 ὠς
3195 1292 3310 1349 τοῖς
3364 1284 3570 1344 ἀσεϐέσι
3608 1290 3776 1357 σκοπὸς,

444 1386 785 1442 institutum
809 1383 822 1436 ι
849 1397 951 1436 nec
984 1379 1033 1434 si
1074 1377 1191 1433 tale
1221 1375 1360 1447 quid
1393 1373 1725 1437 fecerimus,
1751 1387 1877 1437 nos,
1910 1386 1941 1423 ο
1973 1385 2028 1424 sc

2204 1370 2344 1444 μηδὲ
2434 1375 2683 1429 τοιοῦτον
2766 1375 3297 1451 καταπραξαμένους,
3369 1377 3413 1431 ὦ
3477 1377 3614 1448 ἢλιε,
3677 1377 3780 1441 ’ἴδοις

445 1474 716 1547 aspicias.
752 1472 888 1535 Quae
938 1467 1117 1525 simul
1151 1474 1326 1536 atque
1356 1463 1663 1529 dixissent,
1698 1465 1848 1517 totas
1891 1463 2029 1531 porti

2200 1466 2368 1535 ἡμᾶς.
2413 1465 2514 1519 Καὶ
2569 1460 2681 1538 ἅμα
2739 1465 2993 1542 λέγοντες
3047 1466 3179 1529 ὅλας
3250 1468 3546 1523 ἀναπετῶσι
3589 1471 3670 1531 τὰς
3711 1471 3777 1523 πύ-

446 1546 713 1635 aperiunt
745 1564 802 1616 et
829 1560 983 1613 intra
1006 1558 1197 1628 ipsam
1231 1555 1547 1614 civitatem,
1582 1558 1857 1621 tanquam
1884 1546 2025 1619 lupu

2201 1549 2320 1621 λας,
2353 1552 2441 1607 καὶ
2474 1554 2644 1623 αὐτῆς
2672 1550 2820 1609 ἔνδον
2868 1563 2971 1625 τῆς
3016 1556 3236 1619 πόλεως
3286 1557 3361 1618 ὡς
3393 1557 3444 1612 έν
3483 1562 3623 1630 σηκῷ
3658 1556 3777 1613 λύκον

447 1655 508 1709 in
542 1650 859 1719 stabulum,
907 1645 1126 1702 malum
1160 1658 1348 1712 regem
1389 1640 1723 1697 admittunt.
1758 1637 1859 1693 Ille
1892 1641 2026 1693 aute

2198 1642 2291 1697 τὸν
2319 1643 2558 1718 πονηρὸν
2602 1641 2937 1722 εἶσδέχονται
2992 1645 3240 1720 βασιλέα.
3272 1646 3333 1703 Ὀ
3366 1644 3445 1716 δὲ,
3491 1648 3576 1701 καὶ
3618 1654 3781 1721 σχῆμα,

450 1758 583 1798 cum
617 1744 673 1795 et
720 1738 989 1809 figuram,
1024 1736 1081 1789 et
1130 1731 1328 1795 situm,
1372 1733 1429 1785 et
1478 1727 1639 1784 illam
1670 1726 1919 1783 civitatis
1968 1724 2034 1781 Ιαι

2200 1732 2290 1787 καὶ
2358 1730 2523 1802 θέσιν,
2580 1734 2669 1787 καὶ
2724 1734 2787 1788 τὸ
2834 1732 3267 1810 πολυάνθρωπον
3345 1734 3517 1790 ἐκεῖνο
3588 1743 3672 1805 τῆς

452 1832 649 1886 dasset
679 1823 1087 1896 frequentiam,
1109 1830 1165 1877 et
1188 1820 1398 1875 civium
1432 1832 1667 1889 quoque
1698 1815 2036 1888 Splendoren

2203 1821 2341 1883 λεως
2373 1822 2447 1885 ὼς
2495 1819 2551 1876 δὲ
2597 1822 2685 1877 καὶ
2752 1826 2815 1877 τὸ
2880 1825 3165 1898 περιφανὲς
3219 1829 3329 1879 τῶν
3385 1823 3616 1879 πολιτῶν
3664 1824 3785 1878 ἐπαι-

448 1933 724 1990 egressus
780 1917 885 1980 est,
946 1912 1006 1966 in
1050 1926 1168 1978 eos,
1230 1908 1331 1979 qui
1385 1906 1729 1962 habitabant
1777 1905 2032 1961 civitate:

2204 1912 2376 1982 νέσας,
2426 1911 2591 1986 ἐξῄει,
2637 1908 2778 1966 δεινὰ
2826 1915 2942 1967 κατ’
2994 1913 3174 1969 αὐτῶν
3233 1912 3336 1987 ἄρα
3380 1917 3488 1967 τῶν
3534 1915 3621 1982 τήν
3666 1914 3788 1966 πόλιν

450 2010 649 2082 gravia
678 2021 939 2070 versans,
983 2008 1047 2058 ut
1078 1999 1352 2056 indicavit
1408 1997 1616 2064 exitus,
1656 1996 2034 2067 jusjurandur

2206 1997 2494 2053 οἰκούντων
2561 1999 2635 2059 ὡς
2702 1997 2764 2052 τὸ
2830 1998 2995 2071 πέρας
3062 1995 3247 2069 ἔδειξε,
3317 1997 3577 2074 στρέφων,
3640 2000 3790 2069 ὅρκους

446 2104 505 2155 et
538 2102 707 2169 pacta
747 2096 1054 2158 conventa,
1085 2098 1139 2145 et
1188 2103 1549 2158 quaecunque
1580 2086 1689 2140 alia
1720 2086 1803 2140 eis
1848 2084 2030 2154 praebe

2212 2086 2291 2141 mi
2358 2088 2647 2157 συνθήκας,
2712 2086 2801 2140 καὶ
2865 2086 2963 2141 ὅσα
3025 2083 3172 2142 ἄλλα
3236 2089 3371 2161 πρὸς
3429 2087 3596 2142 πίστιν
3655 2085 3796 2146 αὐτοῖς

447 2190 517 2244 ad
554 2187 725 2241 ﬁdem
774 2180 1122 2245 faciendam,
1160 2194 1225 2234 ea
1268 2192 1394 2232 esse
1433 2176 1777 2231 existimans
1810 2173 2029 2246 puerile

2211 2176 2529 2251 παρέσχετο,
2587 2172 2796 2230 παίδων
2857 2176 3066 2247 ἀπάτην
3123 2175 3253 2231 εἶναι
3300 2177 3551 2249 νομέσάς,
3588 2177 3667 2229 καὶ
3714 2173 3795 2241 ἤδη

444 2276 867 2343 deceptionem.
2202 2267 2337 2339 πρὸς
2368 2265 2680 2341 ἀνατροπὴν
2714 2263 2887 2319 αὒτῶν
2917 2267 3485 2339 παρασκευαζόμενος.

519 2363 637 2417 VII.
653 2360 797 2415 Cum
822 2361 1015 2414 autem
1033 2356 1160 2427 jam
1185 2371 1247 2411 se
1269 2358 1500 2425 pararet
1521 2354 1588 2409 ad
1613 2369 1712 2409 eos
1734 2352 2091 2421 evertendas,

2274 2356 2343 2409 Z'.
2374 2356 2576 2418 ’Ὲωθεν
2638 2355 2727 2408 οὗν
2780 2355 2890 2426 ἅμα
2940 2354 3079 2430 φωτὶ
3130 2353 3230 2424 ἔξω
3276 2360 3491 2430 τενχῶν
3542 2356 3634 2422 τήν
3673 2350 3800 2407 πόλιν

446 2455 614 2507 vocat
669 2452 831 2505 extra
887 2446 1205 2502 civitatem.
1267 2445 1518 2499 Aderant
1574 2459 1707 2498 vero
1764 2442 2030 2515 quicunqi

2219 2445 2403 2498 κάλει·
2461 2444 2550 2498 καὶ
2598 2450 2841 2517 παρῆσαν
2903 2442 3021 2497 ὅσοι
3079 2443 3305 2516 πΛούτῳ
3348 2444 3443 2498 καὶ
3504 2442 3621 2515 δόξῃ
3665 2440 3803 2517 διασέ-

446 2545 613 2598 erant
644 2539 908 2609 insignes
941 2536 1151 2606 opibus
1182 2543 1233 2589 et
1264 2532 1468 2605 gloria.
1502 2533 1621 2587 Prte
1644 2532 1866 2588 caateris
1898 2537 2029 2587 aute

2220 2554 2385 2595 >οντες
2417 2536 2568 2602 ἦσαν·
2624 2532 2713 2587 καὶ
2770 2533 2875 2606 πρὸ
2922 2537 3029 2588 τῶν
3081 2531 3269 2588 ἄλλων
3316 2532 3483 2595 αὐτὸς
3514 2533 3651 2587 ὁκαὶ
3702 2532 3804 2585 πάν-

445 2632 518 2697 is,
546 2629 647 2701 qui
679 2634 735 2682 et
766 2625 996 2692 canitie,
1030 2628 1086 2681 et
1116 2624 1424 2695 sapientia,
1458 2625 1515 2677 et
1545 2638 1773 2677 morum
1806 2622 2029 2677 modest

2219 2645 2308 2678 ξων
2336 2622 2508 2693 πολιᾷ
2545 2623 2635 2677 καὶ
2693 2622 2916 2692 συνέσει,
2968 2621 3057 2676 καὶ
3102 2622 3181 2694 τῷ
3234 2627 3342 2676 τῶν
3395 2624 3546 2692 ἠθῶν
3597 2621 3803 2692 εὐκόσμῳ

440 2725 564 2776 erat
621 2714 1165 2787 praetentissimus,
1199 2712 1460 2780 divinus,
1510 2711 1778 2782 inquam,
1823 2712 2024 2766 Arethz

2223 2714 2632 2790 ἰιαφορώτατος,
2677 2710 2898 2787 Ἀρέθας
2950 2712 2978 2765 ὁ
3032 2712 3198 2777 θεῖος,
3248 2711 3420 2789 φημὶ,
3472 2713 3499 2765 ὁ
3546 2712 3630 2765 καὶ
3676 2710 3807 2775 adtigi

443 2810 536 2867 cui
586 2809 699 2880 ipsi
741 2820 972 2877 quoque
1015 2804 1208 2858 fuerat
1236 2801 1555 2857 commissa
1601 2800 1775 2855 rectio
1819 2800 2027 2855 civitati

2225 2803 2379 2871 ῖήπου
2421 2804 2520 2871 τήν
2572 2802 2750 2876 ἀρχὴν
2809 2809 2910 2871 τῆς
2963 2800 3178 2863 πόλεως
3229 2800 3714 2878 ἐγκεχειρισμένος.
3762 2800 3809 2855 Oi

441 2901 657 2956 Omnes
708 2897 889 2969 igitur
922 2891 1431 2958 commendabant,
1474 2888 1849 2956 extollebant,
1902 2888 2025 2943 lauri

2228 2893 2291 2945 Lai
2357 2892 2491 2959 ἦσαν
2562 2890 2977 2960 ἐπιθειάζοντες,
3076 2889 3474 2968 εὐφημοῦντες,
3541 2891 3625 2944 καὶ
3681 2893 3812 2943 πᾶσιν

443 2990 663 3057 husque
696 2983 1091 3048 celebrabant,
1116 2986 1174 3035 et
1194 2995 1429 3034 omnem
1453 2979 1732 3034 honorem
1758 2978 2025 3033 tribueba

2227 2979 2750 3054 ἰμῆνᾶπονέμοντες
2779 2985 2859 3050 τῷ
2910 2977 3159 3034 δοκοῦντι
3214 2986 3425 3053 σωτῆρι
3481 2979 3571 3034 καὶ
3622 2976 3811 3052 βασιλεῖ.

442 3078 516 3145 ei,
561 3076 660 3147 qui
709 3073 1020 3128 videbatur
1062 3085 1191 3123 esse
1234 3073 1489 3123 servator
1519 3072 1574 3122 et
1604 3083 1720 3121 rex.
1756 3066 1856 3121 Ille
1895 3072 2026 3122 aute

2231 3072 2261 3126 3
2294 3069 2349 3124 δὲ
2383 3068 2591 3143 μέμψιὸ
2619 3070 2751 3123 εἶναι
2784 3070 3012 3141 νομίσας
3055 3070 3117 3123 τὸ
3166 3069 3241 3130 εἰς
3293 3064 3574 3131 ἂναϐολᾶς
3626 3067 3815 3143 esea-av.

444 3131 557 3221 sibi
580 3131 791 3233 lculpw
840 3160 1099 3215 dandum
1132 3172 1257 3213 esse
1289 3156 1570 3223 tribuens,
1629 3157 1779 3227 quod
1834 3155 2028 3212 diﬂ'err

2228 3160 2385 3225 .ακὸς,
2442 3158 2531 3212 καὶ
2596 3163 2671 3231 μή
2739 3158 3058 3231 ἀναμείνας,
3119 3155 3490 3213 ἁνακάλύπτει
3557 3159 3644 3211 τὸν
3698 3152 3812 3209 ἔνδον

444 3255 601 3309 cerni
635 3251 849 3316 malus,
913 3264 1029 3303 non
1082 3246 1322 3317 amplius
1371 3249 1709 3316 exspectans
1749 3246 1953 3316 aperit,
1985 3263 2019 3317 q

2232 3248 2572 3319 ρυπτὸμενον
2640 3247 2895 3318 Δουναάν,
2960 3248 3050 3302 καὶ
3129 3249 3329 3310 πάντας
3420 3248 3579 3306 εὐθὺς
3645 3243 3816 3300 ἐκέλευε

438 3343 597 3398 intus
636 3339 868 3404 latebat,
918 3338 1184 3405 Dunaan,
1233 3341 1292 3391 et
1322 3335 1505 3406 jussit
1561 3334 1828 3406 protinus
1886 3350 2019 3390 omn

2230 3337 2441 3399 εθέντας
2501 3338 2874 3413 φρουρεῖσθαι.
2962 3339 3094 3393 Εἶτα
3150 3336 3242 3390 καὶ
3306 3340 3417 3390 τῶν
3496 3335 3812 3411 ὑπαρχόντων

436 3428 717 3485 custodiri
751 3429 809 3483 in
849 3425 1121 3482 vinculis.
1158 3424 1379 3479 Deinde
1409 3425 1583 3479 etiam
1617 3424 1865 3494 privavit
1898 3425 2020 3479 facu

2229 3426 2454 3503 γύμνου,
2514 3426 2603 3481 καὶ
2663 3424 3061 3498 διεπυνθάνετο,
3120 3430 3227 3482 ποῦ
3285 3427 3345 3480 ἂν
3416 3425 3505 3495 εἴη
3567 3420 3813 3483 ΙΙαῦλοςδ

435 3519 678 3587 tatibus,
717 3523 774 3573 et
820 3515 1045 3586 rogavit
1102 3514 1343 3570 ubinam
1401 3517 1553 3568 esset
1608 3513 1826 3568 Paulus
1885 3527 2018 3568 eoru

2230 3516 2400 3570 ούτων
2456 3516 2775 3578 ἒπίσκοπος,
2835 3517 2924 3578 Ὡς
2985 3513 3042 3570 δὲ
3079 3514 3324 3570 τεθνάναι
3383 3512 3636 3590 δεύτερον
3686 3513 3810 3567 αὐτὸν

443 3608 770 3679 epi3c0pus.
814 3604 955 3659 Cum
1016 3608 1211 3658 autem
1264 3603 1384 3671 jam
1435 3601 1665 3656 duobus
1720 3608 1856 3656 ante
1914 3619 2026 3657 ann

2238 3601 2302 3673 δη
2359 3604 2559 3679 χρόνον
2618 3604 2894 3676 ἐμάνθανε,
2955 3607 3031 3677 μή
3092 3600 3236 3682 ἔχων
3326 3606 3467 3658 ὅπου
3526 3606 3623 3673 τήν
3680 3601 3812 3675 ὀργὴν

444 3712 575 3752 eum
610 3693 985 3749 intellexisset
1041 3707 1167 3747 esse
1209 3696 1532 3753 mortuum,
1592 3706 1707 3744 non
1757 3690 1977 3745 habens
2025 3707 2028 3742 :

2230 3698 2374 3770 παφῇ
2407 3696 2543 3767 πρὸς
2589 3695 2687 3761 τήν
2743 3694 2891 3747 κόνιν
2947 3692 3167 3768 ἐχώρει,
3228 3694 3317 3747 καὶ
3378 3693 3691 3768 ἀνορύττειν
3746 3692 3814 3744 τὸν

445 3801 617 3857 quem
651 3784 798 3837 iram
858 3780 1221 3845 immitteret,
1253 3780 1548 3835 contendit
1579 3780 1648 3833 ad
1684 3778 1995 3849 pulverem,

2232 3783 2362 3859 άιρον
2429 3785 2779 3853 προσέταττε,
2846 3782 2937 3836 καὶ
3004 3784 3096 3837 τὸν
3162 3781 3369 3836 ἐκείνου
3440 3783 3631 3857 νεκρὸν
3681 3800 3816 3834 κατα-

428 3874 616 3946 jussit
647 3872 982 3943 sepulcrum
1016 3869 1286 3937 effodere,
1328 3874 1385 3923 et
1414 3868 1573 3924 illius
1604 3884 1812 3938 corpus
1844 3869 2010 3923 comb

2234 3872 2464 3937 αίοντας,
2497 3873 2573 3935 εἰς
2619 3872 2749 3942 ἀέρα
2785 3872 3008 3945 λικμᾷν.
3060 3871 3311 3947 Εὑρίσκει
3361 3872 3456 3926 καὶ
3504 3871 3677 3941 ἄλλην
3728 3867 3818 3923 ἐπί-

436 3966 631 4018 rentes
665 3961 721 4015 in
757 3974 946 4015 aerem
981 3956 1280 4013 ventilare.
1315 3956 1483 4011 Aliud
1533 3974 1765 4028 quoque
1799 3958 2020 4029 cxcogit

2231 3983 2344 4015 οιαν
2375 3965 2409 4030 ἡ
2446 3960 2729 4034 μανιώδης
2762 3962 2939 4038 ψυχή,
2967 3960 3057 4014 καὶ
3090 3960 3152 4014 οὐ
3184 3956 3463 4033 λαμϐάνει
3505 3962 3667 4037 κόρον
3713 3958 3815 4011 κατᾶ

436 4052 659 4107 furiosa
688 4049 906 4115 anima,
940 4062 1046 4101 nec
1076 4062 1202 4100 eam
1231 4046 1385 4115 capit
1415 4046 1653 4101 satietas
1696 4046 1911 4117 aliquid
1966 4064 2015 4101 in

2231 4052 2531 4125 [ριστιανῶν
2600 4051 2739 4105 κακά
2821 4048 3191 4105 τεκταίνουσω
3289 4050 3439 4105 ἀλλά
3519 4051 3687 4123 πυράν
3736 4046 3815 4118 ὕλῃ

436 4140 613 4197 liendi
648 4138 929 4193 adversus
961 4135 1345 4202 Christianos,
1380 4134 1479 4190 sed
1513 4134 1684 4204 jubet
1730 4136 1965 4191 accendi
1997 4152 2020 4190 r

2241 4140 2385 4215 ολλῇ
2453 4138 2812 4217 τρεφομένην,
2871 4140 3160 4194 ἀνακαῦσαι
3225 4137 3461 4209 κελεύει,
3532 4139 3623 4193 καὶ
3686 4155 3819 4209 παρα-

438 4245 602 4301 gum,
638 4227 735 4298 qui
769 4226 954 4280 multa
982 4226 1239 4280 aleretur
1267 4222 1530 4292 materia,
1556 4228 1611 4277 et
1645 4223 1847 4278 statim
1889 4225 2020 4279 civit

2237 4238 2394 4304 ρῆμα
2422 4228 2548 4291 τούς
2602 4250 2660 4283 τε
2709 4235 2809 4296 τῆς
2868 4226 3084 4289 πόλεως
3142 4227 3232 4282 καὶ
3291 4226 3644 4303 περιοικίδας
3694 4227 3821 4299 ἱερεῖς

438 4318 539 4377 tis,
574 4322 629 4371 et
671 4317 820 4385 ejus,
850 4331 976 4385 quae
1010 4318 1098 4367 est
1139 4313 1536 4379 circumcirca,
1590 4311 1845 4383 regionis
1895 4330 2022 4369 sace

2236 4320 2285 4373 αὶ
2322 4317 2673 4391 μονάζοντας,
2736 4317 2833 4380 τάς
2878 4321 2957 4389 τῷ
3007 4320 3123 4387 Θεῷ
3179 4313 3485 4390 ἱερωμένας
3535 4314 3818 4391 παρθένους,

436 4408 617 4472 dotes,
652 4410 709 4459 et
759 4402 1095 4471 monachos,
1128 4406 1185 4456 et
1242 4401 1356 4456 Deo
1389 4407 1755 4457 consecratas
1808 4402 2020 4474 virgine

2243 4410 2333 4483 ρὸς
2394 4405 2449 4462 δὲ
2490 4408 2577 4461 καὶ
2633 4411 2912 4481 γυναῖκας,
2967 4406 3089 4460 ὃσαι
3145 4404 3238 4459 τὸν
3296 4404 3601 4475 ἀσκητικὸν
3641 4402 3821 4459 εἴλοντο

439 4497 580 4567 quin
611 4494 785 4549 etiam
819 4491 1059 4547 feminas
1105 4507 1235 4562 quae
1282 4491 1453 4545 vitam
1482 4490 1775 4562 elegerant
1805 4498 2023 4546 monasi

2239 4498 2343 4567 ίον,
2378 4496 2607 4566 ἀθρόους
2638 4496 2778 4568 ὁμοῦ
2817 4496 3016 4556 πάντας
3052 4493 3104 4549 ἰν
3150 4493 3287 4559 αὐτῆ
3339 4490 3633 4565 ἐμϐαλεῖν.
3684 4491 3819 4549 Οὗτοι

435 4600 586 4649 cam,
626 4599 833 4639 omnes
863 4582 1038 4637 simul
1089 4582 1146 4635 in
1193 4596 1327 4635 eum
1360 4580 1544 4648 injici.
1580 4579 1623 4634 Ii
1656 4580 1837 4643 enim,
1873 4580 2009 4650 inqu

2238 4588 2323 4662 ἀρ,
2355 4586 2539 4663 φησὶν.
2598 4586 2839 4660 ἀτεχνῶς
2897 4583 3063 4638 αἷίτιοι
3116 4590 3216 4652 τῆς
3282 4588 3389 4637 τῶν
3444 4581 3642 4638 ἃλλων
3697 4581 3822 4635 ἆπωο

438 4678 576 4729 sunt
609 4671 777 4742 plane
804 4686 981 4725 causa
1034 4668 1285 4723 aliorum
1338 4668 1632 4737 interitus,
1666 4671 2017 4739 persuadent

2236 4678 2370 4745 είας,
2429 4675 2805 4737 ἀναπείθοντες
2855 4672 3210 4748 προσανέχειν
3250 4673 3324 4734 ὡς
3372 4674 3483 4746 θεῷ
3531 4676 3616 4743 τῷ
3663 4672 3820 4726 ἔσταν·

438 4761 778 4817 orucitixum
830 4759 1038 4827 colere,
1070 4763 1352 4828 tanquam
1404 4758 1608 4811 Deum.
1667 4758 1750 4812 Ad
1798 4757 1917 4811 haec
1964 4776 2022 4830 pe

2240 4767 2443 4839 υμένῳ.
2513 4768 2651 4822 Εἶτα
2714 4766 2954 4839 καθάπερ
3022 4765 3125 4819 οὐκ
3188 4763 3487 4838 ἀρκοῦντος
3548 4767 3649 4818 τοῦ
3702 4780 3824 4835 vm-

436 4852 570 4909 inde
603 4867 666 4906 ac
716 4850 763 4905 si
801 4866 915 4903 non
968 4848 1282 4913 sufficeret,
1318 4846 1472 4917 quod
1523 4847 1738 4902 factum
1782 4848 1979 4919 fuerat,
2013 4868 2020 4903 ε

2240 4856 2356 4911 ένου
2390 4853 2777 4930 ἀπαράμιλλον
2811 4852 2976 4909 αὐτοῦ
3027 4849 3305 4923 ἀποδεῖξαι
3356 4853 3455 4919 τήν
3511 4850 3820 4926 μοχθηρίαν·

440 4945 564 5015 ejus
595 4938 1116 5011 incomparabilem
1148 4938 1570 4994 ostendendam
1620 4940 2024 5009 improbitate:

2243 4964 2273 4997 α
2301 4942 2396 4997 κᾶν
2436 4947 2562 5016 γοῦν
2608 4942 2734 5004 τοὺς
2794 4941 2999 5003 ἄλλους
3060 4940 3487 5010 ὑποποιήσαιτο.
3547 4940 3613 4998 Ὀ
3655 4936 3709 4993 δὲ
3756 4933 3824 4990 καῖ

440 5038 504 5087 ut
532 5031 676 5086 alios
710 5044 940 5101 quoque
974 5027 1086 5082 sibi
1108 5028 1511 5098 subjungeret,
1543 5026 1912 5083 vehementer
1944 5046 2024 5084 οοι

2238 5033 2673 5107 ροσαγωνίζεται,
2730 5032 2819 5086 καὶ
2876 5033 3118 5105 κήρυκας
3202 5027 3300 5083 ὰνᾶ
3365 5030 3465 5097 τὴν
3528 5028 3697 5083 πόλιν
3755 5023 3822 5078 καῖ

434 5121 641 5187 tendit,
674 5125 731 5173 et
756 5118 937 5185 jussit
970 5132 1265 5187 praecones
1298 5116 1457 5171 obire
1488 5116 1774 5172 civitatem
1808 5123 1864 5172 et
1895 5118 2014 5189 regi

2244 5124 2288 5190 iv
2348 5122 2535 5196 χώραν
2596 5119 2809 5176 ἐκέλευε
2866 5117 3120 5187 διαθέειν,
3181 5112 3524 5190 έμϐοῶντας,
3590 5115 3828 5189 ἄπαρνον-

438 5226 571 5265 nem
608 5206 1036 5278 proclamantes
1086 5210 1147 5261 ut
1178 5206 1471 5261 Christum
1505 5212 1805 5276 negarent,
1855 5212 1912 5262 et
1936 5207 2022 5262 viv

2243 5210 2384 5272 ένους
2440 5210 2532 5264 τὸν
2583 5210 2817 5283 Χριστὸν
2880 5210 2972 5279 ζῇν
3032 5203 3347 5274 ἱουδαϊκῶς,
3399 5204 3466 5258 τὰ
3529 5203 3670 5258 αὐτὰ
3718 5220 3827 5278 ορθ-

435 5304 560 5355 rent
583 5298 609 5351 J
624 5295 850 5362 udaice,
884 5298 1083 5353 eadem
1116 5313 1243 5370 quas
1266 5313 1364 5353 rex
1390 5295 1734 5353 sentientes.

1214 5314 1243 5351 Β
1266 5313 1364 5353 rex
1390 5295 1734 5353 sentientes.
2190 5303 2417 5361 νοῦντας
2448 5302 2527 5370 τῷ
2564 5297 2798 5373 βασιλεῖ.

510 5388 660 5446 Vill.
714 5389 887 5446 Porro
918 5395 1113 5447 autem
1163 5391 1287 5462 ipse
1343 5404 1575 5461 quoque
1606 5405 1703 5445 rex
1732 5390 1959 5445 Arethte
2000 5391 2078 5445 si-

2263 5390 2345 5445 H'.
2399 5387 2576 5449 Αὐτὸς
2634 5384 2691 5442 δὲ
2752 5384 3030 5462 βασιλεὺς,
3098 5390 3215 5447 τοῖς
3308 5384 3433 5459 περὶ
3493 5382 3729 5455 Ἀρέθαν
3780 5376 3830 5430 τὲ

434 5479 599 5539 milia
636 5478 1002 5551 consulebat,
1035 5480 1341 5551 adjiciens,
1384 5478 1540 5549 quod
1572 5478 1684 5549 ipsi
1716 5495 1946 5551 quoque
1977 5496 2009 5534 n

2247 5500 2358 5534 ιοια
2416 5473 2788 5546 συνεϐούλευε,
2829 5475 3141 5551 προστιθεὶς
3191 5474 3273 5530 ὅτι
3323 5474 3412 5529 καὶ
3462 5471 3634 5528 αὐτοὶ
3683 5464 3831 5547 ἔγνως

436 5576 568 5632 rant
598 5571 872 5638 Romani,
905 5572 1065 5629 illius
1098 5572 1350 5641 majores
1389 5569 1448 5625 in
1497 5584 1726 5626 crucem
1760 5570 1950 5643 egisse
1980 5571 2016 5626 h

2244 5590 2289 5623 ιν
2356 5569 2620 5642 Ῥωμαῖοι
2698 5567 2979 5639 ἄνθρωπον
3063 5564 3450 5639 ἦσταυρωκέναι
3548 5561 3688 5625 τοὺς
3748 5578 3828 5611 πα·
