  <div class='ocr_page' id='page_1' title='image "/cluster/home/n/w/nwhite01/storage/ocr_20150623/115/hvd.32044073502262/634.png"; bbox 0 0 4048 6202; ppageno 0'>
   <div class='ocr_carea' id='block_1_1' title="bbox 206 301 357 364">
    <p class='ocr_par' dir='ltr' id='par_1_1' title="bbox 206 301 357 364">
     <span class='ocr_line' id='line_1_1' title="bbox 206 301 357 364; baseline -0.007 -2"><span class='ocrx_word' id='word_1_1' title='bbox 206 301 357 364; x_wconf 79' lang='grc'>1257</span> 
     </span>
    </p>
   </div>
   <div class='ocr_carea' id='block_1_2' title="bbox 1408 287 2412 352">
    <p class='ocr_par' dir='ltr' id='par_1_2' title="bbox 1408 287 2412 352">
     <span class='ocr_line' id='line_1_2' title="bbox 1408 287 2412 352; baseline 0.001 -1"><span class='ocrx_word' id='word_1_2' title='bbox 1408 287 1885 351; x_wconf 81' lang='lat' dir='ltr'>MARTYRIUM</span> <span class='ocrx_word' id='word_1_3' title='bbox 1934 289 1999 350; x_wconf 91' lang='lat' dir='ltr'>S.</span> <span class='ocrx_word' id='word_1_4' title='bbox 2046 290 2412 352; x_wconf 69' lang='lat' dir='ltr'>ARETHE.</span> 
     </span>
    </p>
   </div>
   <div class='ocr_carea' id='block_1_3' title="bbox 3462 301 3617 362">
    <p class='ocr_par' dir='ltr' id='par_1_3' title="bbox 3462 301 3617 362">
     <span class='ocr_line' id='line_1_3' title="bbox 3462 301 3617 362; baseline 0.006 -2"><span class='ocrx_word' id='word_1_5' title='bbox 3462 301 3617 362; x_wconf 69' lang='grc'>1258</span> 
     </span>
    </p>
   </div>
   <div class='ocr_carea' id='block_1_4' title="bbox 205 448 1879 535">
    <p class='ocr_par' dir='ltr' id='par_1_4' title="bbox 205 448 1862 535">
     <span class='ocr_line' id='line_1_4' title="bbox 205 448 1862 535; baseline -0.01 -19"><span class='ocrx_word' id='word_1_6' title='bbox 205 459 364 535; x_wconf 84' lang='grc' dir='ltr'>τέρας</span> <span class='ocrx_word' id='word_1_7' title='bbox 395 462 578 531; x_wconf 74' lang='grc' dir='ltr'>ἡμῶν.</span> <span class='ocrx_word' id='word_1_8' title='bbox 611 459 740 517; x_wconf 84' lang='grc' dir='ltr'>Πῶς</span> <span class='ocrx_word' id='word_1_9' title='bbox 790 455 896 529; x_wconf 78' lang='grc' dir='ltr'>γὰρ</span> <span class='ocrx_word' id='word_1_10' title='bbox 954 452 1039 521; x_wconf 76' lang='grc' dir='ltr'>ἄν,</span> <span class='ocrx_word' id='word_1_11' title='bbox 1095 449 1466 527; x_wconf 86' lang='grc' dir='ltr'>μαστιγωθείη</span> <span class='ocrx_word' id='word_1_12' title='bbox 1519 450 1672 518; x_wconf 84' lang='grc' dir='ltr'>Θεὸς,</span> <span class='ocrx_word' id='word_1_13' title='bbox 1723 448 1862 501; x_wconf 85' lang='grc' dir='ltr'>ἀσώ-</span> 
     </span>
    </p>
   </div>
   <div class='ocr_carea' id='block_1_5' title="bbox 1991 448 3619 535">
    <p class='ocr_par' dir='ltr' id='par_1_5' title="bbox 1994 449 3619 534">
     <span class='ocr_line' id='line_1_5' title="bbox 1994 449 3619 534; baseline 0.009 -32"><span class='ocrx_word' id='word_1_14' title='bbox 1994 449 2214 503; x_wconf 84' lang='lat' dir='ltr'>ninam.</span> <span class='ocrx_word' id='word_1_15' title='bbox 2270 450 2570 513; x_wconf 83' lang='lat' dir='ltr'>Quomodo</span> <span class='ocrx_word' id='word_1_16' title='bbox 2635 453 2813 523; x_wconf 88' lang='lat' dir='ltr'>enim,</span> <span class='ocrx_word' id='word_1_17' title='bbox 2859 457 3108 523; x_wconf 85' lang='lat' dir='ltr'>dicebat,</span> <span class='ocrx_word' id='word_1_18' title='bbox 3175 459 3375 516; x_wconf 77' lang='lat' dir='ltr'>fuisset</span> <span class='ocrx_word' id='word_1_19' title='bbox 3421 461 3619 534; x_wconf 80' lang='lat' dir='ltr'>ﬂagris</span> 
     </span>
    </p>
   </div>
   <div class='ocr_carea' id='block_1_6' title="bbox 218 534 1863 622">
    <p class='ocr_par' dir='ltr' id='par_1_6' title="bbox 218 534 1863 622">
     <span class='ocr_line' id='line_1_6' title="bbox 218 534 1863 622; baseline -0.008 -20"><span class='ocrx_word' id='word_1_20' title='bbox 218 534 387 622; x_wconf 81' lang='grc' dir='ltr'>ματον</span> <span class='ocrx_word' id='word_1_21' title='bbox 422 546 581 621; x_wconf 81' lang='grc' dir='ltr'>φύσιν</span> <span class='ocrx_word' id='word_1_22' title='bbox 623 541 811 618; x_wconf 77' lang='grc' dir='ltr'>ἕχων;</span> <span class='ocrx_word' id='word_1_23' title='bbox 864 547 989 603; x_wconf 86' lang='grc' dir='ltr'>Πῶς</span> <span class='ocrx_word' id='word_1_24' title='bbox 1037 540 1092 596; x_wconf 75' lang='grc' dir='ltr'>δὲ</span> <span class='ocrx_word' id='word_1_25' title='bbox 1134 540 1223 595; x_wconf 79' lang='grc' dir='ltr'>καὶ</span> <span class='ocrx_word' id='word_1_26' title='bbox 1274 540 1503 603; x_wconf 78' lang='grc' dir='ltr'>θανάτου</span> <span class='ocrx_word' id='word_1_27' title='bbox 1551 536 1637 591; x_wconf 81' lang='grc' dir='ltr'>καὶ</span> <span class='ocrx_word' id='word_1_28' title='bbox 1692 534 1863 596; x_wconf 72' lang='grc' dir='ltr'>οὕτως</span> 
     </span>
    </p>
   </div>
   <div class='ocr_carea' id='block_1_7' title="bbox 212 624 1869 709">
    <p class='ocr_par' dir='ltr' id='par_1_7' title="bbox 212 624 1869 709">
     <span class='ocr_line' id='line_1_7' title="bbox 212 624 1869 709; baseline -0.008 -17"><span class='ocrx_word' id='word_1_29' title='bbox 212 636 409 709; x_wconf 77' lang='grc' dir='ltr'>ἂτίμου</span> <span class='ocrx_word' id='word_1_30' title='bbox 474 634 568 690; x_wconf 85' lang='grc' dir='ltr'>καί</span> <span class='ocrx_word' id='word_1_31' title='bbox 636 631 927 693; x_wconf 65' lang='grc' dir='ltr'>δυσκλεῶς</span> <span class='ocrx_word' id='word_1_32' title='bbox 993 630 1252 689; x_wconf 82' lang='grc' dir='ltr'>ἀθάνατος</span> <span class='ocrx_word' id='word_1_33' title='bbox 1320 625 1378 681; x_wconf 82' lang='grc' dir='ltr'>ἂν</span> <span class='ocrx_word' id='word_1_34' title='bbox 1460 626 1709 699; x_wconf 89' lang='grc' dir='ltr'>γεύσαιτο</span> <span class='ocrx_word' id='word_1_35' title='bbox 1766 624 1869 700; x_wconf 79' lang='grc' dir='ltr'>φύ-</span> 
     </span>
    </p>
   </div>
   <div class='ocr_carea' id='block_1_8' title="bbox 214 715 1868 795">
    <p class='ocr_par' dir='ltr' id='par_1_8' title="bbox 214 715 1868 795">
     <span class='ocr_line' id='line_1_8' title="bbox 214 715 1868 795; baseline -0.009 -14"><span class='ocrx_word' id='word_1_36' title='bbox 214 747 334 795; x_wconf 84' lang='grc' dir='ltr'>σις;</span> <span class='ocrx_word' id='word_1_37' title='bbox 368 723 598 785; x_wconf 69' lang='grc' dir='ltr'>’Ἄλλως</span> <span class='ocrx_word' id='word_1_38' title='bbox 630 743 689 778; x_wconf 87' lang='grc' dir='ltr'>τε</span> <span class='ocrx_word' id='word_1_39' title='bbox 732 719 789 776; x_wconf 75' lang='grc' dir='ltr'>δὲ</span> <span class='ocrx_word' id='word_1_40' title='bbox 818 721 909 775; x_wconf 81' lang='grc' dir='ltr'>καὶ</span> <span class='ocrx_word' id='word_1_41' title='bbox 949 717 1159 774; x_wconf 73' lang='grc' dir='ltr'>πολλοὶ</span> <span class='ocrx_word' id='word_1_42' title='bbox 1208 718 1333 791; x_wconf 75' lang='grc' dir='ltr'>παρ’</span> <span class='ocrx_word' id='word_1_43' title='bbox 1383 719 1516 789; x_wconf 80' lang='grc' dir='ltr'>ἡμῖν</span> <span class='ocrx_word' id='word_1_44' title='bbox 1577 720 1684 770; x_wconf 88' lang='grc' dir='ltr'>τῶν</span> <span class='ocrx_word' id='word_1_45' title='bbox 1732 715 1868 770; x_wconf 87' lang='grc' dir='ltr'>Ῥω-</span> 
     </span>
    </p>
   </div>
   <div class='ocr_carea' id='block_1_9' title="bbox 217 802 1865 889">
    <p class='ocr_par' dir='ltr' id='par_1_9' title="bbox 217 802 1865 889">
     <span class='ocr_line' id='line_1_9' title="bbox 217 802 1865 889; baseline -0.008 -20"><span class='ocrx_word' id='word_1_46' title='bbox 217 816 415 889; x_wconf 87' lang='grc' dir='ltr'>μαίων.</span> <span class='ocrx_word' id='word_1_47' title='bbox 459 813 758 886; x_wconf 88' lang='grc' dir='ltr'>Νεστόριον</span> <span class='ocrx_word' id='word_1_48' title='bbox 814 809 1114 884; x_wconf 74' lang='grc' dir='ltr'>αὐχοῦντες</span> <span class='ocrx_word' id='word_1_49' title='bbox 1165 803 1517 875; x_wconf 81' lang='grc' dir='ltr'>δίδάσκαλον,</span> <span class='ocrx_word' id='word_1_50' title='bbox 1567 804 1656 857; x_wconf 83' lang='grc' dir='ltr'>καὶ</span> <span class='ocrx_word' id='word_1_51' title='bbox 1712 802 1865 857; x_wconf 76' lang='grc' dir='ltr'>αὐτοὶ</span> 
     </span>
    </p>
   </div>
   <div class='ocr_carea' id='block_1_10' title="bbox 215 889 1865 978">
    <p class='ocr_par' dir='ltr' id='par_1_10' title="bbox 215 889 1865 978">
     <span class='ocr_line' id='line_1_10' title="bbox 215 889 1865 978; baseline -0.008 -20"><span class='ocrx_word' id='word_1_52' title='bbox 215 905 432 978; x_wconf 69' lang='grc' dir='ltr'>λέγουσι</span> <span class='ocrx_word' id='word_1_53' title='bbox 473 899 661 970; x_wconf 78' lang='grc' dir='ltr'>πάλιν,</span> <span class='ocrx_word' id='word_1_54' title='bbox 694 898 808 973; x_wconf 69' lang='grc' dir='ltr'>οὐχ</span> <span class='ocrx_word' id='word_1_55' title='bbox 838 899 912 959; x_wconf 83' lang='grc' dir='ltr'>ὡς</span> <span class='ocrx_word' id='word_1_56' title='bbox 944 897 1097 965; x_wconf 84' lang='grc' dir='ltr'>Θεὸν,</span> <span class='ocrx_word' id='word_1_57' title='bbox 1128 895 1254 952; x_wconf 86' lang='grc' dir='ltr'>ἀλλ’</span> <span class='ocrx_word' id='word_1_58' title='bbox 1297 896 1369 956; x_wconf 77' lang='grc' dir='ltr'>ὡς</span> <span class='ocrx_word' id='word_1_59' title='bbox 1425 894 1707 969; x_wconf 76' lang='grc' dir='ltr'>ἄνθρωπον</span> <span class='ocrx_word' id='word_1_60' title='bbox 1757 889 1865 946; x_wconf 83' lang='grc' dir='ltr'>δεῖν</span> 
     </span>
    </p>
   </div>
   <div class='ocr_carea' id='block_1_11' title="bbox 215 979 1870 1069">
    <p class='ocr_par' dir='ltr' id='par_1_11' title="bbox 215 979 1870 1069">
     <span class='ocr_line' id='line_1_11' title="bbox 215 979 1870 1069; baseline -0.007 -23"><span class='ocrx_word' id='word_1_61' title='bbox 215 993 306 1046; x_wconf 76' lang='grc' dir='ltr'>καὶ</span> <span class='ocrx_word' id='word_1_62' title='bbox 364 992 657 1069; x_wconf 74' lang='grc' dir='ltr'>προφήτην</span> <span class='ocrx_word' id='word_1_63' title='bbox 714 988 835 1044; x_wconf 74' lang='grc' dir='ltr'>τινὰ</span> <span class='ocrx_word' id='word_1_64' title='bbox 889 992 1055 1060; x_wconf 80' lang='grc' dir='ltr'>τιμᾷν</span> <span class='ocrx_word' id='word_1_65' title='bbox 1114 986 1206 1041; x_wconf 83' lang='grc' dir='ltr'>τὸν</span> <span class='ocrx_word' id='word_1_66' title='bbox 1260 984 1516 1059; x_wconf 82' lang='grc' dir='ltr'>Χριστόν.</span> <span class='ocrx_word' id='word_1_67' title='bbox 1594 982 1752 1055; x_wconf 81' lang='grc' dir='ltr'>Κάγὼ</span> <span class='ocrx_word' id='word_1_68' title='bbox 1812 979 1870 1035; x_wconf 73' lang='grc' dir='ltr'>δὲ</span> 
     </span>
    </p>
   </div>
   <div class='ocr_carea' id='block_1_12' title="bbox 219 1070 1868 1151">
    <p class='ocr_par' dir='ltr' id='par_1_12' title="bbox 219 1070 1868 1151">
     <span class='ocr_line' id='line_1_12' title="bbox 219 1070 1868 1151; baseline -0.007 -16"><span class='ocrx_word' id='word_1_69' title='bbox 219 1082 317 1135; x_wconf 80' lang='grc' dir='ltr'>οὐκ</span> <span class='ocrx_word' id='word_1_70' title='bbox 364 1080 440 1142; x_wconf 82' lang='grc' dir='ltr'>εἷς</span> <span class='ocrx_word' id='word_1_71' title='bbox 496 1082 758 1133; x_wconf 80' lang='grc' dir='ltr'>τοσοῦτον</span> <span class='ocrx_word' id='word_1_72' title='bbox 827 1077 1067 1151; x_wconf 74' lang='grc' dir='ltr'>ἐξήχθην</span> <span class='ocrx_word' id='word_1_73' title='bbox 1147 1074 1358 1149; x_wconf 88' lang='grc' dir='ltr'>μανίας,</span> <span class='ocrx_word' id='word_1_74' title='bbox 1429 1072 1566 1127; x_wconf 85' lang='grc' dir='ltr'>ὥστε</span> <span class='ocrx_word' id='word_1_75' title='bbox 1626 1075 1724 1141; x_wconf 68' lang='grc' dir='ltr'>τὴν</span> <span class='ocrx_word' id='word_1_76' title='bbox 1792 1070 1868 1133; x_wconf 77' lang='grc' dir='ltr'>εἷς</span> 
     </span>
    </p>
   </div>
   <div class='ocr_carea' id='block_1_13' title="bbox 217 1162 1868 1239">
    <p class='ocr_par' dir='ltr' id='par_1_13' title="bbox 217 1162 1868 1239">
     <span class='ocr_line' id='line_1_13' title="bbox 217 1162 1868 1239; baseline -0.006 -15"><span class='ocrx_word' id='word_1_77' title='bbox 217 1170 347 1224; x_wconf 84' lang='grc' dir='ltr'>Θεὸν</span> <span class='ocrx_word' id='word_1_78' title='bbox 379 1168 555 1223; x_wconf 89' lang='grc' dir='ltr'>πίστιν</span> <span class='ocrx_word' id='word_1_79' title='bbox 607 1166 766 1228; x_wconf 81' lang='grc' dir='ltr'>αὐτός</span> <span class='ocrx_word' id='word_1_80' title='bbox 816 1186 875 1221; x_wconf 94' lang='grc' dir='ltr'>τε</span> <span class='ocrx_word' id='word_1_81' title='bbox 923 1165 1357 1239; x_wconf 76' lang='grc' dir='ltr'>ἀπαρνήσασθαι,</span> <span class='ocrx_word' id='word_1_82' title='bbox 1405 1162 1493 1217; x_wconf 83' lang='grc' dir='ltr'>καί</span> <span class='ocrx_word' id='word_1_83' title='bbox 1544 1162 1682 1234; x_wconf 73' lang='grc' dir='ltr'>ὑμᾶς</span> <span class='ocrx_word' id='word_1_84' title='bbox 1731 1162 1868 1235; x_wconf 87' lang='grc' dir='ltr'>πρὸς</span> 
     </span>
    </p>
   </div>
   <div class='ocr_carea' id='block_1_14' title="bbox 211 1251 1871 1330">
    <p class='ocr_par' dir='ltr' id='par_1_14' title="bbox 211 1251 1871 1330">
     <span class='ocr_line' id='line_1_14' title="bbox 211 1251 1871 1330; baseline -0.005 -18"><span class='ocrx_word' id='word_1_85' title='bbox 211 1259 312 1327; x_wconf 77' lang='grc' dir='ltr'>τήν</span> <span class='ocrx_word' id='word_1_86' title='bbox 373 1257 569 1329; x_wconf 80' lang='grc' dir='ltr'>ὁμοίαν</span> <span class='ocrx_word' id='word_1_87' title='bbox 625 1254 847 1330; x_wconf 78' lang='grc' dir='ltr'>ἄρνησιν</span> <span class='ocrx_word' id='word_1_88' title='bbox 907 1252 1268 1310; x_wconf 82' lang='grc' dir='ltr'>ἐκκαλεῖσθαι.</span> <span class='ocrx_word' id='word_1_89' title='bbox 1328 1258 1455 1313; x_wconf 85' lang='grc' dir='ltr'>Ηῶς</span> <span class='ocrx_word' id='word_1_90' title='bbox 1511 1252 1634 1326; x_wconf 70' lang='grc' dir='ltr'>γὰρ,</span> <span class='ocrx_word' id='word_1_91' title='bbox 1696 1251 1753 1313; x_wconf 82' lang='grc' dir='ltr'>δς</span> <span class='ocrx_word' id='word_1_92' title='bbox 1810 1270 1871 1325; x_wconf 88' lang='grc' dir='ltr'>γε</span> 
     </span>
    </p>
   </div>
   <div class='ocr_carea' id='block_1_15' title="bbox 214 1338 1869 1417">
    <p class='ocr_par' dir='ltr' id='par_1_15' title="bbox 214 1338 1869 1417">
     <span class='ocr_line' id='line_1_15' title="bbox 214 1338 1869 1417; baseline -0.004 -17"><span class='ocrx_word' id='word_1_93' title='bbox 214 1350 315 1400; x_wconf 76' lang='grc' dir='ltr'>τοῦ</span> <span class='ocrx_word' id='word_1_94' title='bbox 361 1347 536 1417; x_wconf 84' lang='grc' dir='ltr'>νὸμου</span> <span class='ocrx_word' id='word_1_95' title='bbox 599 1346 692 1417; x_wconf 72' lang='grc' dir='ltr'>μὲν</span> <span class='ocrx_word' id='word_1_96' title='bbox 753 1340 1057 1417; x_wconf 83' lang='grc' dir='ltr'>ἀντέχομαι</span> <span class='ocrx_word' id='word_1_97' title='bbox 1114 1342 1204 1396; x_wconf 83' lang='grc' dir='ltr'>καὶ</span> <span class='ocrx_word' id='word_1_98' title='bbox 1263 1345 1369 1396; x_wconf 87' lang='grc' dir='ltr'>τῶν</span> <span class='ocrx_word' id='word_1_99' title='bbox 1430 1339 1672 1414; x_wconf 85' lang='grc' dir='ltr'>πατρίων</span> <span class='ocrx_word' id='word_1_100' title='bbox 1734 1338 1869 1393; x_wconf 83' lang='grc' dir='ltr'>ἐθῶν</span> 
     </span>
    </p>
   </div>
   <div class='ocr_carea' id='block_1_16' title="bbox 220 1428 1873 1510">
    <p class='ocr_par' dir='ltr' id='par_1_16' title="bbox 220 1428 1873 1510">
     <span class='ocr_line' id='line_1_16' title="bbox 220 1428 1873 1510; baseline -0.005 -21"><span class='ocrx_word' id='word_1_101' title='bbox 220 1435 464 1510; x_wconf 77' lang='grc' dir='ltr'>ἰσχυρῶς</span> <span class='ocrx_word' id='word_1_102' title='bbox 520 1433 874 1509; x_wconf 72' lang='grc' dir='ltr'>περιέχομαι,</span> <span class='ocrx_word' id='word_1_103' title='bbox 933 1436 1037 1486; x_wconf 78' lang='grc' dir='ltr'>πᾶν</span> <span class='ocrx_word' id='word_1_104' title='bbox 1089 1428 1146 1485; x_wconf 78' lang='grc' dir='ltr'>δὲ</span> <span class='ocrx_word' id='word_1_105' title='bbox 1195 1428 1239 1484; x_wconf 70' lang='grc' dir='ltr'>εἳ</span> <span class='ocrx_word' id='word_1_106' title='bbox 1298 1450 1347 1484; x_wconf 80' lang='grc' dir='ltr'>τι</span> <span class='ocrx_word' id='word_1_107' title='bbox 1412 1430 1672 1502; x_wconf 82' lang='grc' dir='ltr'>νεώτερον</span> <span class='ocrx_word' id='word_1_108' title='bbox 1726 1429 1873 1482; x_wconf 89' lang='grc' dir='ltr'>ἀπω-</span> 
     </span>
    </p>
   </div>
   <div class='ocr_carea' id='block_1_17' title="bbox 217 1513 1870 1596">
    <p class='ocr_par' dir='ltr' id='par_1_17' title="bbox 217 1513 1870 1596">
     <span class='ocr_line' id='line_1_17' title="bbox 217 1513 1870 1596; baseline -0.006 -18"><span class='ocrx_word' id='word_1_109' title='bbox 217 1527 439 1596; x_wconf 79' lang='grc' dir='ltr'>Θοῢμαι,</span> <span class='ocrx_word' id='word_1_110' title='bbox 481 1523 571 1577; x_wconf 75' lang='grc' dir='ltr'>καὶ</span> <span class='ocrx_word' id='word_1_111' title='bbox 612 1519 702 1575; x_wconf 70' lang='grc' dir='ltr'>διὰ</span> <span class='ocrx_word' id='word_1_112' title='bbox 750 1525 912 1575; x_wconf 77' lang='grc' dir='ltr'>τοῦτο</span> <span class='ocrx_word' id='word_1_113' title='bbox 969 1518 1347 1594; x_wconf 70' lang='grc' dir='ltr'>ἀπεχθάνομαι</span> <span class='ocrx_word' id='word_1_114' title='bbox 1400 1518 1489 1572; x_wconf 76' lang='grc' dir='ltr'>καὶ</span> <span class='ocrx_word' id='word_1_115' title='bbox 1536 1521 1616 1587; x_wconf 78' lang='grc' dir='ltr'>τῷ</span> <span class='ocrx_word' id='word_1_116' title='bbox 1666 1513 1870 1586; x_wconf 70' lang='grc' dir='ltr'>Ἰησοῦ,</span> 
     </span>
    </p>
   </div>
   <div class='ocr_carea' id='block_1_18' title="bbox 215 1605 1869 1686">
    <p class='ocr_par' dir='ltr' id='par_1_18' title="bbox 215 1605 1869 1686">
     <span class='ocr_line' id='line_1_18' title="bbox 215 1605 1869 1686; baseline -0.007 -19"><span class='ocrx_word' id='word_1_117' title='bbox 215 1613 515 1686; x_wconf 85' lang='grc' dir='ltr'>ἀνθρώπῳ,</span> <span class='ocrx_word' id='word_1_118' title='bbox 593 1610 824 1679; x_wconf 90' lang='grc' dir='ltr'>θεότητα</span> <span class='ocrx_word' id='word_1_119' title='bbox 894 1608 1069 1680; x_wconf 82' lang='grc' dir='ltr'>ἐαυτῷ</span> <span class='ocrx_word' id='word_1_120' title='bbox 1130 1606 1432 1681; x_wconf 74' lang='grc' dir='ltr'>τολμηρῶς</span> <span class='ocrx_word' id='word_1_121' title='bbox 1492 1605 1869 1677; x_wconf 69' lang='grc' dir='ltr'>περιάψαντις</span> 
     </span>
    </p>
   </div>
   <div class='ocr_carea' id='block_1_19' title="bbox 215 1693 1875 1775">
    <p class='ocr_par' dir='ltr' id='par_1_19' title="bbox 215 1693 1875 1775">
     <span class='ocr_line' id='line_1_19' title="bbox 215 1693 1875 1775; baseline -0.006 -20"><span class='ocrx_word' id='word_1_122' title='bbox 215 1699 358 1760; x_wconf 73' lang='grc' dir='ltr'>Οὐδὲ</span> <span class='ocrx_word' id='word_1_123' title='bbox 387 1702 492 1775; x_wconf 84' lang='grc' dir='ltr'>γὰρ</span> <span class='ocrx_word' id='word_1_124' title='bbox 526 1698 675 1771; x_wconf 81' lang='grc' dir='ltr'>ἡλίῳ</span> <span class='ocrx_word' id='word_1_125' title='bbox 705 1699 795 1753; x_wconf 83' lang='grc' dir='ltr'>καὶ</span> <span class='ocrx_word' id='word_1_126' title='bbox 826 1696 1050 1771; x_wconf 79' lang='grc' dir='ltr'>σελήνῃ,</span> <span class='ocrx_word' id='word_1_127' title='bbox 1096 1696 1188 1750; x_wconf 81' lang='grc' dir='ltr'>καὶ</span> <span class='ocrx_word' id='word_1_128' title='bbox 1240 1700 1355 1756; x_wconf 89' lang='grc' dir='ltr'>τοῖς</span> <span class='ocrx_word' id='word_1_129' title='bbox 1396 1694 1590 1755; x_wconf 82' lang='grc' dir='ltr'>ἅλλοις</span> <span class='ocrx_word' id='word_1_130' title='bbox 1638 1693 1875 1765; x_wconf 83' lang='grc' dir='ltr'>κτίσμα-</span> 
     </span>
    </p>
   </div>
   <div class='ocr_carea' id='block_1_20' title="bbox 214 1781 1954 1885">
    <p class='ocr_par' dir='ltr' id='par_1_20' title="bbox 214 1781 1954 1885">
     <span class='ocr_line' id='line_1_20' title="bbox 214 1781 1954 1885; baseline -0.006 -38"><span class='ocrx_word' id='word_1_131' title='bbox 214 1814 322 1860; x_wconf 92' lang='grc' dir='ltr'>σιν,</span> <span class='ocrx_word' id='word_1_132' title='bbox 358 1788 485 1847; x_wconf 79' lang='grc' dir='ltr'>οὐδὲ</span> <span class='ocrx_word' id='word_1_133' title='bbox 528 1795 647 1850; x_wconf 88' lang='grc' dir='ltr'>τοῖς</span> <span class='ocrx_word' id='word_1_134' title='bbox 707 1790 851 1850; x_wconf 80' lang='grc' dir='ltr'>θεοῖς</span> <span class='ocrx_word' id='word_1_135' title='bbox 904 1793 1014 1842; x_wconf 89' lang='grc' dir='ltr'>τῶν</span> <span class='ocrx_word' id='word_1_136' title='bbox 1068 1787 1230 1841; x_wconf 89' lang='grc' dir='ltr'>ἐθνῶν</span> <span class='ocrx_word' id='word_1_137' title='bbox 1293 1781 1451 1847; x_wconf 73' lang='grc' dir='ltr'>σέϐας</span> <span class='ocrx_word' id='word_1_138' title='bbox 1514 1785 1653 1857; x_wconf 76' lang='grc' dir='ltr'>ὑμᾶς</span> <span class='ocrx_word' id='word_1_139' title='bbox 1694 1804 1867 1858; x_wconf 80' lang='grc' dir='ltr'>προσ·</span> <span class='ocrx_word' id='word_1_140' title='bbox 1900 1822 1954 1885; x_wconf 81' lang='lat' dir='ltr'>B</span> 
     </span>
    </p>
   </div>
   <div class='ocr_carea' id='block_1_21' title="bbox 215 1872 1555 1957">
    <p class='ocr_par' dir='ltr' id='par_1_21' title="bbox 215 1872 1555 1957">
     <span class='ocr_line' id='line_1_21' title="bbox 215 1872 1555 1957; baseline -0.006 -22"><span class='ocrx_word' id='word_1_141' title='bbox 215 1882 393 1957; x_wconf 65' lang='grc' dir='ltr'>φερειν</span> <span class='ocrx_word' id='word_1_142' title='bbox 470 1876 857 1952; x_wconf 74' lang='grc' dir='ltr'>καταναγγάζω</span> <span class='ocrx_word' id='word_1_143' title='bbox 962 1876 1065 1949; x_wconf 81' lang='grc' dir='ltr'>(μὴ</span> <span class='ocrx_word' id='word_1_144' title='bbox 1179 1876 1352 1935; x_wconf 75' lang='grc' dir='ltr'>οὓτως</span> <span class='ocrx_word' id='word_1_145' title='bbox 1455 1872 1555 1945; x_wconf 79' lang='grc' dir='ltr'>ἔξω</span> 
     </span>
    </p>
   </div>
   <div class='ocr_carea' id='block_1_22' title="bbox 217 1963 1870 2041">
    <p class='ocr_par' dir='ltr' id='par_1_22' title="bbox 217 1963 1870 2041">
     <span class='ocr_line' id='line_1_22' title="bbox 217 1963 1870 2041; baseline -0.006 -18"><span class='ocrx_word' id='word_1_146' title='bbox 217 1969 486 2041; x_wconf 84' lang='grc' dir='ltr'>πέσοιμι),</span> <span class='ocrx_word' id='word_1_147' title='bbox 538 1964 685 2021; x_wconf 71' lang='grc' dir='ltr'>ἀλλὰ</span> <span class='ocrx_word' id='word_1_148' title='bbox 746 1969 863 2036; x_wconf 80' lang='grc' dir='ltr'>Θεῷ</span> <span class='ocrx_word' id='word_1_149' title='bbox 924 1966 1076 2037; x_wconf 84' lang='grc' dir='ltr'>μόνῳ</span> <span class='ocrx_word' id='word_1_150' title='bbox 1132 1968 1213 2035; x_wconf 78' lang='grc' dir='ltr'>τῷ</span> <span class='ocrx_word' id='word_1_151' title='bbox 1267 1964 1334 2017; x_wconf 71' lang='grc' dir='ltr'>τὰ</span> <span class='ocrx_word' id='word_1_152' title='bbox 1391 1963 1567 2017; x_wconf 70' lang='grc' dir='ltr'>πάντα</span> <span class='ocrx_word' id='word_1_153' title='bbox 1623 1982 1870 2036; x_wconf 84' lang='grc' dir='ltr'>παραγα-</span> 
     </span>
    </p>
   </div>
   <div class='ocr_carea' id='block_1_23' title="bbox 217 2049 1867 2130">
    <p class='ocr_par' dir='ltr' id='par_1_23' title="bbox 217 2049 1867 2130">
     <span class='ocr_line' id='line_1_23' title="bbox 217 2049 1867 2130; baseline -0.005 -19"><span class='ocrx_word' id='word_1_154' title='bbox 217 2057 391 2130; x_wconf 88' lang='grc' dir='ltr'>γόντι,</span> <span class='ocrx_word' id='word_1_155' title='bbox 420 2056 510 2111; x_wconf 80' lang='grc' dir='ltr'>καὶ</span> <span class='ocrx_word' id='word_1_156' title='bbox 546 2053 714 2128; x_wconf 85' lang='grc' dir='ltr'>Πατρὶ</span> <span class='ocrx_word' id='word_1_157' title='bbox 743 2058 851 2108; x_wconf 91' lang='grc' dir='ltr'>τῶν</span> <span class='ocrx_word' id='word_1_158' title='bbox 882 2056 1157 2127; x_wconf 85' lang='grc' dir='ltr'>γεννητῶν</span> <span class='ocrx_word' id='word_1_159' title='bbox 1190 2052 1511 2126; x_wconf 79' lang='grc' dir='ltr'>ὑπάρχοντι,</span> <span class='ocrx_word' id='word_1_160' title='bbox 1544 2049 1622 2119; x_wconf 82' lang='grc' dir='ltr'>ὅς,</span> <span class='ocrx_word' id='word_1_161' title='bbox 1654 2050 1867 2119; x_wconf 73' lang='grc' dir='ltr'>ἀπαθὴς</span> 
     </span>
    </p>
   </div>
   <div class='ocr_carea' id='block_1_24' title="bbox 217 2138 1464 2218">
    <p class='ocr_par' dir='ltr' id='par_1_24' title="bbox 217 2138 1464 2218">
     <span class='ocr_line' id='line_1_24' title="bbox 217 2138 1464 2218; baseline -0.003 -18"><span class='ocrx_word' id='word_1_162' title='bbox 217 2144 291 2199; x_wconf 78' lang='grc' dir='ltr'>ὢν</span> <span class='ocrx_word' id='word_1_163' title='bbox 323 2146 409 2200; x_wconf 80' lang='grc' dir='ltr'>καὶ</span> <span class='ocrx_word' id='word_1_164' title='bbox 445 2144 630 2215; x_wconf 67' lang='grc' dir='ltr'>ἆθλος,</span> <span class='ocrx_word' id='word_1_165' title='bbox 663 2142 941 2217; x_wconf 75' lang='grc' dir='ltr'>ἐμπαθῶς,</span> <span class='ocrx_word' id='word_1_166' title='bbox 975 2142 1077 2196; x_wconf 80' lang='grc' dir='ltr'>οὐκ</span> <span class='ocrx_word' id='word_1_167' title='bbox 1108 2138 1223 2196; x_wconf 80' lang='grc' dir='ltr'>οἶδε</span> <span class='ocrx_word' id='word_1_168' title='bbox 1255 2146 1464 2218; x_wconf 82' lang='grc' dir='ltr'>γεννᾷν.</span> 
     </span>
    </p>
   </div>
   <div class='ocr_carea' id='block_1_25' title="bbox 1660 1876 1865 1948">
    <p class='ocr_par' dir='ltr' id='par_1_25' title="bbox 1660 1876 1865 1948">
     <span class='ocr_line' id='line_1_25' title="bbox 1660 1876 1865 1948; baseline -0.01 -22"><span class='ocrx_word' id='word_1_169' title='bbox 1660 1876 1865 1948; x_wconf 68' lang='grc' dir='ltr'>φρενῶν</span> 
     </span>
    </p>
   </div>
   <div class='ocr_carea' id='block_1_26' title="bbox 290 2315 1871 2397">
    <p class='ocr_par' dir='ltr' id='par_1_26' title="bbox 290 2315 1871 2397">
     <span class='ocr_line' id='line_1_26' title="bbox 290 2315 1871 2397; baseline -0.006 -18"><span class='ocrx_word' id='word_1_170' title='bbox 290 2325 364 2381; x_wconf 85' lang='grc' dir='ltr'>Θ’.</span> <span class='ocrx_word' id='word_1_171' title='bbox 400 2324 540 2397; x_wconf 82' lang='grc' dir='ltr'>Πρὸς</span> <span class='ocrx_word' id='word_1_172' title='bbox 565 2322 623 2377; x_wconf 80' lang='grc' dir='ltr'>ὃν</span> <span class='ocrx_word' id='word_1_173' title='bbox 673 2323 723 2377; x_wconf 78' lang='grc' dir='ltr'>οἱ</span> <span class='ocrx_word' id='word_1_174' title='bbox 773 2325 1036 2396; x_wconf 88' lang='grc' dir='ltr'>γενναῖοι,</span> <span class='ocrx_word' id='word_1_175' title='bbox 1066 2321 1127 2374; x_wconf 89' lang='grc' dir='ltr'>Τί</span> <span class='ocrx_word' id='word_1_176' title='bbox 1158 2324 1323 2373; x_wconf 76' lang='grc' dir='ltr'>ταῦτα</span> <span class='ocrx_word' id='word_1_177' title='bbox 1377 2319 1731 2391; x_wconf 75' lang='grc' dir='ltr'>ὑπὲκρουσας,</span> <span class='ocrx_word' id='word_1_178' title='bbox 1785 2315 1871 2369; x_wconf 78' lang='grc' dir='ltr'>εἶ-</span> 
     </span>
    </p>
   </div>
   <div class='ocr_carea' id='block_1_27' title="bbox 217 2406 1869 2487">
    <p class='ocr_par' dir='ltr' id='par_1_27' title="bbox 217 2406 1869 2487">
     <span class='ocr_line' id='line_1_27' title="bbox 217 2406 1869 2487; baseline -0.007 -18"><span class='ocrx_word' id='word_1_179' title='bbox 217 2435 343 2485; x_wconf 86' lang='grc' dir='ltr'>πον,</span> <span class='ocrx_word' id='word_1_180' title='bbox 377 2411 421 2467; x_wconf 87' lang='grc' dir='ltr'><strong>ὦ</strong></span> <span class='ocrx_word' id='word_1_181' title='bbox 457 2412 686 2487; x_wconf 80' lang='grc' dir='ltr'>βασελεῦ</span> <span class='ocrx_word' id='word_1_182' title='bbox 714 2429 728 2479; x_wconf 88' lang='grc'>;</span> <span class='ocrx_word' id='word_1_183' title='bbox 762 2409 905 2467; x_wconf 74' lang='grc' dir='ltr'>Οὐδὲ</span> <span class='ocrx_word' id='word_1_184' title='bbox 934 2412 1100 2482; x_wconf 73' lang='grc' dir='ltr'>ἡμεῖς</span> <span class='ocrx_word' id='word_1_185' title='bbox 1126 2410 1358 2485; x_wconf 74' lang='grc' dir='ltr'>λέγομεν</span> <span class='ocrx_word' id='word_1_186' title='bbox 1386 2408 1524 2463; x_wconf 83' lang='grc' dir='ltr'>κατά</span> <span class='ocrx_word' id='word_1_187' title='bbox 1553 2406 1691 2461; x_wconf 80' lang='grc' dir='ltr'>πάθο</span> <span class='ocrx_word' id='word_1_188' title='bbox 1722 2424 1736 2473; x_wconf 88' lang='lat'><strong>;</strong></span> <span class='ocrx_word' id='word_1_189' title='bbox 1760 2426 1869 2479; x_wconf 88' lang='grc' dir='ltr'>γεν-</span> 
     </span>
    </p>
   </div>
   <div class='ocr_carea' id='block_1_28' title="bbox 216 2494 1871 2572">
    <p class='ocr_par' dir='ltr' id='par_1_28' title="bbox 216 2494 1871 2572">
     <span class='ocr_line' id='line_1_28' title="bbox 216 2494 1871 2572; baseline -0.007 -15"><span class='ocrx_word' id='word_1_190' title='bbox 216 2508 305 2572; x_wconf 80' lang='grc' dir='ltr'>νᾷν</span> <span class='ocrx_word' id='word_1_191' title='bbox 340 2503 430 2557; x_wconf 84' lang='grc' dir='ltr'>τὸν</span> <span class='ocrx_word' id='word_1_192' title='bbox 465 2502 614 2568; x_wconf 87' lang='grc' dir='ltr'>Θεὸν,</span> <span class='ocrx_word' id='word_1_193' title='bbox 647 2499 774 2555; x_wconf 83' lang='grc' dir='ltr'>ἀλλ’</span> <span class='ocrx_word' id='word_1_194' title='bbox 801 2501 1024 2560; x_wconf 78' lang='grc' dir='ltr'>ἀπαθῶς</span> <span class='ocrx_word' id='word_1_195' title='bbox 1056 2498 1135 2551; x_wconf 86' lang='grc' dir='ltr'>ὡσ</span> <span class='ocrx_word' id='word_1_196' title='bbox 1165 2495 1333 2571; x_wconf 85' lang='grc' dir='ltr'>λόγον</span> <span class='ocrx_word' id='word_1_197' title='bbox 1364 2495 1423 2551; x_wconf 82' lang='grc' dir='ltr'>ἐκ</span> <span class='ocrx_word' id='word_1_198' title='bbox 1472 2499 1588 2552; x_wconf 71' lang='grc' dir='ltr'>νοῦ.</span> <span class='ocrx_word' id='word_1_199' title='bbox 1637 2496 1735 2551; x_wconf 79' lang='grc' dir='ltr'>’Ὁν</span> <span class='ocrx_word' id='word_1_200' title='bbox 1781 2494 1871 2547; x_wconf 84' lang='grc' dir='ltr'>καὶ</span> 
     </span>
    </p>
   </div>
   <div class='ocr_carea' id='block_1_29' title="bbox 220 2584 1873 2663">
    <p class='ocr_par' dir='ltr' id='par_1_29' title="bbox 220 2584 1873 2663">
     <span class='ocr_line' id='line_1_29' title="bbox 220 2584 1873 2663; baseline -0.005 -17"><span class='ocrx_word' id='word_1_201' title='bbox 220 2592 296 2654; x_wconf 84' lang='grc' dir='ltr'>είς</span> <span class='ocrx_word' id='word_1_202' title='bbox 359 2593 540 2646; x_wconf 76' lang='grc' dir='ltr'>οἶκτον</span> <span class='ocrx_word' id='word_1_203' title='bbox 607 2597 707 2660; x_wconf 80' lang='grc' dir='ltr'>τῆς</span> <span class='ocrx_word' id='word_1_204' title='bbox 772 2590 1043 2663; x_wconf 74' lang='grc' dir='ltr'>ἡμετέρας</span> <span class='ocrx_word' id='word_1_205' title='bbox 1104 2586 1327 2642; x_wconf 80' lang='grc' dir='ltr'>ἐλθόντα</span> <span class='ocrx_word' id='word_1_206' title='bbox 1384 2586 1617 2662; x_wconf 80' lang='grc' dir='ltr'>φύσεως,</span> <span class='ocrx_word' id='word_1_207' title='bbox 1676 2584 1873 2653; x_wconf 80' lang='grc' dir='ltr'>ἐξαπο-</span> 
     </span>
    </p>
   </div>
   <div class='ocr_carea' id='block_1_30' title="bbox 219 2674 1872 2753">
    <p class='ocr_par' dir='ltr' id='par_1_30' title="bbox 219 2674 1872 2753">
     <span class='ocr_line' id='line_1_30' title="bbox 219 2674 1872 2753; baseline -0.006 -17"><span class='ocrx_word' id='word_1_208' title='bbox 219 2679 428 2736; x_wconf 77' lang='grc' dir='ltr'>στεῖλαι</span> <span class='ocrx_word' id='word_1_209' title='bbox 459 2680 550 2734; x_wconf 83' lang='grc' dir='ltr'>τὸν</span> <span class='ocrx_word' id='word_1_210' title='bbox 584 2680 706 2733; x_wconf 75' lang='grc' dir='ltr'>Υίὸν</span> <span class='ocrx_word' id='word_1_211' title='bbox 747 2677 829 2734; x_wconf 78' lang='grc' dir='ltr'>ἐπ’</span> <span class='ocrx_word' id='word_1_212' title='bbox 870 2676 1148 2751; x_wconf 76' lang='grc' dir='ltr'>εὐεργεσίᾳ</span> <span class='ocrx_word' id='word_1_213' title='bbox 1197 2675 1341 2753; x_wconf 78' lang='grc' dir='ltr'>φημὶ</span> <span class='ocrx_word' id='word_1_214' title='bbox 1390 2680 1496 2729; x_wconf 90' lang='grc' dir='ltr'>τῶν</span> <span class='ocrx_word' id='word_1_215' title='bbox 1548 2674 1872 2746; x_wconf 73' lang='grc' dir='ltr'>ἀνθρώπων,</span> 
     </span>
    </p>
   </div>
   <div class='ocr_carea' id='block_1_31' title="bbox 220 2762 1873 2842">
    <p class='ocr_par' dir='ltr' id='par_1_31' title="bbox 220 2762 1873 2842">
     <span class='ocr_line' id='line_1_31' title="bbox 220 2762 1873 2842; baseline -0.006 -17"><span class='ocrx_word' id='word_1_216' title='bbox 220 2769 358 2825; x_wconf 84' lang='grc' dir='ltr'>ὥστε</span> <span class='ocrx_word' id='word_1_217' title='bbox 413 2770 503 2824; x_wconf 87' lang='grc' dir='ltr'>καὶ</span> <span class='ocrx_word' id='word_1_218' title='bbox 572 2769 744 2842; x_wconf 74' lang='grc' dir='ltr'>σάρκα</span> <span class='ocrx_word' id='word_1_219' title='bbox 808 2762 997 2823; x_wconf 77' lang='grc' dir='ltr'>λαϐεῖν</span> <span class='ocrx_word' id='word_1_220' title='bbox 1063 2764 1123 2820; x_wconf 83' lang='grc' dir='ltr'>ἐκ</span> <span class='ocrx_word' id='word_1_221' title='bbox 1187 2764 1357 2839; x_wconf 80' lang='grc' dir='ltr'>κόρης</span> <span class='ocrx_word' id='word_1_222' title='bbox 1422 2765 1713 2836; x_wconf 67' lang='grc' dir='ltr'>παρθένου,</span> <span class='ocrx_word' id='word_1_223' title='bbox 1782 2762 1873 2816; x_wconf 70' lang='grc' dir='ltr'>καὶ</span> 
     </span>
    </p>
   </div>
   <div class='ocr_carea' id='block_1_32' title="bbox 219 2851 1874 2933">
    <p class='ocr_par' dir='ltr' id='par_1_32' title="bbox 219 2851 1874 2933">
     <span class='ocr_line' id='line_1_32' title="bbox 219 2851 1874 2933; baseline -0.006 -18"><span class='ocrx_word' id='word_1_224' title='bbox 219 2859 355 2915; x_wconf 75' lang='grc' dir='ltr'>κατὰ</span> <span class='ocrx_word' id='word_1_225' title='bbox 384 2857 559 2913; x_wconf 75' lang='grc' dir='ltr'>πάντα</span> <span class='ocrx_word' id='word_1_226' title='bbox 608 2858 805 2930; x_wconf 76' lang='grc' dir='ltr'>ὅμοιον</span> <span class='ocrx_word' id='word_1_227' title='bbox 854 2858 989 2928; x_wconf 77' lang='grc' dir='ltr'>ἡμῖν</span> <span class='ocrx_word' id='word_1_228' title='bbox 1046 2854 1293 2933; x_wconf 70' lang='grc' dir='ltr'>γενέσθαι</span> <span class='ocrx_word' id='word_1_229' title='bbox 1353 2853 1529 2928; x_wconf 76' lang='grc' dir='ltr'>χωρὶς</span> <span class='ocrx_word' id='word_1_230' title='bbox 1583 2851 1874 2926; x_wconf 82' lang='grc' dir='ltr'>ἁμαρτίας,</span> 
     </span>
    </p>
   </div>
   <div class='ocr_carea' id='block_1_33' title="bbox 221 2942 1873 3021">
    <p class='ocr_par' dir='ltr' id='par_1_33' title="bbox 221 2942 1873 3021">
     <span class='ocr_line' id='line_1_33' title="bbox 221 2942 1873 3021; baseline -0.007 -16"><span class='ocrx_word' id='word_1_231' title='bbox 221 2950 310 3005; x_wconf 81' lang='grc' dir='ltr'>καὶ</span> <span class='ocrx_word' id='word_1_232' title='bbox 341 2950 511 3004; x_wconf 72' lang='grc' dir='ltr'>πάντα</span> <span class='ocrx_word' id='word_1_233' title='bbox 540 2946 832 3021; x_wconf 86' lang='grc' dir='ltr'>πληρῶσαι</span> <span class='ocrx_word' id='word_1_234' title='bbox 881 2946 947 2999; x_wconf 77' lang='grc' dir='ltr'>τά</span> <span class='ocrx_word' id='word_1_235' title='bbox 992 2966 1051 3020; x_wconf 85' lang='grc' dir='ltr'>γε</span> <span class='ocrx_word' id='word_1_236' title='bbox 1096 2944 1199 2999; x_wconf 81' lang='grc' dir='ltr'>ὑπὸ</span> <span class='ocrx_word' id='word_1_237' title='bbox 1245 2947 1353 2997; x_wconf 88' lang='grc' dir='ltr'>τῶν</span> <span class='ocrx_word' id='word_1_238' title='bbox 1402 2945 1700 3019; x_wconf 63' lang='grc' dir='ltr'>προφητῶν</span> <span class='ocrx_word' id='word_1_239' title='bbox 1749 2942 1873 3015; x_wconf 84' lang='grc' dir='ltr'>περὶ</span> 
     </span>
    </p>
   </div>
   <div class='ocr_carea' id='block_1_34' title="bbox 223 3029 1871 3110">
    <p class='ocr_par' dir='ltr' id='par_1_34' title="bbox 223 3029 1871 3110">
     <span class='ocr_line' id='line_1_34' title="bbox 223 3029 1871 3110; baseline -0.007 -17"><span class='ocrx_word' id='word_1_240' title='bbox 223 3041 398 3095; x_wconf 78' lang='grc' dir='ltr'>αὐτοῦ</span> <span class='ocrx_word' id='word_1_241' title='bbox 436 3036 671 3097; x_wconf 82' lang='grc' dir='ltr'>πολλοῖς</span> <span class='ocrx_word' id='word_1_242' title='bbox 722 3034 989 3110; x_wconf 88' lang='grc' dir='ltr'>πρότερον</span> <span class='ocrx_word' id='word_1_243' title='bbox 1036 3030 1298 3107; x_wconf 71' lang='grc' dir='ltr'>εἰρημένα</span> <span class='ocrx_word' id='word_1_244' title='bbox 1357 3031 1576 3106; x_wconf 83' lang='grc' dir='ltr'>χρόνοις</span> <span class='ocrx_word' id='word_1_245' title='bbox 1631 3029 1754 3103; x_wconf 73' lang='grc' dir='ltr'>περί</span> <span class='ocrx_word' id='word_1_246' title='bbox 1798 3029 1871 3083; x_wconf 84' lang='grc' dir='ltr'>ὠν</span> 
     </span>
    </p>
   </div>
   <div class='ocr_carea' id='block_1_35' title="bbox 222 3114 1875 3197">
    <p class='ocr_par' dir='ltr' id='par_1_35' title="bbox 222 3114 1875 3197">
     <span class='ocr_line' id='line_1_35' title="bbox 222 3114 1875 3197; baseline -0.007 -15"><span class='ocrx_word' id='word_1_247' title='bbox 222 3130 315 3183; x_wconf 83' lang='grc' dir='ltr'>καὶ</span> <span class='ocrx_word' id='word_1_248' title='bbox 348 3126 512 3189; x_wconf 75' lang='grc' dir='ltr'>αὐτὸς</span> <span class='ocrx_word' id='word_1_249' title='bbox 550 3122 707 3186; x_wconf 81' lang='grc' dir='ltr'>οἶδας</span> <span class='ocrx_word' id='word_1_250' title='bbox 761 3129 880 3184; x_wconf 87' lang='grc' dir='ltr'>ταῖς</span> <span class='ocrx_word' id='word_1_251' title='bbox 930 3122 1144 3177; x_wconf 88' lang='grc' dir='ltr'>ἐκείνων</span> <span class='ocrx_word' id='word_1_252' title='bbox 1197 3119 1473 3197; x_wconf 78' lang='grc' dir='ltr'>ἐγκύπτων</span> <span class='ocrx_word' id='word_1_253' title='bbox 1530 3114 1765 3194; x_wconf 69' lang='grc' dir='ltr'>βίϐλοις*</span> <span class='ocrx_word' id='word_1_254' title='bbox 1816 3119 1875 3179; x_wconf 84' lang='grc' dir='ltr'>’ὀς</span> 
     </span>
    </p>
   </div>
   <div class='ocr_carea' id='block_1_36' title="bbox 1977 538 3623 621">
    <p class='ocr_par' dir='ltr' id='par_1_36' title="bbox 1977 538 3623 621">
     <span class='ocr_line' id='line_1_36' title="bbox 1977 538 3623 621; baseline 0.009 -28"><span class='ocrx_word' id='word_1_255' title='bbox 1977 555 2161 595; x_wconf 67' lang='lat' dir='ltr'>cessus</span> <span class='ocrx_word' id='word_1_256' title='bbox 2193 538 2369 608; x_wconf 89' lang='lat' dir='ltr'>Deus,</span> <span class='ocrx_word' id='word_1_257' title='bbox 2406 541 2507 613; x_wconf 89' lang='lat' dir='ltr'>qui</span> <span class='ocrx_word' id='word_1_258' title='bbox 2530 551 2613 597; x_wconf 89' lang='lat' dir='ltr'>est</span> <span class='ocrx_word' id='word_1_259' title='bbox 2644 550 2851 599; x_wconf 87' lang='lat' dir='ltr'>natura</span> <span class='ocrx_word' id='word_1_260' title='bbox 2885 547 3305 619; x_wconf 82' lang='lat' dir='ltr'>incorporeus?</span> <span class='ocrx_word' id='word_1_261' title='bbox 3337 554 3623 621; x_wconf 92' lang='lat' dir='ltr'>quomodo</span> 
     </span>
    </p>
   </div>
   <div class='ocr_carea' id='block_1_37' title="bbox 1976 632 3622 707">
    <p class='ocr_par' dir='ltr' id='par_1_37' title="bbox 1976 632 3622 707">
     <span class='ocr_line' id='line_1_37' title="bbox 1976 632 3622 707; baseline 0.007 -24"><span class='ocrx_word' id='word_1_262' title='bbox 1976 633 2173 684; x_wconf 87' lang='lat' dir='ltr'>autem</span> <span class='ocrx_word' id='word_1_263' title='bbox 2208 634 2452 686; x_wconf 88' lang='lat' dir='ltr'>mortem</span> <span class='ocrx_word' id='word_1_264' title='bbox 2485 632 2628 688; x_wconf 90' lang='lat' dir='ltr'>adeo</span> <span class='ocrx_word' id='word_1_265' title='bbox 2670 637 2906 706; x_wconf 83' lang='lat' dir='ltr'>turpem</span> <span class='ocrx_word' id='word_1_266' title='bbox 2945 640 3003 691; x_wconf 90' lang='lat' dir='ltr'>et</span> <span class='ocrx_word' id='word_1_267' title='bbox 3034 638 3475 707; x_wconf 86' lang='lat' dir='ltr'>ignominiosam</span> <span class='ocrx_word' id='word_1_268' title='bbox 3508 659 3622 696; x_wconf 88' lang='lat' dir='ltr'>na-</span> 
     </span>
    </p>
   </div>
   <div class='ocr_carea' id='block_1_38' title="bbox 1976 719 3620 797">
    <p class='ocr_par' dir='ltr' id='par_1_38' title="bbox 1976 719 3620 797">
     <span class='ocr_line' id='line_1_38' title="bbox 1976 719 3620 797; baseline 0.008 -25"><span class='ocrx_word' id='word_1_269' title='bbox 1976 722 2109 773; x_wconf 82' lang='lat' dir='ltr'>tura</span> <span class='ocrx_word' id='word_1_270' title='bbox 2155 720 2407 790; x_wconf 88' lang='lat' dir='ltr'>gustarit</span> <span class='ocrx_word' id='word_1_271' title='bbox 2438 719 2843 779; x_wconf 84' lang='lat' dir='ltr'>immortalis?</span> <span class='ocrx_word' id='word_1_272' title='bbox 2882 724 3152 797; x_wconf 77' lang='lat' dir='ltr'>Alioquin</span> <span class='ocrx_word' id='word_1_273' title='bbox 3211 734 3405 786; x_wconf 89' lang='lat' dir='ltr'>autem</span> <span class='ocrx_word' id='word_1_274' title='bbox 3454 732 3620 787; x_wconf 89' lang='lat' dir='ltr'>multi</span> 
     </span>
    </p>
   </div>
   <div class='ocr_carea' id='block_1_39' title="bbox 1979 809 3625 887">
    <p class='ocr_par' dir='ltr' id='par_1_39' title="bbox 1979 809 3625 887">
     <span class='ocr_line' id='line_1_39' title="bbox 1979 809 3625 887; baseline 0.009 -26"><span class='ocrx_word' id='word_1_275' title='bbox 1979 824 2211 878; x_wconf 91' lang='lat' dir='ltr'>quoque</span> <span class='ocrx_word' id='word_1_276' title='bbox 2246 825 2314 864; x_wconf 88' lang='lat' dir='ltr'>ex</span> <span class='ocrx_word' id='word_1_277' title='bbox 2345 809 2643 877; x_wconf 82' lang='lat' dir='ltr'>Romanis,</span> <span class='ocrx_word' id='word_1_278' title='bbox 2676 813 2772 883; x_wconf 88' lang='lat' dir='ltr'>qui</span> <span class='ocrx_word' id='word_1_279' title='bbox 2816 819 2952 868; x_wconf 89' lang='lat' dir='ltr'>sunt</span> <span class='ocrx_word' id='word_1_280' title='bbox 2980 816 3134 887; x_wconf 89' lang='lat' dir='ltr'>apud</span> <span class='ocrx_word' id='word_1_281' title='bbox 3169 833 3290 884; x_wconf 88' lang='lat' dir='ltr'>vos,</span> <span class='ocrx_word' id='word_1_282' title='bbox 3328 819 3625 887; x_wconf 86' lang='lat' dir='ltr'>jactantes</span> 
     </span>
    </p>
   </div>
   <div class='ocr_carea' id='block_1_40' title="bbox 1977 898 3623 978">
    <p class='ocr_par' dir='ltr' id='par_1_40' title="bbox 1977 898 3623 978">
     <span class='ocr_line' id='line_1_40' title="bbox 1977 898 3623 978; baseline 0.008 -27"><span class='ocrx_word' id='word_1_283' title='bbox 1977 912 2036 952; x_wconf 91' lang='lat' dir='ltr'>se</span> <span class='ocrx_word' id='word_1_284' title='bbox 2066 898 2400 954; x_wconf 88' lang='lat' dir='ltr'>Nestorium</span> <span class='ocrx_word' id='word_1_285' title='bbox 2436 899 2651 955; x_wconf 90' lang='lat' dir='ltr'>habere</span> <span class='ocrx_word' id='word_1_286' title='bbox 2685 903 3050 973; x_wconf 88' lang='lat' dir='ltr'>magistrum,</span> <span class='ocrx_word' id='word_1_287' title='bbox 3086 904 3199 975; x_wconf 85' lang='lat' dir='ltr'>ipsi</span> <span class='ocrx_word' id='word_1_288' title='bbox 3232 923 3465 978; x_wconf 90' lang='lat' dir='ltr'>quoque</span> <span class='ocrx_word' id='word_1_289' title='bbox 3495 925 3623 963; x_wconf 47' lang='lat' dir='ltr'>rur¢</span> 
     </span>
    </p>
   </div>
   <div class='ocr_carea' id='block_1_41' title="bbox 1977 986 3624 1068">
    <p class='ocr_par' dir='ltr' id='par_1_41' title="bbox 1977 986 3624 1068">
     <span class='ocr_line' id='line_1_41' title="bbox 1977 986 3624 1068; baseline 0.007 -27"><span class='ocrx_word' id='word_1_290' title='bbox 1977 1002 2080 1041; x_wconf 86' lang='lat' dir='ltr'>sus</span> <span class='ocrx_word' id='word_1_291' title='bbox 2113 986 2335 1054; x_wconf 89' lang='lat' dir='ltr'>dicunt,</span> <span class='ocrx_word' id='word_1_292' title='bbox 2377 1003 2439 1043; x_wconf 88' lang='lat' dir='ltr'>se</span> <span class='ocrx_word' id='word_1_293' title='bbox 2469 1004 2584 1043; x_wconf 89' lang='lat' dir='ltr'>non</span> <span class='ocrx_word' id='word_1_294' title='bbox 2617 992 2683 1044; x_wconf 85' lang='lat' dir='ltr'>ut</span> <span class='ocrx_word' id='word_1_295' title='bbox 2711 995 2917 1055; x_wconf 89' lang='lat' dir='ltr'>Deum,</span> <span class='ocrx_word' id='word_1_296' title='bbox 2953 994 3052 1046; x_wconf 89' lang='lat' dir='ltr'>sed</span> <span class='ocrx_word' id='word_1_297' title='bbox 3089 992 3381 1050; x_wconf 86' lang='lat' dir='ltr'>hominem</span> <span class='ocrx_word' id='word_1_298' title='bbox 3415 1000 3471 1051; x_wconf 86' lang='lat' dir='ltr'>et</span> <span class='ocrx_word' id='word_1_299' title='bbox 3493 1012 3624 1068; x_wconf 87' lang='lat' dir='ltr'>pro-</span> 
     </span>
    </p>
   </div>
   <div class='ocr_carea' id='block_1_42' title="bbox 1978 1073 3623 1148">
    <p class='ocr_par' dir='ltr' id='par_1_42' title="bbox 1978 1073 3623 1148">
     <span class='ocr_line' id='line_1_42' title="bbox 1978 1073 3623 1148; baseline 0.006 -21"><span class='ocrx_word' id='word_1_300' title='bbox 1978 1073 2213 1145; x_wconf 86' lang='lat' dir='ltr'>phetam</span> <span class='ocrx_word' id='word_1_301' title='bbox 2266 1075 2571 1144; x_wconf 83' lang='lat' dir='ltr'>quemdam</span> <span class='ocrx_word' id='word_1_302' title='bbox 2622 1083 2888 1148; x_wconf 78' lang='lat' dir='ltr'>oportere</span> <span class='ocrx_word' id='word_1_303' title='bbox 2944 1078 3240 1136; x_wconf 84' lang='lat' dir='ltr'>Christum</span> <span class='ocrx_word' id='word_1_304' title='bbox 3315 1083 3623 1140; x_wconf 87' lang='lat' dir='ltr'>honorare.</span> 
     </span>
    </p>
   </div>
   <div class='ocr_carea' id='block_1_43' title="bbox 1978 1163 3625 1243">
    <p class='ocr_par' dir='ltr' id='par_1_43' title="bbox 1978 1163 3625 1243">
     <span class='ocr_line' id='line_1_43' title="bbox 1978 1163 3625 1243; baseline 0.007 -27"><span class='ocrx_word' id='word_1_305' title='bbox 1978 1165 2113 1229; x_wconf 76' lang='lat' dir='ltr'>Quae</span> <span class='ocrx_word' id='word_1_306' title='bbox 2148 1163 2262 1218; x_wconf 87' lang='lat' dir='ltr'>nisi</span> <span class='ocrx_word' id='word_1_307' title='bbox 2292 1180 2426 1220; x_wconf 92' lang='lat' dir='ltr'>vera</span> <span class='ocrx_word' id='word_1_308' title='bbox 2454 1169 2675 1231; x_wconf 84' lang='lat' dir='ltr'>essent,</span> <span class='ocrx_word' id='word_1_309' title='bbox 2716 1183 2821 1221; x_wconf 91' lang='lat' dir='ltr'>nec</span> <span class='ocrx_word' id='word_1_310' title='bbox 2872 1184 2977 1239; x_wconf 88' lang='lat' dir='ltr'>ego</span> <span class='ocrx_word' id='word_1_311' title='bbox 3010 1168 3083 1223; x_wconf 91' lang='lat' dir='ltr'>ad</span> <span class='ocrx_word' id='word_1_312' title='bbox 3139 1173 3360 1226; x_wconf 86' lang='lat' dir='ltr'>tantam</span> <span class='ocrx_word' id='word_1_313' title='bbox 3395 1189 3625 1243; x_wconf 89' lang='lat' dir='ltr'>proces-</span> 
     </span>
    </p>
   </div>
   <div class='ocr_carea' id='block_1_44' title="bbox 1978 1249 3625 1325">
    <p class='ocr_par' dir='ltr' id='par_1_44' title="bbox 1978 1249 3625 1325">
     <span class='ocr_line' id='line_1_44' title="bbox 1978 1249 3625 1325; baseline 0.006 -22"><span class='ocrx_word' id='word_1_314' title='bbox 1978 1249 2182 1306; x_wconf 87' lang='lat' dir='ltr'>sissem</span> <span class='ocrx_word' id='word_1_315' title='bbox 2241 1250 2562 1319; x_wconf 79' lang='lat' dir='ltr'>insaniam,</span> <span class='ocrx_word' id='word_1_316' title='bbox 2603 1256 2668 1307; x_wconf 89' lang='lat' dir='ltr'>ut</span> <span class='ocrx_word' id='word_1_317' title='bbox 2721 1253 2844 1325; x_wconf 89' lang='lat' dir='ltr'>ipse</span> <span class='ocrx_word' id='word_1_318' title='bbox 2902 1270 3169 1325; x_wconf 85' lang='lat' dir='ltr'>negarem</span> <span class='ocrx_word' id='word_1_319' title='bbox 3226 1257 3284 1312; x_wconf 90' lang='lat' dir='ltr'>in</span> <span class='ocrx_word' id='word_1_320' title='bbox 3326 1258 3625 1313; x_wconf 90' lang='lat' dir='ltr'>Christum</span> 
     </span>
    </p>
   </div>
   <div class='ocr_carea' id='block_1_45' title="bbox 1980 1337 3624 1413">
    <p class='ocr_par' dir='ltr' id='par_1_45' title="bbox 1980 1337 3624 1413">
     <span class='ocr_line' id='line_1_45' title="bbox 1980 1337 3624 1413; baseline 0.006 -22"><span class='ocrx_word' id='word_1_321' title='bbox 1980 1337 2173 1405; x_wconf 81' lang='lat' dir='ltr'>fidem,</span> <span class='ocrx_word' id='word_1_322' title='bbox 2222 1346 2277 1394; x_wconf 87' lang='lat' dir='ltr'>et</span> <span class='ocrx_word' id='word_1_323' title='bbox 2324 1355 2427 1395; x_wconf 89' lang='lat' dir='ltr'>vos</span> <span class='ocrx_word' id='word_1_324' title='bbox 2475 1341 2544 1394; x_wconf 87' lang='lat' dir='ltr'>ad</span> <span class='ocrx_word' id='word_1_325' title='bbox 2597 1340 2845 1396; x_wconf 89' lang='lat' dir='ltr'>similem</span> <span class='ocrx_word' id='word_1_326' title='bbox 2909 1359 3176 1398; x_wconf 90' lang='lat' dir='ltr'>vocarem</span> <span class='ocrx_word' id='word_1_327' title='bbox 3234 1346 3624 1413; x_wconf 78' lang='lat' dir='ltr'>negationem.</span> 
     </span>
    </p>
   </div>
   <div class='ocr_carea' id='block_1_46' title="bbox 1979 1427 3630 1507">
    <p class='ocr_par' dir='ltr' id='par_1_46' title="bbox 1979 1427 3630 1507">
     <span class='ocr_line' id='line_1_46' title="bbox 1979 1427 3630 1507; baseline 0.005 -26"><span class='ocrx_word' id='word_1_328' title='bbox 1979 1427 2277 1491; x_wconf 87' lang='lat' dir='ltr'>Quomodo</span> <span class='ocrx_word' id='word_1_329' title='bbox 2310 1429 2490 1497; x_wconf 90' lang='lat' dir='ltr'>enim,</span> <span class='ocrx_word' id='word_1_330' title='bbox 2522 1429 2624 1499; x_wconf 89' lang='lat' dir='ltr'>qui</span> <span class='ocrx_word' id='word_1_331' title='bbox 2669 1428 2855 1501; x_wconf 83' lang='lat' dir='ltr'>legem</span> <span class='ocrx_word' id='word_1_332' title='bbox 2908 1434 3077 1487; x_wconf 87' lang='lat' dir='ltr'>teneo</span> <span class='ocrx_word' id='word_1_333' title='bbox 3116 1449 3182 1487; x_wconf 91' lang='lat' dir='ltr'>ac</span> <span class='ocrx_word' id='word_1_334' title='bbox 3226 1437 3408 1501; x_wconf 88' lang='lat' dir='ltr'>tueor,</span> <span class='ocrx_word' id='word_1_335' title='bbox 3443 1438 3501 1489; x_wconf 87' lang='lat' dir='ltr'>et</span> <span class='ocrx_word' id='word_1_336' title='bbox 3531 1452 3630 1507; x_wconf 89' lang='lat' dir='ltr'>pa-</span> 
     </span>
    </p>
   </div>
   <div class='ocr_carea' id='block_1_47' title="bbox 1980 1518 3629 1593">
    <p class='ocr_par' dir='ltr' id='par_1_47' title="bbox 1980 1518 3629 1593">
     <span class='ocr_line' id='line_1_47' title="bbox 1980 1518 3629 1593; baseline 0.005 -22"><span class='ocrx_word' id='word_1_337' title='bbox 1980 1520 2122 1572; x_wconf 91' lang='lat' dir='ltr'>trios</span> <span class='ocrx_word' id='word_1_338' title='bbox 2154 1533 2345 1573; x_wconf 91' lang='lat' dir='ltr'>mores</span> <span class='ocrx_word' id='word_1_339' title='bbox 2379 1534 2443 1573; x_wconf 88' lang='lat' dir='ltr'>ac</span> <span class='ocrx_word' id='word_1_340' title='bbox 2477 1518 2627 1573; x_wconf 89' lang='lat' dir='ltr'>ritus</span> <span class='ocrx_word' id='word_1_341' title='bbox 2671 1519 2837 1574; x_wconf 81' lang='lat' dir='ltr'>valde</span> <span class='ocrx_word' id='word_1_342' title='bbox 2888 1519 3232 1592; x_wconf 87' lang='lat' dir='ltr'>amplector,</span> <span class='ocrx_word' id='word_1_343' title='bbox 3276 1522 3491 1593; x_wconf 90' lang='lat' dir='ltr'>repello</span> <span class='ocrx_word' id='word_1_344' title='bbox 3524 1540 3629 1579; x_wconf 89' lang='lat' dir='ltr'>au-</span> 
     </span>
    </p>
   </div>
   <div class='ocr_carea' id='block_1_48' title="bbox 1980 1606 3629 1684">
    <p class='ocr_par' dir='ltr' id='par_1_48' title="bbox 1980 1606 3629 1684">
     <span class='ocr_line' id='line_1_48' title="bbox 1980 1606 3629 1684; baseline 0.006 -25"><span class='ocrx_word' id='word_1_345' title='bbox 1980 1611 2095 1660; x_wconf 89' lang='lat' dir='ltr'>tem</span> <span class='ocrx_word' id='word_1_346' title='bbox 2141 1606 2385 1677; x_wconf 87' lang='lat' dir='ltr'>quiquid</span> <span class='ocrx_word' id='word_1_347' title='bbox 2438 1607 2613 1662; x_wconf 84' lang='lat' dir='ltr'>fuerit</span> <span class='ocrx_word' id='word_1_348' title='bbox 2654 1607 2826 1663; x_wconf 89' lang='lat' dir='ltr'>novi:</span> <span class='ocrx_word' id='word_1_349' title='bbox 2870 1614 2928 1664; x_wconf 91' lang='lat' dir='ltr'>et</span> <span class='ocrx_word' id='word_1_350' title='bbox 2976 1609 3099 1665; x_wconf 89' lang='lat' dir='ltr'>ideo</span> <span class='ocrx_word' id='word_1_351' title='bbox 3146 1611 3352 1666; x_wconf 82' lang='lat' dir='ltr'>Jesum</span> <span class='ocrx_word' id='word_1_352' title='bbox 3403 1628 3629 1684; x_wconf 90' lang='lat' dir='ltr'>quoque</span> 
     </span>
    </p>
   </div>
   <div class='ocr_carea' id='block_1_49' title="bbox 1981 1694 3627 1773">
    <p class='ocr_par' dir='ltr' id='par_1_49' title="bbox 1981 1694 3627 1773">
     <span class='ocr_line' id='line_1_49' title="bbox 1981 1694 3627 1773; baseline 0.004 -23"><span class='ocrx_word' id='word_1_353' title='bbox 1981 1694 2112 1750; x_wconf 91' lang='lat' dir='ltr'>odio</span> <span class='ocrx_word' id='word_1_354' title='bbox 2145 1695 2329 1751; x_wconf 81' lang='lat' dir='ltr'>habeo</span> <span class='ocrx_word' id='word_1_355' title='bbox 2379 1696 2699 1765; x_wconf 86' lang='lat' dir='ltr'>hominem,</span> <span class='ocrx_word' id='word_1_356' title='bbox 2734 1698 2835 1768; x_wconf 89' lang='lat' dir='ltr'>qui</span> <span class='ocrx_word' id='word_1_357' title='bbox 2888 1698 3258 1755; x_wconf 82' lang='lat' dir='ltr'>divinitatem</span> <span class='ocrx_word' id='word_1_358' title='bbox 3291 1701 3401 1755; x_wconf 90' lang='lat' dir='ltr'>sibi</span> <span class='ocrx_word' id='word_1_359' title='bbox 3429 1701 3627 1773; x_wconf 91' lang='lat' dir='ltr'>impu-</span> 
     </span>
    </p>
   </div>
   <div class='ocr_carea' id='block_1_50' title="bbox 1981 1785 3632 1863">
    <p class='ocr_par' dir='ltr' id='par_1_50' title="bbox 1981 1785 3632 1863">
     <span class='ocr_line' id='line_1_50' title="bbox 1981 1785 3632 1863; baseline 0.005 -24"><span class='ocrx_word' id='word_1_360' title='bbox 1981 1786 2184 1839; x_wconf 90' lang='lat' dir='ltr'>denter</span> <span class='ocrx_word' id='word_1_361' title='bbox 2213 1785 2479 1840; x_wconf 78' lang='lat' dir='ltr'>attribuit</span> <span class='ocrx_word' id='word_1_362' title='bbox 2506 1788 2534 1840; x_wconf 86' lang='lat'><strong><em>?</em></strong></span> <span class='ocrx_word' id='word_1_363' title='bbox 2578 1786 2776 1858; x_wconf 93' lang='lat' dir='ltr'>Neque</span> <span class='ocrx_word' id='word_1_364' title='bbox 2810 1789 2964 1843; x_wconf 88' lang='lat' dir='ltr'>enim</span> <span class='ocrx_word' id='word_1_365' title='bbox 3010 1788 3120 1844; x_wconf 93' lang='lat' dir='ltr'>soli</span> <span class='ocrx_word' id='word_1_366' title='bbox 3148 1794 3204 1845; x_wconf 89' lang='lat' dir='ltr'>et</span> <span class='ocrx_word' id='word_1_367' title='bbox 3234 1790 3407 1860; x_wconf 65' lang='lat' dir='ltr'>lunae,</span> <span class='ocrx_word' id='word_1_368' title='bbox 3440 1808 3632 1863; x_wconf 86' lang='lat' dir='ltr'>neque</span> 
     </span>
    </p>
   </div>
   <div class='ocr_carea' id='block_1_51' title="bbox 1979 1873 3630 1951">
    <p class='ocr_par' dir='ltr' id='par_1_51' title="bbox 1979 1873 3630 1951">
     <span class='ocr_line' id='line_1_51' title="bbox 1979 1873 3630 1951; baseline 0.005 -23"><span class='ocrx_word' id='word_1_369' title='bbox 1979 1873 2111 1929; x_wconf 90' lang='lat' dir='ltr'>aliis</span> <span class='ocrx_word' id='word_1_370' title='bbox 2167 1875 2341 1929; x_wconf 85' lang='lat' dir='ltr'>rebus</span> <span class='ocrx_word' id='word_1_371' title='bbox 2390 1876 2619 1944; x_wconf 84' lang='lat' dir='ltr'>creatis,</span> <span class='ocrx_word' id='word_1_372' title='bbox 2668 1892 2858 1947; x_wconf 88' lang='lat' dir='ltr'>neque</span> <span class='ocrx_word' id='word_1_373' title='bbox 2903 1876 3015 1933; x_wconf 90' lang='lat' dir='ltr'>diis</span> <span class='ocrx_word' id='word_1_374' title='bbox 3046 1878 3309 1949; x_wconf 88' lang='lat' dir='ltr'>gentium</span> <span class='ocrx_word' id='word_1_375' title='bbox 3350 1894 3487 1951; x_wconf 88' lang='lat' dir='ltr'>rogo</span> <span class='ocrx_word' id='word_1_376' title='bbox 3526 1898 3630 1936; x_wconf 88' lang='lat' dir='ltr'>vos</span> 
     </span>
    </p>
   </div>
   <div class='ocr_carea' id='block_1_52' title="bbox 1980 1963 3628 2041">
    <p class='ocr_par' dir='ltr' id='par_1_52' title="bbox 1980 1963 3628 2041">
     <span class='ocr_line' id='line_1_52' title="bbox 1980 1963 3628 2041; baseline 0.004 -25"><span class='ocrx_word' id='word_1_377' title='bbox 1980 1963 2207 2017; x_wconf 88' lang='lat' dir='ltr'>cultum</span> <span class='ocrx_word' id='word_1_378' title='bbox 2232 1963 2490 2018; x_wconf 86' lang='lat' dir='ltr'>tribuere</span> <span class='ocrx_word' id='word_1_379' title='bbox 2511 1964 2708 2031; x_wconf 90' lang='lat' dir='ltr'>(absit,</span> <span class='ocrx_word' id='word_1_380' title='bbox 2734 1970 2799 2020; x_wconf 87' lang='lat' dir='ltr'>ut</span> <span class='ocrx_word' id='word_1_381' title='bbox 2820 1965 2930 2021; x_wconf 88' lang='lat' dir='ltr'>sim</span> <span class='ocrx_word' id='word_1_382' title='bbox 2960 1968 3101 2022; x_wconf 87' lang='lat' dir='ltr'>adeo</span> <span class='ocrx_word' id='word_1_383' title='bbox 3124 1972 3327 2023; x_wconf 66' lang='lat' dir='ltr'>emotae</span> <span class='ocrx_word' id='word_1_384' title='bbox 3352 1969 3628 2041; x_wconf 81' lang='lat' dir='ltr'>mentis!)</span> 
     </span>
    </p>
   </div>
   <div class='ocr_carea' id='block_1_53' title="bbox 1977 2051 3633 2125">
    <p class='ocr_par' dir='ltr' id='par_1_53' title="bbox 1977 2051 3633 2125">
     <span class='ocr_line' id='line_1_53' title="bbox 1977 2051 3633 2125; baseline 0.005 -19"><span class='ocrx_word' id='word_1_385' title='bbox 1977 2052 2079 2106; x_wconf 91' lang='lat' dir='ltr'>sed</span> <span class='ocrx_word' id='word_1_386' title='bbox 2113 2051 2229 2107; x_wconf 90' lang='lat' dir='ltr'>Deo</span> <span class='ocrx_word' id='word_1_387' title='bbox 2260 2051 2391 2119; x_wconf 90' lang='lat' dir='ltr'>soli,</span> <span class='ocrx_word' id='word_1_388' title='bbox 2430 2054 2527 2121; x_wconf 90' lang='lat' dir='ltr'>qui</span> <span class='ocrx_word' id='word_1_389' title='bbox 2569 2054 2764 2109; x_wconf 86' lang='lat' dir='ltr'>omnia</span> <span class='ocrx_word' id='word_1_390' title='bbox 2797 2054 3089 2125; x_wconf 84' lang='lat' dir='ltr'>producit,</span> <span class='ocrx_word' id='word_1_391' title='bbox 3132 2061 3189 2111; x_wconf 89' lang='lat' dir='ltr'>et</span> <span class='ocrx_word' id='word_1_392' title='bbox 3233 2061 3324 2112; x_wconf 92' lang='lat' dir='ltr'>est</span> <span class='ocrx_word' id='word_1_393' title='bbox 3355 2057 3517 2114; x_wconf 87' lang='lat' dir='ltr'>Pater</span> <span class='ocrx_word' id='word_1_394' title='bbox 3547 2075 3633 2114; x_wconf 87' lang='lat' dir='ltr'>re-</span> 
     </span>
    </p>
   </div>
   <div class='ocr_carea' id='block_1_54' title="bbox 1977 2142 3633 2216">
    <p class='ocr_par' dir='ltr' id='par_1_54' title="bbox 1977 2142 3633 2216">
     <span class='ocr_line' id='line_1_54' title="bbox 1977 2142 3633 2216; baseline 0.005 -21"><span class='ocrx_word' id='word_1_395' title='bbox 1977 2157 2107 2195; x_wconf 89' lang='lat' dir='ltr'>rum</span> <span class='ocrx_word' id='word_1_396' title='bbox 2168 2146 2577 2212; x_wconf 89' lang='lat' dir='ltr'>generatarum</span> <span class='ocrx_word' id='word_1_397' title='bbox 2632 2158 2645 2197; x_wconf 93' lang='lat'><strong>:</strong></span> <span class='ocrx_word' id='word_1_398' title='bbox 2693 2142 2817 2213; x_wconf 88' lang='lat' dir='ltr'>qui,</span> <span class='ocrx_word' id='word_1_399' title='bbox 2858 2159 2990 2199; x_wconf 92' lang='lat' dir='ltr'>cum</span> <span class='ocrx_word' id='word_1_400' title='bbox 3048 2145 3125 2199; x_wconf 85' lang='lat' dir='ltr'>sit</span> <span class='ocrx_word' id='word_1_401' title='bbox 3168 2145 3517 2216; x_wconf 88' lang='lat' dir='ltr'>impatibilis</span> <span class='ocrx_word' id='word_1_402' title='bbox 3574 2153 3633 2203; x_wconf 86' lang='lat' dir='ltr'>et</span> 
     </span>
    </p>
   </div>
   <div class='ocr_carea' id='block_1_55' title="bbox 1978 2231 3377 2304">
    <p class='ocr_par' dir='ltr' id='par_1_55' title="bbox 1978 2231 3377 2304">
     <span class='ocr_line' id='line_1_55' title="bbox 1978 2231 3377 2304; baseline 0.002 -20"><span class='ocrx_word' id='word_1_403' title='bbox 1978 2245 2180 2300; x_wconf 84' lang='lat' dir='ltr'>expers</span> <span class='ocrx_word' id='word_1_404' title='bbox 2204 2231 2479 2297; x_wconf 65' lang='lat' dir='ltr'>materiai,</span> <span class='ocrx_word' id='word_1_405' title='bbox 2511 2246 2793 2302; x_wconf 86' lang='lat' dir='ltr'>generare</span> <span class='ocrx_word' id='word_1_406' title='bbox 2826 2233 3013 2287; x_wconf 85' lang='lat' dir='ltr'>nescit</span> <span class='ocrx_word' id='word_1_407' title='bbox 3038 2234 3377 2304; x_wconf 91' lang='lat' dir='ltr'>patibiliter.</span> 
     </span>
    </p>
   </div>
   <div class='ocr_carea' id='block_1_56' title="bbox 2050 2318 3633 2389">
    <p class='ocr_par' dir='ltr' id='par_1_56' title="bbox 2050 2318 3633 2389">
     <span class='ocr_line' id='line_1_56' title="bbox 2050 2318 3633 2389; baseline 0.004 -16"><span class='ocrx_word' id='word_1_408' title='bbox 2050 2318 2136 2373; x_wconf 89' lang='lat' dir='ltr'>1X.</span> <span class='ocrx_word' id='word_1_409' title='bbox 2167 2318 2268 2374; x_wconf 90' lang='lat' dir='ltr'>Cui</span> <span class='ocrx_word' id='word_1_410' title='bbox 2318 2336 2632 2389; x_wconf 84' lang='lat' dir='ltr'>generosus</span> <span class='ocrx_word' id='word_1_411' title='bbox 2665 2321 2883 2376; x_wconf 87' lang='lat' dir='ltr'>Aretha</span> <span class='ocrx_word' id='word_1_412' title='bbox 2918 2338 3051 2376; x_wconf 91' lang='lat' dir='ltr'>cum</span> <span class='ocrx_word' id='word_1_413' title='bbox 3092 2323 3267 2378; x_wconf 91' lang='lat' dir='ltr'>sociis</span> <span class='ocrx_word' id='word_1_414' title='bbox 3302 2340 3315 2376; x_wconf 91' lang='lat'><strong>:</strong></span> <span class='ocrx_word' id='word_1_415' title='bbox 3352 2324 3465 2380; x_wconf 86' lang='lat' dir='ltr'>Cur</span> <span class='ocrx_word' id='word_1_416' title='bbox 3510 2324 3633 2380; x_wconf 72' lang='lat' dir='ltr'>haec</span> 
     </span>
    </p>
   </div>
   <div class='ocr_carea' id='block_1_57' title="bbox 1981 2407 3635 2484">
    <p class='ocr_par' dir='ltr' id='par_1_57' title="bbox 1981 2407 3635 2484">
     <span class='ocr_line' id='line_1_57' title="bbox 1981 2407 3635 2484; baseline 0.005 -23"><span class='ocrx_word' id='word_1_417' title='bbox 1981 2407 2195 2474; x_wconf 82' lang='lat' dir='ltr'>dixisti,</span> <span class='ocrx_word' id='word_1_418' title='bbox 2228 2425 2261 2464; x_wconf 91' lang='grc' dir='ltr'>ο</span> <span class='ocrx_word' id='word_1_419' title='bbox 2293 2408 2437 2462; x_wconf 84' lang='lat' dir='ltr'>rex?</span> <span class='ocrx_word' id='word_1_420' title='bbox 2491 2413 2685 2479; x_wconf 87' lang='lat' dir='ltr'>Neque</span> <span class='ocrx_word' id='word_1_421' title='bbox 2720 2426 2825 2464; x_wconf 92' lang='lat' dir='ltr'>nos</span> <span class='ocrx_word' id='word_1_422' title='bbox 2877 2411 3131 2465; x_wconf 89' lang='lat' dir='ltr'>dicimus</span> <span class='ocrx_word' id='word_1_423' title='bbox 3181 2412 3366 2467; x_wconf 89' lang='lat' dir='ltr'>Deum</span> <span class='ocrx_word' id='word_1_424' title='bbox 3399 2413 3635 2484; x_wconf 83' lang='lat' dir='ltr'>gignere</span> 
     </span>
    </p>
   </div>
   <div class='ocr_carea' id='block_1_58' title="bbox 1980 2495 3633 2568">
    <p class='ocr_par' dir='ltr' id='par_1_58' title="bbox 1980 2495 3633 2568">
     <span class='ocr_line' id='line_1_58' title="bbox 1980 2495 3633 2568; baseline 0.005 -19"><span class='ocrx_word' id='word_1_425' title='bbox 1980 2495 2317 2566; x_wconf 86' lang='lat' dir='ltr'>patibiliter,</span> <span class='ocrx_word' id='word_1_426' title='bbox 2379 2498 2478 2551; x_wconf 90' lang='lat' dir='ltr'>sed</span> <span class='ocrx_word' id='word_1_427' title='bbox 2513 2496 2939 2568; x_wconf 80' lang='lat' dir='ltr'>impatibiliter,</span> <span class='ocrx_word' id='word_1_428' title='bbox 2978 2503 3041 2553; x_wconf 89' lang='lat' dir='ltr'>ut</span> <span class='ocrx_word' id='word_1_429' title='bbox 3085 2516 3252 2556; x_wconf 89' lang='lat' dir='ltr'>mens</span> <span class='ocrx_word' id='word_1_430' title='bbox 3303 2516 3633 2558; x_wconf 82' lang='lat' dir='ltr'>sermonem</span> 
     </span>
    </p>
   </div>
   <div class='ocr_carea' id='block_1_59' title="bbox 1980 2584 3638 2656">
    <p class='ocr_par' dir='ltr' id='par_1_59' title="bbox 1980 2584 3638 2656">
     <span class='ocr_line' id='line_1_59' title="bbox 1980 2584 3638 2656; baseline 0.005 -18"><span class='ocrx_word' id='word_1_431' title='bbox 1980 2584 2185 2656; x_wconf 88' lang='lat' dir='ltr'>gignit.</span> <span class='ocrx_word' id='word_1_432' title='bbox 2219 2584 2389 2639; x_wconf 89' lang='lat' dir='ltr'>Illum</span> <span class='ocrx_word' id='word_1_433' title='bbox 2422 2589 2616 2640; x_wconf 90' lang='lat' dir='ltr'>autem</span> <span class='ocrx_word' id='word_1_434' title='bbox 2650 2586 2993 2652; x_wconf 87' lang='lat' dir='ltr'>asserimus,</span> <span class='ocrx_word' id='word_1_435' title='bbox 3024 2592 3233 2643; x_wconf 63' lang='lat' dir='ltr'>nostra:</span> <span class='ocrx_word' id='word_1_436' title='bbox 3264 2595 3481 2646; x_wconf 62' lang='lat' dir='ltr'>natura;</span> <span class='ocrx_word' id='word_1_437' title='bbox 3514 2608 3638 2647; x_wconf 85' lang='lat' dir='ltr'>mo-</span> 
     </span>
    </p>
   </div>
   <div class='ocr_carea' id='block_1_60' title="bbox 1980 2674 3637 2750">
    <p class='ocr_par' dir='ltr' id='par_1_60' title="bbox 1980 2674 3637 2750">
     <span class='ocr_line' id='line_1_60' title="bbox 1980 2674 3637 2750; baseline 0.005 -21"><span class='ocrx_word' id='word_1_438' title='bbox 1980 2678 2103 2729; x_wconf 90' lang='lat' dir='ltr'>tum</span> <span class='ocrx_word' id='word_1_439' title='bbox 2165 2674 2579 2741; x_wconf 83' lang='lat' dir='ltr'>misericordia,</span> <span class='ocrx_word' id='word_1_440' title='bbox 2615 2675 2844 2731; x_wconf 85' lang='lat' dir='ltr'>misisse</span> <span class='ocrx_word' id='word_1_441' title='bbox 2904 2677 3139 2746; x_wconf 88' lang='lat' dir='ltr'>Filium,</span> <span class='ocrx_word' id='word_1_442' title='bbox 3200 2679 3273 2735; x_wconf 93' lang='lat' dir='ltr'>ad</span> <span class='ocrx_word' id='word_1_443' title='bbox 3307 2679 3637 2750; x_wconf 85' lang='lat' dir='ltr'>hominum,</span> 
     </span>
    </p>
   </div>
   <div class='ocr_carea' id='block_1_61' title="bbox 1980 2765 3643 2841">
    <p class='ocr_par' dir='ltr' id='par_1_61' title="bbox 1980 2765 3643 2841">
     <span class='ocr_line' id='line_1_61' title="bbox 1980 2765 3643 2841; baseline 0.006 -23"><span class='ocrx_word' id='word_1_444' title='bbox 1980 2766 2244 2835; x_wconf 89' lang='lat' dir='ltr'>inquam,</span> <span class='ocrx_word' id='word_1_445' title='bbox 2280 2765 2647 2828; x_wconf 76' lang='lat' dir='ltr'>beneficium.</span> <span class='ocrx_word' id='word_1_446' title='bbox 2700 2767 2843 2822; x_wconf 88' lang='lat' dir='ltr'>adeo</span> <span class='ocrx_word' id='word_1_447' title='bbox 2876 2772 2941 2822; x_wconf 91' lang='lat' dir='ltr'>ut</span> <span class='ocrx_word' id='word_1_448' title='bbox 2989 2772 3049 2823; x_wconf 92' lang='lat' dir='ltr'>et</span> <span class='ocrx_word' id='word_1_449' title='bbox 3086 2785 3324 2825; x_wconf 90' lang='lat' dir='ltr'>carnem</span> <span class='ocrx_word' id='word_1_450' title='bbox 3358 2773 3643 2841; x_wconf 87' lang='lat' dir='ltr'>acceperit</span> 
     </span>
    </p>
   </div>
   <div class='ocr_carea' id='block_1_62' title="bbox 1981 2854 3640 2926">
    <p class='ocr_par' dir='ltr' id='par_1_62' title="bbox 1981 2854 3640 2926">
     <span class='ocr_line' id='line_1_62' title="bbox 1981 2854 3640 2926; baseline 0.005 -17"><span class='ocrx_word' id='word_1_451' title='bbox 1981 2870 2050 2909; x_wconf 88' lang='lat' dir='ltr'>ex</span> <span class='ocrx_word' id='word_1_452' title='bbox 2081 2854 2274 2925; x_wconf 87' lang='lat' dir='ltr'>puella</span> <span class='ocrx_word' id='word_1_453' title='bbox 2304 2854 2548 2925; x_wconf 90' lang='lat' dir='ltr'>virgine,</span> <span class='ocrx_word' id='word_1_454' title='bbox 2583 2860 2639 2910; x_wconf 89' lang='lat' dir='ltr'>et</span> <span class='ocrx_word' id='word_1_455' title='bbox 2665 2871 2767 2926; x_wconf 92' lang='lat' dir='ltr'>per</span> <span class='ocrx_word' id='word_1_456' title='bbox 2786 2856 2983 2911; x_wconf 83' lang='lat' dir='ltr'>omnia</span> <span class='ocrx_word' id='word_1_457' title='bbox 3006 2857 3177 2913; x_wconf 91' lang='lat' dir='ltr'>nobis</span> <span class='ocrx_word' id='word_1_458' title='bbox 3211 2858 3427 2916; x_wconf 89' lang='lat' dir='ltr'>similis</span> <span class='ocrx_word' id='word_1_459' title='bbox 3449 2860 3640 2917; x_wconf 77' lang='lat' dir='ltr'>factus</span> 
     </span>
    </p>
   </div>
   <div class='ocr_carea' id='block_1_63' title="bbox 1982 2942 3639 3020">
    <p class='ocr_par' dir='ltr' id='par_1_63' title="bbox 1982 2942 3639 3020">
     <span class='ocr_line' id='line_1_63' title="bbox 1982 2942 3639 3020; baseline 0.006 -23"><span class='ocrx_word' id='word_1_460' title='bbox 1982 2942 2057 2997; x_wconf 86' lang='lat' dir='ltr'>sit</span> <span class='ocrx_word' id='word_1_461' title='bbox 2088 2944 2307 3012; x_wconf 88' lang='lat' dir='ltr'>absque</span> <span class='ocrx_word' id='word_1_462' title='bbox 2353 2948 2610 3015; x_wconf 90' lang='lat' dir='ltr'>peccato,</span> <span class='ocrx_word' id='word_1_463' title='bbox 2672 2949 2728 2999; x_wconf 91' lang='lat' dir='ltr'>et</span> <span class='ocrx_word' id='word_1_464' title='bbox 2771 2947 2971 3001; x_wconf 86' lang='lat' dir='ltr'>omnia</span> <span class='ocrx_word' id='word_1_465' title='bbox 3015 2947 3358 3019; x_wconf 84' lang='lat' dir='ltr'>impleverit,</span> <span class='ocrx_word' id='word_1_466' title='bbox 3412 2966 3537 3020; x_wconf 68' lang='lat' dir='ltr'>quae</span> <span class='ocrx_word' id='word_1_467' title='bbox 3569 2952 3639 3007; x_wconf 89' lang='lat' dir='ltr'>de</span> 
     </span>
    </p>
   </div>
   <div class='ocr_carea' id='block_1_64' title="bbox 1982 3029 3637 3103">
    <p class='ocr_par' dir='ltr' id='par_1_64' title="bbox 1982 3029 3637 3103">
     <span class='ocr_line' id='line_1_64' title="bbox 1982 3029 3637 3103; baseline 0.005 -20"><span class='ocrx_word' id='word_1_468' title='bbox 1982 3029 2109 3100; x_wconf 87' lang='lat' dir='ltr'>ipso</span> <span class='ocrx_word' id='word_1_469' title='bbox 2152 3046 2184 3084; x_wconf 91' lang='lat' dir='ltr'>a</span> <span class='ocrx_word' id='word_1_470' title='bbox 2242 3030 2541 3103; x_wconf 86' lang='lat' dir='ltr'>prophetis</span> <span class='ocrx_word' id='word_1_471' title='bbox 2582 3030 2789 3087; x_wconf 89' lang='lat' dir='ltr'>multis</span> <span class='ocrx_word' id='word_1_472' title='bbox 2849 3037 2988 3089; x_wconf 88' lang='lat' dir='ltr'>ante</span> <span class='ocrx_word' id='word_1_473' title='bbox 3037 3033 3209 3089; x_wconf 89' lang='lat' dir='ltr'>annis</span> <span class='ocrx_word' id='word_1_474' title='bbox 3260 3035 3416 3090; x_wconf 88' lang='lat' dir='ltr'>dicta</span> <span class='ocrx_word' id='word_1_475' title='bbox 3454 3045 3637 3091; x_wconf 88' lang='lat' dir='ltr'>sunt:</span> 
     </span>
    </p>
   </div>
   <div class='ocr_carea' id='block_1_65' title="bbox 1987 3119 3639 3195">
    <p class='ocr_par' dir='ltr' id='par_1_65' title="bbox 1987 3119 3639 3195">
     <span class='ocr_line' id='line_1_65' title="bbox 1987 3119 3639 3195; baseline 0.005 -23"><span class='ocrx_word' id='word_1_476' title='bbox 1987 3136 2113 3190; x_wconf 74' lang='lat' dir='ltr'>quae</span> <span class='ocrx_word' id='word_1_477' title='bbox 2148 3119 2388 3191; x_wconf 90' lang='lat' dir='ltr'>quidem</span> <span class='ocrx_word' id='word_1_478' title='bbox 2442 3130 2502 3175; x_wconf 88' lang='lat' dir='ltr'>tu</span> <span class='ocrx_word' id='word_1_479' title='bbox 2563 3136 2792 3192; x_wconf 90' lang='lat' dir='ltr'>quoque</span> <span class='ocrx_word' id='word_1_480' title='bbox 2822 3122 2961 3190; x_wconf 83' lang='lat' dir='ltr'>scis,</span> <span class='ocrx_word' id='word_1_481' title='bbox 3019 3122 3120 3193; x_wconf 89' lang='lat' dir='ltr'>qui</span> <span class='ocrx_word' id='word_1_482' title='bbox 3180 3123 3372 3195; x_wconf 86' lang='lat' dir='ltr'>legisti</span> <span class='ocrx_word' id='word_1_483' title='bbox 3406 3122 3639 3180; x_wconf 88' lang='lat' dir='ltr'>illorum</span> 
     </span>
    </p>
   </div>
   <div class='ocr_carea' id='block_1_66' title="bbox 224 3188 1879 3285">
    <p class='ocr_par' dir='ltr' id='par_1_66' title="bbox 224 3208 1871 3285">
     <span class='ocr_line' id='line_1_66' title="bbox 224 3208 1871 3285; baseline -0.005 -15"><span class='ocrx_word' id='word_1_484' title='bbox 224 3217 315 3271; x_wconf 89' lang='grc' dir='ltr'>καὶ</span> <span class='ocrx_word' id='word_1_485' title='bbox 364 3213 642 3275; x_wconf 78' lang='grc' dir='ltr'>πολλάκις</span> <span class='ocrx_word' id='word_1_486' title='bbox 709 3211 797 3268; x_wconf 79' lang='grc' dir='ltr'>διὰ</span> <span class='ocrx_word' id='word_1_487' title='bbox 863 3216 970 3267; x_wconf 91' lang='grc' dir='ltr'>τῶν</span> <span class='ocrx_word' id='word_1_488' title='bbox 1042 3212 1174 3285; x_wconf 73' lang='grc' dir='ltr'>ὑπὲρ</span> <span class='ocrx_word' id='word_1_489' title='bbox 1237 3212 1522 3283; x_wconf 80' lang='grc' dir='ltr'>ἄνθρωπον</span> <span class='ocrx_word' id='word_1_490' title='bbox 1580 3208 1871 3282; x_wconf 83' lang='grc' dir='ltr'>θαυμάτων</span> 
     </span>
    </p>
   </div>
   <div class='ocr_carea' id='block_1_67' title="bbox 1991 3188 3640 3285">
    <p class='ocr_par' dir='ltr' id='par_1_67' title="bbox 1991 3208 3640 3282">
     <span class='ocr_line' id='line_1_67' title="bbox 1991 3208 3640 3282; baseline 0.004 -19"><span class='ocrx_word' id='word_1_491' title='bbox 1991 3208 2189 3263; x_wconf 90' lang='lat' dir='ltr'>libros.</span> <span class='ocrx_word' id='word_1_492' title='bbox 2214 3208 2322 3273; x_wconf 88' lang='lat' dir='ltr'>Qui</span> <span class='ocrx_word' id='word_1_493' title='bbox 2352 3210 2525 3263; x_wconf 86' lang='lat' dir='ltr'>etiam</span> <span class='ocrx_word' id='word_1_494' title='bbox 2552 3225 2705 3279; x_wconf 64' lang='lat' dir='ltr'>saepe</span> <span class='ocrx_word' id='word_1_495' title='bbox 2747 3227 2847 3279; x_wconf 91' lang='lat' dir='ltr'>per</span> <span class='ocrx_word' id='word_1_496' title='bbox 2893 3211 3181 3267; x_wconf 88' lang='lat' dir='ltr'>miracula</span> <span class='ocrx_word' id='word_1_497' title='bbox 3211 3229 3336 3282; x_wconf 77' lang='lat' dir='ltr'>quae</span> <span class='ocrx_word' id='word_1_498' title='bbox 3369 3218 3509 3268; x_wconf 89' lang='lat' dir='ltr'>sunt</span> <span class='ocrx_word' id='word_1_499' title='bbox 3539 3231 3640 3269; x_wconf 88' lang='lat' dir='ltr'>su—</span> 
     </span>
    </p>
   </div>
   <div class='ocr_carea' id='block_1_68' title="bbox 227 3297 1879 3378">
    <p class='ocr_par' dir='ltr' id='par_1_68' title="bbox 227 3297 1879 3378">
     <span class='ocr_line' id='line_1_68' title="bbox 227 3297 1879 3378; baseline -0.006 -18"><span class='ocrx_word' id='word_1_500' title='bbox 227 3306 394 3376; x_wconf 78' lang='grc' dir='ltr'>αὐτήν</span> <span class='ocrx_word' id='word_1_501' title='bbox 423 3325 481 3358; x_wconf 85' lang='grc' dir='ltr'>τε</span> <span class='ocrx_word' id='word_1_502' title='bbox 528 3316 921 3378; x_wconf 74' lang='grc' dir='ltr'>παρεγύμνωσε</span> <span class='ocrx_word' id='word_1_503' title='bbox 965 3304 1068 3370; x_wconf 74' lang='grc' dir='ltr'>τὴν</span> <span class='ocrx_word' id='word_1_504' title='bbox 1122 3301 1373 3370; x_wconf 77' lang='grc' dir='ltr'>θεότητα,</span> <span class='ocrx_word' id='word_1_505' title='bbox 1425 3300 1516 3353; x_wconf 85' lang='grc' dir='ltr'>καὶ</span> <span class='ocrx_word' id='word_1_506' title='bbox 1547 3297 1581 3352; x_wconf 78' lang='grc' dir='ltr'><em>ἄ</em></span> <span class='ocrx_word' id='word_1_507' title='bbox 1610 3305 1708 3365; x_wconf 80' lang='grc' dir='ltr'>τῆς</span> <span class='ocrx_word' id='word_1_508' title='bbox 1756 3317 1879 3371; x_wconf 87' lang='grc' dir='ltr'>σαρ-</span> 
     </span>
    </p>
   </div>
   <div class='ocr_carea' id='block_1_69' title="bbox 228 3387 1875 3470">
    <p class='ocr_par' dir='ltr' id='par_1_69' title="bbox 228 3387 1875 3470">
     <span class='ocr_line' id='line_1_69' title="bbox 228 3387 1875 3470; baseline -0.007 -18"><span class='ocrx_word' id='word_1_509' title='bbox 228 3397 323 3459; x_wconf 83' lang='grc' dir='ltr'>γὸς</span> <span class='ocrx_word' id='word_1_510' title='bbox 377 3393 667 3470; x_wconf 75' lang='grc' dir='ltr'>ἀνείληφεν</span> <span class='ocrx_word' id='word_1_511' title='bbox 715 3394 812 3449; x_wconf 83' lang='grc' dir='ltr'>οὐκ</span> <span class='ocrx_word' id='word_1_512' title='bbox 873 3394 1172 3467; x_wconf 73' lang='grc' dir='ltr'>ἠρνήσατο.</span> <span class='ocrx_word' id='word_1_513' title='bbox 1225 3391 1322 3445; x_wconf 86' lang='grc' dir='ltr'>Καί</span> <span class='ocrx_word' id='word_1_514' title='bbox 1369 3413 1421 3446; x_wconf 92' lang='grc' dir='ltr'>τι</span> <span class='ocrx_word' id='word_1_515' title='bbox 1472 3388 1553 3444; x_wconf 85' lang='grc' dir='ltr'>δεῖ</span> <span class='ocrx_word' id='word_1_516' title='bbox 1606 3387 1875 3444; x_wconf 82' lang='grc' dir='ltr'>πλειόνων</span> 
     </span>
    </p>
   </div>
   <div class='ocr_carea' id='block_1_70' title="bbox 228 3479 1881 3560">
    <p class='ocr_par' dir='ltr' id='par_1_70' title="bbox 228 3479 1881 3560">
     <span class='ocr_line' id='line_1_70' title="bbox 228 3479 1881 3560; baseline -0.007 -18"><span class='ocrx_word' id='word_1_517' title='bbox 228 3485 452 3560; x_wconf 78' lang='grc' dir='ltr'>λόγωνς</span> <span class='ocrx_word' id='word_1_518' title='bbox 485 3487 695 3542; x_wconf 75' lang='grc' dir='ltr'>Τοῦτον</span> <span class='ocrx_word' id='word_1_519' title='bbox 726 3485 891 3556; x_wconf 79' lang='grc' dir='ltr'>ἡμεῖς</span> <span class='ocrx_word' id='word_1_520' title='bbox 922 3483 1010 3536; x_wconf 82' lang='grc' dir='ltr'>καὶ</span> <span class='ocrx_word' id='word_1_521' title='bbox 1054 3482 1204 3549; x_wconf 68' lang='grc' dir='ltr'>Θεὸν,</span> <span class='ocrx_word' id='word_1_522' title='bbox 1253 3481 1341 3534; x_wconf 69' lang='grc' dir='ltr'>καὶ</span> <span class='ocrx_word' id='word_1_523' title='bbox 1392 3483 1524 3534; x_wconf 74' lang='grc' dir='ltr'>Θεοῦ</span> <span class='ocrx_word' id='word_1_524' title='bbox 1568 3479 1688 3533; x_wconf 75' lang='grc' dir='ltr'>Υἱὸν</span> <span class='ocrx_word' id='word_1_525' title='bbox 1739 3480 1881 3549; x_wconf 88' lang='grc' dir='ltr'>ὁμο-</span> 
     </span>
    </p>
   </div>
   <div class='ocr_carea' id='block_1_71' title="bbox 228 3568 1880 3650">
    <p class='ocr_par' dir='ltr' id='par_1_71' title="bbox 228 3568 1880 3650">
     <span class='ocr_line' id='line_1_71' title="bbox 228 3568 1880 3650; baseline -0.008 -17"><span class='ocrx_word' id='word_1_526' title='bbox 228 3576 530 3650; x_wconf 80' lang='grc' dir='ltr'>λογοῦμεν,</span> <span class='ocrx_word' id='word_1_527' title='bbox 575 3572 663 3627; x_wconf 82' lang='grc' dir='ltr'>καὶ</span> <span class='ocrx_word' id='word_1_528' title='bbox 721 3572 853 3646; x_wconf 74' lang='grc' dir='ltr'>ὑπὲρ</span> <span class='ocrx_word' id='word_1_529' title='bbox 902 3572 1111 3640; x_wconf 79' lang='grc' dir='ltr'>ἀπάσης</span> <span class='ocrx_word' id='word_1_530' title='bbox 1160 3568 1581 3642; x_wconf 71' lang='grc' dir='ltr'>ἀπολογούμεθα</span> <span class='ocrx_word' id='word_1_531' title='bbox 1628 3574 1729 3636; x_wconf 80' lang='grc' dir='ltr'>τῆς</span> <span class='ocrx_word' id='word_1_532' title='bbox 1774 3568 1880 3621; x_wconf 90' lang='grc' dir='ltr'>πό-</span> 
     </span>
    </p>
   </div>
   <div class='ocr_carea' id='block_1_72' title="bbox 230 3656 1879 3735">
    <p class='ocr_par' dir='ltr' id='par_1_72' title="bbox 230 3656 1879 3735">
     <span class='ocr_line' id='line_1_72' title="bbox 230 3656 1879 3735; baseline -0.007 -14"><span class='ocrx_word' id='word_1_533' title='bbox 230 3663 396 3735; x_wconf 85' lang='grc' dir='ltr'>λεως,</span> <span class='ocrx_word' id='word_1_534' title='bbox 428 3664 517 3718; x_wconf 74' lang='grc' dir='ltr'>καὶ</span> <span class='ocrx_word' id='word_1_535' title='bbox 548 3666 654 3718; x_wconf 90' lang='grc' dir='ltr'>τῶν</span> <span class='ocrx_word' id='word_1_536' title='bbox 689 3660 875 3716; x_wconf 80' lang='grc' dir='ltr'>ἄλλων</span> <span class='ocrx_word' id='word_1_537' title='bbox 908 3662 1018 3714; x_wconf 84' lang='grc' dir='ltr'>τῶν</span> <span class='ocrx_word' id='word_1_538' title='bbox 1050 3659 1135 3733; x_wconf 72' lang='grc' dir='ltr'>ὑφ’</span> <span class='ocrx_word' id='word_1_539' title='bbox 1186 3660 1334 3731; x_wconf 84' lang='grc' dir='ltr'>ἡμᾶς</span> <span class='ocrx_word' id='word_1_540' title='bbox 1381 3656 1684 3713; x_wconf 87' lang='grc' dir='ltr'>τελούντων</span> <span class='ocrx_word' id='word_1_541' title='bbox 1740 3660 1879 3730; x_wconf 85' lang='grc' dir='ltr'>Χρι-</span> 
     </span>
    </p>
   </div>
   <div class='ocr_carea' id='block_1_73' title="bbox 228 3744 1881 3823">
    <p class='ocr_par' dir='ltr' id='par_1_73' title="bbox 228 3744 1881 3823">
     <span class='ocr_line' id='line_1_73' title="bbox 228 3744 1881 3823; baseline -0.008 -13"><span class='ocrx_word' id='word_1_542' title='bbox 228 3757 480 3810; x_wconf 67' lang='grc' dir='ltr'>πιάνῶν*</span> <span class='ocrx_word' id='word_1_543' title='bbox 515 3753 604 3807; x_wconf 73' lang='grc' dir='ltr'>καὶ</span> <span class='ocrx_word' id='word_1_544' title='bbox 636 3749 735 3805; x_wconf 79' lang='grc' dir='ltr'>οὐκ</span> <span class='ocrx_word' id='word_1_545' title='bbox 785 3744 899 3804; x_wconf 81' lang='grc' dir='ltr'>ἔστι</span> <span class='ocrx_word' id='word_1_546' title='bbox 955 3769 1008 3802; x_wconf 87' lang='grc' dir='ltr'>τι</span> <span class='ocrx_word' id='word_1_547' title='bbox 1059 3748 1304 3823; x_wconf 75' lang='grc' dir='ltr'>βασάνων</span> <span class='ocrx_word' id='word_1_548' title='bbox 1352 3744 1519 3815; x_wconf 78' lang='grc' dir='ltr'>εἶδος,</span> <span class='ocrx_word' id='word_1_549' title='bbox 1569 3746 1597 3800; x_wconf 80' lang='grc' dir='ltr'>ὃ</span> <span class='ocrx_word' id='word_1_550' title='bbox 1652 3746 1726 3818; x_wconf 84' lang='grc' dir='ltr'>μή</span> <span class='ocrx_word' id='word_1_551' title='bbox 1791 3744 1881 3799; x_wconf 84' lang='grc' dir='ltr'>καὶ</span> 
     </span>
    </p>
   </div>
   <div class='ocr_carea' id='block_1_74' title="bbox 228 3833 1882 3913">
    <p class='ocr_par' dir='ltr' id='par_1_74' title="bbox 228 3833 1882 3913">
     <span class='ocr_line' id='line_1_74' title="bbox 228 3833 1882 3913; baseline -0.007 -15"><span class='ocrx_word' id='word_1_552' title='bbox 228 3846 419 3899; x_wconf 85' lang='grc' dir='ltr'>παθεῖν</span> <span class='ocrx_word' id='word_1_553' title='bbox 452 3844 617 3913; x_wconf 71' lang='grc' dir='ltr'>ἡμεῖς</span> <span class='ocrx_word' id='word_1_554' title='bbox 649 3834 862 3911; x_wconf 78' lang='grc' dir='ltr'>ἕτοιμοι</span> <span class='ocrx_word' id='word_1_555' title='bbox 895 3834 964 3892; x_wconf 84' lang='grc' dir='ltr'>δι’</span> <span class='ocrx_word' id='word_1_556' title='bbox 991 3835 1176 3893; x_wconf 78' lang='grc' dir='ltr'>αὐτόν.</span> <span class='ocrx_word' id='word_1_557' title='bbox 1210 3835 1277 3892; x_wconf 88' lang='grc' dir='ltr'>Τί</span> <span class='ocrx_word' id='word_1_558' title='bbox 1307 3835 1410 3909; x_wconf 86' lang='grc' dir='ltr'>γάρ</span> <span class='ocrx_word' id='word_1_559' title='bbox 1454 3833 1513 3887; x_wconf 76' lang='grc' dir='ltr'>ἄν</span> <span class='ocrx_word' id='word_1_560' title='bbox 1560 3834 1650 3888; x_wconf 83' lang='grc' dir='ltr'>καὶ</span> <span class='ocrx_word' id='word_1_561' title='bbox 1707 3833 1882 3907; x_wconf 85' lang='grc' dir='ltr'>χωρί-</span> 
     </span>
    </p>
   </div>
   <div class='ocr_carea' id='block_1_75' title="bbox 231 3919 1885 4002">
    <p class='ocr_par' dir='ltr' id='par_1_75' title="bbox 231 3919 1885 4002">
     <span class='ocr_line' id='line_1_75' title="bbox 231 3919 1885 4002; baseline -0.007 -16"><span class='ocrx_word' id='word_1_562' title='bbox 231 3953 342 3986; x_wconf 88' lang='grc' dir='ltr'>σειε</span> <span class='ocrx_word' id='word_1_563' title='bbox 369 3938 470 4000; x_wconf 81' lang='grc' dir='ltr'>τῆς</span> <span class='ocrx_word' id='word_1_564' title='bbox 506 3934 602 3985; x_wconf 79' lang='grc' dir='ltr'>τοῦ</span> <span class='ocrx_word' id='word_1_565' title='bbox 645 3932 881 4002; x_wconf 79' lang='grc' dir='ltr'>Χρισνοῦ</span> <span class='ocrx_word' id='word_1_566' title='bbox 928 3926 1141 4002; x_wconf 79' lang='grc' dir='ltr'>ἀγάπης</span> <span class='ocrx_word' id='word_1_567' title='bbox 1191 3926 1380 3997; x_wconf 78' lang='grc' dir='ltr'>ἠμᾶς;</span> <span class='ocrx_word' id='word_1_568' title='bbox 1423 3921 1592 3980; x_wconf 61' lang='grc' dir='ltr'>Οὐδὲν</span> <span class='ocrx_word' id='word_1_569' title='bbox 1647 3919 1703 3977; x_wconf 79' lang='grc' dir='ltr'>δὲ</span> <span class='ocrx_word' id='word_1_570' title='bbox 1749 3925 1885 3995; x_wconf 79' lang='grc' dir='ltr'>ἡμῖν</span> 
     </span>
    </p>
   </div>
   <div class='ocr_carea' id='block_1_76' title="bbox 233 4011 1887 4093">
    <p class='ocr_par' dir='ltr' id='par_1_76' title="bbox 233 4011 1887 4093">
     <span class='ocr_line' id='line_1_76' title="bbox 233 4011 1887 4093; baseline -0.008 -17"><span class='ocrx_word' id='word_1_571' title='bbox 233 4020 323 4076; x_wconf 87' lang='grc' dir='ltr'>καὶ</span> <span class='ocrx_word' id='word_1_572' title='bbox 371 4016 653 4093; x_wconf 83' lang='grc' dir='ltr'>Νεστορίῳ</span> <span class='ocrx_word' id='word_1_573' title='bbox 752 4022 869 4078; x_wconf 87' lang='grc' dir='ltr'>τοῖς</span> <span class='ocrx_word' id='word_1_574' title='bbox 919 4013 1113 4075; x_wconf 79' lang='grc' dir='ltr'>ἄλλοις</span> <span class='ocrx_word' id='word_1_575' title='bbox 1165 4018 1281 4073; x_wconf 86' lang='grc' dir='ltr'>τοῖς</span> <span class='ocrx_word' id='word_1_576' title='bbox 1328 4013 1395 4067; x_wconf 75' lang='grc' dir='ltr'>τὰ</span> <span class='ocrx_word' id='word_1_577' title='bbox 1439 4011 1643 4067; x_wconf 86' lang='grc' dir='ltr'>ἐκείνου</span> <span class='ocrx_word' id='word_1_578' title='bbox 1694 4015 1887 4065; x_wconf 80' lang='grc' dir='ltr'>νοσοῦ-</span> 
     </span>
    </p>
   </div>
   <div class='ocr_carea' id='block_1_77' title="bbox 234 4100 1884 4183">
    <p class='ocr_par' dir='ltr' id='par_1_77' title="bbox 234 4100 1884 4183">
     <span class='ocr_line' id='line_1_77' title="bbox 234 4100 1884 4183; baseline -0.006 -19"><span class='ocrx_word' id='word_1_579' title='bbox 234 4130 338 4165; x_wconf 76' lang='grc' dir='ltr'>σιν’</span> <span class='ocrx_word' id='word_1_580' title='bbox 374 4108 428 4164; x_wconf 87' lang='grc' dir='ltr'>ο’ί</span> <span class='ocrx_word' id='word_1_581' title='bbox 459 4108 552 4163; x_wconf 87' lang='grc' dir='ltr'>τὸν</span> <span class='ocrx_word' id='word_1_582' title='bbox 608 4106 919 4183; x_wconf 76' lang='grc' dir='ltr'>ἂδιαιρέτω,</span> <span class='ocrx_word' id='word_1_583' title='bbox 972 4103 1235 4159; x_wconf 77' lang='grc' dir='ltr'>ἐνωθὲντα</span> <span class='ocrx_word' id='word_1_584' title='bbox 1281 4101 1370 4157; x_wconf 83' lang='grc' dir='ltr'>καὶ</span> <span class='ocrx_word' id='word_1_585' title='bbox 1421 4103 1541 4165; x_wconf 88' lang='grc' dir='ltr'>καθ’</span> <span class='ocrx_word' id='word_1_586' title='bbox 1592 4100 1884 4155; x_wconf 83' lang='grc' dir='ltr'>ὑπόστασιν</span> 
     </span>
    </p>
   </div>
   <div class='ocr_carea' id='block_1_78' title="bbox 237 4189 1885 4271">
    <p class='ocr_par' dir='ltr' id='par_1_78' title="bbox 237 4189 1885 4271">
     <span class='ocr_line' id='line_1_78' title="bbox 237 4189 1885 4271; baseline -0.004 -20"><span class='ocrx_word' id='word_1_587' title='bbox 237 4198 519 4271; x_wconf 79' lang='grc' dir='ltr'>ἄνθρωπον</span> <span class='ocrx_word' id='word_1_588' title='bbox 558 4201 640 4268; x_wconf 76' lang='grc' dir='ltr'>τῷ</span> <span class='ocrx_word' id='word_1_589' title='bbox 680 4202 795 4269; x_wconf 83' lang='grc' dir='ltr'>Θεῷ</span> <span class='ocrx_word' id='word_1_590' title='bbox 825 4196 1009 4271; x_wconf 78' lang='grc' dir='ltr'>Λόγῳ,</span> <span class='ocrx_word' id='word_1_591' title='bbox 1041 4192 1343 4265; x_wconf 87' lang='grc' dir='ltr'>τολμηρῶς</span> <span class='ocrx_word' id='word_1_592' title='bbox 1384 4189 1737 4251; x_wconf 82' lang='grc' dir='ltr'>διασπῶντως</span> <span class='ocrx_word' id='word_1_593' title='bbox 1786 4196 1885 4259; x_wconf 79' lang='grc' dir='ltr'>τῆς</span> 
     </span>
    </p>
   </div>
   <div class='ocr_carea' id='block_1_79' title="bbox 237 4277 1887 4360">
    <p class='ocr_par' dir='ltr' id='par_1_79' title="bbox 237 4277 1887 4360">
     <span class='ocr_line' id='line_1_79' title="bbox 237 4277 1887 4360; baseline -0.006 -19"><span class='ocrx_word' id='word_1_594' title='bbox 237 4290 335 4341; x_wconf 80' lang='grc' dir='ltr'>τοῦ</span> <span class='ocrx_word' id='word_1_595' title='bbox 368 4284 551 4360; x_wconf 89' lang='grc' dir='ltr'>Λόγου</span> <span class='ocrx_word' id='word_1_596' title='bbox 611 4284 755 4347; x_wconf 83' lang='grc' dir='ltr'>θείας</span> <span class='ocrx_word' id='word_1_597' title='bbox 804 4283 1173 4350; x_wconf 74' lang='grc' dir='ltr'>ὑποστάσεως,</span> <span class='ocrx_word' id='word_1_598' title='bbox 1230 4277 1641 4335; x_wconf 81' lang='grc' dir='ltr'>ἰδιοϋπόστατόν</span> <span class='ocrx_word' id='word_1_599' title='bbox 1690 4298 1748 4333; x_wconf 92' lang='grc' dir='ltr'>τε</span> <span class='ocrx_word' id='word_1_600' title='bbox 1795 4278 1887 4332; x_wconf 85' lang='grc' dir='ltr'>καὶ</span> 
     </span>
    </p>
   </div>
   <div class='ocr_carea' id='block_1_80' title="bbox 239 4366 1884 4449">
    <p class='ocr_par' dir='ltr' id='par_1_80' title="bbox 239 4366 1884 4449">
     <span class='ocr_line' id='line_1_80' title="bbox 239 4366 1884 4449; baseline -0.006 -19"><span class='ocrx_word' id='word_1_601' title='bbox 239 4373 405 4449; x_wconf 82' lang='grc' dir='ltr'>ψιλὸν</span> <span class='ocrx_word' id='word_1_602' title='bbox 439 4372 720 4445; x_wconf 70' lang='grc' dir='ltr'>ἄνθρωπον</span> <span class='ocrx_word' id='word_1_603' title='bbox 763 4374 856 4427; x_wconf 84' lang='grc' dir='ltr'>τὸν</span> <span class='ocrx_word' id='word_1_604' title='bbox 914 4373 1068 4447; x_wconf 84' lang='grc' dir='ltr'>σαρκὶ</span> <span class='ocrx_word' id='word_1_605' title='bbox 1120 4368 1442 4446; x_wconf 77' lang='grc' dir='ltr'>ἐπιφανέντα</span> <span class='ocrx_word' id='word_1_606' title='bbox 1492 4368 1666 4443; x_wconf 83' lang='grc' dir='ltr'>Λόγον</span> <span class='ocrx_word' id='word_1_607' title='bbox 1716 4366 1884 4422; x_wconf 71' lang='grc' dir='ltr'>εἰπεῖν</span> 
     </span>
    </p>
   </div>
   <div class='ocr_carea' id='block_1_81' title="bbox 241 4457 1888 4537">
    <p class='ocr_par' dir='ltr' id='par_1_81' title="bbox 241 4457 1888 4537">
     <span class='ocr_line' id='line_1_81' title="bbox 241 4457 1888 4537; baseline -0.005 -17"><span class='ocrx_word' id='word_1_608' title='bbox 241 4462 576 4537; x_wconf 78' lang='grc' dir='ltr'>ἐτόλμησαν·</span> <span class='ocrx_word' id='word_1_609' title='bbox 638 4459 692 4515; x_wconf 74' lang='lat' dir='ltr'>o&#39;i</span> <span class='ocrx_word' id='word_1_610' title='bbox 752 4482 813 4535; x_wconf 89' lang='grc' dir='ltr'>γε</span> <span class='ocrx_word' id='word_1_611' title='bbox 870 4460 1031 4532; x_wconf 77' lang='grc' dir='ltr'>ἀξίως</span> <span class='ocrx_word' id='word_1_612' title='bbox 1078 4462 1221 4533; x_wconf 79' lang='grc' dir='ltr'>παρὰ</span> <span class='ocrx_word' id='word_1_613' title='bbox 1265 4464 1373 4514; x_wconf 91' lang='grc' dir='ltr'>τῶν</span> <span class='ocrx_word' id='word_1_614' title='bbox 1422 4457 1581 4513; x_wconf 74' lang='grc' dir='ltr'>θείων</span> <span class='ocrx_word' id='word_1_615' title='bbox 1643 4457 1888 4531; x_wconf 75' lang='grc' dir='ltr'>πνευμά-</span> 
     </span>
    </p>
   </div>
   <div class='ocr_carea' id='block_1_82' title="bbox 1989 3297 3638 3368">
    <p class='ocr_par' dir='ltr' id='par_1_82' title="bbox 1989 3297 3638 3368">
     <span class='ocr_line' id='line_1_82' title="bbox 1989 3297 3638 3368; baseline 0.005 -18"><span class='ocrx_word' id='word_1_616' title='bbox 1989 3314 2096 3368; x_wconf 91' lang='lat' dir='ltr'>pra</span> <span class='ocrx_word' id='word_1_617' title='bbox 2152 3297 2470 3363; x_wconf 88' lang='lat' dir='ltr'>hominem,</span> <span class='ocrx_word' id='word_1_618' title='bbox 2516 3297 2703 3367; x_wconf 89' lang='lat' dir='ltr'>ipsam</span> <span class='ocrx_word' id='word_1_619' title='bbox 2737 3299 2990 3353; x_wconf 88' lang='lat' dir='ltr'>ostendit</span> <span class='ocrx_word' id='word_1_620' title='bbox 3047 3299 3409 3356; x_wconf 83' lang='lat' dir='ltr'>divinitatem</span> <span class='ocrx_word' id='word_1_621' title='bbox 3456 3306 3514 3357; x_wconf 90' lang='lat' dir='ltr'>et</span> <span class='ocrx_word' id='word_1_622' title='bbox 3578 3318 3638 3358; x_wconf 89' lang='lat' dir='ltr'>se</span> 
     </span>
    </p>
   </div>
   <div class='ocr_carea' id='block_1_83' title="bbox 1991 3385 3638 3463">
    <p class='ocr_par' dir='ltr' id='par_1_83' title="bbox 1991 3385 3638 3463">
     <span class='ocr_line' id='line_1_83' title="bbox 1991 3385 3638 3463; baseline 0.003 -22"><span class='ocrx_word' id='word_1_623' title='bbox 1991 3385 2319 3456; x_wconf 87' lang='lat' dir='ltr'>suscepisse</span> <span class='ocrx_word' id='word_1_624' title='bbox 2367 3400 2626 3454; x_wconf 88' lang='lat' dir='ltr'>carnem,</span> <span class='ocrx_word' id='word_1_625' title='bbox 2659 3403 2773 3440; x_wconf 91' lang='lat' dir='ltr'>non</span> <span class='ocrx_word' id='word_1_626' title='bbox 2805 3391 2894 3441; x_wconf 90' lang='lat' dir='ltr'>est</span> <span class='ocrx_word' id='word_1_627' title='bbox 2950 3387 3270 3445; x_wconf 83' lang='lat' dir='ltr'>inﬁciatus.</span> <span class='ocrx_word' id='word_1_628' title='bbox 3313 3390 3457 3455; x_wconf 88' lang='lat' dir='ltr'>Quid</span> <span class='ocrx_word' id='word_1_629' title='bbox 3490 3408 3638 3463; x_wconf 89' lang='lat' dir='ltr'>opus</span> 
     </span>
    </p>
   </div>
   <div class='ocr_carea' id='block_1_84' title="bbox 1990 3473 3638 3545">
    <p class='ocr_par' dir='ltr' id='par_1_84' title="bbox 1990 3473 3638 3545">
     <span class='ocr_line' id='line_1_84' title="bbox 1990 3473 3638 3545; baseline 0.003 -15"><span class='ocrx_word' id='word_1_630' title='bbox 1990 3479 2079 3530; x_wconf 91' lang='lat' dir='ltr'>est</span> <span class='ocrx_word' id='word_1_631' title='bbox 2122 3473 2440 3545; x_wconf 86' lang='lat' dir='ltr'>pluribus?</span> <span class='ocrx_word' id='word_1_632' title='bbox 2491 3473 2607 3529; x_wconf 91' lang='lat' dir='ltr'>Nos</span> <span class='ocrx_word' id='word_1_633' title='bbox 2644 3490 2776 3529; x_wconf 90' lang='lat' dir='ltr'>eum</span> <span class='ocrx_word' id='word_1_634' title='bbox 2834 3480 2891 3530; x_wconf 88' lang='lat' dir='ltr'>et</span> <span class='ocrx_word' id='word_1_635' title='bbox 2937 3475 3143 3545; x_wconf 90' lang='lat' dir='ltr'>Deum,</span> <span class='ocrx_word' id='word_1_636' title='bbox 3196 3482 3254 3532; x_wconf 89' lang='lat' dir='ltr'>et</span> <span class='ocrx_word' id='word_1_637' title='bbox 3297 3478 3396 3534; x_wconf 91' lang='lat' dir='ltr'>Dei</span> <span class='ocrx_word' id='word_1_638' title='bbox 3430 3480 3638 3535; x_wconf 85' lang='lat' dir='ltr'>Filium</span> 
     </span>
    </p>
   </div>
   <div class='ocr_carea' id='block_1_85' title="bbox 1991 3562 3640 3638">
    <p class='ocr_par' dir='ltr' id='par_1_85' title="bbox 1991 3562 3640 3638">
     <span class='ocr_line' id='line_1_85' title="bbox 1991 3562 3640 3638; baseline 0.003 -21"><span class='ocrx_word' id='word_1_639' title='bbox 1991 3563 2363 3629; x_wconf 81' lang='lat' dir='ltr'>confitemur,</span> <span class='ocrx_word' id='word_1_640' title='bbox 2398 3567 2455 3617; x_wconf 92' lang='lat' dir='ltr'>et</span> <span class='ocrx_word' id='word_1_641' title='bbox 2485 3579 2588 3633; x_wconf 92' lang='lat' dir='ltr'>pro</span> <span class='ocrx_word' id='word_1_642' title='bbox 2619 3562 2895 3618; x_wconf 90' lang='lat' dir='ltr'>universa</span> <span class='ocrx_word' id='word_1_643' title='bbox 2928 3565 3347 3634; x_wconf 88' lang='lat' dir='ltr'>respondemus</span> <span class='ocrx_word' id='word_1_644' title='bbox 3387 3566 3640 3638; x_wconf 88' lang='lat' dir='ltr'>civitate,</span> 
     </span>
    </p>
   </div>
   <div class='ocr_carea' id='block_1_86' title="bbox 1991 3651 3641 3727">
    <p class='ocr_par' dir='ltr' id='par_1_86' title="bbox 1991 3651 3641 3727">
     <span class='ocr_line' id='line_1_86' title="bbox 1991 3651 3641 3727; baseline 0.003 -19"><span class='ocrx_word' id='word_1_645' title='bbox 1991 3660 2046 3709; x_wconf 87' lang='lat' dir='ltr'>et</span> <span class='ocrx_word' id='word_1_646' title='bbox 2074 3651 2204 3708; x_wconf 88' lang='lat' dir='ltr'>aliis</span> <span class='ocrx_word' id='word_1_647' title='bbox 2236 3653 2600 3719; x_wconf 86' lang='lat' dir='ltr'>Christianis,</span> <span class='ocrx_word' id='word_1_648' title='bbox 2648 3653 2748 3725; x_wconf 90' lang='lat' dir='ltr'>qui</span> <span class='ocrx_word' id='word_1_649' title='bbox 2807 3659 2947 3709; x_wconf 91' lang='lat' dir='ltr'>sunt</span> <span class='ocrx_word' id='word_1_650' title='bbox 3000 3654 3171 3711; x_wconf 89' lang='lat' dir='ltr'>nobis</span> <span class='ocrx_word' id='word_1_651' title='bbox 3202 3657 3453 3727; x_wconf 89' lang='lat' dir='ltr'>subjecti</span> <span class='ocrx_word' id='word_1_652' title='bbox 3490 3674 3503 3711; x_wconf 89' lang='lat'><strong>:</strong></span> <span class='ocrx_word' id='word_1_653' title='bbox 3538 3674 3641 3713; x_wconf 88' lang='lat' dir='ltr'>ne-</span> 
     </span>
    </p>
   </div>
   <div class='ocr_carea' id='block_1_87' title="bbox 1994 3744 3644 3820">
    <p class='ocr_par' dir='ltr' id='par_1_87' title="bbox 1994 3744 3644 3820">
     <span class='ocr_line' id='line_1_87' title="bbox 1994 3744 3644 3820; baseline 0.002 -21"><span class='ocrx_word' id='word_1_654' title='bbox 1994 3760 2108 3815; x_wconf 90' lang='lat' dir='ltr'>que</span> <span class='ocrx_word' id='word_1_655' title='bbox 2160 3748 2249 3800; x_wconf 86' lang='lat' dir='ltr'>est</span> <span class='ocrx_word' id='word_1_656' title='bbox 2279 3744 2467 3799; x_wconf 86' lang='lat' dir='ltr'>ullum</span> <span class='ocrx_word' id='word_1_657' title='bbox 2500 3760 2686 3816; x_wconf 88' lang='lat' dir='ltr'>genus</span> <span class='ocrx_word' id='word_1_658' title='bbox 2714 3746 3012 3811; x_wconf 87' lang='lat' dir='ltr'>tormenti,</span> <span class='ocrx_word' id='word_1_659' title='bbox 3045 3746 3203 3817; x_wconf 91' lang='lat' dir='ltr'>quod</span> <span class='ocrx_word' id='word_1_660' title='bbox 3244 3764 3357 3803; x_wconf 93' lang='lat' dir='ltr'>non</span> <span class='ocrx_word' id='word_1_661' title='bbox 3408 3752 3644 3820; x_wconf 90' lang='lat' dir='ltr'>propter</span> 
     </span>
    </p>
   </div>
   <div class='ocr_carea' id='block_1_88' title="bbox 1992 3834 3646 3907">
    <p class='ocr_par' dir='ltr' id='par_1_88' title="bbox 1992 3834 3646 3907">
     <span class='ocr_line' id='line_1_88' title="bbox 1992 3834 3646 3907; baseline 0.001 -18"><span class='ocrx_word' id='word_1_662' title='bbox 1992 3834 2190 3906; x_wconf 91' lang='lat' dir='ltr'>ipsum</span> <span class='ocrx_word' id='word_1_663' title='bbox 2233 3834 2417 3904; x_wconf 87' lang='lat' dir='ltr'>parati</span> <span class='ocrx_word' id='word_1_664' title='bbox 2450 3834 2634 3889; x_wconf 89' lang='lat' dir='ltr'>simus</span> <span class='ocrx_word' id='word_1_665' title='bbox 2671 3834 2804 3905; x_wconf 88' lang='lat' dir='ltr'>pati.</span> <span class='ocrx_word' id='word_1_666' title='bbox 2853 3834 2997 3897; x_wconf 89' lang='lat' dir='ltr'>Quid</span> <span class='ocrx_word' id='word_1_667' title='bbox 3056 3836 3213 3891; x_wconf 90' lang='lat' dir='ltr'>enim</span> <span class='ocrx_word' id='word_1_668' title='bbox 3274 3852 3378 3892; x_wconf 91' lang='lat' dir='ltr'>nos</span> <span class='ocrx_word' id='word_1_669' title='bbox 3408 3853 3646 3907; x_wconf 83' lang='lat' dir='ltr'>separa-</span> 
     </span>
    </p>
   </div>
   <div class='ocr_carea' id='block_1_89' title="bbox 1996 3922 3646 3982">
    <p class='ocr_par' dir='ltr' id='par_1_89' title="bbox 1996 3922 3646 3982">
     <span class='ocr_line' id='line_1_89' title="bbox 1996 3922 3646 3982; baseline 0.003 -5"><span class='ocrx_word' id='word_1_670' title='bbox 1996 3923 2135 3978; x_wconf 84' lang='lat' dir='ltr'>verit</span> <span class='ocrx_word' id='word_1_671' title='bbox 2166 3940 2200 3978; x_wconf 86' lang='lat' dir='ltr'>a</span> <span class='ocrx_word' id='word_1_672' title='bbox 2229 3923 2510 3977; x_wconf 90' lang='lat' dir='ltr'>charitate</span> <span class='ocrx_word' id='word_1_673' title='bbox 2543 3922 2807 3978; x_wconf 87' lang='lat' dir='ltr'>Christi?</span> <span class='ocrx_word' id='word_1_674' title='bbox 2834 3923 2989 3978; x_wconf 85' lang='lat' dir='ltr'>Nihil</span> <span class='ocrx_word' id='word_1_675' title='bbox 3015 3929 3208 3981; x_wconf 88' lang='lat' dir='ltr'>autem</span> <span class='ocrx_word' id='word_1_676' title='bbox 3244 3925 3324 3979; x_wconf 89' lang='lat' dir='ltr'>rei</span> <span class='ocrx_word' id='word_1_677' title='bbox 3355 3931 3445 3981; x_wconf 91' lang='lat' dir='ltr'>est</span> <span class='ocrx_word' id='word_1_678' title='bbox 3474 3927 3646 3982; x_wconf 86' lang='lat' dir='ltr'>nobis</span> 
     </span>
    </p>
   </div>
   <div class='ocr_carea' id='block_1_90' title="bbox 1996 4011 3641 4086">
    <p class='ocr_par' dir='ltr' id='par_1_90' title="bbox 1996 4011 3641 4086">
     <span class='ocr_line' id='line_1_90' title="bbox 1996 4011 3641 4086; baseline 0.004 -20"><span class='ocrx_word' id='word_1_679' title='bbox 1996 4028 2125 4066; x_wconf 90' lang='lat' dir='ltr'>cum</span> <span class='ocrx_word' id='word_1_680' title='bbox 2175 4011 2466 4077; x_wconf 86' lang='lat' dir='ltr'>Nestorio,</span> <span class='ocrx_word' id='word_1_681' title='bbox 2499 4019 2596 4067; x_wconf 91' lang='lat' dir='ltr'>aut</span> <span class='ocrx_word' id='word_1_682' title='bbox 2644 4028 2778 4067; x_wconf 92' lang='lat' dir='ltr'>cum</span> <span class='ocrx_word' id='word_1_683' title='bbox 2838 4012 2991 4082; x_wconf 88' lang='lat' dir='ltr'>aliis,</span> <span class='ocrx_word' id='word_1_684' title='bbox 3025 4014 3123 4086; x_wconf 91' lang='lat' dir='ltr'>qui</span> <span class='ocrx_word' id='word_1_685' title='bbox 3173 4014 3376 4069; x_wconf 88' lang='lat' dir='ltr'>eodem</span> <span class='ocrx_word' id='word_1_686' title='bbox 3420 4016 3641 4084; x_wconf 88' lang='lat' dir='ltr'>morbo,</span> 
     </span>
    </p>
   </div>
   <div class='ocr_carea' id='block_1_91' title="bbox 1995 4101 3649 4174">
    <p class='ocr_par' dir='ltr' id='par_1_91' title="bbox 1995 4101 3649 4174">
     <span class='ocr_line' id='line_1_91' title="bbox 1995 4101 3649 4174; baseline 0.004 -19"><span class='ocrx_word' id='word_1_687' title='bbox 1995 4118 2108 4172; x_wconf 92' lang='lat' dir='ltr'>quo</span> <span class='ocrx_word' id='word_1_688' title='bbox 2124 4101 2271 4173; x_wconf 89' lang='lat' dir='ltr'>ipse,</span> <span class='ocrx_word' id='word_1_689' title='bbox 2287 4101 2573 4172; x_wconf 83' lang='lat' dir='ltr'>laborant,</span> <span class='ocrx_word' id='word_1_690' title='bbox 2591 4101 2691 4173; x_wconf 91' lang='lat' dir='ltr'>qui</span> <span class='ocrx_word' id='word_1_691' title='bbox 2708 4101 3025 4170; x_wconf 89' lang='lat' dir='ltr'>hominem,</span> <span class='ocrx_word' id='word_1_692' title='bbox 3042 4102 3139 4174; x_wconf 93' lang='lat' dir='ltr'>qui</span> <span class='ocrx_word' id='word_1_693' title='bbox 3154 4104 3295 4159; x_wconf 87' lang='lat' dir='ltr'>citra</span> <span class='ocrx_word' id='word_1_694' title='bbox 3308 4104 3649 4161; x_wconf 86' lang='lat' dir='ltr'>divisionem</span> 
     </span>
    </p>
   </div>
   <div class='ocr_carea' id='block_1_92' title="bbox 1996 4190 3647 4261">
    <p class='ocr_par' dir='ltr' id='par_1_92' title="bbox 1996 4190 3647 4261">
     <span class='ocr_line' id='line_1_92' title="bbox 1996 4190 3647 4261; baseline 0.002 -15"><span class='ocrx_word' id='word_1_695' title='bbox 1996 4195 2051 4246; x_wconf 87' lang='lat' dir='ltr'>et</span> <span class='ocrx_word' id='word_1_696' title='bbox 2083 4205 2184 4260; x_wconf 90' lang='lat' dir='ltr'>per</span> <span class='ocrx_word' id='word_1_697' title='bbox 2214 4190 2578 4261; x_wconf 82' lang='lat' dir='ltr'>hypostasim</span> <span class='ocrx_word' id='word_1_698' title='bbox 2638 4191 2840 4246; x_wconf 88' lang='lat' dir='ltr'>unitus</span> <span class='ocrx_word' id='word_1_699' title='bbox 2872 4199 2954 4247; x_wconf 88' lang='lat' dir='ltr'>est</span> <span class='ocrx_word' id='word_1_700' title='bbox 3015 4193 3127 4248; x_wconf 94' lang='lat' dir='ltr'>Deo</span> <span class='ocrx_word' id='word_1_701' title='bbox 3171 4192 3379 4260; x_wconf 91' lang='lat' dir='ltr'>Verbo,</span> <span class='ocrx_word' id='word_1_702' title='bbox 3412 4210 3647 4251; x_wconf 88' lang='lat' dir='ltr'>summa</span> 
     </span>
    </p>
   </div>
   <div class='ocr_carea' id='block_1_93' title="bbox 1996 4278 3645 4355">
    <p class='ocr_par' dir='ltr' id='par_1_93' title="bbox 1996 4278 3645 4355">
     <span class='ocr_line' id='line_1_93' title="bbox 1996 4278 3645 4355; baseline 0.003 -23"><span class='ocrx_word' id='word_1_703' title='bbox 1996 4278 2364 4351; x_wconf 85' lang='lat' dir='ltr'>impudentia</span> <span class='ocrx_word' id='word_1_704' title='bbox 2421 4279 2764 4335; x_wconf 86' lang='lat' dir='ltr'>divellentes</span> <span class='ocrx_word' id='word_1_705' title='bbox 2798 4296 2831 4334; x_wconf 90' lang='lat' dir='ltr'>a</span> <span class='ocrx_word' id='word_1_706' title='bbox 2860 4279 3030 4334; x_wconf 89' lang='lat' dir='ltr'>Verbi</span> <span class='ocrx_word' id='word_1_707' title='bbox 3064 4280 3262 4337; x_wconf 88' lang='lat' dir='ltr'>divina</span> <span class='ocrx_word' id='word_1_708' title='bbox 3321 4282 3645 4355; x_wconf 82' lang='lat' dir='ltr'>hypostasi,</span> 
     </span>
    </p>
   </div>
   <div class='ocr_carea' id='block_1_94' title="bbox 2000 4366 3653 4438">
    <p class='ocr_par' dir='ltr' id='par_1_94' title="bbox 2000 4366 3653 4438">
     <span class='ocr_line' id='line_1_94' title="bbox 2000 4366 3653 4438; baseline 0.002 -17"><span class='ocrx_word' id='word_1_709' title='bbox 2000 4382 2098 4438; x_wconf 90' lang='lat' dir='ltr'>per</span> <span class='ocrx_word' id='word_1_710' title='bbox 2130 4381 2192 4421; x_wconf 92' lang='lat' dir='ltr'>se</span> <span class='ocrx_word' id='word_1_711' title='bbox 2241 4366 2682 4433; x_wconf 89' lang='lat' dir='ltr'>consistentem,</span> <span class='ocrx_word' id='word_1_712' title='bbox 2715 4371 2771 4422; x_wconf 90' lang='lat' dir='ltr'>et</span> <span class='ocrx_word' id='word_1_713' title='bbox 2801 4367 2988 4422; x_wconf 91' lang='lat' dir='ltr'>solum</span> <span class='ocrx_word' id='word_1_714' title='bbox 3022 4366 3318 4424; x_wconf 90' lang='lat' dir='ltr'>hominem</span> <span class='ocrx_word' id='word_1_715' title='bbox 3352 4372 3479 4426; x_wconf 91' lang='lat' dir='ltr'>ausi</span> <span class='ocrx_word' id='word_1_716' title='bbox 3512 4377 3653 4427; x_wconf 88' lang='lat' dir='ltr'>sunt</span> 
     </span>
    </p>
   </div>
   <div class='ocr_carea' id='block_1_95' title="bbox 1999 4455 3651 4530">
    <p class='ocr_par' dir='ltr' id='par_1_95' title="bbox 1999 4455 3651 4530">
     <span class='ocr_line' id='line_1_95' title="bbox 1999 4455 3651 4530; baseline 0.002 -20"><span class='ocrx_word' id='word_1_717' title='bbox 1999 4456 2191 4511; x_wconf 88' lang='lat' dir='ltr'>dicere</span> <span class='ocrx_word' id='word_1_718' title='bbox 2247 4455 2522 4523; x_wconf 87' lang='lat' dir='ltr'>Verbum,</span> <span class='ocrx_word' id='word_1_719' title='bbox 2588 4456 2741 4526; x_wconf 89' lang='lat' dir='ltr'>quod</span> <span class='ocrx_word' id='word_1_720' title='bbox 2802 4457 2860 4511; x_wconf 93' lang='lat' dir='ltr'>in</span> <span class='ocrx_word' id='word_1_721' title='bbox 2933 4473 3102 4513; x_wconf 87' lang='lat' dir='ltr'>carne</span> <span class='ocrx_word' id='word_1_722' title='bbox 3149 4459 3420 4530; x_wconf 86' lang='lat' dir='ltr'>apparuit</span> <span class='ocrx_word' id='word_1_723' title='bbox 3476 4476 3489 4514; x_wconf 89' lang='lat'>:</span> <span class='ocrx_word' id='word_1_724' title='bbox 3548 4459 3651 4530; x_wconf 89' lang='lat' dir='ltr'>qui</span> 
     </span>
    </p>
   </div>
   <div class='ocr_carea' id='block_1_96' title="bbox 239 4542 1879 4627">
    <p class='ocr_par' dir='ltr' id='par_1_96' title="bbox 239 4546 1879 4627">
     <span class='ocr_line' id='line_1_96' title="bbox 239 4546 1879 4627; baseline -0.007 -16"><span class='ocrx_word' id='word_1_725' title='bbox 239 4576 347 4612; x_wconf 88' lang='grc' dir='ltr'>των</span> <span class='ocrx_word' id='word_1_726' title='bbox 396 4553 603 4609; x_wconf 88' lang='grc' dir='ltr'>τούτων</span> <span class='ocrx_word' id='word_1_727' title='bbox 654 4549 955 4627; x_wconf 79' lang='grc' dir='ltr'>ὀρθοδύξων</span> <span class='ocrx_word' id='word_1_728' title='bbox 1002 4546 1387 4620; x_wconf 75' lang='grc' dir='ltr'>ἀπεϐλήθησαν</span> <span class='ocrx_word' id='word_1_729' title='bbox 1447 4549 1757 4624; x_wconf 83' lang='grc' dir='ltr'>καταλόγου</span> <span class='ocrx_word' id='word_1_730' title='bbox 1800 4546 1879 4602; x_wconf 64' lang='grc' dir='ltr'>καῖ</span> 
     </span>
    </p>
   </div>
   <div class='ocr_carea' id='block_1_97' title="bbox 1991 4542 3651 4627">
    <p class='ocr_par' dir='ltr' id='par_1_97' title="bbox 2002 4544 3651 4619">
     <span class='ocr_line' id='line_1_97' title="bbox 2002 4544 3651 4619; baseline 0.001 -20"><span class='ocrx_word' id='word_1_731' title='bbox 2002 4545 2198 4611; x_wconf 89' lang='lat' dir='ltr'>etiam,</span> <span class='ocrx_word' id='word_1_732' title='bbox 2241 4548 2305 4599; x_wconf 91' lang='lat' dir='ltr'>ut</span> <span class='ocrx_word' id='word_1_733' title='bbox 2364 4544 2755 4615; x_wconf 88' lang='lat' dir='ltr'>merebantur,</span> <span class='ocrx_word' id='word_1_734' title='bbox 2815 4562 2848 4600; x_wconf 89' lang='lat' dir='ltr'>a</span> <span class='ocrx_word' id='word_1_735' title='bbox 2905 4544 3118 4601; x_wconf 89' lang='lat' dir='ltr'>divinis</span> <span class='ocrx_word' id='word_1_736' title='bbox 3150 4546 3429 4603; x_wconf 88' lang='lat' dir='ltr'>Patribus</span> <span class='ocrx_word' id='word_1_737' title='bbox 3485 4548 3651 4619; x_wconf 89' lang='lat' dir='ltr'>ejecti</span> 
     </span>
    </p>
   </div>
   <div class='ocr_carea' id='block_1_98' title="bbox 243 4634 1893 4711">
    <p class='ocr_par' dir='ltr' id='par_1_98' title="bbox 243 4634 1893 4711">
     <span class='ocr_line' id='line_1_98' title="bbox 243 4634 1893 4711; baseline -0.004 -13"><span class='ocrx_word' id='word_1_738' title='bbox 243 4642 315 4699; x_wconf 83' lang='grc' dir='ltr'>δι’</span> <span class='ocrx_word' id='word_1_739' title='bbox 345 4644 544 4703; x_wconf 72' lang='grc' dir='ltr'>αἱῶνος</span> <span class='ocrx_word' id='word_1_740' title='bbox 599 4639 890 4711; x_wconf 81' lang='grc' dir='ltr'>ἀναθέματι</span> <span class='ocrx_word' id='word_1_741' title='bbox 948 4634 1345 4710; x_wconf 82' lang='grc' dir='ltr'>παρεδόθησαν.</span> <span class='ocrx_word' id='word_1_742' title='bbox 1406 4637 1560 4705; x_wconf 86' lang='grc' dir='ltr'>Πλήν</span> <span class='ocrx_word' id='word_1_743' title='bbox 1618 4636 1743 4692; x_wconf 84' lang='grc' dir='ltr'>ἀλλ’</span> <span class='ocrx_word' id='word_1_744' title='bbox 1793 4637 1893 4691; x_wconf 78' lang='grc' dir='ltr'>οὐκ</span> 
     </span>
    </p>
   </div>
   <div class='ocr_carea' id='block_1_99' title="bbox 243 4724 1894 4803">
    <p class='ocr_par' dir='ltr' id='par_1_99' title="bbox 243 4724 1894 4803">
     <span class='ocr_line' id='line_1_99' title="bbox 243 4724 1894 4803; baseline -0.005 -16"><span class='ocrx_word' id='word_1_745' title='bbox 243 4732 480 4803; x_wconf 81' lang='grc' dir='ltr'>ἀνέξεται</span> <span class='ocrx_word' id='word_1_746' title='bbox 531 4728 667 4801; x_wconf 65' lang='grc' dir='ltr'>(ἴσθι</span> <span class='ocrx_word' id='word_1_747' title='bbox 718 4730 745 4783; x_wconf 88' lang='grc' dir='ltr'>ὁ</span> <span class='ocrx_word' id='word_1_748' title='bbox 798 4728 903 4783; x_wconf 78' lang='grc' dir='ltr'>ὐπὸ</span> <span class='ocrx_word' id='word_1_749' title='bbox 952 4728 1090 4797; x_wconf 77' lang='grc' dir='ltr'>σοῦ),</span> <span class='ocrx_word' id='word_1_750' title='bbox 1146 4724 1645 4802; x_wconf 73' lang='grc' dir='ltr'>βλασφημούμενος</span> <span class='ocrx_word' id='word_1_751' title='bbox 1693 4726 1894 4799; x_wconf 87' lang='grc' dir='ltr'>Κύριος</span> 
     </span>
    </p>
   </div>
   <div class='ocr_carea' id='block_1_100' title="bbox 250 4810 1897 4896">
    <p class='ocr_par' dir='ltr' id='par_1_100' title="bbox 250 4810 1897 4896">
     <span class='ocr_line' id='line_1_100' title="bbox 250 4810 1897 4896; baseline -0.008 -19"><span class='ocrx_word' id='word_1_752' title='bbox 250 4824 325 4896; x_wconf 79' lang='grc' dir='ltr'>μὴ</span> <span class='ocrx_word' id='word_1_753' title='bbox 374 4821 504 4895; x_wconf 79' lang='grc' dir='ltr'>οὗχί</span> <span class='ocrx_word' id='word_1_754' title='bbox 552 4818 642 4873; x_wconf 86' lang='grc' dir='ltr'>καὶ</span> <span class='ocrx_word' id='word_1_755' title='bbox 702 4819 760 4871; x_wconf 71' lang='grc' dir='ltr'>σε</span> <span class='ocrx_word' id='word_1_756' title='bbox 806 4816 951 4890; x_wconf 81' lang='grc' dir='ltr'>παρὰ</span> <span class='ocrx_word' id='word_1_757' title='bbox 1008 4810 1179 4874; x_wconf 82' lang='grc' dir='ltr'>πόδας</span> <span class='ocrx_word' id='word_1_758' title='bbox 1234 4812 1528 4881; x_wconf 74' lang='grc' dir='ltr'>ἀπαιτῆσαι</span> <span class='ocrx_word' id='word_1_759' title='bbox 1586 4810 1738 4876; x_wconf 83' lang='grc' dir='ltr'>δίκας</span> <span class='ocrx_word' id='word_1_760' title='bbox 1790 4820 1897 4868; x_wconf 76' lang='grc' dir='ltr'>τῶν</span> 
     </span>
    </p>
   </div>
   <div class='ocr_carea' id='block_1_101' title="bbox 243 4900 1895 4982">
    <p class='ocr_par' dir='ltr' id='par_1_101' title="bbox 243 4900 1895 4982">
     <span class='ocr_line' id='line_1_101' title="bbox 243 4900 1895 4982; baseline -0.006 -17"><span class='ocrx_word' id='word_1_761' title='bbox 243 4908 645 4982; x_wconf 73' lang='grc' dir='ltr'>τολμωμένων,</span> <span class='ocrx_word' id='word_1_762' title='bbox 685 4912 785 4974; x_wconf 84' lang='grc' dir='ltr'>τῆς</span> <span class='ocrx_word' id='word_1_763' title='bbox 824 4925 883 4958; x_wconf 91' lang='grc' dir='ltr'>τε</span> <span class='ocrx_word' id='word_1_764' title='bbox 932 4901 1112 4971; x_wconf 82' lang='grc' dir='ltr'>ἄλλης</span> <span class='ocrx_word' id='word_1_765' title='bbox 1164 4900 1543 4979; x_wconf 70' lang='grc' dir='ltr'>βλασφημίας,</span> <span class='ocrx_word' id='word_1_766' title='bbox 1595 4901 1759 4977; x_wconf 77' lang='grc' dir='ltr'>φημὶ,</span> <span class='ocrx_word' id='word_1_767' title='bbox 1805 4900 1895 4955; x_wconf 82' lang='grc' dir='ltr'>καὶ</span> 
     </span>
    </p>
   </div>
   <div class='ocr_carea' id='block_1_102' title="bbox 249 4988 1896 5066">
    <p class='ocr_par' dir='ltr' id='par_1_102' title="bbox 249 4988 1896 5066">
     <span class='ocr_line' id='line_1_102' title="bbox 249 4988 1896 5066; baseline -0.007 -14"><span class='ocrx_word' id='word_1_768' title='bbox 249 4995 318 5066; x_wconf 75' lang='grc' dir='ltr'>δὴ</span> <span class='ocrx_word' id='word_1_769' title='bbox 370 4995 462 5051; x_wconf 82' lang='grc' dir='ltr'>καὶ</span> <span class='ocrx_word' id='word_1_770' title='bbox 516 4999 623 5050; x_wconf 90' lang='grc' dir='ltr'>τῶν</span> <span class='ocrx_word' id='word_1_771' title='bbox 674 4992 1165 5059; x_wconf 84' lang='grc' dir='ltr'>καταπατηθέντων</span> <span class='ocrx_word' id='word_1_772' title='bbox 1208 4989 1310 5042; x_wconf 82' lang='grc' dir='ltr'>ὑπὸ</span> <span class='ocrx_word' id='word_1_773' title='bbox 1368 4988 1463 5041; x_wconf 77' lang='grc' dir='ltr'>σοῦ</span> <span class='ocrx_word' id='word_1_774' title='bbox 1526 4988 1615 5042; x_wconf 87' lang='grc' dir='ltr'>καὶ</span> <span class='ocrx_word' id='word_1_775' title='bbox 1669 4988 1896 5062; x_wconf 87' lang='grc' dir='ltr'>ἀνατρα-</span> 
     </span>
    </p>
   </div>
   <div class='ocr_carea' id='block_1_103' title="bbox 249 5076 1895 5159">
    <p class='ocr_par' dir='ltr' id='par_1_103' title="bbox 249 5076 1895 5159">
     <span class='ocr_line' id='line_1_103' title="bbox 249 5076 1895 5159; baseline -0.005 -19"><span class='ocrx_word' id='word_1_776' title='bbox 249 5085 461 5140; x_wconf 69' lang='grc' dir='ltr'>πέντων</span> <span class='ocrx_word' id='word_1_777' title='bbox 518 5084 714 5159; x_wconf 79' lang='grc' dir='ltr'>ὅρκων,</span> <span class='ocrx_word' id='word_1_778' title='bbox 769 5079 1103 5136; x_wconf 78' lang='grc' dir='ltr'>ἀνοσιώτατε</span> <span class='ocrx_word' id='word_1_779' title='bbox 1157 5076 1457 5149; x_wconf 86' lang='grc' dir='ltr'>ἀνθρώπων</span> <span class='ocrx_word' id='word_1_780' title='bbox 1518 5080 1608 5131; x_wconf 85' lang='grc' dir='ltr'><strong>καί</strong></span> <span class='ocrx_word' id='word_1_781' title='bbox 1663 5097 1895 5151; x_wconf 87' lang='grc' dir='ltr'>πανουρ-</span> 
     </span>
    </p>
   </div>
   <div class='ocr_carea' id='block_1_104' title="bbox 247 5175 467 5250">
    <p class='ocr_par' dir='ltr' id='par_1_104' title="bbox 247 5175 467 5250">
     <span class='ocr_line' id='line_1_104' title="bbox 247 5175 467 5250; baseline 0 -22"><span class='ocrx_word' id='word_1_782' title='bbox 247 5175 467 5250; x_wconf 87' lang='grc' dir='ltr'>γόσατε.</span> 
     </span>
    </p>
   </div>
   <div class='ocr_carea' id='block_1_105' title="bbox 321 5339 1902 5422">
    <p class='ocr_par' dir='ltr' id='par_1_105' title="bbox 321 5339 1902 5422">
     <span class='ocr_line' id='line_1_105' title="bbox 321 5339 1902 5422; baseline -0.007 -18"><span class='ocrx_word' id='word_1_783' title='bbox 321 5351 379 5406; x_wconf 86' lang='grc'>1’.</span> <span class='ocrx_word' id='word_1_784' title='bbox 411 5350 468 5406; x_wconf 91' lang='grc' dir='ltr'>Ὁ</span> <span class='ocrx_word' id='word_1_785' title='bbox 520 5346 575 5402; x_wconf 72' lang='grc' dir='ltr'>δὲ</span> <span class='ocrx_word' id='word_1_786' title='bbox 622 5354 723 5417; x_wconf 82' lang='grc' dir='ltr'>τῆς</span> <span class='ocrx_word' id='word_1_787' title='bbox 778 5343 1084 5422; x_wconf 73' lang='grc' dir='ltr'>παρρησίας</span> <span class='ocrx_word' id='word_1_788' title='bbox 1129 5344 1221 5396; x_wconf 89' lang='grc' dir='ltr'>τὸν</span> <span class='ocrx_word' id='word_1_789' title='bbox 1276 5339 1484 5416; x_wconf 81' lang='grc' dir='ltr'>ἀνδρῶν</span> <span class='ocrx_word' id='word_1_790' title='bbox 1542 5341 1734 5415; x_wconf 83' lang='grc' dir='ltr'>μικρὸν</span> <span class='ocrx_word' id='word_1_791' title='bbox 1782 5340 1902 5395; x_wconf 86' lang='grc' dir='ltr'>ἀνα-</span> 
     </span>
    </p>
   </div>
   <div class='ocr_carea' id='block_1_106' title="bbox 250 5428 1903 5514">
    <p class='ocr_par' dir='ltr' id='par_1_106' title="bbox 250 5428 1903 5514">
     <span class='ocr_line' id='line_1_106' title="bbox 250 5428 1903 5514; baseline -0.006 -22"><span class='ocrx_word' id='word_1_792' title='bbox 250 5439 546 5514; x_wconf 78' lang='grc' dir='ltr'>σχόμενος,</span> <span class='ocrx_word' id='word_1_793' title='bbox 612 5436 850 5509; x_wconf 80' lang='grc' dir='ltr'>μάλιστα</span> <span class='ocrx_word' id='word_1_794' title='bbox 900 5432 956 5489; x_wconf 66' lang='grc' dir='ltr'>δὲ</span> <span class='ocrx_word' id='word_1_795' title='bbox 996 5440 1099 5502; x_wconf 79' lang='grc' dir='ltr'>τῆς</span> <span class='ocrx_word' id='word_1_796' title='bbox 1141 5429 1398 5494; x_wconf 82' lang='grc' dir='ltr'>συνέσεως</span> <span class='ocrx_word' id='word_1_797' title='bbox 1444 5431 1531 5484; x_wconf 83' lang='grc' dir='ltr'>καὶ</span> <span class='ocrx_word' id='word_1_798' title='bbox 1579 5437 1680 5499; x_wconf 78' lang='grc' dir='ltr'>τῆς</span> <span class='ocrx_word' id='word_1_799' title='bbox 1722 5428 1903 5500; x_wconf 84' lang='grc' dir='ltr'>ἂλλης</span> 
     </span>
    </p>
   </div>
   <div class='ocr_carea' id='block_1_107' title="bbox 250 5519 1905 5606">
    <p class='ocr_par' dir='ltr' id='par_1_107' title="bbox 250 5519 1905 5606">
     <span class='ocr_line' id='line_1_107' title="bbox 250 5519 1905 5606; baseline -0.004 -24"><span class='ocrx_word' id='word_1_800' title='bbox 250 5526 561 5606; x_wconf 79' lang='grc' dir='ltr'>ἐπιφανείας</span> <span class='ocrx_word' id='word_1_801' title='bbox 618 5526 709 5582; x_wconf 86' lang='grc' dir='ltr'>τὸν</span> <span class='ocrx_word' id='word_1_802' title='bbox 761 5525 984 5600; x_wconf 83' lang='grc' dir='ltr'>Ἀρέθαν</span> <span class='ocrx_word' id='word_1_803' title='bbox 1034 5521 1372 5593; x_wconf 82' lang='grc' dir='ltr'>δυσωπηθεῖς</span> <span class='ocrx_word' id='word_1_804' title='bbox 1418 5520 1650 5597; x_wconf 80' lang='grc' dir='ltr'>ἡμέροις</span> <span class='ocrx_word' id='word_1_805' title='bbox 1697 5541 1755 5575; x_wconf 87' lang='grc' dir='ltr'>τε</span> <span class='ocrx_word' id='word_1_806' title='bbox 1804 5519 1905 5576; x_wconf 82' lang='grc' dir='ltr'>λό-</span> 
     </span>
    </p>
   </div>
   <div class='ocr_carea' id='block_1_108' title="bbox 249 5608 1902 5694">
    <p class='ocr_par' dir='ltr' id='par_1_108' title="bbox 249 5608 1902 5694">
     <span class='ocr_line' id='line_1_108' title="bbox 249 5608 1902 5694; baseline -0.007 -19"><span class='ocrx_word' id='word_1_807' title='bbox 249 5640 373 5694; x_wconf 85' lang='grc' dir='ltr'>γοις</span> <span class='ocrx_word' id='word_1_808' title='bbox 444 5616 786 5674; x_wconf 75' lang='grc' dir='ltr'>ὑπολεαίνειν</span> <span class='ocrx_word' id='word_1_809' title='bbox 861 5614 1079 5690; x_wconf 74' lang='grc' dir='ltr'>ἤρξατο,</span> <span class='ocrx_word' id='word_1_810' title='bbox 1144 5611 1235 5667; x_wconf 80' lang='grc' dir='ltr'>καὶ</span> <span class='ocrx_word' id='word_1_811' title='bbox 1301 5608 1506 5687; x_wconf 74' lang='grc' dir='ltr'>δωρεὰς</span> <span class='ocrx_word' id='word_1_812' title='bbox 1584 5610 1671 5665; x_wconf 85' lang='grc' dir='ltr'>καὶ</span> <span class='ocrx_word' id='word_1_813' title='bbox 1737 5612 1902 5684; x_wconf 82' lang='grc' dir='ltr'>τιμὰς</span> 
     </span>
    </p>
   </div>
   <div class='ocr_carea' id='block_1_109' title="bbox 568 5743 1215 5809">
    <p class='ocr_par' dir='ltr' id='par_1_109' title="bbox 568 5743 1215 5809">
     <span class='ocr_line' id='line_1_109' title="bbox 568 5743 1215 5809; baseline -0.011 0"><span class='ocrx_word' id='word_1_814' title='bbox 568 5749 834 5809; x_wconf 71' lang='grc' dir='ltr'>ΡΑτιιοι..</span> <span class='ocrx_word' id='word_1_815' title='bbox 879 5748 993 5805; x_wconf 78' lang='lat' dir='ltr'>Gn.</span> <span class='ocrx_word' id='word_1_816' title='bbox 1040 5743 1215 5808; x_wconf 84' lang='lat' dir='ltr'>CXV.</span> 
     </span>
    </p>
   </div>
   <div class='ocr_carea' id='block_1_110' title="bbox 2004 4633 3654 4704">
    <p class='ocr_par' dir='ltr' id='par_1_110' title="bbox 2004 4633 3654 4704">
     <span class='ocr_line' id='line_1_110' title="bbox 2004 4633 3654 4704; baseline 0.001 -14"><span class='ocrx_word' id='word_1_817' title='bbox 2004 4639 2203 4691; x_wconf 86' lang='lat' dir='ltr'>sunta</span> <span class='ocrx_word' id='word_1_818' title='bbox 2261 4633 2520 4704; x_wconf 88' lang='lat' dir='ltr'>catalogo</span> <span class='ocrx_word' id='word_1_819' title='bbox 2580 4634 3058 4699; x_wconf 89' lang='lat' dir='ltr'>orthodoxorum,</span> <span class='ocrx_word' id='word_1_820' title='bbox 3115 4639 3172 4690; x_wconf 89' lang='lat' dir='ltr'>et</span> <span class='ocrx_word' id='word_1_821' title='bbox 3210 4641 3351 4691; x_wconf 88' lang='lat' dir='ltr'>sunt</span> <span class='ocrx_word' id='word_1_822' title='bbox 3383 4635 3441 4691; x_wconf 92' lang='lat' dir='ltr'>in</span> <span class='ocrx_word' id='word_1_823' title='bbox 3492 4645 3654 4692; x_wconf 56' lang='lat' dir='ltr'>aster-</span> 
     </span>
    </p>
   </div>
   <div class='ocr_carea' id='block_1_111' title="bbox 2004 4723 3653 4796">
    <p class='ocr_par' dir='ltr' id='par_1_111' title="bbox 2004 4723 3653 4796">
     <span class='ocr_line' id='line_1_111' title="bbox 2004 4723 3653 4796; baseline 0.001 -17"><span class='ocrx_word' id='word_1_824' title='bbox 2004 4740 2142 4779; x_wconf 90' lang='lat' dir='ltr'>num</span> <span class='ocrx_word' id='word_1_825' title='bbox 2200 4723 2401 4779; x_wconf 84' lang='lat' dir='ltr'>traditi</span> <span class='ocrx_word' id='word_1_826' title='bbox 2462 4723 2842 4779; x_wconf 89' lang='lat' dir='ltr'>anathemati.</span> <span class='ocrx_word' id='word_1_827' title='bbox 2904 4725 3010 4779; x_wconf 92' lang='lat' dir='ltr'>Sed</span> <span class='ocrx_word' id='word_1_828' title='bbox 3068 4740 3183 4780; x_wconf 91' lang='lat' dir='ltr'>non</span> <span class='ocrx_word' id='word_1_829' title='bbox 3251 4728 3653 4796; x_wconf 81' lang='lat' dir='ltr'>praetermittet</span> 
     </span>
    </p>
   </div>
   <div class='ocr_carea' id='block_1_112' title="bbox 2004 4811 3653 4888">
    <p class='ocr_par' dir='ltr' id='par_1_112' title="bbox 2004 4811 3653 4888">
     <span class='ocr_line' id='line_1_112' title="bbox 2004 4811 3653 4888; baseline 0.002 -19"><span class='ocrx_word' id='word_1_830' title='bbox 2004 4814 2136 4885; x_wconf 79' lang='lat' dir='ltr'>(hoc</span> <span class='ocrx_word' id='word_1_831' title='bbox 2190 4818 2346 4868; x_wconf 89' lang='lat' dir='ltr'>certo</span> <span class='ocrx_word' id='word_1_832' title='bbox 2407 4811 2576 4882; x_wconf 84' lang='lat' dir='ltr'>scias)</span> <span class='ocrx_word' id='word_1_833' title='bbox 2636 4814 2734 4883; x_wconf 91' lang='lat' dir='ltr'>qui</span> <span class='ocrx_word' id='word_1_834' title='bbox 2788 4812 3112 4869; x_wconf 88' lang='lat' dir='ltr'>maledictis</span> <span class='ocrx_word' id='word_1_835' title='bbox 3169 4832 3203 4871; x_wconf 90' lang='lat' dir='ltr'>a</span> <span class='ocrx_word' id='word_1_836' title='bbox 3248 4819 3305 4871; x_wconf 90' lang='lat' dir='ltr'>te</span> <span class='ocrx_word' id='word_1_837' title='bbox 3363 4817 3653 4888; x_wconf 90' lang='lat' dir='ltr'>appetitur</span> 
     </span>
    </p>
   </div>
   <div class='ocr_carea' id='block_1_113' title="bbox 2009 4901 3654 4974">
    <p class='ocr_par' dir='ltr' id='par_1_113' title="bbox 2009 4901 3654 4974">
     <span class='ocr_line' id='line_1_113' title="bbox 2009 4901 3654 4974; baseline 0.002 -16"><span class='ocrx_word' id='word_1_838' title='bbox 2009 4903 2312 4972; x_wconf 89' lang='lat' dir='ltr'>Dominus,</span> <span class='ocrx_word' id='word_1_839' title='bbox 2336 4901 2479 4973; x_wconf 91' lang='lat' dir='ltr'>quin</span> <span class='ocrx_word' id='word_1_840' title='bbox 2504 4917 2535 4955; x_wconf 89' lang='lat' dir='ltr'>e</span> <span class='ocrx_word' id='word_1_841' title='bbox 2562 4903 2805 4974; x_wconf 88' lang='lat' dir='ltr'>vestigio</span> <span class='ocrx_word' id='word_1_842' title='bbox 2838 4918 3039 4973; x_wconf 74' lang='lat' dir='ltr'>poenas</span> <span class='ocrx_word' id='word_1_843' title='bbox 3072 4908 3270 4959; x_wconf 87' lang='lat' dir='ltr'>sumat</span> <span class='ocrx_word' id='word_1_844' title='bbox 3299 4908 3531 4961; x_wconf 88' lang='lat' dir='ltr'>tuorum</span> <span class='ocrx_word' id='word_1_845' title='bbox 3557 4923 3654 4961; x_wconf 81' lang='lat' dir='ltr'>au-</span> 
     </span>
    </p>
   </div>
   <div class='ocr_carea' id='block_1_114' title="bbox 2009 4990 3652 5065">
    <p class='ocr_par' dir='ltr' id='par_1_114' title="bbox 2009 4990 3652 5065">
     <span class='ocr_line' id='line_1_114' title="bbox 2009 4990 3652 5065; baseline 0.002 -19"><span class='ocrx_word' id='word_1_846' title='bbox 2009 4991 2241 5047; x_wconf 90' lang='lat' dir='ltr'>dacium</span> <span class='ocrx_word' id='word_1_847' title='bbox 2290 4995 2635 5063; x_wconf 86' lang='lat' dir='ltr'>coeptorum,</span> <span class='ocrx_word' id='word_1_848' title='bbox 2688 5006 2822 5045; x_wconf 92' lang='lat' dir='ltr'>cum</span> <span class='ocrx_word' id='word_1_849' title='bbox 2898 4990 3156 5062; x_wconf 86' lang='lat' dir='ltr'>alterius,</span> <span class='ocrx_word' id='word_1_850' title='bbox 3219 4993 3483 5065; x_wconf 90' lang='lat' dir='ltr'>inquam,</span> <span class='ocrx_word' id='word_1_851' title='bbox 3542 5000 3652 5051; x_wconf 77' lang='lat' dir='ltr'>tuas</span> 
     </span>
    </p>
   </div>
   <div class='ocr_carea' id='block_1_115' title="bbox 2008 5078 3653 5152">
    <p class='ocr_par' dir='ltr' id='par_1_115' title="bbox 2008 5078 3653 5152">
     <span class='ocr_line' id='line_1_115' title="bbox 2008 5078 3653 5152; baseline 0.003 -16"><span class='ocrx_word' id='word_1_852' title='bbox 2008 5078 2415 5150; x_wconf 65' lang='lat' dir='ltr'>blasphemia,</span> <span class='ocrx_word' id='word_1_853' title='bbox 2446 5080 3005 5150; x_wconf 86' lang='lat' dir='ltr'>tumjurisjurandi,</span> <span class='ocrx_word' id='word_1_854' title='bbox 3032 5082 3181 5152; x_wconf 90' lang='lat' dir='ltr'>quod</span> <span class='ocrx_word' id='word_1_855' title='bbox 3216 5098 3250 5137; x_wconf 89' lang='lat' dir='ltr'>a</span> <span class='ocrx_word' id='word_1_856' title='bbox 3278 5086 3334 5137; x_wconf 89' lang='lat' dir='ltr'>te</span> <span class='ocrx_word' id='word_1_857' title='bbox 3366 5083 3472 5139; x_wconf 85' lang='lat' dir='ltr'>fuit</span> <span class='ocrx_word' id='word_1_858' title='bbox 3520 5100 3653 5141; x_wconf 91' lang='lat' dir='ltr'>con-</span> 
     </span>
    </p>
   </div>
   <div class='ocr_carea' id='block_1_116' title="bbox 2009 5168 3650 5243">
    <p class='ocr_par' dir='ltr' id='par_1_116' title="bbox 2009 5168 3650 5243">
     <span class='ocr_line' id='line_1_116' title="bbox 2009 5168 3650 5243; baseline 0.004 -19"><span class='ocrx_word' id='word_1_859' title='bbox 2009 5168 2305 5224; x_wconf 85' lang='lat' dir='ltr'>culcatum</span> <span class='ocrx_word' id='word_1_860' title='bbox 2338 5173 2396 5223; x_wconf 82' lang='lat' dir='ltr'>et.</span> <span class='ocrx_word' id='word_1_861' title='bbox 2444 5182 2729 5236; x_wconf 89' lang='lat' dir='ltr'>eversum,</span> <span class='ocrx_word' id='word_1_862' title='bbox 2764 5184 2797 5225; x_wconf 93' lang='grc' dir='ltr'>ο</span> <span class='ocrx_word' id='word_1_863' title='bbox 2848 5168 3144 5240; x_wconf 88' lang='lat' dir='ltr'>imprimis</span> <span class='ocrx_word' id='word_1_864' title='bbox 3192 5172 3369 5243; x_wconf 86' lang='lat' dir='ltr'>impie</span> <span class='ocrx_word' id='word_1_865' title='bbox 3415 5178 3471 5229; x_wconf 88' lang='lat' dir='ltr'>et</span> <span class='ocrx_word' id='word_1_866' title='bbox 3528 5190 3650 5231; x_wconf 87' lang='lat' dir='ltr'>sce-</span> 
     </span>
    </p>
   </div>
   <div class='ocr_carea' id='block_1_117' title="bbox 2008 5256 2203 5312">
    <p class='ocr_par' dir='ltr' id='par_1_117' title="bbox 2008 5256 2203 5312">
     <span class='ocr_line' id='line_1_117' title="bbox 2008 5256 2203 5312; baseline 0.005 -1"><span class='ocrx_word' id='word_1_867' title='bbox 2008 5256 2203 5312; x_wconf 88' lang='lat' dir='ltr'>lerate.</span> 
     </span>
    </p>
   </div>
   <div class='ocr_carea' id='block_1_118' title="bbox 2080 5345 3651 5416">
    <p class='ocr_par' dir='ltr' id='par_1_118' title="bbox 2080 5345 3651 5416">
     <span class='ocr_line' id='line_1_118' title="bbox 2080 5345 3651 5416; baseline 0.006 -15"><span class='ocrx_word' id='word_1_868' title='bbox 2080 5347 2155 5401; x_wconf 84' lang='lat' dir='ltr'>X.</span> <span class='ocrx_word' id='word_1_869' title='bbox 2194 5345 2299 5402; x_wconf 89' lang='lat' dir='ltr'>Ille</span> <span class='ocrx_word' id='word_1_870' title='bbox 2326 5350 2520 5402; x_wconf 89' lang='lat' dir='ltr'>autem</span> <span class='ocrx_word' id='word_1_871' title='bbox 2581 5360 2715 5401; x_wconf 91' lang='lat' dir='ltr'>cum</span> <span class='ocrx_word' id='word_1_872' title='bbox 2749 5361 2950 5402; x_wconf 92' lang='lat' dir='ltr'>eorum</span> <span class='ocrx_word' id='word_1_873' title='bbox 3004 5347 3274 5416; x_wconf 90' lang='lat' dir='ltr'>loquendi</span> <span class='ocrx_word' id='word_1_874' title='bbox 3323 5350 3651 5410; x_wconf 88' lang='lat' dir='ltr'>libertatem</span> 
     </span>
    </p>
   </div>
   <div class='ocr_carea' id='block_1_119' title="bbox 2010 5434 3653 5506">
    <p class='ocr_par' dir='ltr' id='par_1_119' title="bbox 2010 5434 3653 5506">
     <span class='ocr_line' id='line_1_119' title="bbox 2010 5434 3653 5506; baseline 0.007 -17"><span class='ocrx_word' id='word_1_875' title='bbox 2010 5451 2221 5506; x_wconf 91' lang='lat' dir='ltr'>parum</span> <span class='ocrx_word' id='word_1_876' title='bbox 2280 5435 2684 5503; x_wconf 89' lang='lat' dir='ltr'>sustinuisset,</span> <span class='ocrx_word' id='word_1_877' title='bbox 2718 5434 2972 5491; x_wconf 85' lang='lat' dir='ltr'>maxime</span> <span class='ocrx_word' id='word_1_878' title='bbox 3029 5440 3222 5493; x_wconf 88' lang='lat' dir='ltr'>autem</span> <span class='ocrx_word' id='word_1_879' title='bbox 3282 5440 3506 5498; x_wconf 73' lang='lat' dir='ltr'>Arethaa</span> <span class='ocrx_word' id='word_1_880' title='bbox 3561 5461 3653 5501; x_wconf 83' lang='lat' dir='ltr'>sa-</span> 
     </span>
    </p>
   </div>
   <div class='ocr_carea' id='block_1_120' title="bbox 2010 5523 3656 5595">
    <p class='ocr_par' dir='ltr' id='par_1_120' title="bbox 2010 5523 3656 5595">
     <span class='ocr_line' id='line_1_120' title="bbox 2010 5523 3656 5595; baseline 0.007 -17"><span class='ocrx_word' id='word_1_881' title='bbox 2010 5523 2288 5595; x_wconf 88' lang='lat' dir='ltr'>pientiam</span> <span class='ocrx_word' id='word_1_882' title='bbox 2328 5527 2386 5578; x_wconf 85' lang='lat' dir='ltr'>et</span> <span class='ocrx_word' id='word_1_883' title='bbox 2416 5523 2596 5579; x_wconf 88' lang='lat' dir='ltr'>alium</span> <span class='ocrx_word' id='word_1_884' title='bbox 2652 5540 2883 5579; x_wconf 90' lang='lat' dir='ltr'>omnem</span> <span class='ocrx_word' id='word_1_885' title='bbox 2916 5524 3283 5595; x_wconf 88' lang='lat' dir='ltr'>splendorem</span> <span class='ocrx_word' id='word_1_886' title='bbox 3330 5540 3474 5588; x_wconf 86' lang='lat' dir='ltr'>esset</span> <span class='ocrx_word' id='word_1_887' title='bbox 3503 5549 3656 5590; x_wconf 84' lang='lat' dir='ltr'>reve-</span> 
     </span>
    </p>
   </div>
   <div class='ocr_carea' id='block_1_121' title="bbox 2010 5612 3657 5694">
    <p class='ocr_par' dir='ltr' id='par_1_121' title="bbox 2010 5612 3657 5694">
     <span class='ocr_line' id='line_1_121' title="bbox 2010 5612 3657 5694; baseline 0.005 -24"><span class='ocrx_word' id='word_1_888' title='bbox 2010 5613 2183 5682; x_wconf 90' lang='lat' dir='ltr'>ritus,</span> <span class='ocrx_word' id='word_1_889' title='bbox 2244 5612 2516 5685; x_wconf 85' lang='lat' dir='ltr'>benignis</span> <span class='ocrx_word' id='word_1_890' title='bbox 2573 5613 2762 5670; x_wconf 82' lang='lat' dir='ltr'>verbis</span> <span class='ocrx_word' id='word_1_891' title='bbox 2791 5629 2890 5671; x_wconf 85' lang='lat' dir='ltr'>eos</span> <span class='ocrx_word' id='word_1_892' title='bbox 2926 5615 3096 5687; x_wconf 78' lang='lat' dir='ltr'>caspit</span> <span class='ocrx_word' id='word_1_893' title='bbox 3126 5614 3331 5687; x_wconf 89' lang='lat' dir='ltr'>lenire,</span> <span class='ocrx_word' id='word_1_894' title='bbox 3378 5622 3573 5694; x_wconf 89' lang='lat' dir='ltr'>eisque</span> <span class='ocrx_word' id='word_1_895' title='bbox 3601 5631 3657 5680; x_wconf 87' lang='lat' dir='ltr'>et</span> 
     </span>
    </p>
   </div>
   <div class='ocr_carea' id='block_1_122' title="bbox 3256 5749 3334 5806">
    <p class='ocr_par' dir='ltr' id='par_1_122' title="bbox 3256 5749 3334 5806">
     <span class='ocr_line' id='line_1_122' title="bbox 3256 5749 3334 5806; baseline -0.013 -1"><span class='ocrx_word' id='word_1_896' title='bbox 3256 5749 3334 5806; x_wconf 75' lang='grc'>40</span> 
     </span>
    </p>
   </div>
  </div>
