4012 6220
401 269 555 329 1259

1745 259 2031 319 MENSIS
2078 257 2455 318 OCTOBER.

3651 257 3822 317 1260

396 432 549 486 dona
576 432 636 485 et
664 427 915 484 honores
960 425 1283 497 proposuit,
1314 439 1507 479 acrem
1560 421 1820 494 ipsorum
1866 418 2051 473 zelum

2166 414 2502 490 προετείνετο
2563 412 2976 494 διαψυχραίνειν
3036 415 3180 470 οὕτω
3235 416 3325 471 τὸν
3386 416 3587 491 θερμὸν
3648 416 3823 470 αὐτοῦ

404 522 461 575 in
496 520 767 592 pietatem
810 518 893 573 sic
926 517 1268 587 refrigerare
1310 513 1677 569 machinans.
1736 510 2049 579 Postquam

395 614 591 665 autem
614 608 757 661 vidit
786 610 1069 675 martyres
1129 603 1374 660 omnino
1434 618 1605 657 aures
1648 616 1764 655 non
1797 598 2053 671 praebere

398 700 726 771 promissis,
765 702 967 754 contra
1020 700 1221 751 autem
1279 710 1456 766 quam
1516 697 1787 763 poterant
1843 689 2051 746 claris-

397 790 544 845 sima
574 804 710 844 voce
740 786 995 843 clamare
1031 801 1043 839 :
1077 785 1205 839 Non
1236 788 1292 838 te
1323 798 1626 852 negamus,
1671 780 1772 852 qui
1803 796 1864 835 es
1898 793 2051 833 unus

394 876 723 942 Trinitatis,
757 892 789 929 o
826 874 1075 928 Verbum
1132 872 1230 927 Dei
1263 875 1320 926 et
1354 872 1580 925 Christe
1616 886 1629 925 :
1659 884 1848 939 neque
1887 872 2051 921 tuam

397 967 712 1022 irridemus
745 967 1027 1033 susceptae
1061 961 1253 1016 carnis
1287 958 1824 1031 dispensationem:
1862 970 2051 1026 neque

397 1054 534 1123 tuis,
569 1070 708 1124 quas
741 1057 978 1124 propter
1011 1068 1115 1106 nos
1147 1066 1356 1120 passus
1388 1065 1471 1114 es,
1507 1045 1981 1121 perpessionibus
1999 1050 2053 1099 et

400 1143 556 1199 cruci
622 1141 881 1197 Judaicaa
961 1137 1334 1205 insultamus,
1382 1154 1480 1193 eos
1541 1136 1775 1209 quidem
1834 1134 2052 1189 vinctos

399 1231 592 1287 adhuc
640 1230 924 1286 detinuit:
968 1229 1027 1284 in
1087 1226 1262 1282 aliam
1322 1230 1519 1282 autem
1581 1223 2049 1290 multitudinem,

401 1337 528 1393 quae
560 1320 800 1377 collecta
830 1318 940 1372 fuit
969 1333 1037 1372 ex
1069 1317 1231 1371 omni
1280 1331 1486 1386 genere
1542 1321 1596 1368 et
1652 1318 1845 1382 aetate,
1893 1327 2051 1367 mor-

399 1410 474 1465 tis
508 1409 643 1465 tulit
674 1407 1069 1475 sententiam;
1116 1404 1394 1460 uxoribus
1436 1420 1571 1459 vero
1616 1406 1671 1458 et
1730 1401 1929 1457 liberis
1960 1416 2052 1457 eo-

401 1516 551 1565 rum,
585 1500 685 1572 qui
747 1498 1179 1563 detinebantur,
1214 1499 1532 1568 martyrum
1575 1498 1707 1549 ante
1737 1494 1934 1548 oculos
1964 1507 2053 1547 eo-

400 1606 533 1644 rum
565 1588 857 1657 adductis,
900 1586 1250 1660 provocabat
1280 1586 1350 1640 ad
1397 1584 1615 1641 Christi
1666 1583 2048 1656 negationem,

400 1678 614 1749 partim
648 1676 879 1749 quidem
914 1674 1338 1746 minis,partim
1372 1678 1563 1729 autem
1597 1673 1828 1728 blandis
1862 1672 2052 1728 verbis

400 1784 496 1823 eas
531 1766 897 1838 aggrediens,
924 1779 1352 1836 nonnunquam
1377 1780 1546 1818 omne
1568 1761 1835 1834 supplicii
1868 1777 2052 1833 genus

400 1858 459 1911 in
494 1873 593 1912 eas
652 1856 973 1924 intentans,
1034 1854 1494 1925 liberorumque,
1525 1859 1581 1908 et
1640 1856 1964 1925 parentum,
1998 1858 2053 1907 et

401 1946 762 2012 facultatum,
794 1950 852 2002 et
905 1943 1090 2016 ipsius
1150 1960 1379 2015 quoque
1432 1943 1630 2014 patria:
1679 1959 1775 1998 eas
1828 1947 2052 1998 terrens

403 2036 741 2091 amissione.
796 2034 912 2089 Illa;
944 2038 1137 2088 autem
1170 2032 1442 2088 dicebant
1475 2049 1488 2086 :
1523 2031 1833 2099 Omnibus,
1866 2047 1898 2085 ο
1931 2047 2050 2097 rex,

405 2141 535 2195 quae
567 2141 599 2178 a
642 2128 698 2178 te
746 2124 1086 2186 offeruntur,
1122 2120 1240 2175 sive
1272 2137 1338 2176 ea
1379 2120 1498 2175 sint
1531 2120 1701 2187 bona,
1734 2119 1853 2174 sive
1885 2118 2053 2174 aliter

405 2228 468 2267 se
501 2212 773 2277 habeant,
798 2210 1046 2263 libenter
1096 2208 1263 2263 hodie
1310 2207 1733 2273 renuntiantes,
1768 2223 1896 2277 quae
1932 2224 1966 2261 a
1996 2211 2052 2262 te

402 2300 729 2355 maledictis
779 2298 1105 2361 incessitur,
1141 2296 1357 2352 Christi
1389 2313 1618 2353 crucem
1671 2297 2005 2353 extollimus
2036 2312 2049 2350 :

402 2397 455 2445 et
486 2388 587 2461 qui
619 2389 676 2443 in
718 2388 847 2459 ipsa
892 2391 1154 2442 nostram
1214 2387 1549 2458 procuravit
1581 2386 1853 2452 salutem,
1884 2386 2052 2443 Chri-

402 2483 560 2533 stum
592 2476 916 2547 sequimur.
949 2478 1114 2530 Esset
1162 2475 1319 2531 enim
1370 2492 1403 2529 a
1437 2475 1657 2530 ratione
1690 2474 1967 2541 alienum,
2000 2482 2052 2530 et

400 2566 574 2622 nimis
630 2566 1054 2633 effeminatum,
1089 2580 1158 2620 ex
1217 2564 1385 2620 nobis
1435 2564 1671 2636 quidem
1705 2564 1870 2625 alias,
1926 2579 2051 2635 quis

402 2672 536 2712 cum
567 2654 784 2711 talibus
816 2654 956 2710 viris
996 2653 1429 2720 cohabitarunt,
1462 2654 1560 2724 qui
1622 2658 1869 2710 mortem
1930 2669 2055 2723 pro-

401 2756 528 2818 pter
556 2745 853 2801 Christum
885 2743 1223 2816 elegerunt:
1257 2742 1401 2798 alias
1430 2752 1787 2815 autem,quts
1821 2744 2052 2816 virgini-

403 2842 579 2892 tatem
613 2836 904 2898 exercent,
931 2837 995 2887 ut
1024 2849 1151 2903 quas
1184 2831 1412 2887 Christo
1445 2832 1563 2887 sint
1593 2833 1915 2904 desponsae,
1938 2850 2051 2889 non

401 2940 529 2979 esse
561 2922 757 2978 animo
792 2919 1079 2988 masculo,
1114 2924 1169 2976 et
1192 2924 1444 2975 vestram
1480 2920 1625 2975 iram
1659 2919 1827 2991 plane
1849 2920 2050 2977 incon-

402 3014 715 3066 sideratam
751 3026 865 3065 non
901 3013 1097 3063 nostro
1131 3009 1423 3063 sustinere
1452 3025 1712 3079 corpore.

472 3100 562 3154 XI.
600 3100 715 3153 Rex
747 3101 942 3153 autem
978 3112 990 3150 ε
1026 3096 1069 3151 0
1103 3096 1355 3161 feminae,
1410 3096 1623 3167 inquit,
1668 3114 1909 3168 possum
1949 3114 2052 3153 vos

2159 504 2282 579 περὶ
2312 506 2410 573 τήν
2445 501 2714 559 εὐσέϐειαν
2746 507 2915 574 ζῆλον
2967 506 3394 578 μηχανώμενος.
3435 507 3524 566 Ὦς
3573 502 3633 560 δὲ
3682 506 3823 566 τοὺς

2165 596 2438 671 μάρτυρας
2470 598 2611 672 ἐώρα
2656 594 2796 670 μηδὲ
2829 595 2991 671 ὀλίγα
3019 599 3117 666 τὴν
3168 599 3339 667 ἀκοὴν
3392 594 3646 658 διδόντας
3700 602 3823 657 ταῖς

2160 686 2508 760 ὓποσχέσεσι,
2540 687 2843 742 τούναντίον
2881 687 2976 761 μὶν
3007 685 3098 741 οὖν
3129 686 3219 741 καὶ
3270 687 3497 761 λαμπρᾷ
3544 690 3619 760 τῇ
3660 693 3827 765 φωνῇ

2160 775 2235 835 ὡς
2268 775 2419 853 εἶχον
2452 771 2820 838 ἀναϐοῶντας.
2856 778 2973 832 Ούκ
3004 775 3314 851 ἀρνούμεθοὶ
3347 796 3405 830 σε
3435 777 3523 831 τὸν
3580 771 3674 830 ἕνα
3728 784 3828 844 τῆς

2159 862 2418 939 Τρισίδος,
2449 866 2588 941 Λόγε
2620 869 2753 920 Θεοῦ
2782 864 2872 919 καὶ
2906 866 3124 941 Χριστὲ,
3158 862 3284 920 ούδέ
3312 867 3411 935 τὴν
3443 867 3539 935 σήν
3593 865 3833 920 οἶκονο·

2163 956 2288 1026 μίαν
2319 951 2778 1029 διαχλευάζομεν,
2837 950 2961 1009 οὐδὲ
3012 958 3120 1009 τῶν
3172 950 3241 1007 δι’
3291 956 3442 1027 ἡμᾶς
3482 975 3578 1009 σου
3625 958 3829 1018 παθῶν

2158 1039 2498 1111 Ἰουδαϊκῶς,
2530 1044 2622 1097 καὶ
2670 1047 2766 1097 τοῦ
2816 1047 3048 1115 σταυροῦ
3098 1045 3537 1117 κατορχούμεθα·
3585 1044 3829 1104 τούτους

2161 1133 2254 1204 μὲν
2302 1131 2380 1187 ἔτι
2437 1137 2808 1207 παρακατεῖχε
2851 1130 3130 1204 δεσμίους,
3179 1136 3257 1204 τῷ
3300 1130 3357 1187 δέ
3401 1131 3559 1205 ἄλλῳ
3608 1131 3827 1203 πλήθει

2156 1226 2237 1294 τῷ
2286 1221 2333 1291 ἐξ
2386 1223 2599 1291 ἀπάσης
2648 1220 2790 1285 ῗδίας
2837 1220 3237 1299 συνειλεγμένῳ
3280 1222 3371 1276 καὶ
3420 1220 3673 1291 ἡλικίας,
3728 1224 3828 1291 τήν

2155 1314 2254 1365 τοῦ
2286 1310 2514 1375 Θανάτου
2547 1315 2728 1388 ψῆφον
2756 1309 3055 1388 ἐπήγαγεν.
3106 1316 3362 1373 Γυναῖγας
3412 1308 3469 1366 δὲ
3514 1312 3608 1365 καὶ
3656 1311 3827 1367 τέκνα

2155 1404 2263 1455 τῶν
2314 1399 2699 1474 κατεχομένων
2755 1400 3043 1475 μαρτύρων
3089 1400 3208 1455 κατ’
3266 1398 3585 1476 ὀφθαλμοὺς
3632 1401 3821 1455 αὐτῶν

2159 1489 2371 1565 ἀγαγὼν
2402 1490 2538 1564 πρὸς
2569 1489 2791 1563 ἄρνησιν
2844 1487 3147 1558 ἐξεκαλεῖτο
3196 1492 3455 1561 Χριστοῦ,
3502 1492 3670 1543 τοῦτο
3733 1490 3825 1561 μὲν

2157 1577 2423 1648 ἀπειλῶν,
2456 1581 2619 1632 τοῦτο
2653 1574 2710 1632 δὲ
2756 1576 2848 1631 καὶ
2896 1575 3212 1640 κολακείαις
3264 1573 3449 1639 δεινῶς
3498 1578 3826 1652 ὑπερχόμεο

2156 1685 2267 1729 νος·
2321 1662 2460 1722 ἔστιν
2523 1668 2611 1722 ὅτε
2663 1666 2752 1721 καὶ
2809 1671 2913 1721 πᾶν
2974 1663 3117 1728 εἶδος
3184 1665 3564 1739 κολαστηρίων
3625 1666 3827 1728 αὖταίς

2082 1756 2673 1862 Βέπανατεινόμενος,
2718 1755 2916 1810 τέκνων
2964 1776 3023 1811 τε
3066 1755 3157 1811 καὶ
3204 1756 3402 1832 γονέων
3452 1757 3540 1810 καὶ
3589 1777 3830 1830 περιουσ

2223 1850 2251 1861 ~
2442 1844 2456 1862 \
2560 1845 2573 1862 ν
2626 1847 2654 1858 ο
2889 1842 2934 1862 ιον
3086 1845 3100 1862 9
3245 1844 3256 1862 1
3427 1846 3441 1862 1
3612 1845 3623 1862 Ι

2161 1850 2316 1915 σιῶν,
2365 1844 2458 1901 καὶ
2516 1845 2683 1914 αὐτῆς
2736 1842 3023 1920 πατρίδος,
3082 1844 3333 1900 ἐπισείων
3383 1846 3482 1915 τὴν
3538 1845 3827 1918 στέρησιν.

2158 1935 2229 1990 Al.
2261 1932 2338 2003 δὲ,
2371 1938 2559 2003 Πᾶσιν,
2613 1933 2793 2004 εἶπον,
2838 1939 2955 1997 τοῖς
3006 1934 3153 2008 παρὰ
3206 1937 3301 1987 σοῦ
3354 1933 3828 2007 προτεινομένοις,

2157 2024 2202 2078 ὦ
2238 2023 2486 2093 βασιλεῦ,
2519 2022 2628 2080 εἷ’τε
2661 2024 2878 2099 χρηστὰ
2906 2025 3030 2093 εἶεν,
3074 2024 3185 2080 εἷ’τε
3214 2025 3303 2081 xui
3356 2024 3541 2089 ἄλλως
3591 2025 3826 2106 ἔχοντα,

2156 2113 2333 2183 ἡδέως
2370 2114 2806 2187 ἀποταττόμεναι
2854 2117 3120 2189 σήμερον,
3168 2116 3258 2170 τὸν
3308 2116 3411 2171 ὑπὸ
3458 2121 3553 2171 σοῦ
3608 2118 3826 2195 ﬁxa-1:1;-

2162 2205 2435 2278 μούμενον
2491 2201 2719 2277 αἶ’ρομεν
2774 2209 2870 2259 τοῦ
2926 2204 3129 2279 Κυρίου
3180 2205 3430 2279 σταυρόν·
3479 2208 3570 2260 καὶ
3624 2212 3710 2278 τῷ
3768 2209 3821 2262 ἐν

2157 2292 2306 2365 αὐτῷ
2337 2295 2437 2363 τήν
2466 2295 2629 2367 ἡμῶν
2662 2294 3201 2367 πραγματευσαμένῳ
3232 2294 3506 2369 σωτηρίαν
3562 2295 3815 2352 ἀκολου-

2157 2384 2358 2455 θοῦμεν
2409 2386 2657 2455 Χριστῷ.
2714 2380 2953 2457 ’Ἃλογον
3006 2384 3109 2458 γὰρ
3174 2383 3399 2453 ἀληθῶς
3455 2385 3540 2439 διιῖ
3593 2383 3803 2457 κομιδῆ

2157 2476 2466 2546 γυναικεοῖν
2497 2472 2592 2533 τὰς
2626 2471 2720 2543 μὲν
2771 2474 2931 2542 ἡμῶν
2981 2469 3204 2547 ἀνδράσι
3236 2471 3512 2535 τοιούτοις
3554 2494 3802 2545 συνοικη-

2158 2560 2345 2632 σάσας,
2396 2559 2448 2615 ο⁹ί
2494 2564 2556 2617 τὸ
2611 2558 2934 2617 κινδυνεύειν
2988 2559 3077 2617 διὰ
3133 2566 3365 2638 Χριστὸν
3423 2564 3657 2633 εἴλοντο,
3714 2565 3815 2629 τὰς

2159 2648 2215 2705 δὲ
2280 2649 2371 2705 καὶ
2438 2653 2726 2725 παρθενίαν
2796 2651 3151 2726 ἆσκουμὲνας,
3214 2653 3306 2708 ἅτε
3363 2652 3816 2730 νυμφεύσαμένας

2159 2744 2400 2813 Χριστῷ,
2437 2742 2513 2812 μὴ
2547 2740 2646 2809 τήν
2675 2740 2858 2815 ψυχήν
2892 2739 3212 2816 ἆρῥενῶσαι,
3269 2742 3359 2796 καὶ
3404 2743 3497 2797 τὸν
3546 2742 3815 2819 ὑμέτερον

2156 2825 2443 2903 ἆλὸγιστον
2511 2827 2654 2883 οὕτω
2722 2828 2893 2901 θυμὸν
2952 2828 3002 2885 ἐν
3063 2834 3142 2903 τῷ
3202 2827 3331 2904 ἰδίῳ
3405 2832 3819 2900 καθυποττῆναι

2159 2918 2396 2990 σώματι.

2236 3098 2344 3154 ῙΔ’.
2413 3096 2516 3153 Καὶ
2578 3098 2605 3151 ὁ
2669 3093 2947 3171 βασιλεύς.
3010 3097 3234 3169 [ίολλήν
3290 3098 3477 3175 ἔγωγε,
3535 3108 3816 3175 γυναῖκες,

404 3188 606 3243 merito
660 3202 888 3257 magna:
947 3199 1224 3240 accusare
1276 3184 1553 3250 stultitiae,
1596 3186 1749 3257 quod
1797 3186 2051 3242 hominis

2163 3187 2344 3240 ἀνοιαν
2382 3182 2497 3259 ἔχω
2554 3186 2972 3259 καταγινώσκειν
3036 3188 3212 3259 ὑμῶν,
3270 3187 3352 3243 ὅτι
3395 3190 3555 3264 χάριν
3606 3190 3819 3266 ἀνθρώο

409 3277 588 3348 plani,
627 3281 683 3331 et
714 3275 1173 3347 praestigiatoris,
1207 3280 1265 3330 et
1295 3274 1395 3346 qui
1427 3275 1680 3331 violenta
1715 3285 1898 3331 morte
1926 3293 2053 3347 per-

404 3368 491 3437 iit,
524 3366 767 3436 gratiam
829 3364 1067 3436 eligitis,
1119 3368 1176 3419 et
1231 3364 1630 3433 voluptatibus
1678 3367 2057 3437 praesentibus

404 3472 592 3527 spem,
626 3454 796 3525 cujus
827 3453 1087 3509 incertus
1111 3456 1197 3508 est
1218 3453 1427 3517 exitus,
1453 3454 1718 3522 praeferre
1745 3454 2056 3510 statuistis.

404 3544 675 3610 Quaedam
722 3549 916 3598 autem
977 3558 1044 3597 ex
1103 3540 1422 3597 acrioribus
1456 3542 1745 3598 matribus
1776 3550 1828 3598 et
1860 3558 2057 3597 mona-

405 3634 552 3698 c‘nis,
587 3649 703 3688 non
735 3632 985 3687 ferentes
1019 3630 1233 3687 Christi
1274 3629 1714 3701 contumeliam,
1749 3646 1863 3687 usae
1918 3638 2057 3687 sunt

404 3723 462 3777 in
499 3737 695 3795 regem
729 3718 923 3777 verbis
954 3718 1369 3791 asperioribus,
1401 3734 1532 3774 eum
1566 3719 1776 3788 ipsum,
1811 3720 1906 3791 qui
1932 3737 2053 3776 ma-

407 3811 637 3867 ledictis
692 3809 1113 3876 incessebatur,
1157 3807 1453 3863 Christum
1487 3812 1758 3864 vocantes
1790 3811 1860 3865 ad
1894 3808 2059 3865 ultio-

408 3917 562 3956 nem.
625 3898 787 3965 Quod
822 3897 1053 3966 quidem
1094 3912 1243 3967 aegre
1288 3895 1482 3952 ferens
1540 3898 1838 3966 Hebraeus,
1870 3898 1926 3952 in
1961 3915 2060 3954 eas

407 3989 795 4045 communiter
826 3986 1169 4056 pronuntiat
1216 3987 1593 4055 sententiam,
1642 3992 1705 4042 ut
1751 3988 1942 4060 gladio
1976 3989 2059 4043 te-

408 4082 653 4135 riantur.
692 4077 918 4134 Licebat
950 4092 1087 4148 ergo
1118 4076 1310 4132 videre
1337 4077 1614 4133 mulieres
1647 4088 1876 4134 sanctas
1904 4080 2058 4134 trahi

409 4168 687 4233 crinibus,
739 4170 795 4223 et
851 4166 933 4222 sic
995 4167 1124 4221 duci
1170 4167 1240 4221 ad
1292 4166 1666 4239 supplicium,
1718 4167 1804 4223 vel
1864 4168 2061 4238 potius

408 4258 540 4315 ferri
562 4256 843 4328 promptis
865 4258 919 4311 et
940 4256 1233 4312 alacribus
1254 4256 1525 4329 pedibus,
1546 4261 1603 4312 et
1624 4258 1790 4314 sitire
1810 4263 2055 4315 mortem

408 4356 641 4420 propter
671 4348 988 4403 Christum.
1025 4348 1238 4420 Magna
1271 4365 1402 4406 vero
1435 4354 1560 4405 erat
1589 4350 1640 4406 ei
1677 4352 2059 4422 praeclarain-

407 4445 497 4494 ter
525 4453 622 4493 eas
665 4438 977 4495 contentio.
1009 4436 1305 4493 Monachaa
1358 4439 1515 4493 enim
1550 4439 1804 4511 virgines
1836 4460 2060 4514 nequa-

2159 3296 2264 3329 που
2295 3274 2507 3329 πλάνου
2546 3276 2637 3329 καὶ
2690 3275 2895 3349 γόητος
2957 3277 3050 3330 καὶ
3105 3278 3390 3352 βιοθανοῦς
3447 3280 3674 3334 Θάνατον
3733 3284 3813 3335 αἱ·

2162 3366 2357 3438 ρεῖσθε,
2389 3364 2618 3419 καὶτῶν
2674 3364 2956 3438 παρόντων
3004 3365 3181 3435 ἡδέων
3233 3365 3457 3429 ἐλπίδας
3511 3366 3712 3435 ἄδηλον
3751 3372 3813 3425 τὸ

2160 3453 2325 3528 πέρας
2384 3453 2622 3533 ἐχούσας
2666 3459 2939 3529 προτιμᾷν
2997 3452 3212 3530 ἔγνωτε,
3403 3455 3710 3533 ἐνεγκόντες
3757 3458 3812 3513 δὲ

2156 3564 2297 3606 τινες
2352 3548 2461 3598 τῶν
2509 3545 2849 3618 θερμοτὲρων
2900 3544 3153 3619 Πατέρων
3201 3566 3259 3600 τε
3318 3547 3407 3601 καὶ
3458 3554 3809 3620 μοναζουσῶν

2156 3634 2256 3700 τὴν
2285 3633 2422 3687 κατὰ
2465 3635 2701 3707 Χριστοῦ
2750 3629 2926 3708 ὕϐριν,
2972 3635 3331 3709 τραχυτέροις
3378 3638 3512 3692 κατὰ
3558 3642 3657 3691 τοῦ
3716 3640 3812 3711 βα-

2161 3721 2357 3784 σιλέως
2407 3722 2716 3800 ἐχρήσαντο
2764 3724 3025 3797 ῥήμασιν,
3084 3723 3242 3779 αὐτὸν
3297 3726 3387 3779 τὸν
3446 3725 3811 3801 βλασφημοῦ-

2162 3836 2321 3888 μενον
2373 3815 2574 3889 Κύριον
2643 3816 2719 3878 είς
2786 3813 2993 3888 ἄμυναν
3063 3816 3479 3892 ἐκκαλούμενοι,
3538 3819 3809 3898 ἐφ’ᾧκαὶ

2160 3903 2546 3979 χαλεπήναντα
2602 3906 2694 3960 τὸν
2751 3902 3029 3979 Ἐϐραῖον,
3095 3912 3254 3982 κοινῇ
3326 3909 3428 3977 τήν
3486 3906 3571 3962 διὰ
3622 3910 3807 3984 ξίφους

2158 3993 2426 4068 ἀναίρεσιν
2470 3994 2587 4048 κατ’
2643 3993 2821 4049 αὐτῶν
2880 3995 3283 4072 ἀποφήνασθαι.
3343 4000 3446 4054 ’Ὴν
3506 3996 3593 4052 οὖν
3644 3996 3807 4051 Ebro-

2161 4081 2321 4155 μένας
2358 4078 2487 4136 ἰδεῖν
2545 4085 2654 4137 τῶν
2714 4088 2924 4160 τριχῶν
2982 4088 3243 4157 γυναῖκας
3299 4085 3473 4155 ὁσίας,
3528 4085 3611 4139 καὶ
3661 4086 3801 4155 πρὸς

2159 4168 2385 4223 θάνατον
2444 4170 2621 4232 οὕτως
2679 4170 3044 4247 ἐπαγομένας,
3099 4171 3314 4245 μᾶλλον
3363 4170 3423 4228 δὲ
3465 4174 3552 4228 καὶ
3603 4174 3813 4247 προθύ-

2162 4280 2284 4331 μοις,
2327 4259 2483 4313 ποσὶν
2534 4258 2695 4320 αὐτὰς
2743 4261 3067 4337 φερομένας,
3123 4262 3214 4316 καὶ
3272 4263 3372 4331 τὴν
3425 4260 3516 4317 διὰ
3569 4264 3811 4336 Χριστὸν

2159 4345 2404 4421 διψώσας
2462 4350 2693 4426 σφαγήν.
2744 4349 2840 4402 Καὶ
2890 4348 2994 4423 γὰρ
3044 4348 3260 4423 ἅμιλλά
3303 4372 3386 4413 τις
3434 4351 3534 4406 οὐκ
3574 4351 3811 4425 ἀγεννὴς

2160 4436 2282 4510 περὶ
2324 4437 2482 4503 αὐτὰ,
2516 4435 2719 4493 ἵστατο.
2776 4437 3030 4510 Ἐπείπερ
3082 4439 3137 4493 αἱ
3187 4441 3517 4511 μονάζουσαι
3570 4442 3667 4513 μὲν
3721 4441 3813 4494 καὶ

408 4544 582 4598 quam
616 4527 1015 4583 concedebant
1043 4526 1260 4597 primas
1284 4530 1472 4594 partes
1498 4526 1570 4580 iis
1590 4545 1715 4598 quae
1736 4532 2047 4601 erantjun-

2160 4525 2413 4602 παρθένοι
2444 4527 2549 4580 τῶν
2601 4526 2884 4601 πρωτείων
2944 4525 3058 4582 οὐδ’
3101 4529 3249 4592 ὅλως
3302 4531 3424 4593 ταῖς
3485 4530 3588 4585 ὑπὸ
3648 4532 3809 4605 ζυγὸν

406 4628 511 4674 ctae
536 4616 937 4672 matrimonio:
962 4614 1386 4681 Recordemini,
1406 4614 1689 4684 dicentes,
1709 4620 1860 4687 quod
1889 4622 2049 4689 prius

406 4706 569 4762 vobis
629 4706 848 4760 fuimus
882 4704 1215 4776 propositae,
1248 4707 1304 4757 et
1355 4702 1413 4757 in
1446 4703 1651 4775 templi
1682 4705 1968 4777 ingressu,
2002 4718 2055 4767 et

406 4795 465 4850 in
498 4799 996 4851 sacramentorum
1030 4790 1494 4861 participatione,
1528 4797 1585 4847 et
1626 4793 1683 4848 in
1709 4795 1976 4867 statione,
2000 4806 2057 4855 et

407 4886 464 4939 in
526 4885 786 4939 sessione
830 4887 932 4936 :et
990 4881 1119 4935 ideo
1155 4884 1380 4951 oportet
1443 4898 1599 4937 nunc
1658 4898 1892 4955 quoque
1948 4905 2055 4945 nos

406 4978 538 5028 ante
568 4990 665 5027 vos
706 4976 762 5027 et
794 4976 1012 5025 vestros
1064 4969 1307 5025 maritos
1355 4971 1634 5041 consequi
1681 4976 2049 5045 martyrium.

408 5063 727 5133 Martyrum
763 5064 954 5115 autem
991 5074 1220 5126 uxores,
1254 5074 1373 5127 quae
1403 5058 1525 5127 jam
1557 5060 1731 5114 etiam
1766 5064 2052 5120 vocaban-

407 5157 502 5206 tur
535 5156 766 5218 matres,
798 5165 1167 5219 nequaquam
1202 5148 1466 5203 ferebant
1506 5148 1562 5203 in
1618 5152 1927 5221 praesentia
1956 5154 2054 5211 ha-

408 5241 542 5295 bere
574 5239 861 5295 secundas
886 5242 1097 5308 partes.
1125 5239 1382 5293 Infantes
1409 5254 1642 5309 quoque
1663 5239 2052 5300 balbutientes

409 5336 620 5382 matres
662 5328 1199 5397 praetercurrebant,
1240 5330 1298 5382 et
1353 5326 1466 5398 ipsi
1525 5344 1761 5398 quoque
1817 5334 2052 5387 carnifi-

408 5432 531 5473 cem
581 5416 969 5485 provocabant
1000 5417 1069 5472 ad
1106 5422 1370 5472 mortem.
1400 5415 1675 5470 Sciebant
1720 5418 1874 5474 enim
1911 5422 2054 5479 alias

408 5522 642 5579 quoque
674 5523 884 5579 pueros
918 5508 1094 5563 fuisse
1123 5505 1352 5561 Christo
1372 5510 1608 5577 propter
1638 5506 1828 5578 ipsum
1856 5527 2053 5571 sacras

409 5594 634 5653 oblatas
687 5597 971 5655 victimas.
1033 5598 1127 5655 Sic
1178 5597 1360 5652 beatas
1419 5594 1528 5650 illis
1575 5604 1816 5654 mortem
1852 5603 2052 5672 praeri-

2160 4614 2454 4687 ἐξίσταντο,
2492 4617 2929 4688 Ἀναμνήσθητε,
2978 4615 3257 4694 λέγουσαι,
3312 4618 3396 4674 ὅτι
3452 4620 3545 4674 καὶ
3604 4640 3810 4695 προτε-

2159 4726 2251 4780 ρον
2288 4706 2418 4780 ὑπὲρ
2452 4704 2591 4777 ὑμᾶς
2623 4705 2710 4760 ἐπί
2754 4725 2812 4758 τε
2852 4711 2921 4780 τῇ
2965 4712 3074 4761 τῶν
3122 4708 3282 4783 ἱερῶν
3332 4705 3551 4779 εἰσόδῳ,
3599 4710 3692 4763 καὶ
3740 4715 3806 4781 τῇ

2154 4800 2261 4850 τῶν
2298 4795 2464 4870 ἁγίων
2500 4795 2830 4869 μεταλήψει,
2868 4801 2938 4871 τῇ
2988 4798 3171 4852 στάσει
3219 4818 3276 4853 τε
3322 4799 3411 4852 καὶ
3575 4797 3809 4872 καθέδρᾳ

2158 4886 2633 4958 προτετιμήμεοα·
2672 4884 2761 4939 καὶ
2822 4881 2910 4940 διὸ⁴
2958 4890 3122 4941 τοῦτο
3170 4889 3283 4965 χρὴ
3316 4888 3404 4942 καὶ
3433 4888 3503 4942 τὰ
3531 4891 3623 4941 νῦν
3655 4892 3805 4960 ἡμᾶς

2156 4974 2263 5047 πρὸ
2297 4974 2446 5046 ὑμῶν
2488 4994 2546 5028 τε
2605 4974 2694 5028 καὶ
2750 4978 2859 5029 τῶν
2923 4975 3199 5051 ὑμετέρων
3249 4974 3455 5050 ἀνδρῶν
3515 4977 3802 5048 καταξιοῦο

2157 5068 2276 5120 σθαι
2326 5070 2424 5120 τοῦ
2487 5065 2807 5141 μαρτυρίου.
2840 5068 2912 5121 Αἱ
2966 5065 3022 5122 δὲ
3051 5069 3339 5144 μαρτύρων
3391 5076 3639 5142 γυναῖκες
3697 5069 3803 5138 ἤδη

2156 5156 2245 5209 καὶ
2281 5156 2511 5229 μητέρες
2553 5153 2889 5228 καλούμεναι
2934 5154 3252 5230 δευτερείων
3304 5157 3426 5213 οὐδ’
3474 5158 3623 5222 ὅλως
3676 5163 3809 5215 κατα

2156 5245 2216 5299 τὸ
2256 5244 2425 5318 παρὸν
2478 5243 2789 5318 ἠνείχοντο,
2848 5245 3204 5320 Ὑπεψέλλιζε
3255 5245 3314 5303 δὲ
3367 5248 3453 5302 καί
3502 5250 3571 5303 τὰ
3617 5248 3804 5305 παιδία

2156 5332 2489 5407 παραϐέοντα
2527 5338 2644 5395 ταῖς
2696 5336 2955 5409 μητράσι,
3006 5337 3093 5391 καὶ
3141 5338 3232 5393 τὸν
3288 5334 3487 5410 δήμιον
3535 5337 3804 5408 ἐξεκαλεῖ-

2155 5446 2220 5478 το
2253 5422 2342 5477 καὶ
2394 5422 2527 5477 αὐτὰ
2586 5422 2722 5497 πρὸς
2793 5425 2887 5478 τὸν
2956 5437 3200 5489 θανατον.
3270 5424 3497 5496 ᾚδεσαν
3554 5429 3659 5503 γὰρ
3716 5428 3803 5484 καὶ

2158 5511 2360 5569 ἄλλοτε
2409 5509 2604 5574 παῖδας
2654 5512 2770 5586 ἱερᾶ
2820 5515 3041 5589 Χριστῷ
3087 5519 3535 5593 προσενεχθὲντας
3583 5515 3658 5573 δι’
3714 5519 3811 5574 αὖ·

2156 5605 2246 5659 τὸν
2282 5603 2504 5680 σφάγια.
2558 5601 2716 5659 Οὕτω
2766 5600 2831 5671 δὴ
2878 5604 2968 5659 καὶ
3018 5605 3106 5661 τὸν
3149 5608 3370 5662 Θάνατον
3428 5607 3485 5661 αἱ
3545 5611 3807 5683 μακάριαι
