4048 6202
298 349 448 411 1261

1504 347 1982 410 MARTYRIUM
2028 351 2091 410 S.
2140 353 2504 415 ΑΒΕΤΗΛΞ.

3532 360 3690 423 1262

289 512 760 586 προαρπάζουσαι,
805 509 980 565 πολὺν
1032 504 1292 564 ἐνέϐαλον
1342 511 1459 570 τοῖς
1500 508 1667 582 ὁρῶσι
1722 511 1931 582 θρῆνον,

2058 510 2305 582 pientes,
2340 513 2431 582 iis,
2467 516 2562 586 qui
2597 517 2890 589 videbant,
2928 537 3199 593 magnam
3251 524 3569 580 efferebant
3604 526 3693 582 la-

292 600 367 662 ὡς
396 601 484 654 καὶ
518 603 610 654 τὸν
660 599 949 669 ὠμότατον
996 597 1225 673 βασιλέα
1269 597 1528 668 τοιαύτην
1568 597 1774 674 ἀφεῖναι
1825 619 1944 675 φω-

288 691 390 758 τὴν
423 690 557 762 μετά
587 688 866 761 θαύματος
907 707 921 720 ο
953 685 1083 745 O'iuv
1126 688 1155 741 ὁ
1201 684 1496 747 Γσλιλαῖος
1546 690 1741 761 μικροῦ
1779 692 1941 741 πᾶσιν

291 780 599 853 ἀνθρώποις
656 778 926 852 ένέσπειρε
1007 774 1249 846 πλάνην,
1316 774 1406 830 καὶ
1483 774 1647 830 αὐτοῦ
1714 778 1941 839 θανάτου

290 870 484 930 πείσας
552 873 932 945 καταφρονεῖν,
963 866 1053 920 καὶ
1120 866 1214 927 τὰς
1271 866 1473 921 ἑαυτῶν
1543 866 1673 939 ὑπὲρ
1735 864 1941 919 ἐκείνου

290 955 615 1033 προδιδόναι
647 959 829 1035 ψυχὰς
869 956 958 1011 xui
988 956 1054 1010 τὰ
1087 955 1337 1027 σώματα.

364 1050 470 1107 ΙΒ’.
502 1050 589 1103 Ἐν
628 1049 805 1120 τούτῳ
843 1046 933 1101 καί
978 1066 1062 1107 τις
1108 1047 1262 1119 γυνη,
1292 1050 1399 1101 τῶν
1451 1043 1502 1099 ἒν
1550 1050 1619 1119 τῇ
1659 1044 1818 1101 πόλει
1874 1045 1942 1101 τά

292 1144 535 1212 πρωτεῖα
616 1136 792 1215 φέρειν
868 1133 1259 1207 πιστευομένη,
1307 1136 1448 1210 γένει
1523 1135 1613 1188 καὶ
1688 1133 1935 1206 πλούτῳ,

292 1228 384 1281 καὶ
436 1227 709 1301 δόξῃ,καὶ
759 1223 1015 1300 ὥρᾳττῶν
1073 1225 1260 1280 ἄλλων
1333 1228 1522 1296 μακρῷ
1588 1221 1935 1303 διαφέρουσα,

292 1314 347 1370 έν
420 1317 679 1389 νεαζούσῃ
724 1313 803 1370 ἔτι
859 1320 928 1388 τῇ
987 1313 1200 1385 ἡλικίᾳ,
1241 1308 1654 1369 ἑνδιαόάλλεται
1710 1319 1789 1385 τῷ
1844 1335 1938 1367 τυ-

294 1404 488 1479 ράννῳ.
522 1406 621 1461 Καὶ
682 1404 870 1459 αὐτίκα
908 1403 1117 1458 κελεύει
1191 1408 1309 1463 τοῖς
1370 1403 1460 1457 ὑπ’
1514 1401 1671 1457 αὐτὸν
1732 1402 1935 1466 ἐκεῖνος

294 1497 429 1566 μετά
487 1515 635 1557 τινος
685 1491 870 1555 αἰδοῦς
920 1492 1014 1547 καὶ
1054 1498 1225 1565 τιμῆς
1279 1490 1444 1561 αὐτὴν
1496 1491 1745 1567 ἀγαγεῖν,
1788 1489 1932 1546 εὔθε-

286 1584 379 1637 τόν
420 1604 479 1639 τε
518 1582 658 1656 αὐτῇ
707 1583 1104 1656 παρασκευάσαι
1152 1583 1252 1651 τήν
1300 1582 1435 1657 πρὸς
1486 1580 1643 1636 αὐτὸν
1705 1578 1933 1637 εἴσοδον.

285 1674 349 1730 Ἠ
379 1670 458 1741 δὲ,
490 1672 669 1727 καίτοι
697 1673 790 1727 τὸν
821 1670 1022 1746 τρόπον
1052 1675 1245 1726 τοῦτον
1292 1671 1523 1746 ἀχθεῖσα
1568 1670 1659 1726 καὶ
1705 1668 1934 1743 μηδέπω

286 1764 364 1827 εἰς
397 1760 523 1837 ὄψιν
556 1764 590 1834 ἢ
624 1761 827 1836 λόγους
877 1761 1109 1817 ἐλθοῦσα
1144 1766 1223 1834 τῷ
1250 1759 1521 1835 Ἰουδαίῳ,
1552 1762 1708 1834 ὅμως
1740 1762 1932 1831 ἠνιᾶτο

284 1856 386 1921 τῆς
441 1855 549 1906 τῶν
602 1849 788 1905 ἄλλων
846 1854 1116 1924 γυναικῶν
1184 1851 1482 1926 μαρτυρίας
1542 1849 1933 1926 ἀπολειφθεῖσα

287 1942 434 1999 Μετά
518 1938 576 1995 δὲ
643 1940 831 2015 τρίτην
900 1937 1112 2015 ἡμέραν
1171 1940 1309 1995 κατά
1364 1940 1425 1994 τὸ
1481 1938 1764 2004 κελευσθέν
1820 1940 1933 1995 εἷσ-

285 2031 471 2106 άγεται
549 2030 682 2103 μετὰ
756 2035 925 2101 τιμῆς
1001 2030 1137 2104 πρὸς
1221 2030 1312 2084 τὸν
1380 2026 1626 2104 βασιλέα.
1690 2029 1788 2086 Καὶ
1851 2030 1931 2097 ὃς,

284 2120 493 2195 ἥμερον
576 2117 745 2187 αὐτὴν
831 2113 1205 2191 προσϐλέψας,
1273 2119 1362 2172 καὶ
1445 2118 1799 2173 ὑποκλέπτειν
1872 2118 1932 2173 έκ

286 2209 597 2285 προοιμίων
706 2206 1044 2281 ἀρξάμενος,
1119 2209 1185 2263 Ἠ
1286 2210 1483 2284 φήμη,
1561 2208 1744 2286 φησὶ,
1832 2210 1933 2262 σώ-

285 2300 457 2380 φρονά
529 2321 585 2354 σε
655 2296 994 2372 διαγγέλλει,
1064 2297 1153 2352 καὶ
1211 2298 1443 2369 κοσμίαν
1510 2297 1599 2351 καὶ
1687 2298 1927 2366 συνετὴν,

282 2390 371 2444 καὶ
418 2388 545 2444 αὐτὸ
595 2386 653 2443 δὶ
698 2389 762 2443 τὸ
813 2388 1148 2461 παράστημα
1194 2387 1285 2440 καὶ
1332 2388 1367 2455 ἡ
1420 2382 1543 2460 ὄψις
1597 2392 1715 2448 τοῖς
1769 2385 1929 2461 λεγο-

284 2480 468 2551 μένοις
526 2482 923 2552 συμμαρτυρεῖ.
986 2475 1165 2531 ἈλΛὰ
1230 2476 1321 2529 xui
1407 2474 1583 2539 πολὺς
1648 2476 1775 2549 περὶ
1830 2481 1928 2529 τοῦ

282 2564 558 2643 διατρέχει
592 2565 753 2641 λόγος
794 2563 979 2643 γένους
1031 2561 1182 2619 ’ἑνεκα
1237 2564 1327 2619 καὶ
1374 2563 1642 2631 πλούτου,
1693 2564 1782 2617 xui
1831 2568 1929 2629 τῆς

281 2657 464 2728 ἄλλης
530 2656 893 2733 περιφανείας.
945 2657 1033 2725 Μὴ
1095 2655 1187 2709 οὗν
1267 2653 1409 2709 οὕτω
1476 2659 1593 2713 ταῖς
1653 2653 1929 2715 ἀσυνέτοις

281 2745 510 2820 ὁμοίως,
538 2748 599 2809 ἃς
644 2745 749 2821 ἐγὼ
790 2742 1012 2807 δικαίως
1061 2744 1343 2813 ἀπώλεσα,
1391 2742 1485 2797 τὸν
1525 2742 1930 2815 ἐσταυρωμένον

281 2837 491 2910 ἀνάσχῃ
554 2836 642 2889 καὶ
716 2834 849 2903 αὐτή
902 2834 1031 2888 Θεὸν
1095 2833 1351 2901 ἀνειπεῖν,
1392 2829 1692 2905 ἄνθρωπον,
1764 2832 1926 2907 φόνον

278 2927 369 2981 καὶ
429 2924 745 2994 οἰνοπότην,
775 2922 1030 2979 τελωνῶν
1069 2924 1158 2978 xui
1209 2921 1552 2997 ἁμαρτωλῶν
1621 2920 1805 2995 φίλον,
1837 2922 1929 2976 καὶ

285 3014 427 3090 μηδὲ
473 3016 603 3079 τοὺς
641 3016 932 3088 πατρῴους
980 3015 1264 3090 στέρξαντα
1310 3014 1515 3086 νόμους
1546 3032 1560 3045 ·
1594 3011 1723 3067 ἀλλ’
1756 3012 1930 3067 οἰκεῖα

279 3107 592 3178 πράττουσα
664 3111 764 3173 τῆς
850 3110 948 3173 σῆς
1010 3103 1292 3178 εὐγενείας,
1351 3101 1610 3174 ἀπόταξαι
1691 3103 1784 3175 μὶν
1848 3107 1927 3175 τῷ

280 3196 604 3267 Ναζωραίῳ,
648 3201 1023 3270 συμφρονῆσαι
1069 3189 1127 3247 δὲ
1164 3195 1322 3264 ἡμῖν,
1364 3193 1452 3246 καὶ
1516 3197 1748 3247 συνεῖναι
1804 3191 1927 3266 περί

280 3285 347 3338 τά
400 3283 646 3358 βασίλεια
704 3282 957 3353 θέλησον,
990 3282 1143 3337 Οὕτω
1194 3282 1298 3357 γὰρ
1366 3280 1815 3358 ἐλευθεριώτερον
1862 3281 1925 3337 τὸ

283 3375 387 3429 ἀπὸ
443 3370 602 3427 τοῦδε
645 3373 884 3448 βιώσεις,
925 3373 1013 3427 καὶ
1062 3377 1168 3427 τῶν
1218 3371 1276 3428 ἔκ
1322 3378 1424 3441 τῆς
1473 3373 1705 3448 χηρείας
1752 3373 1927 3428 ἀπαλ-

281 3461 506 3539 λαγεῖσα
543 3467 743 3534 κακῶν,
774 3461 863 3516 καὶ
924 3460 1119 3523 ἄλλοις
1168 3462 1420 3537 ἐπαρκεῖν
1458 3459 1670 3536 μᾶλλον
1702 3459 1922 3535 δυνήσῃ.

280 3556 435 3610 ‘Hm
488 3553 582 3624 μὲν
624 3553 729 3627 γάρ
781 3552 808 3606 δ
858 3549 1021 3627 λόγος
1079 3550 1169 3605 καί
1232 3552 1306 3614 εἷς
1345 3554 1518 3622 ἡμᾶς,
1563 3558 1821 3626 μαρτυρεῖ
1870 3551 1927 3607 δὲ

281 3644 366 3697 xui
420 3641 555 3697 αὐτὰ
606 3642 671 3696 τὰ
719 3641 1036 3717 πράγματα,
1087 3640 1173 3694 δτῖ
1229 3642 1313 3695 καὶ
1357 3639 1585 3711 πλούτῳ
1640 3641 1925 3714 βαθυτάτῳ

280 3738 531 3806 κομῶσα,
582 3731 673 3786 καὶ
732 3729 952 3799 πολλὴν
1012 3729 1069 3784 έκ
1124 3732 1412 3806 προγόνων
1465 3732 1773 3803 κεκτημένη
1825 3732 1923 3799 τὴν

280 3821 616 3896 περιουσίαν,
649 3819 898 3881 πολλούς
926 3840 982 3875 τε
1021 3819 1147 3881 τοὺς
1200 3820 1672 3895 ὑπηρετουμένους
1712 3840 1797 3874 σοι
1837 3819 1926 3873 καὶ

282 3908 676 3981 θεραπεύοντας
749 3902 976 3982 ἔχουσα,
1029 3907 1184 3981 ὅμως
1259 3906 1478 3982 δεύτερα
1554 3915 1656 3977 τῆς
1723 3908 1925 3970 οἰκείας

280 3996 466 4061 αἰδοῦς
523 3999 614 4053 καὶ
659 3998 859 4072 ἀρετῆς
906 3998 1085 4052 πάντα
1124 3997 1321 4069 θεμένη
1358 3994 1536 4051 οὐδενὶ
1595 4000 1704 4051 τῶν
1761 3997 1926 4051 ἀπάν-

278 4109 385 4142 των
434 4088 601 4161 έτέρῳ
646 4084 770 4143 οὐδὲ
808 4087 925 4142 κατ’
966 4082 1089 4161 ὄψιν
1142 4085 1315 4159 μόνην
1364 4083 1533 4155 ἦλθες
1592 4083 1765 4160 ἀνδρὶ,
1799 4084 1927 4141 ἀλλ’

280 4178 315 4246 ἢ
375 4180 456 4247 τῷ
510 4175 759 4249 νομίμως
826 4176 1175 4254 συζευχθέντι
1235 4195 1320 4229 σοι
1386 4175 1474 4229 καὶ
1552 4175 1687 4248 πρὸς
1749 4176 1925 4250 γάμον

282 4262 621 4336 ἀγαγομένῳ.
660 4267 749 4335 Μὴ
794 4262 930 4335 δῆτα
981 4261 1122 4338 μηδὲ
1178 4267 1293 4333 νῦν,
1335 4258 1651 4337 σύμϐουλος
1682 4263 1792 4339 ἐγώ
1842 4284 1927 4318 σοι

282 4350 491 4406 τοῦτων
546 4353 896 4425 καθίσταμαι,
950 4357 1048 4424 τήν
1105 4376 1163 4410 τε
1220 4352 1421 4409 οἰκείαν
1486 4350 1631 4427 ὥραν
1688 4354 1778 4407 xui
1830 4354 1930 4422 τήν

282 4441 532 4510 νεότητα,
562 4442 652 4494 καὶ
693 4444 794 4511 τὴν
838 4448 949 4497 τῶν
1014 4444 1317 4520 θυγατέρων
1376 4442 1659 4517 παρθενίαν
1716 4440 1930 4515 δημίων

284 4528 441 4607 χερσῖ
481 4526 758 4602 παραδῷς,
790 4534 886 4584 τοῦ
915 4532 1165 4600 κολάζειν
1207 4534 1373 4589 πλέον
1403 4533 1465 4588 τὸ
1492 4527 1729 4607 ὑϐρίζειν
1763 4529 1927 4606 ἒχοό-

1959 3240 2009 3307 C

2056 603 2495 674 mentationem,
2556 607 2699 662 adeo
2760 612 2821 663 ut
2878 625 2975 664 rex
3060 612 3501 669 crudelissimus
3558 632 3691 671 cum

2055 691 2436 749 admiratione
2493 694 2670 751 talem
2704 713 2895 753 vocem
2928 701 3187 756 emiserit
3221 719 3233 755 :
3269 704 3507 769 Qualem
3566 722 3692 761 om-

2054 778 2228 834 nibus
2262 779 2377 835 fere
2417 780 2757 837 hominibus
2788 798 3044 839 errorem
3102 786 3347 843 immisit
3390 789 3689 857 Galilasus,

2052 871 2117 921 ut
2147 868 2247 938 qui
2278 870 2362 924 vel
2397 871 2585 941 ipsam
2634 876 2880 928 mortem
2911 884 3279 930 contemnere
3313 882 3688 949 persuaserit,

2050 960 2107 1010 et
2136 974 2238 1027 pro
2268 958 2368 1013 illo
2401 961 2642 1030 prodere
2672 976 2809 1016 suas
2840 962 3065 1018 animas
3088 968 3143 1019 et
3164 966 3439 1035 corpora!

2122 1045 2243 1101 XII.
2305 1047 2542 1104 Interim
2603 1054 2797 1105 autem
2850 1052 3108 1121 quaedam
3164 1068 3397 1124 quoque
3449 1055 3687 1127 femina,

2050 1152 2177 1207 quas
2234 1138 2380 1193 duas
2440 1138 2589 1193 filias
2634 1139 2903 1209 habebat,
2946 1146 3003 1197 et
3060 1142 3280 1213 primas
3313 1149 3506 1213 partes
3540 1145 3691 1202 inter

2048 1240 2170 1295 eas,
2230 1244 2354 1297 quas
2411 1236 2573 1283 erant
2632 1230 2689 1285 in
2740 1230 2992 1297 civitate,
3051 1232 3369 1301 obtinebat,
3401 1235 3690 1307 longeque

2048 1318 2366 1388 praestabat
2412 1317 2543 1374 aliis
2572 1334 2802 1389 genere,
2835 1322 3069 1390 divitiis,
3102 1322 3289 1392 gloria
3318 1326 3373 1379 et
3423 1326 3690 1394 pulchri-

2046 1403 2268 1473 tudine,
2301 1406 2556 1477 atquein
2581 1406 2826 1477 juvenili
2860 1408 3049 1463 adhuc
3082 1414 3248 1464 aatate
3281 1411 3456 1467 vidua
3486 1413 3691 1469 relicta

2045 1492 2256 1560 fuerat,
2289 1493 2602 1550 insectatur
2630 1500 2963 1567 tyrannum.
3008 1498 3107 1553 Ille
3138 1504 3329 1556 autem
3365 1502 3565 1556 statim
3588 1504 3688 1573 ju-

2045 1581 2140 1638 bet
2171 1582 2295 1640 suis
2326 1584 2634 1651 ministris,
2669 1590 2732 1641 ut
2761 1602 2889 1641 eam
2923 1586 2993 1642 ad
3018 1604 3076 1643 se
3107 1588 3399 1644 adducant
3428 1606 3557 1645 cum
3588 1592 3688 1648 ho~

2046 1688 2185 1728 nore
2214 1678 2271 1728 et
2300 1676 2641 1743 reverentia,
2694 1680 2750 1731 et
2779 1677 2829 1731 ei
2870 1677 3127 1733 efficiant
3158 1681 3534 1735 commodum
3566 1682 3685 1737 adi-

2044 1765 2189 1816 tum.
2227 1763 2327 1817 Illa
2358 1779 2513 1830 vero,
2561 1764 2669 1820 etsi
2714 1764 2823 1821 hoc
2864 1768 3032 1822 modo
3081 1767 3489 1837 adduceretur,
3537 1787 3684 1841 aegre

1961 1852 2260 1939 Bferebat
2316 1856 2508 1909 tamen
2568 1870 2630 1909 se
2682 1854 2753 1909 ab
2812 1855 3059 1911 aliarum
3122 1856 3428 1913 mulierum
3480 1859 3685 1916 abesse

2043 1941 2340 2013 martyrio.
2385 1943 2575 1999 Tertio
2610 1952 2803 2000 autem
2853 1946 2946 2001 die
2994 1950 3126 2016 post
3158 1946 3505 2016 jussionem,
3547 1965 3682 2005 cum

2040 2031 2259 2086 honore
2299 2031 2369 2087 ad
2406 2048 2594 2103 regem
2629 2034 2940 2089 adducitur
2968 2051 3102 2090 cum
3137 2035 3389 2092 ﬁliabus.
3420 2037 3521 2093 Ille
3550 2054 3683 2093 vero

2040 2118 2265 2190 placide
2295 2136 2423 2175 eam
2458 2121 2694 2177 intuens
2733 2126 2790 2177 et
2809 2139 2937 2178 eam
2970 2124 3041 2178 ab
3073 2124 3240 2180 initio
3287 2126 3569 2197 incipiens
3597 2125 3682 2181 al-

2041 2207 2267 2263 licere':
2320 2209 2516 2272 Fama.
2577 2210 2788 2281 inquit,
2844 2212 3157 2268 annuntiat
3212 2218 3267 2269 te
3305 2228 3433 2269 esse
3472 2216 3681 2271 mode-

2039 2298 2210 2360 stam,
2252 2300 2521 2350 ornatam
2555 2302 2611 2351 et
2652 2298 2995 2367 prudentem
3017 2318 3035 2353 :
3059 2300 3200 2370 quin
3221 2300 3395 2355 etiam
3419 2301 3543 2371 ipse
3565 2301 3687 2356 vul-

2039 2387 2131 2437 tus
2187 2390 2241 2439 et
2271 2390 2545 2455 aspectus
2586 2386 2697 2441 fert
2754 2387 2848 2454 iis,
2908 2404 3036 2458 qua
3086 2389 3388 2459 dicuntur,
3424 2390 3683 2447 testimo-

2039 2472 2221 2527 nium.
2282 2474 2559 2529 Praelerea
2618 2481 2814 2532 autem
2873 2477 3045 2547 vulgo
3106 2479 3288 2533 fertur
3346 2488 3398 2533 te
3456 2496 3686 2550 quoque

2038 2577 2163 2617 esse
2220 2577 2429 2632 genere
2487 2562 2723 2629 claram,
2760 2569 2816 2619 et
2871 2565 3169 2620 abundare
3211 2567 3456 2634 divitiis,
3488 2574 3544 2622 et
3574 2570 3682 2624 tibi

2039 2667 2155 2707 non
2188 2652 2392 2708 deesse
2430 2652 2825 2724 splendorem.
2859 2654 2941 2710 Ne
2970 2672 3102 2724 ergo
3135 2658 3426 2726 quomodo
3467 2660 3679 2718 stultas.

2040 2757 2184 2811 quas
2208 2757 2310 2811 ego
2344 2742 2587 2812 perdidi,
2622 2742 2919 2799 sustineas
2950 2747 3076 2815 ipsa
3117 2762 3347 2817 quoque
3379 2748 3559 2803 Deum
3593 2750 3682 2804 di-

2037 2846 2165 2886 cere
2205 2846 2359 2898 eum,
2419 2832 2517 2902 qui
2576 2832 2681 2887 fuit
2732 2832 3088 2903 crucifixus;
3129 2835 3237 2890 fuit
3265 2840 3462 2891 autem
3507 2836 3680 2894 homo

2035 2935 2229 2986 vorax,
2285 2925 2342 2976 et
2384 2920 2500 2975 vini
2552 2925 2799 2993 potator,
2834 2922 3176 2993 amicusque
3234 2924 3679 2994 publicanorum

2036 3016 2090 3063 et
2127 3013 2520 3080 peccatorum,
2552 3014 2609 3064 et
2640 3027 2744 3067 nec
2795 3011 2996 3081 patriis
3052 3014 3162 3068 fuit
3192 3017 3501 3069 contentus
3532 3014 3681 3086 legi-

2037 3100 2147 3154 bus
2182 3115 2194 3153 :
2254 3100 2354 3155 sed
2404 3104 2515 3154 tuae
2548 3099 2837 3155 nobilitati
2864 3088 3088 3156 faciens
3126 3103 3549 3170 convenientia,
3583 3120 3681 3159 re-

2037 3188 2245 3243 nuntia
2274 3188 2511 3259 quidem
2560 3189 2891 3256 Nazaramo,
2923 3195 2978 3246 et
3024 3190 3167 3246 velis
3206 3192 3514 3247 nobiscum
3545 3208 3678 3248 sen-

2036 3277 2161 3343 tire,
2186 3281 2243 3332 et
2267 3277 2441 3331 simul
2462 3293 2592 3332 cum
2628 3278 2824 3346 regina
2853 3279 3069 3334 versari
3096 3280 3156 3335 in
3188 3281 3367 3351 regis.
3398 3282 3492 3337 Sic
3521 3282 3677 3337 enim

2032 3366 2187 3421 vives
2219 3366 2493 3437 deinceps
2548 3366 2787 3421 liberius
2818 3370 2875 3422 et
2928 3368 3173 3425 liberata
3229 3387 3263 3426 a
3315 3370 3489 3427 malis
3549 3388 3675 3443 quas

2033 3456 2304 3511 oriuntur
2351 3471 2419 3509 ex
2476 3454 2777 3526 viduitate,
2839 3457 3026 3528 magis
3084 3460 3302 3528 poteris
3334 3458 3462 3515 aliis
3506 3476 3674 3531 opem

2034 3545 2200 3600 ferre.
2235 3544 2407 3600 Venit
2462 3544 2619 3601 enim
2651 3546 2722 3600 ad
2782 3561 2888 3601 nos
2921 3546 3093 3616 fama,
3151 3547 3286 3619 ipsae
3327 3554 3521 3604 autem
3580 3566 3673 3605 res

2032 3650 2262 3707 quoque
2289 3638 2589 3702 testantur,
2622 3636 2773 3704 quod
2804 3651 2938 3690 cum
2971 3641 3029 3691 et
3060 3651 3301 3706 magnas
3333 3637 3546 3693 habeas
3577 3639 3674 3692 di—

2031 3724 2223 3791 vitias,
2255 3728 2312 3779 et
2343 3723 2623 3795 plurimas
2666 3724 2969 3780 facultates
3021 3725 3314 3795 acceperis
3344 3744 3374 3779 ιι
3435 3726 3673 3796 majori-

2032 3814 2143 3869 bus
2196 3818 2255 3869 et
2286 3814 2406 3869 sint
2436 3814 2629 3882 multi,
2657 3814 2757 3885 qui
2796 3814 2902 3869 tibi
2933 3815 3211 3883 serviant,
3245 3815 3449 3887 pudori
3480 3824 3673 3872 tamen

2031 3907 2088 3958 et
2117 3903 2316 3958 virtuti
2368 3902 2645 3958 omnibus
2707 3903 3058 3975 postpositis,
3091 3904 3149 3958 in
3184 3903 3404 3959 nullius
3436 3905 3674 3960 alterius

2030 3991 2138 4047 viri
2189 4007 2259 4047 ne
2316 3992 2376 4046 in
2433 3996 2810 4062 conspectum
2871 3992 3107 4062 quidem
3139 3992 3372 4058 venisti,
3406 3991 3518 4047 nisi
3546 3994 3675 4063 ejus

2033 4083 2132 4153 qui
2165 4081 2277 4137 fuit
2308 4082 2414 4137 tibi
2444 4081 2703 4153 legitimo
2751 4084 3103 4153 conjunctus
3149 4084 3543 4139 matrimonio.
3594 4084 3677 4140 Ne

2034 4188 2191 4226 nunc
2247 4187 2407 4244 ergo,
2447 4188 2520 4227 ne
2578 4190 2734 4228 nunc
2782 4173 2914 4244 (hoc
2973 4189 3079 4245 ego
3112 4173 3211 4228 tibi
3260 4172 3522 4242 consulo)
3553 4174 3679 4245 puls

2033 4261 2423 4316 cbritudinem
2450 4265 2615 4317 tuam
2646 4265 2703 4317 et
2738 4263 3125 4331 juventutem,
3176 4265 3233 4318 et
3264 4261 3517 4317 ﬁliarum
3549 4264 3676 4318 vir-

2034 4350 2338 4420 ginitatem
2370 4350 2642 4405 lictorum
2677 4350 2945 4407 manibus
2972 4352 3303 4419 tradideris,
3329 4368 3456 4423 quae
3488 4355 3677 4424 magis

1997 4437 2005 4443 ’
2035 4439 2387 4496 contumelia
2416 4440 2680 4495 afficiunt
2712 4457 2887 4512 quam
2923 4442 3178 4511 puniunt
3211 4460 3224 4499 :
3260 4444 3360 4499 sed
3394 4442 3679 4499 desistens

2034 4530 2310 4587 crucifixo
2337 4530 2577 4602 gloriam
2620 4531 2897 4602 tribuere,
2932 4537 2987 4587 et
3036 4531 3254 4587 nostris
3284 4532 3498 4587 cedens
3531 4531 3678 4603 legi-

286 4605 403 4682 σαις
434 4637 448 4650 ·
484 4616 629 4673 ἀλλὰ
656 4624 756 4687 τῆς
786 4622 883 4673 τοῦ
923 4618 1337 4694 έσταυρωμένου
1387 4605 1572 4693 δόξης.
1602 4605 1923 4696 ἀποσχομέο

2043 4621 2173 4690 bus,
2205 4630 2256 4677 et
2290 4622 2395 4677 tibi
2427 4625 2485 4679 et
2517 4621 2717 4678 liberis
2762 4622 3026 4694 prospice
3057 4637 3187 4693 qua:
3218 4625 3356 4677 sunt
3385 4621 3570 4677 utilia.

284 4729 350 4779 νη
410 4706 498 4762 καὶ
547 4707 739 4780 νόμοις
776 4712 891 4770 τοῖς
932 4708 1222 4784 ἡμετέροις
1261 4709 1464 4781 εἷ’ξασα,
1495 4712 1658 4777 ἑαυτῆ
1714 4731 1772 4766 τε
1836 4712 1927 4767 καὶ

284 4797 493 4859 τέκνοις
523 4796 589 4852 τά
620 4795 881 4866 λυσιτελῆ
915 4799 1293 4873 περιποίησαι.

357 4888 457 4945 ΙΓ’.
489 4886 593 4942 Καὶ
636 4888 669 4955 ἡ
717 4886 954 4961 μακαρία
1001 4886 1260 4960 ἐμμελῶς
1326 4890 1439 4960 ἅμα
1490 4889 1578 4942 xui
1639 4888 1931 4945 πεπαιδευ-

289 4978 465 5051 μένως
502 4975 882 5049 ὑπολαϐοῦσα,
916 4978 978 5037 Ei
1019 4980 1077 5034 ὃν
1121 4978 1227 5034 ἔδει
1266 4984 1455 5053 τιμᾷν,
1488 4981 1653 5038 εἶπεν.
1687 4979 1731 5035 ὦ
1776 4984 1931 5057 βασι-

284 5068 401 5137 λεῦ,
434 5070 510 5131 ὡς
539 5070 601 5124 τὸ
633 5070 833 5145 κράτος
884 5091 967 5124 σοι
1008 5067 1396 5145 χαρισάμενον,
1427 5071 1515 5124 xui
1562 5071 1664 5139 τὴν
1720 5092 1933 5149 πορφυ-

286 5154 406 5231 ρίδα
443 5159 646 5228 ταύτην
685 5159 776 5212 xui
819 5158 881 5214 τὸ
914 5155 1179 5231 διάδημα,
1209 5157 1421 5232 μᾶλλον
1472 5156 1529 5214 δὲ
1576 5160 1666 5214 καὶ
1711 5160 1843 5215 αὐτὸ
1870 5162 1931 5215 τὸ

286 5246 417 5301 εἶναι
466 5248 557 5301 xui
614 5252 732 5321 ζῇν,
794 5250 887 5303 ἅτε
935 5253 1068 5305 Θεοῦ
1125 5250 1246 5303 Υἱὸν
1299 5252 1387 5303 xui
1447 5250 1598 5319 Θεὸν,
1660 5251 1933 5325 ἀγνώμονι

285 5339 439 5410 ψυχῇ
503 5337 736 5407 ἀθετήσα
790 5337 1048 5414 τολμηρᾷ
1116 5338 1337 5415 γλώττῃ
1410 5337 1777 5413 καθυϐρίζεις,
1845 5339 1934 5393 xui

288 5423 348 5478 οὐ
391 5420 568 5485 δεδιας
605 5426 679 5497 μὴ
722 5427 829 5479 πού
870 5447 926 5480 σε
958 5427 1199 5496 σκηπτὸς
1232 5428 1341 5481 ἅνω
1372 5427 1500 5491 Θεὸς
1555 5425 1791 5502 ἐνεχθείς
1839 5447 1939 5482 κα-

286 5511 618 5591 ταφλέξειεν,
660 5513 755 5588 ἐμὲ
783 5518 1035 5589 τιμήσεις
1067 5516 1251 5588 αὐτὸς,
1283 5518 1405 5587 ἥτις
1448 5518 1685 5594 ἐσχάτην
1722 5517 1933 5592 μᾶλλον

288 5600 505 5675 ἀτιμίαν
546 5604 644 5674 τὴν
700 5604 959 5679 ὑμετέραν
1005 5609 1250 5682 ἡγοῦμαι
1300 5610 1489 5681 τιμήν.
1544 5612 1746 5663 Παῦσαι
1802 5609 1938 5663 κατά

289 5694 486 5747 σαυτοῦ
517 5692 579 5748 τὸ
618 5692 768 5771 ξίφος
812 5694 991 5754 ὠθῶν.
1023 5693 1182 5765 Μηδὶ
1209 5695 1422 5772 γένοιτό
1477 5718 1571 5771 μοι
1624 5697 1769 5773 παρὰ
1824 5717 1938 5753 τοι-

2112 4894 2273 4951 XIII.
2308 4895 2478 4950 Beata
2520 4900 2713 4951 autem
2769 4895 2873 4951 illa
2928 4896 3194 4968 apposite
3224 4900 3282 4951 et
3339 4896 3563 4952 erudite
3591 4913 3681 4953 re-

2043 4983 2335 5053 spondens
2371 4998 2383 5037 :
2434 4983 2575 5039 Cum
2608 5000 2763 5051 eum,
2796 4984 3004 5054 inquit,
3036 5001 3068 5040 ο
3100 5001 3220 5051 rex,
3279 5000 3453 5056 quem
3513 5002 3681 5057 opor-

2043 5076 2187 5127 teret
2216 5071 2521 5140 honorare,
2566 5077 2625 5129 ut
2682 5074 2782 5145 qui
2812 5073 2919 5129 tibi
2974 5074 3194 5129 dederit
3254 5074 3570 5144 potentiam
3627 5078 3685 5130 et

2044 5159 2193 5215 hanc
2234 5178 2552 5233 purpuram
2596 5167 2653 5218 et
2680 5162 2790 5218 hoc
2839 5162 3127 5226 diadema,
3158 5162 3277 5218 imo
3309 5178 3441 5220 vero
3491 5164 3680 5235 ipsam

2046 5264 2278 5320 quoque
2320 5251 2648 5321 essentiam,
2699 5256 2755 5308 et
2792 5252 2995 5318 vitam,
3046 5256 3322 5322 tanquam
3364 5251 3465 5307 Dei
3510 5252 3685 5309 Filius

2046 5343 2104 5394 et
2160 5338 2338 5409 Deus,
2371 5340 2599 5411 ingrato
2631 5342 2828 5397 animo
2887 5345 3287 5412 contemptum
3338 5342 3541 5399 audaci
3573 5342 3683 5397 lin-

2045 5446 2158 5502 gua
2186 5428 2405 5499 injuria
2454 5430 2696 5496 afﬁcias,
2739 5448 2851 5487 non
2899 5431 3111 5486 timens
3152 5446 3222 5485 ne
3266 5430 3484 5487 fulmen
3519 5433 3683 5502 deje-

2048 5524 2204 5574 ctum
2234 5523 2291 5573 te
2339 5520 2662 5587 comburat,
2694 5528 2747 5576 et
2778 5537 2871 5577 me
2922 5522 3202 5576 honorare
3230 5520 3393 5588 velis,
3424 5526 3685 5577 vestrum

2046 5624 2152 5681 ego
2208 5609 2479 5665 honorem
2522 5626 2815 5666 summam
2865 5611 3013 5668 duco
3071 5610 3478 5682 ignominiam.
3512 5611 3689 5666 Cessa

2050 5697 2315 5774 gladium
2362 5698 2423 5754 in
2453 5698 2710 5771 teipsum
2760 5700 3071 5774 impellere.
3135 5700 3299 5759 Absit
3345 5704 3561 5772 autem,
3622 5702 3689 5754 ut
