4048 6202
396 332 549 393 1263

1748 326 2023 385 MENSIS
2068 324 2451 386 (lC'l‘OBEH.

3642 329 3793 388 1254

389 511 491 561 ego
524 510 557 549 a
587 491 683 547 tali
735 490 942 547 lauder
973 489 1190 561 lingua,
1224 504 1351 558 qua:
1410 502 1472 542 se
1531 485 1777 541 armavit
1832 492 2034 540 contra

2154 481 2312 552 αύτης
2368 484 2665 554 τιμηθῆναι
2724 482 3006 557 γλώττης,
3064 491 3164 552 τῆς
3221 482 3599 555 ὁπλισαμένης
3660 483 3792 537 κατά

389 586 590 648 Deum,
650 598 838 653 neque
898 597 964 636 eo
1025 579 1332 652 procedam
1393 576 1681 641 amentiae,
1738 580 1799 631 ut
1849 591 2042 631 verser

393 690 518 729 cum
554 673 648 739 iis,
680 672 779 742 qui
814 677 925 725 Deo
978 675 1118 725 sunt
1148 668 1290 722 adeo
1346 666 1589 729 inimici,
1623 670 1679 720 et
1728 665 1784 719 in
1837 681 2040 735 pecca-

392 769 585 817 torum
645 760 895 815 habitem
940 756 1353 813 tabernaculis.
1404 755 1547 809 Cum
1611 770 1708 809 rex
1756 754 1877 808 haec
1938 770 2039 807 au-

398 852 602 919 disset,
653 850 740 905 ira
787 849 956 904 corde
1012 861 1316 912 accensus,
1368 844 1589 913 aspexit
1646 843 1716 897 ad
1793 858 1893 897 eos
1943 840 2043 912 qui

399 942 657 1005 aderant,
717 942 773 991 et
830 952 963 993 cum
1014 934 1274 1000 dixisset,
1309 934 1492 997 Quam
1552 931 1923 1002 impudenter
1981 930 2041 983 in

401 1046 510 1085 nos
555 1044 615 1083 se
656 1028 804 1100 gerit
844 1027 963 1081 haec
1026 1025 1383 1079 exsecranda
1443 1019 1829 1076 muliercula!
1875 1020 2044 1090 jubet

401 1118 531 1186 ejus
563 1115 737 1185 capiti
769 1113 977 1169 auferri
1019 1116 1439 1184 tegumentum,
1472 1116 1530 1165 et
1581 1110 1704 1181 ejus
1746 1110 1994 1163 ﬁliarum
2026 1126 2039 1174 ;

402 1208 459 1261 et
484 1204 568 1258 sic
598 1219 693 1258 eas
726 1203 881 1257 nudo
906 1201 1112 1272 capite,
1145 1206 1200 1256 et
1222 1200 1507 1271 promissa
1538 1214 1725 1267 coma,
1759 1198 1819 1254 in
1851 1204 2045 1253 castra

404 1293 535 1348 duci
560 1308 661 1365 per
683 1290 1085 1362 ignominiam.

470 1473 611 1529 XIV.
654 1473 969 1543 Egrediens
1018 1487 1153 1543 ergo
1201 1486 1481 1543 generosa
1513 1470 1745 1535 mulier,
1779 1484 1910 1523 cum
1961 1467 2044 1524 vi-

401 1564 583 1620 disset
620 1578 887 1633 magnam
944 1562 1288 1616 feminarum
1323 1560 1759 1615 multitudinem
1811 1559 2044 1613 ﬂentem

404 1664 458 1710 et
490 1653 828 1724 ejulantem,
865 1653 1018 1723 quod
1055 1651 1190 1706 talis
1241 1650 1513 1706 nobilitas
1544 1650 1874 1705 afﬁceretur
1904 1664 2041 1702 con-

406 1743 667 1811 tumelia,
722 1741 818 1796 illa
883 1758 980 1795 eas
1038 1756 1232 1796 severe
1286 1750 1339 1795 et
1398 1740 1707 1811 magniﬁce
1763 1738 2040 1792 intuens:

2151 575 2329 625 Θεοῦ·
2392 570 2531 644 μηδὲ
2598 574 2741 648 παρὰ
2806 578 3065 628 τοσοῦτον
3116 573 3297 633 ἀνοίας
3363 568 3607 645 ἔλθοιμι,
3662 572 3796 627 ὥστε

2150 660 2564 737 ἀναστρέφεσθαι
2614 667 2731 723 τοῖς
2776 660 2948 724 οὕτως
3002 661 3350 737 ἐχθραίνουσι
3408 660 3488 733 τῷ
3538 666 3679 732 Θεῷ,
3710 662 3793 715 καὶ

2152 748 2204 802 ὲν
2280 752 2629 822 σκηνώμασιν
2710 751 3052 821 ἁμαρτωλῶν
3129 756 3425 806 κατοικεῖν.
3490 751 3708 805 Τούτων
3769 752 3795 804 ὁ

2156 839 2411 916 βασιλεὺς
2452 844 2524 903 ὡς
2556 844 2756 911 ἤκουσε
2811 845 2967 916 θυμῷ
3020 844 3121 912 τὴν
3177 839 3400 916 καρδίαν
3456 840 3795 910 ἀνακαυθεὶς,

2152 929 2426 998 ἀπέϐλεψε
2474 936 2611 1011 πρὸς
2658 935 2784 998 τοὺς
2836 935 3123 1009 παρόντας,
3157 935 3269 1004 καὶ,
3321 936 3427 993 Οἷα
3471 935 3590 989 καθ’
3640 936 3797 1006 ἡμῶν

2154 1021 2483 1078 ἀναιδεύεται
2545 1025 2605 1079 τὸ
2672 1025 2973 1098 κατάρατον
3041 1025 3192 1078 τουτὶ
3245 1022 3489 1098 γύναιον,
3542 1022 3799 1096 εἰρηκὼς,

2151 1111 2359 1167 κελεύει
2416 1113 2513 1179 τήν
2578 1120 2676 1181 τῆς
2750 1112 2993 1189 κεφαλῆς
3065 1113 3411 1190 ἀφαιρεῖσθαι
3485 1109 3791 1184 καλύπτραν

2152 1199 2320 1266 αὐτῆς
2375 1220 2432 1253 τε
2488 1199 2576 1253 καὶ
2632 1204 2738 1253 τῶν
2797 1198 3119 1273 θυγατέρων,
3169 1200 3259 1252 καί
3322 1196 3498 1259 οὕτως
3553 1196 3796 1255 ἀσκεπεῖς

2151 1288 2241 1341 καὶ
2294 1289 2428 1361 βαθὺ
2487 1288 2745 1359 καμώσας
2792 1285 2874 1342 ἐπ’
2906 1287 3139 1362 αἰσχύνῃ
3184 1286 3328 1360 παρὰ
3386 1286 3450 1340 τὸ
3498 1283 3794 1359 στρατόπε-

2157 1374 2248 1430 δον
2288 1376 2531 1453 ἄγεσθαι.

2227 1469 2323 1522 ΙΔ’.
2378 1468 2629 1520 Ἐκιοῦσα
2666 1467 2847 1520 τοίνυν
2909 1468 2943 1535 ἡ
3021 1464 3241 1540 γενναία
3298 1464 3387 1519 καὶ
3437 1464 3657 1528 πλῆθος
3720 1464 3793 1517 ὅτι

2153 1553 2297 1609 πολὺ
2346 1561 2616 1630 γυναικῶν
2667 1552 2856 1610 ἰδοῦσα
2916 1556 3040 1631 περὶ
3099 1555 3268 1622 αὐτὴν
3334 1554 3645 1625 ἀνοιμῶζον
3710 1553 3793 1606 καὶ

2153 1645 2564 1717 παθαινόμενον.
2611 1646 2685 1706 ὡς
2730 1646 2987 1715 τοιαύτης
3038 1642 3194 1709 δῆθεν
3251 1643 3521 1719 εὐγενείας
3576 1636 3791 1715 ὑϐριζοο

2158 1735 2347 1806 μένης,
2394 1735 2584 1805 σεμνὸν
2636 1733 2809 1805 ἐκείνη
2856 1736 2993 1807 πρὸς
3043 1733 3205 1795 αύτάς
3252 1730 3443 1787 ἲδοῦσα
3490 1732 3581 1785 καὶ
3637 1752 3793 1804 μεγα-

409 1832 561 1896 Scio,
594 1830 806 1900 inquit,
847 1846 879 1885 ο
920 1829 1143 1893 amicae,
1178 1830 1327 1899 quod
1377 1833 1609 1901 propter
1648 1844 1753 1882 nos
1784 1826 2041 1881 dolorem

2156 1820 2383 1901 λόιρρον,
2414 1820 2530 1881 Οἶδ’
2563 1825 2666 1893 ὅτι,
2722 1824 2908 1902 φησὶν,
2942 1822 3096 1900 φίλαι
3154 1826 3423 1897 γυναῖκες,
3487 1822 3794 1894 περιπαθεῖς

408 1919 690 1991 accipitis,
724 1918 931 1990 partim
972 1920 1205 1990 quidem
1263 1919 1504 1973 fortasse
1545 1922 1780 1989 propter
1828 1919 2046 1971 naturae

407 2008 841 2081 cognationem,
876 2008 1086 2079 partim
1128 2012 1318 2063 autem
1360 2008 1515 2078 quod
1567 2006 1808 2077 indigna
1839 2021 1903 2059 ac
1935 2021 2046 2075 pu-

409 2101 598 2154 denda
635 2098 835 2152 videar
864 2096 980 2168 pati
1032 2112 1166 2151 cum
1200 2096 1451 2152 ﬁliabus.
1509 2096 1619 2150 Sed
1655 2111 1725 2149 ne
1779 2092 2042 2149 deleatis.

406 2186 522 2241 Nos
576 2185 731 2240 enim
768 2201 883 2239 non
934 2185 1060 2239 ideo
1111 2184 1515 2252 negaverimus
1559 2184 1884 2237 effectorem
1917 2178 2045 2234 εωιί

406 2280 463 2330 et
494 2278 681 2337 terrae,
706 2288 888 2341 neque
919 2289 1046 2343 qua
1078 2277 1216 2326 sunt
1256 2273 1326 2327 ad
1372 2277 1604 2342 tempus
1636 2270 1868 2326 aeternis
1900 2286 2045 2341 pras-

404 2361 736 2417 tulerimus.
796 2360 938 2415 Nam
999 2360 1142 2414 mihi
1192 2359 1428 2431 quidem
1477 2378 1509 2415 a
1567 2358 1885 2430 majoribus
1944 2374 2046 2430 per

406 2450 839 2506 successionem
899 2449 1079 2520 pietas
1108 2454 1164 2505 et
1192 2466 1323 2504 vera
1382 2449 1608 2520 religio,
1639 2454 1755 2505 eta
1811 2448 2042 2504 Christo

404 2539 793 2603 denominari,
826 2543 883 2593 et
913 2554 1046 2592 eum
1079 2554 1250 2594 nosse
1273 2538 1478 2604 Deum,
1512 2538 1723 2593 tradita
1741 2537 1885 2593 mihi
1921 2539 2045 2593 fue-

404 2632 545 2684 runt
575 2628 633 2682 in
676 2628 1108 2695 hereditatem;
1154 2644 1269 2682 non
1328 2627 1472 2682 mihi
1527 2632 1721 2682 autem
1778 2626 1907 2695 soli,
1944 2628 2041 2683 sed

409 2718 690 2773 universas
750 2732 983 2788 quoque
1014 2732 1156 2771 mea:
1214 2716 1564 2788 cognationi.
1598 2718 1840 2787 PrOptor
1868 2733 2040 2788 quem

405 2823 510 2877 ego
542 2805 804 2878 amplexa
824 2805 1263 2872 continentiam,
1292 2806 1633 2861 viduitatem
1666 2805 1887 2876 praetuli
1922 2823 2044 2861 ma-

407 2894 685 2950 trimonio
721 2912 733 2948 :
767 2899 822 2949 et
869 2910 932 2949 ex
969 2893 1363 2961 facultatibus,
1398 2910 1540 2965 quas
1573 2895 1878 2962 habebam,
1914 2896 2043 2967 plu-

407 2986 624 3039 rimum
649 2983 923 3038 distribui
954 2983 1324 3052 pauperibus.
1350 2982 1497 3037 Sunt
1529 3000 1657 3039 vero
1688 2984 1878 3038 adhuc
1902 2985 2042 3041 mihi

407 3088 628 3142 magnas
670 3070 877 3124 divitiae
909 3070 970 3124 iu
1011 3086 1151 3124 auro
1178 3076 1233 3123 et
1264 3077 1519 3139 argento,
1554 3078 1611 3126 et
1643 3088 1852 3143 magna
1892 3073 2043 3127 mul-

403 3161 593 3215 titudo
653 3174 973 3225 servorum,
1034 3158 1232 3213 multa:
1285 3164 1481 3214 autem
1541 3162 1933 3232 possessiones
1990 3171 2043 3217 et

2156 1914 2237 1992 ἐφ’
2294 1917 2429 1987 ἡμῖν
2490 1915 2773 1991 γεγένησθε
2805 1932 2820 1948 ο
2887 1918 3047 1968 τοῦτο
3120 1913 3212 1985 μὲν
3263 1910 3391 1972 ἴσως
3447 1912 3537 1964 καὶ
3612 1908 3699 1963 διά
3739 1910 3794 1963 τὸ

2157 2005 2405 2082 συγγενὲς
2435 2012 2535 2075 τῆς
2574 2004 2805 2080 φύσεως,
2838 2001 3086 2059 τοῦτοδὲ
3133 2004 3223 2057 καὶ
3269 2001 3331 2057 τὸ
3379 1999 3557 2056 δοκεῖν
3608 1998 3791 2074 αἰσχύ-

2155 2114 2252 2163 νης
2327 2091 2447 2163 ἄξια
2515 2093 2649 2165 μετὰ
2704 2098 2811 2147 τῶν
2872 2095 3178 2167 θυγατὲρων
3256 2094 3409 2165 ἡμᾶς
3488 2087 3789 2161 ὑπομένειν.

2154 2181 2312 2240 Ἀλλ’
2353 2183 2414 2237 ού
2484 2184 2628 2257 παρὰ
2695 2186 2855 2238 τοῦτο
2928 2182 2987 2236 ἃν
3045 2182 3205 2254 ἡμεῖς
3271 2178 3643 2254 ἀρνησαίμεθα
3706 2179 3788 2231 τὸν

2154 2274 2391 2343 ποιητὴν
2424 2274 2656 2348 ούρανοῦ
2686 2273 2775 2327 καὶ
2807 2279 2932 2346 γῆς,
2967 2270 3093 2326 οὐδὲ
3123 2276 3228 2325 τῶν
3280 2267 3469 2325 ἀϊδίων
3509 2270 3580 2323 τά
3629 2267 3788 2341 πρόσ-

2152 2381 2315 2436 καιρα
2352 2364 2813 2436 προτιμήσαιμεν.
2857 2359 3017 2434 Ἐμοί
3063 2362 3163 2435 γαρ
3222 2359 3283 2415 ἐκ
3324 2358 3611 2433 προγόνων
3664 2355 3789 2424 κλῆ-

2155 2472 2247 2526 ρος
2308 2448 2605 2529 ἀδιάδοχος
2651 2453 2686 2519 ἡ
2748 2445 3008 2520 εὐσέϐεια,
3066 2451 3152 2503 καὶ
3249 2450 3310 2504 τὸ
3396 2449 3500 2502 ἀπὸ
3561 2448 3791 2519 Χριστοῦ

2152 2539 2449 2609 καλεῖσθσι,
2509 2541 2597 2595 καὶ
2654 2544 2845 2595 τοῦτον
2901 2537 3097 2594 εἰδέναι
3173 2541 3323 2595 Θιόν.
3388 2537 3503 2595 Οὐκ
3556 2537 3682 2610 ἐμοὶ
3738 2533 3787 2589 δὲ

2157 2632 2321 2703 μόνῃ,
2356 2629 2500 2685 ἀλλά
2552 2630 2641 2683 καὶ
2695 2630 2839 2704 πάσῃ
2891 2630 2962 2700 τῇ
3001 2628 3275 2704 συγγενείᾳ
3331 2624 3397 2696 δὴ
3448 2632 3517 2701 τῇ
3551 2626 3686 2699 ἐμῇ.
3717 2624 3786 2678 Δι’

2153 2722 2210 2776 ’ὸν
2295 2719 2400 2795 ἐγὼ
2466 2720 2818 2798 σωφροσύνην
2902 2717 3279 2792 ἀσπασαμένη,
3348 2718 3585 2792 χηρείαν
3662 2736 3785 2789 προ·

2154 2810 2321 2880 ἑθηκα
2373 2810 2576 2886 γάμου,
2608 2810 2697 2863 καί
2742 2812 2841 2878 τὴν
2892 2807 3074 2863 οὐσίαν
3132 2807 3350 2876 πολλὴν
3406 2807 3568 2861 οὖσαν
3620 2802 3792 2859 διενει-

2158 2899 2344 2973 μαμην
2395 2904 2510 2960 τοῖς
2568 2898 2813 2969 πένησιν.
2847 2900 2998 2955 Ἐστι
3058 2895 3114 2952 δὲ
3173 2918 3267 2970 μοι
3322 2895 3413 2949 καὶ
3458 2894 3662 2972 συχνὸς
3712 2891 3784 2946 ’ἐτι

2153 2988 2392 3048 πλοὺτος
2433 2987 2482 3042 ἐν
2510 2987 2734 3061 ἀργύρῳ
2789 3009 2847 3042 τε
2905 2986 2993 3042 καὶ
3053 2990 3266 3061 χρυσῷ,
3301 2984 3444 3039 πολύ
3485 3004 3541 3038 τε
3574 2984 3781 3037 οἰκείων

2154 3078 2389 3147 πλῆθος,
2421 3077 2608 3133 πολλά
2648 3076 2704 3133 δὲ
2748 3080 3001 3150 κτήματα
3048 3078 3137 3132 καὶ
3176 3078 3518 3151 βοσκήματα,
3552 3074 3647 3127 καὶ
3702 3092 3787 3125 το-

2154 3168 2367 3229 σούτοις
2401 3174 2631 3241 κομῶσα
2690 3173 2807 3229 τοῖς
2866 3169 3112 3243 ἀγαθοῖς,
3154 3166 3309 3232 ὅμως
3369 3165 3481 3237 οὐχ
3539 3162 3787 3232 είλύμην,

403 3264 608 3320 greges
634 3264 647 3315 ;
674 3263 873 3301 verum
907 3247 1037 3301 licet
1061 3251 1144 3302 tot
1175 3248 1325 3302 bona
1356 3248 1500 3303 mihi
1523 3230 1855 3321 suppetant,
1880 3252 2039 3307 nolui

2154 3258 2288 3311 κατά
2340 3258 2435 3318 τὰς
2476 3256 2689 3317 πολλὰς
2730 3262 2836 3312 τῶν
2886 3261 3176 3330 γυναικῶν,
3216 3254 3354 3327 πρὸς
3403 3250 3587 3323 ἕτερον
3642 3246 3791 3322 ἀνδρα

407 3344 631 3405 tamen,
664 3341 730 3390 ut
782 3336 980 3391 multa:
1011 3335 1140 3392 alim
1198 3336 1468 3394 mulieres
1515 3340 1726 3405 solent,
1759 3344 1828 3394 ad
1863 3340 2042 3396 alium

407 3428 681 3483 maritum
712 3427 943 3493 intueri,
974 3428 1205 3482 etiamsi
1228 3445 1359 3484 cum
1392 3430 1593 3485 multis
1615 3432 1846 3486 casibus
1869 3436 1924 3487 et
1950 3448 2045 3487 ca-

404 3516 803 3586 lamitatibus,
851 3532 979 3587 quae
1035 3517 1225 3573 viduis
1283 3518 1510 3573 evenire
1594 3527 2045 3588 consueverunt,

407 3621 557 3677 saepe
580 3605 691 3660 sim
724 3603 1066 3660 colluctata:
1092 3608 1245 3676 quod
1282 3607 1515 3677 quidem
1550 3608 1636 3662 vel
1670 3609 1858 3664 solum
1879 3612 2043 3665 sufﬁ-

407 3696 486 3750 cit
524 3695 596 3749 ad
640 3693 870 3749 mollem
903 3693 1095 3749 adhuc
1124 3700 1182 3750 et
1212 3700 1476 3751 tenerum
1508 3698 1770 3753 animum
1797 3699 2045 3754 incitan-

407 3785 547 3838 dum
601 3784 671 3838 ad
740 3785 1024 3839 secundas
1084 3785 1338 3856 nuptias.
1428 3787 1492 3841 Et
1551 3788 1796 3843 fortasse
1850 3790 2045 3843 nullus

401 3888 593 3927 meam
636 3874 969 3927 damnasset
1012 3873 1402 3943 juventutem,
1438 3892 1563 3946 quae
1594 3879 1786 3947 ipsum
1822 3879 1893 3932 ad
1938 3879 2044 3933 hoc

395 3962 651 4017 habebat
701 3967 1009 4032 patronum
1054 3962 1315 4018 divinum
1368 3965 1735 4034 Apostolum,
1779 3967 1889 4022 Sed
1925 3967 2044 4023 haec

396 4051 592 4106 omnia
624 4052 1031 4121 parvifaciens,
1052 4051 1111 4107 in
1144 4051 1250 4107 hoc
1276 4052 1466 4107 solum
1491 4054 1751 4110 animum
1782 4054 2042 4126 intendo,

399 4143 463 4191 ut
493 4155 627 4193 cum
660 4140 888 4193 Christo
922 4140 1033 4194 sim
1065 4155 1179 4195 una
1210 4156 1339 4195 cum
1372 4142 1613 4207 sanctis,
1649 4159 1774 4213 qua:
1810 4161 2046 4213 praeces-

394 4230 619 4291 serunt,
655 4227 998 4284 mulieribus
1021 4233 1075 4283 et
1106 4230 1483 4301 martyribus.
1506 4231 1624 4301 Ego
1655 4238 1848 4287 autem
1881 4234 2045 4289 vobis

388 4314 511 4384 jam
547 4315 801 4370 secundo
855 4334 1121 4386 appareo.
1156 4318 1302 4373 Nam
1338 4319 1494 4391 prius
1553 4320 1612 4375 in
1673 4323 2043 4378 matrimonio

396 4401 621 4474 sponsi,
656 4403 756 4473 qui
802 4410 924 4459 erat
955 4406 1023 4459 ad
1053 4411 1326 4477 tempus:
1373 4424 1529 4465 nunc
1555 4424 1689 4464 vero
1732 4410 1786 4465 in
1825 4412 2043 4482 nuptiis

394 4490 749 4546 immortalis
782 4498 837 4546 et
885 4492 1058 4548 alieni
1092 4495 1164 4548 ab
1213 4496 1469 4559 interitu,
1501 4499 1568 4551 ad
1604 4514 1779 4567 quem
1810 4499 2040 4568 festino,

2159 3347 2377 3421 βλέψαι,
2417 3348 2678 3421 καίτοιγε
2713 3348 2927 3420 μυρίαις
2974 3343 3316 3419 περιστάσεσί
3356 3364 3414 3397 τε
3455 3342 3544 3396 καὶ
3589 3360 3787 3415 συμφοο

2156 3457 2272 3509 ραις
2320 3438 2407 3491 οἷα
2455 3439 2523 3491 τὰ
2566 3440 2665 3502 τῆς
2720 3434 2972 3514 χηρείας,
3024 3433 3295 3493 πολλάκις
3374 3428 3787 3496 διαπαλαίσασα,

2156 3526 2288 3596 ὅπερ
2334 3526 2513 3579 ἱκανὸν
2562 3526 2652 3579 καὶ
2706 3526 2867 3597 μόνον
2928 3521 3143 3591 ἁπαλὴν
3199 3520 3275 3575 ἔτι
3322 3520 3410 3574 καὶ
3461 3519 3586 3572 νέαν
3619 3518 3786 3591 ψυχὴν

2152 3614 2289 3688 πρὸς
2335 3612 2615 3688 δευτέρους
2673 3615 2886 3690 γάμους
2948 3610 3389 3687 διερεθίσαι.Καὶ
3430 3608 3561 3668 ἴσως
3620 3604 3787 3664 οὐδεὶς

2154 3701 2213 3758 ἄν
2287 3725 2389 3776 μου
2451 3712 2553 3772 τῆς
2634 3705 2888 3771 νεότητος
2971 3701 3359 3777 κατεγίνωσκεν
3434 3697 3601 3752 αὐτὸν
3665 3696 3788 3767 πρὸς

2152 3796 2311 3847 τοῦτο
2385 3794 2476 3847 τὸν
2553 3798 2694 3855 θεῖον
2755 3789 3097 3847 Ἀπόστολον
3167 3791 3467 3863 συνήγορον
3530 3784 3782 3860 ἐχούσης.

2155 3878 2329 3938 Ἀλλὰ
2382 3884 2550 3934 ταὶτα
2604 3880 2727 3955 περὶ
2791 3878 3080 3941 ἐλάττονος
3153 3878 3323 3932 πάντα
3387 3876 3614 3947 Οεμὲνη,
3680 3872 3783 3929 ad:

2154 3967 2269 4040 cipit
2330 3968 2520 4041 μόνου,
2566 3973 2663 4023 τοῦ
2729 3973 2958 4021 συνεῖναι
3011 3970 3239 4040 Χρςστῷ
3296 3968 3414 4023 ταῖς
3482 3955 3782 4034 προλαὸού-

2153 4077 2268 4117 σαις
2330 4057 2441 4130 ἁμα
2495 4056 2732 4129 γυναιξὶν
2789 4055 2964 4130 ἁγίαις
3030 4054 3120 4109 καὶ
3187 4055 3467 4125 μάρτυσιν.
3518 4051 3667 4125 Ἐγὼ
3732 4046 3777 4099 δὲ

2155 4144 2281 4215 ὑμῖν
2334 4142 2442 4213 ἤδη
2493 4141 2738 4217 δεύτερον
2789 4141 3153 4220 ἐμφανίζομαι
3195 4138 3244 4194 ἒν
3284 4159 3344 4193 τε
3387 4142 3466 4208 τῷ
3496 4140 3598 4190 τοῦ
3630 4153 3778 4209 προσ·

2153 4236 2343 4305 καίρου
2382 4232 2615 4310 νυμφίου
2673 4233 2860 4305 γάμῳ,
2912 4231 3002 4285 καὶ
3061 4234 3148 4283 νῦν
3200 4228 3252 4281 ἐν
3318 4232 3395 4299 τῷ
3439 4229 3536 4280 τοῦ
3597 4224 3781 4302 ἀφθαρ-

2149 4332 2246 4376 του
2303 4322 2391 4376 καὶ
2451 4322 2733 4390 ἀθανάτου,
2792 4321 2927 4395 πρὸς
2977 4320 3034 4373 ’ὀε
3091 4317 3403 4391 ἐπείγομαι,
3453 4314 3544 4369 καὶ
3595 4314 3641 4384 ᾧ
3690 4312 3778 4377 τήν

2153 4410 2502 4487 σωφροσύνην
2587 4408 2815 4464 ἄσπιλον
2894 4407 3216 4483 διετήρησα,
3280 4405 3619 4479 μαρτυρήσει
3694 4419 3779 4471 μοι

2150 4500 2239 4555 καὶ
2279 4499 2461 4569 αὐτὸς,
2490 4501 2535 4571 ᾧ
2582 4498 2670 4553 καὶ
2710 4500 2804 4559 τας
2856 4496 3151 4572 θυγατέρας
3202 4494 3578 4569 νυμφευθῆναι
3630 4510 3782 4543 σπου-

393 4584 448 4633 et
479 4580 572 4635 cui
626 4581 1062 4637 immaculatam
1104 4584 1440 4639 conservavi
1481 4588 1919 4657 continentiam,
1952 4606 2039 4644 me

2154 4588 2318 4657 δάζω,
2353 4589 2482 4661 ὑγιῆ
2532 4588 2620 4641 καὶ
2674 4587 2844 4641 αὐτῶν
2898 4587 2973 4648 είς
3022 4583 3177 4658 δεῦρο
3216 4584 3315 4651 τὴν
3362 4578 3649 4655 παρθενίαν
3692 4598 3783 4651 φυ-

398 4668 626 4724 videtis.
680 4668 857 4725 Filias
890 4688 1119 4742 quoque
1163 4671 1270 4741 ipsi
1319 4676 1521 4729 studeo
1570 4676 1945 4747 despondere,
1983 4684 2043 4732 ut

399 4774 526 4827 quae
562 4774 762 4812 earum
799 4759 1101 4830 hucusque
1150 4760 1433 4832 integram
1486 4763 1559 4818 ad
1592 4764 1696 4820 hoc
1738 4766 2041 4837 virginita-

403 4849 514 4900 tem
561 4846 974 4901 conservarim.
1029 4847 1173 4904 Hinc
1217 4850 1357 4905 mihi
1415 4852 1623 4922 plenus
1674 4858 1762 4908 est
1809 4855 2043 4909 animus

396 4933 696 5007 voluptate
740 4940 796 4990 et
829 4935 975 4990 bona
1006 4954 1125 5006 spe.
1163 4938 1318 5010 Rogo
1369 4957 1468 4995 vos
1528 4942 1718 5011 igitur,
1779 4949 1841 4997 ut
1898 4945 2041 4998 mihi

394 5024 589 5091 potius
628 5023 1143 5094 congratulemini,
1189 5044 1377 5098 neque
1425 5034 1544 5084 tam
1594 5030 1819 5099 abjecto
1850 5033 2043 5087 animo

395 5112 826 5182 lumentemini,
862 5118 917 5169 et
968 5114 1107 5171 mihi
1142 5118 1540 5173 lransmuletis
1592 5120 1802 5174 festum
1838 5122 1894 5175 in
1943 5122 2041 5176 tri-

397 5204 642 5260 stitiam.
694 5205 866 5259 Porro
914 5210 1106 5260 autem
1160 5206 1323 5262 vobis
1364 5224 1592 5279 quoque
1622 5212 2040 5281 consuluerim,

400 5295 463 5345 ut
493 5308 592 5346 vos
633 5294 896 5365 undique
946 5292 1247 5360 muniatis,
1296 5300 1354 5350 et
1398 5314 1667 5369 magnam
1717 5300 2042 5357 adhibeatis

399 5378 753 5444 cautionem,
806 5398 898 5450 ne,
942 5382 1103 5437 vobis
1154 5400 1269 5438 non
1303 5386 1758 5452 advertentibus,
1820 5390 2044 5445 auferat

398 5464 507 5518 mei
537 5465 901 5536 thesaurum,
935 5472 1028 5538 qui
1080 5478 1169 5527 est
1225 5473 1468 5530 callidus
1527 5478 1848 5533 suﬁ‘urandi
1898 5480 2041 5533 arti-

396 5553 506 5619 fex,
540 5559 593 5607 et
628 5557 945 5611 maximum
981 5562 1144 5615 vobis
1177 5561 1284 5616 hoc
1314 5564 1592 5620 damnum
1629 5568 1848 5633 afferat,
1883 5569 2039 5640 quod

396 5641 679 5712 partiugit
711 5659 893 5714 usque
924 5648 989 5701 ad
1025 5648 1209 5719 ipsam
1244 5651 1519 5708 animam.
1556 5654 1687 5711 Jam
1719 5672 1851 5712 vero
1883 5673 2042 5727 quae-

2154 4678 2376 4745 λάξασα.
2408 4678 2676 4730 Ἐντεῦθεν
2718 4672 2920 4744 ἡδονῆς
2954 4673 3057 4749 ἐγὼ
3107 4674 3195 4727 καὶ
3246 4674 3503 4746 χρηστῶν
3557 4663 3785 4721 ἐλπίδων

2152 4768 2249 4834 τὴν
2321 4768 2506 4839 ψυχῆν
2566 4762 2819 4835 ἔμπλεώς
2853 4763 2988 4834 εἶμι,
3027 4762 3115 4817 καί
3177 4782 3272 4833 μοι
3329 4756 3650 4828 συνήδεσθαι
3704 4752 3784 4807 καὶ

2157 4856 2297 4927 ὑμᾶς
2353 4854 2508 4924 ἀξιῶ,
2561 4850 2703 4925 μηδέ
2759 4854 2989 4927 ἀγεννῶς
3047 4850 3189 4905 οὕτω
3260 4851 3498 4921 θρηνεῖν,
3545 4846 3635 4900 καὶ
3693 4845 3783 4910 τήν

2154 4944 2344 5015 ἒυρτὴν
2397 4942 2521 5014 ἐμοὶ
2561 4943 2696 5016 πρὸς
2757 4942 3050 5018 κατήφειαν
3120 4932 3505 5011 μεταϐάλλειν.
3550 4927 3789 5005 Συμόου-

2154 5031 2409 5103 λεύσαιμι
2440 5028 2486 5084 δ’
2528 5032 2586 5085 ἃν
2634 5031 2721 5085 καὶ
2781 5030 2907 5103 ύμῖν
2953 5027 3170 5098 πολλὴν
3218 5026 3557 5100 πανταχόθεν
3602 5020 3790 5077 ἐπιδεί-

2151 5130 2371 5181 κνυσθαι
2402 5121 2500 5189 τὴν
2534 5118 2854 5195 ἀσφάλειαν,
2891 5120 2965 5191 μή
3010 5139 3113 5173 που
3164 5115 3306 5189 λάθῃ
3338 5116 3427 5169 καί
3456 5132 3603 5172 τινος
3636 5112 3785 5181 ὑμῶν

2150 5209 2240 5262 τὸν
2284 5215 2384 5277 τῆς
2433 5208 2665 5269 πίστεως
2716 5208 2984 5282 θησαυρὸν
3025 5208 3052 5261 ὁ
3103 5205 3272 5266 ὸεινὸς
3326 5198 3660 5274 ύποϐλέψαι,
3698 5196 3788 5251 καὶ

2149 5298 2247 5364 τήν
2303 5297 2562 5370 μεγίστην
2612 5295 2815 5365 ταύτην
2866 5295 3067 5367 ζημίαν
3106 5294 3195 5349 καὶ
3252 5293 3326 5354 είς
3359 5293 3529 5360 αὐτὴν
3559 5287 3789 5357 ἤκουσαν

2150 5388 2249 5454 τὴν
2295 5387 2479 5460 ψυχὴν
2541 5390 2838 5456 ζημιῶσαι.
2883 5384 2982 5437 Καὶ
3030 5383 3147 5437 ὅσαι
3201 5380 3257 5436 δὲ
3301 5385 3411 5435 τῶν
3452 5373 3782 5447 Ἐλληνίδων

2151 5479 2414 5550 γυναικῶν
2468 5474 2694 5528 ἐνταῦθα
2756 5474 2846 5527 καὶ
2893 5468 3193 5544 Ἑϐραΐδων
3243 5468 3475 5543 (πολλαὶ
3539 5466 3665 5541 γὰρ,
3717 5464 3787 5525 ὡς

2151 5564 2285 5638 ὁρῶ.
2342 5562 2428 5617 ἐπὶ
2495 5568 2563 5637 τῇ
2632 5564 2724 5633 θέᾳ
2790 5558 3018 5636 πᾶρεστε
3081 5559 3265 5633 ταύεῃ)
3318 5555 3643 5628 ἀποθέμεναι
3699 5551 3783 5607 καὶ

2152 5656 2333 5729 ὑμεῖς,
2367 5656 2419 5709 αἱ
2476 5656 2570 5728 μὶν
2609 5656 2736 5716 τοὺς
2785 5653 3025 5728 μακροὺς
3080 5654 3280 5725 μύθους
3327 5651 3416 5705 καὶ
3468 5648 3669 5723 λήρους
3698 5642 3784 5697 καὶ
