4048 6202
309 292 332 350 Ι
348 290 462 349 265

1530 284 1997 346 MARTYRIUM
2045 285 2106 344 S.
2155 287 2520 348 ARETH/E.

3551 291 3708 352 1266

298 451 426 513 τοὺς
476 451 715 522 ὀνόματα
766 447 928 521 μόνον
972 442 1126 507 ὄντας
1177 448 1350 511 θεούς
1412 448 1467 501 αἱ
1524 443 1580 501 δὲ
1626 449 1727 517 τὴν
1776 448 1946 515 σκιὰν,

2063 466 2288 520 cunque
2348 450 2441 505 hic
2500 450 2668 509 estis“.
2700 453 2971 510 mulieres
3029 456 3298 527 gentiles,
3349 461 3406 513 et
3456 458 3704 515 Hebraea:

298 540 397 612 ὀψε
443 543 575 614 γοῦν
606 539 742 593 ποτὶ
802 538 890 592 καὶ
945 536 1148 598 τύπους
1193 536 1283 591 καὶ
1335 536 1402 590 τὰ
1450 536 1741 611 αἰνίγματα
1800 558 1957 609 μετα-

310 629 504 701 μάθετε
530 628 634 695 τήν
666 625 927 697 ἀλήθειαν
977 626 1064 679 καὶ
1112 628 1190 695 τῷ
1237 624 1396 698 Λόγω
1436 625 1525 678 καὶ
1570 629 1686 696 Θεῷ
1727 629 1805 695 τῷ
1852 632 1952 694 τῆς

298 714 539 791 Τριάδος
571 715 651 770 ἐνὶ
710 713 1128 788 προσελθοῦσαι,
1188 712 1496 790 φωτίσθητε
1555 710 1644 767 διὰ
1700 720 1801 781 τῆς
1861 712 1955 767 αύ-

300 810 400 860 τοῦ
433 803 683 879 λατρείας
732 803 821 859 καί
875 807 974 873 τῆς
1035 807 1133 858 τοῦ
1189 802 1334 858 θείου
1397 802 1769 877 βαπτίσματος
1828 804 1954 857 ἀνα-

301 897 636 969 γεννήσεως,
686 892 774 948 καὶ
818 895 894 966 μὴ
942 892 1085 948 οὕτω
1139 898 1261 954 ταῖς
1322 888 1592 955 ἀσεϐείαις
1644 894 1798 965 ὑμῶν
1844 914 1959 948 συν.

299 982 607 1053 απόλησθε.

2063 539 2287 611 (multae
2311 538 2491 607 enim,
2524 543 2587 594 ut
2611 540 2794 609 video,
2821 541 2912 597 hic
2928 544 3143 599 adestis
3166 545 3236 599 ad
3262 547 3713 620 spectaculum),

2064 646 2164 683 vos
2213 643 2445 699 quoque
2530 629 2830 699 depositis,
2890 633 3138 701 gentiles
3207 634 3462 705 quidem,
3520 636 3711 708 longis

2067 718 2277 772 fabulis
2307 723 2364 772 et
2421 717 2613 789 nugis,
2647 722 2702 773 et
2753 718 2887 788 diis,
2923 721 3017 788 qui
3059 726 3199 775 sunt
3258 724 3379 778 solo
3429 726 3706 781 nomine:

2067 807 2319 862 Hebraeis
2347 812 2570 874 autem,
2603 807 2811 862 umbra
2862 808 3097 863 tandem
3130 814 3188 864 et
3248 810 3451 881 figuris
3483 818 3539 868 et
3568 814 3706 868 aani-
3774 838 3777 845 -

2066 896 2384 967 gmatibus,
2418 897 2624 953 discite
2653 898 2978 966 veritatem,
3011 902 3068 954 et
3099 901 3435 957 accedentes
3472 904 3544 958 ad
3577 904 3710 960 Ver-

2069 986 2207 1040 bum
2240 991 2297 1041 et
2335 987 2537 1057 Deum,
2568 987 2663 1057 qui
2713 992 2799 1042 est
2837 1003 2989 1043 unus
3045 987 3363 1056 Trinitatis,
3425 1007 3527 1062 per
3582 995 3709 1061 ejus

292 1076 515 1132 cultum
554 1074 967 1132 illuminemini
1012 1079 1068 1131 et
1118 1075 1300 1130 divini
1347 1075 1715 1146 baptismatis
1747 1076 2269 1148 regenerationem,
2306 1092 2495 1148 neque
2537 1076 2621 1131 sic
2652 1076 2826 1132 simul
2858 1078 3105 1147 pereatis
3165 1079 3225 1134 in
3255 1080 3464 1137 vestris
3498 1081 3716 1154 impie-

298 1166 541 1222 tatibus.

369 1257 467 1310 IE'.
523 1257 698 1309 Ταῦτα
751 1260 853 1324 τῆς
914 1254 1189 1328 μάρτυρος
1238 1256 1327 1309 καὶ
1388 1252 1533 1309 ἄλλα
1589 1254 1768 1310 πλείω
1824 1261 1943 1317 ταῖς

300 1342 682 1405 συνελθούσαις
751 1343 958 1415 γοναιξὶ
1026 1340 1442 1417 διαλεγομένης,
1508 1345 1650 1407 τινὲς
1708 1350 1818 1399 τῶν
1884 1346 1950 1399 τὰ

304 1431 570 1505 βασιλέως
609 1431 955 1510 φρονούντων
1015 1430 1205 1505 ἐκείνῳ
1259 1432 1768 1509 προσαγγειλάντων
1810 1435 1951 1489 αύτὰ

297 1521 389 1575 καὶ
420 1522 504 1576 ὅτι
564 1519 874 1599 διαστρέφοι
904 1521 967 1575 τὸ
1014 1521 1251 1590 πλῆθος.
1292 1522 1353 1579 Ὀ
1405 1521 1659 1597 βασιλεὺς
1708 1524 1799 1577 καὶ
1848 1524 1947 1578 αὗ-

2131 1257 2253 1312 XV.
2286 1258 2430 1313 Cum
2463 1265 2683 1330 martyr
2717 1256 2838 1312 haac
2869 1263 2926 1313 et
2955 1258 3069 1315 alia
3100 1259 3270 1331 plura
3324 1261 3543 1317 diceret
3576 1278 3706 1317 mu-

2061 1346 2322 1413 lieribus,
2355 1346 2594 1418 quidam
2641 1363 2709 1402 ex
2739 1346 2830 1413 iis,
2864 1347 2959 1418 qui
3002 1364 3133 1402 cum
3188 1366 3321 1421 rege
3353 1350 3706 1419 sentiebant,

2057 1435 2140 1492 illi
2177 1439 2294 1490 haec
2324 1436 2758 1503 renuntiarunt,
2792 1439 2850 1491 et
2879 1438 3031 1507 quod
3069 1442 3418 1506 perverteret
3444 1439 3707 1494 multitu-

2060 1526 2279 1580 dinem.
2314 1525 2432 1580 Rex
2466 1525 2679 1596 itaque,
2718 1541 2785 1580 ea
2829 1541 3031 1580 rursus
3063 1526 3369 1596 accersita,
3412 1528 3704 1585 simulans

297 1611 380 1671 θις
442 1609 789 1683 μετάκλητον
848 1609 1014 1678 αὐτὴν
1074 1612 1443 1685 ποιησάμενος
1497 1613 1588 1666 καὶ
1636 1614 1728 1667 τὸν
1776 1618 1945 1687 πρᾶον

2063 1614 2575 1670 mansuetudinem
2608 1631 2621 1669 :
2658 1614 2888 1686 Magna,
2947 1614 3156 1685 inquit,
3199 1632 3339 1672 usus
3372 1634 3501 1672 sum
3531 1616 3590 1670 in
3649 1622 3705 1672 te

301 1698 644 1775 ὑποκριθεὶς.
708 1698 925 1772 Ηολλῇ,
980 1701 1167 1778 φησὶν,
1225 1699 1553 1776 ἐχρησάμην
1602 1701 1687 1757 ἐπί
1748 1724 1831 1757 σοι
1878 1709 1947 1778 τῇ

298 1787 675 1861 μακροθυμίᾳ,
752 1790 990 1863 προνοίᾳ
1049 1795 1216 1844 τοῦτο
1284 1788 1659 1868 φιλανθρώπῳ
1711 1792 1801 1846 καὶ
1852 1792 1951 1848 οὐκ

296 1877 513 1955 ἀλόγως
544 1883 742 1948 ποιῶν,
770 1879 943 1950 ὅπως,
974 1878 1020 1933 εἰ
1056 1882 1129 1952 μή
1162 1902 1215 1935 τι
1246 1878 1408 1949 ἄλλο,
1442 1880 1590 1937 ἀλλά
1609 1888 1723 1945 τοῖς
1756 1883 1840 1937 ἐπὶ
1865 1885 1949 1939 σοὶ

291 1968 381 2023 καὶ
421 1973 540 2029 ταῖς
591 1968 886 2042 θυγατράσι
942 1968 1371 2043 καταχεομὲνοις
1418 1968 1670 2045 δάκρυσιν
1720 1972 1950 2028 ἐπικλα-

294 2060 499 2125 σθεῖσα,
531 2058 813 2126 πεισθείης
843 2060 1002 2130 ἡμῖν.
1034 2059 1095 2114 Ἡ
1131 2054 1206 2115 δέ.
1249 2061 1353 2113 Καὶ
1401 2060 1483 2121 τίς
1520 2081 1608 2133 με,
1657 2056 1784 2137 ἔφη,
1830 2083 1951 2116 πει-

290 2148 498 2202 σθεῖσάν
539 2169 643 2216 σοι,
700 2146 948 2221 βασιλεῦ,
1005 2154 1103 2203 τοῦ
1152 2149 1321 2223 πυρὸς
1388 2150 1605 2223 ῥύσεται
1652 2156 1751 2206 τοῦ
1796 2148 1950 2207 ἀσϐέ-

298 2255 467 2305 arcu;
502 2234 691 2297 Οὕτως
730 2232 897 2308 ἔλεξε,
937 2236 1028 2290 καὶ
1060 2235 1135 2298 εἷς
1173 2236 1400 2311 οὐρανὸν
1451 2237 1607 2302 εὐθὺς
1655 2236 1948 2307 ἀπιδοῦσα,

303 2324 393 2391 Μὴ
434 2322 642 2399 γένοιτό
704 2345 818 2396 μοι,
880 2324 1062 2400 φησὶν,
1120 2324 1349 2389 άθάνατι
1410 2327 1654 2401 βασιλεῦ,
1708 2330 1951 2404 ἀπαρνή-

306 2424 497 2475 σασθαι
540 2433 597 2467 σε
644 2413 739 2467 τὸν
787 2417 886 2468 τοῦ
934 2418 1067 2468 Θεοῦ
1130 2422 1392 2490 μονογενῆ
1449 2416 1592 2486 Υἷὸν,
1651 2417 1739 2471 καὶ
1798 2415 1945 2492 ἀνδρῖ

307 2508 617 2571 πεισθῆναι,
685 2506 765 2574 τῷ
828 2503 886 2556 σέ
949 2524 1007 2557 τε
1073 2504 1412 2574 ἂθετήσαντι,
1481 2506 1570 2560 καὶ
1648 2505 1950 2581 ἐπιορκίαις

304 2594 454 2663 ἡμᾶς
502 2591 857 2662 ἀπατήσαντι.
901 2594 1013 2662 Τὴν
1072 2593 1377 2669 παῤῥησίαν
1430 2593 1605 2651 τοίνυν
1641 2599 1668 2651 ὁ
1697 2594 1950 2672 Ἑϐραῖος

299 2684 405 2747 τῆς
444 2679 687 2753 γενναίας
716 2679 818 2733 οὐκ
845 2677 1101 2753 ἐνεγκὼν,
1143 2679 1288 2735 ἀλλὰ
1345 2683 1444 2750 τήν
1496 2684 1700 2753 σκηνὴν
1748 2684 1839 2739 καὶ
1887 2684 1950 2739 τὸ

300 2768 530 2840 πλάσμα
572 2769 760 2840 λύσας,
817 2770 907 2823 καὶ
964 2768 1149 2844 ἄγριόν
1198 2791 1251 2824 τι
1303 2772 1509 2846 βλέψας
1562 2774 1651 2828 καὶ
1709 2776 1950 2852 φονικὸν,

301 2856 710 2931 Τολμηροτάτη
767 2857 1058 2935 γύναικῶν,
1117 2854 1243 2935 ἔφη,
1294 2859 1402 2934 ἐγώ
1452 2881 1547 2916 σου
1593 2862 1688 2924 τὰς
1749 2865 1951 2938 σάρκας

305 2945 428 3021 ἄρτι
484 2950 782 3019 καταξανῶ,
839 2949 928 3002 καὶ
987 2946 1394 3022 διαψηλαφήσω
1458 2952 1523 3005 τὰ
1580 2948 1794 3026 ἔγκατα,
1860 2955 1949 3007 καὶ

308 3034 362 3091 εἷ’
383 3056 437 3091 τι
468 3033 523 3090 δὲ
549 3035 754 3091 τούτων
816 3038 1142 3115 ὑπολειφθῇ,
1191 3039 1310 3094 κυσὶ
1360 3041 1658 3114 παραθήσω
1721 3043 1949 3116 τροφήν.

316 3124 411 3179 Καὶ
466 3122 567 3179 ἷ¹3ω
623 3124 704 3187 τίς
757 3127 921 3181 ὁτῶν
982 3127 1126 3200 ἐμῶν
1186 3126 1563 3201 ἐξαιρούμενος
1620 3151 1677 3184 σε
1729 3135 1955 3207 χειρῶν,

312 3212 409 3268 κᾶν
469 3215 514 3268 εἰ
560 3214 625 3269 τὰ
683 3215 919 3286 μάλιστα
978 3216 1272 3292 σύμμαχον
1327 3218 1666 3293 παραστῆναί
1724 3240 1809 3273 σοι
1863 3221 1955 3275 τὸν

318 3305 640 3379 Ναζωραῖον
672 3302 889 3380 ἄμαχον
919 3304 1245 3380 προσδοκᾷς.
1279 3308 1537 3364 Ἐνταῦθα
1588 3310 1663 3381 μὴ
1715 3308 1957 3383 ἀνασχο-

322 3394 453 3465 μένη
488 3398 597 3449 τῶν
638 3398 734 3449 τοῦ
800 3400 999 3468 μιαροῦ
1054 3394 1235 3470 λόγων
1274 3399 1309 3466 ἡ
1355 3399 1545 3473 πρώτη
1594 3402 1701 3453 τῶν
1744 3400 1961 3475 θυγατέ-

316 3504 425 3557 ρων
455 3490 557 3553 τῆς
600 3485 890 3559 μάρτυρος,
925 3483 1225 3542 δωδέκατον
1276 3484 1384 3558 ἤδη
1435 3509 1540 3542 που
1586 3495 1686 3557 τῆς
1735 3488 1956 3558 ἡλικίας

310 3570 515 3647 ἄγουσα
563 3575 788 3650 χρόνονί
839 3574 1023 3630 σιέλου
1067 3576 1128 3629 τὸ
1183 3578 1358 3649 στόμα
1404 3576 1681 3647 πλήσασα,
1732 3580 1958 3654 κατέχεε

306 3672 404 3735 τῆς
446 3665 623 3739 ὄψεως
649 3670 746 3720 τοῦ
776 3665 1059 3740 τυράννου.
1092 3666 1157 3723 Οἱ
1191 3662 1247 3721 δὲ
1278 3665 1717 3741 περιεστηκότες,
1751 3670 1815 3723 οὐ
1862 3670 1953 3724 τὸν

309 3755 479 3825 ζῆλον
513 3757 598 3810 ναὶ
637 3755 700 3811 to‘
753 3754 978 3819 δικαίως
1028 3758 1316 3831 γενόμενον
1371 3760 1762 3831 ἐπαινέσαντες,
1810 3760 1957 3818 ἀλλὰ

302 3843 394 3896 τὸν
421 3845 606 3915 καιρὸν
648 3842 1055 3917 θεραπεύοντες,
1106 3843 1271 3916 αὐτήν
1324 3866 1382 3900 τε
1429 3845 1516 3901 καὶ
1565 3849 1663 3915 τὴν
1709 3846 1952 3926 ἀδελφὴν

303 3932 497 3987 αὐτίκα
528 3933 667 4009 ξίφει
708 3930 1151 4007 διαχειρίζονται,
1205 3936 1295 3988 καὶ
1342 3936 1461 3997 ταῖς
1511 3935 1698 4011 χερσὶν
1750 3937 1809 3991 ἐκ
1857 3942 1955 3992 τοῦ

301 4020 694 4096 καταρρέοντος
786 4020 1016 4094 α’ίματος
1084 4023 1137 4076 οἱ
1206 4021 1495 4098 θηριώδεις
1582 4020 1953 4089 ὑπολαϐόντες

305 4112 669 4187 προσφέρουσι
877 4112 1066 4186 μητρί·
1134 4117 1295 4167 τοῦτο
1362 4116 1660 4189 προσταγὲν
1742 4114 1803 4168 ἐκ
1858 4120 1954 4171 τοῦ

312 4198 580 4272 βασιλέως
604 4243 618 4255 .
649 4202 711 4257 Ἡ
746 4198 801 4255 δὲ
832 4200 896 4269 (ὢ
928 4205 1113 4277 ψυχῆς
1161 4202 1420 4278 γενναίας)
1456 4206 1466 4260 Ι
1493 4200 1670 4272 ἡδέως
1716 4224 1776 4259 τε
1805 4203 1952 4258 ἀπο-

306 4285 538 4360 γεύεται,
596 4291 687 4341 καὶ
742 4290 877 4361 πρὸς
929 4290 1153 4365 οὐρανὸν
1204 4291 1518 4365 άνασχοῦσα
1580 4291 1707 4355 τοὺς
1755 4292 1954 4372 ὀφθαλ-

2060 1704 2358 1775 patientia,
2388 1704 2492 1759 hoc
2513 1702 2781 1759 consulto
2813 1708 2871 1759 et
2899 1721 3014 1760 non
3037 1706 3465 1761 inconsiderate
3488 1706 3704 1761 faciens

2060 1798 2291 1866 propter
2311 1794 2754 1863 benignitatem,
2780 1796 2841 1848 ut
2874 1794 3050 1849 fracta
3083 1793 3378 1866 lacrymis,
3413 1812 3539 1866 quae
3574 1812 3704 1867 pro-

2058 1888 2188 1955 pter
2216 1887 2272 1937 te
2295 1883 2645 1951 funduntur,
2677 1888 2735 1938 et
2767 1888 3001 1955 propter
3041 1883 3210 1952 tilias,
3244 1885 3413 1940 nobis
3473 1901 3698 1955 pareas.

2059 1972 2163 2028 Illa
2194 1977 2385 2028 autem
2422 1989 2435 2026 :
2469 1970 2615 2038 Quis
2649 1988 2760 2037 me,
2790 1972 3002 2044 inquit,
3045 1990 3076 2029 o
3112 1990 3231 2042 rex,
3267 1974 3315 2028 si
3356 1973 3461 2028 tibi
3494 1990 3699 2044 parue-

2058 2063 2192 2129 rim,
2226 2061 2489 2117 liberarit
2520 2062 2592 2116 ab
2650 2060 2804 2133 igne,
2835 2062 2932 2131 qui
2965 2078 3082 2117 non
3115 2067 3304 2131 potest
3360 2062 3703 2134 exstingui?

2058 2150 2151 2206 Sic
2181 2150 2348 2213 dixit,
2382 2155 2439 2205 et
2465 2150 2674 2205 coelum
2717 2149 2917 2205 statim
2962 2150 3200 2205 intuens
3233 2150 3459 2218 :Absit,
3492 2150 3701 2221 inquit,

2057 2257 2090 2295 o
2123 2244 2237 2295 Rex
2270 2238 2645 2308 immortalis,
2673 2242 2739 2293 ut
2770 2243 2827 2294 te
2860 2254 3087 2310 negem,
3121 2239 3217 2308 qui
3249 2245 3338 2294 est
3377 2239 3537 2294 solus
3568 2239 3704 2293 uni-

2060 2330 2294 2401 genitus
2344 2328 2445 2385 Dei
2468 2327 2670 2397 Filius,
2721 2333 2778 2384 et
2809 2330 3040 2385 credam
3072 2328 3215 2393 viro,
3250 2329 3350 2400 qui
3396 2337 3450 2384 te
3496 2328 3705 2383 habuit

2059 2418 2445 2489 contemptui,
2500 2422 2558 2472 et
2604 2434 2709 2473 nos
2732 2418 2959 2489 decepit
3013 2418 3287 2488 perjurio.
3322 2420 3446 2472 Non
3510 2418 3702 2473 ferens

2057 2506 2251 2576 itaque
2284 2505 2558 2561 Hebraeus
2597 2505 2922 2561 libertatem
2977 2506 3243 2576 loquendi
3291 2522 3579 2577 generosae
3630 2508 3705 2561 fe-

2060 2596 2250 2660 minae,
2284 2595 2383 2649 sed
2413 2595 2678 2665 deposita
2707 2609 2902 2660 scena,
2935 2598 2991 2649 et
3021 2594 3213 2649 ablata
3244 2594 3492 2663 ﬁctione,
3521 2598 3703 2649 torve-

2060 2700 2172 2755 que
2192 2699 2322 2739 eam
2354 2687 2412 2738 et
2451 2682 2666 2739 furiose
2694 2683 2970 2738 intuens:
3018 2682 3446 2751 Audacissima,
3489 2683 3698 2754 inquit,

2060 2773 2293 2840 mulier,
2327 2788 2433 2844 ego
2462 2772 2569 2828 tibi
2615 2774 2740 2843 jam
2780 2789 2982 2830 carnes
3038 2774 3365 2844 discerpam
3398 2790 3465 2829 ac
3494 2774 3702 2829 dilace-

2061 2862 2219 2929 rabo,
2270 2870 2325 2918 et
2352 2862 2624 2919 intestina
2672 2863 3037 2919 contrectaho
3071 2877 3084 2916 ι
3118 2864 3176 2916 et
3228 2861 3278 2917 si
3332 2862 3471 2933 quid
3513 2877 3582 2918 ex
3628 2862 3701 2917 iis

2063 2951 2237 3006 fuerit
2256 2950 2569 3022 reliquum,
2597 2952 2654 3007 id
2688 2967 2977 3023 apponam
3008 2952 3400 3008 devorandum
3434 2950 3700 3006 canibus.

2063 3001 2569 3022 _w___-____1___,
2598 3001 2654 3007 __
2689 3001 2977 3023 _"-___
3011 3001 3400 3008 _-__________
3438 3001 3699 3006 -______-

1982 3001 2032 3067 C
2061 3039 2280 3095 Videbo
2313 3047 2527 3104 autem,
2559 3040 2829 3110 quisnam
2863 3045 2919 3095 te
2948 3041 3020 3096 sit
3051 3057 3081 3095 e
3112 3041 3254 3095 meis
3286 3039 3559 3095 manibus
3580 3055 3705 3095 ere-

2066 3135 2292 3203 pturus,
2323 3129 2556 3186 etiamsi
2590 3132 2842 3185 maxime
2870 3140 3133 3202 expectas
3181 3131 3299 3185 fore
3357 3134 3420 3185 ut
3448 3130 3543 3184 det
3599 3129 3706 3184 tibi

2064 3219 2346 3275 auxilium
2364 3219 2731 3275 Nazaranus.
2753 3223 2914 3275 Tunc
2934 3219 3266 3274 exsecrandi
3283 3220 3509 3288 tyranni
3533 3219 3709 3273 verba

2066 3325 2182 3365 non
2212 3309 2404 3364 ferens
2435 3306 2624 3379 prima
2673 3306 2925 3362 ﬁliarum
2987 3308 3280 3379 martyris,
3341 3323 3557 3363 annum
3580 3308 3705 3377 jam

2063 3413 2245 3470 agens
2266 3397 2701 3463 duodecimum,
2718 3396 2945 3469 tyranni
2967 3397 3166 3452 oculos
3189 3397 3577 3468 consputavit.
3602 3396 3707 3460 Qui

2066 3495 2261 3545 autem
2304 3486 2833 3553 circumsistebant,
2890 3503 3007 3542 non
3065 3486 3268 3551 zelum,
3302 3492 3357 3542 et
3411 3487 3492 3553 id,
3552 3488 3704 3558 quod

2056 3584 2192 3654 jure
2223 3581 2415 3637 fuerat
2472 3580 2712 3649 factum,
2779 3579 3105 3647 laudantes,
3156 3580 3255 3634 sed
3288 3580 3531 3648 tempori
3582 3595 3704 3633 ser-

2063 3674 2305 3739 vientes,
2340 3672 2523 3743 ipsam
2577 3674 2634 3724 et
2662 3684 2916 3725 sororem
2962 3684 3103 3724 ense
3151 3684 3282 3722 mox
3337 3667 3696 3722 conficiunt:

2062 3766 2120 3818 et
2149 3777 2283 3817 cum
2316 3776 2383 3816 ex
2404 3759 2695 3814 deﬂuente
2725 3756 3012 3827 sanguine
3061 3756 3336 3811 manibus
3394 3755 3564 3827 plane
3597 3756 3701 3810 feri

2063 3849 2331 3906 homines
2352 3848 2735 3918 accepissent,
2756 3862 2888 3902 eum
2913 3846 3080 3902 matri
3105 3846 3376 3900 offerunt.
3401 3844 3519 3899 Rex
3548 3845 3704 3899 enim

2063 3942 2140 3995 ita
2164 3940 2439 4010 jusserat.
2490 3936 2597 3991 Illa
2627 3951 2759 3991 vero
2790 3938 2847 4004 (ο
2880 3934 3085 3990 fortem
3116 3938 3174 3989 et
3202 3948 3551 4004 generosum
3584 3933 3703 3987 ani-

2063 4027 2261 4083 mum!
2297 4027 2389 4098 )et
2420 4025 2665 4081 libenter
2696 4039 2828 4079 eum
2860 4028 3076 4093 gustat,
3107 4026 3185 4092 et,
3218 4037 3352 4077 cum
3382 4022 3450 4076 ad
3489 4020 3700 4077 coelum

2062 4117 2398 4175 sustulisset
2447 4116 2648 4171 oculos
2684 4131 2696 4167 :
2731 4112 2886 4181 Tibi,
2921 4112 3131 4183 inquit,
3174 4112 3417 4167 Domine
3458 4110 3703 4167 Christe.

2064 4208 2169 4264 hoc
2200 4223 2396 4262 meum
2419 4206 2595 4262 otl'ero
2627 4202 2999 4269 sacrificium,
3021 4206 3078 4257 et
3110 4200 3215 4258 tibi
3252 4206 3531 4271 martyres
3554 4201 3709 4257 exhi-

2060 4296 2166 4352 beo
2185 4301 2378 4351 castas
2398 4294 2673 4365 virgines,
2697 4309 2823 4363 quae
2846 4307 3094 4362 egressas
3118 4296 3255 4346 sunt
3278 4305 3347 4344 ex
3364 4294 3526 4346 utero
3548 4307 3702 4346 meo:

308 4373 465 4447 μους.
500 4376 597 4429 Σοὶ
645 4379 749 4444 τὴν
797 4379 934 4450 ἐμὴν
980 4380 1207 4452 ταύτην,
1254 4374 1378 4455 ἔφη,
1433 4382 1675 4437 Δέσποτα
1724 4383 1950 4458 Χριστὲ,

2064 4400 2196 4441 cum
2212 4384 2428 4456 quibus
2449 4398 2543 4439 me
2574 4398 2808 4453 quoque
2838 4387 3315 4436 connumeratam
3345 4379 3617 4435 introduc
3649 4382 3707 4435 in

303 4463 594 4541 προσφέρω
637 4466 816 4528 θυσίαν
886 4468 972 4522 καὶ
1031 4472 1305 4545 μάρτυρας
1358 4476 1604 4546 παριστῶ
1662 4492 1746 4526 σοι
1805 4493 1947 4547 παρ-

307 4554 491 4618 θένους
524 4554 834 4627 ἁγνὰς,τᾶς
885 4555 943 4610 ἐκ
992 4565 1095 4626 τῆς
1146 4559 1344 4636 ὀσφύος
1396 4558 1461 4631 δὴ
1510 4568 1609 4632 τῆς
1648 4559 1810 4634 ἐμῆς⁶
1860 4563 1951 4626 αῖς

2060 4480 2227 4530 tuum
2255 4472 2607 4540 thalamum,
2631 4477 2708 4541 et,
2734 4475 2797 4526 ut
2816 4469 2955 4525 dicit
2981 4468 3213 4525 divinus
3244 4468 3441 4536 David,
3468 4470 3708 4523 ostende

2060 4568 2306 4621 matrem
2341 4567 2574 4635 propter
2605 4560 2754 4616 filios
2784 4559 3103 4615 laetantem.

302 4645 443 4718 κάμὲ
483 4648 904 4720 συναριθμήσας,
962 4645 1012 4700 ἐν
1080 4653 1159 4719 τῷ
1216 4655 1467 4726 νυμφῶνι
1522 4654 1602 4724 τῷ
1661 4651 1739 4725 σῷ
1798 4652 2170 4732 συνεισάγαγεο
2228 4654 2317 4709 καὶ
2375 4656 2438 4708 τὸ
2503 4656 2601 4707 τοῦ
2656 4650 2801 4706 θέίου
2859 4646 3047 4720 Δαυίδ,
3108 4646 3323 4723 μητέρα
3381 4643 3555 4716 δεῖξον
3621 4644 3707 4700 ἐπὶ

301 4734 508 4796 τέκνοις
540 4736 989 4815 εὑφραινομένην.

378 4828 467 4889 ἶς’.
518 4828 613 4881 Καὶ
658 4829 683 4881 ὁ
743 4827 1019 4903 βασιλεὺς,
1077 4827 1364 4904 βαρυτάτῳ
1419 4829 1621 4905 κέντρῳ
1674 4839 1775 4902 τῆς
1821 4834 1954 4889 citiu-

310 4916 435 4989 μίας
466 4917 724 4992 πληγεὶς,
758 4921 853 4973 ἅτε
878 4919 1049 4980 πάσας
1081 4919 1351 4993 ἀπογνοὺς
1381 4921 1474 4982 τὰς
1525 4919 1773 4991 ἐλπίδας,
1814 4924 1949 4979 ἀποο

306 5006 545 5084 φαίνετάι
571 5010 687 5063 κατ’
734 5009 923 5079 αὐτῆς,
970 5005 1153 5063 τοιάδε
1201 5009 1332 5082 πρὸς
1386 5010 1512 5072 τοὺς
1561 5012 1816 5071 συνόντας
1876 5014 1951 5068 εἰ-

304 5094 441 5149 πών’
495 5098 912 5171 Έθαυμάσαμεν
967 5104 1065 5153 τοῦ
1110 5097 1354 5161 κάλλους
1392 5103 1559 5171 αὑτήν
1611 5123 1669 5156 τε
1716 5104 1804 5157 καὶ
1853 5104 1948 5165 τὰς

306 5181 602 5256 θυγατέρας
634 5184 801 5254 αὐτῆς
828 5185 1187 5260 (ὁμολογήσω
1229 5188 1329 5263 γὰρ
1378 5189 1423 5243 τ“
1462 5188 1707 5264 ἀληθές)·
1751 5189 1948 5263 πολλῷ

303 5264 359 5321 δὲ
391 5273 486 5323 τοῦ
517 5270 800 5350 σώφρονος
832 5272 1009 5327 αὐτῶν
1048 5274 1213 5328 πλέον
1262 5276 1503 5349 ἢττημαι
1551 5277 1638 5331 καὶ
1688 5278 1942 5349 κοσμίου.

298 5356 397 5410 Καὶ
440 5354 528 5412 διὰ
578 5364 737 5414 τοῦτο
779 5362 1076 5433 θαυμάζειν
1125 5384 1219 5436 μοι
1277 5359 1501 5435 ἔπεισιν,
1554 5364 1631 5427 εἷς
1682 5364 1805 5419 ὅσον
1843 5365 1946 5441 ἄρα

302 5444 497 5518 μανίας
555 5448 606 5501 οἱ
664 5451 980 5525 Χριστιανοὶ
1063 5456 1467 5528 κεχωρήκασιν,
1542 5454 1615 5516 ὡς
1672 5455 1944 5531 ἀνθρώπῳ

291 5533 582 5612 προσέχειν
610 5538 875 5611 βιοθανὲῖ,
908 5540 997 5595 καὶ
1037 5542 1135 5610 τὴν
1188 5540 1388 5597 οἲκείαν
1437 5542 1742 5619 ἐπιτρέπειν
1793 5550 1939 5618 αυτῷ

292 5626 590 5698 σωτηρίαν,
650 5626 839 5700 πλάνῳ
897 5629 987 5684 καὶ
1042 5632 1201 5707 γόητι
1256 5632 1553 5707 γενομένῳ,
1611 5634 1700 5688 καὶ
1763 5636 1935 5709 μάτην

291 5712 480 5771 ἑαυτὸν
519 5715 793 5774 ἀνειπόντι
823 5721 977 5777 Θεόν.

2134 4836 2279 4892 XVI.
2342 4836 2459 4890 Rex
2498 4837 2692 4889 autem
2747 4831 3097 4903 gravissimo
3136 4828 3499 4903 aegritudinis
3528 4826 3707 4883 animi

2062 4923 2301 4980 stimulo
2322 4922 2639 4986 sauciatus,
2675 4928 2735 4975 ut
2765 4921 2865 4991 qui
2898 4934 3128 4975 omnem
3164 4934 3325 4989 spem
3349 4916 3520 4988 plane
3550 4916 3707 4986 abje-

2061 5013 2253 5081 cisset,
2279 5013 2339 5067 in
2366 5028 2491 5068 eam
2520 5013 2626 5066 fert
2648 5009 3022 5075 sententiam,
3046 5023 3180 5063 cum
3205 5008 3326 5062 hec
3348 5006 3586 5062 dixisset
3610 5006 3698 5068 iis,

2060 5104 2160 5174 qui
2193 5101 2369 5157 simul
2401 5105 2567 5157 erant
2600 5118 2613 5155 :
2671 5101 2813 5170 Ejus
2845 5098 3080 5170 quidem
3126 5102 3181 5153 et
3213 5096 3463 5151 filiarum
3510 5095 3700 5151 mirati

2058 5207 2266 5248 sumus
2286 5189 2779 5261 pulchritudinem
2805 5188 3029 5258 (verum
3052 5186 3205 5243 enim
3234 5186 3495 5257 fatebor),
3520 5184 3699 5240 multo

2058 5286 2253 5336 autem
2288 5279 2473 5349 magis
2503 5280 2693 5333 victus
2726 5293 2857 5334 sum
2900 5277 2971 5333 ab
3003 5291 3200 5331 earum
3236 5276 3620 5345 temperantia
3642 5280 3698 5330 et

2056 5369 2473 5425 moderatione.
2501 5369 2572 5424 Et
2614 5367 2741 5423 ideo
2776 5366 2919 5421 mihi
2951 5365 3108 5420 venit
3137 5364 3195 5418 in
3220 5368 3473 5419 mentem
3506 5365 3696 5418 admi-

2053 5457 2191 5523 rari,
2206 5459 2276 5514 ad
2293 5463 2570 5530 quantam
2588 5456 2903 5513 amentiam
2922 5458 3330 5527 processerunt
3350 5454 3683 5520 Christiani,

2051 5553 2119 5604 ut
2162 5548 2351 5605 colant
2408 5548 2732 5615 hominem,
2767 5546 2869 5617 qui
2918 5548 3100 5600 morte
3136 5544 3304 5616 periit
3330 5542 3603 5605 violenta,
3639 5550 3692 5595 et

2049 5656 2218 5697 suam
2250 5640 2301 5695 ei
2336 5639 2674 5711 permittant
2696 5637 2965 5704 salutem,
2986 5636 3086 5707 qui
3108 5635 3216 5691 fuit
3238 5635 3446 5705 planus
3467 5640 3521 5690 et
3548 5650 3686 5705 prae-

2048 5729 2330 5801 stigiator,
2361 5733 2417 5786 et
2445 5744 2507 5785 se
2547 5732 2730 5783 Deum
2752 5731 2967 5784 temere
2996 5724 3327 5799 appellavit.
