4048 6202
454 298 611 361 1367

524 460 724 517 XVIII.
776 460 1053 532 Sequenti
1100 463 1297 517 autem
1329 461 1423 518 die
1454 476 1584 517 cum
1618 461 1676 516 in
1706 460 1831 517 loco
1862 458 2094 516 excelso
2124 457 2179 524 A

452 550 833 617 consedisset,
866 550 1083 606 vocavit
1106 550 1378 607 Aretham
1399 567 1532 607 cum
1565 550 1758 616 sociis,
1778 567 1903 621 quae
1925 554 2091 605 erant

455 656 697 696 numero
727 640 968 697 trecenti
1003 644 1061 696 et
1090 641 1492 711 quadraginta.
1526 642 1631 706 Qui
1663 657 1798 696 cum
1830 639 2089 696 adstitis-

453 734 603 794 sent,
638 744 917 800 magnum
949 729 1184 785 intuens
1213 730 1511 798 Aretham,
1534 730 1635 801 qui
1665 734 1790 785 erat
1815 727 2089 796 affabilis,

453 822 510 874 et
539 819 896 890 moderatus,
921 824 975 875 et
998 821 1255 876 moribus
1276 820 1592 875 maximam
1615 819 1958 877 ostendebat
1985 818 2096 873 vir-

452 912 638 963 tutem
674 923 687 961 :
720 910 836 965 Cur
862 916 1019 964 tanta
1058 926 1139 979 es,
1174 910 1384 981 inquit,
1427 909 1694 975 audacia,
1726 926 1758 965 ο
1790 912 1964 980 caput
1992 923 2093 962 ex-

453 998 819 1068 secrandum,
853 1003 917 1054 ut
946 1000 1003 1054 in
1037 1004 1298 1055 nostram
1331 1000 1567 1068 quidem
1593 1000 1864 1070 insurgas
1897 1002 2099 1070 poten-

452 1087 619 1154 tiam,
653 1086 756 1141 toti
814 1091 1008 1143 autem
1057 1087 1278 1143 civitati
1308 1092 1365 1142 et
1394 1091 1568 1143 tanta:
1620 1088 1967 1158 persuadeas
2002 1101 2097 1141 re-

453 1176 632 1248 gioni,
669 1180 733 1232 ut
772 1181 827 1233 te
866 1177 1055 1232 solum
1087 1177 1281 1233 colant
1336 1182 1616 1249 tanquam
1675 1185 2009 1250 tyrannum,
2043 1178 2100 1231 et

454 1265 648 1321 verbis
680 1266 796 1321 tuis
856 1270 1099 1322 utantur
1141 1274 1419 1337 tanquam
1451 1267 1681 1337 legibus
1715 1283 1728 1322 :
1765 1272 2096 1322 nostrarum

455 1371 589 1411 vero
618 1355 814 1427 legum
845 1361 902 1411 et
930 1358 1238 1412 verborum
1273 1357 1495 1412 nullam
1537 1357 1760 1413 ducant
1789 1357 2096 1424 rationem,

456 1448 513 1500 et
539 1446 960 1500 exsecrandum
985 1444 1280 1502 hominem
1300 1447 1481 1501 Deum
1510 1446 1822 1517 appellent,
1847 1445 1947 1517 qui
1968 1461 2099 1501 cum

457 1533 571 1588 sibi
603 1533 885 1589 auxilium
938 1536 1086 1591 ferre
1115 1552 1227 1592 non
1287 1535 1558 1608 potuerit,
1591 1551 1691 1590 vos
1748 1551 1883 1590 eum
1938 1535 2103 1590 vobis

457 1622 809 1678 adhibuistis
831 1624 1193 1695 adjutorem:
1219 1629 1274 1680 et
1300 1639 1407 1680 nec
1437 1628 1605 1679 tuum
1638 1628 1863 1695 patrem
1895 1640 1956 1680 es
1978 1623 2104 1679 imi-

459 1714 640 1779 tatus,
672 1712 772 1782 qui
806 1718 941 1768 ante
969 1718 1025 1768 te
1055 1714 1363 1785 imperavit
1391 1713 1594 1784 Nagraa
1621 1729 1635 1768 :
1669 1713 1740 1769 iis
1764 1717 1981 1785 autem,
2004 1711 2105 1783 qui

1799 297 2077 359 MENSIS
2123 294 2506 356 OCTOBER.

3680 292 3802 354 {268

2278 457 2373 513 IZ'.
2407 455 2506 511 Καὶ
2537 457 2606 529 τῇ
2636 453 2759 525 ἑξῆς
2790 454 2877 509 ἐπὶ
2931 454 3210 528 μετεώρου
3258 454 3499 519 καθίσας,
3544 450 3661 513 τοὺς
3702 453 3801 524 περὶ

2199 546 2428 620 Ἀρέθαν
2487 542 2695 614 ἐκάλει,
2752 544 3107 619 τριπκοσίους
3159 542 3252 598 καὶ
3308 542 3686 616 τεσσαράκοντα
3732 541 3802 596 τὸν

2200 634 2430 710 ἀριθμὸν
2488 632 2668 696 ὄντας.
2747 633 2847 688 Καὶ
2901 632 3310 706 παραστάντων,
3364 635 3444 703 τῷ
3504 629 3713 707 μεγάλῳ
3762 628 3801 683 ἑν

2203 722 2332 780 ίδῶν
2368 724 2580 798 Ἀρέθᾳ,
2627 724 2886 795 εὖσυνέτῳ
2931 744 2989 778 τε
3037 717 3152 777 ὄντι
3201 723 3302 790 τήν
3350 719 3569 790 ἔντευξιν
3613 721 3691 775 καὶ
3734 740 3803 774 xo-

2204 816 2351 888 σμῖῳ
2399 812 2487 867 καί
2542 812 2761 881 πολλὴν
2818 812 2949 883 ὅσην
3005 813 3198 881 ἀρετήν
3266 816 3347 884 τῷ
3414 812 3530 879 ἤθει
3583 805 3800 883 παραδει-

2203 905 2405 973 κνύντι,
2447 902 2541 966 Εἷς
2587 902 2639 957 τί
2685 906 2966 974 τοσοῦτον,
3023 903 3190 973 εἶπεν,
3242 898 3608 973 ἆπεθρισόνω,
3664 899 3799 973 μιαρὰ

2205 994 2441 1068 κεφαλὴ,
2473 990 2611 1047 ὥστε
2661 997 2757 1046 τοῦ
2814 993 3045 1064 κράτους
3097 993 3191 1063 μὲν
3238 994 3337 1045 τοῦ
3392 989 3649 1063 ἡμετέρου
3698 1008 3803 1041 κατ-

2207 1085 2526 1156 επαρθῆναι,
2559 1078 2721 1135 πόλιν
2757 1076 2813 1133 δὲ
2844 1080 2980 1150 ὅλην
3026 1078 3115 1134 καὶ
3162 1080 3351 1154 χώραν
3397 1076 3652 1146 τοσαύτην
3696 1074 3800 1129 ἀνά-

2208 1178 2390 1227 πεῖσαι
2426 1170 2575 1245 μόνῳ
2621 1168 2983 1245 προσανέχειν
3035 1170 3121 1224 σοὶ
3160 1172 3235 1231 ὡς
3283 1168 3548 1241 τυράννῳ,
3594 1166 3675 1220 καὶ
3707 1171 3801 1225 τοῖς

2212 1265 2403 1340 λόγοις
2433 1265 2705 1326 τοιούτοις
2736 1264 2810 1325 ὡς
2850 1262 3045 1335 νόμοις
3074 1262 3398 1339 κεχρῆσθαι’
3422 1258 3628 1333 ἁλογεῖν
3659 1255 3706 1311 δὲ
3729 1259 3803 1311 νό-

2216 1377 2332 1427 μων
2386 1351 2667 1428 ἡμετέρων
2712 1353 2803 1408 καὶ
2853 1350 3057 1428 λόγων,
3114 1350 3205 1405 καὶ
3255 1348 3532 1423 ἄνθρωπον
3584 1346 3801 1419 ἐπάρατον

2213 1442 2563 1521 ἐπιφημίζειν
2624 1444 2773 1511 Θεὸν,
2840 1442 2900 1496 ’ὀν
2947 1440 3039 1496 καὶ
3090 1434 3400 1510 ἀϐοήθητον
3449 1436 3591 1507 ὄντα,
3639 1437 3802 1512 βοηθὸν

2216 1534 2372 1607 ὑμεῖς
2427 1531 2813 1609 ἑπεγράψασθε·
2899 1531 2989 1585 καὶ
3049 1526 3176 1585 οὐδὲ
3259 1528 3350 1583 τὸν
3424 1527 3511 1582 σὸν
3588 1525 3801 1599 ἐμιμήσω

2212 1626 2420 1698 πατέρα
2478 1624 2570 1678 τὸν
2638 1622 2867 1696 ἄρξαντα
2920 1620 3026 1695 πρὸ
3086 1625 3185 1674 σοῦ
3261 1620 3359 1687 τῆς
3423 1616 3623 1691 Νεγρὰν
3688 1613 3803 1675 ὅπως

2217 1714 2381 1791 ἐφάνη
2442 1718 2561 1776 τοῖς
2614 1713 2722 1785 πρὸ
2772 1713 2933 1783 ἡμῶν
2994 1706 3277 1785 βασιλεῦσι
3340 1706 3483 1780 μάλα
3535 1706 3803 1774 πειθήνιος

462 1816 569 1856 nos
602 1808 1047 1872 praecesserunt,
1089 1802 1326 1874 regibus
1371 1802 1479 1858 fuit
1519 1801 2037 1858 obedientissimus
2079 1802 2107 1855 ‘I

2219 1802 2372 1862 Ἀλλ’
2429 1802 2585 1875 εἰμὴ
2646 1795 2967 1874 μεταϐαλὼν
3024 1800 3113 1852 καὶ
3172 1796 3466 1873 γενόμενος
3514 1795 3687 1849 ἑαυτοῦ
3727 1795 3802 1860 τήν

2322 1894 2332 1901 .
2486 1890 2497 1901 ,
2649 1891 2662 1901 .
2739 1891 2747 1901 .
2868 1886 2953 1901 κ..
3130 1885 3155 1901 ,ι
3311 1886 3324 1901 ς
3387 1886 3414 1901 η
3457 1883 3513 1901 η,
3680 1889 3703 1899 -

464 1890 572 1945 Sed
632 1891 745 1946 nisi
779 1896 1063 1960 mutatus,
1095 1900 1149 1948 et
1180 1892 1253 1948 ad
1311 1896 1367 1947 te
1416 1892 1666 1958 rediens,
1708 1892 1860 1947 hanc
1898 1907 2103 1947 vanam

464 1979 753 2051 repuleris
810 1981 1165 2051 opinionem,
1200 1998 1315 2037 non
1375 1990 1427 2037 te
1486 1982 1776 2054 profunda
1831 1986 2103 2037 senectus

466 2085 572 2124 nec
595 2070 909 2125 simulatus
940 2071 1033 2127 hic
1066 2071 1301 2126 habitus
1323 2072 1652 2140 juvabunt:
1688 2072 1786 2126 sed
1805 2075 1865 2126 tu
1898 2075 1955 2125 et
1984 2086 2106 2124 om-

468 2176 570 2215 nes
632 2159 715 2214 tui
773 2162 974 2216 eadem
1045 2162 1366 2232 patiemini,
1421 2179 1547 2232 quae
1604 2161 1711 2216 viri
1769 2168 1822 2216 et
1879 2160 2107 2216 feminea

467 2246 633 2317 prius
660 2247 947 2301 interfecti
977 2265 989 2302 :
1023 2264 1171 2318 quos
1195 2252 1480 2319 quantum
1497 2249 1716 2319 juverit
1735 2248 1930 2303 Mariae
1953 2251 2012 2303 et
2033 2248 2111 2302 fa-

466 2334 557 2389 bri
582 2333 763 2401 ﬁlius,
788 2350 992 2390 omnes
1014 2338 1227 2391 sciunt.
1254 2338 1436 2392 Senex
1469 2342 1690 2405 autem,
1710 2342 1875 2393 stans
1894 2336 2113 2408 cogita-

466 2423 727 2491 bundus,
760 2428 816 2480 et
875 2429 1068 2496 aperte
1100 2427 1417 2482 ostendens
1462 2443 1524 2483 se
1554 2443 1705 2498 aegre
1736 2427 1881 2482 ferre
1912 2441 2112 2496 super-

466 2514 622 2570 biam
654 2515 962 2571 verborum
1016 2517 1191 2587 regis,
1224 2533 1347 2573 cum
1382 2534 1443 2573 se
1496 2518 1882 2573 sustinuisset
1910 2521 1967 2572 et
1997 2515 2114 2571 col-

470 2604 712 2676 legisset
756 2605 1049 2676 spiritum,
1082 2612 1140 2663 et
1169 2623 1236 2661 ex
1285 2609 1401 2663 imo
1434 2608 1791 2677 suspirasset
1821 2624 1834 2662 :
1870 2607 1995 2662 Non
2027 2622 2110 2675 es,

466 2696 682 2767 inquit,
710 2713 743 2751 o
775 2712 892 2762 rex.
916 2714 1092 2753 causa
1110 2714 1333 2769 eorum,
1366 2716 1493 2769 quae
1518 2699 1796 2755 dicuntur
1812 2704 1913 2753 aut
1944 2699 2109 2758 fiunt,

467 2788 567 2842 sed
602 2786 783 2842 nostri
814 2789 987 2843 cives.
1022 2789 1122 2859 qui
1155 2804 1346 2844 meam
1370 2793 1850 2862 contempserunt
1879 2792 2111 2844 senten-

465 2879 633 2946 tiam,
684 2894 810 2949 qua:
841 2878 947 2934 tibi
989 2896 1100 2936 non
1138 2880 1480 2951 pertimebat
1534 2880 1761 2952 ingredi
1791 2879 2108 2945 civitatem,

467 2972 669 3023 contra
716 2976 907 3023 autem
948 2969 1229 3023 adversus
1260 2974 1316 3023 te
1355 2970 1693 3041 depugnare
1723 2967 2025 3035 incitabat,
2056 2970 2113 3023 et

465 3070 602 3111 cum
634 3056 755 3111 tuis
782 3061 902 3111 tam
930 3056 1133 3111 multis
1164 3056 1424 3112 millibus
1457 3072 1669 3112 manus
1699 3071 2024 3123 conserere,
2049 3065 2113 3114 ut

2216 1894 2376 1963 κενὴν
2403 1890 2606 1962 ταύτην
2639 1891 2832 1964 ἀπώσῃ
2864 1886 3045 1958 δόξαν,
3095 1885 3222 1942 οὔτε
3271 1886 3334 1941 τὸ
3386 1883 3517 1960 βαθύ
3556 1904 3608 1937 σε
3646 1889 3801 1956 γῆρας,

2214 1980 2339 2038 οὔτε
2380 1984 2443 2037 τὸ
2492 1978 2966 2053 διαπεπλασμένον
3024 1982 3187 2034 τοῦτο
3238 1980 3337 2031 τοῦ
3386 1975 3653 2049 σχήματος
3692 1971 3803 2046 ὡφε-

2215 2070 2502 2142 λήσουσιν⁶
2536 2069 2681 2126 ἀλλὰ
2708 2073 2776 2125 τα
2824 2069 2991 2141 ὅμοια
3041 2067 3103 2122 σῦ
3150 2087 3211 2122 τε
3252 2064 3343 2121 καὶ
3383 2066 3433 2120 οἱ
3479 2061 3591 2136 περί
3632 2064 3679 2116 ei
3704 2061 3803 2115 πάν-

2215 2182 2301 2223 τες
2350 2166 2466 2223 τοῖς
2511 2156 2991 2235 προανῃρημένοις
3050 2154 3278 2229 ἀνδράσι
3343 2154 3432 2208 καὶ
3481 2150 3667 2228 γυναιξὶ
3713 2150 3805 2202 πεί-

2216 2252 2384 2305 σεσθε·
2429 2250 2520 2311 οὓς
2568 2247 2665 2303 ὅσα
2710 2250 2738 2303 ὁ
2777 2246 2836 2302 ἐκ
2885 2254 2987 2317 τῆς
3041 2244 3256 2317 Μαρίας
3304 2244 3395 2300 καὶ
3447 2246 3538 2297 τοῦ
3586 2240 3804 2303 τέκτονος,

2217 2340 2415 2411 ὤνησε,
2466 2340 2659 2399 πάντες
2717 2336 2908 2392 ἴσασιν.
2978 2336 3039 2392 Ὀ
3102 2331 3160 2388 δὲ
3215 2335 3414 2408 γέρων,
3469 2330 3549 2385 ἐπὶ
3605 2324 3803 2384 συννοίας

2217 2430 2406 2497 ἑστὼς,
2447 2430 2534 2483 καὶ
2587 2426 2758 2497 δῆλος
2809 2423 2881 2480 ὤν
2932 2424 3020 2479 ἐπὶ
3076 2428 3145 2497 τῇ
3218 2419 3547 2497 ὑπερηφανίᾳ
3594 2422 3688 2473 τῶν
3730 2418 3802 2469 τοῦ

2221 2518 2490 2595 βασιλέως
2547 2515 2727 2593 λόγων
2785 2512 3091 2590 περιαλγὴς
3148 2513 3415 2590 γεγονὼς,
3472 2506 3695 2595 ἐπισχὼν
3734 2503 3802 2558 καὶ

2216 2594 2477 2679 συλλέξας
2508 2610 2722 2679 πνεῦμα
2760 2605 2849 2660 καὶ
2887 2604 3072 2679 βάθιον
3123 2602 3455 2677 ἀνοιμώξας,
3500 2599 3608 2656 Οὐκ
3646 2594 3801 2661 αἴτιος,

2216 2697 2341 2774 ἔφη,
2386 2702 2492 2751 τῶν
2553 2692 2909 2766 λαλουμένων
2957 2691 2993 2761 ἢ
3046 2689 3433 2766 πραττομένων
3481 2687 3559 2755 σὺ,
3605 2683 3799 2760 βασιλεῦ,

2216 2772 2346 2843 ἀλλ’
2377 2786 2432 2840 οἱ
2470 2792 2570 2855 τῆς
2602 2784 2817 2846 πόλεως
2848 2784 2938 2838 καὶ
2969 2783 3259 2856 ἡμέτεροι,
3293 2779 3348 2836 ο⁹ί
3396 2781 3492 2848 τὴν
3536 2776 3658 2850 ἐμὴν
3708 2772 3800 2841 ἡθὲ·

2215 2896 2383 2947 τησαν
2450 2874 2674 2949 γνώμην
2732 2872 2793 2927 οὐ
2850 2872 3297 2947 παραχωροῦσάν
3355 2890 3439 2924 σοι
3490 2873 3581 2936 τῆς
3635 2858 3800 2949 εἰσόδου

2215 2974 2317 3035 τῆς
2374 2962 2613 3025 πόλεως’
2673 2961 2986 3018 τούναντίου
3049 2961 3141 3034 μὶν
3200 2959 3299 3014 οὖν
3350 2959 3437 3014 καὶ
3495 2948 3803 3028 ἀντιστρατεῦ-

2219 3056 2409 3110 σασθαι
2453 3052 2819 3129 παρορμῶσαν
2865 3051 2955 3105 καὶ
3010 3044 3314 3123 συμϐαλεῖν
3364 3052 3456 3103 σοῦ
3500 3050 3607 3105 ταῖς
3652 3036 3801 3114 μυριά-

467 3162 603 3203 cum
635 3146 970 3202 Madianitis
1001 3147 1138 3202 olim
1185 3147 1416 3203 Gedeon
1448 3162 1580 3203 cum
1612 3148 1834 3218 paucis,
1868 3152 1924 3203 et
1948 3148 2110 3203 Chri-

2222 3167 2323 3214 σιν,
2393 3144 2572 3219 ὥσπερ
2638 3148 2755 3205 τοῖς
2822 3138 3185 3212 Μαδιηναίοις
3253 3138 3383 3201 τοὺς
3464 3136 3576 3207 περὶ
3644 3126 3799 3185 Γεδεὼν

2227 3236 2237 3251 τ
2373 3237 2397 3251 η
2471 3236 2482 3251 ι
2758 3233 2769 3251 1
3078 3232 3090 3246 ι
3206 3235 3232 3244 ~
3305 3230 3318 3251 ε
3380 3230 3395 3251 s
3461 3231 3536 3251 ήδη
3586 3227 3666 3251 -.πη
3713 3221 3799 3251 ΖΑ.-

468 3240 579 3304 sto,
610 3236 710 3307 qui
744 3253 896 3291 nunc
931 3254 964 3292 a
993 3242 1049 3293 te
1097 3237 1510 3306 contemnitur,
1551 3241 1703 3295 vires
1761 3239 2015 3295 addente
2052 3245 2109 3296 et

465 3326 873 3392 confirmante,
904 3330 959 3382 te
988 3343 1344 3399 expugnare,
1367 3332 1423 3384 et
1454 3329 1767 3395 demetere,
1798 3330 2108 3385 etomnino

468 3413 678 3483 delere,
710 3415 900 3471 virum
932 3417 1179 3489 impium
1203 3425 1256 3475 et
1287 3418 1679 3488 fmdifragum,
1709 3423 1766 3474 et
1795 3418 2107 3474 immemo-

468 3519 590 3559 rem
624 3507 924 3574 pactorum
947 3511 1389 3577 conventorum,
1419 3507 1633 3579 quibus
1656 3513 1713 3564 te
1742 3507 2031 3564 civitatem
2055 3512 2111 3564 et

466 3612 574 3651 nos
595 3599 959 3651 servaturum
992 3596 1381 3667 pollicebaris.

540 3770 738 3830 XVIII.
770 3773 1017 3837 Quidam
1065 3782 1257 3830 autem
1293 3791 1362 3832 ex
1386 3774 1482 3843 iis,
1518 3776 1614 3847 qui
1645 3791 1776 3832 cum
1812 3792 1946 3848 rege
1977 3792 2108 3833 con-

469 3864 758 3934 sidebant,
788 3863 985 3919 volens
1035 3864 1337 3936 ingeniose
1382 3866 1563 3921 sancti
1600 3866 1769 3921 verba
1805 3866 2113 3937 reprehen-

474 3955 627 4009 dere.
661 3961 715 4009 et
743 3952 992 4024 tempori
1030 3952 1196 4008 valde
1245 3954 1504 4011 serviens
1538 3973 1550 4010 :
1583 3956 1691 4011 Sed
1726 3973 1865 4025 non,
1897 3956 2109 4029 inquit,

472 4043 555 4097 sic
606 4058 707 4097 vos
763 4041 931 4097 docet
957 4041 1048 4097 lex
1080 4042 1283 4115 Moysi,
1316 4044 1668 4099 contumelia
1693 4045 1925 4101 afﬁcere
1956 4046 2112 4102 chri-

475 4137 630 4186 stum
679 4130 931 4186 Domini.
982 4130 1124 4186 Dicit
1164 4134 1317 4187 enim
1354 4149 1367 4188 :
1401 4155 1429 4182 «
1476 4133 1730 4204 Principi
1780 4136 1979 4206 populi
2030 4135 2112 4191 tui

475 4236 589 4274 non
623 4218 935 4275 maledices
961 4223 1046 4274 ι.»
1070 4220 1450 4277 Porroautem
1480 4222 1609 4291 ipsa
1639 4237 1869 4294 quoque
1899 4224 2115 4295 scripta

474 4313 667 4365 vestra
689 4308 855 4364 vobis
884 4308 1087 4378 iubent
1117 4326 1310 4382 regem
1335 4311 1639 4379 honorare,
1673 4329 1774 4368 seu
1798 4313 1874 4368 sit
1904 4313 2112 4379 bonus,

476 4415 575 4454 seu
602 4398 827 4454 secus’.
856 4399 961 4454 Cui
985 4404 1256 4457 sanctus:
1277 4400 1362 4455 Tu
1391 4403 1836 4473 autem,inquit,
1871 4403 2117 4459 fortasse

475 4504 589 4542 non
620 4486 856 4557 audisti,
890 4488 1038 4557 quod
1074 4490 1145 4543 ab
1178 4488 1373 4543 Achati
1410 4490 1630 4545 dictum
1670 4497 1758 4546 est
1787 4491 1944 4557 Eliaa,
1978 4508 2111 4547 cum

2220 3236 2616 3310 ἐναριθμήτους
2667 3233 2953 3308 πρότερον,
3002 3232 3093 3286 καὶ
3139 3235 3237 3285 τοῦ
3300 3230 3404 3285 ὑπὸ
3449 3231 3540 3283 σοῦ
3586 3227 3666 3281 νῦν
3712 3221 3800 3273 ἀθε-

2218 3308 2488 3398 του-μὲνου
2547 3325 2785 3397 Χριστοῦ
2841 3320 3210 3395 ἑνισχόοντος,
3291 3308 3716 3394 καταγωνίσασθαί
3752 3324 3799 3398 ,σε

2217 3397 2331 3471 καῖέ
2380 3412 2669 3489 ἐκθερίσαι,
2738 3413 2828 3468 καὶ
2882 3412 3172 3489 ἀφανισμῷ
3229 3408 3686 3485 παραπέμψασθαι,
3734 3397 3798 3451 ἓν·

2218 3509 2433 3580 θρωπον
2499 3498 2665 3572 ἀσεϐῆ
2735 3503 2822 3557 καὶ
2893 3496 3305 3575 παράσπονδον,
3397 3496 3483 3552 καὶ
3564 3492 3798 3580 ἀμνήμογα

2220 3576 2422 3671 λόγων,
2455 3597 2541 3658 οἷς
2580 3595 2768 3664 σώζειν
2799 3594 2899 3664 τήν
2950 3590 3113 3649 πόλιν
3166 3590 3257 3647 καὶ
3315 3593 3459 3666 ἡμᾶς
3502 3590 3565 3657 ἧς
3608 3576 3798 3652 ὑποσχό-

2224 3706 2405 3759 μενος.

2291 3778 2398 3833 HI’.
2456 3775 2559 3831 Καί
2615 3794 2700 3836 τις
2762 3777 2870 3829 τῶν
2936 3769 3362 3847 συνεδρευόντων
3416 3770 3492 3839 τῷ
3538 3758 3722 3839 βασιλεῖ
3761 3753 3798 3821 ἐξ

2218 3864 2504 3942 ἀγχινοίας
2564 3862 2722 3933 δῆθεν
2775 3856 3125 3917 ἐπιλαϐέσθαι
3169 3864 3276 3915 τῶν
3334 3862 3431 3915 τοῦ
3478 3854 3617 3931 ἁγίου

2224 3931 2582 4033 βουλόμενος,
2615 3931 2705 4008 παὶ
2734 3958 2813 4026 τῷ
2844 3956 3016 4026 καιρῷ
3045 3950 3230 4006 πολλὰ
3278 3948 3639 4033 χαριζόμενος,
3679 3931 3799 4033 ’ᾼλὶθ

2223 4047 2329 4121 οὐχ
2387 4045 2549 4115 οὕτω,
2610 4043 2791 4120 φησὶν,
2852 4039 3289 4115 ὖμᾶςόοἷόιεῖος
3348 4032 3632 4093 ἐκπαιδεόει
3670 4025 3793 4096 νόμος

2224 4130 2514 4208 ἐξυϐρίζειν
2548 4132 2623 4193 εἰς
2671 4132 2763 4185 τὸν
2810 4134 2909 4185 τοῦ
2966 4130 3171 4204 Κυρίου
3233 4126 3479 4201 Χριστόν.
3533 4126 3796 4210 «Ἄρχοῗξ

2222 4225 2327 4298 γὰρ
2353 4206 2452 4278 τοῦ
2484 4220 2621 4277 λαοῦ
2652 4242 2770 4289 σου,
2803 4242 2831 4270 ››
2865 4218 3050 4296 φησὶν,
3084 4243 3112 4270 ι(
3147 4217 3250 4273 οὐκ
3278 4216 3417 4291 ἐρεῖς
3453 4216 3635 4269 κακῶς.
3665 4229 3688 4257 ι’
3729 4206 3798 4301 Kl“

2226 4313 2361 4367 αὐτὰ
2404 4309 2460 4366 δὲ
2489 4312 2555 4365 τὰ
2599 4310 2829 4383 ὑμέτερα
2869 4306 3164 4382 γράμματα
3209 4305 3340 4378 ὑμῖν
3389 4298 3703 4383 ἐγκελεύεται-
3734 4298 3800 4341 τσν

2228 4399 2454 4476 βασιλέα
2504 4403 2691 4472 τιμᾷν,
2758 4395 2820 4452 ἄν
2878 4417 2937 4451 τε
2979 4397 3178 4472 ἀγαθὸς
3227 4396 3283 4465 ἦ,
3345 4393 3404 4448 ἄν
3446 4412 3502 4446 τε
3544 4389 3610 4461 μὴ
3653 4380 3801 4476 οῧτιοςι

2229 4464 2369 4565 ίιρὸς
2402 4491 2460 4544 ὃν
2504 4490 2531 4543 ὁ
2565 4464 2754 4564 ’ἅγιος
2807 4488 2882 4540 Σὺ
2935 4483 2991 4540 δὲ
3028 4464 3115 4557 ’τῷ
3164 4464 3378 4558 ’Δχαὰϐ
3426 4475 3685 4554 εἰρημένον
3728 4464 3803 4565 ἔτξη

478 4576 620 4632 dixit
649 4592 779 4633 eum
817 4554 1067 4633 evertere
1100 4578 1300 4633 Israel.
1330 4578 1436 4632 Cui
1466 4578 1565 4635 ille
1607 4554 1954 4650 respondit:
1987 4584 2112 4636 Non

2228 4581 2363 4655 πρὸς
2403 4577 2597 4636 Ἠλίαν
2654 4579 2755 4633 οὐκ
2802 4575 3040 4646 ἤκουσας
3106 4572 3438 4652 διαστρέφειν
3495 4554 3804 4655 φήσαντι

477 4683 580 4736 ego
602 4674 812 4735 everto,
839 4668 938 4723 sed
958 4671 1042 4737 tu,
1076 4674 1134 4725 et
1163 4669 1375 4725 domus
1396 4669 1577 4741 patris
1598 4669 1683 4725 tui
1705 4671 1728 4705 ⁸
1752 4690 1765 4727 :
1790 4689 1904 4729 non
1930 4691 2117 4746 usque

480 4758 551 4812 ad
585 4756 781 4812 Achab
813 4756 1003 4813 solum
1020 4760 1237 4814 sistens
1261 4758 1669 4829 contumeliam,
1691 4762 1793 4817 sed
1825 4778 1923 4819 eos
1946 4765 2117 4819 etiam

480 4845 1001 4918 comprehendens,
1034 4846 1132 4918 qui
1166 4853 1333 4903 erant
1361 4848 1421 4904 in
1472 4865 1537 4905 ea
1580 4851 1771 4907 domo.
1820 4852 2120 4917 Quomodo

481 4953 619 5009 ergo
650 4952 712 4991 se
741 4937 1032 5009 quispiam
1064 4937 1122 4992 in
1146 4936 1325 4994 Deum
1360 4939 1452 5011 pie
1474 4957 1702 5011 gerens,
1734 4949 1787 4997 et
1817 4956 2013 5013 gerem
2036 4959 2123 4997 ar-

482 5043 687 5097 guens,
721 5028 875 5096 quod
909 5043 972 5082 se
1001 5027 1201 5099 inique
1218 5033 1394 5098 gerat,
1429 5046 1686 5101 unquam
1720 5030 2025 5087 offenderit
2056 5047 2122 5089 ac

479 5116 781 5171 violaverit
810 5115 1019 5187 legem,
1056 5118 1155 5187 qui
1188 5134 1303 5171 non
1334 5123 1421 5174 est
1468 5120 1682 5174 veritus
1715 5136 1779 5173 os
1822 5118 1879 5174 in
1913 5121 2121 5175 ccelum

481 5222 713 5275 ponere,
744 5211 797 5260 et
830 5206 1159 5261 Creatorem
1192 5216 1459 5277 appetere
1490 5208 1813 5264 maledictis
1838 5207 1866 5263 ‘9
1892 5209 2024 5280 Sed,
2061 5214 2124 5266 ut

478 5294 667 5363 video,
701 5299 827 5365 ejus
872 5296 1207 5367 patientiam
1242 5304 1299 5353 et
1332 5298 1693 5353 tolerantiam
1726 5300 2121 5365 contemnitis,

478 5386 538 5435 et
598 5400 703 5437 nos
755 5385 940 5440 facere
1000 5386 1219 5442 similia
1266 5386 1607 5457 procuratis.
1638 5388 1720 5442 Tu
1752 5394 1968 5456 autem,
2003 5406 2120 5459 rex,

482 5486 613 5526 cum
656 5472 736 5526 sis
774 5479 980 5529 natura
1009 5481 1128 5530 tam
1161 5476 1446 5547 injustus,
1476 5480 1531 5532 et
1562 5476 1713 5533 male
1742 5478 1928 5535 facere
1959 5497 2123 5551 para-

2228 4641 2469 4745 Ἰσραήλ.
2524 4669 2615 4730 Ὠς
2670 4667 2805 4741 πρὸς
2863 4664 3020 4720 αὐτὸν
3079 4663 3278 4724 ἐκεῖνος
3338 4641 3674 4721 άντῶιρουσεν,

2230 4759 2336 4834 ἐγὼ
2395 4756 2725 4833 διαστρέψω,
2782 4756 3043 4832 φάμενος,
3092 4750 3239 4808 ἂλλᾶ
3285 4751 3349 4806 σὺ
3396 4747 3481 4804 καὶ
3512 4749 3538 4800 ὁ
3568 4744 3804 4844 οἴκοὶρτου

2229 4826 2431 4924 πατρός
2464 4826 2580 4916 σου,
2748 4826 2912 4923 μέχρι
2958 4849 3056 4899 τοῦ
3103 4836 3309 4899 Ἀκαὰό
3360 4841 3514 4916 μόνον
3558 4834 3646 4902 τήν
3689 4826 3804 4895 ὕὸριν

2230 4942 2455 5010 στήσας,
2488 4936 2637 4992 ἀλλὰ
2682 4935 2771 4990 καὶ
2828 4935 2956 4997 τοὺς
3018 4931 3073 4988 ἐν
3129 4937 3209 5004 τῷ
3264 4930 3400 5002 οἷ’κῳ
3454 4924 3638 4991 ταύτην
3687 4930 3807 5014 τ’ξξι·

2233 5024 2439 5085 λαϐών.
2475 5031 2597 5087 Πῶς
2648 5026 2708 5079 ἄν
2763 5021 2853 5079 οὗν
2912 5044 2996 5085 τις
3060 5024 3127 5077 τά
3183 5043 3245 5098 γε
3302 5021 3374 5082 εἷς
3427 5016 3549 5071 Θεὸν
3602 4997 3805 5098 εὐσεόξυνν

2230 5119 2319 5174 καὶ
2391 5114 2619 5192 βασιλέα
2684 5112 2926 5189 ἐλέγχων
3000 5114 3435 5187 παρανομοῦντα,
3490 5092 3805 5196 παρανοπῖξσοι

2230 5207 2383 5276 πυτὲ,
2417 5205 2508 5259 τὸν
2546 5204 2622 5278 μὴ
2656 5200 2871 5257 δεδιότα
2916 5199 2996 5263 εἷς
3046 5200 3275 5274 οὐρανὸν
3323 5198 3382 5251 τὸ
3428 5192 3590 5264 στόμα
3629 5192 3807 5280 τι-ρέναξν

2232 5297 2319 5352 καὶ
2352 5292 2542 5350 λαλεῖν
2593 5290 2944 5368 βλασφημίαν
2994 5288 3129 5344 κατὰ
3174 5291 3271 5343 τοῦ
3320 5286 3629 5345 Κτίσαντοςς
3669 5272 3697 5339 ἦ
3738 5272 3808 5362 τῆξ

2232 5387 2438 5461 ἀνοχῆς
2497 5382 2660 5438 αὐτοῦ
2724 5379 2815 5434 καὶ
2885 5376 3262 5454 μακροθυμίας
3326 5370 3716 5461 καταφροξῖτενλ
3741 5368 3807 5407 καί

2232 5448 2499 5550 ἡμάςίτὰ
2566 5473 2735 5546 δμοια
2798 5448 3373 5545 ποιεῖνΠᾶναγκάζετε.
3439 5448 3507 5517 Σὺ
3569 5453 3636 5524 δὲ,
3692 5448 3807 5523 βασι·

556 5628 570 5662 ι
603 5623 780 5681 Exod.
814 5642 953 5693 χχιι,
984 5629 1076 5681 28.
1110 5630 1131 5663 ³
1162 5632 1357 5687 IPetr.
1392 5649 1450 5702 ιι,
1486 5634 1571 5691 18,
1607 5633 1631 5667 ⁸
1658 5634 1733 5690 ΙΙΙ
1766 5634 1902 5706 Reg.
1935 5650 2098 5691 xvm.
2131 5634 2220 5692 18.
