4012 6220
252 360 417 422 1269

1478 352 1949 415 MARTYRIUM
2000 353 2059 414 S.
2107 354 2473 413 ARETHE.

3502 356 3657 416 1270

247 516 374 587 λεῦ,
417 518 560 572 οὕτω
618 517 715 585 τήν
762 517 919 593 φύσιν
965 510 1151 576 ἄδικος
1201 512 1298 583 ὢν,
1348 512 1437 565 καὶ
1487 512 1625 586 πρὸς
1680 510 1741 564 τὸ
1798 530 1885 564 κα-

2008 511 2295 579 tissimus,
2329 515 2383 565 et
2417 527 2519 566 nec
2550 521 2789 569 sanctus
2833 512 2892 569 in
2924 512 3021 579 iis,
3054 529 3178 585 quae
3212 514 3283 569 ad
3316 512 3495 570 Deum
3528 531 3661 585 per-

244 613 506 683 κουργεῖν
537 605 915 678 ἑτοιμότατος,
948 604 1037 658 καὶ
1072 605 1210 675 μήτε
1250 603 1316 656 τὰ
1364 602 1500 675 πρὸς
1550 600 1678 655 Θεὸν
1728 599 1897 665 ὅσιος,

251 700 395 771 μήτε
458 698 526 751 τά
590 696 725 769 πρὸς
802 694 1084 769 ἀνθρώπος
1142 690 1405 761 ἐπιεικής,
1454 692 1544 745 τὸν
1623 690 1896 755 ἀλάθητον

244 786 461 843 ἐκείνου
493 784 682 856 λήσειν
715 781 890 844 δοκεῖς
924 782 1243 859 ὀφθαλμόν;
1294 781 1395 837 Καὶ
1451 782 1559 853 μὴν
1598 780 1687 834 τὸν
1743 779 1898 851 βασι-

245 876 348 933 λέα
396 876 665 950 προσήκει
729 876 980 927 τοιοῦτον
1035 871 1216 941 ἀληθῆ
1287 870 1374 923 καὶ
1434 869 1675 944 χρηστὸν
1736 868 1894 937 εἶναι,

244 969 323 1029 ὡς
363 966 468 1022 ἀπὸ
518 966 614 1039 μὲν
678 968 785 1018 τῶν
850 961 1033 1037 λόγων
1100 957 1302 1016 εὔνοιαν
1372 958 1691 1014 ἐπισπᾶσθαι
1750 957 1897 1031 παρά

240 1061 353 1111 τῶν
404 1056 509 1109 ὑπὸ
556 1058 738 1129 χεῖρα,
787 1051 894 1106 ἀπὸ
945 1048 1001 1105 δέ
1043 1055 1144 1105 τοῦ
1189 1048 1381 1111 τέλους
1427 1049 1603 1103 αὐτῶν
1656 1048 1745 1101 καὶ
1792 1054 1893 1115 τῆς

238 1150 353 1198 τῶν
420 1143 759 1219 πραγμάτων
816 1134 1087 1203 ἐκϐάσεως
1136 1137 1389 1208 ἀληθείας
1446 1136 1625 1191 πίστιν
1664 1136 1753 1191 καὶ
1804 1134 1893 1190 δό-

239 1236 333 1304 ξαν
399 1232 680 1303 θειότητος
755 1230 1137 1306 ἀποφέρεσθαι,
1198 1229 1421 1290 ὁποίους
1478 1225 1723 1282 κατεῖδον
1783 1226 1893 1302 ἐγὼ

242 1326 297 1380 ἐν
340 1322 505 1395 Ἰνδίᾳ
560 1343 616 1378 τε
674 1321 761 1377 καὶ
830 1320 1088 1390 Αἰθιοπίᾳ
1162 1320 1249 1375 καὶ
1309 1324 1387 1388 τῷ
1442 1319 1737 1391 Ὁμηρίτῃο
1800 1315 1891 1378 οὓς

239 1413 333 1468 καὶ
364 1410 734 1481 ἀληθεύοντας
773 1404 1036 1485 ἀκριϐῶς,
1084 1410 1175 1463 καὶ
1228 1409 1352 1480 περὶ
1394 1406 1520 1469 τοὺς
1578 1406 1681 1461 ὑπὸ
1730 1411 1891 1479 χεῖρα

242 1500 747 1579 χρηστευομένους,
780 1498 879 1555 οὐκ
917 1499 1327 1574 ἐπιορκοῦντας,
1377 1498 1453 1559 ὡς
1506 1498 1588 1565 σὺ,
1643 1494 1889 1570 βασιλεῦ,

240 1590 391 1647 ἀλλά
446 1591 537 1646 καὶ
593 1590 688 1651 τὰς
745 1590 881 1663 πρὸς
948 1587 1163 1661 ἑτέρους
1221 1586 1427 1647 πίστεις
1504 1584 1888 1659 ἐμπεδοῦντας,

244 1680 335 1735 ἴσα
382 1684 498 1752 Θεῷ
554 1678 616 1734 τὸ
656 1676 870 1747 πλῆθος
921 1676 1098 1751 ἐτίμα.
1154 1676 1255 1733 Καὶ
1306 1676 1362 1730 σὲ
1414 1676 1506 1749 μὲν
1560 1676 1587 1728 ὁ
1635 1674 1785 1735 Θεὸς.
1830 1674 1889 1734 ’ὸς

246 1770 453 1847 μάρτυς
499 1767 613 1823 ἐστὶ
660 1772 771 1823 τῶν
829 1764 1238 1843 πραττομένων,
1290 1766 1520 1838 μισήσας
1570 1766 1669 1828 τῆς
1718 1784 1890 1833 πονη-

2010 599 2215 667 tinent,
2252 616 2356 656 nec
2384 599 2439 653 in
2474 597 2742 656 homines
2791 601 3094 672 benignus,
3129 609 3295 673 putas
3346 602 3466 659 fore
3496 607 3561 658 ut
3590 603 3661 658 il-

2009 688 2129 742 lum
2163 687 2346 744 lateas
2376 687 2627 755 oculum,
2661 705 2829 760 quem
2864 690 3008 744 nihil
3041 691 3227 746 latet?
3256 694 3429 763 Atqui
3462 708 3654 761 regem

2008 794 2131 834 esse
2162 782 2386 849 oportet
2415 796 2674 835 veracem
2708 787 2762 833 et
2793 779 3130 851 benignum,
3165 787 3227 835 ut
3255 782 3444 837 verbis
3477 786 3657 837 attra-

2008 866 2109 923 hat
2140 867 2599 923 benevolentiam
2631 885 2857 935 eorum,
2881 869 2982 940 qui
3014 874 3153 923 sunt
3174 870 3231 924 in
3264 885 3369 924 sua
3398 870 3653 927 ditione:

2008 972 2201 1012 rerum
2235 964 2426 1013 autem
2458 958 2573 1013 fine
2603 962 2659 1013 et
2685 962 2891 1013 eventu
2939 958 3113 1013 fidem
3152 959 3341 1013 facere
3370 960 3655 1025 veritatis,

2005 1050 2062 1100 et
2092 1046 2245 1116 quod
2293 1062 2357 1101 se
2404 1047 2597 1101 divine
2652 1051 2832 1117 gerat,
2873 1046 3118 1118 gloriam
3164 1047 3419 1102 habere:
3456 1048 3659 1118 quales

2004 1152 2110 1207 ego
2154 1136 2270 1190 vidi
2300 1137 2359 1192 in
2391 1137 2552 1192 India
2581 1141 2638 1192 et
2666 1136 2977 1208 ZEthiopia,
3010 1144 3064 1193 et
3095 1141 3227 1194 ante
3257 1141 3312 1192 te
3341 1137 3402 1193 in
3444 1138 3655 1195 Home-

2007 1225 2209 1291 ritide;
2243 1242 2392 1296 quos
2431 1242 2565 1281 vera
2593 1225 2877 1294 dicentes,
2908 1231 2965 1281 et
2994 1242 3057 1281 se
3088 1226 3340 1297 benigne
3384 1233 3654 1298 gerentes

2003 1315 2063 1369 in
2116 1314 2424 1384 subjectos,
2459 1332 2573 1369 non
2608 1321 2669 1370 ut
2698 1318 2783 1382 tu,
2816 1329 2934 1382 rex,
2972 1318 3323 1385 pejerantes,
3374 1316 3473 1371 sed
3524 1315 3656 1371 aliis

2003 1403 2291 1475 promissa
2322 1403 2651 1474 implentes,
2685 1404 2849 1475 quasi
2881 1408 2945 1457 ut
2975 1403 3159 1459 Deum
3191 1403 3515 1459 honorabat
3546 1420 3649 1474 ρο-

2003 1492 2195 1563 pulus.
2229 1492 2297 1546 Et
2327 1491 2479 1547 Deus
2512 1492 2745 1563 quidem
2777 1509 3000 1560 eorum,
3024 1510 3151 1564 quae
3177 1510 3208 1546 a
3232 1502 3285 1548 te
3318 1493 3491 1561 ﬁunt,
3517 1491 3651 1547 odio

2004 1580 2223 1637 habens
2256 1581 2708 1653 improbitatem,
2742 1588 2819 1650 te,
2854 1583 2953 1654 qui
2986 1583 3043 1637 in
3076 1599 3210 1637 eum
3243 1581 3403 1637 fuisti
3432 1582 3654 1652 impius

2001 1674 2057 1723 et
2087 1668 2359 1736 infidelis,
2396 1687 2527 1725 mox
2560 1671 2811 1741 deponet
2843 1672 2913 1726 ab
2948 1670 3212 1742 imperio,
3246 1670 3423 1741 idque
3460 1671 3653 1725 tradet

1999 1757 2120 1812 viro
2157 1758 2309 1813 ﬁdeli
2342 1768 2397 1813 et
2429 1760 2617 1814 bono:
2650 1760 2950 1816 roborabit
2981 1764 3174 1815 autem
3209 1763 3265 1815 et
3288 1757 3519 1813 extollet
3548 1774 3652 1828 ge-

246 1845 362 1934 ρίας
394 1854 561 1927 ἀσεϐῆ
592 1858 658 1912 τά
687 1858 823 1932 πρὸς
852 1856 1014 1911 αὐτὸν
1068 1854 1296 1932 ὀφθέντα
1343 1855 1432 1910 καὶ
1483 1854 1729 1922 ἄπιστον,
1780 1874 1885 1907 πα-

2000 1862 2112 1902 nus
2134 1846 2619 1918 Christianorum,
2638 1865 3027 1920 magnamque
3047 1864 3212 1903 suam
3232 1847 3443 1903 efficiet
3462 1845 3654 1902 Eccle-

245 1947 470 2021 ραλύσει
498 1954 596 2017 τῆς
627 1947 807 2021 ἀρχῆς
839 1946 965 1999 ὅσον
997 1944 1151 1999 οῧπω
1200 1942 1353 2019 ἀνδρῖ
1399 1942 1672 2018 παραδοὺς
1724 1943 1889 2012 αὐτὴν

243 2042 423 2110 πιστῷ
451 2058 510 2092 τε
559 2038 648 2092 καὶ
698 2037 905 2111 ἀγαθῷ,
964 2041 1215 2111 κρατυνεῖ
1263 2033 1319 2089 δὲ
1366 2035 1427 2089 τὸ
1474 2039 1580 2088 τῶν
1632 2040 1892 2107 Χριστια-

243 2132 351 2182 νῶν
412 2126 604 2200 φύλον,
651 2126 739 2181 καὶ
783 2126 1010 2199 ὑψώσει,
1059 2125 1149 2180 καὶ
1210 2123 1504 2199 μεγαλυνεῖ
1548 2124 1646 2193 τὴν
1702 2124 1894 2179 ἑαυτοῦ

241 2216 601 2289 Ἐκκλησίαν,
650 2217 715 2286 ἤν
760 2216 889 2291 πυρὶ
942 2218 1351 2281 καταναλώσας,
1401 2213 1693 2291 ἠδάφισας.
1742 2217 1893 2292 Ἐγὼ

241 2304 300 2362 δὲ
331 2306 593 2381 μακάριός
652 2305 788 2379 εἰμι,
840 2304 930 2363 ἅτε
982 2308 1058 2380 μή
1111 2306 1275 2379 μόνον
1327 2305 1379 2361 ἐν
1436 2311 1514 2378 τῷ
1566 2306 1667 2379 βίῳ
1713 2307 1892 2378 τούτῳ

237 2393 626 2468 εὐδοκιμήσας,
660 2394 787 2451 ἀλλ’
828 2397 911 2450 ὅτι
961 2396 1051 2450 καὶ
1104 2394 1156 2450 ἐν
1207 2398 1366 2471 γήρει
1421 2394 1571 2450 πίονι
1620 2396 1891 2467 (πέμπτον

236 2483 342 2556 γὰρ
372 2477 479 2551 ἤδη
534 2481 626 2534 καὶ
681 2481 1038 2549 ἐνενηκοστὸν
1089 2480 1290 2556 χρόνον
1338 2480 1507 2553 ἀνύω)
1556 2476 1687 2532 ἱδὼν
1741 2478 1891 2539 υἱοὺς

236 2571 371 2623 υἱῶν
401 2590 459 2625 τε
503 2571 592 2624 καὶ
653 2570 888 2637 υἱωνῶν,
955 2568 1288 2642 μαρτυρικὸν
1351 2568 1663 2642 ὑπέρχομαι
1710 2566 1889 2635 τέλος,

239 2658 329 2713 καὶ
397 2657 563 2713 πόλιν
632 2656 775 2712 οὕτω
834 2654 1077 2730 μεγάλην
1137 2656 1228 2710 καὶ
1285 2653 1743 2729 πολυάνθρωπον,
1804 2654 1889 2710 καὶ

236 2745 384 2810 ἔθνος
434 2746 772 2821 ὁλόκληρον,
832 2746 1094 2821 προσάγω
1152 2749 1288 2818 Θεῷ,
1335 2747 1385 2800 οἳ
1435 2745 1523 2800 καὶ
1578 2742 1648 2799 δι’
1692 2747 1890 2807 αἰῶνος

234 2839 341 2907 τὴν
374 2836 514 2910 ἐμὴν
548 2838 772 2910 μνήμην
804 2833 1043 2905 ἄληστον
1072 2832 1271 2904 ἕξουσι,
1312 2834 1375 2888 τὸ
1404 2840 1507 2890 πᾶν
1558 2832 1749 2907 ἐκείνῳ
1790 2841 1889 2904 τῆς

236 2925 586 3000 εὐχαριστίας
617 2924 979 2989 ἀνατιθέντες.

309 3015 408 3071 ΙΘ’.
442 3014 543 3071 Καὶ
577 3012 834 3090 στραφεὶς
884 3013 1022 3086 πρὸς
1068 3013 1130 3067 τὸ
1180 3010 1394 3083 πλῆθος
1442 3013 1532 3068 καὶ
1573 3013 1701 3076 τοὺς
1752 3035 1890 3087 συμ-

248 3105 523 3179 μάρτυρας
577 3106 663 3173 (ἦν
720 3102 825 3178 γάρ
881 3103 945 3157 οὗ
1018 3102 1188 3175 μόνον
1248 3100 1378 3158 ἰδεῖν
1446 3100 1688 3176 ἥδιστος,
1744 3103 1890 3159 ἀλλᾶ

234 3194 325 3248 καὶ
385 3193 649 3263 πλήθεσιν
711 3190 928 3265 ὁμιλεῖν
998 3192 1404 3269 χαριέστατος),
1454 3190 1633 3263 ἔλεξεν
1688 3192 1885 3255 οὕτως’

235 3280 459 3357 ’Ἄνδρες
520 3288 859 3355 συμπολῖται
916 3282 1007 3337 καὶ
1066 3280 1221 3356 φίλοι
1279 3283 1368 3337 καὶ
1429 3288 1728 3357 συγγενεῖς,
1797 3283 1888 3338 καὶ

240 3372 358 3428 ὅσοι
389 3372 525 3427 κατά
552 3374 832 3443 συνήθειαν
892 3372 981 3426 καὶ
1030 3374 1366 3449 πραγμάτων
1416 3370 1703 3427 κοινωνίαν
1754 3375 1889 3444 ἡμῖν

237 3464 635 3538 προσήκοντες,
678 3462 776 3515 ὅσα
811 3462 903 3535 μὲν
944 3462 1197 3516 συνέπεσε
1241 3465 1312 3534 τῇ
1353 3458 1569 3535 πανρίδι
1615 3460 1702 3515 καὶ
1750 3463 1887 3533 ἡμῖν

233 3556 351 3612 τοῖς
405 3548 686 3620 πολίταις,
752 3547 1149 3621 διασκοπήσασι
1208 3548 1492 3625 πρότερόν,
1556 3547 1696 3623 μηδὲ
1744 3548 1889 3624 ἐρευ-

233 3641 563 3714 νησαμένοις
639 3640 702 3694 τὸ
769 3640 1154 3714 γενησόμενον,
1224 3638 1350 3694 ἀΑλ’
1407 3637 1557 3714 ἀνδρὶ
1627 3642 1886 3695 πεισθεῖσι

235 3726 439 3804 ψευδεῖ,
472 3729 562 3783 καὶ
593 3726 670 3783 δι’
697 3728 909 3799 ἀπάτης
942 3728 1083 3784 ἒλεῖν
1115 3727 1493 3799 σπουδάζοντι,
1543 3729 1679 3804 αὐτῇ
1727 3728 1889 3804 πείρᾳ

234 3816 498 3892 ἔγνωμεν,
556 3822 674 3880 τοῖς
728 3812 919 3888 ἔξωθεν
974 3818 1409 3893 συμμετέχοντες
1462 3825 1569 3874 τῶν
1625 3819 1884 3894 ἀνιαρῶν,

233 3911 347 3965 Οσα
396 3904 453 3962 δὲ
517 3908 656 3963 κατᾶ
707 3910 841 3961 Θεοῦ
887 3910 1115 3977 κινήσας
1158 3909 1257 3976 τήν
1321 3907 1572 3983 γλῶτταν
1633 3910 1660 3963 ὁ
1721 3909 1888 3984 ὑπερ-

234 3999 434 4071 ήφανος
467 3997 623 4059 οὗτος
655 3994 966 4073 ἐφθέγξατο,
1016 3996 1201 4060 αὐτοῖς
1248 3998 1378 4052 ὠσὶν
1420 3998 1709 4068 ἀκηκόατε.
1761 4000 1884 4055 ’Ότι

233 4084 289 4141 δέ
321 4086 407 4141 καὶ
458 4086 595 4161 πρὸς
656 4084 878 4159 ἄρνησιν
936 4084 1243 4141 ἐκκαλεῖται
1294 4088 1532 4162 Χριστοῦ
1578 4092 1674 4143 τοῦ
1725 4093 1881 4158 Θεοῦ,

238 4180 499 4250 μαρτυρεῖ
551 4175 643 4248 μὲν
695 4176 784 4229 καὶ
816 4176 844 4229 ὁ
873 4180 981 4230 τῶν
1027 4172 1417 4251 προλαϐόντων
1469 4174 1643 4239 πολύς
1688 4198 1745 4232 τε
1791 4176 1881 4232 καὶ

233 4261 576 4326 παντοδαπὸς
639 4263 822 4337 φόνος*
886 4270 1150 4340 μαρτυρεῖ
1208 4262 1264 4319 δὲ
1319 4268 1411 4320 καὶ
1458 4270 1625 4322 ταῦτα
1691 4264 1758 4336 δὴ
1815 4266 1882 4322 τά

236 4350 428 4425 δεσμὰ,
479 4350 513 4407 ἅ
574 4353 663 4406 καὶ
733 4353 863 4428 ὑπὲρ
932 4350 1203 4415 εὐσεϐείας
1272 4355 1437 4423 αὐτῆς
1505 4355 1877 4431 περικείμεθα,

234 4441 335 4498 Καὶ
366 4442 433 4511 ἦν
495 4442 591 4515 μὲν
640 4445 854 4498 συνετὸν
894 4444 971 4517 μὴ
1024 4441 1242 4506 δειλοὺς
1300 4447 1446 4518 ἡμᾶς
1497 4446 1731 4520 ὀφθῆναι
1788 4445 1878 4501 καὶ

233 4529 596 4608 φιλοψύχους,
643 4530 783 4604 μηδὲ
832 4529 990 4604 δεινῷ
1027 4533 1263 4606 τοιούτῳ
1311 4536 1400 4589 καὶ
1448 4537 1710 4606 κακοήθει
1754 4556 1877 4591 πει-

233 4626 446 4689 σθῆναι,
491 4618 676 4696 ὅρκοις
728 4622 806 4693 τῷ
852 4625 962 4677 τῶν
1009 4627 1263 4697 πονηρῶν
1322 4627 1740 4700 προχειροτάτῳ
1794 4647 1877 4683 τε·

235 4710 505 4784 χνάσματι
573 4709 961 4774 πιστεύσαντας
1052 4713 1143 4767 καὶ
1236 4714 1629 4790 θαρρήσαντας,

230 4797 471 4873 πόλεμον
524 4798 750 4873 ἄρασθαι
808 4802 925 4856 κατ’
992 4800 1178 4874 αὑτοῦ,
1246 4803 1334 4857 καὶ
1402 4807 1876 4881 συνεφαπτομένου

235 4895 331 4958 τῆς
367 4890 556 4964 μάχης
607 4892 743 4963 ἡμῖν
788 4892 889 4946 τοῦ
935 4897 1069 4947 Θεοῦ
1124 4894 1215 4948 τὸν
1272 4893 1485 4949 ἀνόσιον
1540 4894 1732 4951 τοῦτον
1786 4899 1873 4953 καὶ

230 4973 392 5047 ἀσεϐῆ
458 4981 900 5052 τιμωσήσασθαι.
958 4981 1112 5037 Ἐπεὶ
1171 4979 1226 5036 δὲ
1286 4982 1362 5044 εἰς
1419 4988 1580 5038 τοῦτο
1638 4986 1873 5057 ἀνάγκης

228 5066 417 5142 ἢγγισε
446 5067 513 5121 τά
560 5066 821 5142 ἡμέτέρα,
875 5069 947 5131 ὡς
996 5068 1032 5138 ἤ
1079 5072 1437 5143 πειθομένους
1502 5077 1581 5144 τῶ
1629 5074 1874 5148 τυράννῳ

226 5155 314 5209 καί
381 5151 731 5227 ἀσεϐοῦντας,
794 5157 911 5233 βίον
971 5156 1157 5214 ἄθλιον
1209 5156 1485 5234 διαζῇν,ἤ
1518 5162 1873 5224 ἀπειθοῦντας

225 5244 308 5298 καὶ
361 5241 711 5310 εύσεὸοῦντας
772 5248 1039 5321 μακαρίου
1086 5248 1278 5311 τέλους
1337 5249 1639 5329 ἐπιτυχεῖν·
1702 5273 1873 5308 σπου-

227 5328 471 5406 δάσωμεν
539 5336 638 5403 τήν
707 5336 967 5392 ἀθάνατον
1036 5334 1123 5393 διὰ
1192 5328 1529 5413 μαρτυρίου
1574 5342 1872 5410 κτήσασθαι

227 5420 491 5482 εὔκλειαν.
528 5425 625 5481 Καὶ
660 5427 736 5499 μή
774 5426 841 5499 μέ
868 5448 951 5488 τις
999 5426 1189 5482 οἰέσθω
1235 5428 1308 5491 ὡς
1357 5428 1585 5504 γέροντα
1626 5428 1729 5500 ἣδὴ
1781 5432 1869 5487 καὶ

226 5514 446 5585 ἡμερῶν
510 5513 701 5589 πλήρη
770 5518 1057 5590 γενόμενον
1127 5515 1319 5572 τέλους
1412 5517 1711 5592 ἐπιθυμεῖν,
1780 5523 1866 5577 καὶ

222 5602 363 5673 παρά
392 5600 555 5656 τοῦτο
597 5603 687 5659 καὶ
730 5610 848 5666 τοῖς
900 5604 1097 5667 ἄλλοις
1140 5604 1479 5663 ἐπισπεύδειν
1528 5610 1628 5677 τήν
1680 5607 1871 5666 τελευ-

223 5692 339 5761 τήεν
375 5688 521 5746 ἀλλά
571 5690 875 5768 λογιζέσθω
926 5695 1086 5767 ἡμῶν
1133 5690 1354 5758 ἕκαστος
1413 5696 1497 5751 ὅτι
1546 5698 1724 5754 κοινὸν
1773 5703 1870 5754 τοῦ

1731 4716 1878 4773 ἀλλά
1906 4685 1963 4752 Ι)

2003 1938 2168 2002 siam,
2200 1952 2374 2008 quam
2407 1943 2469 1993 tu
2501 1938 2634 2009 igne
2683 1938 3117 2010 consumpsisti,
3158 1941 3214 1992 et
3242 1935 3407 1992 humi
3441 1935 3652 2005 deieci-

2003 2026 2098 2081 sti.
2131 2026 2247 2097 Ego
2279 2031 2472 2082 autem
2524 2044 2657 2082 sum
2702 2028 2928 2097 beatus,
2961 2044 3077 2083 non
3109 2027 3181 2082 ob
3212 2027 3266 2081 id
3301 2025 3647 2097 praesertim,

2002 2119 2156 2188 quod
2204 2116 2263 2172 in
2312 2118 2418 2173 hac
2464 2118 2581 2173 vita
2625 2120 2685 2173 in
2729 2118 2882 2174 bona
2924 2118 3013 2174 sui
3061 2116 3509 2180 existimatione,
3543 2116 3645 2170 sed

2003 2207 2135 2278 quia
2164 2205 2225 2261 in
2258 2208 2542 2276 profunda
2577 2215 2867 2263 senectute
2887 2208 3029 2278 (jam
3060 2206 3217 2262 enim
3249 2222 3356 2277 ago
3389 2219 3649 2275 nonage-

2002 2295 2221 2351 simum
2268 2296 2537 2367 quintum
2569 2297 2838 2369 annum),
2869 2297 3072 2352 videns
3103 2295 3255 2351 filios
3287 2294 3563 2363 filiorum,
3596 2297 3653 2349 et

2003 2386 2157 2441 ﬁlias
2189 2386 2467 2454 filiarum,
2499 2387 2611 2441 sub
2641 2403 2707 2442 eo
2739 2386 3108 2458 martyrium,
3140 2390 3196 2441 et
3225 2388 3345 2440 tam
3380 2399 3651 2455 magnam

2002 2479 2060 2529 et
2089 2474 2305 2545 pOpulo
2336 2479 2455 2529 tam
2488 2476 2851 2545 frequentem
2902 2475 3219 2540 civitatem,
3252 2478 3309 2529 et
3351 2478 3526 2529 totam
3560 2490 3654 2529 re-

2002 2561 2193 2632 gionis
2243 2562 2426 2633 ipsius
2475 2572 2701 2632 gentem
2756 2566 2866 2619 Deo
2911 2563 3127 2618 oll‘ero:
3162 2563 3261 2633 qui
3311 2563 3488 2618 etiam
3538 2561 3651 2617 mei

2000 2656 2341 2722 perpetuam
2393 2655 2820 2708 conservabunt
2869 2650 3235 2718 memoriam,
3270 2666 3530 2706 summas
3571 2649 3656 2704 illi

2001 2745 2235 2812 agentes
2265 2741 2506 2813 gratias.

2071 3017 2221 3071 XIX.
2256 3014 2343 3070 Ad
2373 3014 2650 3087 populum
2700 3023 2891 3071 autem
2935 3031 3270 3083 conversus,
3302 3018 3359 3070 et
3386 3015 3458 3071 ad
3488 3030 3648 3070 com-

2000 3112 2282 3179 martyres
2303 3107 2447 3177 (erat
2477 3107 2633 3162 enim
2656 3123 2769 3162 non
2796 3106 2985 3163 solum
3008 3106 3134 3161 visu
3154 3105 3645 3175 jucundissimus,

1998 3196 2096 3251 sed
2129 3196 2304 3251 etiam
2338 3194 2398 3250 in
2431 3195 2808 3251 concionibus
2848 3196 2916 3251 ad
2966 3194 3247 3267 populum
3293 3193 3650 3249 facundissi-

2002 3285 2179 3358 mus),
2212 3286 2296 3341 sic
2354 3286 2533 3340 dixit:
2562 3284 2684 3340 Viri
2734 3286 2907 3354 cives,
2948 3294 2999 3339 et
3045 3284 3239 3352 amici,
3286 3290 3343 3339 et
3391 3283 3645 3354 cognati,

1996 3378 2054 3429 et
2111 3375 2439 3446 quicunque
2496 3379 2731 3446 propter
2797 3375 3278 3430 consuetudinem
3336 3378 3393 3428 et
3450 3388 3642 3428 rerum

1997 3466 2466 3520 communionem
2499 3467 2569 3519 ad
2597 3482 2701 3520 nos
2724 3466 3004 3531 attinetis,
3029 3481 3156 3536 quae
3188 3465 3380 3535 patriae
3404 3464 3637 3535 quidem

1997 3558 2054 3608 et
2083 3554 2247 3609 nobis
2276 3554 2495 3609 civibus
2523 3557 2859 3623 evenerunt,
2882 3570 3014 3609 cum
3038 3570 3154 3608 non
3189 3553 3344 3623 prius
3374 3552 3644 3607 conside-

1998 3642 2339 3711 raverimus,
2374 3659 2560 3714 neque
2590 3643 2835 3699 scrutati
2885 3642 3169 3698 fuerimus
3200 3642 3277 3709 id,
3312 3640 3469 3711 quod
3518 3646 3642 3696 erat

1993 3732 2280 3801 futurum,
2304 3735 2405 3789 sed
2439 3732 2627 3789 fallaci
2661 3733 2907 3801 homini,
2930 3739 2984 3789 et
3015 3734 3114 3805 qui
3148 3748 3254 3787 nos
3286 3731 3489 3785 fraude
3520 3736 3642 3786 stu-

1995 3822 2169 3878 debat
2216 3838 2440 3895 capere,
2487 3822 2933 3891 crediderimus,
2981 3822 3104 3892 ipsa
3148 3820 3417 3876 novimus
3468 3835 3641 3889 expe-

1994 3912 2223 3982 rientia,
2257 3918 2322 3968 ut
2352 3912 2445 3983 qui
2477 3929 2607 3968 cum
2642 3913 2736 3980 iis,
2769 3912 2870 3984 qui
2924 3911 3062 3967 foris
3112 3915 3295 3977 erant,
3339 3907 3637 3964 molestia-

1993 4019 2123 4058 rum
2141 4002 2423 4058 fuerimus
2441 4002 2769 4075 participes.
2791 4003 2924 4067 Quaa
2944 4017 3077 4057 vero
3091 4002 3153 4057 in
3171 4000 3351 4056 Deum
3373 3997 3639 4069 linguam

1991 4107 2229 4147 movens
2257 4090 2484 4148 locutus
2514 4095 2603 4148 est
2631 4090 2724 4146 hic
2755 4092 3065 4162 superbus,
3087 4090 3232 4162 ipsis
3263 4087 3502 4143 auribus
3532 4102 3635 4140 au-

1990 4181 2237 4237 divistis.
2263 4184 2424 4249 Quod
2457 4186 2650 4237 autem
2681 4183 2748 4236 ad
2781 4180 2993 4237 Christi
3023 4179 3124 4235 Dei
3156 4182 3427 4251 provocet
3459 4192 3632 4246 nega-

1989 4272 2227 4337 tionem,
2252 4276 2537 4328 testantur
2563 4270 2799 4342 quidem
2822 4286 3044 4337 eorum,
3070 4270 3168 4340 qui
3191 4272 3631 4339 praecesserunt,

1989 4361 2254 4433 plurimae
2294 4366 2351 4416 et
2390 4376 2561 4416 omne
2606 4376 2791 4432 genus
2840 4361 3027 4415 caedes
3054 4375 3067 4415 :
3094 4361 3386 4414 testantur
3436 4359 3631 4411 autem

1988 4449 2109 4505 hac
2157 4465 2385 4520 quoque
2432 4449 2685 4519 vincula,
2714 4465 2837 4519 qua
2870 4464 2973 4520 pro
3015 4447 3229 4519 pietate
3276 4445 3443 4501 nobis
3496 4445 3635 4498 sunt

1986 4538 2283 4611 imposita.
2328 4539 2397 4594 Et
2444 4540 2655 4596 fuisset
2679 4538 2915 4609 quidem
2947 4535 3327 4608 sapientium,
3358 4549 3472 4588 non
3505 4547 3633 4587 esse

1997 4630 2253 4697 timidos,
2284 4638 2337 4686 et
2368 4631 2495 4685 vitae
2526 4629 2701 4685 nimis
2744 4630 3007 4700 cupidos,
3041 4641 3229 4698 neque
3257 4624 3394 4679 huic
3424 4621 3635 4678 callido

1987 4724 2045 4775 et
2091 4720 2355 4792 improbo
2404 4719 2702 4777 veteratori
2753 4719 3007 4786 credere,
3058 4717 3232 4771 fidem
3283 4712 3629 4769 adhibentes

1974 4810 2349 4881 jusjurando,
2369 4811 2521 4881 quod
2554 4814 2640 4865 est
2670 4808 3178 4880 promptissimum
3210 4804 3499 4860 malorum
3533 4816 3629 4856 ar-

1979 4898 2253 4967 tificium,
2285 4900 2386 4955 sed
2418 4898 2641 4954 bellum
2673 4899 2948 4952 adversus
2979 4896 3173 4966 ipsum
3206 4892 3518 4963 suscipere,
3544 4895 3623 4957 et,

1979 4989 2095 5045 Deo
2153 5005 2409 5061 pugnam
2466 4988 2769 5044 nobiscum
2816 4991 3172 5058 capessente,
3222 4982 3425 5039 ulcisci
3477 4982 3630 5036 hunc

1978 5078 2253 5150 impium.
2285 5080 2427 5136 Cum
2476 5084 2671 5135 autem
2722 5095 2812 5135 res
2859 5082 3071 5133 nostra:
3103 5077 3173 5131 ad
3206 5090 3334 5129 eam
3368 5071 3629 5127 adductae

1980 5174 2120 5224 sunt
2153 5168 2571 5238 necessitatem,
2607 5174 2670 5223 ut
2701 5168 2787 5224 vel
2820 5172 3067 5238 tyranno
3118 5169 3403 5236 parentes,
3436 5166 3491 5217 et
3523 5176 3629 5215 nos

1977 5257 2155 5328 impie
2186 5264 2472 5329 gerentes,
2504 5259 2678 5313 vitam
2726 5273 2971 5327 agamus
3022 5256 3335 5310 miseram:
3369 5249 3456 5306 vel
3506 5266 3621 5305 non

1977 5353 2271 5419 parentes,
2322 5354 2378 5402 et
2421 5348 2694 5419 pietatem
2754 5351 3108 5410 exercentes,
3158 5345 3385 5399 beatum
3447 5340 3622 5394 finem

1975 5437 2389 5507 adipiscamur,
2424 5438 2766 5493 studesmus
2797 5434 3183 5491 immortalem
3218 5432 3459 5504 gloriam
3493 5447 3622 5485 con-

1977 5527 2139 5598 sequi
2188 5542 2291 5597 per
2339 5527 2705 5599 martyrium.
2738 5526 2853 5582 Nec
2899 5540 2993 5580 me
3039 5524 3334 5580 existimet
3386 5520 3621 5592 aliquis,

1974 5618 2249 5687 tanquam
2271 5616 2399 5687 jam
2430 5632 2649 5687 senem,
2680 5621 2737 5673 et
2766 5615 3003 5688 plenum
3044 5613 3292 5682 dierum,
3327 5612 3500 5667 tinem
3534 5625 3627 5665 cu-

1976 5720 2130 5776 pere,
2164 5712 2220 5764 et
2249 5707 2375 5764 ideo
2407 5706 2554 5764 alios
2582 5706 2667 5780 ;ad
2716 5714 2960 5763 mortem
2996 5704 3271 5761 incitare:
3306 5702 3403 5757 sed
3437 5697 3624 5754 consi-
