4048 6202
372 244 521 305 1271

1709 235 1996 299 MENSIS
2039 237 2415 299 OCTOBER.

3627 239 3787 297 1272

366 404 529 460 deret
548 399 956 472 unusquisque
976 401 1263 465 vestrum,
1287 401 1535 454 mortem
1560 413 1688 453 esse
1708 413 2020 453 commune

2166 398 2361 453 ανάτου
2413 397 2579 471 χρέος
2619 396 2709 451 καὶ
2760 398 2861 469 νέῳ
2908 395 2997 451 καὶ
3055 397 3286 472 γέροντι,
3335 395 3425 451 καὶ
3478 397 3793 469 ἀπαραίτηο

365 492 651 556 debitum,
702 493 760 545 et
798 487 1000 560 juveni
1049 492 1105 542 et
1152 486 1298 555 seni,
1344 490 1402 542 et
1449 502 1575 542 esse
1624 487 2016 542 inevitabilem

365 582 626 654 corporis
647 578 1112 635 dissolutionem.
1138 577 1338 647 Itaque
1364 593 1477 632 non
1501 584 1864 647 exspectetur
1885 575 2021 630 ﬁnis

366 669 724 736 communis,
758 673 816 723 et
846 668 949 739 qui
998 683 1106 721 sua
1156 671 1362 735 sponte
1410 665 1600 732 venit;
1637 667 1737 721 sed
1790 665 2023 720 studeat

368 759 632 832 quilibet,
668 762 733 813 ut
764 756 837 812 sit
867 772 1042 826 quam
1076 756 1201 809 ﬁeri
1237 755 1446 826 poterit
1476 754 1766 826 gloriosus
1800 760 1854 809 et
1886 755 2022 810 bea-

368 858 481 904 tus.
508 847 796 913 Quidnam
826 850 1019 899 autem
1054 843 1266 899 dixerit
1288 844 1580 915 quispiam
1606 845 1879 915 martyrio
1907 843 2026 915 glo-

370 938 600 1004 riosius,
632 939 730 991 aut
763 934 1184 1006 quaestuosius,
1216 938 1314 988 aut
1346 933 1460 1004 piis
1505 933 1840 989 hominibus
1889 934 2025 988 bea-

371 1027 534 1083 tius?
563 1026 677 1097 Ego
727 1024 905 1089 enim,
939 1023 988 1079 si
1021 1022 1144 1078 fieri
1197 1028 1414 1093 posset,
1449 1027 1682 1094 propter
1731 1022 2025 1078 Christum

372 1114 523 1171 mori
572 1129 726 1186 saepe
773 1119 828 1169 et
874 1112 998 1182 ipse
1046 1112 1341 1182 eligerem,
1373 1115 1431 1167 et
1471 1110 1599 1166 aliis
1644 1111 2027 1178 consulerem,

373 1204 573 1275 sicque
604 1213 755 1258 esset
780 1206 837 1257 et
866 1201 1054 1271 major
1101 1200 1304 1273 gloria,
1340 1205 1396 1256 et
1423 1200 1655 1256 lucrum
1705 1201 1876 1273 longe
1920 1215 2027 1257 co-

373 1295 620 1367 piosius.
648 1295 754 1351 Sed
790 1309 924 1350 cum
968 1293 1075 1348 hoc
1120 1292 1317 1348 haberi
1363 1309 1477 1348 non
1520 1293 1706 1364 possit
1734 1312 1765 1348 a
1798 1297 2029 1361 natura,

375 1386 555 1456 quod,
578 1384 666 1439 vel
692 1384 908 1439 invitus
933 1382 1120 1450 nobis,
1145 1381 1246 1438 illa
1266 1399 1333 1437 ex
1360 1398 1421 1438 se
1446 1383 1606 1447 facit,
1628 1382 2032 1453 praeripiamus

375 1489 509 1531 cum
546 1472 767 1545 gloria:
796 1476 852 1527 et
873 1473 927 1527 id
955 1476 1238 1542 tanquam
1263 1471 1562 1543 proprium
1588 1470 2031 1538 constituentes,

378 1567 567 1618 astute
617 1560 893 1616 fallamus
950 1560 1385 1615 necessitatem.
1419 1559 1631 1614 Nullus
1682 1567 1968 1625 nostrum,
2002 1574 2034 1614 ο

381 1652 607 1717 fratres,
634 1651 713 1706 sit
742 1651 884 1705 adeo
910 1649 1034 1703 vitae
1066 1649 1333 1720 cupidus,
1359 1653 1414 1703 et
1445 1650 1587 1704 adeo
1620 1648 1815 1721 pusilli
1846 1653 1904 1704 et
1936 1649 2037 1703 ab-

375 1739 517 1812 jecti
544 1739 751 1806 animi,
777 1743 840 1794 ut
860 1755 964 1809 pro
991 1737 1146 1793 brevi
1173 1746 1228 1793 et
1259 1737 1470 1793 misera
1498 1738 1612 1793 vita
1644 1737 1847 1809 perdat
1872 1742 2039 1791 aeter-

382 1830 644 1897 nitatem,
676 1836 729 1883 et
759 1843 880 1896 quas
937 1843 1242 1899 nunquam
1302 1826 1545 1882 solvitur
1602 1824 2036 1881 beatitudinem.

385 1917 695 1975 Communi
727 1916 991 1972 omnium
1025 1917 1263 1973 inimico
1289 1933 1322 1972 a
1345 1915 1513 1972 nobis
1541 1915 1696 1971 haud
1721 1918 1886 1970 detur
1908 1931 2043 1984 pars

388 2005 609 2078 aliqua,
643 2021 714 2061 ne
761 2021 892 2060 cum
944 2020 1127 2059 unum
1180 2005 1352 2059 fuerit
1400 2005 1736 2072 suﬂ'uratus,
1770 2001 2045 2074 glorietur

390 2099 1023 2166 perversus,tanquam
1057 2094 1156 2165 qui
1188 2109 1387 2149 omnes
1417 2093 1650 2165 ceperit.
1681 2093 1792 2147 Sed
1826 2092 1924 2162 qui
1957 2094 2047 2145 est

392 2183 628 2253 quidem
663 2183 819 2249 talis,
855 2181 1055 2253 procul
1106 2181 1430 2236 sitachoro
1482 2184 1828 2251 martyrum,
1861 2194 2046 2249 neque

395 2272 472 2325 sit
500 2272 645 2326 falso
687 2270 943 2324 nominis
983 2269 1295 2340 particeps.
1331 2270 1389 2325 Si
1422 2269 1554 2340 quis
1585 2269 1739 2325 enim
1771 2273 1850 2334 te,
1883 2268 2047 2323 Chri-

396 2364 486 2415 ste
515 2362 573 2414 et
601 2358 859 2414 Verbum
894 2358 1013 2428 Dei,
1038 2359 1334 2429 negaverit
1367 2358 1541 2428 hujus
1572 2359 1700 2412 vitae
1734 2356 2045 2424 desiderio,

398 2447 469 2503 ab
515 2446 645 2519 ipsa
688 2446 935 2515 excidat,
968 2450 1023 2502 et
1053 2446 1360 2503 dehiscens
1404 2464 1533 2503 cum
1586 2452 1744 2503 terra
1793 2448 2046 2502 devoret.

399 2537 456 2593 Si
490 2536 621 2608 quis
653 2540 850 2592 autem
876 2552 943 2592 ex
967 2552 1096 2592 mea
1116 2538 1483 2609 cognatione,
1507 2542 1605 2593 aut
1632 2536 2048 2603 familiaritate,

402 2626 688 2683 desiderio
720 2626 1005 2682 bonorum
1038 2626 1437 2698 praesentium,
1461 2630 1519 2682 te
1540 2625 1736 2683 relicto
1758 2626 2051 2694 Creatore,

402 2724 676 2785 sequatur
696 2715 853 2770 hunc
877 2731 1063 2785 regem
1088 2715 1347 2770 interitui
1371 2715 1686 2771 obnoxium
1706 2720 1762 2772 et
1780 2716 2049 2787 impium,

402 2822 474 2861 ne
505 2804 553 2861 ei
588 2807 777 2873 detur,
813 2822 845 2860 ο
877 2805 992 2861 Rex
1023 2804 1263 2875 Christe,
1296 2804 1392 2860 hic
1425 2805 1536 2859 frui
1569 2804 1661 2871 iis,
1698 2821 1827 2877 quae
1856 2804 2054 2859 viden-

400 2902 497 2950 tur
541 2894 808 2964 jucunda
856 2899 914 2949 et
962 2892 1344 2962 delectabilia,
1387 2901 1441 2949 et
1490 2894 1756 2949 tradatur
1798 2893 1891 2961 iis,
1927 2910 2055 2964 quae

402 2988 543 3039 sunt
571 2984 715 3051 illic,
749 2984 1074 3039 tormentis.

473 3071 596 3126 XX.
637 3073 762 3126 Haec
793 3072 963 3137 dixit,
996 3076 1051 3125 et
1077 3071 1275 3126 statim
1309 3072 1581 3128 universa
1612 3071 1926 3128 multitudo
1962 3089 2056 3128 ca-

2127 507 2222 546 τος
2254 488 2287 555 ἡ
2340 486 2473 560 πρὸς
2519 486 2580 540 τὸ
2629 491 2786 558 σῶμα
2838 484 3106 547 διάλυσις.
3154 486 3291 541 Εἶτα
3341 487 3416 557 μὴ
3472 484 3789 556 αὐτόματον

2131 574 2220 628 καὶ
2255 577 2435 629 κοινὸν
2475 576 2538 630 τὸ
2569 575 2725 637 τέλος
2772 571 3102 647 ἁναμενέτω,
3151 572 3279 628 ἀλλ’
3322 575 3397 635 ὡς
3446 569 3524 628 ἔνι
3571 568 3795 640 ἔνδοξον

2132 663 2261 717 αὒτὸ
2338 665 2426 718 καὶ
2498 665 2762 737 μακάριον
2824 662 3096 719 σπευδέτω
3164 664 3433 741 φενέσθαι.
3491 663 3554 716 Τί
3613 659 3662 716 δ’
3724 663 3791 714 ἂν

2133 751 2278 807 εἶ’ποι
2318 775 2400 815 τις
2452 750 2631 827 ἕτερον
2679 758 2776 808 τοῦ
2828 751 2915 807 δια
2976 753 3276 828 μαρτυρίου
3325 751 3515 813 τέλους
3564 748 3797 819 ἔνδοξό-

2133 863 2287 918 τερον
2331 844 2365 911 ἤ
2419 839 2686 897 εὐσεϐέσιν
2750 844 3056 915 ἀνθρώποις
3123 843 3584 917 μακαριώτερονς
3650 841 3803 915 Ἐγὼ

2133 934 2236 1007 γὰρ
2270 934 2314 986 εἰ
2355 932 2470 987 οἷόν
2520 954 2577 988 τε
2628 936 2691 1001 ἦν
2746 930 2834 987 διὰ
2880 932 3109 1007 Χριστὸν
3166 930 3439 991 πολλάκις
3494 931 3798 994 ἀποθανεῖν

2137 1017 2532 1077 συνεϐούλευσα
2563 1020 2646 1093 ἄν,
2697 1023 2788 1077 καὶ
2837 1024 2903 1091 ἦν
2963 1023 3109 1078 οὕτω
3157 1022 3247 1075 καὶ
3298 1023 3331 1091 ἡ
3387 1018 3511 1091 δόξα
3562 1020 3797 1093 μείζων,

2137 1112 2226 1167 καὶ
2292 1116 2353 1166 τὸ
2418 1109 2609 1186 κέρδος
2665 1113 2800 1166 κατᾶ
2855 1109 2999 1166 πολὺ
3066 1108 3470 1185 δαψιλέστερον·
3548 1108 3667 1163 ἐπεὶ
3740 1105 3802 1162 δὶ

2136 1201 2297 1256 τοῦτο
2365 1201 2509 1274 παρᾶ
2570 1208 2671 1269 τῆς
2741 1199 2949 1277 φύσεως
3014 1198 3112 1254 οὐκ
3167 1197 3276 1253 ἔστι
3345 1193 3555 1267 λαϐεῖν,
3613 1198 3643 1251 ’ὀ
3705 1196 3799 1249 καὶ

2141 1293 2300 1362 ἡμῶν
2335 1291 2398 1346 οὐ
2430 1286 2801 1365 βουλομένων,
2836 1288 2927 1363 ἀφ’
2958 1290 3160 1358 ἑαυτῆς
3209 1287 3386 1358 ἔκείνη
3437 1292 3609 1356 ποιεῖ,
3664 1289 3811 1364 φθα-

2145 1401 2331 1442 σαντες
2373 1380 2529 1447 αότὸ,
2586 1380 3032 1455 προαρπᾶσωμεν
3083 1379 3219 1451 μετὰ
3264 1375 3424 1447 δόξης
3473 1377 3565 1431 καὶ
3614 1376 3805 1447 ὥσπερ

2141 1467 2285 1524 ’ἰδιον
2345 1470 2585 1542 θέμενοι,
2647 1470 2997 1546 σοφισώμεθα
3070 1471 3170 1538 τὴν
3244 1467 3501 1542 ἀνάγκην.
3584 1462 3806 1535 Μηδεὶς

2144 1563 2305 1634 ἡμῶν
2366 1556 2542 1623 οὕτως
2599 1560 2823 1637 όφθήτω
2889 1556 3226 1637 φιλόψυχος,
3288 1554 3535 1634 ἀδελφοὶ,
3601 1552 3808 1628 μηδεὶς

2145 1650 2399 1725 ἀγεννὴς,
2435 1646 2629 1721 μηδεὶς
2660 1644 2925 1720 ἄτολμος,
2957 1647 3029 1709 ὡς
3065 1653 3261 1723 μικρᾶς
3295 1646 3386 1701 καὶ
3434 1645 3802 1720 ταλαιπώρου

2149 1745 2294 1809 ζωῆς
2342 1736 2511 1799 ὅλους
2570 1737 2770 1799 αίῶνας
2828 1737 2916 1791 καὶ
2988 1735 3262 1810 μηδέποτε
3319 1734 3596 1809 λυομένην
3650 1755 3807 1809 προ-

2152 1830 2295 1883 έσθαι
2331 1827 2726 1902 μακαριότητα.
2760 1828 2846 1896 Μή
2882 1824 2987 1880 πού
3014 1846 3096 1887 τις
3126 1825 3216 1879 καὶ
3247 1825 3374 1900 παρ’
3403 1827 3563 1898 ἡμῶν
3612 1820 3807 1893 δοθείη

2149 1922 2228 1989 τῷ
2261 1920 2428 1987 κοινῷ
2485 1916 2697 1970 πάντων
2747 1914 3003 1988 πολεμίῳ
3064 1915 3236 1989 μερὶς,
3266 1914 3355 1969 καὶ
3395 1914 3486 1967 τὸν
3532 1908 3622 1967 ἕνα
3666 1911 3814 1967 κλέ-

2153 2010 2281 2080 ψας,
2348 2007 2423 2071 ὡς
2486 2005 2687 2068 πάντας
2737 2000 2922 2061 λαϐὼν
2981 2006 3008 2059 6
3081 2003 3304 2067 σκολιὸς
3366 2003 3809 2081 έγκαυχήσηται.

2155 2094 2316 2151 Ἀλλ’
2349 2095 2379 2149 6'
2416 2116 2477 2170 γε
2522 2098 2772 2155 τοιοῦτος
2828 2093 3016 2170 πόρῥω
3069 2097 3164 2148 τοῦ
3218 2095 3548 2167 μαρτυρικοῦ
3603 2091 3809 2145 τούτου

2153 2185 2383 2261 γενέσθω
2410 2189 2605 2259 χοροῦ,
2638 2181 2777 2257 μηδὲ
2827 2182 3219 2258 συμμετεχέτω
3272 2179 3486 2255 ψευδῶς
3530 2184 3626 2235 τοῦ
3679 2179 3812 2235 ἑνό-

2161 2295 2349 2347 ματος.
2381 2275 2469 2336 Ὠς
2519 2275 2565 2328 ε⁹ί
2613 2276 2696 2336 τίς
2745 2295 2822 2341 σε,
2870 2273 3067 2349 Χριστέ
3112 2273 3201 2327 καὶ
3251 2273 3394 2347 Λόγε
3441 2275 3599 2338 Θεοῦ,
3644 2272 3812 2340 πόθῳ

2161 2372 2256 2433 τῆς
2295 2363 2518 2419 ἐνταῦθα
2576 2369 2722 2433 ζωῆς
2790 2361 3185 2439 ἂπαρνήσαιτο,
3244 2364 3333 2417 καὶ
3387 2360 3594 2430 ταύτης
3650 2359 3815 2414 ἐκπέ-

2161 2476 2272 2525 σοι,
2304 2455 2393 2510 xui.
2427 2461 2599 2524 ζῶντα
2638 2458 2829 2509 τοῦτον
2862 2457 2897 2523 ἡ
2936 2460 3004 2528 γῆ
3057 2455 3234 2526 στόμα
3279 2450 3597 2523 διανοίξασα
3645 2471 3819 2505 κατα-

2160 2544 2300 2599 πίοι.
2362 2544 2457 2597 Καὶ
2505 2540 2549 2597 ε⁷ί
2597 2564 2679 2605 τις
2733 2539 2790 2597 δὲ
2833 2549 2932 2611 τῆς
2976 2540 3114 2614 ἐμῆς
3165 2539 3472 2616 συγγενείας
3504 2541 3538 2609 ἢ
3570 2539 3822 2610 ἑταιρίας

2160 2632 2422 2707 ἐπιθυμίᾳ
2450 2638 2557 2687 τῶν
2587 2632 2868 2709 παρόντων
2900 2629 3103 2701 ἡδέων,
3138 2632 3194 2685 σὲ
3245 2630 3338 2685 τὸν
3390 2626 3623 2696 Κτίστην
3679 2628 3821 2681 ἀπο-

2164 2722 2368 2794 λιπὼν,
2437 2722 2612 2777 ὀπίσω
2680 2726 2774 2777 τοῦ
2832 2724 3068 2798 φθαρτοῦ
3124 2720 3321 2775 τούτου
3378 2718 3467 2772 καὶ
3520 2710 3823 2776 δυσσεϐοῦς

2169 2811 2440 2887 βασιλέως
2476 2808 2866 2882 ἀκολουθήσοι,
2898 2810 3108 2886 γένοιτο
3139 2807 3306 2880 αὐτῷ.
3340 2807 3539 2882 Χριστέ
3567 2802 3821 2881 βασιλεῦ,

2164 2903 2392 2957 καὶτῶν
2453 2900 2677 2957 ἐνταῦθα
2731 2906 2973 2976 τερπνῶν
3035 2902 3110 2975 μὴ
3171 2899 3491 2968 ἂπόνασθαι,
3548 2897 3641 2951 καὶ
3694 2900 3821 2955 τοῖς

2167 2989 2367 3055 ἐκεῖθεν
2402 2988 2685 3059 ἐκδοθῆναι
2716 2988 3125 3064 κολαστηρίοις.

2241 3082 2316 3136 Κ’.
2347 3082 2530 3136 Ταῦτα
2561 3077 2683 3157 ἔφη,
2744 3076 2835 3133 καὶ
2886 3080 2949 3133 τὸ
2998 3077 3212 3146 πλῆθος
3265 3074 3419 3139 εὐθὺς
3471 3075 3629 3143 ἅπαν,
3682 3070 3824 3147 Θάρο

400 3158 550 3215 lidas
582 3158 887 3215 elI'undens
911 3159 1221 3229 Iacrymas,
1251 3160 1387 3217 Esto
1420 3161 1573 3217 bono
1606 3162 1824 3228 animo,
1860 3162 2049 3217 excla-

2168 3170 2271 3243 ρει,
2304 3168 2393 3224 ἐπὶ
2425 3145 2676 3245 θερμοίςη
2696 3172 2813 3230 τοῖς
2860 3165 3110 3242 δάκρυσιν
3162 3159 3485 3235 ἀνεϐόησαν.
3547 3160 3661 3218 Οὐκ
3710 3145 3825 3214 ἕντι

401 3248 596 3304 mavit.
632 3248 808 3303 Nemo
858 3248 1014 3304 enim
1048 3253 1104 3304 te
1133 3251 1398 3321 deseret;
1429 3268 1565 3306 nam
1622 3252 1732 3319 tui,
1766 3255 1832 3306 ut
1869 3251 2053 3319 vides,

402 3338 693 3393 desiderio
743 3354 946 3394 omnes
991 3339 1077 3394 vel
1110 3343 1245 3394 ante
1277 3344 1335 3395 te
1366 3340 1512 3397 mori
1566 3357 1971 3413 properamus,
2004 3348 2057 3395 et

404 3426 714 3499 praripere
737 3426 894 3483 hunc
915 3427 1150 3483 beatum
1176 3428 1353 3485 ﬁnem
1377 3434 1433 3485 et
1454 3429 1924 3486 desiderabilem.
1954 3428 2057 3485 Ille

405 3521 599 3573 autem
634 3517 703 3573 ad
738 3517 893 3575 haec:
928 3518 1066 3591 Ego,
1100 3519 1182 3575 ait
1223 3520 1519 3587 omnibus,
1554 3537 1658 3593 ego
1708 3538 1808 3576 vos
1857 3537 2059 3578 omnes

408 3608 755 3680 praecedam,
788 3612 845 3663 et
874 3624 971 3664 cro
1000 3608 1162 3664 vobis
1191 3608 1251 3664 in
1285 3610 1401 3665 Deo
1432 3615 1624 3667 certus
1676 3611 1779 3667 via:
1819 3612 1955 3666 dux.
1993 3611 2061 3667 Ut

408 3712 510 3752 vos
542 3696 684 3752 mihi
716 3697 934 3768 primas
956 3698 1274 3754 conceditis
1294 3698 1353 3754 in
1376 3700 1773 3771 omnibus,ita
1793 3718 1891 3758 vos
1916 3699 2060 3755 mihi

412 3787 729 3858 concedite,
764 3791 826 3841 ut
857 3786 1073 3859 primus
1101 3789 1172 3842 ad
1204 3789 1496 3845 Christum
1523 3792 1815 3847 accedam.
1843 3790 2060 3846 Verum

414 3876 707 3931 enimvero
747 3875 855 3930 hoc
874 3892 1102 3947 quoque
1123 3877 1284 3933 vobis
1304 3877 1571 3935 ultimum
1592 3880 1663 3935 do
1684 3881 2058 3936 mandatum:

413 3966 471 4020 Si
503 3966 636 4037 quis
664 3981 924 4021 meorum
959 3966 1235 4035 filiorum,
1255 3972 1356 4022 aut
1386 3985 1606 4036 eorum,
1631 3970 1727 4040 qui
1751 3985 1959 4041 genere
1991 3970 2062 4024 ad

414 4068 506 4108 me
539 4054 810 4122 attinent,
836 4054 1071 4110 relictus
1103 4056 1297 4123 fuerit,
1326 4073 1671 4127 permanens
1693 4059 1750 4113 in
1776 4059 1885 4115 hoc
1919 4074 2063 4130 puro

418 4140 576 4196 cultu
627 4142 1114 4209 Christianorum,
1158 4144 1233 4201 sit
1281 4145 1466 4201 haeres
1515 4163 1771 4202 mearum
1822 4148 2066 4203 faculta-

414 4237 562 4287 tum.
596 4234 776 4288 Porro
829 4239 1023 4289 autem
1072 4239 1191 4291 tres
1236 4235 1364 4293 illas
1395 4254 1464 4294 ex
1492 4238 1587 4306 iis,
1620 4255 1751 4310 qua:
1790 4239 1934 4294 mibi
1982 4256 2068 4295 re-

417 4324 597 4387 stant,
631 4323 1035 4392 possessiones
1068 4325 1488 4394 pulcberrimas
1517 4329 1646 4383 volo
1687 4329 1923 4385 attribui
1968 4346 2066 4385 ca-

416 4410 641 4465 tholicae
691 4413 969 4481 ecclesiae,
1005 4431 1129 4485 quae
1161 4420 1249 4471 est
1278 4416 1659 4475 aedificanda:
1696 4437 1843 4491 quas
1892 4420 2065 4475 etiam

2165 3261 2271 3333 γὰρ
2328 3260 2477 3321 ’ὀστις
2536 3256 3000 3336 ἂπολειφθήσεταί
3070 3274 3186 3311 σου·
3249 3252 3365 3309 ἐπεῖ
3419 3250 3511 3307 καὶ
3570 3255 3649 3322 τῷ
3697 3252 3825 3321 περὶ

2170 3350 2226 3403 σὲ
2256 3348 2409 3420 πόθῳ
2457 3347 2671 3418 πάντες,
2730 3348 2803 3409 ὼς
2863 3348 3013 3423 ὁρᾷς,
3073 3344 3420 3420 ἐπειγόμεθα,
3481 3340 3525 3395 εἰ
3578 3339 3694 3395 οἷόν
3741 3361 3824 3409 τε,

2170 3438 2255 3492 καὶ
2289 3439 2573 3513 προθανεῖν
2603 3457 2720 3505 σου,
2774 3435 2864 3490 καὶ
2912 3436 2975 3491 τὸ
3040 3433 3302 3509 μακάριον
3361 3431 3523 3487 τοῦτο
3580 3428 3672 3483 καὶ
3719 3450 3827 3484 πο-

2169 3525 2340 3580 θεινὸν
2373 3525 2716 3601 προαρπάσαι
2767 3523 2950 3586 τέλος.
3009 3524 3070 3581 Ὀ
3125 3520 3181 3577 δὲ
3230 3522 3366 3596 πρὸς
3414 3524 3604 3576 ταῦτα.
3658 3518 3825 3592 Ἐγὼ,

2168 3619 2327 3669 πᾶσιν
2397 3611 2522 3692 ἔφη,
2593 3614 2698 3690 ἐγὼ
2754 3612 2969 3669 πάντων
3033 3614 3185 3686 ὑμῶν
3274 3610 3657 3684 ἇφηγήσομαι,
3732 3608 3825 3661 καὶ

2170 3701 2372 3777 ὀδηγὸς
2403 3701 2669 3770 ἂπλανής,
2726 3703 2851 3776 ὑμῖν
2908 3700 2959 3757 ἐν
3010 3705 3126 3772 Θεῷ
3174 3701 3513 3776 φαοήσομαι.
3558 3697 3655 3759 Ὠς
3699 3694 3824 3768 ἐμοὶ

2167 3796 2275 3846 τῶν
2316 3790 2600 3864 πρωτείων
2656 3788 2707 3844 έν
2757 3794 2885 3844 πᾶσι
2940 3792 3338 3867 παρεχωρεῖτε,
3399 3786 3541 3842 οὕτω
3596 3808 3691 3862 μοι
3733 3783 3821 3837 καὶ

2170 3880 2375 3953 πρώτῳ
2439 3884 2654 3953 Χριστῷ
2719 3884 3055 3952 παραστῆναι
3123 3880 3581 3951 παραχωρήσατε.
3671 3873 3824 3940 [Ῐλὴν

2174 3967 2317 4024 ἁλλὰ
2346 3968 2436 4022 καί
2466 3968 2667 4038 ταύτην
2698 3966 3011 4023 τελευταίαν
3046 3966 3172 4040 ὑμῖν
3224 3964 3451 4034 ἐντολὴν
3502 3962 3818 4034 ἐπιδίδωμι.

2174 4056 2239 4115 Ε’ί
2267 4079 2349 4119 τις
2388 4062 2495 4111 τῶν
2524 4055 2670 4130 ἐμῶν
2702 4056 2920 4125 τέκνων,
2955 4056 2989 4125 ἤ
3013 4060 3123 4111 τῶν
3155 4054 3289 4110 κατὰ
3317 4056 3472 4130 γένος
3507 4075 3602 4126 μοι
3647 4071 3815 4126 προσ-

2176 4147 2420 4218 ηκόντων
2482 4145 2843 4225 ὑπολειφθείη
2901 4148 2971 4219 τῇ
3026 4146 3236 4220 καθαρᾷ
3288 4143 3458 4209 ταύτῃ
3514 4148 3622 4197 τῶν
3676 4145 3823 4213 Χριο

2175 4242 2402 4291 στιανῶν
2446 4235 2693 4309 ἐμμένων
2731 4234 2973 4310 λατρεία.
3030 4241 3131 4304 τῆς
3189 4232 3329 4307 ἐμῆς
3388 4230 3625 4288 ἔστωσαν
3679 4229 3828 4300 κλη-

2178 4326 2405 4401 ρονόμοι
2437 4324 2768 4400 περιουσίας.
2821 4326 2916 4378 Καὶ
2961 4324 3087 4398 τρία
3135 4320 3193 4377 δὲ
3239 4327 3345 4376 τῶν
3380 4321 3675 4397 περιόντων
3734 4341 3827 4394 μοι

2176 4416 2486 4472 καλλίστων
2558 4416 2855 4488 κτημάτων
2907 4418 2976 4488 τῇ
3036 4410 3475 4486 οἰκοδομηθῆναι
3542 4410 3833 4485 μελλούσῃ

408 4501 535 4572 jam
587 4517 883 4559 consecro.
913 4506 1042 4557 Haec
1091 4520 1223 4559 cum
1274 4506 1534 4571 dixisset,
1565 4514 1621 4563 et
1651 4510 1862 4579 populo
1893 4509 2049 4565 bene

2177 4503 2445 4578 καθολικῇ
2514 4502 2813 4573 Ἐκκλησία
2877 4502 3229 4575 κληρωθῆναι
3290 4498 3587 4575 βούλομαι,
3650 4502 3682 4552 ἆ
3739 4500 3833 4553 καὶ

418 4589 683 4657 dixisset,
715 4594 790 4645 et.
824 4591 910 4646 Sit
939 4592 1042 4647 tibi
1070 4591 1268 4662 gloria,
1304 4610 1336 4649 ο
1371 4595 1631 4662 Domine,
1666 4602 1902 4668 propter
1946 4614 2067 4654 om-

419 4679 536 4747 nia,
564 4679 989 4751 subjunxisset,
1013 4697 1327 4739 conversus
1357 4682 1499 4739 dicit
1528 4685 1646 4756 regi
1671 4703 1684 4741 :
1710 4685 1905 4742 Laudo
1936 4691 2012 4755 te,
2037 4704 2069 4744 o

418 4785 538 4835 rex,
574 4770 730 4839 quod
784 4785 926 4825 usus
975 4770 1057 4825 sis
1106 4771 1405 4841 patientia,
1448 4776 1504 4829 et
1554 4790 1668 4831 non
1713 4776 2069 4845 confuderis,

420 4862 517 4914 aut
547 4857 931 4930 interruperis
963 4875 1153 4914 meam
1185 4864 1613 4931 orationem,ut
1637 4881 1759 4920 mos
1795 4864 1896 4920 fuit
1929 4863 2068 4921 olim

419 4946 673 5019 regibus.
712 4948 996 5012 Quoniam
1049 4964 1183 5021 ergo
1236 4951 1389 5006 nosti
1438 4958 1700 5009 nostrum
1741 4970 1984 5026 sc0pum
2015 4957 2072 5009 et

418 5036 778 5105 institutum,
806 5053 1016 5109 nempe
1046 5040 1198 5109 quod
1235 5040 1357 5095 fieri
1391 5057 1504 5095 non
1532 5046 1721 5111 potest
1754 5048 1834 5111 ut,
1859 5043 2072 5099 Christi

421 5126 580 5182 cultu
614 5126 834 5195 relicto,
861 5143 966 5182 nos
998 5128 1097 5181 tibi
1132 5130 1544 5199 assentiamur,
1571 5132 1657 5186 fac
1684 5132 1835 5202 quod
1872 5148 2071 5204 super-

423 5220 530 5283 est,
554 5220 785 5287 tempus
818 5233 931 5271 non
967 5220 1156 5273 terens
1187 5216 1429 5274 diutius.

495 5393 642 5450 XXI.
676 5396 820 5451 Cum
853 5398 1027 5454 sciret
1070 5414 1201 5470 ergo
1251 5416 1348 5455 rex
1399 5416 1599 5457 eorum
1644 5405 1895 5457 mentem
1946 5417 2071 5458 esse

425 5483 868 5553 immutabilem,
904 5504 1006 5541 nec
1040 5488 1160 5544 ﬁeri
1211 5506 1378 5561 posse
1411 5495 1473 5544 ut
1506 5507 1605 5546 eos
1637 5492 1705 5545 ad
1740 5507 1908 5547 suam
1953 5495 2071 5545 tra-

428 5571 600 5628 ducat
631 5574 1196 5645 sententiam,jussit
1224 5592 1321 5633 eos
1351 5578 1483 5634 duci
1514 5579 1585 5635 ad
1616 5580 1927 5652 quemdam
1959 5582 2073 5635 tor-

2174 4592 2284 4664 ἤδη
2318 4592 2544 4671 ἄφιερῶ.
2595 4595 2780 4649 Ταῦτα
2828 4590 2993 4646 εἰπὼν
3042 4591 3131 4645 καὶ
3178 4590 3271 4645 τὸν
3319 4588 3451 4645 λαὸν
3499 4588 3833 4664 εὐλογήσας,

2178 4683 2292 4754 καὶ,
2326 4682 2469 4752 Δόξα
2499 4703 2605 4753 σοι,
2641 4680 2827 4754 Κύριε,
2880 4680 3096 4735 πάντων
3146 4675 3345 4747 ἕνεκεν,
3398 4677 3658 4747 ἐπειπὼν,
3710 4676 3834 4731 ἐπι-

2180 4772 2431 4851 στραφεὶς
2462 4770 2727 4848 λέγειτῷ
2773 4770 3006 4844 βασιλεῖ.
3069 4770 3305 4824 Ἐπαινῶ
3364 4789 3421 4823 σε
3471 4767 3834 4842 μακροθυμή-

2180 4883 2364 4932 σαντα,
2400 4861 2646 4935 βασιλεῦ,
2678 4860 2767 4914 καὶ
2824 4860 2899 4932 μή
2946 4858 3249 4935 συγχέαντα
3299 4878 3394 4931 μοι
3449 4857 3577 4917 τοὺς
3630 4853 3837 4929 λόγους

2177 4948 2214 5019 ἤ
2259 4948 2593 5023 διακόψαντα
2639 4948 2776 5002 κατά
2820 4948 2882 5002 τὸ
2928 4945 3100 5002 πάλαι
3159 4950 3276 5006 τοῖς
3338 4943 3620 5019 βασιλεῦσι
3678 4964 3835 4997 νενο-

2185 5036 2467 5111 μισμένον.
2500 5038 2603 5093 Καὶ
2632 5038 2818 5091 τοίνυν
2863 5035 2979 5091 ἐπεὶ
3026 5037 3117 5091 τὸν
3174 5034 3433 5109 ἡμέτερον
3475 5028 3645 5108 ἔγνως
3701 5053 3835 5086 σκο-

2179 5128 2303 5198 πὸν,
2364 5127 2436 5188 ὡς
2484 5125 2745 5182 ἅδυνατόν
2797 5128 2907 5180 ἐστι
2963 5132 3063 5195 τῆς
3119 5125 3354 5199 Χρισέοῢ
3404 5122 3659 5197 λατρείας
3714 5121 3839 5198 ἄφε-

2184 5218 2376 5290 μένους
2409 5218 2555 5291 ἡμᾶς
2598 5214 2880 5280 συνθέσθαι
2928 5232 3035 5287 σοι,
3086 5215 3148 5269 τὸ
3204 5213 3608 5289 παριστάμενον
3662 5208 3835 5277 ποίει,

2183 5307 2258 5378 μή
2286 5300 2492 5379 τρίϐων
2525 5303 2612 5359 ἐπὶ
2652 5301 2799 5358 πολὺ
2830 5303 2923 5358 τὸν
2945 5302 3153 5377 καιρόν.

2251 5395 2382 5453 ΚΑ’.
2422 5391 2594 5454 Εἰδὼς
2644 5392 2737 5448 οὖν
2767 5394 2794 5447 6
2831 5390 3092 5467 βασιλεὺς
3141 5392 3214 5453 ὡς
3259 5391 3362 5461 τὴν
3409 5389 3636 5466 γνώμην
3680 5385 3841 5464 ἔχου-

2181 5504 2261 5538 σιν
2344 5484 2769 5559 ἀμετάτρεπτον,
2837 5482 2927 5536 καὶ
3006 5480 3081 5546 ὡς
3157 5480 3255 5536 οὐκ
3312 5478 3371 5534 ἄν
3428 5499 3559 5534 ποτε
3615 5474 3837 5533 δύναιτο

2182 5572 2520 5648 μεταπείθειν
2565 5571 2783 5646 αὑτοὺς,
2831 5572 2921 5626 καὶ
2968 5572 3067 5642 τήν
3126 5563 3441 5645 μεταϐολὴν
3498 5568 3838 5624 παντάπασιν
