4012 6220
209 316 374 379 1273

1451 308 1928 373 MARTYRIUM
1975 311 2038 370 S.
2089 310 2453 371 ARETIf/E.

3461 316 3613 373 1274

207 471 510 549 ἀπογνοὺς,
562 468 643 533 ε’ίς
693 489 811 524 τινα
861 467 1198 544 χειμάρρουν
1248 464 1430 525 Ὀδίαν
1480 466 1622 523 οῦτω
1654 466 1895 535 καλοῦη

2005 472 2211 535 antem,
2246 470 2346 541 qui
2387 472 2625 525 vocatur
2654 470 2843 539 Odias,
2877 475 2933 526 et
2962 470 3104 542 ipsis
3154 470 3273 527 illic
3318 471 3613 543 amputari

214 584 373 636 μενον
411 559 814 635 ἆπανεχθέντας
864 557 1134 613 ἐκέλευσεν
1180 558 1568 630 ἀποτμηθῆναι
1621 559 1713 617 τὰς
1758 578 1856 611 κε-

210 656 413 729 φαλὰς,
446 651 520 712 είς
549 652 607 704 ’ὀν
642 650 729 703 καὶ
772 648 1058 724 γενόμενον
1102 649 1188 701 καὶ
1241 648 1555 723 προσευχὴν
1608 646 1859 719 εὐῦὖμως

211 740 439 803 ἑαυτοὺς
494 739 806 813 τρέψαντες·
871 759 895 789 ι
957 738 1142 811 Κύριε,
1206 737 1384 813 Κύριε,
1474 735 1701 809 δύναμις
1758 743 1859 804 τῆς

214 833 489 906 σωτηρίας
539 833 719 903 ἡμῶν,
780 827 954 898 εἷπον,
1012 825 1331 889 ἐπεσκίασας
1390 826 1477 881 ἐπὶ
1535 829 1633 897 τὴν
1696 848 1861 903 κεῖρα-

216 920 318 988 λῆν
352 923 513 992 ἡμῶν
561 917 613 973 ἐν
656 918 836 989 ἡμέρᾳ
881 916 1151 987 πολέμου.
1185 938 1211 969 ι
1266 914 1573 993 Ὀδήγησον
1632 917 1721 972 καὶ
1770 913 1861 969 νῦν

216 1012 365 1081 ἡμᾶς
396 1008 470 1069 εἰς
497 1006 619 1061 ὁδὸν
672 1004 913 1060 αἰωνίαν·
975 1004 1059 1059 ὅτι
1115 1012 1213 1074 τῆς
1282 1012 1380 1074 σῆς
1436 1006 1651 1079 ἀγάπης
1711 1003 1861 1060 οὐδὲν

215 1102 323 1153 τῶν
356 1096 603 1151 ἁπάντων
645 1097 779 1167 ἡμῖν
831 1092 979 1156 ὅλως
1028 1096 1401 1169 προετιμήθη,
1435 1095 1496 1149 οὐ
1528 1094 1744 1167 πατρὶς,
1804 1095 1866 1149 οῦ

216 1185 391 1262 γένος,
439 1185 502 1238 οῦ
568 1182 836 1243 πλοῦτος⁶
904 1181 1049 1237 ἀλλὰ
1116 1184 1291 1237 πάντα
1364 1184 1723 1256 προηκάμεθα
1779 1183 1867 1237 καὶ

220 1274 388 1344 αὐτὴν
458 1272 546 1328 διά
597 1274 653 1327 σὲ
706 1274 807 1341 τήν
862 1273 1027 1341 ζωὴν,
1082 1274 1171 1326 καί
1230 1272 1306 1334 ὡς
1346 1268 1591 1346 πρόϐατα
1658 1280 1869 1351 σφαγῆς

220 1363 610 1439 ἐλογίσθημεν.
659 1363 761 1418 Κάὶ
809 1365 902 1415 νῦν
951 1360 1290 1433 ἱκετεύομεν
1358 1364 1638 1435 γενηθήτω
1694 1365 1728 1431 ἡ
1782 1361 1869 1417 ἐκ·

225 1452 440 1524 δίκησις
492 1457 590 1507 τοῦ
648 1449 878 1524 α’ίματος
928 1455 1035 1505 τῶν
1078 1447 1291 1506 δούλων
1338 1472 1433 1506 σου
1484 1457 1580 1505 τοῦ
1639 1451 1873 1530 ἐκκεχυ-

229 1543 413 1617 μένου.
442 1545 685 1615 Ἔπαρον
717 1540 812 1601 τὸς
852 1541 1044 1614 χεῖράς
1092 1561 1186 1594 σου
1229 1540 1313 1595 ἐπὶ
1358 1540 1452 1603 τάς
1509 1542 1876 1617 ὑπερηφανίας

228 1630 423 1688 αὐτῶν.
492 1627 850 1705 Περιποίησαι
915 1628 1041 1689 τοὺς
1133 1629 1282 1688 υἱοὺς
1348 1633 1457 1683 τῶν
1533 1629 1875 1699 θνησκόντων

231 1724 364 1796 ὑπὲρ
426 1721 540 1776 σοῦ.
610 1721 883 1793 Κράτυνον
950 1720 1048 1787 τήν
1118 1718 1278 1775 πόλιν
1350 1741 1445 1775 σου
1509 1720 1707 1791 ταύτην
1774 1722 1872 1789 τὴν

1974 559 2179 629 capita.
2215 559 2292 613 Ad
2325 574 2496 629 quem
2532 576 2661 614 cum
2697 560 3008 630 venissent,
3042 565 3098 616 et
3140 577 3201 617 se
3252 565 3517 633 prompto
3567 564 3623 615 et

1973 647 2141 702 alacri
2184 648 2379 704 animo
2419 649 2490 703 ad
2543 665 2738 720 preces
2789 650 3249 705 convertissent:
3284 673 3311 701 «
3356 650 3624 719 Domine,

1972 738 2234 807 Domine,
2267 739 2555 807 dixerunt,
2592 740 2771 796 virtus
2801 746 3010 796 nostra:
3042 741 3270 807 salutis,
3303 743 3625 797 obumbra-

1973 828 2047 882 sti
2072 843 2249 898 super
2271 833 2442 899 caput
2467 833 2727 884 nostrum
2752 828 2813 884 in
2835 830 2930 884 die
2952 829 3140 885 belli‘.
3159 854 3180 881 ι
3206 834 3370 884 Nunc
3394 845 3624 901 quoque

1975 918 2159 972 deduc
2203 934 2309 972 nos
2339 916 2398 972 in
2438 917 2616 973 vitam
2666 924 2935 973 aeternam
2966 936 2979 973 :
3014 918 3292 989 quoniam
3354 918 3501 974 nihil
3556 933 3626 973 ex

1977 1006 2251 1060 omnibus
2287 1007 2453 1061 nobis
2497 1006 2681 1077 pluris
2730 1007 2863 1073 fuit,
2898 1023 3073 1079 quam
3104 1007 3189 1062 tui
3223 1006 3476 1072 dilectio,
3513 1022 3629 1063 non

1978 1094 2184 1165 patria,
2220 1112 2333 1150 non
2364 1112 2573 1167 genus,
2608 1112 2719 1151 non
2752 1096 2963 1150 divitia
2990 1112 3002 1151 :
3028 1098 3126 1151 sed
3158 1097 3359 1152 omnia
3391 1100 3633 1167 propter

1978 1190 2033 1239 te
2063 1184 2444 1253 prodidimus,
2478 1184 2654 1240 etiam
2687 1185 2867 1255 ipsam
2900 1185 3101 1252 vitam,
3137 1192 3193 1239 et
3224 1189 3509 1256 tanquam
3542 1198 3635 1238 oc-

1980 1274 2218 1329 cisionis
2240 1290 2373 1329 oves
2397 1289 2603 1329 sumus
2635 1274 2891 1347 reputati
2910 1273 2953 1329 ⁵.
2982 1274 3050 1329 Et
3070 1290 3225 1329 nunc
3248 1277 3304 1329 te
3335 1272 3633 1344 supplices

1982 1378 2280 1434 rogamus,
2314 1363 2439 1418 Fiat
2487 1363 2629 1419 ultio
2672 1363 2978 1435 sanguinis
3026 1378 3327 1419 servorum
3372 1367 3634 1426 tuorum,

1984 1453 2078 1522 qui
2109 1452 2217 1507 fuit
2246 1453 2486 1507 effusus.
2520 1452 2739 1508 Extolle
2772 1468 2985 1508 manus
3017 1457 3149 1507 tuas
3182 1467 3360 1522 super
3385 1451 3630 1506 istorum

1984 1542 2320 1612 superbiam
2338 1542 2379 1595 ⁸.
2414 1540 2659 1613 Suscipe
2690 1558 2757 1597 ac
2802 1541 3045 1598 defende
3084 1557 3285 1596 eorum
3333 1538 3506 1605 filios,
3542 1537 3639 1609 qui

1985 1648 2085 1701 pro
2111 1639 2161 1685 te
2184 1630 2525 1687 moriuntur.
2540 1631 2857 1687 Corrobora
2876 1631 3189 1697 civitatem,
3208 1646 3337 1701 quas
3355 1628 3643 1700 gloriatur

1985 1727 2085 1775 tuo
2118 1720 2366 1792 pretioso
2398 1720 2705 1793 sanguine,
2734 1729 2787 1775 et
2817 1736 3010 1785 cruce,
3041 1724 3099 1773 et
3138 1718 3635 1790 perpessionibus.

229 1810 663 1889 ἑγκαυχωμένην
696 1813 775 1881 τῷ
804 1806 974 1880 τιμίῳ
1007 1830 1102 1864 σου
1144 1808 1332 1882 α’ίματι
1373 1811 1462 1864 καὶ
1509 1815 1588 1881 τῷ
1638 1815 1875 1885 σταυρῷ,

2005 1809 2166 1865 Vides
2214 1810 2708 1881 quemadmodum
2738 1826 2867 1865 eam
2898 1809 2984 1865 tui
3018 1809 3339 1864 affecerunt
3378 1805 3639 1861 inimici:

234 1900 325 1955 καὶ
355 1904 471 1961 τοῖς
520 1899 763 1961 πάθεσιν.
809 1898 969 1972 Ὁρᾷς
1020 1898 1169 1959 ’ὁπως
1218 1899 1385 1967 αὐτὴν
1439 1901 1487 1953 οἱ
1533 1898 1723 1975 ἐχθροί
1756 1921 1882 1954 σου·

233 1987 508 2059 διέθηκαν·
578 1990 912 2062 περιέκειραν
991 1987 1081 2041 τὸν
1160 1988 1365 2060 κόσμον
1431 1990 1622 2058 αὐτῆς,
1691 1984 1886 2059 ἐϐεϐή-

235 2077 421 2135 λωσαν
462 2078 524 2132 τὸ
570 2076 921 2152 ἀγιασττςριόν
980 2098 1095 2147 σου,
1146 2078 1235 2132 τὸν
1276 2078 1398 2132 ναὸν
1449 2080 1539 2133 τὸν
1591 2080 1743 2155 ἅγιόν
1792 2100 1886 2134 σου

239 2165 560 2241 ἑνέπρησαψ
630 2166 688 2219 ’ὸν
774 2167 1057 2239 ὑψωθῆναι
1139 2166 1227 2221 καὶ
1313 2176 1716 2241 κραταιωθῆναι
1797 2170 1887 2223 καὶ

244 2252 395 2315 αὖθις
428 2251 742 2326 εὐδόκησον,
776 2251 960 2317 διδους
991 2257 1057 2309 τά
1087 2263 1335 2331 σκῆπτρα
1390 2258 1667 2330 βασιλεῖσι
1718 2262 1887 2330 Χρισ-

240 2348 465 2409 τιανοῖς,
508 2344 595 2397 καὶ
640 2342 958 2418 μεγαλύνων
1008 2345 1203 2407 αὐτοὺς
1256 2348 1309 2399 ἓν
1360 2351 1437 2417 τῷ
1488 2347 1717 2419 ὀνόματί
1768 2369 1883 2405 συυ.

247 2430 343 2485 Καὶ
377 2432 494 2485 ’ὀσοι
528 2428 583 2486 δὲ
616 2430 703 2487 διὰ
741 2440 911 2504 τιμῆς
960 2432 1153 2507 ἄγουσι
1202 2441 1301 2502 τῆν
1356 2435 1651 2507 μαρτυρίαν
1702 2438 1886 2507 ἡμῶν.

241 2519 359 2594 βίον
397 2520 581 2582 αὐτοῖς
633 2521 980 2593 ἀπρόσκοπον
1037 2518 1302 2595 δώρησαι,
1346 2522 1562 2596 ἀγαθῶν
1608 2522 1889 2599 ἀφθονίαν,

242 2612 331 2663 καὶ
362 2609 697 2686 συγγνώμην
740 2609 1043 2684 ἁμαρτιῶν,
1102 2610 1192 2663 καὶ
1242 2613 1389 2683 ἡμᾶς
1437 2616 1563 2673 τοῦς
1628 2614 1727 2679 τῆν
1774 2612 1891 2667 ὲπι-

250 2702 469 2776 φάνειαν
534 2700 631 2766 τῆν
700 2699 798 2766 σὴν
866 2698 1244 2774 ἀγαπήσ;ντας
1313 2700 1388 2761 είς
1470 2701 1565 2761 τὰς
1641 2702 1894 2762 αἶ’ωνίους

247 2788 449 2859 σκηνὰς
498 2784 806 2861 πρόσδεξαι,
858 2787 946 2841 καὶ
1004 2793 1120 2847 τοῖς
1171 2789 1260 2842 ἀπ’
1316 2788 1510 2849 αἰῶνός
1571 2811 1659 2843 σοι
1712 2791 1896 2866 εὐαρε-

246 2878 443 2946 τήσασι
512 2875 934 2949 συναρίθμησον.
1030 2880 1209 2934 Ταῦτα
1287 2877 1549 2947 εἰπόντες,
1610 2878 1896 2951 ἀλλήλους

247 2965 687 3039 περιεπτύξαντο.
760 2964 857 3019 Καὶ
924 2966 1014 3020 τὸν
1093 2965 1292 3041 αὐχένα
1381 2971 1595 3043 πρῶτον
1663 2970 1690 3023 ὁ
1759 2973 1901 3033 θεῖὸς

254 3054 548 3117 ὑποκλίνας
630 3054 873 3129 Ἀρέθας,
944 3055 1027 3132 ὑφ’
1093 3056 1289 3130 ἑτέρων
1357 3054 1452 3111 δύο
1558 3060 1900 3132 βαστάζεται,

258 3146 374 3198 εἶτα
422 3143 511 3197 καὶ
560 3145 658 3212 τῆν
714 3142 959 3220 κεφαλὴν
1012 3146 1340 3223 ἀφαιρεῖται.
1402 3146 1497 3200 Καὶ
1532 3148 1559 3201 ὁ
1592 3145 1788 3210 λοιπὸς
1846 3146 1903 3203 δὲ

1993 1900 2367 1955 attenderunt
2382 1900 2507 1969 ejus
2526 1903 2959 1964 ornamentum,
2976 1897 3354 1969 profanarunt
3372 1898 3645 1951 sanctua-

1995 1989 2142 2043 rium
2196 1992 2385 2056 tuum,
2432 1988 2711 2058 templum
2770 1991 3038 2042 sanctum
3084 1996 3246 2041 tuum
3295 1990 3646 2040 exusserant

1996 2077 2147 2149 quod
2180 2077 2286 2131 tibi
2320 2076 2559 2148 placeat,
2586 2080 2649 2131 ut
2670 2093 2875 2132 rursus
2904 2075 3216 2132 extollatur
3239 2079 3297 2129 et
3318 2074 3643 2140 roboretur,

1996 2167 2189 2223 dando
2220 2172 2449 2239 sceptra
2480 2166 2711 2237 regibus
2742 2164 3112 2233 Christianis,
3145 2180 3359 2235 eosque
3398 2178 3647 2235 magnos

1996 2261 2053 2311 et
2082 2256 2307 2328 amplos
2349 2256 2637 2311 reddendo
2676 2256 2735 2310 in
2772 2260 2872 2311 tuo
2912 2255 3168 2311 nomine.
3204 2254 3311 2319 Qui
3356 2258 3548 2308 autem
3584 2251 3646 2306 in

1996 2346 2215 2402 honore
2248 2352 2513 2401 nostrum
2546 2345 2847 2401 habebunt
2868 2345 3237 2416 martyrium,
3262 2343 3335 2397 da
3356 2341 3441 2398 eis
3464 2340 3646 2397 vitam

1999 2434 2143 2489 citra
2174 2435 2353 2490 ullam
2405 2434 2811 2501 offensionem,
2844 2435 3129 2489 bonorum
3179 2432 3426 2502 copiam,
3459 2436 3516 2485 et
3551 2447 3653 2487 ve-

2001 2525 2154 2577 niam
2187 2530 2572 2592 peccatorum.
2597 2522 2715 2576 Nos
2736 2537 2869 2577 vero
2892 2522 2986 2590 qui
3012 2526 3178 2575 tuum
3211 2522 3527 2575 adventum
3560 2519 3650 2573 di-

2000 2610 2272 2679 leximus,
2288 2610 2346 2664 in
2367 2618 2580 2665 aeterna
2602 2610 2834 2680 suscipe
2848 2608 3654 2676 tabernacula,etannumera

2004 2701 2153 2755 inter
2182 2716 2301 2767 eos,
2336 2698 2434 2771 qui
2468 2698 2568 2753 tibi
2601 2699 2672 2753 ab
2702 2702 2918 2754 esterno
2949 2698 3315 2769 placuerunt.
3350 2696 3483 2752 Haec
3514 2711 3649 2751 cum

2006 2789 2307 2856 dixissent,
2337 2805 2400 2844 se
2430 2788 2679 2844 invicem
2712 2792 2857 2843 sunt
2885 2787 3160 2859 amplexi.
3194 2786 3425 2840 Primus
3455 2789 3650 2840 autem

2009 2878 2242 2934 divinus
2272 2877 2535 2942 Arethas,
2559 2876 2777 2933 cervice
2809 2876 3109 2943 inclinata,
3133 2875 3312 2929 ictum
3346 2873 3523 2945 gladii
3554 2873 3653 2927 lae-

2011 2970 2199 3024 tanter
2227 2965 2458 3039 excipit,
2483 2971 2539 3021 et
2570 2966 2649 3021 ita
2680 2965 2727 3020 ei
2759 2970 2930 3037 caput
2962 2969 3318 3036 amputatur.
3343 2964 3517 3018 Porro
3548 2979 3658 3018 au-

2009 3061 2128 3113 tem
2161 3056 2423 3128 reliquus
2455 3071 2689 3127 quoque
2720 3053 3239 3125 chorus,jucunda
3268 3061 3322 3108 et
3350 3068 3477 3124 qua;
3509 3051 3656 3107 solvi

2014 3164 2128 3203 non
2153 3150 2370 3216 poterat
2391 3144 2841 3213 sodalitas,cum
2866 3160 3045 3215 quam
3069 3142 3325 3197 maxima
3348 3147 3660 3213 potuerunt

250 3230 573 3296 ἀκολούθως
628 3234 819 3307 χορὸς,
869 3235 903 3302 ἡ
956 3212 1183 3308 γλυκεῖα
1231 3235 1320 3288 καὶ
1399 3234 1602 3298 ἄλυτος
1648 3236 1895 3311 ἑταιρεία¹

2012 3236 2325 3303 celeritate,
2358 3250 2420 3290 se
2448 3234 2774 3290 venerando
2808 3232 3111 3289 unxissent
3160 3231 3321 3287 illius
3352 3228 3662 3301 sanguine,

260 3322 333 3383 ὡς
368 3322 523 3395 εἶχον
554 3322 758 3395 τάχους
808 3326 886 3393 τῷ
934 3322 1105 3395 τιμίῳ
1155 3322 1358 3377 ἐκείνου
1419 3327 1760 3401 χρησάμενοι
1812 3324 1901 3381 α’ί-

256 3432 409 3484 ματι,
454 3412 693 3486 καθάπερ
738 3411 843 3465 τινὶ
892 3410 1047 3486 μύρῳ
1094 3412 1390 3469 πολυτελεῖ
1436 3417 1571 3489 πρὸς
1618 3417 1716 3484 τὴν
1770 3438 1899 3493 σφα-

257 3502 360 3576 γὴν
420 3499 690 3579 ἐχώρουν,
758 3502 844 3555 καὶ
926 3499 1134 3575 σπουδῇ
1201 3504 1345 3578 πάσῃ
1414 3505 1505 3559 τὸν
1566 3503 1655 3560 διὰ
1719 3507 1904 3583 ξίφους

252 3588 510 3665 ἰδὲχοντο
542 3591 790 3656 Θάνάτον,
843 3594 1041 3665 μικροῦ
1087 3593 1173 3645 καὶ
1238 3591 1513 3663 ἀλλήλοις
1562 3599 1659 3650 τοῦ
1710 3600 1903 3669 καιροῦ

252 3682 594 3752 φθονοῦντες,
656 3679 729 3739 ὡς
779 3677 943 3734 πλέον
1002 3702 1053 3735 τι
1103 3682 1239 3757 πρὸς
1295 3684 1462 3756 τιμὴν
1515 3683 1775 3757 νέμοντος
1828 3690 1906 3757 τῷ

252 3763 566 3843 προθονόντι
600 3769 627 3822 ὁ
659 3766 861 3843 ἐπερχὸ
871 3790 1051 3842 μενος,

332 3858 451 3916 ΚΒ.
513 3857 651 3925 Γυνή
713 3854 769 3912 δέ
824 3879 906 3919 τις
960 3856 1176 3914 παιδίον
1233 3855 1438 3939 ἔχουσα
1497 3866 1787 3939 παραθέον,
1846 3864 1907 3920 οὒ

254 3944 423 4001 πλέον
473 3943 509 4014 ἤ
553 3945 710 4001 πέντε
756 3948 992 4021 χρόνους
1048 3948 1338 4022 γενόμενον
1397 3951 1578 4026 ὁρῶσα
1640 3953 1707 4009 τὰ
1767 3951 1912 4029 δρώ-

263 4056 421 4108 μενα,
473 4036 562 4089 καὶ
605 4037 741 4110 πρὸς
790 4037 882 4091 τὸν
932 4036 1125 4110 ὅμοιον
1176 4037 1466 4115 διάθερμον
1521 4047 1672 4105 θεῖσα
1720 4041 1910 4115 ζῆλον,

254 4126 356 4193 τὴν
419 4125 687 4199 ταχίστην
744 4123 1171 4201 προσδραμοῦσα
1218 4130 1309 4183 καὶ
1367 4134 1463 4185 τοῦ
1528 4130 1763 4203 α’ίματος
1821 4135 1908 4188 καὶ

257 4213 395 4282 αὖτή
434 4208 700 4283 λαϐοῦσα,
756 4212 929 4287 ἒκείνη
989 4236 1047 4270 τε
1104 4216 1371 4291 ἠλείψατο
1430 4218 1519 4273 καὶ
1584 4221 1676 4274 τὸν
1743 4220 1912 4276 παῖδα

264 4303 557 4371 μητρικαῖς
622 4300 780 4375 χερσὶ
847 4303 1180 4381 περιὲχριεν.
1252 4304 1384 4361 Εἶτα
1444 4306 1534 4361 καὶ
1611 4307 1687 4370 εἰς
1747 4307 1909 4363 αὐτὸν

260 4386 643 4444 ἐναπέσκωπτε
709 4392 802 4445 τὸν
872 4389 1120 4467 βασιλέα,
1198 4394 1454 4469 τύραννον
1540 4395 1889 4452 ἀποκαλοῦσα

259 4478 348 4533 καὶ
383 4477 629 4553 ὀξυτάτῃ,
662 4480 737 4544 ὡς
767 4481 903 4555 εἶχε,
937 4486 1113 4558 φωνῇ,
1167 4486 1358 4541 Ἐσται
1405 4490 1485 4556 τῷ
1541 4486 1759 4559 βασιλεῖ
1803 4458 1910 4542 τῶν

262 4562 535 4642 Ἐϐραίων
565 4568 639 4628 ὡς
686 4573 765 4641 τῷ
820 4571 1045 4644 Φαραὼ,
1108 4570 1361 4647 λέγουσα.
1421 4572 1491 4631 Oi
1546 4574 1751 4630 ἐκείνου
1808 4576 1917 4631 τοί·

260 4678 353 4711 νυν
406 4656 735 4712 ὑπασπισταὶ
793 4664 903 4713 τῶν
952 4657 1262 4735 λεγομένων
1313 4663 1655 4737 ἀκουσάντες,
1706 4665 1913 4721 συλλαο

264 4742 449 4809 εόντες
481 4746 636 4811 εὐθὺς
687 4749 785 4818 τὴν
830 4755 1063 4823 γυναῖκα
1110 4751 1185 4813 ὡς
1236 4750 1394 4807 αὐτὸν
1442 4751 1628 4827 ἄγουσι
1678 4757 1769 4811 τὸν
1816 4757 1917 4831 βα-

267 4836 442 4905 σιλέα,
484 4837 572 4892 καὶ
636 4840 770 4914 ἅπερ
830 4839 1015 4913 ἐκείνῳ
1064 4846 1273 4913 πικρῶς
1315 4840 1731 4919 διελοιδορεῖτο,
1786 4848 1919 4920 μετὰ

268 4926 490 4996 πολλῆς
518 4926 928 5002 ἀπαγγέλλουσι
978 4937 1077 5000 τῆς
1130 4934 1471 5007 προσθήκης.
1524 4935 1584 4992 Ὀ
1634 4934 1712 5007 δὲ,
1779 4934 1921 5009 μηδὲ

270 5014 443 5092 λόγου
505 5015 645 5089 μηδὲ
688 5016 859 5091 ψιλῆς
912 5020 1051 5093 αὐτῇ
1102 5018 1365 5092 μεταδοὺς
1414 5020 1755 5096 ἐρωτήσεως,
1816 5030 1920 5080 ποῦ

272 5104 377 5179 γὰρ
419 5104 454 5173 ἢ
518 5106 733 5179 βασάνῳ
789 5109 851 5162 τὸ
911 5113 1156 5185 πρᾶγμα,
1188 5108 1425 5185 ἤκρίσει
1484 5112 1590 5168 τινὶ
1642 5110 1918 5186 δεδωκὼς,

269 5194 361 5248 τὸν
401 5192 699 5268 διάνπυρὸς
748 5196 916 5267 αὐτῆς
971 5201 1403 5278 καταψηφίζεται
1454 5202 1697 5266 θάνατον.
1750 5204 1920 5268 Εὐθὺς

274 5281 364 5337 οῦν
398 5281 504 5354 ὕλη
539 5292 908 5362 συνεφορεῖτο,
960 5289 1049 5341 καὶ
1098 5292 1203 5361 πῦρ
1249 5288 1384 5363 αὐτῇ
1432 5287 1835 5361 ὑπερεϐάλλετο
1884 5296 1919 5363 ἡ

274 5370 408 5450 φλόξ
459 5393 518 5428 τε
556 5372 645 5430 ἰπὶ
697 5376 837 5451 μέγα
886 5373 1074 5450 ᾔρετο,
1122 5376 1210 5431 καὶ
1260 5377 1390 5453 θείῳ
1446 5380 1535 5434 καὶ
1582 5381 1773 5452 πίσση,
1830 5382 1919 5437 καὶ

274 5460 611 5536 κληματίσιν
678 5462 951 5543 ἐτρέφετο.
1020 5468 1151 5523 Εἶτα
1206 5467 1295 5522 καὶ
1353 5471 1386 5538 ἡ
1448 5471 1579 5543 γυνὴ
1647 5467 1921 5547 περιεδεσ-

349 5643 372 5679 ⁴
404 5644 555 5703 Psal.
588 5662 817 5722 cxxxix,
847 5651 901 5707 8.
934 5649 958 5684 ⁵
987 5650 1136 5707 Psal.
1169 5666 1327 5722 xLur,
1358 5651 1441 5708 12.
1476 5652 1499 5686 ⁸
1528 5652 1680 5711 Psal.
1714 5670 1905 5724 Lxxm,
1937 5654 1989 5709 3.

2006 3332 2289 3397 tanquam
2342 3332 2639 3394 unguento
2691 3323 2889 3393 aliquo
2922 3322 3198 3393 pretioso,
3232 3322 3662 3391 consequenter

2007 3418 2077 3473 ad
2106 3422 2349 3471 mortem
2372 3413 2819 3478 contenderunt,
2835 3428 3011 3482 quam
3032 3410 3224 3482 gladio
3245 3425 3488 3481 propere
3506 3424 3663 3464 acce-

2009 3509 2241 3579 perunt,
2265 3504 2379 3559 sibi
2403 3502 2654 3558 invicem
2682 3506 2917 3571 tempus
2949 3501 3373 3571 propemodum
3405 3498 3660 3553 inviden-

2010 3601 2117 3661 tes,
2143 3598 2341 3666 utpote
2371 3591 2529 3663 quod
2558 3590 2699 3662 quid
2734 3591 2925 3659 majus
2957 3588 3027 3643 ad
3061 3587 3345 3642 honorem
3379 3586 3663 3641 tribuere-

2010 3690 2103 3741 tur
2134 3685 2207 3752 ei,
2232 3682 2332 3753 qui
2365 3681 2527 3753 prius
2558 3685 2682 3737 erat
2714 3686 3003 3743 mortuus,
3032 3694 3144 3748 pra
3177 3675 3295 3740 illo,
3320 3675 3419 3745 qui
3451 3674 3663 3729 deinde

2010 3773 2380 3844 sequebatur.

2080 3861 2255 3918 XXII.
2299 3861 2571 3924 Quaedam
2630 3866 2824 3914 autem
2885 3856 3095 3912 mulier
3142 3856 3364 3911 habens
3416 3868 3661 3924 puerum

2016 3955 2575 4025 prietercurrentem,
2611 3965 2727 4005 non
2778 3948 2909 4020 plus
2953 3963 3130 4019 quam
3176 3945 3434 4017 quinque
3481 3956 3666 3997 annos

2017 4048 2245 4109 natum,
2278 4057 2411 4097 cum
2440 4039 2658 4095 videret
2686 4054 2775 4105 ea,
2798 4055 2926 4110 qua
2958 4036 3197 4102 ﬁebant,
3218 4040 3277 4090 et
3306 4033 3377 4089 ad
3412 4030 3664 4086 similem

2017 4148 2263 4189 accensa
2310 4134 2463 4186 esset
2506 4128 2960 4195 aemulationem,
2997 4124 3284 4181 citissime
3330 4134 3665 4189 accurrens,

2018 4238 2147 4277 cum
2197 4220 2323 4292 ipsa
2378 4234 2611 4290 quoque
2668 4216 2987 4286 accepisset
3042 4212 3411 4285 sanguinem,
3461 4227 3523 4265 se
3570 4208 3670 4263 illo

2019 4314 2184 4369 unxit
2213 4320 2266 4368 et
2296 4310 2501 4367 ﬁlium.
2527 4307 2745 4364 Deinde
2779 4307 2973 4378 ipsum
3005 4320 3198 4377 regem
3227 4301 3669 4368 ludificabatur,

2018 4419 2150 4459 eum
2200 4417 2409 4458 vocans
2469 4408 2799 4471 tyrannum,
2832 4402 2889 4453 et
2918 4411 3094 4468 quam
3150 4393 3401 4449 maxims
3449 4395 3673 4461 poterat

2017 4509 2157 4548 voce
2186 4492 2417 4547 dicens:
2444 4489 2567 4544 Erit
2600 4487 2970 4543 Hebraeorum
3003 4483 3150 4556 regi,
3173 4482 3327 4538 sicut
3355 4478 3672 4535 Pharaoni.

1942 4616 2003 4682 D
2027 4581 2195 4637 Illius
2224 4597 2358 4637 vero
2404 4578 2713 4647 satellites,
2746 4578 2840 4647 iis,
2873 4592 3001 4647 quas
3032 4567 3675 4682 dicebanturuauditis,

2029 4671 2509 4741 comprehensam
2556 4667 2751 4724 statim
2784 4665 3088 4721 mulierem
3120 4662 3344 4717 ducunt
3374 4660 3445 4713 ad
3478 4658 3675 4729 ipsum

2027 4777 2244 4833 regem,
2277 4764 2334 4815 et
2365 4758 2689 4818 maledicta.
2725 4756 2935 4827 quibus
2976 4752 3142 4807 illum
3194 4749 3399 4806 acerbe
3438 4751 3677 4818 appete-

2028 4850 2145 4913 bat,
2180 4849 2514 4905 renuntiant
2543 4863 2676 4903 cum
2710 4861 2922 4915 magna
2952 4840 3304 4898 accessione.
3332 4838 3433 4893 Ille
3452 4841 3675 4901 autem,

2030 4954 2162 4993 cum
2196 4954 2299 4993 nec
2329 4938 2380 4992 ei
2415 4937 2649 4992 fecisset
2678 4933 2906 4991 dicendi
2935 4935 3300 5005 potestatem,
3325 4932 3381 4983 et
3411 4942 3515 4981 nec
3545 4939 3675 4979 eam

2031 5027 2267 5098 quidem
2297 5026 2733 5097 interrogasset,
2756 5039 2883 5079 eam
2914 5020 3285 5086 condemnat,
3310 5022 3371 5073 ut
3400 5016 3531 5086 igne
3559 5029 3679 5068 mo-

2031 5120 2275 5172 reretur.
2300 5116 2509 5171 Statim
2541 5129 2677 5185 ergo
2710 5111 2820 5168 fuit
2849 5115 3123 5183 congesta
3153 5107 3414 5170 materia,
3437 5108 3492 5159 et
3522 5103 3677 5174 ignis

2031 5206 2080 5261 ei
2113 5204 2409 5274 subjectus
2431 5220 2444 5260 :
2468 5210 2524 5259 et
2546 5202 2778 5258 ﬂamma
2799 5217 2860 5256 se
2882 5200 2939 5255 in
2962 5200 3146 5254 altum
3171 5194 3430 5261 sustulit,
3455 5191 3680 5248 sulfure

2032 5300 2089 5350 et
2118 5294 2241 5364 pice
2271 5298 2327 5349 et
2356 5293 2663 5348 sarmentis
2695 5290 2935 5347 nutrita.
2960 5287 3178 5344 Deinde
3209 5285 3319 5340 fuit
3347 5282 3518 5339 etiam
3554 5280 3680 5337 alli-

2032 5388 2168 5456 gata
2197 5382 2422 5449 mulier,
2445 5386 2501 5438 et
2522 5397 2649 5437 eam
2684 5380 2950 5435 lictorum
2982 5391 3190 5432 manus
3220 5372 3682 5445 complecteban-

2031 5475 2150 5540 tur,
2182 5476 2247 5528 ut
2277 5487 2409 5529 cum
2439 5470 2647 5527 fuisset
2678 5469 2763 5525 eis
2794 5483 2944 5524 onus
2994 5469 3227 5539 portatu
3280 5462 3468 5532 facile,
3496 5461 3581 5517 sic
3621 5459 3681 5514 in
