4012 6220
183 336 339 396 1277

1396 342 1871 405 MARTYRIUM
1920 344 1985 405 S.
2038 342 2398 403 ARETH/E.

3433 338 3590 397 1278

180 491 543 571 σφοδρότερον
598 497 735 550 κατᾶ
782 500 880 551 τοῦ
941 501 1119 569 μηροῦ
1178 495 1358 554 δάκνει
1425 501 1517 554 τὸν
1584 498 1833 575 βασιλέα,

1953 501 2176 557 mordet
2199 500 2255 555 in
2282 500 2517 555 femore.
2546 497 2646 554 Ille
2668 501 2885 567 autem,
2905 496 3081 553 simul
3105 500 3279 569 atque
3309 493 3593 551 sensisset

180 586 241 640 Ὀ
294 582 350 640 δὲ
398 590 495 641 τοῦ
555 582 837 662 δήγματος
894 589 1006 660 ἅμα
1082 584 1425 663 αἰσθόμενος,
1484 591 1574 645 καὶ
1647 589 1833 646 διατα-

188 674 416 748 ραχθεὶς
484 675 646 729 αὐτὸν
709 677 1145 745 ἁπωθεῖται,καὶ
1206 679 1313 732 τῶν
1361 686 1462 748 τῆς
1521 678 1834 755 συγκλήτου

272 764 286 779 \
509 760 590 782 \I‘
814 764 827 781 ν
879 766 890 784 9
962 765 987 783 γ
1104 772 1129 781 ιο
1335 767 1348 789 ,
1450 767 1474 785 κ
1511 778 1536 787 ,,
1576 772 1603 783 ~
1822 762 1836 779 '

182 785 289 818 τινι
355 778 749 837 παραοιοωσιν,
810 785 872 841 εφ
947 786 993 836 ῳ
1060 764 1274 837 μαλλον
1352 772 1644 830 Ιουοαικως
1699 788 1808 839 παρ

184 850 373 925 ἐκείνῳ
423 852 649 931 τραφείη
702 854 788 907 καὶ
856 853 947 907 τὸν
996 857 1427 929 Χριστιανισμὸν
1488 856 1827 929 έξομόσαιτο.

187 942 291 998 Καὶ
324 943 351 996 ὁ
404 943 498 1013 μὲν
556 937 741 996 λαϐὼν
790 942 882 997 τὸν
950 941 1119 998 παῖδα
1177 946 1362 1019 ἀπῄει,
1412 947 1479 1001 τα
1524 947 1833 1021 πραχθέντα

185 1031 515 1104 ποιούμενος
560 1028 650 1086 διὰ
707 1030 1003 1105 θαύματος,
1053 1040 1171 1097 τοῖς
1247 1033 1447 1099 ἄλλοις
1512 1057 1569 1090 τε
1644 1036 1839 1109 μεταξὺ

184 1118 570 1194 διηγούμενος.
627 1123 715 1178 Ἐν
770 1122 951 1193 τούτῳ
1012 1120 1068 1177 δὲ
1138 1124 1199 1178 τὸ
1273 1123 1489 1179 παιδίον
1558 1123 1841 1192 διαλαθὸν,

183 1206 377 1284 δρόμῳ
426 1208 626 1282 πολλῷ
681 1212 817 1285 πρὸς
873 1212 972 1279 τήν
1018 1213 1229 1287 μητέρα
1287 1214 1511 1289 ἐχώρει,
1563 1217 1651 1269 καὶ
1707 1217 1843 1271 κατὰ

186 1299 378 1372 μέσης,
411 1298 563 1363 ὅπως
593 1299 737 1377 εἶχε,
770 1303 870 1369 τήν
920 1302 1151 1373 κάμινον
1200 1301 1455 1373 εἰσπηδᾷ,
1488 1306 1590 1373 τὴν
1634 1304 1841 1378 μητέρα

182 1408 241 1443 τε
289 1388 363 1451 ὡς
421 1389 567 1461 αὐτῷ
617 1386 792 1444 ἐδόκει
839 1387 1163 1465 περιλαϐὸν,
1202 1392 1291 1448 καὶ
1345 1392 1641 1450 κάλλιστον
1702 1395 1839 1469 αὐτῇ

184 1475 433 1552 ἐντάφιον
491 1479 677 1533 ἑαυτὸν
731 1476 990 1551 δεδωκὸς,
1027 1502 1116 1536 τον
1169 1489 1269 1551 τῆς
1323 1484 1618 1557 μαρτυρίας
1678 1482 1841 1561 όίμνρω

182 1564 599 1640 κληρονομοῦσι
652 1568 933 1646 στέφανον.
994 1570 1215 1626 Τούτων
1266 1573 1411 1627 οὕτω
1474 1571 1840 1647 τελουμένων,

184 1655 337 1713 ἔλεον
398 1653 657 1721 λαϐόντες
705 1663 812 1713 τῶν
876 1663 1043 1715 ταῦτα
1107 1661 1431 1736 πασχόντων
1501 1664 1841 1737 Χριστιανῶν

185 1748 238 1802 οἱ
294 1749 413 1819 περὶ
461 1749 553 1803 τὸν
600 1748 850 1823 βασιλέα,
883 1749 969 1803 καὶ
1014 1748 1133 1804 ὅσοι
1191 1758 1290 1820 τῆς
1341 1750 1680 1829 συγκλήτου,
1731 1753 1840 1808 ἱκέ-

183 1857 338 1892 τευον
389 1837 550 1892 αὐτὸν
605 1839 822 1908 ἂνεῖναι,
868 1840 959 1893 καὶ
1012 1842 1087 1912 μή
1139 1839 1311 1917 ἄρδην
1360 1841 1628 1898 ἀπολέσαι
1676 1845 1840 1900 πόλιν

185 1926 329 1981 οὕτω
373 1928 619 2004 μεγάλην
686 1928 775 1983 καὶ
848 1927 1294 2004 πολυάνθρωπον,
1346 1934 1431 1987 καὶ
1484 1933 1627 1988 πολὺ
1678 1933 1835 2003 πλῆ-

184 2016 275 2076 θος
308 2014 559 2071 ἐπετείων
594 2018 774 2093 φόρων
815 2017 1182 2096 παρέχουσαν.
1219 2022 1369 2077 Ἐπεὶ
1414 2020 1505 2076 οῦν
1557 2020 1610 2076 ἒν
1658 2023 1838 2095 τούτῳ

184 2102 485 2171 κατένευεν,
534 2107 569 2175 ἡ
633 2105 845 2182 σκληρᾶ
894 2106 1070 2178 ἐκείνη
1123 2111 1210 2164 καὶ
1287 2116 1627 2185 Φαραωνῖτις
1677 2113 1831 2186 ψυχὴ

189 2192 285 2249 δύο
334 2198 520 2258 παθῶν
568 2196 621 2250 ἒν
664 2193 810 2269 αὒτῷ
850 2195 1260 2273 διερισαμένων,
1311 2202 1400 2256 καὶ
1442 2202 1705 2275 ὠμότητα
1752 2223 1838 2280 φι-

194 2282 584 2357 λοχρηματίας
629 2283 1009 2358 ἒκνικησάσης,
1040 2290 1092 2344 τί
1131 2296 1317 2359 ποιεῖ;
1366 2292 1576 2362 Ταύτης
1630 2313 1687 2346 τε
1738 2298 1838 2360 τῆς

190 2370 407 2433 πόλεως
449 2372 537 2425 καί
574 2375 753 2445 πάσης
800 2383 900 2445 τῆς
955 2379 1142 2451 χώρας
1200 2381 1262 2433 τὸ
1313 2381 1521 2449 νεάζον,
1566 2380 1722 2455 ἅῤῥεν
1780 2401 1839 2434 τε

184 2459 277 2513 καὶ
317 2458 480 2529 θῆλυ,
529 2460 1123 2537 ἐξανδραποδισάμενος
1171 2466 1246 2528 εἰς
1296 2467 1511 2529 πολλὰς
1568 2468 1838 2541 ἀριθμού-

190 2569 344 2619 μενον
397 2549 683 2621 μυριάδας,
731 2553 821 2606 καὶ
876 2553 968 2613 οὓς
1023 2555 1119 2626 μὲν
1166 2554 1328 2616 αὐτὸς
1382 2557 1694 2633 κατασχὼν,
1747 2556 1839 2620 οὓς

188 2634 245 2691 δὲ
291 2638 381 2692 καὶ
433 2636 708 2699 διαδιδοὺς
758 2639 836 2701 εἷς
882 2639 1135 2696 δουλείαν
1169 2646 1251 2705 οἷς
1292 2643 1394 2718 ἄρα
1425 2642 1706 2715 ἐϐούλετο,
1740 2647 1837 2700 αὗ-

187 2738 269 2790 θις
300 2724 533 2795 ἐπανῆκε
580 2728 717 2801 πρὸς
764 2729 831 2784 τὰ
882 2730 1151 2805 βασίλεια,
1195 2732 1617 2808 δουλωσάμενος
1675 2734 1839 2791 πόλιν

186 2813 470 2890 ἐλευθέραν
542 2818 629 2871 καὶ
714 2817 847 2893 μόνῃ
920 2825 989 2894 τῇ
1077 2821 1272 2898 Τριάδι
1350 2823 1734 2898 ἀνακειμένην,
1774 2826 1834 2894 ἢν

186 2904 347 2967 αὐτὸς
391 2906 626 2980 Χριστὸς
683 2912 761 2980 τῷ
838 2906 961 2983 ἰδίῳ
1019 2909 1383 2988 ἐξηγοράσατο
1443 2912 1666 2988 α’ίματι,
1716 2915 1840 2984 ἥτις

1955 607 2217 647 morsum
2250 593 2308 644 et
2339 587 2543 643 fuisset
2588 587 2993 653 conturbatus,
3026 602 3161 642 eum
3210 588 3446 656 repente
3487 583 3593 637 ab-

1944 680 2093 751 jicit,
2128 685 2183 735 et
2230 694 2361 733 eum
2412 677 2585 733 tradit
2632 676 2863 732 cuidam
2911 692 2978 730 ex
3027 680 3258 741 senatu,
3292 678 3356 728 ut
3385 674 3456 728 ab
3490 671 3588 726 illo

1951 770 2203 826 aleretur
2249 766 2497 823 maxime
2534 767 2795 826 Judaice,
2829 768 2886 820 et
2914 765 3207 834 abjuraret
3254 762 3593 818 Christiani-

1951 876 2169 916 smum.
2201 860 2271 914 Et
2296 858 2393 913 ille
2437 857 2670 927 quidem
2722 854 2939 921 abibat,
2974 859 3208 924 accepto
3250 868 3449 923 puero,
3482 852 3587 907 ad-

1954 950 2175 1004 mirans
2204 964 2292 1012 ea,
2325 964 2453 1017 quae
2483 947 2633 1001 facta
2660 945 2909 1011 fuerant,
2939 946 2995 998 et
3027 941 3199 997 simul
3232 942 3402 997 etiam
3455 958 3590 995 nar-

1953 1056 2090 1096 rans
2121 1037 2272 1092 aliis.
2307 1036 2539 1092 Interim
2570 1038 2764 1090 autem
2799 1049 2962 1104 puer,
2986 1048 3052 1088 eo
3083 1031 3387 1097 insciente,
3420 1045 3591 1085 cursu

1953 1127 2249 1185 contendit
2278 1126 2349 1181 ad
2382 1128 2653 1189 matrem,
2684 1126 2737 1179 et
2768 1121 2954 1178 insilit
2984 1123 3043 1176 in
3094 1121 3345 1177 mediam
3396 1119 3586 1174 forna-

1951 1235 2098 1285 cem,
2133 1223 2515 1285 matremque,
2566 1217 2631 1267 ut
2673 1211 2725 1267 ei
2776 1210 3098 1279 videbatur,
3149 1209 3507 1279 complexus,
3537 1216 3592 1265 et

1952 1305 2413 1378 pulcherrimum
2445 1304 2682 1359 bustum
2715 1299 2974 1371 seipsum
2998 1300 3050 1355 ei
3080 1299 3335 1366 tradens,
3359 1298 3426 1351 fit
3454 1312 3589 1352 cum

1951 1397 2080 1467 ipsa
2128 1394 2312 1450 haeres
2355 1408 2577 1448 coronas
2610 1388 2892 1460 martyrii.
2927 1387 3069 1443 Cum
3103 1387 3224 1442 haec
3252 1386 3334 1441 sic
3368 1386 3592 1449 fierent,

1954 1483 2297 1555 patientium
2325 1480 2787 1538 Christianorum
2822 1477 2962 1533 moti
2996 1474 3395 1532 misericordia
3424 1474 3463 1529 ii
3495 1473 3595 1544 qui

1951 1578 2118 1630 erant
2174 1572 2324 1628 circa
2380 1586 2572 1642 regem
2623 1574 2682 1625 et
2730 1569 2855 1639 ipse
2914 1571 3177 1633 senatus,
3205 1564 3485 1636 rogabant
3533 1570 3596 1619 ut

1952 1667 2189 1718 caeteros
2248 1660 2551 1728 relaxaret,
2587 1663 2645 1714 et
2702 1674 2818 1713 non
2877 1656 3106 1728 penitus
3164 1655 3424 1725 perderet
3470 1656 3590 1708 tam

1953 1768 2223 1823 magnam
2272 1750 2586 1817 civitatem,
2619 1751 2677 1803 et
2707 1747 2923 1820 populo
2972 1750 3092 1802 tam
3142 1745 3507 1815 frequentem
3540 1750 3595 1798 et

1956 1857 2083 1911 qua:
2115 1840 2427 1909 quotannis
2476 1853 2688 1908 magna
2739 1834 3029 1906 pendebat
3070 1831 3394 1905 vectigalia.
3428 1835 3593 1887 Post-

1948 1946 2127 2001 quam
2178 1933 2373 1984 autem
2417 1925 2609 1982 hacin
2653 1941 2713 1980 re
2758 1923 2965 1979 annuit
2995 1922 3093 1977 illa
3122 1923 3267 1977 dura
3312 1921 3508 1976 anima
3538 1923 3597 1976 et

1945 2020 2349 2076 Pharaonitica
2398 2016 2916 2087 crudelitatemque
2962 2012 3102 2070 vicit
3153 2011 3414 2081 avaritia,
3448 2010 3591 2084 quid

1947 2109 2130 2165 facit?
2158 2110 2301 2164 Cum
2333 2108 2513 2178 hujus
2542 2104 2792 2162 civitatis
2822 2109 2879 2161 et
2906 2104 3081 2160 totius
3128 2101 3382 2174 regionis
3423 2103 3590 2171 juve-

1950 2215 2077 2266 nes,
2110 2203 2232 2254 tam
2286 2196 2580 2254 masculos
2630 2210 2806 2266 quam
2857 2193 3123 2259 feminas,
3164 2191 3483 2263 redegisset
3530 2191 3590 2245 in

1950 2288 2312 2354 servitutem,
2346 2301 2597 2358 quorum
2646 2288 2814 2341 erant
2862 2281 3047 2338 multa
3097 2280 3302 2346 millia,
3344 2284 3402 2334 et
3451 2278 3597 2334 alios

1949 2376 2184 2445 quidem
2243 2376 2367 2447 ipse
2412 2373 2771 2440 retinuisset,
2820 2370 2965 2427 alios
3015 2377 3207 2426 autem
3256 2367 3598 2424 tradidisset

1948 2467 2163 2536 quibus
2195 2464 2398 2529 voluit,
2434 2479 2701 2518 reversus
2729 2466 2819 2517 est
2848 2461 2908 2515 in
2941 2460 3183 2531 regiam,
3221 2458 3405 2513 libera
3452 2456 3596 2512 civi—

1948 2560 2061 2608 tate
2092 2555 2291 2608 effecta
2322 2568 2506 2618 serva,
2540 2568 2668 2621 quae
2716 2549 2982 2605 dedicata
3016 2555 3135 2604 erat
3164 2546 3270 2602 soli
3301 2546 3595 2614 Trinitati,

1949 2658 2124 2714 quam
2156 2642 2282 2713 ipse
2314 2639 2580 2696 Christus
2630 2637 2876 2694 redemit
2926 2634 3160 2707 preprio
3200 2634 3510 2704 sanguine,
3542 2637 3601 2687 et

1950 2749 2073 2803 qua:
2122 2732 2172 2787 ei
2217 2728 2420 2786 obtulit
2479 2733 2700 2783 tantam
2760 2730 3078 2798 martyrum
3137 2721 3599 2791 multitudinem,

1948 2838 2146 2879 eorum
2198 2817 2469 2875 victorias
2501 2821 2557 2873 et
2586 2815 2906 2874 certamina
2954 2813 3223 2886 praeclare
3272 2810 3593 2883 praedicans

1951 2913 2078 2968 orbi
2108 2917 2292 2967 terrae.

182 2997 455 3066 τοσαύτην
506 2997 655 3069 αὐτῷ
714 3000 1002 3075 μαρτύρων
1060 3004 1282 3077 χορείαν
1333 3007 1666 3081 προσήγαγε,
1717 3006 1842 3066 τους
1889 3004 2102 3077 ἀγῶνας
2147 3000 2320 3055 αὐτῶν
2370 2998 2459 3053 καὶ
2514 2996 2611 3059 τὰς
2658 2996 2810 3060 νίκας
2860 2993 3131 3069 λαμπρῶς
3177 2996 3247 3067 τῇ
3296 2987 3594 3065 οἰκουμένῃ

184 3085 580 3159 ἀνακηρύξασα.

260 3174 377 3233 KE'.
416 3176 513 3230 Καὶ
556 3180 724 3232 ταῦτα
774 3178 868 3251 μὲν
918 3177 984 3247 δὴ
1034 3186 1256 3237 τοιαῦτα
1305 3183 1391 3238 καὶ
1450 3183 1621 3247 οὕτως
1681 3182 1835 3263 ἔχον-

2019 3181 2187 3238 ΧΧν.
2222 3182 2291 3237 Ει
2348 3180 2472 3237 haee
2520 3178 2757 3251 quidem
2807 3177 2891 3233 ita
2940 3192 2999 3232 se
3038 3173 3350 3230 habebant.
3387 3172 3601 3227 Rever-

181 3286 276 3321 τα.
327 3265 744 3345 Ὑποστρέφοντι
805 3265 861 3322 δί
927 3270 1006 3341 τῷ
1058 3268 1299 3346 Ἑϐραίῳ
1356 3273 1479 3347 πῦρ’
1520 3273 1598 3349 ἐφ’
1648 3274 1835 3334 ἱκανὰς

188 3355 401 3428 ἡμέρας
447 3356 653 3429 ἑωρᾶτο
708 3354 779 3411 δι’
809 3356 949 3429 ὅλης
980 3362 1170 3422 νυκτὸς
1200 3362 1291 3416 τὸν
1324 3362 1511 3439 αἰθέρα
1569 3364 1837 3437 πληροῦν,

189 3443 281 3498 καὶ
320 3441 479 3498 αὐτόν
536 3465 594 3499 τε
642 3448 878 3500 Δουναάν
936 3450 1023 3503 καὶ
1063 3450 1164 3517 τὴν
1217 3450 1381 3505 αὑτοῦ
1433 3453 1686 3527 στρατιὰν
1732 3448 1838 3523 ἕξε-

194 3530 474 3605 δειμάτου,
505 3534 594 3587 καὶ
639 3536 737 3603 τήν
781 3534 950 3610 ὀργὴν
999 3537 1135 3593 κατὰ
1190 3544 1298 3595 τῶν
1344 3539 1551 3596 ἅσεϐῶν
1603 3542 1839 3615 ἐτεκμη-

199 3625 401 3695 ριοῦτο.
458 3622 591 3677 Εἶτα
638 3626 728 3678 καὶ
784 3629 894 3698 πῦρ
950 3627 1168 3694 ἄνωθεν,
1219 3631 1254 3698 ἡ
1313 3627 1537 3701 ἐντελὴς
1626 3632 1838 3705 μάστιε,

194 3710 279 3765 ἐπὶ
322 3712 422 3780 τὴν
475 3714 596 3787 γῆν,
640 3711 784 3770 ὕετο.
829 3712 980 3769 Ἀλλ’
1020 3713 1145 3771 οὐδὲ
1186 3719 1366 3794 βραχὺ
1416 3720 1667 3790 συνιέναι,
1716 3718 1840 3776 οὐδὲ

195 3799 624 3878 σωφρονίζεσθαι
653 3802 801 3880 εἶχεν
851 3803 880 3857 6
920 3802 1232 3881 ἀλιτήριος,
1266 3805 1385 3863 οὐδ’
1418 3810 1519 3864 ὑπὸ
1556 3812 1657 3879 τὴν
1706 3831 1839 3884 κρα-

194 3890 349 3943 ταιὰν
388 3892 485 3943 τοῦ
533 3888 667 3944 Θεοῦ
730 3896 891 3966 γεῖρα
940 3893 1329 3953 καλύπτεσθαι.
1363 3898 1459 3962 Εἰς
1521 3904 1681 3955 τοῦτο
1738 3901 1839 3975 γὰρ

198 3975 389 4048 μανίας
443 3975 650 4052 ἐξήχθη
692 3980 828 4033 κατὰ
863 3980 1222 4055 Χριστιανῶν,
1273 3983 1348 4045 ὡς
1405 3986 1496 4040 καὶ
1553 3981 1838 4061 πρεσϐείαν

194 4064 469 4139 ἐκπέμψαι
523 4070 603 4138 τῷ
665 4072 772 4123 τῶν
832 4075 1056 4145 Περσῶν
1115 4072 1351 4147 βασιλεῖ,
1404 4075 1566 4146 ἀξιῶν
1616 4076 1705 4131 καὶ
1754 4076 1843 4130 αὖ·-

193 4156 287 4210 τὸν
335 4155 404 4209 τὰ
452 4154 617 4227 ὅμοια
665 4154 877 4232 δρᾶσαι,
928 4160 1017 4215 καὶ
1074 4162 1275 4225 πάντας
1330 4166 1458 4228 τοὺς
1513 4165 1843 4242 εὑρισκομέ-

198 4243 470 4331 νουςῌὺπ’
516 4244 703 4318 ἐκείνῳ
753 4248 1107 4322 Χριστιανοὺς
1144 4250 1315 4327 ἄρδην
1360 4253 1642 4327 ἀπελέσαι,
1677 4254 1731 4311 εἷ’
1780 4278 1841 4331 γε

195 4332 290 4386 τὸν
320 4329 481 4400 ἥλιον
541 4331 760 4405 εὐμενῆ,
801 4339 956 4413 φησί,
993 4339 1255 4413 βούλοιτο
1286 4336 1434 4417 ἔχειν
1480 4344 1569 4398 καὶ
1625 4345 1719 4400 τὸν
1755 4329 1842 4401 αὖ·

199 4424 296 4475 τοῦ
333 4420 554 4496 πατέρα,
587 4421 661 4483 ὡς
704 4421 909 4487 ἐκεῖνος
942 4427 1274 4503 ἀπεφλυάρει
1303 4432 1395 4486 τὸν
1426 4437 1532 4488 τῶν
1575 4429 1843 4507 Ἐϐραίων

200 4509 357 4567 Θεόν.
407 4508 489 4567 Τὰ
538 4508 671 4565 αὐτᾶ
723 4508 778 4566 δὲ
823 4519 992 4570 ταῦτα
1034 4518 1125 4571 καὶ
1157 4518 1584 4596 ’Λλαμουνδάρῳ
1632 4526 1710 4595 τῷ
1760 4522 1841 4595 ἐξ·

202 4597 495 4674 ηγουμένῳ
532 4604 639 4655 τῶν
694 4600 795 4657 ὑπὸ
854 4605 1087 4679 Πέρσαις
1146 4613 1477 4681 Σαρακηνῶν
1536 4611 1841 4668 ἐπέσαειλεν

205 4688 635 4763 ὑπισχνούμενος
690 4693 780 4746 καὶ
852 4696 1119 4768 χρήματα
1181 4694 1396 4768 δώσειν,
1454 4700 1505 4755 εἴ
1552 4702 1688 4758 κατὰ
1742 4706 1848 4757 τῶν

205 4778 308 4832 ὑπὸ
396 4783 559 4853 χεῖρα
634 4784 972 4854 Χριστιανῶν
1023 4782 1265 4861 διωγμὸν
1316 4791 1556 4859 κινήσοι.
1618 4791 1769 4848 Ἀλλ’
1820 4793 1848 4846 6

207 4867 302 4939 μὶν
354 4868 496 4922 οὕτω
540 4871 891 4946 Χριστιανοῖς
938 4875 1244 4949 ἀπήχθετο,
1287 4877 1376 4931 καὶ
1417 4877 1592 4941 οὕτως
1654 4879 1846 4953 ἐποίει,

201 4957 235 5024 ἡ
270 4953 394 5027 δίκη
453 4953 508 5012 δὲ
549 4964 665 5020 τοῖς
714 4963 1111 5035 πραττομένοις
1151 4964 1250 5020 οὐκ
1307 4966 1668 5043 ἐφησύχαςεν.
1712 4973 1851 5025 Ἰου-

204 5048 380 5105 στῖνος
459 5047 562 5122 γὰρ
626 5049 654 5102 ὁ
702 5050 993 5124 Ῥωμαίων
1073 5048 1299 5123 εὐσεϐὴς
1383 5056 1658 5129 ϐασιλεὺς,
1708 5059 1851 5114 οὕτω

205 5130 359 5203 δόξαν
405 5133 575 5208 αὐτῷ,
625 5136 903 5212 εἶρηνικᾶς
956 5141 1392 5219 Ἀλαμουνδάρῳ
1435 5144 1668 5210 σπονδὰς
1716 5149 1852 5222 πρὸς

202 5222 329 5314 τοὺς
390 5223 701 5314 ὑποφόρους
741 5229 1030 5303 Ῥωμαίων
1091 5233 1441 5308 Σαρακηνοὺς
1494 5235 1673 5301 θέσθαι
1714 5259 1852 5314 παρ·

206 5311 321 5385 ῄνει
355 5332 373 5350 ο
405 5312 493 5367 καὶ
543 5314 571 5369 6
612 5321 777 5371 ταῦτα
817 5314 1129 5394 πρεσϐεύων
1180 5317 1501 5395 Ἀϐράμιος,
1550 5326 1688 5401 ἀνὴρ
1734 5311 1854 5382 θεο-

204 5401 376 5477 φιλής
442 5402 531 5457 καὶ
618 5402 1006 5484 πρεσϐύτερος,
1063 5409 1412 5483 ἐξεπέμπετο.
1473 5416 1727 5490 Παρῆσαν
1799 5414 1857 5472 δὲ

205 5490 296 5546 καὶ
345 5490 452 5545 ἀπὸ
501 5496 599 5548 τοῦ
629 5500 855 5570 Περσῶν
888 5497 1159 5572 βασιλέως
1199 5498 1310 5555 ἐκεῖ
1364 5499 1529 5557 ἄλλοι
1584 5505 1642 5559 τέ
1691 5526 1855 5575 τινες,

208 5578 299 5635 καὶ
346 5580 614 5644 Ἰσαάκιος
678 5582 1063 5662 πρεσϐύτερος,
1112 5589 1141 5642 6
1202 5588 1292 5643 καὶ
1350 5596 1467 5654 τοῖς
1525 5592 1576 5647 ἐν
1639 5592 1856 5670 Περσίδι

210 5673 556 5743 Χριπιανοῖς
607 5672 924 5750 ὁρθοδόξοις
980 5676 1075 5739 τὰς
1134 5677 1444 5754 ὁποκρίσεις
1504 5678 1858 5758 διακονούμε-

1951 3275 2107 3327 tente
2137 3274 2330 3327 autem
2363 3270 2622 3334 Hebraeo,
2648 3266 2920 3339 apparuit
2941 3266 3092 3336 ignis
3122 3264 3341 3335 aliquot
3371 3260 3603 3327 diebus,

1952 3368 2070 3416 tota
2120 3365 2285 3415 nocte
2334 3357 2588 3429 implens
2638 3372 2854 3420 aerem,
2887 3356 2985 3426 qui
3026 3356 3219 3426 ipsum
3269 3353 3514 3408 Dunaan
3546 3354 3602 3405 et

1952 3452 2080 3520 ejus
2114 3450 2365 3505 terrebat
2392 3446 2733 3513 exercitum,
2768 3449 2824 3499 et
2854 3443 3276 3513 conjiciendum
3309 3439 3600 3511 praebebat

1949 3540 2049 3595 Dei
2098 3539 2242 3594 iram
2293 3538 2573 3593 adversus
2624 3533 2857 3605 impios.
2900 3532 3118 3588 Deinde
3159 3531 3314 3602 ignis
3364 3545 3598 3600 quoque

1950 3631 2220 3700 desuper,
2253 3626 2349 3699 qui
2401 3630 2528 3682 erat
2576 3624 2828 3696 perlecta
2860 3621 3047 3693 plaga,
3082 3619 3229 3691 pluit
3264 3619 3321 3673 in
3354 3622 3593 3674 terram.

1952 3719 2061 3775 Sed
2094 3734 2165 3773 ne
2196 3718 2280 3773 sic
2310 3716 2549 3787 quidem
2583 3714 2769 3787 potuit
2799 3712 3010 3784 corrigi
3040 3711 3374 3774 sceleratus,
3408 3722 3597 3777 neque

1951 3808 2100 3866 ﬂecti
2131 3808 2239 3864 sub
2271 3805 2489 3878 potenti
2534 3821 2712 3859 manu
2754 3802 2875 3860 Dei.
2923 3804 3111 3858 Tanto
3163 3805 3356 3856 autem
3406 3798 3600 3853 furore

1952 3902 2077 3953 erat
2117 3912 2400 3953 accensus
2449 3895 2727 3950 adversus
2776 3890 3155 3957 Christianos,
3186 3896 3247 3944 ut
3295 3886 3470 3942 etiam
3524 3886 3595 3940 ad

1952 4002 2147 4058 regem
2178 3989 2489 4041 Persarum
2538 3982 2766 4039 miserit
2812 3981 3186 4052 legationem,
3217 3982 3275 4034 et
3314 3974 3598 4046 rogaverit

1952 4085 2013 4132 ut
2062 4076 2186 4147 ipse
2234 4090 2465 4145 quoque
2514 4073 2723 4129 faceret
2772 4071 3010 4140 similia,
3043 4074 3101 4125 et
3130 4083 3354 4133 omnes,
3387 4064 3486 4137 qui
3532 4064 3591 4120 in

1953 4182 2059 4221 sua
2114 4164 2335 4220 ditione
2391 4162 2856 4231 inveniebantur,
2915 4158 3273 4215 Christianos
3330 4155 3596 4228 perderet

1953 4254 2214 4310 funditus
2241 4270 2254 4307 :
2288 4252 2337 4309 si
2366 4250 2562 4318 vellet,
2595 4250 2886 4322 inquiens,
2916 4248 3096 4305 solem
3145 4247 3359 4303 habere
3399 4243 3596 4318 propi—

1952 4343 2125 4411 tium,
2157 4347 2214 4398 et
2243 4344 2372 4413 ejus
2429 4345 2676 4413 patrem,
2716 4340 2862 4395 sicut
2920 4338 3018 4395 ille
3076 4337 3410 4409 nugahatur
3466 4352 3597 4391 esse

1952 4432 2134 4489 Deum
2180 4431 2573 4487 Hebraeorum.
2608 4428 2856 4501 Scripsit
2896 4428 3068 4484 etiam
3119 4428 3192 4483 ad
3240 4425 3599 4481 Alamuuda-

1873 4555 1931 4623 D
1956 4539 2087 4579 rum
2138 4522 2347 4577 ducem
2395 4524 2869 4589 Sarracenorum,
2902 4518 2999 4591 qui
3047 4524 3214 4574 erant
3243 4518 3355 4573 sub
3387 4515 3579 4571 Persis

1957 4611 2307 4685 promittens
2336 4628 2398 4667 se
2428 4612 2478 4667 ei
2526 4611 2702 4667 etiam
2750 4610 3020 4667 daturum
3065 4608 3363 4680 pecunias,
3393 4608 3443 4662 si
3477 4622 3604 4660 mo-

1956 4705 2087 4758 veat
2117 4700 2579 4772 persecutionem
2610 4700 2887 4755 adversus
2916 4696 3302 4762 Christianos,
3334 4694 3429 4766 qui
3462 4696 3602 4749 sunt

1958 4792 2008 4848 ei
2040 4790 2312 4862 subjecti.
2347 4790 2455 4845 Sed
2516 4788 2611 4845 ille
2670 4788 2908 4861 quidem
2965 4790 3088 4842 erat
3145 4786 3291 4841 adeo
3350 4782 3602 4840 infestus

1959 4879 2326 4947 Christianis,
2358 4883 2414 4933 et
2445 4878 2528 4934 sic
2576 4877 2853 4934 faciebat:
2883 4877 3110 4948 justitia
3157 4878 3350 4931 autem
3396 4889 3606 4942 nequa-

1960 4984 2133 5040 quam
2190 4967 2440 5023 cessavit
2480 4967 2720 5039 implere
2752 4982 2890 5023 suas
2922 4974 3114 5038 partes
3145 4965 3206 5019 in
3236 4964 3332 5033 iis,
3364 4979 3494 5034 quae
3522 4961 3609 5019 sic

1963 5057 2200 5114 ﬂebant.
2232 5058 2504 5115 Justinus
2555 5058 2710 5114 enim
2761 5056 3120 5131 (imperator)
3162 5073 3297 5113 cum
3330 5056 3417 5111 sic
3444 5054 3495 5110 ei
3527 5052 3611 5108 vi-

1964 5166 2097 5205 sum
2130 5155 2305 5217 esset,
2339 5150 2607 5207 hortatus
2638 5158 2722 5207 est
2751 5150 3240 5217 Alamundarum,
3292 5151 3357 5204 ut
3399 5148 3612 5203 foedera

1964 5238 2123 5311 pacis
2166 5240 2343 5296 iniret
2390 5257 2523 5297 cum
2558 5240 2896 5297 Sarracenis
2926 5240 3326 5296 Romanorum
3356 5238 3610 5310 vectiga-

1963 5326 2148 5383 libus:
2181 5332 2236 5385 et
2265 5328 2480 5386 missus
2510 5334 2599 5385 est
2629 5329 2984 5398 Abraamius,
3007 5330 3095 5386 vir
3123 5329 3253 5401 pius
3284 5336 3338 5385 et
3370 5327 3607 5401 presby-

1966 5421 2072 5483 ter,
2106 5418 2201 5489 qui
2235 5418 2340 5475 hac
2381 5420 2721 5490 fungeretur
2768 5419 3078 5491 legatione.
3113 5420 3363 5475 Aderant
3410 5423 3607 5474 autem

1965 5506 2086 5563 illic
2130 5524 2363 5580 quoque
2392 5526 2426 5565 a
2457 5524 2589 5582 rege
2641 5509 2973 5577 Persarum,
3019 5525 3153 5566 cum
3200 5508 3299 5565 alii
3348 5508 3609 5581 quidam,

1967 5600 2093 5653 tum
2126 5596 2384 5655 Isaacius
2415 5616 2645 5672 quoque
2676 5601 2998 5674 presbyter.
3032 5601 3127 5674 qui
3159 5608 3397 5673 praerat
3444 5599 3610 5655 Chri-

1968 5686 2178 5744 stianis
2223 5688 2580 5759 orthodoxis,
2634 5690 2737 5762 qui
2783 5691 2842 5748 in
2895 5692 3129 5750 Perside
3175 5699 3357 5751 erant.
3403 5690 3615 5748 Aderat
