4048 6202
447 316 602 377 1279

1802 322 2078 382 MENSIS
2123 322 2503 383 OCTOBER.

3692 323 3844 383 1280

444 480 640 531 autem
672 476 819 533 Silas
843 494 1073 550 quoque
1094 481 1401 552 episcopus
1423 482 1925 549 Nestorianorum,
1950 498 2083 537 cum

449 565 794 587 _--2L--_.I__..
852 568 975 587 ΑΙΣΞ-
1038 569 1239 587 .__,,a!-,
1294 585 1303 587 Α
1371 571 1421 587 οι
1692 577 1738 587 η
1777 572 1790 587 I
1963 570 1986 587 ρ

2203 499 2285 539 νος
2322 498 2333 511 ’
2366 480 2431 548 ἦν
2463 476 2517 534 δὲ
2566 480 2652 535 καὶ
2713 481 2741 536 ὁ
2798 480 2970 542 Σίλας
2999 481 3026 535 ὁ
3050 484 3162 535 τῶν
3220 485 3595 553 Νεστοριανῶν
3628 480 3845 535 ἐπίστιος

445 565 799 635 quibusdam
848 568 1002 635 aliis,
1037 569 1248 640 partim
1285 571 1520 641 quidem
1557 588 1659 643 pro
1691 572 1927 627 Hebraeo
1960 570 2092 625 fun-

442 668 582 723 gens
638 653 949 726 legatione,
1008 656 1222 725 partim
1300 674 1433 715 vero
1513 660 1712 715 volens
1780 659 2087 715 convenire

443 742 817 812 orthodoxos,
851 751 906 801 et
938 746 1233 817 disputare
1264 748 1541 807 adversus
1592 756 1749 805 recta
1792 750 2084 821 dogmata.

514 924 703 981 XXVI.
738 928 879 983 Cum
904 937 1097 984 autem
1121 945 1313 986 coram
1339 929 1512 987 dictis
1534 931 1740 1003 legatis
1763 932 2092 1003 legerentur

444 1012 648 1070 litterae
704 1016 859 1089 regis
916 1018 1369 1087 Homeritarum,
1402 1025 1459 1077 et
1506 1022 1655 1078 Silas
1713 1021 2091 1077 assentiretur

447 1118 623 1173 scopo
670 1104 798 1176 ejus
846 1107 947 1177 qui
994 1108 1321 1179 scripserat,
1352 1113 1407 1165 et
1431 1110 1651 1165 diceret
1678 1111 1972 1166 Christum
2003 1126 2093 1167 so-

448 1190 573 1247 lum
604 1208 732 1249 esse
762 1194 1083 1265 hominem,
1107 1204 1164 1253 et
1187 1214 1300 1254 non
1332 1199 1515 1255 Deum
1540 1216 1553 1255 :
1579 1200 1879 1264 Quomodo
1908 1200 2089 1265 enim,

447 1280 745 1353 inquiens,
780 1285 881 1355 qui
916 1286 1176 1341 nascitur
1215 1304 1283 1343 ex
1331 1287 1597 1355 muliere,
1628 1294 1685 1345 et
1724 1289 2094 1360 componitur

448 1386 517 1427 ex
572 1387 661 1438 eo,
708 1372 806 1445 qui
860 1379 949 1430 est
1004 1376 1063 1432 in
1122 1376 1269 1448 ipsa,
1314 1378 1620 1451 sanguine,
1665 1385 1722 1435 et
1780 1379 2094 1436 involvitur

451 1461 669 1530 fasciis,
702 1468 760 1517 et
807 1464 1087 1534 paulatim
1138 1468 1347 1539 accipit
1392 1470 1843 1539 incrementum,
1882 1468 2092 1524 deinde

451 1550 624 1605 etiam
658 1550 900 1617 laborat,
925 1560 980 1610 et
1009 1555 1152 1626 sitit,
1177 1562 1232 1611 et
1263 1558 1498 1614 tandem
1532 1559 1587 1613 in
1620 1573 1851 1615 crucem
1883 1558 2090 1629 agitur,

452 1642 510 1692 et
540 1640 805 1710 moritur,
840 1641 993 1699 Deus
1044 1661 1172 1700 esse
1223 1646 1459 1717 dicitur,
1488 1652 1550 1702 ut
1602 1647 1746 1703 citra
1805 1648 2093 1704 rationem

450 1727 762 1786 Abraamio
792 1732 1018 1789 videtur
1034 1739 1090 1789 et
1113 1734 1376 1793 Isaacio?
1398 1739 1522 1792 Haec
1552 1754 1686 1793 cum
1719 1738 1803 1793 sic
1833 1738 2095 1793 diceren-

2193 589 2295 627 πος
2374 571 2507 642 μετὰ
2568 570 2655 624 καὶ
2724 567 2913 625 ἄλλων
2987 575 3175 636 τινῶν,
3227 572 3339 642 ἅμα
3409 570 3500 642 μὶν
3580 572 3685 637 τὴν
3752 574 3845 624 τοῦ

2191 653 2443 731 Ἐϐραίου
2501 653 2788 732 πρεσϐείαν
2848 658 3215 733 ἀποπληρῶν,
3278 659 3390 731 ἅμα
3450 656 3506 713 δὲ
3570 660 3660 713 καὶ
3732 665 3845 718 τοῖς

2195 744 2513 817 ὁρθοδόξοις
2562 747 2636 809 εἰς
2684 746 2886 824 λόγους
2934 747 3109 804 ἐλθεῖν
3172 746 3535 821 βουλόμενος,
3567 749 3657 802 καὶ
3710 750 3847 822 πρὸς

2197 832 2483 909 δογμάτων
2515 833 2794 911 ἀκρίϐειαν
2825 836 3284 910 διαμιλληθῆναι.

2271 926 2379 987 Κςῖ
2430 928 2554 983 Τῶν
2608 923 2665 981 δὲ
2727 927 3065 1001 γραμμάτων
3135 930 3232 981 τοῦ
3297 928 3612 1000 Ὁμηριτῶν
3686 928 3847 1001 βασι-

2198 1011 2357 1082 λέως,
2388 1012 2471 1068 ἔπ’
2519 1011 2674 1088 ὄψεσι
2726 1020 2833 1070 τῶν
2888 1015 3193 1087 εἰρημένων
3243 1010 3522 1089 πρέσϐεων
3582 1015 3847 1091 ὑπαναγιο

2198 1104 2576 1175 νωσκομένων,
2631 1104 2719 1158 καὶ
2764 1108 2863 1159 τοῦ
2916 1102 3055 1158 Σίλα
3104 1101 3557 1167 συνευδοκοῦντος
3612 1108 3694 1175 τῷ
3752 1108 3849 1158 to?»

2198 1191 2537 1266 γεγραφότος
2602 1198 2812 1266 σκοπῷ,
2862 1192 3023 1267 ψιλόν
3081 1214 3142 1248 τε
3216 1190 3501 1268 ἄνθρωπον
3560 1192 3696 1246 εἶναι
3758 1190 3849 1246 λέ-

2200 1302 2392 1358 γοντος
2438 1283 2527 1337 καὶ
2570 1282 2632 1337 οὐ
2673 1285 2802 1339 Θεὸν
2850 1304 2942 1339 τον
2998 1284 3256 1358 Χριστὸν,
3315 1284 3344 1337 ’ὁ
3393 1284 3480 1337 καὶ
3552 1283 3849 1357 πεπληρω-

2200 1374 2468 1449 φορῆσθαι
2534 1374 2623 1427 καὶ
2658 1373 2839 1427 αὐτὸν
2895 1372 3121 1446 βασιλέα
3168 1371 3478 1445 Ῥωμαίων.
3548 1371 3675 1433 Πῶς
3747 1374 3847 1449 γάρ

2201 1461 2261 1514 ἄν
2290 1482 2393 1531 τις,
2426 1462 2580 1539 φησὶ,
2611 1463 2931 1535 τικτόμενος
2982 1461 3041 1517 ἐκ
3088 1464 3339 1539 γυναικός
3373 1482 3388 1496 ⁶
3442 1461 3534 1516 καὶ
3601 1466 3683 1534 τῷ
3714 1460 3849 1516 ἐκεῖ-

2203 1562 2289 1614 θεν
2383 1550 2573 1624 α’ίματι
2654 1554 3094 1632 συμφυρόμενος,
3153 1551 3527 1625 εἷ’λισσόμενός
3597 1572 3652 1606 τε
3736 1557 3852 1612 τοῖς

2203 1640 2552 1717 σπαργάνοις,
2621 1640 2709 1696 καί
2777 1640 3078 1717 δεχόμενος
3135 1643 3270 1697 κατὰ
3344 1642 3537 1715 μικρὸν
3607 1637 3851 1711 αὔξησιν,

2205 1731 2316 1784 εἶτα
2376 1730 2464 1785 καὶ
2531 1736 2739 1786 κοπιῶν
2806 1731 2896 1786 κ.άί
2966 1736 3189 1802 πεινῶν,
3249 1730 3340 1785 καὶ
3413 1732 3475 1785 τὸ
3542 1729 3854 1785 τελευταῖον

454 1821 572 1886 tur,
605 1819 645 1873 ii
676 1819 781 1875 viri
833 1823 911 1892 pii
962 1841 1077 1880 non
1128 1826 1374 1882 ferentes
1426 1828 1649 1884 diutius
1697 1828 1879 1883 Deum
1939 1827 2091 1883 afﬁci

456 1906 791 1927 _-_,__“_.,,
944 1911 979 1927 ,ν
1032 1912 1041 1923 .
1202 1914 1212 1924 .
1950 1914 1962 1927 .
2073 1917 2083 1927 .

2205 1819 2606 1893 σταυροῦμενός
2662 1842 2720 1876 τε
2767 1822 2859 1879 καὶ
2924 1820 3307 1891 ἀποθνήσκων,
3378 1820 3508 1881 Θεὸς
3567 1820 3704 1874 εἶναι
3764 1818 3853 1873 λέ-

2438 1910 2451 1927 Q
2622 1915 2642 1926 υ
2845 1909 2859 1927 ἢ
2927 1905 3027 1927 Ωιρ
3081 1908 3093 1927 Ι
3184 1911 3196 1927 1
3504 1910 3518 1927 \
3587 1910 3627 1927 9'
3714 1910 3736 1927 ,⁸

453 1906 822 1977 contumelia,
875 1911 1076 1967 scissis
1124 1914 1248 1969 suis
1304 1915 1584 1982 vestibus,
1634 1930 1733 1970 eos
1805 1914 2093 1970 vocabant

456 1993 782 2067 haereticos,
832 2004 889 2054 et
947 2017 1160 2072 magno
1218 2003 1412 2059 animo
1470 2020 1568 2061 eos
1611 2004 1980 2075 expellebant
2026 2004 2096 2059 ab

453 2084 698 2141 ecclesia
749 2088 1054 2161 catholica,
1104 2091 1435 2147 Nestorium
1494 2108 1695 2148 eorum
1755 2093 2097 2164 magistrum

2206 1930 2380 1983 γοιτο,
2423 1910 2497 1972 ὡς
2553 1915 2671 1972 τοῖς
2737 1909 2862 1982 περὶ
2927 1905 3227 1985 Ἀϐράμιόν
3288 1930 3347 1964 τε
3430 1910 3520 1963 καὶ
3587 1910 3851 1965 Ἰσαάκιον

2209 1996 2429 2073 ἀλόγως
2473 1995 2658 2068 δοκεῖς
2691 1999 2910 2056 Τούτων
2959 2000 3102 2054 οὕτω
3143 1997 3452 2073 λεγομένων
3496 1998 3546 2052 οἱ
3578 1996 3853 2074 θεοφιλεῖς

2209 2088 2359 2143 οὗτοι
2428 2090 2505 2161 μὴ
2576 2090 2852 2163 στέγοντες
2918 2087 3004 2142 ἐπὶ
3070 2086 3215 2143 πολὺ
3280 2082 3693 2161 καθυϐρίζεσθαι
3763 2088 3852 2140 τὸν

455 2174 825 2244 damnantes,
846 2182 911 2233 ut
931 2181 1030 2250 qui
1055 2178 1197 2235 tales
1220 2182 1568 2238 seminasset
1583 2182 1855 2238 zizanias.
1879 2182 2091 2238 Deinde

2208 2179 2359 2246 Θεὸν,
2420 2178 2516 2239 τάς
2573 2179 2775 2233 ἑαυτῶν
2835 2176 3062 2247 ἐσθῆτας
3140 2174 3581 2251 διαρῥηξάμενοι,
3642 2178 3853 2248 αἱρετι-

456 2263 631 2318 etiam
683 2266 868 2321 fusius
915 2270 1416 2339 persequebantur
1444 2287 1531 2339 ea,
1564 2288 1691 2342 quae
1732 2271 2091 2343 pertinebant

2206 2268 2334 2328 κούς
2382 2288 2440 2321 τε
2469 2265 2776 2321 ἀπεκάλουν
2828 2264 3043 2337 αὑτοὺς,
3073 2266 3163 2321 καὶ
3201 2273 3299 2335 τῆς
3356 2265 3655 2335 καθολικῆς
3698 2264 3854 2320 ἐκϐό-

455 2352 525 2405 ad
559 2352 811 2409 divinam
845 2358 1038 2412 carnis
1069 2364 1348 2431 susceptae
1387 2360 1920 2433 dispensationem:
1955 2363 2094 2434 ipsiv

455 2458 567 2513 que
615 2444 936 2502 orthodoxa
984 2447 1315 2504 divinorum
1348 2450 1740 2521 apostolorum
1771 2455 1828 2507 et
1861 2452 2093 2507 Patrum

451 2538 763 2607 sequentes
793 2537 1089 2609 dogmata,
1121 2539 1303 2596 Deum
1356 2541 1673 2612 perfectum
1710 2548 1767 2597 et
1797 2542 2093 2598 hominem

448 2623 774 2694 perfectum
800 2627 1233 2683 confitebantur
1254 2629 1568 2699 Christum,
1590 2630 1647 2685 in
1670 2648 1781 2686 una
1802 2632 2092 2702 hypostaei

449 2711 597 2767 duas
664 2722 900 2771 naturas
970 2717 1392 2790 conjungentes
1454 2720 1605 2775 circa
1672 2721 2090 2776 confusionem.

448 2801 635 2871 Atque
686 2818 813 2858 cum
860 2804 942 2860 sic
990 2806 1227 2877 quidem
1287 2808 1440 2864 Silas
1469 2826 1502 2863 a
1531 2824 1707 2881 scopo
1762 2810 2087 2876 excidisset,

449 2887 725 2946 inanibus
755 2892 845 2961 (ut
869 2892 1105 2961 dicitur)
1136 2896 1410 2951 manibus
1460 2902 1549 2951 est
1586 2913 1871 2965 reversus,
1904 2902 1961 2953 et
2007 2899 2091 2953 sic

449 2994 598 3033 vana
628 2996 731 3051 spe
757 2980 1033 3037 delusus:
1066 2984 1416 3040 Abraamius
1444 2990 1638 3040 autem
1686 2986 1811 3057 ipse
1860 3002 2091 3058 quoque

449 3066 660 3123 laedere
690 3067 833 3124 inito
865 3086 998 3125 cum
1028 3070 1438 3139 Alamundaro,
1471 3073 1840 3146 salutatoque
1872 3074 2090 3131 lsaacio

450 3154 510 3209 in
546 3156 841 3211 Persidem
876 3163 1217 3229 revertente,
1236 3160 1410 3215 rediit
1439 3164 1496 3215 et
1523 3161 1669 3232 ipse,
1691 3166 1866 3235 atque
1896 3163 2091 3220 omnia

2210 2378 2327 2429 μως
2400 2355 2770 2430 ἀπεκήρυττόν
2866 2354 3179 2425 ἐκκλησίας,
3256 2355 3454 2417 αὐτοὺς
3539 2357 3683 2428 ὁμοῦ
3766 2357 3854 2409 καὶ

2206 2444 2502 2519 Νεπόριον
2542 2445 2632 2499 τὸν
2662 2442 3012 2512 διδάσκαλον,
3043 2444 3136 2499 ἅτε
3188 2442 3255 2513 δὴ
3298 2444 3500 2516 σπορέα
3526 2448 3636 2497 τῶν
3670 2445 3853 2498 τοιού.

2202 2558 2309 2591 των
2357 2536 2746 2614 βλασφημιῶν.
2789 2536 2923 2592 Εἶτα
2960 2533 3051 2588 καὶ
3093 2532 3458 2612 δςεξήρχοντο
3504 2535 3572 2587 τὰ
3623 2540 3726 2601 τῆς
3778 2531 3853 2586 οἷ-

2203 2627 2466 2699 κονομίας
2515 2624 2877 2701 πλατύτερον,
2918 2624 3005 2679 καὶ
3046 2625 3123 2686 ὡς
3164 2629 3282 2685 τοῖς
3331 2620 3567 2699 δόγμασι
3607 2628 3728 2683 τοῖς
3772 2623 3856 2696 ὁρ·

2204 2712 2448 2785 Θοδόξοις
2485 2720 2594 2771 τῶν
2643 2714 2799 2778 θείων
2868 2711 3191 2768 ἀποστόλων
3259 2711 3350 2767 καὶ
3407 2710 3665 2783 Ματέρων
3732 2710 3854 2764 ἀκο-

2204 2804 2542 2874 λουθοῦντες,
2576 2804 2703 2859 Θεὸν
2748 2804 2955 2859 τέλειον
3004 2800 3286 2878 ἄνθρωπον
3325 2800 3657 2875 ὡμολόγουν
3713 2800 3847 2872 X9:-

2204 2896 2347 2962 στὸν,
2379 2892 2431 2947 έν
2495 2894 2781 2949 ὑποστάσει
2836 2898 2933 2967 μιᾷ
2986 2892 3080 2953 τὰς
3134 2889 3229 2946 δυο
3280 2892 3463 2969 φύσεις
3525 2887 3848 2963 ἀσυγχότως

2204 2984 2580 3045 συνάπτοντες.
2613 2982 2771 3041 Οὕτω
2823 2983 2916 3055 μὲν
2985 2981 3083 3036 οὖν
3141 2980 3544 3056 ἀστοχήσαντες
3601 2980 3653 3034 οἱ
3722 2978 3848 3053 περὶ

2204 3072 2373 3129 Σίλαν
2403 3078 2604 3141 κεναῖς,
2645 3072 2674 3126 ’ὀ
2716 3071 2954 3146 λέγεται,
2987 3070 3174 3146 χερσὶν
3206 3068 3523 3144 ἐπανῄεσαν,
3547 3089 3635 3123 και
3671 3066 3846 3127 οὕτως

2201 3164 2389 3223 αὐτοῖς
2419 3164 2488 3217 τὰ
2516 3165 2623 3217 τῶν
2655 3158 2893 3216 ἐλπίδων
2928 3160 3261 3231 ἐματαιώθη.
3295 3160 3362 3215 οι
3394 3156 3449 3213 δὲ
3488 3157 3611 3228 περῖ
3645 3151 3849 3228 Ἀϐρά-

449 3248 720 3318 exposuit
759 3248 993 3305 Justino
1041 3227 1395 3323 imperatori,
1428 3258 1485 3308 et
1515 3227 1834 3325 praesertim
1885 3273 2010 3328 qua
2057 3274 2090 3311 a

2205 3272 2351 3325 μιον,
2390 3251 2481 3306 καὶ
2528 3249 2687 3305 αὐτοὶ
2743 3251 2880 3324 πρὸς
2928 3245 3370 3321 Ἀλαμοόνδαρον
3424 3242 3666 3305 σπονδὰς
3730 3241 3846 3297 Θὲν-

450 3352 585 3409 rege
640 3336 1067 3397 Homeritarum
1124 3341 1275 3398 facta
1321 3350 1374 3399 et
1421 3343 1643 3416 scripta
1699 3351 1839 3401 sunt
1887 3352 2093 3403 contra

450 3423 828 3483 Christianos.

517 3606 750 3662 XXVII.
771 3608 871 3664 Ille
902 3614 1097 3667 autem
1121 3610 1247 3667 sine
1270 3628 1431 3669 mora
1453 3614 1686 3686 scripsit
1707 3616 1777 3671 ad
1799 3615 2088 3671 Asterium

448 3694 809 3751 Alexandriae
854 3699 1215 3770 episcOpum,
1250 3705 1311 3756 ut
1338 3702 1606 3758 incitaret
1645 3720 1840 3774 regem
1873 3704 2091 3760 lEthio-

448 3798 589 3853 pum
647 3786 717 3840 ad
772 3788 1119 3843 movendum
1176 3806 1331 3846 arma
1401 3792 1676 3848 adversus
1744 3792 2090 3851 Homeritas.

450 3873 660 3930 Eadem
718 3892 951 3948 quoque
996 3877 1105 3947 ipsi
1154 3880 1277 3950 regi
1333 3880 1665 3953 Ethiopum
1718 3898 1820 3953 per
1867 3880 2090 3938 litteras

450 3963 759 4035 nuntiavit,
774 3980 1022 4036 eumque
1040 3966 1254 4034 docuit,
1275 3970 1768 4038 quemadmodum
1787 3969 2093 4027 delevisset

448 4049 723 4108 Haebreus
774 4069 978 4109 omnes
1007 4054 1386 4125 Christianos,
1419 4058 1519 4128 qui
1550 4064 1715 4114 erant
1744 4059 1801 4114 in
1834 4076 1942 4115 sua
1991 4076 2093 4130 po-

450 4144 696 4196 testate:
729 4146 786 4197 et
832 4145 1321 4213 quemadmodum
1371 4145 1598 4216 Nagran
1650 4147 1943 4204 civitatem
1988 4164 2091 4220 po-

449 4228 587 4298 pulo
674 4231 1208 4303 frequentissimam
1300 4233 1531 4292 fecisset
1621 4234 2089 4303 inhabitabilem,

448 4318 724 4374 omnibus
755 4320 1073 4391 puberibus
1101 4323 1313 4394 partim
1347 4324 1583 4396 quidem
1605 4324 1941 4395 interfectis,
1967 4343 2091 4398 par-

448 4405 555 4461 tim
588 4411 782 4464 antem
816 4409 1063 4466 redactis
1094 4412 1153 4467 in
1185 4412 1559 4470 servitutem:
1584 4414 1858 4487 quodque
1896 4431 2090 4488 regem

447 4495 623 4552 etiam
673 4496 979 4554 Persarum
1011 4503 1068 4555 et
1096 4500 1553 4557 Alamundarum
1602 4502 1752 4559 idem
1796 4504 1893 4559 ille
1937 4505 2090 4560 inci-

2199 3362 2287 3402 τες
2354 3341 2652 3415 εἰρηνικὰς,
2717 3338 3070 3415 ὑπέστρεφον,
3135 3337 3226 3391 καὶ
3301 3337 3477 3391 πάντα
3552 3331 3843 3408 διεσάφουν

2202 3430 2479 3503 Ἰουστίνῳ
2505 3434 2585 3502 τῷ
2620 3430 2854 3503 βασιλεῖ,
2888 3429 2986 3482 ὅσα
3012 3447 3071 3482 τε
3114 3425 3359 3501 ἐπράχθη
3409 3430 3488 3497 τῷ
3529 3426 3639 3478 τῶν
3672 3424 3848 3494 Ὁμη-

2201 3524 2365 3594 ριτῶν
2402 3518 2637 3594 βασιλεῖ,
2668 3519 2758 3573 καὶ
2790 3516 2889 3571 ὅσα
2934 3515 3072 3572 κατά
3108 3517 3445 3588 Χριστιανῶν
3504 3511 3746 3587 ἐγράφη.

2274 3609 2394 3665 ΚΖ¹.
2427 3610 2488 3665 Ὀ
2548 3605 2625 3674 δὲ,
2663 3608 2737 3679 μή
2794 3606 3107 3679 ἀναμείνας,
3150 3602 3409 3677 Ἀστερίῳ
3454 3607 3533 3674 τῷ
3593 3601 3843 3669 Ἀλεξαν-

2202 3696 2380 3771 δρείας
2414 3695 2730 3753 ἐπέστελλεν
2800 3694 3078 3767 ἐπισκόπῳ
3133 3694 3485 3767 παρορμῆσαι
3537 3691 3629 3744 τὸν
3684 3691 3847 3763 βασι-

2203 3788 2301 3842 Λέα
2350 3792 2458 3842 τῶν
2514 3786 2817 3856 Αἰθιόπων,
2859 3784 3004 3840 ὅπλα
3058 3783 3196 3838 κατὰ
3249 3786 3353 3835 τῶν
3399 3782 3717 3853 Ὁμηριτῶν
3756 3798 3839 3830 κιο

2200 3884 2380 3947 νῆσαι,
2412 3877 2480 3931 τὰ
2521 3876 2660 3931 αὐτᾶ
2704 3874 2794 3928 καὶ
2842 3874 3004 3934 αὐτὸς
3052 3876 3131 3944 τῷ
3160 3876 3267 3927 τῶν
3299 3869 3578 3933 Αἰθιόπων
3633 3867 3847 3941 βασιλεῖ

2198 3963 2506 4043 γεγραφὼς,
2545 3963 2636 4017 καὶ
2664 3959 2982 4031 ἀναδιδάξας
3011 3958 3159 4022 ὅπως
3191 3979 3249 4014 τε
3277 3956 3405 4019 τοὺς
3448 3957 3536 4011 ὑπ’
3566 3954 3724 4009 αὐτὸν
3754 3972 3840 4007 τε·

2201 4042 2432 4115 λοῦντας
2462 4051 2750 4120 Αἰθίοπας,
2782 4047 3133 4121 Χριστιανοὺς
3182 4045 3414 4107 ἅπαντας
3464 4045 3757 4117 ἀφανίσειεν
3801 4042 3838 4093 δ’

2200 4138 2477 4217 Ἑϐραῖος,
2508 4141 2597 4195 καὶ
2642 4138 2791 4203 ὅπως
2843 4139 3048 4213 Νεγράν
3093 4138 3192 4207 τὴν
3230 4135 3391 4191 πόλιν
3435 4128 3626 4200 εὐσεϐῆ
3671 4128 3837 4185 οὖσαν

2198 4231 2286 4286 καὶ
2345 4230 2777 4305 πολυάνθρωπον
2841 4228 3096 4299 ἀνίκητον
3153 4226 3537 4301 ἀπεργάσαιτο,
3580 4221 3670 4281 οὖς

2199 4316 2409 4391 ἡϐηδὸν
2443 4317 2908 4397 κάτασφάξας,οὖς
2932 4316 2989 4372 δὶ
3008 4317 3097 4371 καὶ
3120 4308 3665 4385 δουλωσάμενος,καὶ
3687 4308 3839 4369 ὅπως

2198 4410 2265 4468 τά
2304 4411 2471 4485 ὅμοια
2500 4409 2589 4465 καὶ
2628 4411 2720 4464 τὸν
2743 4413 2852 4464 τῶν
2884 4412 3101 4482 Περσῶν
3137 4404 3366 4480 βασιλέα
3394 4398 3841 4475 Ἀλαμοόνδαρον

2201 4501 2490 4576 παροξῦναι
2541 4499 2889 4569 ποιήσασθαι.
2951 4495 3213 4571 Προσθεὶς
3272 4494 3369 4564 ὡς,
3420 4491 3466 4546 εἷ
3525 4492 3599 4564 μὴ
3662 4486 3846 4543 διανα-

446 4588 651 4655 tasset,
705 4594 769 4642 ut
824 4587 1075 4644 facerent
1132 4589 1371 4645 similia.
1427 4591 1788 4647 Postremum
1854 4594 2088 4663 adjecit,

2203 4592 2359 4660 σταίη
2401 4590 2536 4663 πρὸς
2580 4586 2804 4661 ἄμυναν,
2854 4585 2923 4641 δι’
2976 4586 3141 4660 ὀργῆς
3216 4584 3310 4657 μὲν
3364 4581 3510 4653 αὐτῷ
3565 4579 3659 4634 τὸν
3718 4579 3851 4632 Θεὸν

447 4674 589 4745 fore,
624 4675 737 4731 nisi
787 4678 910 4749 ipse
959 4687 1295 4750 exsurgeret
1323 4680 1393 4735 ad
1440 4679 1747 4747 ultionem,
1781 4686 1847 4737 ut
1879 4684 2031 4738 Deus
2060 4699 2091 4739 e

448 4763 693 4836 vestigio
723 4766 774 4821 ei
808 4766 1170 4823 irasceretur.
1202 4768 1274 4823 Et
1321 4768 1445 4826 haec
1494 4770 1728 4841 quidem
1776 4771 2094 4842 imperator

447 4854 738 4910 Justinus.
801 4858 926 4927 Ipse
982 4872 1216 4928 quoque
1271 4860 1599 4930 patriarcha
1663 4859 2091 4917 Alexandrinus

447 4948 829 5015 posteaquam
880 4962 1013 5000 cum
1060 4947 1363 5003 monachis
1412 4949 1771 5017 orthodoxis,
1796 4951 1896 5022 qui
1926 4954 2093 5007 erant

446 5034 504 5089 in
554 5033 736 5089 Nitria
765 5042 818 5089 et
848 5034 905 5089 in
948 5034 1135 5103 Scete,
1169 5036 1386 5093 multas
1437 5038 1552 5094 Deo
1604 5039 1751 5094 fudit
1802 5040 2093 5112 supplice-

447 5123 658 5192 tiones,
692 5124 812 5195 regi
840 5123 928 5179 illi
958 5140 1023 5180 ea
1055 5125 1423 5197 signiﬁcavit,
1457 5144 1585 5198 qum
1623 5129 1717 5197 pio
1746 5128 2093 5185 videbantur

445 5213 686 5269 Iustino.
744 5213 868 5269 Non
921 5213 1179 5269 latebant
1215 5219 1411 5271 autem
1470 5232 1574 5271 nec
1631 5217 1793 5288 prius
1852 5218 2088 5290 quidem

446 5301 777 5374 )Ethiopum
828 5319 1019 5375 regem
1052 5318 1139 5370 ea,
1173 5319 1297 5374 quae
1345 5305 1496 5359 facta
1536 5306 1784 5376 fuerant,
1817 5308 1919 5363 sed
1949 5311 2090 5362 tem-

445 5406 583 5461 pore
628 5392 765 5447 anni
811 5392 1155 5464 prohibente
1202 5394 1345 5464 (erat
1372 5392 1531 5449 enim
1565 5396 1775 5469 hiems)
1815 5396 1900 5451 vel
1940 5396 2087 5451 invi-

443 5482 540 5534 tus
573 5477 810 5549 quievit.
836 5484 1035 5553 Itaque
1066 5498 1200 5538 cum
1230 5482 1482 5539 validum
1514 5484 1847 5557 collegisset
1873 5485 2088 5541 exerci-

445 5572 571 5623 tum
626 5571 738 5624 tam
801 5584 869 5624 ex
925 5570 1071 5640 suis,
1132 5588 1306 5643 quam
1364 5587 1431 5629 ex
1487 5573 1717 5631 auxiliis
1778 5590 1960 5647 usque
2017 5576 2087 5631 ad

446 5662 681 5716 centum
738 5661 795 5714 et
846 5658 1049 5731 viginti
1107 5660 1314 5733 millia,
1372 5677 1548 5721 naves
1605 5669 1799 5723 autem
1859 5666 2087 5725 Indicas

2199 4675 2408 4734 ἔσεσθαι
2447 4680 2592 4753 παρὰ
2644 4674 2815 4738 πόδας
2846 4694 2860 4707 ⁸
2912 4676 2980 4731 τά
3018 4672 3075 4729 δὲ
3121 4672 3426 4746 Ῥωμαϊκὰ,
3476 4669 3633 4753 φησὶ,
3683 4687 3845 4742 στρα-

2200 4767 2444 4841 τεύματα
2496 4768 2587 4822 καὶ
2642 4766 2904 4841 ἡμέτερα,
2946 4762 3035 4819 διά
3070 4784 3130 4818 τε
3179 4764 3394 4819 Κοπτοῦ
3454 4752 3843 4831 Καιόερνίκης,

2200 4858 2289 4912 κάὶ
2347 4858 2637 4929 βλεμμίων
2680 4860 2787 4911 τῶν
2833 4850 3108 4927 νομάδων,
3146 4853 3229 4929 ἔφ’
3265 4851 3311 4922 ᾧ
3344 4847 3659 4921 ἀμυνεῖσθαι
3717 4845 3847 4904 τοὺς

2199 4942 2411 5010 ἀσεϐεῖς
2474 4946 2882 5019 ἐκπεμπόμενα,
2954 4942 3153 5018 βλάψει
3182 4948 3191 5011 ζ
3219 4940 3312 5013 μὶν
3368 4938 3421 4992 έν
3477 4941 3548 5011 τῇ
3615 4931 3843 5007 παρόδῳ

2198 5038 2297 5105 τήν
2396 5035 2681 5111 ὑμετέραν,
2739 5034 2832 5088 τὸν
2920 5029 2977 5087 δὶ
3024 5029 3330 5104 Ὀμηρίτην
3414 5026 3649 5104 ἀφανιεῖ.
3738 5022 3843 5111 Καὶ

2196 5130 2363 5182 ταῦτα
2405 5108 2498 5199 μὲν
2631 5121 2885 5199 βασιλεὺς
2940 5122 3230 5180 Ἰουστῖνος
3262 5138 3275 5151 ο
3318 5115 3419 5171 οὐκ
3475 5112 3729 5169 έλάνθανε
3789 5108 3844 5165 δὲ

2198 5213 2325 5271 οὐδὶ
2355 5213 2617 5290 πρότερον
2676 5212 2744 5269 τὰ
2770 5212 3053 5287 γινόμενα,
3081 5210 3173 5265 τὸν
3216 5204 3443 5271 Βασιλέα
3498 5208 3603 5260 τῶν
3652 5200 3841 5265 Αἰθιό-

2196 5328 2337 5377 πων,
2383 5303 2531 5361 ἀλλὰ
2574 5311 2675 5373 τῆς
2734 5300 2881 5378 ὥρας
2954 5300 3247 5377 είργούσης
3314 5296 3472 5350 αὑτὸν
3542 5294 3844 5367 (χειμῶνος

2194 5398 2297 5472 γὰρ
2365 5393 2647 5466 ἐτελεῖτο),
2705 5392 2796 5446 καὶ
2852 5389 2995 5446 ἄκων
3037 5388 3333 5467 ἡσύχαζεν.
3384 5386 3445 5441 Ὁ
3507 5382 3692 5472 μέντοι
3744 5401 3844 5435 πα-

2192 5470 2467 5563 τριάρχης
2522 5478 2925 5556 Ἀλεξανδρείας
2999 5478 3090 5533 σὺν
3161 5482 3277 5538 τοῖς
3352 5475 3404 5529 ἑν
3469 5470 3682 5563 Νητρίᾳ
3748 5490 3841 5563 κα-

2450 5570 2773 5647 μννάζουσιν
2832 5566 3165 5643 ὀρθοδόξοις,
3206 5563 3480 5636 πάννυχον
3535 5560 3673 5631 πρὸς
3713 5558 3845 5613 Θεὸν

2196 5664 2420 5738 θέμενος
2480 5662 2707 5719 ἱκετείαν
2757 5658 2921 5725 ἵωθεν
2985 5656 3189 5729 ἐδήλου
3236 5660 3316 5727 τῷ
3376 5649 3590 5729 βασιλεῖ
3646 5650 3711 5703 τὰ
3760 5652 3839 5718 τῷ
