4012 6220
120 324 274 385 1281

112 477 324 536 εὐσεϐεῖ
408 477 672 534 δοκοῦντα

113 589 304 630 σκευος
381 568 495 636 ἧν⁴
550 563 713 639 ἔτυχε
794 564 895 641 γὰρ
990 563 1382 638 συλλεξάμενες
1463 561 1767 637 ἀξιόμαχον

112 660 365 736 στρατιὰν
440 655 500 711 ἐκ
554 675 613 710 τε
662 653 865 715 οἰκείας
929 654 1017 708 καὶ
1078 651 1435 728 συμμαχίδος
1495 652 1628 727 ἄχρι
1657 656 1767 705 τῶν

112 746 439 805 δυοκαίδεκα
481 741 781 818 μυριάδων.
835 746 932 799 Ἦν
981 740 1036 797 δὲ
1079 742 1169 797 καὶ
1221 740 1392 797 πλοῖα
1449 762 1772 797 κατεσκευα-

112 843 227 900 κῶς
277 831 659 908 ἐϐδομήκοντα
718 833 844 906 παρ’
870 830 1016 903 αὐτῴ
1070 835 1152 904 τῷ
1204 835 1490 907 χειμῶνι·
1527 831 1588 885 οὐ
1659 832 1770 906 μήν

114 926 264 984 ἄλλα
309 926 399 980 καὶ
443 923 503 979 ἐκ
540 926 645 977 τῶν
685 920 942 994 ἐμπόρων
994 926 1213 995 Περσῶν
1242 942 1300 976 τε
1328 920 1417 975 καὶ
1468 919 1772 988 Αἰθιόπων,

115 1015 384 1092 ἐμπορίας
454 1015 615 1088 χάριν
683 1011 856 1066 ἐκεῖσε
903 1012 1231 1085 κατάραντα,
1283 1010 1405 1085 ηερί
1476 1031 1583 1064 που
1650 1010 1774 1081 ἐξή-

113 1125 279 1160 κοντα
347 1100 717 1173 συνελέξαντο.
767 1101 907 1156 ’Όσα
974 1104 1107 1174 γοῦν
1183 1099 1532 1170 πεπονηκότα
1588 1099 1655 1168 ἦν
1721 1098 1771 1168 ἐξ

117 1192 299 1246 αὐτῶν
369 1186 887 1259 ἐπισκευασάμενος,
945 1186 1036 1240 καὶ
1123 1186 1297 1241 πάντα
1379 1184 1601 1259 θέμενος
1678 1187 1777 1241 εὐς

115 1286 312 1355 τρεπῆ,
346 1276 462 1351 ἅμα
518 1274 633 1349 ἔαρι
701 1278 802 1345 τήν
863 1277 1115 1348 στρατιάν
1170 1270 1452 1349 ἐμϐαλὼν,
1513 1275 1659 1331 ὅπλα
1715 1296 1775 1346 τε

116 1368 208 1424 καὶ
267 1366 476 1429 ’ίππους
555 1366 647 1420 καὶ
714 1367 813 1435 τήν
862 1362 1039 1434 ἄλλην
1091 1366 1459 1437 παρασκευὴν,
1518 1363 1774 1439 ἠπείγετο

121 1456 387 1531 συμμίξαι
446 1461 567 1517 τοῖς
622 1453 937 1526 πολεμίοις.
971 1453 1070 1507 Καὶ
1129 1451 1197 1507 δι’
1238 1454 1472 1529 ἠπείρου
1537 1454 1632 1527 μὲν
1701 1454 1774 1514 ὧς

118 1547 179 1602 ἐκ
228 1546 389 1601 νότου
440 1552 542 1614 τῆς
582 1544 890 1614 Αἰθιόπων,
922 1541 1187 1615 ἐξέπεμπέ
1258 1564 1410 1605 τινας
1475 1548 1580 1598 τῶν
1644 1550 1774 1617 Βαρ-

1348 314 1825 377 MARTYBIUM
1874 312 1934 373 S.
1986 317 2347 376 ARETH/E.

3379 325 3533 383 1282

758 474 1054 549 Ἰουστίνῳ,
1112 475 1236 531 οὐδὲ
1320 474 1482 538 αὐτὸς
1567 472 1773 549 ἀπαρά-

1893 478 2248 549 septuaginta
2268 478 2325 533 in
2351 478 2477 550 ipsa
2496 480 2689 535 hieme
2710 482 3153 554 construxisset,
3179 487 3321 556 quin
3352 490 3529 543 etiam

1879 582 1948 621 ex
1996 567 2457 638 negotiatoribus
2502 570 2694 625 Persis
2725 574 2780 625 et
2816 571 3203 645 Ethiopibus,
3257 576 3357 647 qui
3389 576 3529 633 illuc

1880 659 2159 711 venerant
2190 659 2526 711 mercatura
2575 657 2780 727 gratia,
2814 674 2988 714 naves
3019 660 3164 716 altas
3198 662 3529 735 collegisset

1881 744 1953 798 ad
1980 742 2283 814 sexaginta
2316 761 2327 798 :
2363 761 2615 816 cumque
2647 762 2767 813 eas,
2800 763 2928 817 quae
2958 764 3024 803 ex
3063 749 3208 819 ipsis
3258 751 3526 825 collapsas

1881 832 2132 900 fuerant,
2176 833 2566 889 instaurasset
2604 851 2670 889 ac
2718 835 3033 903 refecisset,
3065 842 3122 891 et
3178 841 3375 895 omnia
3422 858 3525 913 pa-

1884 925 2095 989 rasset,
2128 921 2279 977 veris
2311 921 2476 976 initio
2536 923 2717 977 movit
2773 925 3114 991 exercitum,
3146 928 3441 1000 armisque
3472 936 3528 985 et

1883 1010 2053 1081 equis
2082 1014 2138 1065 et
2175 1009 2289 1066 alio
2323 1015 2608 1081 apparatu
2659 1013 3029 1084 properabat,
3076 1023 3132 1070 ut
3167 1018 3360 1086 praelio
3391 1035 3527 1073 con-

1885 1099 2109 1171 ﬂigeret
2140 1115 2273 1154 cum
2305 1100 2579 1155 inimicis.
2614 1101 2683 1155 Et
2712 1117 2812 1170 per
2855 1103 3253 1159 continentem
3286 1107 3525 1177 quidem

1885 1189 1955 1244 ab
2011 1188 2272 1244 inferiori
2332 1193 2495 1259 parte
2564 1188 2871 1260 Ethiopiae
2949 1190 3104 1247 misit
3190 1195 3526 1265 quindecim

1886 1277 2069 1333 millia
2096 1277 2432 1350 [Ethiopum
2466 1279 2536 1333 ad
2586 1278 2961 1334 Homeritidis
2990 1285 3182 1351 partes
3221 1285 3408 1356 magis
3438 1302 3531 1341 oc-

1884 1366 2218 1434 cidentales,
2253 1372 2317 1422 ut
2344 1367 2472 1438 ipse
2501 1368 2739 1438 quidem
2774 1383 2878 1440 per
2906 1385 3065 1424 mare
3096 1385 3229 1425 cum
3263 1373 3528 1441 navibus,

1882 1455 1969 1510 illi
2003 1460 2197 1511 autem
2235 1472 2334 1529 per
2363 1460 2576 1513 terram
2608 1458 2918 1527 irruentes,
2953 1458 3149 1515 hostes
3180 1460 3238 1515 in
3273 1462 3528 1519 medium

1888 1554 2237 1601 coercerent.

124 1638 303 1712 βάρων
371 1635 653 1698 Αἰθιόπων
733 1631 960 1705 μυρίους
1034 1633 1125 1686 καί
1192 1632 1669 1707 πεντακισχιλίους
1746 1631 1880 1706 πρὸς
1934 1633 2001 1686 τά
2055 1636 2151 1687 τοῦ
2193 1632 2493 1706 Ὁμηρίτου
2560 1632 3019 1709 ἀνατολικώτερα,
3059 1634 3135 1699 ὡς
3200 1634 3258 1690 ἃν
3316 1635 3375 1691 ἐκ
3434 1641 3527 1711 μὲν

122 1724 336 1799 δυσμῶν
371 1724 530 1785 οὗτος
582 1720 671 1776 διά
727 1719 997 1795 θαλάσσῃς
1034 1720 1169 1793 μετᾶ
1216 1725 1323 1775 τῶν
1391 1719 1629 1791 πλοίων,
1662 1721 1851 1775 ἐκεῖνοι
1885 1718 1940 1775 δὲ
1972 1718 2061 1775 διά
2088 1728 2191 1795 γῆς
2221 1720 2272 1792 ἐξ
2305 1721 2585 1777 ἀνατολῶν
2645 1718 3001 1795 ἐμϐαλόντες,
3040 1723 3170 1787 τοὺς
3218 1724 3526 1800 πολεμίους

123 1814 201 1876 εἰς
243 1815 407 1886 μέσον
440 1812 716 1886 εῗρζωσιν,

200 1910 325 1961 KH'.
359 1904 427 1960 Οἱ
481 1902 577 1975 μὲν
626 1899 717 1955 οὖν
784 1895 1080 1974 Βάρϐαροι,
1144 1898 1383 1965 πολλαῖς
1432 1897 1664 1975 ἡμέραις
1707 1898 1775 1955 δι’

1959 1903 2223 1958 XXVIII.
2256 1904 2539 1960 Caeterum
2572 1903 2656 1959 illi
2690 1904 2950 1975 quidem,
2980 1922 3113 1961 cum
3157 1905 3372 1963 multos
3408 1908 3531 1965 dies

123 1989 367 2066 ἀνύδρων
409 2011 468 2045 τε
503 1991 595 2045 καὶ
655 1983 936 2043 δυσϐάτων
990 1986 1303 2053 ὁδεύσαντες
1359 1995 1467 2044 τῶν
1520 1990 1770 2068 χωρίων,

126 2083 353 2142 ἅπαντες
414 2077 795 2153 διεφθάρησαν,
865 2080 1007 2152 μήτε
1082 2080 1219 2153 πρὸς
1290 2080 1380 2134 τὸν
1434 2078 1770 2156 Ὀμηρίτην,

134 2173 272 2243 μήτε
336 2170 473 2239 πρὸς
527 2171 627 2238 τήν
682 2168 879 2225 οἰκείαν
975 2167 1348 2244 διαρκέσαντες
1417 2169 1769 2246 ὑποστρέψαι.

128 2261 187 2316 Ὀ
238 2256 294 2313 δέ
340 2280 399 2333 γε
454 2256 722 2332 βασιλεὺς,
772 2255 879 2329 ἤδη
921 2259 1041 2334 περὶ
1092 2260 1183 2314 τὸν
1233 2256 1469 2315 ἔκπλουν
1503 2259 1602 2327 ὢν,
1643 2256 1774 2338 ἀφέ-

132 2368 254 2402 κετο
294 2347 368 2407 εἰς
413 2349 475 2401 τὸ
528 2347 692 2419 ἱερὸν,
723 2348 809 2402 καὶ
861 2348 967 2421 πρὸ
1023 2355 1125 2416 τῆς
1166 2346 1383 2402 εῗσόδου
1434 2348 1485 2402 ἐν
1524 2353 1603 2420 τῷ
1633 2369 1776 2421 προ-

130 2436 262 2509 νάῳ,
288 2439 387 2505 τήν
412 2484 415 2489 .
441 2436 719 2511 βασίλειον
767 2438 965 2507 ἐσθῆτα
1011 2434 1188 2506 ἐκδὺς,
1222 2436 1403 2492 τᾶλλα
1462 2458 1517 2491 τε
1578 2437 1777 2501 ἀποθέ-

136 2546 291 2599 μενος
348 2527 647 2600 παράσημα
701 2532 801 2594 τῆς
867 2527 1071 2598 ἀρχῆς,
1123 2526 1173 2580 ἐν
1241 2522 1504 2596 ἰδιωτικῴ
1558 2524 1653 2597 μὲν
1705 2524 1778 2578 εἷ-

135 2613 302 2684 σῆλθε
357 2618 438 2685 τῷ
497 2616 747 2687 σχήματι
783 2631 796 2645 ’
840 2614 966 2676 στάς
1015 2610 1071 2667 δὲ
1120 2612 1397 2668 κατέναντι
1440 2616 1536 2667 τοῦ
1596 2623 1779 2676 θυσια-

131 2703 377 2777 στηρίου,
411 2703 501 2756 καὶ
561 2699 749 2756 πολλὰ
795 2699 1007 2771 δεηθεὶς
1062 2706 1158 2756 τοῦ
1199 2705 1354 2769 Θεοῦ,
1385 2702 1471 2756 καὶ
1534 2702 1781 2775 ἀναμνή-

133 2813 227 2854 σας
272 2793 383 2847 τῶν
433 2792 548 2846 κατ’
607 2791 886 2865 Αἴγυπτον
960 2790 1295 2864 θαυμὸσίων,
1344 2790 1432 2846 καὶ
1484 2795 1590 2845 τῶν
1646 2791 1782 2846 κατὰ

134 2883 233 2950 τήν
299 2876 506 2956 ἔρημον
577 2885 694 2941 τοῖς
742 2875 1019 2951 Ἑϐραίοις
1094 2881 1240 2953 αὐτῷ
1312 2880 1642 2956 γενομένων,
1692 2881 1781 2935 καὶ

137 2975 227 3035 Ὠς
276 2972 587 3047 ἀχάριστοι,
633 2971 788 3046 φησὶ,
828 2971 951 3041 περὶ
998 2973 1089 3026 τὸν
1153 2972 1460 3047 εὐεργέτην,
1508 2972 1606 3027 οὐκ
1645 2972 1785 3028 ἐκεῖ-

141 3083 226 3116 νοι
272 3062 461 3134 μόνον,
511 3059 655 3115 ἀλλὰ
711 3061 801 3115 καὶ
890 3062 1042 3115 οὗτοι
1109 3062 1159 3115 oi
1220 3061 1437 3116 ἐκείνων
1501 3061 1782 3138 γεγόνασιν

142 3148 371 3224 ἔκγονοι,
415 3150 506 3204 καὶ
573 3148 670 3204 ὅσα
736 3148 1163 3224 ἐπονηρεύσαντο
1212 3150 1264 3205 ἐν
1316 3154 1384 3225 τῇ
1437 3149 1599 3205 πόλει
1666 3172 1785 3218 σου,

1882 1992 1996 2047 iter
2029 1992 2305 2048 fecissent
2353 2009 2457 2064 per
2497 1993 2621 2049 loca
2671 1994 2832 2048 arida
2863 1999 2921 2050 et
2969 1995 3216 2051 transitu
3248 1996 3527 2065 difﬁcilia,

1881 2098 2082 2138 omnes
2117 2083 2489 2152 interierunt,
2522 2071 2586 2137 ut
2618 2084 2719 2153 qui
2748 2099 2853 2139 nec
2885 2084 3185 2155 pervenire
3214 2086 3284 2141 ad
3320 2087 3530 2144 Home-

1880 2172 2078 2238 ritam,
2132 2187 2237 2227 nec
2280 2172 2352 2226 ad
2406 2172 2699 2244 regionem
2756 2189 2927 2228 suam
2978 2176 3273 2245 potuerint
3321 2177 3528 2233 redire.

1884 2260 2001 2316 Rex
2032 2270 2226 2317 autem
2279 2277 2412 2318 cum
2463 2262 2589 2333 jam
2622 2268 2777 2319 esset
2808 2263 3213 2336 navigaturus,
3253 2266 3409 2322 venit
3459 2267 3530 2322 ad

1882 2351 2193 2420 templum,
2227 2352 2297 2405 ad
2348 2351 2517 2421 cujus
2550 2352 2722 2418 fores,
2758 2353 2915 2422 regia
2968 2358 3124 2410 veste
3160 2354 3409 2425 aliisque
3434 2357 3528 2412 in-

1885 2437 2097 2507 signiis
2130 2438 2357 2508 imperii
2399 2440 2699 2507 depositis,
2734 2441 3036 2511 ingressus
3067 2442 3302 2513 quidem
3352 2451 3439 2499 est
3468 2445 3526 2501 in

1888 2524 2111 2595 privato
2144 2524 2365 2580 habitu.
2426 2525 2600 2581 Stans
2625 2532 2818 2581 autem
2851 2544 2917 2582 ex
2948 2529 3185 2585 adverso
3225 2547 3358 2598 arae,
3393 2548 3525 2588 cum

1888 2616 2064 2669 Deum
2099 2613 2348 2669 multum
2380 2618 2618 2683 orasset,
2651 2620 2709 2670 et
2746 2616 2899 2670 facta
2933 2617 3003 2670 ab
3037 2616 3164 2687 ipso
3195 2617 3252 2672 in
3285 2620 3528 2692 {Egypto

1889 2702 2172 2758 miracula
2205 2711 2380 2774 atque
2425 2703 2483 2758 in
2524 2703 2655 2775 ipsa
2704 2703 3018 2759 solitudine
3050 2722 3150 2776 pro
3182 2706 3439 2764 Hebreis
3464 2711 3528 2770 in

1889 2792 2229 2847 memoriam
2288 2800 2650 2847 revocasset:
2711 2792 2822 2861 Illi,
2871 2793 3119 2861 dicebat,
3170 2795 3405 2850 fuerunt
3435 2798 3527 2853 in-

1890 2881 2040 2953 grati
2072 2882 2130 2938 in
2182 2887 2237 2936 te
2269 2882 2715 2951 benefactorem,
2751 2898 2939 2954 neque
2998 2882 3084 2937 illi
3118 2884 3330 2951 solum,
3357 2887 3457 2941 sed
3491 2888 3529 2942 ii

1891 2971 2087 3039 etiam,
2113 2972 2214 3043 qui
2239 2988 2304 3028 ex
2334 2972 2417 3027 eis
2449 2972 2570 3027 nati
2598 2977 2759 3029 sunt.
2792 2974 2873 3027 Tu
2904 2973 3058 3028 enim
3093 2973 3230 3042 scis,
3267 2976 3529 3043 Domine,

1893 3078 2071 3132 quam
2104 3079 2167 3118 se
2198 3061 2345 3118 male
2384 3063 2672 3133 gesserint
2704 3063 2761 3117 in
2789 3068 2887 3118 tua
2916 3062 3168 3131 civitate,
3204 3068 3267 3119 ut
3297 3066 3397 3137 qui
3429 3084 3529 3133 po-

1896 3152 2097 3224 pulum
2140 3151 2303 3206 illum
2343 3168 2441 3222 per
2481 3152 2681 3207 dolum
2722 3152 3220 3224 circumvenerint,
3254 3159 3311 3209 et
3343 3157 3533 3212 consi-

144 3241 235 3295 τὸν
292 3237 425 3293 λαόν
490 3260 584 3293 σου
643 3242 1331 3314 καταπανουργευσάμενοι,
1390 3241 1479 3294 καὶ
1552 3239 1780 3315 βουλευ-

1899 3241 2043 3297 lium
2080 3240 2316 3295 inierint
2348 3242 2622 3295 adversus
2654 3251 2885 3297 sanctos
2918 3247 3071 3310 tuos,
3104 3248 3160 3298 et
3189 3243 3248 3298 in
3281 3260 3398 3315 eos,
3436 3247 3532 3317 qui

147 3327 367 3400 σάμενοι
422 3327 558 3381 κατᾶ
613 3332 718 3382 τῶν
779 3326 952 3404 ἁγίων
1014 3350 1131 3397 σου,
1190 3328 1279 3384 καὶ
1341 3327 1419 3384 ἔτι
1477 3329 1612 3384 κατὰ
1675 3334 1782 3383 τῶν

146 3418 595 3489 ὑπολειπομένων
658 3417 874 3492 πονηρὰ
940 3418 1325 3492 σκεπτόμενοι,
1381 3421 1471 3473 καὶ
1545 3419 1619 3479 ὡς
1680 3417 1786 3493 εἷ’γε

144 3506 196 3558 αἱ
255 3504 541 3581 ἡμέτεραι,
609 3505 869 3575 Δέτποτα,
936 3506 1436 3581 παρεμποδίζουσιν
1504 3507 1782 3581 ἁμαρτίαι,

142 3592 285 3649 ἀλλά
344 3596 421 3668 μή
470 3600 589 3657 ταῖς
650 3594 868 3650 ἐκείνων
912 3594 1211 3670 παραδῴης
1271 3597 1478 3672 χερσὶν,
1522 3595 1651 3651 ἀλλ’
1709 3598 1783 3657 ὡς

141 3683 203 3736 ἃν
276 3683 437 3746 αὐτὸς
515 3681 829 3755 ἐθελήσειας
894 3686 1164 3760 τιμωρίαν
1242 3688 1379 3759 ἡμῖν
1450 3685 1652 3755 ἐπίθες,
1704 3687 1781 3758 μὴ

139 3792 267 3827 ποτε
308 3771 526 3843 εἷ’πωσι,
588 3778 701 3827 Ποῦ
752 3774 892 3829 ἐστὶν
944 3773 1026 3851 ἐφ’
1056 3776 1101 3846 ᾧ
1138 3773 1510 3851 ἐγκαυχᾶηται
1552 3776 1783 3846 Χριστὸς

139 3862 227 3915 καὶ
286 3863 313 3916 ὁ
368 3863 566 3917 τούτου
620 3864 884 3938 σταυρός;
931 3866 1118 3920 Ταῦτα
1174 3863 1266 3918 σὺν
1326 3862 1580 3938 δάκρυσιν
1636 3863 1784 3919 ἐπευ-

140 3950 389 4020 ξάμενος,
444 3952 534 4005 καὶ
613 3950 942 4021 ἐπιθειάσας,
1001 3950 1157 4026 ἔξεισι
1231 3952 1320 4007 καὶ
1378 3958 1473 4007 τοῦ
1530 3955 1635 4007 νεὼ
1692 3955 1781 4007 καὶ

136 4044 236 4109 τῆς
286 4038 526 4110 πόλεως,
559 4041 647 4096 καὶ
694 4043 831 4116 πρός
884 4064 1005 4097 τινα
1056 4044 1297 4117 μοναχὸν
1329 4038 1660 4118 προϐλέπειν
1719 4042 1781 4097 τὸ

138 4127 342 4200 μέλλον
392 4127 462 4183 δι’
510 4132 705 4201 ἀρετῆς
758 4130 1007 4206 ἐργασίαν
1046 4131 1378 4205 ἠξιωμένον,
1410 4134 1498 4186 καί
1539 4131 1590 4187 ἐν
1646 4153 1781 4207 πυρ-

136 4216 309 4291 γίσκῳ
356 4220 680 4295 στενοχώρῳ
721 4221 813 4275 ἐπὶ
859 4222 1085 4300 χρόνοις
1124 4222 1234 4293 ἤδη
1273 4221 1427 4277 πέντε
1473 4220 1565 4277 καὶ
1594 4243 1781 4277 τασσε-

137 4306 367 4380 ράκοντα
435 4312 841 4384 καθειργμένον,
918 4313 1157 4382 πεζεύῶν
1236 4313 1455 4392 ἀφίκετο
1532 4310 1620 4368 ἐπὶ
1681 4311 1781 4369 τοῦ

135 4393 302 4449 αὐτοῦ
386 4398 695 4471 σχήματος.
754 4401 1088 4475 πευσόμενός
1161 4423 1215 4457 τι
1290 4406 1397 4457 τῶν
1472 4404 1607 4457 κατᾶ
1680 4404 1779 4471 τήν

138 4484 347 4559 μάχην,
379 4486 650 4563 Ἑπήγετο
710 4486 766 4543 δὲ
803 4490 892 4544 καὶ
951 4492 1271 4566 θυμιάματα
1320 4491 1565 4559 σύνθετα,
1589 4491 1644 4547 ἐν
1698 4496 1781 4554 οἷς

134 4574 203 4642 ἧν
235 4572 324 4627 καὶ
357 4575 584 4649 χρυσίον
622 4574 845 4649 ἀδήλως
877 4582 1304 4657 συγκαταμίξας.
1334 4586 1400 4637 Ἃ
1463 4582 1553 4635 καὶ
1582 4586 1663 4654 τῷ
1689 4581 1778 4655 γέῇ

138 4681 289 4737 ροντι
317 4661 618 4736 ἐπιδιδοὺς,
653 4665 828 4741 ἐξῄτει
869 4669 1038 4744 εὐχήν
1069 4671 1159 4723 καὶ
1202 4666 1445 4740 δήλωσιν
1485 4675 1592 4724 τῶν
1622 4667 1789 4741 ἐκϐη-

138 4750 409 4823 σομένων.
445 4754 504 4806 ’0
555 4752 611 4809 δὲ
648 4757 738 4811 τὸν
775 4754 937 4812 δόλον
972 4759 1245 4837 φωράσας,
1286 4758 1377 4812 καὶ
1428 4760 1585 4833 γνοὺς
1635 4760 1789 4827 ἀκρι-

140 4836 255 4902 ϐῶς
324 4841 473 4902 ὅστις
528 4842 637 4913 εἷή,
706 4846 886 4902 Ἔστω
949 4836 1082 4920 μέτα
1140 4850 1258 4916 σοῦ,
1315 4847 1471 4923 φησὶ,
1540 4848 1691 4916 Θεὸς,
1733 4849 1791 4909 ’ὀς

138 4930 232 4983 καὶ
282 4925 677 5004 συμϐασιλεῦει
717 4955 824 4990 σοι.
880 4934 1030 5002 Πλὴν
1072 4932 1201 4989 ἀλλ’
1241 4931 1391 4988 ἄπιθι
1452 4954 1789 5013 κατωχυρω-

144 5019 308 5091 μένος
372 5023 441 5093 τῇ
490 5026 600 5075 τῶν
652 5024 943 5097 μαρτύρων
987 5023 1163 5094 Θυσίᾳ,
1219 5024 1287 5091 ἧς
1342 5021 1629 5098 ὠσφράνθη
1683 5025 1788 5079 Κύ-

144 5124 288 5181 ριος,
330 5109 419 5161 καὶ
468 5114 587 5171 ταῖς
621 5110 813 5188 εὐχαῖς
870 5112 1172 5190 ἀρχιερέως
1220 5109 1644 5184 Ἀλεξανδρείας,
1702 5116 1791 5169 καὶ

141 5198 262 5255 τοῖς
297 5191 550 5270 δάκρυσιν
592 5200 902 5259 Ἰουστίνου.

221 5288 345 5337 ΚΘ’.
393 5286 617 5341 Τούτων
672 5288 906 5351 ἀκούσας
965 5283 1283 5360 Ἐλεσϐαᾶν,
1342 5290 1430 5344 καὶ
1493 5293 1793 5367 περαιτέρω

150 5374 228 5445 μή
299 5376 571 5447 πειράζειν
636 5382 892 5453 προσθεὶς
969 5380 1380 5457 ἐπευλογηθεὶς,
1437 5380 1603 5454 ἀπήει
1673 5382 1794 5457 χαί-

150 5481 286 5535 ρων,
338 5464 427 5517 καί
498 5470 1042 5543 παρακελευσάμενος
1111 5474 1190 5541 τῷ
1272 5471 1656 5544 στρατεύματι,
1716 5473 1792 5543 μὴ

148 5548 319 5605 πλέον
378 5553 412 5621 ἠ
472 5554 696 5630 ἡμερῶν
770 5556 939 5614 εἷ’κοσι
1004 5557 1207 5637 τροφάς
1293 5557 1636 5635 ἐπιφέρεσθαι
1702 5561 1793 5615 τὸν

146 5637 326 5694 πλοῦν
372 5640 631 5703 ἐποιεῖτο.
674 5645 816 5707 Οὐδὶ
865 5650 892 5705 ὁ
941 5655 1051 5705 τῶν
1092 5650 1408 5724 Ὀμηριτῶν
1476 5648 1675 5722 ἡμέλει
1709 5651 1799 5724 βα-

1898 3334 2139 3399 restant,
2184 3329 2373 3385 adhuc
2402 3328 2555 3384 mala
2596 3329 3018 3385 machinentur.
3053 3332 3212 3394 Quod
3246 3334 3298 3389 si
3338 3340 3536 3389 nostra

1896 3424 2129 3491 peccata
2160 3419 2215 3473 id
2245 3428 2560 3483 merentur,
2593 3420 2689 3474 sed
2724 3435 2793 3474 ne
2829 3424 2889 3474 tu
2936 3435 3042 3475 nos
3072 3422 3270 3477 tradas
3302 3422 3535 3480 illorum

1897 3509 2168 3564 manibus
2205 3524 2216 3561 :
2251 3507 2405 3578 quod
2441 3511 2632 3562 autem
2666 3507 2791 3577 ipse
2818 3507 3096 3577 volueris,
3128 3510 3238 3567 hoc
3278 3522 3534 3583 excepto,

1894 3598 2062 3654 nobis
2085 3597 2319 3669 impone
2347 3596 2726 3668 supplicium,
2753 3613 2824 3651 ne
2855 3597 2999 3652 forte
3021 3597 3219 3653 dicant
3245 3616 3256 3652 :
3284 3598 3534 3657 Ubinam

1892 3692 1983 3743 est
2013 3686 2275 3758 ipsorum
2308 3685 2596 3753 Christus,
2632 3692 2862 3756 propter
2893 3702 3068 3757 quem
3103 3687 3447 3758 gloriantur,
3480 3695 3534 3745 et

1892 3792 2029 3832 crux
2054 3776 2219 3845 ejus?
2241 3774 2371 3831 Haec
2391 3791 2525 3830 cum
2554 3786 2819 3846 precatus
2841 3776 3047 3831 fuisset
3073 3792 3204 3831 cum
3236 3777 3532 3849 lacrymis,

1891 3864 2189 3937 egreditur
2232 3881 2262 3919 e
2322 3864 2561 3937 templo,
2593 3873 2646 3921 et
2676 3881 2705 3920 e
2754 3863 2997 3931 civitate,
3032 3869 3088 3920 et
3118 3866 3188 3920 ad
3221 3868 3533 3937 quemdam

1894 3953 2263 4020 monachum,
2327 3954 2425 4023 qui
2505 3958 2741 4024 propter
2824 3952 3055 4008 virtutis
3140 3954 3533 4024 operationem

1892 4043 2104 4113 dignus
2161 4047 2287 4097 erat
2342 4042 2600 4108 habitus,
2645 4046 2707 4098 ut
2760 4042 3097 4113 praevideret
3142 4043 3358 4110 futura,
3391 4050 3447 4099 et
3475 4044 3535 4099 in

1892 4136 2143 4204 augusta
2171 4131 2457 4187 turricula
2488 4133 2615 4203 jam
2644 4132 3032 4204 quadraginta
3061 4133 3319 4203 quinque
3352 4151 3539 4190 annos

1892 4224 2079 4277 fuerat
2109 4218 2401 4290 inclusus,
2433 4221 2608 4291 pedes
2658 4221 2820 4275 venit
2866 4220 2925 4274 in
2966 4220 3167 4276 eodem
3207 4221 3434 4289 habitu,
3470 4224 3539 4280 de

1893 4308 2092 4382 praelia
2123 4308 2548 4364 sciscitaturus.
2580 4306 2789 4363 Attulit
2809 4315 3001 4364 autem
3035 4309 3355 4381 composita
3386 4328 3540 4383 quo-

1893 4415 2007 4468 que
2055 4396 2466 4469 tbymiamata,
2502 4397 2560 4451 in
2584 4397 2799 4467 quibus
2843 4396 3017 4453 etiam
3058 4415 3267 4455 aurum
3303 4400 3548 4456 latenter

1893 4485 2312 4542 immiscuerat.
2364 4486 2501 4552 Quae
2533 4501 2665 4539 cum
2710 4485 3050 4541 tradidisset
3080 4488 3226 4555 seni,
3252 4489 3544 4557 quaerebat

1900 4592 2120 4648 preces,
2150 4580 2208 4631 et
2253 4574 2740 4645 signiﬁcationem
2773 4590 2996 4642 eorum,
3025 4592 3151 4646 quae
3177 4582 3345 4631 erant
3372 4593 3540 4632 even-

1901 4673 2051 4724 tura.
2077 4669 2178 4724 llle
2232 4672 2450 4733 autem,
2482 4667 2611 4723 dolo
2657 4667 3042 4738 deprehenso,
3074 4683 3207 4722 cum
3268 4666 3542 4737 quisnam

1901 4763 2077 4825 esset,
2109 4758 2322 4829 optime
2351 4761 2549 4813 nosset
2583 4774 2595 4810 :
2629 4757 2713 4811 Sit
2750 4762 2966 4821 tecum,
2991 4756 3204 4826 inquit,
3242 4757 3408 4821 Deus,
3442 4755 3544 4825 qui

1902 4848 2077 4902 etiam
2112 4851 2300 4902 tecum
2331 4850 2553 4917 regnat.
2583 4843 2957 4900 Verumenim
2991 4860 3119 4900 vero
3138 4843 3254 4911 abi,
3283 4843 3545 4898 munitus

1903 4940 2230 5007 martyrum
2271 4933 2580 5002 sacrificio,
2631 4933 2784 5004 quod
2818 4935 2972 4988 Deus
3024 4936 3110 4988 est
3162 4934 3456 4999 odoratus,
3491 4937 3547 4986 et

1903 5024 2174 5095 precibus
2197 5023 2488 5095 pontificis
2520 5020 2899 5091 Alexandriae,
2921 5025 2978 5077 et
3006 5020 3280 5094 lacrymis
3299 5020 3541 5077 Justini.

1976 5288 2168 5345 XXIX.
2225 5289 2355 5345 Haec
2401 5305 2536 5345 cum
2594 5288 2878 5345 audiisset
2924 5286 3227 5352 Elesbaan,
3286 5290 3345 5342 et
3409 5304 3544 5345 eum

1907 5397 2018 5435 non
2052 5382 2331 5435 tentasset
2376 5378 2652 5450 amplius,
2687 5376 3086 5433 benedictione
3134 5380 3371 5447 accepta
3400 5378 3547 5432 abiit

1906 5469 2093 5524 laetus.
2128 5468 2195 5522 Et
2227 5484 2357 5522 cum
2410 5466 2687 5538 jussisset
2716 5465 3012 5530 exercitui,
3045 5481 3114 5520 ne
3141 5464 3356 5520 ferrent
3386 5466 3547 5522 viati-

1907 5576 2041 5616 cum
2092 5558 2226 5630 plus
2277 5574 2451 5627 quam
2500 5557 2707 5629 viginti
2765 5556 3014 5623 dierum,
3070 5554 3373 5625 navigavit.
3436 5556 3541 5612 Sed

1909 5665 2098 5723 neque
2124 5646 2431 5720 negligens
2463 5646 2575 5703 fuit
2604 5664 2703 5704 rex
2747 5644 3203 5713 Homeritarum,
3253 5660 3389 5701 nam
3420 5644 3545 5717 ipse
