4048 6202
516 307 671 368 M83

1876 294 2159 357 MENSIS
2207 294 2589 357 OCTOBER.

3704 310 3813 370 1281

520 480 774 541 quoque,
832 468 890 520 et
931 463 1055 520 suis
1102 470 1157 518 et
1213 460 1595 518 auxiliaribus
1652 456 1910 514 collectis
1959 454 2157 526 cepiis,

2281 450 2474 522 σιλεὺς,
2508 453 2655 509 ἀλλὰ
2704 454 2796 509 καὶ
2845 451 3005 519 αὒτὸς
3056 453 3179 512 ὅσον
3238 456 3429 513 οἲκεῖον
3458 460 3536 514 καί
3591 461 3696 517 ὅσον
3728 486 3818 538 συμ-

524 552 863 625 praesidium
914 550 1147 607 tenebat
1186 550 1245 604 in
1296 554 1446 604 terra
1492 551 1550 603 et
1603 546 1664 601 in
1722 544 1889 600 mari.
1951 547 2165 599 Verum

526 659 661 699 cum
694 641 793 696 ille
823 640 1164 707 exercitum,
1189 638 1284 709 qui
1315 642 1440 694 erat
1471 637 1529 692 in
1562 641 1736 698 terra,
1760 634 1834 689 ab
1851 632 2167 689 alﬂietione

521 741 574 789 et
608 731 895 787 malorum
944 730 1317 801 perpessione
1353 727 1540 783 audiit
1570 725 1831 798 periisse,
1883 738 2000 778 non
2031 737 2165 776 am-

524 822 680 894 plius
739 821 952 876 timens
983 819 1209 873 hostem
1260 835 1292 873 a
1337 816 1684 883 continenti,
1716 814 1775 868 in
1834 812 1959 868 sola
1991 810 2167 867 maris

521 910 866 965 versabatur
896 907 1183 963 custodia.
1218 906 1421 976 Itaque
1450 903 1828 959 considerans
1859 899 2165 972 augustis-

525 1000 742 1055 simum
798 1013 925 1053 esse
974 998 1208 1063 fretum,
1259 997 1414 1067 quod
1455 998 1545 1049 est
1591 994 1743 1048 inter
1774 990 2071 1061 EthiOpes
2112 993 2169 1044 et

526 1089 877 1157 Homeritas,
938 1102 1127 1157 neque
1158 1100 1435 1156 superare
1492 1082 1863 1138 latitudinem
1915 1081 2166 1134 duorum

525 1180 873 1245 stadiorum,
893 1181 949 1231 et
980 1175 1234 1247 alioquin
1260 1174 1476 1229 habere
1495 1174 1669 1228 etiam
1695 1188 1853 1238 saxa,
1886 1168 2086 1225 multis
2110 1168 2167 1222 in

528 1269 671 1324 locis
721 1266 985 1333 latentia,
1021 1281 1154 1321 cum
1204 1280 1432 1336 gravem
1480 1263 1724 1317 ferream
1752 1259 2171 1317 construxisset

527 1361 814 1422 catenam,
849 1359 903 1410 et
935 1370 1064 1424 quae
1092 1357 1288 1423 posset
1318 1352 1465 1408 ferre
1496 1351 1610 1405 vim
1641 1354 1948 1405 ventorum
1980 1352 2035 1402 et
2057 1363 2167 1401 un-

526 1449 757 1513 darum,
809 1447 863 1498 et
901 1459 1026 1499 eam
1074 1442 1345 1513 utrinque
1375 1441 1433 1495 in
1483 1444 1635 1495 terra
1694 1438 1993 1509 alligasset
2047 1435 2172 1506 ipse

528 1537 795 1603 Dunaan,
830 1532 1301 1599 utexistimabat,
1334 1530 1617 1585 Elesbaan
1660 1527 2006 1599 prohibebat
2044 1524 2171 1579 adi-

528 1630 665 1691 tun:,
702 1621 801 1678 ubi
836 1622 1071 1693 quidem
1127 1627 1288 1675 erant
1322 1618 1563 1674 latentes
1615 1622 1809 1689 petrae,
1862 1615 2171 1687 plumbum

528 1712 763 1768 circulis
794 1716 1010 1766 catenae
1061 1710 1421 1781 appendens,
1465 1712 1519 1763 et
1577 1708 1791 1762 ferrum
1845 1705 2056 1760 faciens
2086 1720 2173 1759 re-

530 1804 853 1875 quiescere,
886 1801 985 1856 ubi
1041 1806 1234 1854 autem
1293 1803 1417 1853 erat
1476 1797 1847 1868 profundum,
1895 1792 2176 1863 colligans

2273 543 2509 616 μοιχικὸν
2547 541 2971 617 συλλεξάμενος,
3020 547 3109 601 καὶ
3174 547 3307 602 κατὰ
3368 555 3466 625 γῆν
3513 548 3724 627 ἐφρούρει
3759 554 3817 608 καὶ

2268 632 2405 686 κατά
2473 630 2768 695 θάλασσαν.
2821 636 2972 691 Ἐπεὶ
3058 633 3113 690 δὲ
3170 638 3269 705 τὴν
3315 639 3444 692 κκτὰ
3494 646 3585 713 γῆν
3637 644 3818 717 στρατιάν

2268 726 2371 776 τοῦ
2425 719 2722 777 Ἐλεσϐαάν
2798 720 3114 801 διεφθάρθαι
3191 726 3292 781 ὑπὸ
3364 729 3683 792 κακοπαθείας
3728 731 3817 787 ἑπό-

2272 819 2415 879 θετο,
2454 811 2648 884 μηκέτι
2702 810 2971 887 πολέμιον
3023 813 3082 869 ἐκ
3125 822 3223 885 τῆς
3269 817 3492 891 ἠπείρου
3528 815 3818 894 δεδιὼς,περῖ

2275 898 2447 971 μόνην
2498 901 2599 968 τὴν
2645 907 2744 971 τῆς
2788 901 3063 973 θαλάσσης
3122 902 3325 979 ἐγίνετο
3375 904 3620 982 φυλακῆν,
3667 910 3735 961 καὶ
3776 907 3818 975 δή

2274 990 2550 1059 σκοπήσας
2604 991 2687 1044 ὅτι
2746 992 3076 1054 στενώτατος
3135 994 3162 1048 6
3210 996 3404 1066 μεταξὺ
3466 1002 3559 1063 τῆς
3609 996 3818 1059 Αἰθιόπων

2270 1077 2360 1131 καὶ
2434 1085 2533 1146 τῆς
2594 1080 2920 1153 Ὀμηριτῶν
3001 1081 3273 1153 θαλάσσης
3336 1085 3588 1157 πορθμὸς,
3635 1086 3706 1139 καὶ
3769 1088 3817 1157 μὴ

2272 1165 2438 1221 πλέον
2474 1166 2569 1222 δύο
2600 1167 2832 1224 σταδίων
2864 1172 2927 1226 τὸ
2976 1191 3153 1241 ευρυς,
3184 1170 3371 1235 ἄλλως
3407 1193 3461 1227 τε
3515 1174 3594 1227 καὶ
3646 1173 3819 1250 ὑφάλους

2273 1254 2571 1331 πολλαχοῦ
2618 1258 2816 1334 πέτρας
2864 1255 3027 1335 ἔχων,
3081 1262 3298 1335 βαρεῖαν
3375 1262 3428 1316 ἐκ
3476 1260 3677 1337 σιδήρου
3716 1284 3822 1317 κατα-

2276 1344 2673 1418 σκευασάμενος
2725 1345 2937 1416 ἅλυσιν,
2982 1350 3070 1403 καὶ
3124 1346 3238 1404 οἵαν
3288 1350 3591 1423 πνευμάτων
3634 1350 3732 1425 βίας
3764 1351 3822 1403 καὶ

2274 1434 2531 1507 κυμάτων
2610 1432 2762 1510 ὕϐριν
2836 1438 3167 1512 ὑπενεγκεῖν,
3226 1440 3314 1493 καὶ
3384 1438 3570 1509 ταύτην
3638 1440 3823 1511 ἑκατέραν

2276 1521 2443 1588 ἂκτῆς
2504 1522 2757 1596 ἐκδήσας,
2787 1527 2885 1594 τὴν
2953 1525 3166 1606 έφοδον,
3192 1528 3264 1589 ὡς
3304 1526 3435 1600 ᾤετο
3486 1533 3560 1600 τῷ
3604 1524 3823 1582 Ἐλεσϐαᾶν

2276 1612 2637 1687 ἀπετείχιζεν,
2698 1609 2824 1679 ἔνθα
2904 1617 2997 1689 μὶν
3073 1618 3272 1695 ὕφαλοι
3346 1617 3547 1691 πέτραι,
3614 1613 3822 1690 μόλυϐδον

2274 1702 2394 1762 τοῖς
2444 1703 2650 1773 κρίνοις
2714 1704 2919 1780 ἐγχέων
2984 1706 3073 1760 καὶ
3128 1703 3464 1761 διαναπαύων
3517 1707 3599 1760 τὸν
3647 1704 3824 1777 σίδηρον,

2277 1787 2399 1845 ἔνθα
2439 1787 2493 1846 δὲ
2528 1792 2691 1865 βάθος
2721 1795 2811 1863 ἧν,
2843 1800 2959 1857 τοῖς
3000 1793 3392 1871 ἐλαφροτάτοις
3425 1799 3527 1849 τῶν
3554 1793 3703 1863 ξύλων
3742 1816 3827 1849 m-

530 1909 662 1949 eum
690 1889 1286 1963 lignislevissimis,et
1318 1886 1625 1943 sublevans
1649 1892 1932 1941 catenam.
1956 1881 2171 1939 Deinde

2286 1876 2442 1951 δὲων,
2473 1881 2561 1935 καὶ
2615 1882 2993 1961 ὑποκουφίζων
3049 1885 3150 1954 τὴν
3204 1882 3415 1955 ἅλυσιν,
3444 1884 3550 1938 εἶτα
3601 1884 3675 1937 καί
3714 1884 3827 1956 βαρὺν

533 1982 711 2037 etiam
758 1978 1021 2034 validum
1054 1977 1333 2033 inducens
1390 1976 1731 2040 exercitum,
1764 1973 1918 2027 venit
1948 1973 2008 2026 in
2039 1986 2172 2025 cum

534 2072 751 2138 locum,
794 2068 853 2124 in
912 2082 1081 2140 quem
1132 2065 1573 2136 exspectabatur
1621 2066 1893 2117 venturus
1927 2075 2047 2115 esse
2079 2075 2175 2115 rex

532 2159 891 2229 Ethiopum.

605 2247 783 2303 XXX.
818 2246 920 2301 Ille
954 2251 1145 2299 autem
1178 2258 1309 2297 cum
1344 2249 1511 2298 vento
1544 2257 1689 2297 usus
1711 2244 1867 2296 esset
1895 2238 2171 2305 secundo,

536 2336 781 2391 accessit
811 2336 880 2390 ad
907 2336 1092 2389 locum
1119 2332 1561 2405 speculandum,
1584 2336 1640 2387 et
1669 2330 1949 2404 praemisit
1978 2331 2174 2385 decem

528 2441 703 2480 naves
734 2442 747 2492 ;
809 2440 961 2495 quat,
994 2438 1130 2478 cum
1183 2420 1383 2477 dolum
1419 2422 1732 2485 nescirent,
1765 2437 1833 2475 ex
1856 2419 2171 2491 improviso

522 2516 803 2585 ingressae
844 2518 985 2568 sunt
1014 2512 1073 2567 in
1124 2511 1611 2583 angustissimum
1672 2512 1903 2565 fretum.
1938 2510 2059 2573 Quo
2111 2508 2171 2563 in

530 2604 657 2660 loco
687 2606 862 2659 etiam
896 2603 1051 2658 Deus
1084 2602 1218 2658 facit
1257 2600 1560 2666 miracula,
1597 2618 1783 2672 ραι-ναι
1812 2616 1942 2656 esse
1971 2604 2171 2655 osten-

524 2696 668 2750 dens
702 2693 970 2765 potentia
986 2692 1304 2747 humanam
1337 2691 1751 2755 inventionem,
1785 2690 1883 2744 ubi
1915 2690 2038 2759 ipse
2066 2690 2169 2743 ad-

518 2786 727 2856 juvare
757 2789 813 2839 et
860 2799 1027 2855 opem
1061 2784 1209 2838 ferre
1254 2781 1518 2837 voluerit.
1571 2781 1810 2852 Magnus
1850 2780 2001 2836 enim
2036 2781 2170 2851 qui-

527 2875 661 2930 dam
723 2874 935 2929 fluctus
1012 2873 1375 2939 incurvatus,
1444 2886 1578 2926 eum
1637 2869 1815 2926 veluti
1883 2869 2166 2925 reﬂuxum

528 2964 844 3036 quemdam
870 2963 1097 3018 fecisset
1119 2979 1304 3033 aquae,
1336 2966 1576 3033 portans
1598 2976 1780 3015 unum
1801 2975 1868 3014 ex
1903 2958 2165 3030 navigiis,

526 3052 725 3125 posuit
774 3068 950 3121 super
1006 3051 1287 3107 catenami
1345 3051 1486 3105 adeo
1547 3054 1607 3104 ut
1662 3049 1948 3104 videretur
2008 3049 2167 3103 navis

535 3156 663 3195 esse
722 3140 952 3195 cuidam
988 3139 1113 3209 rupi
1157 3138 1371 3193 innixa.
1406 3138 1625 3193 Deinde
1657 3142 1853 3193 exorta
1894 3136 2163 3208 quaedam

2288 1967 2620 2045 ἐπαγόμενον
2670 1974 2919 2047 στρατὸν,
2959 1972 3263 2048 ἀφικνεῖται
3293 1972 3398 2043 ὅπη
3432 1970 3751 2049 προσδόκιμος
3785 1972 3826 2037 ἦν

2286 2060 2313 2113 ὁ
2345 2064 2452 2113 τῶν
2486 2060 2763 2116 Αἰθιόπων
2790 2062 3068 2137 ἀφίξεσθαι
3104 2060 3379 2139 βασιλεύς.

2358 2240 2435 2297 Λ’.
2477 2241 2564 2304 Ὧς
2624 2238 2681 2296 δέ
2728 2242 2973 2306 κάκεῖνος
3020 2241 3283 2307 εὒπλοίας
3332 2244 3508 2322 τυχὼν
3562 2240 3827 2318 παρεγένετο,

2285 2328 2372 2384 ἐπὶ
2429 2333 2774 2401 κατασκοπὴν
2826 2331 2924 2387 τοῦ
2989 2333 3182 2404 τόπου,
3216 2330 3345 2389 δέκα
3389 2338 3491 2387 τῶν
3518 2328 3701 2388 πλοίων
3738 2350 3827 2402 προ-

2284 2415 2540 2492 έπεμπεν,
2576 2422 2708 2495 ἅπερ
2741 2421 2840 2476 οὐκ
2880 2420 3062 2477 εἰδότα
3118 2424 3212 2478 τὸν
3266 2420 3447 2489 δόλον,
3478 2420 3630 2494 εἰσῄει
3684 2419 3830 2492 ἀπροο-

2286 2510 2463 2586 ράτως
2492 2510 2568 2573 εἷς
2625 2513 2686 2565 τὸ
2749 2517 2848 2566 τοῦ
2904 2512 3074 2567 τόπου
3134 2513 3477 2579 στενώτατον,
3508 2507 3615 2574 ἔνθα
3641 2509 3713 2562 καί
3746 2519 3833 2569 θυι

2288 2605 2581 2675 ματουργεῖ
2634 2622 2685 2654 τι
2746 2601 2895 2667 Θεὸς,
2951 2600 3070 2657 οὐδ’
3128 2600 3293 2675 ὀλίγα
3353 2598 3629 2673 δυναμένην
3686 2594 3832 2651 Bamb:

2278 2692 2381 2757 τήν
2432 2689 2775 2761 ἀνθρωπίνην
2827 2690 3090 2759 ἐπίνοιαν,
3140 2691 3283 2746 ὅπου
3325 2690 3674 2765 συναιρόμενος
3722 2686 3832 2744 αὐτὸς

2282 2780 2372 2834 καὶ
2421 2777 2823 2853 συλλαμϐάνωο
2873 2782 3189 2852 εὑρίσκεται.
3239 2780 3384 2855 Μέγα
3448 2780 3543 2855 γάρ
3592 2801 3636 2833 τι
3685 2796 3832 2849 κυρτω-

2284 2870 2368 2933 θέν
2419 2874 2586 2943 κῦμα,
2626 2871 2717 2925 καὶ
2776 2871 2957 2944 ὥσπερ
3015 2871 3283 2947 ἀνάρῥουν
3334 2877 3555 2938 ποιῆσαν
3602 2872 3668 2938 τῷ
3713 2863 3833 2925 ὕδατι,

2282 2961 2335 3016 ἓν
2390 2966 2497 3016 τῶν
2539 2962 2749 3018 πλοίων
2807 2959 3206 3030 ὑποϐαστάσαν,
3274 2964 3510 3036 ὑπεράνω
3564 2959 3731 3023 τέθεικε
3769 2961 3835 3021 τῆς

2282 3050 2547 3121 ἁλύσεως,
2589 3052 2661 3113 ὡς
2727 3054 2819 3107 καὶ
2876 3050 3055 3109 δοκεῖν
3094 3053 3179 3109 ἐπί
3233 3076 3379 3117 τινος
3435 3053 3615 3126 πέτρας
3666 3046 3766 3107 τοὺς
3802 3042 3835 3095 έν

2278 3146 2358 3213 τῷ
2389 3139 2570 3214 πλοίῳ
2609 3144 3081 3218 προθερεισθῆναι.
3124 3144 3264 3199 Εἶτα
3306 3142 3504 3199 Ούελλά
3552 3162 3625 3202 τις
3657 3128 3836 3212 προσϐα-

526 3229 782 3299 procella
830 3245 962 3283 cum
1008 3243 1162 3283 mare
1194 3231 1427 3299 repente
1472 3227 1896 3295 contnrbasset,
1948 3226 2166 3283 extollit

2282 3230 2476 3299 λοῦσα,
2506 3232 2606 3301 τὴν
2656 3229 2922 3295 θάλασσάν
2990 3254 3048 3288 τε
3107 3231 3486 3309 διαταράξασα,
3538 3228 3615 3283 ἴσα
3662 3226 3731 3280 καὶ
3775 3220 3833 3274 αὖ·

527 3319 739 3374 ﬂurlus
786 3318 1086 3374 montibus
1118 3334 1288 3391 pares
1321 3318 1757 3391 magnitudine:
1791 3323 1849 3373 et
1880 3318 2168 3372 undarum

528 3408 657 3462 aliae
687 3408 923 3478 quidem
954 3409 1297 3463 amovebant
1328 3407 1489 3479 ligna
1520 3412 1731 3462 catenae
1764 3406 2016 3477 alligata,
2047 3406 2170 3461 aliae

541 3502 736 3551 autem
790 3496 1060 3552 tollentes
1124 3514 1298 3553 naves
1348 3498 1404 3551 in
1463 3497 1671 3564 altum,
1721 3495 2175 3551 transmiserunt

530 3604 734 3643 omnes
766 3605 942 3660 supra
972 3592 1254 3643 catenam.
1293 3588 1397 3643 Illa
1429 3592 1621 3644 autem
1654 3592 1710 3643 et
1740 3604 1773 3642 a
1803 3587 1957 3642 venti
1990 3586 2170 3641 vehe-

527 3678 744 3733 mentia
770 3685 823 3734 et
864 3695 896 3733 a
948 3678 1242 3747 ﬂuctibus,
1276 3678 1374 3750 qui
1435 3678 1495 3732 in
1552 3694 1675 3733 eam
1743 3676 2169 3746 irrumpebant,

531 3768 825 3838 disrupta,
886 3766 1131 3838 praebuit
1195 3766 1418 3823 caeteris
1494 3768 1743 3822 navibus
1816 3767 2169 3822 inoffensum

530 3858 753 3913 aditum
790 3857 1069 3912 adversus
1099 3858 1470 3911 Homeritam.
1530 3858 1732 3912 Decem
1796 3856 1976 3927 igitur
2030 3872 2173 3926 prae-

535 3944 699 4001 dictae
761 3944 1111 4017 appulerunt
1172 3945 1367 4014 littori,
1426 3946 1583 4016 quod
1671 3946 1869 4000 aberat
1924 3945 2173 3998 ducenta

536 4034 742 4105 stadia,
781 4034 879 4089 ubi
912 4049 1007 4088 rex
1037 4037 1161 4088 erat
1208 4049 1340 4088 cum
1371 4034 1643 4089 exercitu.
1693 4034 1946 4104 Reliquae
1978 4037 2171 4087 autem

532 4140 736 4190 naves,
798 4130 970 4179 vento
1030 4129 1347 4191 retroaotaz,
1397 4124 1543 4179 nihil
1602 4129 1867 4195 poterant
1924 4124 2170 4178 efﬁcere.

532 4212 780 4269 Emissis
835 4213 1033 4284 itaque
1091 4214 1323 4284 triginta
1359 4213 1619 4270 millibus
1666 4213 2173 4284 cataphractorum

536 4302 826 4373 equitum,
859 4303 1100 4359 Dunaan
1144 4304 1499 4375 impediebat
1526 4320 1753 4371 eorum,
1776 4304 1878 4375 qui
1920 4308 2084 4358 erant
2113 4302 2171 4356 in

530 4391 729 4447 decem
782 4392 1054 4459 navibus,
1086 4392 1306 4449 exitum
1349 4394 1407 4448 in
1441 4398 1672 4448 terram.
1724 4391 1945 4465 Viginti
1977 4397 2172 4446 autem

533 4495 602 4535 ex
634 4480 917 4552 dispersis
966 4482 1231 4547 navibus,
1263 4482 1359 4536 ubi
1383 4486 1505 4536 erat
1534 4482 1657 4553 ipse
1690 4481 1991 4549 Elesbaan,
2025 4481 2171 4535 haud

536 4568 720 4625 multo
774 4575 905 4640 post
962 4569 1099 4625 illuc
1154 4569 1294 4641 ipsas
1325 4570 1499 4625 etiam
1558 4569 1926 4642 appulerunt.
1980 4555 2261 4624 TertioD

533 4674 666 4715 vero
711 4659 803 4715 die
850 4658 1084 4731 reliqua:
1116 4674 1346 4731 quoque
1380 4665 1722 4731 apparentes
1754 4675 1955 4726 naves,
1989 4675 2175 4729 appu-

535 4748 733 4803 lerunt
762 4752 819 4804 et
842 4748 980 4819 ipsae
1020 4750 1189 4819 longe
1218 4749 1478 4804 inferius.
1520 4748 1804 4820 Opinatus
1832 4752 2027 4803 autem
2064 4748 2175 4802 Du-

535 4854 685 4892 naan
736 4837 887 4893 inter
950 4838 1145 4910 plures
1203 4854 1331 4894 esse
1389 4854 1605 4911 regem,
1663 4838 1882 4907 majore
1940 4842 2177 4909 accepto

532 4927 793 4984 exercitu
850 4926 987 4983 illuc
1016 4926 1198 4994 venit,
1240 4944 1418 4999 parva
1482 4926 1681 4984 relicta
1739 4926 2021 4989 custodia,
2076 4924 2176 4980 ubi

534 5021 657 5073 erat
690 5032 888 5072 revera
945 5016 1246 5071 Elesbaan.
1280 5018 1425 5073 Cum
1476 5021 1671 5071 autem
1721 5020 2001 5071 tereretur
2030 5020 2178 5070 tem-

541 5122 671 5178 pus,
733 5122 836 5161 nec
883 5123 913 5162 e
968 5106 1214 5162 navibus
1255 5106 1638 5161 educerentur
1684 5106 1859 5171 acies,
1892 5105 2181 5159 defecerat

540 5196 776 5265 quidem
812 5211 965 5267 aqua
1002 5200 1059 5251 et
1092 5194 1253 5250 cibus
1305 5196 1397 5259 iis,
1433 5194 1529 5265 qui
1573 5198 1736 5249 erant
1780 5193 1839 5248 in
1886 5194 2132 5248 navibus
2164 5209 2178 5249 :

544 5283 838 5353 equitibus
869 5289 1062 5340 autem
1086 5283 1339 5339 Hebraeis
1363 5282 1449 5339 sol
1472 5286 1597 5338 erat
1617 5282 1925 5351 molestus,
1944 5286 2183 5352 totoque

544 5370 637 5427 die
667 5389 765 5428 eos
796 5374 1166 5430 vehementer
1204 5372 1540 5445 impetebat.

622 5460 812 5515 XXXI.
846 5463 1128 5519 Caeterum
1182 5462 1482 5535 equitibus
1522 5460 1647 5517 suis
1690 5461 1934 5517 Dunaan
1973 5477 2185 5533 magna

543 5552 913 5615 machinatus
943 5561 1028 5607 est
1058 5554 1453 5621 tabernacula,
1488 5569 1807 5624 eorumque
1839 5553 2050 5608 umbra
2081 5553 2181 5608 de—

546 5643 699 5721 pulit
728 5642 955 5711 aastum,
979 5640 1080 5711 qui
1114 5642 1388 5698 afferebat
1408 5643 1754 5700 molestiam.
1788 5647 1964 5700 Porro
1994 5645 2187 5698 autem

2278 3326 2395 3380 τοῖς
2427 3317 2601 3395 ὄρεσιν
2648 3320 2900 3397 ἀνήγειρε
2948 3322 3163 3395 κύματα
3196 3339 3211 3353 ·
3246 3324 3336 3378 καὶ
3376 3322 3437 3376 τὸ
3478 3321 3565 3392 μὶν
3602 3321 3689 3371 τῶν
3718 3311 3835 3381 κυμί·

2279 3431 2385 3463 των
2447 3410 2513 3464 τὰ
2572 3408 2977 3485 προσδεδεμένα
3028 3411 3357 3492 ὑπεκούφιζε
3409 3414 3475 3483 τῇ
3527 3406 3691 3462 ἁλύσει
3729 3400 3837 3470 ξῦλιι

2318 3500 2331 3515 \
2398 3496 2444 3553 ὃς
2596 3501 2650 3534 ιβ
2720 3500 2732 3517 ρ
2832 3520 2852 3533 ‘
2965 3501 2978 3518 ι
3177 3506 3198 3517 ε,
3249 3488 3259 3492 ⁷
3538 3497 3549 3516 ι
3702 3488 3722 3509 ν
3782 3488 3828 3539 θ,⁸

2278 3520 2341 3552 το
2432 3520 2455 3553 ε
2514 3520 2648 3573 προ,
2719 3503 2850 3571 υψο..
2924 3522 2985 3555 το
3061 3500 3261 3555 πλοιον
3327 3503 3649 3572 μετεωριζον,
3698 3506 3837 3545 ανωιθ

2279 3586 2451 3641 πάντα
2484 3581 2755 3655 διεϐίϐαζε
2793 3594 2892 3655 τῆς
2931 3586 3199 3647 ἁλύσεως.
3234 3589 3295 3643 Ἤ
3350 3585 3404 3641 δὲ
3452 3584 3544 3640 ὑπό
3580 3602 3630 3635 τε
3669 3580 3745 3647 τῆς
3773 3576 3836 3627 τοδ

2283 3673 2521 3748 σφοδροῦ
2579 3676 2889 3748 πνεύματος
2957 3676 3099 3751 βίας,
3142 3676 3248 3730 ὑπό
3305 3697 3361 3730 τε
3409 3679 3509 3729 τῶν
3539 3683 3836 3745 προσαρασεο-

2285 3765 2457 3839 μένων
2514 3767 2649 3841 αὐτῇ
2698 3766 2956 3839 κυμάτων
2998 3764 3341 3835 διακοπεῖσα,
3382 3760 3587 3831 ἀϐλαϐῆ
3622 3760 3703 3826 τὴν
3743 3751 3835 3841 πρὸξ

2280 3856 2369 3910 τὸν
2409 3856 2718 3929 Ὀμηρίτην
2774 3852 2985 3911 εἷ’σοδον
3050 3861 3166 3916 τοῖς
3226 3855 3450 3918 πλοίοις
3519 3838 3838 3923 παρέσχετο,ἆ

2282 3946 2368 3998 καὶ
2451 3946 2725 4019 προσέσχε
2818 3949 2897 4016 τῷ
2971 3943 3229 4018 αῗγιαλῷ,
3291 3942 3585 4002 διακοσίους
3643 3931 3839 4019 ἀπέχοντέ

2285 4029 2558 4102 σταδίους,
2601 4033 2662 4086 οὗ
2701 4034 2768 4103 ἦν
2805 4032 2938 4105 μετά
2988 4038 3096 4087 τῶν
3138 4029 3548 4107 στρατευμάτων
3579 4029 3603 4081 ὁ
3631 4015 3834 4099 βασιλεύςο

2284 4122 2364 4179 Τὰ
2406 4119 2462 4175 δὲ
2501 4122 2671 4177 λοιπὰ
2700 4120 2894 4193 πλοῖα,
2929 4123 3033 4176 ὑπὸ
3073 4125 3167 4176 τοῦ
3208 4122 3511 4194 πνεύματος
3539 4116 3682 4172 ὀπίσω
3719 4106 3840 4161 ἐλαυ-

2282 4212 2502 4284 νόμενα,
2540 4208 2690 4265 οὐδὲν
2740 4211 2885 4285 εἶχεν
2933 4210 3126 4265 ἀνύειν.
3178 4210 3543 4285 Τρισμυρίους
3587 4202 3663 4259 οὖν
3708 4196 3843 4285 ἱππεῖς

2281 4300 2692 4379 καταφράκτους
2784 4298 3068 4373 ἐκπέμψας
3139 4300 3166 4353 6
3235 4300 3490 4366 Δουναάν,
3558 4294 3719 4367 ἐχεῖχε
3776 4280 3844 4345 τήν

2282 4394 2389 4444 τῶν
2441 4388 2565 4443 δέκα
2614 4388 2827 4444 πλοίων
2879 4390 2965 4444 ἐπὶ
2997 4391 3096 4458 τήν
3130 4395 3234 4463 γῆν
3265 4385 3463 4458 ἔξοδον.
3496 4383 3663 4442 Ε”ικοσι
3690 4375 3736 4431 δὶ
3770 4374 3845 4463 ﬁt?"

2286 4476 2741 4552 διεσκεδασμένων
2804 4476 3037 4549 πλοίων,
3098 4477 3223 4532 ἔνθα
3279 4478 3346 4546 ἦν
3400 4474 3488 4530 καὶ
3542 4470 3684 4526 αὐτὸς
3740 4460 3852 4552 Ἐλεξ

2288 4564 2474 4637 σϐαὰν,
2508 4567 2766 4643 ὥρμησεν
2798 4569 2961 4623 αὐτοῦ
3001 4590 3105 4623 που
3151 4573 3249 4624 τοῦ
3301 4564 3560 4642 βασιλέως
3602 4556 3754 4635 ἐγγύς·

2287 4656 2343 4713 δὲ
2390 4658 2580 4733 τρίτης
2631 4656 2858 4735 φανέντα
2903 4658 2993 4713 καὶ
3040 4657 3106 4712 τά
3154 4656 3344 4727 λοιπά,
3390 4652 3599 4727 ὥμμισε
3637 4645 3714 4702 καὶ
3760 4638 3855 4735 αὖῖι

2286 4728 2487 4819 πολλῷ
2520 4728 2832 4820 κατωτέρω.
2869 4748 2965 4804 Καὶ
3011 4745 3078 4816 δὴ
3129 4745 3356 4819 νομίσας
3398 4745 3425 4799 6
3457 4738 3681 4807 Δόυναὰν
3706 4731 3747 4787 ἐν
3776 4728 3856 4782 τοῖς

2285 4836 2534 4893 πλείοσιν
2588 4838 2727 4892 εἶναι
2767 4838 2861 4893 τὸν
2913 4835 3156 4912 βασιλέα,
3191 4838 3291 4904 τήν
3335 4834 3399 4889 π)
3416 4832 3505 4888 είω
3554 4822 3717 4884 λαϐὼν
3745 4835 3858 4912 στεα-

2284 4926 2401 4981 τιάν
2480 4925 2652 4981 ἐκεῖσε
2728 4925 2968 5003 ἀφίκετο,
3017 4926 3116 4993 τήν
3192 4924 3371 4993 ἄλλην
3434 4917 3536 4974 ὧδε
3589 4908 3861 5003 καταλιπων,

2288 5015 2413 5079 ἔνθα
2470 5019 2538 5088 τῇ
2603 4998 2835 5087 ἀληθείᾳ
2881 5016 2947 5083 ἦν
2989 5016 3016 5069 ὁ
3066 5010 3385 5071 Ἐλεσὸαάν,
3418 5011 3511 5070 Ὠς
3566 5005 3618 5062 δὲ
3661 5005 3686 5056 ὁ
3716 4998 3864 5088 χρόνος

2292 5101 2559 5179 ἐτρίϐετ⁰’
2617 5108 2706 5159 ἀἱ
2788 5105 2888 5158 οὐκ
2960 5106 3025 5173 ἦν
3102 5102 3535 5178 ἁντεπεξαγωγὴ,
3592 5084 3862 5185 ἐπιλελοίπει

2296 5197 2389 5266 μὲν
2436 5196 2499 5249 τὸ
2550 5192 2696 5270 ὕδωρ
2727 5194 2814 5248 καὶ
2852 5196 2916 5247 τά
2946 5194 3091 5249 σιτία
3118 5193 3242 5255 τοὺς
3268 5193 3316 5247 ἐν
3348 5196 3465 5252 τοῖς
3503 5185 3709 5241 πλοίοις
3738 5193 3749 5206 '
3776 5172 3864 5227 έλῦί

2291 5303 2379 5338 πει
2410 5281 2465 5337 δὲ
2495 5285 2581 5338 καὶ
2616 5285 2643 5337 ὁ
2676 5281 2840 5352 ἥλιος
2874 5284 3000 5344 τοὺς
3031 5284 3215 5343 ἱππεῖς
3264 5280 3331 5335 δι’
3362 5278 3496 5350 ὅλης
3524 5274 3717 5347 ἡμέρας
3740 5278 3864 5337 πρθ⁶’

2294 5367 2521 5427 ϐάλλων
2550 5371 2744 5436 πολύς.

2368 5462 2497 5517 ΛΛ’.
2538 5466 2665 5521 Τοῖς
2716 5462 2808 5533 μὲν
2856 5459 2947 5515 οὖν
3012 5461 3263 5516 ἱππεῦσιν
3334 5463 3436 5527 ἕζω
3485 5448 3670 5521 «xxvi:
3725 5441 3869 5510 3MP"

2297 5550 2677 5624 χανησάμενος
2718 5553 2746 5606 6
2798 5552 3045 5612 Aouwa‘w
3099 5549 3358 5625 μεγάλας,
3386 5546 3472 5601 καὶ
3524 5542 3751 5608 τιέσσιιιρσι
3803 5544 3870 5579 ἀ’

2310 5639 2511 5713 μήλοις
2541 5638 2820 5711 ἀλλήλαις
2869 5640 3327 5715 συνεζευγμέναις,
3361 5636 3581 5703 ἑκάστην
3637 5629 3733 5681 τῶν
3783 5634 3873 5680 σκη-
