4012 6220
203 334 229 392 1
243 330 358 391 Ξ85

1438 321 1925 386 MAR’PYRIUM
1971 323 2037 382 S.
2086 321 2455 383 ΑΗΕΤΗίΕ.

3450 321 3605 380 1286

202 495 295 546 νῦν
353 490 555 553 ἄνωθεν
602 494 817 549 κοντοῖς
871 488 1173 568 φερομένην
1203 482 1517 560 προσδήσας
1562 484 1636 545 ὡς
1670 481 1846 539 δοκεῖν

1970 482 2129 539 misit
2150 482 2326 538 etiam
2360 482 2669 553 quemdam
2701 498 2769 537 ex
2795 481 2919 539 suis
2942 482 3204 555 cognatis
3234 496 3368 538 cum
3396 480 3606 553 viginti

202 583 269 635 τά
317 581 418 655 ὅρη
467 577 726 633 κινεῖσθαί
780 600 889 633 τισι
942 581 1224 651 μηχαναῖς
1272 576 1359 629 καὶ
1416 572 1666 651 φέρεσθαι
1714 571 1850 627 κατᾶ

202 674 312 724 τῶν
368 665 581 722 πλοίων
639 670 708 740 τῇ
768 666 827 721 ἐκ
874 666 1079 721 τούτων
1113 668 1236 734 σκιᾷ
1262 664 1325 718 τὸ
1359 662 1564 719 λυποῦν
1591 666 1688 717 τοῦ
1718 662 1850 717 καύ-

208 778 379 831 ματος
428 755 780 831 ἀπεκρούετο.
831 756 1130 827 Ἐξὲπεμπε
1181 750 1237 808 δὲ
1265 753 1355 807 καὶ
1392 773 1513 807 τινα
1542 756 1650 807 τῶν
1684 751 1849 806 αὐτοῦ

206 850 483 922 συγγενῶν
543 846 680 920 μετὰ
738 841 1036 917 δισμυρίων
1094 840 1324 909 ἱππέων,
1377 841 1513 915 πρὸς
1569 841 1630 895 τὸ
1679 861 1851 895 κατα-

207 942 478 1006 σκοπῆσαι
544 935 605 988 τὸ
662 933 841 1008 μέρος,
895 927 1021 987 ἔνθα
1087 933 1153 1001 ἧν
1208 933 1235 986 ὁ
1276 926 1602 988 Ἐλεσϐαάν.
1638 932 1736 985 Καὶ
1766 950 1849 991 τις

205 1029 313 1079 τῶν
373 1024 649 1097 εὐνούχων
696 1026 791 1075 τοῦ
852 1020 1142 1097 βασιλέως,
1177 1014 1470 1075 ὒπολαϐὼν
1528 1025 1723 1074 τοῦτον
1773 1018 1851 1080 εἷς

202 1112 503 1188 γυμνάσιον
579 1108 794 1179 ἒξιέναι.
872 1108 1097 1183 δοράτια
1162 1108 1320 1164 πέντε
1402 1112 1581 1184 χρυσᾶ
1666 1104 1850 1163 λαϐὼν

205 1199 523 1273 συνεξῆλθεν
582 1199 752 1271 αύτῷ.
814 1200 964 1256 Ἐπεὶ
1024 1196 1079 1253 δὲ
1118 1196 1244 1260 τοὺς
1275 1198 1397 1272 περὶ
1426 1199 1518 1252 τὸν
1549 1192 1845 1254 Έλεσϐαὰν

205 1290 650 1364 ἐπαγρυπνοῦτας
706 1288 878 1361 εὕροι,
948 1282 1131 1342 λαϐὼν
1190 1286 1280 1340 τὸν
1338 1287 1617 1360 εὐνοῦχον,
1648 1284 1739 1340 καί
1766 1307 1849 1339 τι·

206 1398 301 1439 νας
357 1381 465 1432 τῶν
522 1375 687 1431 αὐτοῦ
741 1381 881 1452 τρεῖ,
944 1375 1207 1450 μακρόθεν
1261 1374 1425 1448 ἀπῄει
1473 1375 1609 1450 πρὸς
1656 1376 1846 1447 θήραν.

207 1470 448 1542 Ἔτυχον
501 1463 558 1521 δέ
614 1485 758 1527 τινες
808 1468 915 1518 τῶν
961 1469 1057 1518 τοῦ
1105 1459 1397 1519 Ἐλεσϐααν
1428 1468 1509 1536 τῷ
1548 1462 1700 1537 λιμῷ
1730 1484 1852 1517 πιε-

210 1556 429 1631 ζόμενοι
484 1554 665 1610 ἵππων
722 1548 1005 1616 ἐπιϐάντες
1058 1554 1249 1608 νυκτὸτ
1306 1554 1444 1625 πρὸς
1500 1554 1625 1615 τοὸς
1684 1551 1851 1607 πολε-

210 1648 371 1719 μίους
433 1642 849 1718 διαδιδράσκειν,
912 1641 965 1697 ο’ί
1024 1644 1112 1697 καὶ
1179 1644 1569 1720 περιτυχόντες
1640 1642 1850 1712 αὐτοῖς,

204 1735 331 1795 τοὺς
394 1735 488 1807 μὲν
548 1733 756 1795 ἄλλους
815 1732 1150 1803 ἀπέκτειναν,
1218 1732 1309 1787 τὸν
1368 1734 1597 1807 συγγενῆ
1637 1728 1694 1786 δὲ
1752 1729 1849 1785 λαο

208 1820 394 1885 εόντες
450 1826 546 1878 τοῦ
617 1821 905 1897 βασιλέως,
946 1821 1035 1876 καὶ
1098 1822 1163 1876 τὰ
1221 1827 1399 1897 χρυσᾶ
1459 1819 1680 1895 δόρατα,
1711 1820 1848 1894 πρός

204 1914 273 1970 τά
328 1912 499 1968 πλοῖα
550 1911 716 1967 πάλιν
774 1910 1111 1989 ἀνέστρεφον·
1147 1911 1180 1965 ὀί
1238 1911 1325 1965 καὶ
1384 1904 1568 1965 λαϐὼν
1625 1910 1653 1963 ὁ
1703 1886 1936 1964 εύσε-Β

210 2005 316 2077 βὴς
377 2000 629 2078 βασιλεύς
687 2000 839 2065 εὐθὺς
899 2000 1113 2064 ἀνέθετο
1161 1998 1241 2072 τῷ
1285 2003 1421 2071 Θεῷ.
1456 1997 1630 2061 Αὐτὸς
1660 1997 1717 2053 δὲ
1754 1999 1853 2067 τήν

210 2094 463 2168 στρατιὰν
518 2090 873 2163 ὡπλισμένην
959 2090 1011 2145 ἐν
1099 2095 1218 2152 τοῖς
1307 2088 1667 2165 βραχυτέροις
1746 2092 1853 2143 τῶν

208 2180 422 2238 πλοίων
474 2177 751 2255 ἐμϐαλὼν,
801 2178 991 2250 ἐξῆλθε
1048 2180 1184 2253 πρὸς
1234 2181 1362 2241 τους
1404 2178 1455 2233 ἐν
1490 2177 1731 2256 αἰγιαλῷ
1760 2200 1858 2233 πο-

209 2270 459 2343 λεμίους,
520 2269 610 2325 καὶ
667 2270 855 2345 μάχην
937 2269 1194 2343 συνάψας,
1252 2273 1395 2323 νῶτα
1474 2266 1661 2329 δόντας
1724 2266 1855 2329 τοὺς

212 2354 500 2431 Ἐϐραίους
557 2356 809 2431 πολέμου
864 2358 1019 2431 νόμω
1078 2359 1277 2419 πάντας
1362 2353 1703 2433 κατέσφαξεν,
1781 2355 1857 2417 ὡς

213 2445 354 2520 μηδὲ
418 2447 651 2522 ἄγγελον
708 2451 816 2501 τῶν
875 2446 1179 2521 γενομένων
1233 2442 1613 2499 ὑπολιπέσθαι.
1662 2446 1854 2516 "Ewa

211 2534 269 2591 δὲ
295 2542 405 2591 τῶν
461 2540 557 2590 τοῦ
619 2533 887 2604 βασιλέως
939 2539 1198 2606 συγγενῆ,
1250 2530 1535 2586 δεικούντα
1582 2533 1679 2598 τὴν
1724 2532 1858 2601 πρὸς

214 2630 368 2695 Φαρῆ
404 2624 502 2691 τὴν
549 2621 712 2676 πόλιν
764 2619 911 2691 ὁδὸν,
942 2617 1067 2684 ἔνθα
1109 2622 1174 2689 ἦν
1205 2620 1272 2676 τὰ
1312 2619 1565 2693 βασίλεια
1598 2620 1856 2691 Δουνααν,

217 2710 406 2766 ἄνεισι.
440 2710 545 2767 Καὶ
611 2710 810 2779 ταύτης
869 2711 1164 2781 κρατήσας,
1221 2707 1517 2786 ἀφυλάκτῳ
1574 2728 1632 2761 τε
1660 2713 1729 2781 τῇ
1760 2706 1859 2763 πό-

216 2798 299 2855 λει
356 2798 687 2873 περιτυχὼν,
756 2797 928 2852 πάντα
984 2798 1076 2852 τὸν
1132 2798 1352 2872 περὶτὰ
1398 2795 1649 2871 βασίλεια
1678 2794 1855 2851 πλοῦ-

211 2909 325 2958 τον,
358 2889 447 2943 καὶ
482 2888 648 2949 αύτὰς
682 2881 949 2959 λαμϐάνει
982 2888 1076 2949 τὰς
1114 2883 1419 2962 βασιλίδας.

284 2978 413 3035 ΔΒ’.
463 2979 569 3047 Την
631 2974 688 3031 δὲ
732 2983 832 3046 τῆς
892 2976 1107 3038 πόλεως
1165 2974 1393 3046 ἅλωσιν,
1450 2976 1540 3031 καὶ
1599 2976 1699 3045 τὴν
1736 2980 1859 3047 ,τῶν

217 3065 509 3142 βασιλείων
578 3064 893 3145 διαφθορὰν,
952 3061 1030 3121 ἔτι
1090 3063 1147 3121 δὲ
1202 3066 1291 3120 καὶ
1340 3067 1442 3135 τήν
1499 3070 1608 3120 τῶν
1649 3064 1861 3120 οἰκείων

215 3154 606 3231 αἰχμαλωσίαν
665 3155 903 3209 Δουναᾶν
964 3152 1348 3224 διενωτισθεὶς,
1390 3156 1481 3209 καὶ
1541 3152 1720 3216 δείσας
1782 3155 1858 3227 μὴ

1963 571 2224 627 millibus
2253 570 2510 641 equitum
2543 571 2610 626 ad
2643 570 3058 642 speculandam
3092 578 3315 642 partem
3343 570 3522 641 illam,
3546 571 3609 627 in

1960 678 2074 732 qua
2103 670 2225 717 erat
2256 662 2555 717 Elesbaan.
2592 660 2833 724 Quidam
2866 665 3055 715 autem
3100 675 3169 715 ex
3199 659 3486 716 eunuchis
3518 674 3610 715 re-

1960 752 2051 823 gis
2109 751 2422 807 arbitratus
2472 767 2608 808 eum
2665 750 2821 806 exire
2852 751 2921 805 ad
2955 766 3018 805 se
3062 751 3471 817 exercendum,
3506 766 3608 805 ao-

1959 841 2143 913 ceptis
2173 842 2431 912 quinque
2463 839 2655 895 aureis
2686 839 2981 905 lanceolis,
3017 856 3152 894 cum
3185 856 3251 895 eo
3292 844 3377 895 est
3419 854 3609 910 egres-

1960 946 2084 985 sus.
2145 929 2287 985 Cum
2340 930 2390 983 is
2442 932 2635 983 autem
2694 929 2977 984 Elesbaan
3049 929 3245 998 cOpias
3292 927 3609 985 invenisset

1959 1018 2287 1089 vigilantes,
2330 1034 2580 1088 quarum
2636 1034 2772 1088 pars
2816 1018 2941 1087 jam
2974 1034 3003 1073 e
3062 1017 3309 1072 navibus
3352 1033 3603 1088 egressa,

1962 1108 2151 1164 locum
2190 1108 2244 1162 in
2309 1108 2501 1162 littore
2557 1111 2889 1178 occuparat,
2948 1112 3185 1177 accepto
3231 1107 3523 1175 eunucho,
3556 1111 3613 1162 et

1964 1196 2154 1253 tribus
2174 1213 2243 1252 ex
2267 1194 2572 1262 suis,abiit
2601 1194 2804 1267 procul
2831 1195 2901 1249 ad
2926 1196 3317 1251 venationem.
3360 1196 3607 1262 Quidam

1964 1290 2158 1341 autem
2200 1303 2268 1341 ex
2310 1285 2588 1341 Elesbaan
2633 1286 2886 1341 exercitu
2926 1285 3191 1355 oppressi
3222 1285 3395 1351 fame,
3429 1302 3610 1356 equos

1966 1378 2141 1431 noctu
2199 1375 2678 1439 conscenderant,
2729 1378 2795 1429 ut
2852 1373 3051 1429 hostes
3102 1373 3444 1445 eﬂugerent.
3504 1374 3610 1439 Qui

1966 1480 2097 1520 cum
2139 1464 2198 1520 in
2251 1481 2350 1521 eos
2388 1463 2750 1533 incidissent,
2784 1462 2927 1519 alios
2978 1462 3214 1534 quidem
3249 1462 3609 1529 occiderunt,

1966 1553 2115 1624 regis
2146 1558 2340 1608 autem
2382 1556 2695 1624 cognatum
2726 1552 3042 1622 capientes,
3064 1554 3122 1607 et
3151 1566 3357 1606 aureas
3380 1550 3611 1606 lanceas

1967 1647 2283 1713 portantes,
2334 1643 2403 1698 ad
2455 1657 2628 1698 naves
2682 1641 2999 1696 redierunt.
3058 1640 3165 1695 Eas
3217 1644 3413 1696 autem
3474 1656 3609 1696 cum

1964 1732 2286 1803 accepisset
2315 1748 2411 1787 rex
2440 1731 2594 1804 pius,
2635 1730 2828 1787 statim
2862 1730 2977 1786 Deo
3009 1729 3313 1787 dedicavit.
3348 1729 3478 1801 Ipse
3507 1746 3612 1785 au-

1966 1830 2105 1889 tem,
2138 1820 2364 1891 reliquo
2389 1824 2613 1876 armato
2641 1819 2893 1876 exercitu
2928 1819 3193 1875 immisso
3226 1821 3280 1875 in
3315 1819 3609 1875 breviores

1964 1927 2160 1978 naves,
2193 1926 2456 1980 egressus
2486 1915 2571 1965 est
2605 1910 2677 1965 ad
2718 1909 2939 1975 hostes,
2974 1910 3073 1979 qui
3106 1912 3270 1965 erant
3299 1908 3359 1963 in
3392 1907 3607 1978 littore,

1965 2005 2021 2056 et
2050 2016 2244 2072 pugna
2287 2005 2439 2055 terra
2487 2000 2751 2070 marique
2793 1997 3131 2061 commissa,
3177 1998 3462 2064 Hebraeos,
3506 1997 3607 2069 qui

1965 2095 2123 2161 terga
2154 2091 2451 2157 dederant,
2495 2090 2626 2160 jure
2659 2088 2794 2145 belli
2853 2104 3052 2143 omnes
3084 2088 3316 2156 occidit,
3368 2089 3509 2143 adeo
3542 2093 3608 2143 ut

1965 2194 2038 2233 ne
2069 2195 2222 2234 unus
2281 2176 2517 2249 quidem
2548 2177 2624 2232 sit
2679 2175 2913 2232 relictus
2972 2176 3053 2231 rei
3120 2180 3296 2247 gesta:
3346 2175 3611 2231 nuntius.

1965 2269 2110 2324 Cum
2140 2272 2334 2325 autem
2366 2266 2612 2322 haberet
2641 2270 2955 2337 cognatum
2987 2264 3161 2335 regis,
3194 2265 3295 2336 qui
3326 2264 3376 2321 ei
3412 2271 3614 2320 osten-

1965 2358 2138 2413 debat
2170 2358 2342 2424 viam,
2385 2373 2515 2428 quas
2545 2356 2708 2412 ducit
2739 2356 2808 2409 ad
2836 2355 3128 2411 civitatem
3170 2355 3373 2426 Pbare,
3407 2354 3467 2410 in
3500 2372 3617 2427 qua

1966 2452 2090 2501 erat
2120 2446 2277 2516 regia
2299 2451 2566 2511 Dunaan,
2600 2446 2668 2499 ad
2703 2444 2863 2499 illam
2897 2446 3176 2500 ascendit:
3210 2448 3334 2508 Qua
3375 2445 3616 2517 potitus,

1966 2542 2030 2589 ut
2088 2535 2189 2604 qui
2244 2533 2668 2588 incustoditam
2710 2532 3051 2588 oli'endisset
3099 2534 3412 2600 civitatem,
3461 2536 3618 2604 capit

1964 2640 2168 2680 omnes
2198 2622 2451 2692 divitias,
2485 2638 2615 2692 quae
2672 2626 2841 2677 erant
2865 2621 2922 2676 in
2960 2621 3123 2692 regia
3155 2626 3211 2676 et
3254 2622 3411 2694 ipsas
3442 2623 3617 2677 etiam

1967 2712 2223 2784 reginas.

2039 2977 2262 3034 XXXII.
2296 2976 2509 3033 Verum
2569 2994 2699 3033 cum
2744 2983 2975 3052 captam
3011 2979 3232 3047 urbem,
3291 2982 3347 3036 et
3396 2978 3612 3051 regiam

1969 3069 2334 3137 occupatam,
2404 3068 2580 3136 atque
2636 3082 2775 3121 suos
2856 3065 3006 3122 bello
3068 3070 3268 3138 captos
3333 3066 3613 3123 audiisset

1972 3159 2233 3224 Dunaan,
2272 3155 2489 3211 timens
2523 3171 2591 3210 ne
2642 3155 2819 3227 aliqui
2861 3172 2927 3211 ex
2988 3158 3249 3226 cognatis
3304 3157 3616 3213 deﬁcerent

214 3250 324 3300 τῶν
372 3244 537 3299 αὐτοῦ
580 3249 843 3318 συγγενῶν
893 3264 1031 3307 τινες
1075 3248 1154 3315 τῷ
1206 3242 1495 3308 Ἐλεσθαάν
1543 3248 1855 3319 προσρυῶσι

1970 3244 2040 3298 ad
2100 3244 2403 3309 Elesbaan,
2439 3253 2630 3299 mente
2670 3245 2719 3299 ei
2754 3262 2785 3299 a
2844 3246 2957 3301 Deo
2990 3247 3207 3309 ablata,
3259 3262 3392 3302 cum
3442 3262 3615 3301 aurea

215 3340 312 3391 τοῦ
352 3339 485 3390 Θεοῦ
515 3332 822 3414 σφήλαντος
852 3335 950 3402 τὴν
981 3334 1146 3389 αύτοῦ
1176 3335 1405 3408 γνώμην
1452 3341 1662 3409 χρυσῆν
1692 3355 1859 3389 κατα-

216 3425 611 3497 σκευασάμενος
662 3422 981 3493 ἅλυσιν,καὶ
1013 3420 1240 3493 ἐνδήσας
1273 3422 1431 3477 αὐτόν
1462 3444 1519 3477 τε
1549 3422 1856 3494 κάκείνους,

215 3511 449 3582 ἐκάθητο
479 3516 586 3567 τῶν
616 3511 952 3585 πραγμάτων
994 3510 1320 3583 ἠμεληκὼς.
1353 3513 1419 3569 Οἱ
1454 3512 1634 3585 μένιοι
1671 3511 1861 3576 Αἰθίο-

214 3621 335 3671 πες,
368 3601 423 3654 οἱ
456 3599 507 3655 ἐν
534 3605 655 3662 τοῖς
688 3598 930 3668 πλοίοις,
962 3596 1131 3671 μηδὲν
1165 3602 1287 3674 περὶ
1320 3596 1615 3655 Ἐλεσϐαᾶν
1646 3605 1742 3656 τοῦ
1772 3600 1863 3656 αύ-

218 3695 324 3747 τῶν
387 3687 674 3766 βασιλέως,
707 3690 741 3759 ἢ
801 3694 908 3743 τῶν
943 3688 1031 3743 ὑπ’
1061 3688 1230 3744 αὐτοῦ
1270 3689 1668 3765 πεπραγμένων
1717 3690 1862 3762 ἀκη-

215 3781 402 3842 γοότες
436 3779 621 3834 σπάνει
670 3800 728 3834 τε
772 3783 879 3833 τῶν
922 3778 1224 3851 ἂναγκαίων
1274 3774 1737 3857 διαφθειρόμενοι,
1770 3782 1861 3836 καὶ

216 3873 269 3926 ἓν
329 3869 520 3941 ἂπόρῳ
568 3869 739 3938 ὅντες,
795 3869 1143 3943 ἀπογνόντες,
1193 3866 1492 3943 ἐτράποντο
1549 3871 1683 3945 πρὸς
1745 3870 1862 3925 ἰκε-

214 3958 359 4015 τείαν
404 3962 502 4014 τοῦ
560 3959 740 4014 Θείου.
776 3957 872 4011 Καὶ
929 3958 997 4012 τά
1056 3956 1269 4033 μέγαλα
1322 3963 1427 4013 τῶν
1460 3958 1671 4014 πλοίων
1702 3958 1859 4030 ἓνδή-

218 4069 402 4110 σαντες
460 4049 595 4121 πρὸς
654 4045 817 4102 ἑαυτᾶ
888 4044 1171 4115 κυκλόθεν,
1232 4045 1433 4111 ἄνωθέν
1502 4068 1560 4102 τε
1635 4049 1701 4102 τὰ
1783 4047 1864 4103 εύ-

220 4139 373 4210 μήκη
433 4136 569 4205 ξύλα
626 4137 713 4191 καὶ
775 4134 918 4189 ἱστία
973 4133 1500 4209 προσεπιδήσαντες,
1558 4134 1863 4211 καὶῶσπερ

216 4227 337 4280 τινὰ
394 4224 555 4280 πόλιν
608 4225 659 4281 ἐν
709 4229 779 4299 τῇ
838 4223 1082 4301 θαλάσσῃ
1120 4222 1692 4302 διαμηχανησάμενοι,
1726 4227 1776 4282 ἔν
1808 4224 1865 4283 δὲ

218 4319 337 4376 ταῖς
385 4314 646 4391 πλαγίαις
703 4312 896 4386 ἔξωθεν
957 4314 1025 4370 τὰ
1084 4316 1397 4391 βραχύτερα
1460 4320 1567 4371 τῶν
1626 4314 1864 4387 πλοίων,

217 4401 536 4477 προτείχιόν
629 4423 680 4457 τι
768 4403 1106 4477 μιμούμενα,
1175 4405 1592 4479 παραξεύξαντες
1674 4405 1865 4480 ἀθρόοι

219 4493 527 4566 γενόμενοι,
565 4494 699 4565 μετὰ
758 4490 1007 4567 δακρύων
1064 4494 1338 4570 ἱκετηρίαν
1394 4500 1473 4567 τῷ
1513 4500 1629 4567 Θεῷ
1660 4501 1869 4570 προσῆ-

221 4602 322 4656 γον
393 4582 621 4656 μακράν.
692 4582 832 4639 Εἶτα
886 4587 995 4637 τῶν
1052 4584 1215 4659 ἰερῶν
1265 4584 1699 4659 ἀπογευσάμενοι
1761 4606 1864 4657 μυ-

220 4669 462 4744 στηρίων
517 4670 611 4725 καὶ
671 4671 1052 4745 ὁπκισάμενοι,
1110 4668 1425 4729 κατέϐαινον
1482 4673 1568 4729 ἐπὶ
1624 4674 1691 4729 τὰ
1737 4676 1867 4749 βρα-

224 4760 428 4835 χύτερα
458 4761 647 4815 πλοῖα·
682 4760 772 4815 καὶ
805 4762 1023 4822 στάντες
1082 4760 1142 4816 ἐκ
1178 4759 1442 4835 πλαγίου,
1473 4767 1551 4833 τῷ
1584 4765 1659 4835 μὴ
1724 4762 1869 4838 βλά-

223 4845 326 4919 ϐην
366 4849 485 4904 τινὰ
530 4848 633 4903 ὑπὸ
678 4853 786 4904 τῶν
850 4847 1027 4923 βελῶν
1088 4847 1373 4922 ὑπομένειν
1400 4855 1509 4904 τᾶν
1558 4850 1866 4923 πολεμίων,

224 4936 396 4993 ὤθουν
446 4936 579 4993 αὒτὰ
632 4937 767 5013 πρὸς
821 4940 920 5008 τὴν
977 4946 1099 5015 γῆν,
1158 4938 1309 4995 αύτοί
1366 4960 1424 4995 τε
1479 4940 1567 4995 καὶ
1628 4942 1765 4995 ἅπαν
1804 4942 1867 4996 τὸ

220 5028 488 5083 ναυτικόν’
560 5026 627 5082 τά
683 5024 741 5082 δὶ
794 5033 912 5089 τοῖς
1001 5027 1265 5105 μεγάλοις
1354 5025 1707 5101 συνδεδεμένα
1776 5030 1867 5084 καὶ

222 5117 356 5173 αὐτὰ
410 5117 839 5192 συνεφείλκοντο,
896 5115 1061 5193 ἄχρις
1117 5116 1177 5172 ἂν
1245 5118 1299 5173 αἱ
1384 5117 1616 5191 πλευραί
1694 5120 1868 5175 αὐτῶν

221 5208 646 5282 προσοκείλασαι
732 5209 1098 5283 προσήρεισαν
1183 5212 1263 5279 τῷ
1330 5206 1591 5285 αἰγιαλῷ,
1641 5208 1715 5271 ὡς
1782 5230 1871 5283 γε·

222 5295 401 5359 νέσθαι
466 5302 653 5370 τεῖχος
710 5297 895 5358 αὐτοῖς
949 5296 1183 5357 καὶτοῖς
1229 5295 1548 5372 Ὀμηρίταις
1578 5297 1643 5351 τὰ
1674 5295 1867 5353 πλοῖα.

225 5380 641 5458 Ηροσῦαλόντες
684 5384 741 5441 δὲ
803 5387 855 5439 οἱ
907 5383 1167 5458 πολέμιοι
1208 5392 1321 5448 τοῖς
1382 5384 1571 5461 δόρασι
1611 5386 1699 5441 καὶ
1750 5392 1868 5450 ταῖς

225 5470 452 5532 πέλταις
510 5471 787 5528 κατέκλων
842 5473 935 5535 τὰς
1019 5478 1127 5527 τῶν
1208 5476 1564 5552 βραχυτέρων
1653 5473 1864 5530 πλοίων

223 5560 486 5635 πλευράς,
544 5562 631 5615 καὶ
691 5561 877 5617 πολλὰ
932 5561 1059 5623 τοὺς
1119 5562 1374 5627 Αἰθίοπνς
1412 5563 1669 5619 ἐλύπουν.
1711 5564 1779 5620 Οἳ
1813 5562 1869 5619 δὲ

226 5651 359 5725 πρὸς
414 5646 623 5722 ἄμυναν
681 5650 832 5715 αὖθις
883 5651 1017 5726 μετᾶ
1074 5649 1319 5726 δακρύων
1376 5652 1727 5725 ἐξεκαλοῦντο
1774 5654 1865 5707 τὸν

1895 4633 1951 4699 D

1969 3338 2171 3389 catena
2228 3349 2290 3388 sc
2347 3338 2403 3389 et
2488 3334 2621 3389 illos
2680 3334 2993 3403 alligasset,
3073 3336 3311 3391 sedebat
3385 3336 3612 3391 nullam

1967 3438 2157 3478 rerum
2187 3439 2387 3478 curam
2416 3438 2641 3493 gerens.
2676 3424 2782 3487 Qui
2814 3429 3009 3479 autem
3045 3426 3103 3479 in
3136 3425 3405 3496 pluribus
3447 3427 3613 3481 navi-

1967 3512 2079 3568 bus
2109 3516 2272 3567 erant
2301 3511 2621 3584 EthiOpes,
2654 3528 2785 3567 cum
2821 3512 2965 3567 nihil
2999 3514 3364 3570 audivissent
3402 3516 3473 3571 de
3503 3532 3610 3571 suo

1966 3617 2101 3673 rege
2131 3602 2433 3669 Elesbaan,
2468 3606 2572 3657 aut
2618 3603 2687 3657 de
2744 3602 2837 3668 iis,
2873 3618 2997 3673 quae
3054 3609 3329 3673 gesserat,
3362 3607 3418 3658 et
3449 3605 3607 3659 labo-

1969 3696 2165 3746 rarent
2210 3691 2403 3761 inopia
2467 3707 2657 3746 rerum
2731 3693 3215 3759 necessariarum,
3301 3699 3611 3764 essentque

1969 3780 2166 3836 animo
2198 3780 2362 3835 dubii
2417 3785 2473 3836 et
2504 3780 2777 3851 perplexi,
2810 3782 3073 3837 conversi
3133 3786 3270 3839 sunt
3327 3784 3394 3837 ad
3425 3788 3610 3838 Deum

1969 3869 2441 3941 supplicandum.
2467 3870 2534 3924 Et
2555 3886 2687 3925 cum
2720 3887 2964 3942 magnas
2986 3872 3220 3942 quidem
3254 3888 3427 3927 naves
3458 3872 3616 3927 inter

1971 3976 2031 4015 se
2062 3958 2428 4031 alligassent,
2458 3963 2515 4014 et
2544 3975 2721 4030 super
2758 3960 3011 4033 oblonga
3040 3960 3201 4032 ligna
3249 3962 3376 4016 vela
3406 3961 3616 4017 deinde

1970 4051 2315 4119 vinxissent,
2368 4055 2424 4105 et
2451 4049 2627 4106 veluti
2675 4051 2995 4122 quamdam
3027 4052 3319 4109 civitatem
3352 4052 3413 4107 in
3468 4054 3617 4108 mari

1973 4144 2171 4196 essent
2198 4139 2463 4195 fabricati
2496 4140 2897 4197 :extrinsecus
2925 4147 3117 4197 autem
3168 4143 3457 4198 breviores
3518 4160 3617 4199 na-

1971 4246 2093 4296 ves,
2126 4246 2258 4301 qum
2306 4230 2604 4301 quoddam
2654 4247 2956 4287 murorum
2990 4231 3375 4288 imitabantur
3406 4249 3616 4305 propu-

1972 4318 2308 4392 gnaculum,
2358 4320 2748 4385 ordinassent,
2790 4336 2995 4377 omnes
3036 4321 3208 4376 simul
3258 4325 3615 4395 congregati,

1974 4424 2108 4462 cum
2144 4407 2414 4479 lacrymis
2444 4408 2559 4462 Deo
2590 4406 2827 4479 longam
2861 4408 3202 4465 obtulerunt
3229 4410 3618 4483 supplicatio-

1976 4512 2131 4551 nem.
2166 4495 2382 4552 Deinde
2414 4512 2543 4551 cum
2578 4513 2738 4552 sacra
2769 4502 3108 4569 gustassent
3142 4499 3437 4571 mysteria,
3470 4504 3525 4555 et
3555 4516 3617 4557 se

1976 4589 2325 4651 armassent,
2356 4585 2785 4641 descenderunt
2842 4586 2903 4641 in
2948 4603 3124 4643 naves
3173 4588 3511 4644 breviores:
3563 4592 3621 4643 et

1977 4679 2197 4731 stantes
2220 4691 2287 4730 ex
2317 4674 2577 4746 obliquo,
2608 4691 2679 4731 ne
2708 4675 3037 4748 acciperent
3068 4675 3303 4748 aliquod
3336 4677 3618 4732 damnum

1981 4782 2015 4820 a
2046 4764 2175 4820 telis
2200 4763 2477 4831 hostium,
2510 4780 2608 4819 eas
2649 4764 2759 4834 ipsi
2788 4765 3038 4835 majores
3079 4769 3210 4836 post
3234 4781 3293 4821 se
3323 4766 3619 4823 trahentes

1976 4854 2366 4927 impulserunt
2387 4854 2461 4909 ad
2484 4858 2720 4924 terram,
2745 4855 2927 4911 donec
2949 4854 3195 4926 appulsa
3217 4870 3415 4911 eorum
3439 4856 3621 4911 latera

1977 4944 2087 5001 ﬁxa
2122 4942 2339 4999 fuerint
2388 4944 2446 4999 in
2493 4942 2709 5012 littore,
2759 4945 2904 5000 adeo
2937 4949 3000 5001 ut
3032 4962 3209 5002 naves
3257 4945 3620 5018 essentipsis

1977 5050 2079 5104 pro
2112 5048 2297 5089 muro.
2333 5033 2533 5089 Hostes
2564 5050 2695 5090 vero
2719 5034 3010 5091 irruentes
3039 5050 3175 5091 cum
3212 5034 3450 5103 lanceis,
3483 5052 3618 5090 con-

1978 5120 2307 5193 fringebant
2353 5120 2533 5178 latera
2602 5123 2934 5179 breviorum
2993 5124 3251 5189 navium,
3301 5127 3357 5179 et
3407 5140 3621 5196 magna

1978 5210 2242 5266 molestia
2272 5211 2605 5268 aificiebant
2662 5213 2977 5283 zEthiopes.
3017 5214 3124 5278 Qui
3184 5229 3317 5268 cum
3349 5212 3619 5285 lacrymis

1980 5315 2176 5355 rursus
2238 5299 2469 5355 Domini
2527 5301 2878 5358 invocabant
2906 5301 3209 5357 auxilium.
3249 5302 3376 5374 Ipse
3420 5308 3615 5359 autem

1977 5406 2075 5445 eos
2132 5388 2435 5444 exaudiit:
2486 5394 2544 5445 et
2600 5390 2796 5445 statim
2856 5407 2962 5445 vox
3020 5392 3282 5463 quaedam
3343 5392 3447 5448 fuit
3474 5393 3617 5449 casio

1977 5478 2269 5545 exaudita,
2294 5494 2414 5547 quas
2453 5478 2676 5535 dicebat
2709 5496 2721 5533 :
2767 5478 3015 5547 Gabriel,
3067 5480 3311 5549 Gabriel,
3339 5481 3568 5538 Gabriel
3602 5498 3614 5537 :

1976 5571 2035 5623 et
2066 5567 2306 5638 quidam
2329 5582 2399 5622 ex
2445 5566 2589 5637 illis,
2621 5570 2723 5640 qui
2754 5585 2927 5625 naves
2966 5569 3364 5641 impellebant,
3398 5572 3616 5643 virgam

1978 5656 2170 5727 ferens
2202 5656 2470 5726 ferream,
2502 5674 2629 5730 qua
2670 5674 2921 5731 superne
2952 5660 3186 5731 quidem
3218 5660 3473 5717 habebat
3494 5676 3615 5715 cru-
