4048 6202
417 301 441 358 1
454 302 569 362 287

1761 293 2046 355 MENSIS
2091 295 2474 359 OCTOBER.

3662 313 3819 376 1288

399 477 550 528 cem,
593 459 818 516 inferne
873 460 1068 513 autem
1112 455 1375 512 lanceam
1435 470 1568 510 cum
1620 457 1936 524 enatasset,
1994 458 2050 510 et

2169 455 2391 530 Κύριον·
2462 457 2558 512 καὶ
2617 458 2778 524 αὐτὸς
2834 461 3101 536 ἐπήκουεν
3187 467 3384 539 αὐτῶν,
3466 475 3554 528 καὶ
3624 474 3826 539 εὐθέως

399 550 576 608 unius
616 549 750 621 equi
791 547 1038 603 caudam
1078 544 1588 617 apprehendisset,
1620 544 1682 600 in
1735 545 1864 614 ejus
1897 543 2056 599 latus

403 640 528 709 figit
555 640 816 694 lanceam
852 637 1016 701 adeo,
1054 639 1114 690 ut
1171 651 1302 690 mox
1354 634 1619 689 turbatus
1665 649 1856 704 equus
1899 634 2057 705 deje-

401 729 551 787 cerit
594 729 847 794 hostem,
881 730 939 780 et
986 724 1084 780 alii
1129 724 1360 795 equites
1413 724 1617 778 timore
1661 723 1850 778 affecti
1901 723 2056 778 ceci-

401 819 597 875 derint
626 818 682 870 in
710 820 948 870 terram.

400 912 493 983 ρᾶς
563 905 678 965 ἐνὸς
719 900 898 957 ἵππου
959 896 1380 974 ἐπιλαϐόμενος,
1434 899 1569 955 κατά
1626 905 1726 970 τῆς
1781 899 1975 954 τούτου
2034 898 2276 976 πλευρᾶς
2329 905 2428 971 τὴν
2479 903 2696 981 λόγχην
2755 912 3168 988 ζκαταπηγνόει,

2171 547 2471 639 φωΪήΔτις
2530 547 2817 639 οϐρανόθεν
2875 555 3131 627 ἠκούετο,
3211 558 3468 636 λέγουσα,
3550 560 3830 639 Γαϐριὴλ,

2173 629 2442 719 Γαϐριὴλ,
2476 635 2755 714 Γαϐριτςλ·
2789 642 2879 696 καὶ
2911 665 2994 698 τις
3052 646 3102 718 ἐξ
3157 629 3391 719 ἐκείνων,
3433 629 3487 706 οἳ
3525 653 3592 708 τά

2170 718 2428 815 διώθουν,
2477 723 2712 815 σιδηρᾶν
2773 731 2952 807 φέρων
2976 730 3204 809 ῥάϐδον,
3234 742 3460 815 σταυρὸν
3495 743 3587 814 μέν
3618 741 3832 798 ἄνωθεν

2166 810 2422 887 ἔχουσαν,
2476 814 2694 891 λόγχην
2747 817 2804 874 δὲ
2851 821 3108 892 κάτωθεν,
3137 810 3546 902 διανηξάμενος.
3586 832 3681 886 καὶ
3719 831 3829 886 οὗ-

3273 919 3348 980 ὡς
3414 920 3601 974 αὐτίκα
3686 919 3826 976 δια-

393 995 732 1072 ταραχθέντα
787 995 881 1048 τὸν
941 991 1140 1061 ἵππον,
1208 987 1504 1047 ἀποϐαλεῖν
1574 992 1664 1046 τὸν
1719 988 2014 1064 πολέμιον,
2081 991 2172 1045 καὶ
2236 993 2364 1054 τοὺς
2423 992 2628 1057 ἄλλους
2687 997 2872 1062 ἱππεῖς
2924 1001 3407 1072 ἀποδειλιάσαντας
3484 1012 3620 1084 πρὸς
3709 1011 3824 1079 τήν

399 1093 501 1165 γῆν
531 1084 848 1160 τραπέσθαι.

469 1177 724 1233 XXXIII.
773 1175 1138 1232 Conﬁdentes
1185 1175 1381 1246 itaque
1429 1174 1731 1246 Ethiopes
1779 1189 1913 1228 cum
1965 1172 2057 1227 de-

405 1271 780 1326 scendissent
801 1285 830 1324 e
849 1268 1115 1333 navibus,
1140 1271 1196 1322 et
1219 1282 1431 1321 manus
1462 1265 1898 1322 conseruissent
1919 1280 2052 1319 cum

404 1359 696 1424 hostibus,
729 1375 827 1414 eos
861 1358 1158 1425 fuderunt,
1191 1359 1248 1411 et
1277 1370 1484 1412 omnes
1528 1355 1967 1424 interfecerunt,
1999 1360 2054 1409 et

406 1447 634 1520 regium
683 1445 932 1517 ingressi
990 1443 1456 1510 tabernaculum,
1514 1441 1822 1497 inveniunt
1878 1457 2053 1494 aurea

400 1541 610 1594 catena
639 1536 896 1590 vinctum
930 1550 1061 1589 cum
1095 1533 1187 1601 iis,
1222 1532 1322 1604 qui
1353 1548 1564 1604 genere
1592 1532 1662 1586 ad
1695 1531 1892 1602 ipsum
1923 1529 2054 1586 atti-

404 1626 644 1693 nebant,
678 1624 925 1680 Dunaan
959 1639 1153 1695 regem
1195 1622 1526 1678 Hebraeum.
1559 1621 1702 1676 Cum
1735 1626 1926 1676 autem
1961 1620 2052 1674 in-

402 1715 766 1772 tellexissent
786 1731 958 1770 suum
993 1730 1227 1786 quoque
1257 1729 1447 1784 regem
1471 1712 2050 1784 praestantissimum,

2239 1176 2360 1233 AI".
2419 1176 2908 1252 Ἀναθαρσήσαντες
2966 1181 3022 1240 δὲ
3079 1187 3136 1240 οἱ
3193 1187 3447 1251 Αίθιόπες
3505 1190 3595 1246 καὶ
3672 1193 3824 1248 ἀπο-

2166 1257 2352 1325 ϐάντες
2409 1269 2517 1320 τῶν
2584 1268 2823 1340 πλοίων,
2879 1274 2969 1328 καὶ
3033 1271 3402 1348 συμϐαλόντες
3446 1284 3566 1344 τοῖς
3647 1279 3827 1336 πολε-

2167 1352 2334 1422 μίοις,
2383 1353 2675 1430 ἐτρέψαντό
2741 1381 2800 1415 τε
2844 1363 2936 1416 καὶ
2988 1359 3378 1443 διεχειρίσαντο
3441 1369 3670 1439 πάντας,
3719 1371 3826 1425 καὶ

2164 1441 2259 1532 εἱς
2299 1444 2422 1522 τήν,
2466 1445 2744 1519 βασίλειον
2802 1448 3050 1516 ἐλθόντες
3079 1441 3331 1526 σκηνήν,
3388 1455 3729 1532 εὑρίσκουσιν
3766 1458 3826 1514 ἐν

2161 1531 2350 1586 ἁλύσει
2400 1538 2581 1611 χρυσῇ
2633 1533 2913 1612 δεδεμένον
2979 1541 3072 1596 σὺν
3128 1551 3244 1608 τοῖς
3319 1531 3659 1617 προσήκουσι
3719 1551 3823 1602 κάῖ

2164 1619 2325 1674 αὐτὸν
2379 1619 2446 1690 δὴ
2505 1625 2745 1680 Δουναάν
2802 1629 2892 1682 τὸν
2949 1627 3222 1706 Ἑϐραῖον.
3283 1636 3552 1698 Μαθόντες
3605 1634 3666 1691 δὲ
3721 1641 3822 1692 καὶ

2160 1709 2254 1762 τὸν
2313 1710 2518 1766 έαυτῶν
2571 1713 2798 1790 βασιλέα
2844 1719 2937 1773 τὸν
2991 1719 3211 1796 ἄριστον
3278 1725 3454 1779 πάντα
3511 1722 3824 1782 Ἐλεσϐαὰν

407 1813 461 1860 et
493 1805 655 1861 omni
687 1822 756 1861 ex
787 1813 950 1876 parte
993 1804 1280 1874 optimum
1311 1802 1589 1858 Elesbaan
1623 1801 1738 1856 illic
1770 1816 2049 1870 occupas-

2167 1799 2262 1866 τὴν
2311 1801 2588 1874 βασίλειον
2637 1809 2982 1886 κατασχόντα
3040 1809 3205 1866 πόλιν
3270 1811 3441 1868 ἐκεῖσε
3493 1818 3817 1890 τυγχάνειν,

409 1898 499 1950 set
530 1895 773 1966 regiam,
797 1909 1038 1965 propere
1061 1892 1133 1947 ad
1164 1908 1298 1947 eum
1331 1895 1726 1957 accesserunt,
1760 1893 1819 1944 et
1833 1889 2050 1956 omnia,

409 2000 538 2055 quas
570 1991 728 2054 gesta
777 1983 1022 2048 fuerant,
1057 1986 1472 2053 exposuerunt.
1517 1980 1617 2036 Ille
1646 1985 1865 2044 autem,
1899 1995 2051 2048 pra:-

411 2071 563 2128 sidio
615 2070 809 2128 relicto
843 2072 899 2125 in
959 2071 1211 2139 civitate,
1264 2070 1519 2124 maxima
1549 2068 1690 2124 abiit
1738 2068 2052 2124 celeritate.

407 2165 476 2218 Et
524 2178 658 2218 cum
700 2162 1018 2216 invenisset
1049 2161 1292 2215 Dunaan
1327 2175 1500 2214 aurea
1533 2158 1630 2214 illa
1659 2157 1917 2214 vinctum
1951 2175 2055 2214 ca—

409 2257 568 2319 tena,
600 2251 791 2321 ipsum
825 2249 1114 2304 interfecit
1155 2253 1210 2302 et
1232 2252 1527 2318 cognatos,
1561 2248 1742 2303 Deum
1782 2247 2049 2314 laudans,

411 2346 470 2398 et
527 2339 825 2396 insultans
880 2339 1091 2394 Christi
1150 2337 1443 2408 hostibus,
1504 2354 1730 2408 pinnam
1781 2339 2054 2393 dantibus

398 2428 720 2486 audacium
771 2443 1015 2483 suorum
1061 2426 1408 2496 facinorum,
1441 2444 1568 2499 qua
1601 2428 1959 2482 admiserant
1991 2428 2049 2482 in

401 2519 697 2573 Christum
754 2521 810 2572 et
857 2516 1069 2571 Christi
1123 2532 1380 2572 crucem.
1445 2538 1473 2567 «
1535 2517 1848 2572 Laetabitur
1893 2518 2049 2573 enim

395 2609 598 2680 justus
653 2606 870 2677 (inquit
927 2621 1176 2678 magnus
1217 2605 1422 2677 David)
1471 2623 1602 2662 cum
1674 2605 1880 2662 viderit
1922 2607 2047 2662 vin-

397 2698 611 2753 dictam
640 2696 682 2750 ⁷.
734 2714 758 2747 ι
814 2696 882 2750 Et
929 2695 1057 2751 ideo
1103 2694 1199 2765 qui
1248 2712 1316 2751 ex
1345 2695 1430 2750 eis
1473 2696 1706 2751 fuerunt
1738 2697 2048 2766 vulnerati,

399 2807 426 2838 ‹‹
460 2803 577 2841 non
632 2785 868 2841 fuerunt
909 2783 1200 2839 vulnerati
1251 2783 1445 2855 gladio
1491 2783 1579 2854 (ut
1625 2785 1768 2840 dicit
1814 2785 2048 2841 divinus

403 2877 606 2947 Isaias)
662 2890 850 2946 neque
910 2876 1123 2930 mortui
1181 2891 1406 2940 eorum,
1461 2874 1673 2930 mortui
1715 2875 1867 2930 bello
1916 2875 1956 2930 ⁸.
2020 2897 2048 2923 ››

397 2969 502 3024 Est
534 2967 690 3022 enim
732 2983 823 3022 res
879 2966 1044 3020 fortis
1075 2975 1129 3020 et
1159 2965 1323 3033 dura,
1375 2966 1458 3019 ira
1487 2965 1588 3021 Dei
1615 2965 1762 3036 (ipse
1805 2981 1895 3020 me
1929 2982 2050 3020 rur-

397 3075 502 3113 sus
535 3058 745 3125 docet),
778 3059 845 3109 ut
874 3055 1117 3127 grando,
1153 3071 1277 3124 quae
1336 3055 1608 3110 deorsum
1671 3055 1871 3119 fertur,
1931 3072 2044 3110 non

2167 1887 2379 1964 σπουδῇ
2409 1912 2468 1946 τε
2506 1893 2581 1956 ὡς
2611 1896 2776 1951 αὐτὸν
2805 1898 3080 1976 ἀφίκοντο,
3113 1902 3202 1955 καὶ
3229 1903 3402 1957 πάντα
3436 1903 3504 1958 τά
3547 1907 3817 1979 γενόμενα

2166 1975 2468 2039 διεσάφουν.
2528 1984 2588 2041 Ὀ
2644 1982 2720 2056 δὲ,
2781 1975 3018 2064 φρουράν
3067 1988 3118 2044 έν
3176 1995 3245 2065 τῇ
3276 1989 3437 2046 πόλει
3468 1975 3814 2065 καταλιπὼν,

2165 2066 2328 2141 ἀπῄει
2380 2070 2471 2122 σὺν
2521 2072 2704 2146 τάχει,
2753 2075 2841 2129 καὶ
2898 2077 2989 2130 τὸν
3035 2080 3272 2133 Δουνάὰν
3306 2081 3502 2155 εὑρὼν,
3540 2083 3640 2150 τὴν
3673 2103 3812 2158 χρυ-

2167 2163 2266 2224 σῆν
2317 2155 2523 2230 ἐκείνην
2582 2163 2954 2236 περικείμενον
3043 2165 3259 2237 ἅλυσιν,
3328 2168 3488 2223 αὐτόν
3567 2155 3810 2227 τε

2161 2243 2289 2306 τοὺς
2350 2253 2622 2322 συγγενεῖς
2679 2250 2910 2320 ἀνεῖλεν,
2944 2253 3263 2326 έπιθειάζων
3313 2256 3522 2325 πολλὰ,
3555 2281 3647 2314 και
3678 2259 3802 2334 ἔφη-

2164 2334 2394 2409 δύμενος
2428 2337 2515 2393 ἐπὶ
2572 2347 2688 2404 τοῖς
2739 2342 2962 2418 ἐχθροῖς
2991 2351 3088 2401 τοῦ
3129 2349 3383 2422 Χρισνοῦ,
3417 2347 3574 2420 δίκην
3605 2349 3795 2406 διδοῦσι

2162 2429 2270 2479 τῶν
2335 2425 2749 2502 τολμηθέντων,
2809 2433 2883 2488 ὧν
2930 2455 2989 2490 τε
3045 2437 3121 2498 εἰς
3171 2439 3530 2512 Χριστιανοὺς
3609 2440 3782 2500 αὐτοὺς

2161 2512 2251 2566 καὶ
2282 2515 2373 2569 τὸν
2425 2520 2524 2570 τοῦ
2582 2519 2814 2589 Χριστοῦ
2873 2525 3089 2598 σταυρὶν
3126 2523 3587 2598 ἐπλημμέλησαν.
3624 2553 3648 2578 ››
3695 2527 3786 2582 Εἴ)-

2162 2605 2526 2694 ιρᾌρανρή-σεται
2565 2610 2666 2682 γάρ
2701 2606 2909 2672 δίκαιος
2939 2613 2992 2685 (ὁ
3039 2613 3209 2691 μέγας
3261 2609 3361 2694 ἔφη
3415 2614 3620 2687 Δαυῖδ)ν
3678 2617 3792 2671 ὅταν

2153 2689 2246 2764 ’ίδῃ
2303 2690 2596 2765 ἐκδίκησιν.
2631 2721 2660 2748 »
2719 2701 2816 2753 Διὰ
2857 2705 3018 2756 τοῦτο
3073 2689 3162 2757 καὶ
3194 2689 3477 2780 γεγόνασιν
3542 2707 3598 2759 οἰ
3645 2725 3800 2779 τραυ-

2161 2781 2348 2851 ματίαι
2407 2783 2602 2852 αὐτῶν,
2637 2809 2664 2837 ι(
2719 2787 2780 2841 οὐ
2835 2790 3161 2862 τραυματίαι
3217 2793 3513 2868 μαχαίρας,
3557 2817 3586 2844 ››
3619 2795 3683 2849 τὸ
3713 2798 3802 2848 τοῦ

2159 2869 2304 2934 θείου
2363 2874 2522 2950 φάναι
2583 2875 2828 2947 Ἠσαίου,
2864 2901 2889 2932 ι
2943 2879 3056 2936 οὔθ’
3105 2884 3155 2936 οἱ
3195 2883 3375 2957 νεκροὶ
3418 2885 3600 2939 αὐτῶν
3629 2885 3804 2958 νεκροὶ

2155 2959 2428 3032 πολέμου.
2464 2985 2488 3015 ν
2535 2965 2783 3039 ’ἰσχυρὸν
2807 2969 2908 3043 γὰρ
2958 2969 3051 3024 καὶ
3103 2970 3343 3046 σκληρὸν
3385 2973 3412 3026 ὁ
3473 2975 3650 3045 θυμὸς
3705 2980 3806 3028 Κυ-

2159 3049 2299 3122 ρίου,
2354 3050 2512 3114 αὐτός
2559 3075 2627 3127 με
2689 3053 2928 3112 διδάσκει
2988 3057 3177 3128 πάλιν,
3228 3062 3304 3122 ὡς
3377 3061 3596 3136 χάλαζα
3651 3083 3805 3117 κατα-

400 3146 624 3201 habens
657 3146 1065 3216 tegumentum
1103 3160 1114 3196 ε
1151 3147 1215 3197 ut
1246 3159 1409 3213 aquas
1443 3159 1667 3215 magnae
1708 3143 2043 3212 multitudo,

2167 3143 2459 3216 pepopévn,
2496 3143 2595 3197 οὐκ
2650 3140 2854 3220 ἔχουσα
2882 3145 3108 3220 σκέπην,
3143 3150 3216 3212 ὡς
3242 3147 3624 3212 ὕδατοςπολὸ
3655 3151 3803 3219 πλῆ-

398 3251 526 3305 ῳιοε
552 3233 733 3288 trahit
763 3231 1054 3303 regionem
1077 3229 1121 3286 θ,

467 3321 709 3377 XXXIV.
772 3321 1058 3376 Reversus
1117 3336 1251 3393 ergo
1301 3320 1578 3376 Elesbaan
1639 3323 1710 3377 ad
1757 3322 2041 3378 civitatem

401 3411 608 3478 Pbare,
635 3425 838 3466 omnes
869 3411 1185 3478 interemit,
1221 3410 1318 3482 qui
1345 3415 1514 3466 erant
1539 3411 1598 3466 in
1624 3411 1800 3481 regia,
1834 3418 1890 3467 et
1919 3429 2046 3468 cum

401 3498 578 3556 vellet
623 3499 929 3554 ecclesiam
962 3498 1022 3554 in
1054 3515 1122 3554 ea
1153 3500 1461 3566 aediﬁcare,
1505 3499 1613 3555 fuit
1644 3500 1766 3570 ipse
1822 3502 2047 3573 primus

402 3587 594 3658 cpifex
657 3587 906 3642 aediﬁcii.
968 3587 1336 3660 Significavit
1393 3593 1586 3644 autem
1646 3590 1860 3659 omnia,
1920 3607 2047 3662 quae

401 3682 568 3749 gesta
609 3677 861 3747 fuerant,
895 3678 1154 3748 pontifici
1203 3677 1584 3746 Alexandriae,
1628 3683 1684 3735 et
1737 3695 1840 3750 per
1880 3677 2047 3734 illum

400 3766 638 3822 Justino
671 3766 1029 3836 imperatori.
1061 3766 1394 3822 Patriarcba
1450 3773 1646 3823 autem
1689 3769 2048 3823 Alexandria:

404 3856 741 3913 ordinatum
797 3857 1136 3928 episcopum
1196 3857 1357 3911 misit
1404 3857 1473 3912 ad
1535 3857 1880 3914 Homeritas.
1941 3858 2048 3923 Qui

407 3962 540 4001 cum
572 3945 691 4001 illis
721 3950 1118 4001 consecrasset
1147 3946 1456 4018 templum,
1481 3947 1635 4018 quod
1667 3948 1851 4003 fuerat
1869 3948 2050 4002 aediﬁ-

405 4039 626 4102 catum,
661 4035 916 4107 baptizal
957 4034 1191 4106 quidem
1225 4051 1450 4100 omnes,
1484 4037 1582 4106 qui
1628 4043 1792 4092 erant
1822 4037 1879 4092 in
1913 4037 2051 4092 civi-

404 4123 625 4178 tatibus
656 4129 714 4178 et
757 4123 920 4195 pagis
951 4122 1401 4189 Ilomeritarum,
1434 4124 1494 4178 in
1555 4125 1784 4180 nomine
1841 4135 2051 4180 sancite

401 4210 726 4266 Trinitatis.
760 4215 844 4266 Ex
890 4212 974 4266 eis
1004 4215 1199 4267 autem
1257 4213 1485 4268 ordinat
1531 4212 1809 4270 diaconos
1840 4219 1898 4268 et
1929 4230 2052 4286 pre-

405 4300 673 4369 sbyteros
698 4304 790 4366 ;et
819 4299 1101 4366 ecclesiis,
1126 4315 1248 4373 qua:
1280 4307 1446 4356 erant
1478 4302 1536 4356 in
1571 4303 1826 4375 regione,
1862 4304 2054 4359 reddit

408 4393 628 4445 statum
660 4404 830 4444 suum
870 4388 1126 4445 solitum.

478 4571 690 4628 XXXV.
745 4571 1162 4629 Dlvinissimus
1216 4577 1410 4628 autem
1443 4589 1541 4629 rex
1589 4574 1711 4646 ipse
1769 4575 2048 4632 Elesbaan

406 4660 584 4717 simul
616 4678 752 4717 cum
784 4676 850 4717 eo
881 4661 1037 4716 venit
1065 4663 1312 4733 Nagram
1348 4667 1670 4734 martyrum
1711 4663 2004 4720 civitatem
2035 4683 2048 4734 ;

407 4757 462 4806 et
518 4767 649 4805 cum
701 4749 820 4805 illio
879 4749 1232 4806 extruxisset
1279 4751 1609 4821 ecclesiam,
1685 4761 1738 4808 et
1789 4754 2050 4825 quinque

411 4839 811 4911 possessiones
884 4840 1076 4912 regias
1143 4839 1194 4893 ei
1253 4841 1641 4910 attribuisset,
1709 4845 1764 4898 et
1840 4843 2051 4900 deinde

411 4929 586 4984 etiam
619 4945 688 4984 ex
728 4929 999 5000 martyris
1027 4929 1256 4984 Arethae
1303 4929 1777 4997 possessionibus
1807 4942 1924 4990 tres
1957 4934 2052 4988 ad-

411 5016 681 5086 didisset,
732 5021 797 5072 ut
854 5017 951 5072 ille
1010 5019 1382 5074 mandaverat
1428 5018 1487 5073 in
1535 5020 1647 5074 {ine
1679 5022 1960 5094 martyrii,
1996 5027 2053 5079 et

405 5106 742 5179 collegiset
773 5123 1000 5174 omnes,
1044 5107 1144 5179 qui
1177 5107 1408 5163 fuerant
1437 5109 1652 5164 redacti
1701 5110 1758 5164 in
1813 5110 2052 5165 servitu-

403 5200 546 5263 tem,
581 5202 640 5252 et
670 5196 813 5252 alias
845 5195 1100 5268 dispersi
1143 5195 1202 5251 in
1234 5201 1493 5268 tempore
1523 5199 1966 5269 persecutionis,
1999 5203 2054 5255 et

407 5285 636 5340 Arethes
659 5285 934 5356 martyris
956 5285 1143 5342 filium
1175 5287 1384 5341 ducem
1417 5287 1602 5358 gentis
1631 5287 2052 5358 constituisset,

406 5378 464 5427 et
499 5389 698 5429 curam
741 5375 1027 5446 gessisset
1064 5375 1198 5447 loci,
1232 5375 1288 5430 in
1322 5392 1435 5448 quo
1478 5377 1754 5449 jacebant
1782 5377 1861 5433 ibi
1908 5394 2046 5434 con-

406 5471 714 5518 summatae
779 5469 1099 5537 martyrum
1152 5464 1432 5538 reliquias,
1475 5469 1532 5522 et
1579 5466 1681 5538 jus
1733 5466 1879 5539 asyli
1928 5467 2051 5524 illic

474 5638 500 5674 ⁷
531 5639 682 5697 Psal.
717 5655 767 5695 L.
803 5655 867 5710 ιι,
903 5641 989 5698 11.
1087 5645 1108 5680 ⁸
1141 5647 1230 5702 Isa
1253 5661 1392 5716 xm,
1416 5649 1472 5702 2.

2077 4440 2137 4507 D

1576 5647 1598 5682 '
1628 5647 1743 5704 Isa.
1776 5663 1974 5717 xxvur,
2003 5648 2062 5705 2.

2160 3229 2254 3288 θος
2279 3229 2438 3303 σῦρον
2472 3233 2684 3308 χώραν.

2242 3318 2360 3372 AA"
2429 3319 2594 3383 Αὖθις
2655 3320 2746 3375 οὖν
2802 3324 3140 3401 ὑποστρέψας
3201 3323 3501 3384 Ἐλεσϐαάν
3561 3327 3688 3401 πρὸς
3731 3327 3795 3379 τᾶ

2162 3411 2319 3484 Φαρή
2379 3410 2479 3477 τὴν
2537 3407 2724 3480 πόλιν,
2756 3412 2959 3474 πάντας
3021 3413 3204 3470 ἀνεῖλε
3241 3417 3371 3476 τοὺς
3411 3416 3462 3470 ὲν
3487 3420 3595 3475 τοῖς
3636 3415 3787 3487 βασι-

2161 3498 2353 3565 λείοις,
2406 3496 2697 3566 ἐκκλησίαν
2741 3520 2799 3554 τε
2845 3499 2896 3555 ἒν
2927 3500 3061 3576 αὐτῇ
3094 3500 3793 3576 οἰκοδομησάμενος,αὗτὸς

2160 3592 2376 3661 πρῶτος
2431 3586 2725 3662 αὐτουργὸς
2764 3595 2865 3658 τῆς
2920 3588 3226 3664 οἷ’κοδομῆς
3270 3593 3498 3666 γίνεται.
3565 3587 3799 3661 Ἐδήλου

2159 3698 2218 3732 τε
2253 3677 2320 3730 τά
2368 3674 2814 3753 διαπεπραγμένα
2880 3680 3051 3735 πάντα
3103 3687 3184 3752 τῷ
3243 3679 3645 3755 Ἀλεξανδρείας
3709 3679 3805 3754 ἀρ-

2161 3771 2345 3842 χιεηεῖ
2398 3765 2489 3820 καὶ
2548 3763 2618 3819 δι’
2686 3765 2893 3822 ἐκείνου
2963 3770 3243 3842 Ἰουστίνῳ
3297 3774 3376 3841 τῷ
3452 3768 3686 3844 βασιλεῖ.
3747 3769 3811 3825 Ὀ

2167 3857 2350 3928 μέντοι
2444 3855 2796 3928 πατριάρχης
2895 3855 3298 3932 Ἀλεξανδρείας
3391 3859 3816 3932 χειροτονήσας,

2163 3941 2456 3998 ἐπίσκοπον
2512 3950 2628 4004 τοῖς
2695 3945 3022 4020 Ὀμηριταῖς
3091 3945 3404 4019 ἐξέπεμπε-θ’
3466 3945 3525 4007 ὅς
3574 3943 3666 3999 καὶ
3723 3946 3822 4000 τὸν

2164 4029 2595 4105 οἰκοδομηθέντα
2651 4036 2979 4110 καθαγιάσας
3026 4036 3150 4090 ναὸν
3200 4035 3451 4110 βαπτίζει
3521 4034 3617 4105 μὲν
3683 4031 3820 4094 τοὺς

2163 4120 2214 4175 ἐν
2271 4125 2390 4180 ταῖς
2445 4119 2640 4174 πόλεσι
2697 4120 2788 4174 καὶ
2855 4123 3068 4196 χώραις
3126 4127 3233 4178 τῶν
3283 4127 3590 4197 Ὁμηριτῶν
3635 4122 3825 4175 ἅπαν-

2162 4230 2279 4278 τας,
2337 4208 2391 4262 ἐν
2449 4213 2526 4280 τῷ
2581 4215 2681 4278 τῆς
2739 4211 2898 4286 ἁγίας
2943 4209 3178 4286 Τριάδος
3225 4212 3473 4286 ὀνόματι⁶
3526 4209 3825 4272 διακόνους

2165 4297 2222 4354 δὲ
2255 4298 2304 4369 έξ
2371 4299 2544 4354 αὑτῶν
2604 4299 2693 4353 καὶ
2747 4297 3146 4376 πρεσϐυτέρους
3202 4306 3530 4378 χειροτονεῖ,
3561 4300 3651 4355 καὶ
3706 4303 3821 4370 τήν

2165 4388 2345 4459 ἄλλην
2376 4391 2772 4462 νενομισμένην
2800 4395 2918 4453 ταῖς
2948 4393 3084 4447 γατά
3122 4391 3292 4448 τόπον
3341 4389 3658 4461 ἔκκλησίαις
3709 4411 3824 4444 κα-

2159 4477 2412 4534 τάστασιν
2441 4475 2798 4535 ἀποδίδωσιν.

2232 4571 2354 4624 AE'.
2405 4566 2576 4630 Αὐτὸς
2624 4565 2680 4623 δὲ
2742 4569 2770 4622 ὁ
2826 4569 3101 4632 θειότατος
3161 4566 3419 4644 βασιλεὺς
3485 4563 3822 4640 Ἐλεσϐαᾶν,

2161 4659 2273 4730 ἅμα
2296 4656 2444 4728 αὐτῷ
2477 4657 2554 4718 είς
2611 4657 2817 4733 Νεγράν
2875 4678 2976 4728 την
3028 4665 3136 4713 τῶν
3172 4659 3462 4733 μαρτύρων
3493 4657 3816 4732 ἀφικνεῖται

2158 4744 2345 4802 πόλιν·
2398 4746 2613 4801 κάκεῖσε
2671 4743 3058 4820 δομησάμενος
3127 4746 3444 4817 ἐκκλησίαν,
3501 4745 3591 4802 καὶ
3647 4747 3824 4800 πέντε

2157 4841 2265 4891 τῶν
2327 4835 2626 4911 βασιλικῶν
2684 4838 2980 4910 κτημάτων
3035 4836 3088 4891 έν
3141 4835 3278 4911 αὓτῇ
3344 4836 3638 4906 ἀποτάξας,
3695 4835 3822 4891 εἶτα

2161 4926 2250 4980 καὶ
2305 4925 2365 4980 ἐκ
2411 4928 2520 4979 τῶν
2573 4928 2671 4979 τοῦ
2732 4925 3005 5000 μάρτυρος
3081 4926 3273 5000 Ἀρέθα
3336 4925 3456 4999 τρία
3532 4925 3817 4999 προσθεὶς,

2162 5016 2237 5076 ὡς
2296 5013 2498 5075 ἐκεῖνος
2551 5015 2675 5089 περὶ
2731 5017 2798 5070 τά
2851 5022 2951 5085 τῆς
3014 5015 3310 5090 μαρτυρίας
3345 5013 3480 5084 τέλη
3514 5013 3818 5083 έπέσκηὼε,

2161 5113 2365 5173 πάντας
2417 5131 2476 5166 τε
2532 5111 2658 5172 τοὺς
2717 5109 3276 5189 ἠνδραποδισμένους,
3308 5113 3396 5166 καὶ
3439 5110 3567 5171 τοὺς
3616 5108 3819 5172 ἄλλως

2165 5199 2676 5275 διεσκορπισμένους
2734 5199 2788 5255 έν
2842 5206 2921 5274 τῷ
2975 5206 3072 5257 τοῦ
3131 5198 3376 5275 διωγμοῦ
3432 5204 3608 5276 καιρῷ
3690 5221 3818 5253 συν-

2164 5293 2409 5366 θροίσας,
2458 5290 2546 5344 καὶ
2604 5291 2696 5346 τὸν
2747 5296 2844 5346 τοῦ
2898 5291 3045 5347 θείου
3102 5291 3379 5366 μάρτυρος
3433 5288 3628 5363 Ἀρέθα
3665 5289 3814 5359 υἱὸν,

2161 5384 2264 5435 τοῦ
2321 5378 2503 5441 ἔθνους
2579 5379 2827 5454 ἀρχηγὸν
2884 5381 3245 5450 καταστήσας,
3330 5376 3812 5451 έπιμελησάμενός

2161 5488 2220 5522 τε
2272 5467 2434 5522 τοῦτό
2500 5488 2608 5521 που
2667 5466 2718 5522 ἐν
2765 5468 2811 5539 ᾦ
2841 5467 2910 5522 τά
2953 5470 3064 5522 τῶν
3118 5467 3407 5542 μαρτύρων
3454 5463 3814 5519 τελειωθέντοι
