4048 6202
243 288 402 349 1289

1418 278 1897 344 MARTYRIUM
1944 279 2004 341 S.
2055 280 2471 344 MARCIANI.

3500 287 3655 347 1290

234 439 413 498 ἔκειτο
475 442 722 519 λείψανα,
789 442 879 497 καὶ
950 440 1181 499 ἀσυλίαν
1249 442 1422 497 ἐκεῖσε
1490 438 1894 515 διορισάμενος,

2012 439 2432 509 constituisset,
2494 443 2654 499 vadit
2713 444 2927 502 iterum
2982 445 3044 502 in
3089 446 3329 519 regiam.
3387 447 3491 505 Ubi
3522 462 3656 504 cum

236 530 419 589 ἄπεισι
464 535 555 588 καὶ
610 534 747 607 πρὸς
807 532 874 587 τὰ
927 531 1177 606 βασίλεια
1209 550 1223 564 ·
1279 531 1371 586 καὶ
1412 534 1531 591 τοῖς
1573 528 1895 605 Ὁμηρίταις

236 617 542 696 Ἀϐράμιόν
595 642 734 689 τινα,
792 619 961 696 ἄνδρα
1047 620 1275 698 θεοφιλῆ
1348 619 1437 674 καὶ
1506 624 1585 693 τῷ
1659 623 1897 694 Χριστοῦ

236 711 472 783 ὀνόματι
513 709 937 783 σεμνυνόμενον,
974 710 1202 785 βασιλέα
1260 712 1657 785 χειροτονήσας
1713 712 1793 780 τῷ
1840 730 1898 763 τε

234 801 524 873 ὁσιωτάτῳ
582 798 866 872 ἐπισκόπῳ
938 798 1061 875 περί
1136 820 1241 855 που
1305 798 1533 873 μυρίους
1604 805 1712 855 τῶν
1766 804 1899 872 Χρι-

238 899 469 950 στιανῶν
512 893 788 951 Αἰθιόπων
866 890 1169 969 παραδοὺς,
1234 892 1473 948 ἐπάνεισι
1539 893 1750 968 χαίρων
1820 892 1895 953 εἰς

236 984 306 1039 τὰ
361 984 537 1039 οἰκεῖα
590 982 843 1058 βασίλεια
906 984 1041 1057 μετὰ
1101 982 1358 1063 λαφύρων
1421 983 1511 1038 καὶ
1552 980 1726 1050 λείας,
1773 979 1897 1037 οὐδὲ

238 1074 461 1149 ἀριθμῷ
510 1071 789 1149 ληφθῆναι
865 1069 1077 1148 ῥᾳδίας,
1137 1074 1241 1128 οὐκ
1323 1071 1517 1148 ὀλίγην
1592 1071 1897 1146 χρημάτων

244 1161 554 1237 ἀπόμοιραν
588 1162 677 1216 καὶ
708 1164 789 1233 τῷ
819 1161 1036 1235 στρατῷ
1068 1157 1310 1222 διαδούς.

317 1253 429 1315 Ας’.
463 1245 866 1325 Ἀμειόόμενος
915 1248 971 1305 δὲ
1012 1251 1105 1305 τὸν
1157 1251 1285 1306 Θεὸν
1342 1256 1445 1319 τῆς
1500 1248 1768 1319 τοσαύτης
1819 1248 1894 1303 νί-

246 1362 349 1411 κης
380 1341 469 1395 καὶ
503 1340 759 1419 χάριτος,
792 1341 977 1395 ἑαυτὸν
1025 1338 1083 1395 δὲ
1135 1338 1350 1413 μᾶλλον
1407 1339 1569 1408 ἀξιῶν
1624 1344 1730 1393 τῶν
1787 1360 1899 1411 μει-

251 1428 441 1499 ζόνων,
474 1431 536 1484 τὸ
584 1430 678 1501 μὲν
731 1426 976 1502 διάδημα
1021 1430 1084 1483 τὸ
1120 1428 1395 1503 βασίλειον
1437 1427 1514 1490 εἰς
1542 1427 1900 1501 Ἰεροσόλυμα

244 1521 488 1593 πεμψας,
521 1518 575 1574 ἐν
601 1524 681 1590 τῷ
709 1523 805 1573 τοῦ
837 1522 1074 1591 Χριστοῦ
1114 1518 1242 1591 θείῳ
1292 1519 1379 1573 καὶ
1432 1519 1707 1595 ζωηφόρῳ
1759 1520 1897 1590 μνή-

252 1629 381 1679 ματι
435 1608 752 1678 ἀνατίθησιν
782 1626 796 1639 ’
847 1608 1009 1669 αὐτὸς
1066 1604 1122 1662 δὲ
1177 1608 1401 1682 τρίχινα
1443 1605 1617 1677 ἓνδὺς,
1670 1606 1759 1661 καὶ
1808 1628 1898 1660 vu-

248 1696 376 1758 κτὸς
423 1701 531 1751 τῶν
578 1695 868 1770 βασιλείων
918 1697 1007 1751 καὶ
1076 1696 1241 1766 αὐτῆς
1289 1695 1592 1767 ὑπεξελθὼν
1651 1702 1753 1765 τῆς
1799 1697 1903 1749 πό-

2006 529 2319 586 Homeritis
2370 532 2714 588 Abramium
2776 536 3087 605 quemdam
3148 538 3339 593 virum
3382 538 3568 610 pium,
3600 541 3657 593 et

2005 620 2215 676 Christi
2248 620 2485 675 nomine
2516 621 2867 692 gloriantem
2898 624 3170 695 elegisset
3198 643 3416 699 regem,
3448 632 3504 683 et
3526 645 3657 683 san-

2007 710 2269 765 ctissimo
2300 709 2571 780 episcopo
2613 712 2684 767 ad
2717 712 2917 768 decem
2974 715 3155 769 millia
3186 716 3652 772 Christianorum

2005 798 2341 870 Ethiopum
2374 799 2733 869 tradidisset,
2776 800 2947 858 laetus
2979 805 3127 859 redit
3160 805 3220 860 in
3249 823 3415 861 suam
3448 807 3656 878 regiam

2007 905 2141 944 cum
2167 889 2361 960 praeda
2382 894 2439 945 et
2469 890 2669 962 spoliis
2710 892 3265 958 innumerabilibus,
3298 894 3445 951 dans
3477 895 3654 951 etiam

2010 978 2286 1036 exercitui
2320 994 2435 1035 non
2470 996 2705 1051 parvam
2732 981 2992 1053 pecuniae
3023 982 3370 1053 portionem.

2078 1242 2327 1299 XXXVI.
2375 1245 2490 1300 Deo
2521 1250 2716 1300 autem
2749 1259 2929 1317 agens
2964 1245 3180 1317 gratias
3221 1263 3326 1319 pro
3382 1251 3547 1305 tanta
3575 1249 3663 1303 vi-

2008 1334 2192 1389 ctoria
2232 1342 2286 1389 et
2315 1335 2526 1407 gratia,
2563 1334 2880 1407 volensque
2928 1337 3187 1407 seipsum
3235 1339 3477 1409 dignum
3522 1340 3661 1394 red-

2008 1424 2141 1478 dere
2200 1424 2549 1493 majoribus,
2607 1441 2740 1481 cum
2799 1426 3069 1481 diadema
3132 1428 3371 1497 quidem
3431 1428 3659 1499 regium

2012 1512 2273 1568 misisset
2330 1513 2814 1585 Hierosolymam,
2864 1514 2993 1585 ipse
3040 1514 3282 1571 indutus
3342 1516 3551 1585 cilicio,
3610 1523 3668 1573 et

2012 1610 2186 1656 noctu
2237 1617 2512 1672 egressus
2560 1620 2590 1658 e
2633 1604 2789 1673 regia
2818 1607 2874 1659 et
2930 1603 3060 1675 ipsa
3120 1605 3372 1675 civitate,
3404 1606 3668 1662 ascendit

2010 1689 2069 1745 in
2105 1707 2286 1745 unum
2342 1696 2597 1747 montem
2641 1692 2713 1747 ad
2769 1692 3189 1748 monasterium
3244 1695 3525 1761 virorum,
3559 1696 3664 1768 qui

247 1782 416 1852 λεως,
449 1784 531 1851 ἐφ’
569 1782 625 1840 ἓν
680 1790 787 1839 τῶν
839 1784 1007 1859 όρὲων
1063 1783 1263 1840 ἄνεισιν
1324 1787 1401 1849 εἰς
1475 1782 1682 1859 ἀνδρῶν
1736 1805 1898 1857 μονα-

2012 1779 2447 1835 exercebantur.
2481 1781 2551 1835 Et
2609 1797 2744 1836 cum
2777 1797 2839 1836 se
2898 1781 2957 1836 in
2990 1782 3185 1855 exigua
3226 1782 3536 1840 clausisset
3567 1790 3668 1841 do-

244 1875 493 1947 στήριον,
548 1872 600 1929 ἐν
662 1873 888 1947 οἰκίσκῳ
942 1895 1001 1929 τε
1067 1875 1264 1949 βραχεῖ
1310 1872 1751 1949 ἐγκλεισάμενος,
1811 1874 1901 1928 καὶ

245 1963 563 2035 συνθέμενος
617 1961 749 2036 μηδ’
806 1962 943 2033 ὅλης
1012 1960 1214 2018 ἒκεῖθεν
1284 1970 1386 2033 τῆς
1447 1970 1591 2033 ζωῆς
1647 1963 1898 2033 ἐξελθεῖν,

244 2052 538 2122 ἀσκητικὸν
594 2052 907 2109 ἐπανείλετο
959 2054 1105 2125 βίον,
1153 2050 1322 2126 μηδὲν
1380 2054 1719 2125 κτησάμενος
1791 2057 1900 2107 τῶν

241 2145 342 2196 τοῦ
373 2143 584 2215 κόσμου
623 2141 753 2197 ἀλλ’
786 2145 821 2213 ἢ
866 2142 1041 2215 μόνην
1091 2142 1285 2216 ψίαθον
1336 2143 1425 2196 καὶ
1485 2142 1766 2206 κωθώνιον
1823 2142 1899 2203 εἰς

244 2227 438 2293 ὕδατος
469 2233 779 2299 κοινωνίαν,
812 2231 960 2305 ἄρτῳ
1000 2252 1057 2286 τε
1093 2232 1295 2306 βραχεῖ
1331 2236 1419 2286 καὶ
1476 2229 1627 2286 ὕδατι
1682 2231 1900 2302 ἀποζῶν

238 2320 332 2374 καὶ
392 2317 654 2394 λαχᾶνοις
690 2318 964 2395 χλωροῖς,
1020 2318 1073 2373 εἷ’
1094 2320 1201 2375 πού
1231 2341 1313 2381 τις
1362 2319 1594 2395 ἐνέγκοι,
1640 2321 1715 2393 μή
1788 2324 1897 2375 τῶν

238 2414 523 2482 κοσμικῶν
575 2430 697 2463 τινα
755 2409 1083 2481 θίασάμενος
1159 2407 1213 2461 ἐν
1288 2408 1392 2481 ὅλῃ
1480 2413 1617 2481 ζωῇ,
1683 2410 1758 2480 μή
1819 2408 1899 2483 ἐφ’

244 2496 413 2569 ἒτὲρῳ
463 2496 572 2552 τινὶ
616 2498 947 2569 μετεωρίσας
983 2497 1075 2551 τὸν
1128 2500 1272 2563 νοῦν,
1304 2495 1429 2550 ἀλλ’
1472 2497 1505 2565 ἢ
1570 2496 1717 2568 μόνῳ
1786 2502 1901 2567 Θεῷ

246 2588 628 2660 προσανεχων.
689 2584 871 2646 Οὕτως
949 2586 1211 2654 ἀσκήσας,
1282 2587 1428 2641 οὕτω
1514 2585 1739 2655 τελευτᾷ
1809 2586 1901 2640 τὸν

250 2673 392 2747 βίον,
451 2672 504 2727 ὲν
560 2674 778 2746 Χριστῷ
811 2674 993 2743 Ἰησοῦ
1052 2678 1134 2745 τῷ
1200 2673 1381 2747 Κυρίῳ
1440 2676 1623 2747 ἡμῶν,
1666 2674 1711 2747 ᾧ
1778 2674 1904 2749 πρέ-

242 2782 332 2817 πει
364 2766 508 2815 πᾶσα
549 2760 697 2832 δόξα,
728 2763 865 2834 τιμή
913 2761 1276 2840 μεγαλωσύνη
1318 2784 1378 2818 τε
1424 2765 1509 2817 καὶ
1569 2764 1901 2840 μεγαλοπρὲ-

240 2870 388 2916 πεια,
422 2854 511 2904 νῦν
566 2852 657 2905 καὶ
706 2850 786 2904 ἀεὶ
834 2850 925 2905 καὶ
977 2850 1055 2915 εἰς
1093 2850 1222 2913 τοὺς
1253 2850 1451 2913 αἰῶνας
1510 2857 1617 2907 τῶν
1660 2852 1901 2910 αἰώνων.

246 2939 456 3012 ’Δμήν.

2015 1866 2317 1935 muncula,
2347 1872 2404 1923 et
2444 1868 2727 1925 voluisset
2758 1868 2920 1925 illinc
2970 1887 3087 1925 non
3130 1872 3325 1943 egredi
3356 1876 3478 1928 toto
3510 1877 3663 1929 tem-

2009 1972 2148 2027 pore
2200 1957 2351 2023 vitae,
2388 1959 2647 2029 regulam
2704 1960 2968 2031 suscepit
3026 1960 3429 2031 monasticam,
3464 1977 3533 2017 ex
3588 1962 3659 2017 iis

2011 2060 2134 2115 quas
2194 2051 2333 2100 sunt
2385 2047 2590 2101 mundi
2637 2047 2788 2103 nihil
2846 2047 3154 2118 possidens
3212 2054 3420 2120 prater
3475 2050 3659 2106 solam

2010 2138 2288 2203 stoream,
2346 2142 2402 2189 et
2456 2135 2733 2207 poculum
2794 2137 2865 2191 ad
2944 2154 3156 2207 aquam
3216 2138 3555 2209 bibendam,
3606 2145 3665 2197 et

2010 2237 2192 2292 pauco
2225 2239 2374 2294 pane
2414 2230 2470 2279 et
2513 2241 2667 2295 aqua
2695 2225 2919 2291 vivens,
2952 2230 3009 2281 et
3054 2225 3312 2281 oleribus
3346 2227 3653 2297 viridibus,

2009 2310 2058 2367 si
2092 2310 2225 2383 quis
2256 2312 2508 2378 afferret,
2535 2329 2668 2367 cum
2712 2312 2942 2368 nullum
2975 2330 3043 2369 ex
3064 2315 3381 2370 mundanis
3410 2316 3654 2372 vidisset

2010 2402 2130 2454 tota
2174 2400 2313 2467 vita,
2346 2417 2465 2457 non
2495 2403 2565 2456 ad
2620 2401 2840 2473 aliquid
2902 2402 3063 2458 aliud
3122 2408 3377 2460 mentem
3427 2404 3650 2462 habens

2011 2492 2283 2550 erectam,
2339 2490 2453 2545 nisi
2512 2492 2583 2546 ad
2643 2489 2753 2546 soli
2807 2496 2919 2546 Deo
2976 2494 3323 2548 vacandum.
3402 2494 3659 2565 Denique

2011 2591 2146 2630 cum
2178 2575 2275 2631 diu
2306 2578 2391 2631 sic
2421 2594 2479 2633 se
2510 2578 2705 2633 divine
2756 2580 3127 2647 exercuisset,
3161 2581 3246 2636 sic
3277 2580 3449 2636 etiam
3486 2597 3516 2637 e
3550 2582 3662 2639 vita

2010 2665 2259 2733 excedit,
2317 2665 2376 2721 in
2440 2666 2669 2723 Christo
2714 2667 2855 2723 Jesu
2906 2668 3153 2723 Domino
3206 2673 3421 2735 nostro,
3482 2686 3658 2741 quem

2011 2755 2173 2809 decet
2229 2756 2419 2812 omnis
2468 2757 2672 2829 gloria,
2707 2757 2891 2813 honos
2950 2764 3005 2814 et
3036 2759 3344 2827 veneratio,
3396 2777 3552 2816 nunc
3601 2766 3658 2817 et

2011 2859 2267 2916 semper,
2298 2849 2356 2900 et
2384 2844 2443 2899 in
2475 2844 2691 2901 saecula
2722 2846 3091 2903 seculorum.
3124 2849 3331 2905 Amen.

799 3281 1526 3379 ΜΑΡΤΥΡΙΟΝ
1609 3284 1867 3379 ΤΩΝ

2012 3283 2335 3380 ιΓΙΩΝ
2424 3284 3108 3381 ΜΑΡΤΥΡΩΝ

674 3504 1738 3638 ΜΑΡΚΙΑΝΟΥ
1821 3503 2127 3635 ΚΑΙ
2213 3505 3243 3637 ΜΑΡΤΥΡΙΟΥ

1701 3728 1829 3777 ΤΩΝ
1887 3724 2230 3780 ΝΟΤΔΡΙΩΝ

1066 4033 1801 4148 MAR’IYRIUM
1882 4035 2043 4149 SS.
2130 4033 2817 4148 MARTYRUM

748 4256 1736 4426 MARCIANI
1815 4262 2068 4425 ET
2144 4260 3138 4425 MARTYRII

1708 4519 2186 4579 NOTARIOBUM

792 4663 998 4726 (Latine
1030 4678 1116 4729 sp.
1148 4665 1361 4716 Surium
1394 4668 1461 4718 ad
1492 4668 1631 4718 diem
1654 4668 1716 4718 25
1742 4667 2002 4725 Octobris,
2035 4668 2213 4717 Grace
2250 4680 2311 4716 ex
2345 4666 2462 4716 cod.
2495 4678 2593 4715 ms.
2626 4665 2793 4717 Paris.
2824 4677 2881 4714 n.
2913 4662 3080 4725 1484.)

300 4988 372 5043 Α’.
412 4988 788 5063 Ἐπεχωρίαξε
840 4987 935 5060 μὶν
999 4988 1089 5043 καὶ
1156 4987 1421 5061 πρότερον
1480 4983 1588 5056 ἤδη
1646 4987 1709 5041 τὸ
1776 4990 1884 5041 τῶν

2071 4992 2112 5045 Ι.
2150 4989 2505 5045 Versabatur
2534 4989 2769 5061 quidem
2813 4990 2932 5060 jam
2966 5004 3195 5061 quoque
3237 4989 3401 5060 prius
3431 4988 3640 5058 dogma

227 5078 521 5152 ’Λρειανῶν
580 5075 761 5154 δόγμα
836 5082 905 5152 τῇ
974 5075 1268 5150 Ῥωμαίων
1348 5074 1681 5149 ἐπικρατείᾳ,
1743 5073 1880 5150 μέρη

2012 5078 2268 5133 lrianum
2302 5078 2359 5134 in
2402 5078 2623 5135 dilione
2656 5079 3072 5145 Romanorum,
3120 5084 3178 5133 et
3207 5078 3465 5133 vastabat
3515 5076 3643 5145 ejus

221 5187 283 5222 τε
314 5165 482 5235 αὐτῆς
515 5164 867 5239 ἐλυμαίνετο,
902 5167 990 5221 καὶ
1020 5165 1150 5229 τοὺς
1186 5163 1436 5226 πολλοὺς
1484 5164 1547 5218 τὸ
1595 5165 1891 5234 ὁμουύσιον

2012 5173 2217 5237 partes,
2249 5184 2354 5222 nec
2388 5168 2618 5222 sinebat
2668 5167 2874 5238 vulgus
2906 5169 3249 5225 orlbodoxos
3302 5182 3445 5236 pure
3492 5164 3642 5219 tueri

225 5257 477 5329 καθαρῶς
532 5251 848 5326 πρεσϐεύειν
920 5254 1021 5309 οὐκ
1080 5252 1165 5308 ε’ία
1197 5272 1211 5285 ·
1261 5250 1389 5307 ἀλλ’
1440 5249 1592 5306 οὔπω
1655 5257 1891 5307 τοσαῦτα

2012 5256 2368 5310 homousion.
2404 5256 2510 5309 Sed
2545 5258 2806 5311 nondum
2840 5256 2896 5311 id
2932 5257 3149 5311 malum
3183 5258 3345 5309 tanta
3374 5254 3647 5308 utebatur

226 5342 675 5419 ἐπαρρησιάσατο
714 5344 776 5399 τό
836 5343 1001 5398 κακὸν
1063 5340 1188 5397 οὐδὲ
1233 5341 1531 5404 τοσούτους
1590 5343 1709 5416 εἶχε
1760 5340 1887 5402 τοὺς

2012 5343 2285 5409 libertate,
2310 5359 2416 5398 nec
2446 5342 2690 5400 habebat
2738 5350 2857 5399 tam
2891 5346 3127 5410 multos,
3160 5342 3261 5416 qui
3292 5343 3345 5399 ei
3384 5342 3649 5398 adhaere-

225 5432 375 5504 αύτῷ
434 5432 885 5505 προσκειμένους.
936 5434 1098 5507 Ἀρτι
1174 5428 1233 5487 δὲ
1289 5437 1393 5501 τῆς
1465 5428 1742 5505 βασιλείας
1801 5429 1888 5484 ἐπὶ

2012 5436 2153 5485 rent.
2196 5434 2333 5485 Cum
2375 5436 2566 5486 autem
2594 5434 2717 5501 jam
2750 5434 3009 5489 venisset
3048 5433 3361 5505 imperium
3392 5432 3461 5486 ad
3495 5431 3645 5487 Con-

230 5518 644 5591 Κωνστάντιον,
694 5520 785 5576 τὸν
844 5524 940 5578 τοῦ
1011 5521 1251 5596 μεγάλου
1312 5518 1715 5579 Κωνσταντίνου
1774 5520 1895 5594 τρί-

2012 5520 2315 5584 stantium,
2342 5518 2527 5574 ﬁlium
2554 5520 2745 5592 Magni
2769 5521 3157 5589 Constantini,
3190 5539 3366 5595 quem
3394 5521 3561 5577 etiam
3584 5536 3651 5575 ex

230 5630 329 5666 τον
362 5604 535 5665 παίδα
584 5608 871 5684 ἐλθούσης,
904 5610 961 5665 ὃν
1005 5610 1059 5663 αἱ
1108 5609 1323 5685 πράξεις
1378 5608 1543 5685 μᾶγαν
1584 5607 1834 5677 ἆκάλουν,
1868 5610 1896 5663 ὁ

2012 5612 2184 5666 rebus
2228 5607 2407 5680 gestis
2454 5608 2729 5681 Magnum
2787 5619 3086 5680 vocarunt,
3118 5611 3347 5669 invidias
3406 5620 3568 5684 pater
3596 5614 3653 5665 et

557 5741 824 5805 Panos.
872 5740 981 5804 Gn.
1028 5740 1203 5805 CXV.
3248 5743 3311 5799 il
