4048 6202
428 235 577 295 1291

1763 233 1816 291 Μ
1831 231 2047 292 ENSIS
2089 231 2184 291 ΟΕ
2197 228 2478 290 TOBER.

3672 232 3827 294 1292

416 396 589 453 bonis
613 396 685 453 ab
714 396 881 453 initio
904 396 1174 453 invidens
1203 393 1498 463 inimicus,
1531 411 1648 451 non
1679 395 1877 452 valens
1926 412 2058 468 per-

2182 396 2266 446 ιοῦ
2320 392 2522 469 φθόνου
2576 393 2758 464 πατὴρ
2799 394 2887 447 καὶ
2940 396 3061 454 τοῖς
3110 389 3336 470 ἆγαθοῖς
3368 392 3569 450 ἄνωθεν
3606 397 3825 469 βασκαί-

422 487 666 543 suadere
694 486 1063 553 Christianis,
1096 490 1160 540 ut
1210 500 1278 540 ea
1334 484 1700 557 repellerent,
1734 503 1853 557 quas
1899 488 2066 541 erant

421 574 896 641 Christianorum,
937 591 1038 647 per
1076 575 1387 645 quosdam,
1430 574 1531 646 qui
1566 576 1794 630 fuerant
1824 574 2064 646 indigne

422 664 615 736 adepti
664 666 1006 737 dignitatem
1047 664 1376 729 sacerdotii,
1412 680 1473 719 se
1530 665 1869 720 Constantio
1919 664 2064 719 insi-

419 772 628 824 nuans,
679 772 810 810 eum
845 762 1030 811 totum
1094 760 1381 825 quantum
1444 755 1667 809 inducit
1724 757 1793 809 ad
1837 755 2063 810 Ariani-

417 861 624 901 smum.
662 844 807 900 Hinc
836 844 977 899 illud
1013 845 1257 916 impium
1292 845 1505 912 dogma
1546 845 1909 910 Arianorum,
1942 850 2063 899 tan-

416 950 593 1005 quam
625 950 789 989 arma
819 933 1038 1005 aliqua,
1073 934 1417 1004 impositum
1455 934 1721 1004 potentiae
1752 934 2063 1005 imperato-

417 1024 496 1079 ris
546 1023 899 1078 dilalahatur
945 1028 1000 1077 et
1044 1025 1389 1095 augebatur,
1426 1028 1481 1077 et
1527 1028 2065 1095 quantamcumque

421 1113 716 1184 regionem
750 1116 1141 1167 Romanorum
1175 1113 1407 1167 tenebat
1441 1112 1776 1183 imperium,
1806 1129 1904 1183 per
1943 1113 2063 1167 vim

421 1202 810 1258 contendebat
839 1202 909 1255 ad
942 1218 1107 1257 suam
1142 1202 1428 1256 adducere
1480 1202 1834 1272 opinionem.
1867 1201 1951 1256 Ob
2007 1201 2063 1255 id

420 1290 618 1363 igitur,
653 1290 749 1361 qui
806 1290 1097 1345 bbmousii
1142 1292 1417 1345 tenebant
1447 1291 1804 1362 opinionem,
1850 1296 1907 1346 et
1936 1308 2064 1362 quae

418 1384 558 1435 sunt
587 1379 1059 1434 Christianorum
1088 1379 1453 1448 exercebant,
1490 1388 1548 1433 ut
1578 1380 1938 1435 Christianos
1969 1381 2065 1435 de-

418 1475 531 1533 cet,
562 1468 969 1524 afﬁciebantur
1000 1468 1172 1523 malis
1201 1467 1758 1535 innumerabilibus,
1814 1471 2064 1525 maxime

418 1574 549 1615 cum
575 1557 861 1613 Eusebius
892 1561 947 1613 et
995 1556 1296 1630 Philippus
1345 1557 1617 1630 (quorum
1652 1558 1793 1613 alter
1823 1560 2057 1630 quidem

421 1652 662 1703 ornatus
715 1646 903 1702 fuerat
933 1645 1147 1702 honore
1177 1647 1495 1718 praepositi,
1528 1647 1830 1719 Philippus
1861 1653 2056 1704 autem

420 1741 540 1792 erat
566 1736 874 1808 praefectus
912 1735 1199 1806 pretorio)
1232 1736 1476 1790 fuissent
1510 1736 1845 1792 Constantio
1878 1738 2061 1793 fomes

427 1825 646 1881 amoris
677 1824 1045 1881 Arianorum.
1081 1824 1176 1879 Isti
1207 1826 1276 1879 ad
1311 1825 1549 1880 beatum
1584 1826 1825 1881 Paulum
1856 1827 2064 1898 expelli

417 1913 489 1969 ab
522 1913 802 1980 Ecclesia,
834 1917 889 1968 et
912 1912 1156 1983 impium
1180 1912 1451 1982 ejusloco
1473 1913 1765 1970 introduci
1798 1914 2066 1971 Macedo-

420 2004 586 2059 nium
634 2002 929 2071 volebant,
962 2008 1019 2058 et
1062 2004 1259 2058 omnia
1304 2003 1611 2072 faciebant,
1643 2022 1676 2060 a
1706 2004 1914 2076 quibus
1945 2006 2069 2076 qui-

420 2095 556 2149 dem
599 2093 817 2161 verbis,
848 2110 882 2147 a
924 2094 1141 2163 quibus
1171 2099 1362 2147 autem
1398 2094 1588 2159 factis,
1620 2112 1653 2149 a
1684 2112 1934 2165 quonam
1969 2098 2065 2150 de-

419 2183 598 2253 nique
629 2183 843 2236 damno
875 2183 1240 2236 abstinentes
1261 2183 1544 2236 adversus
1567 2200 1683 2245 eos,
1706 2183 1801 2253 qui
1838 2191 2067 2239 tuentur

423 2270 775 2325 homousion
813 2270 842 2323 ?
878 2269 1017 2324 Nam
1063 2269 1209 2325 alios
1251 2272 1485 2340 quidem
1526 2272 1842 2327 effecerunt
1898 2273 2069 2328 relin-

428 2373 605 2429 quere
636 2358 926 2413 civitatem
950 2374 964 2413 :
986 2357 1129 2413 alios
1149 2364 1343 2414 autem
1376 2360 1734 2415 damnarunt
1766 2367 2063 2433 perpetuo,

428 2452 603 2518 atque
634 2446 877 2517 injusto,
912 2448 1109 2503 exsilio
1136 2465 1155 2503 :
1178 2447 1309 2503 aliis
1338 2465 1471 2504 vero
1498 2460 1874 2519 procurarunt
1906 2452 2069 2507 etiam

427 2552 462 2592 a
490 2538 606 2592 vita
640 2537 967 2593 decessum.
1010 2537 1155 2593 Hinc
1187 2538 1473 2594 frontibus
1528 2540 1819 2609 inscriptae
1866 2547 2067 2612 turpes

421 2630 592 2693 note,
621 2627 810 2681 tacita:
835 2627 1003 2681 tidem
1036 2628 1429 2698 significantes
1452 2629 1853 2702 orthodoxam,
1878 2638 1932 2686 et
1955 2632 2068 2687 alia

421 2714 579 2769 mala
634 2714 1086 2770 innumerabilia
1144 2718 1460 2787 excogitata
1512 2718 1749 2773 fuerunt
1787 2720 2067 2777 adversus

420 2800 805 2868 Christianos,
847 2801 1071 2856 etiamsi
1107 2818 1284 2872 parva
1330 2803 1679 2859 videbantur
1727 2805 1839 2877 piis
1870 2810 2067 2862 omnia

419 2898 657 2960 propter
702 2891 1025 2958 Christum,
1057 2898 1111 2945 et
1140 2906 1263 2945 cum
1286 2908 1388 2962 spe
1422 2894 1749 2948 futurorum
1783 2912 1896 2950 non
1929 2914 2065 2951 con-

418 2979 679 3034 ferenda.
722 2979 869 3033 Hinc
925 2981 1215 3034 secundus
1245 2982 1481 3050 quidem
1545 2982 1634 3036 hic
1696 2984 1931 3053 Paulus,
1966 2988 2063 3056 qui

422 3081 743 3138 cognomen
796 3067 999 3123 habuit
1030 3084 1063 3122 a
1102 3069 1489 3138 confessione,
1530 3071 1835 3142 expellitur
1866 3091 1895 3127 a
1930 3075 2064 3131 sede

419 3155 790 3226 pontiﬁcatus
822 3172 835 3209 :
868 3154 1047 3210 illotis
1072 3160 1287 3221 autem,
1322 3162 1385 3210 ut
1418 3158 1655 3230 dicitur,
1689 3160 1951 3235 pedibus,
1976 3180 2064 3218 sa-
2108 3164 2157 3229 C

421 3260 518 3299 cra
549 3244 950 3313 profanentur.

494 3333 567 3387 II.
598 3333 815 3388 Horum
848 3350 984 3407 ergo
1016 3336 1338 3391 Constantii
1362 3342 1690 3409 temporum
1723 3358 1868 3412 opus
1902 3349 1989 3399 est
2016 3350 2071 3400 et

425 3422 770 3490 Marcianus,
805 3428 860 3479 et
892 3424 1204 3497 martyrius
1229 3443 1242 3481 :
1268 3428 1483 3496 quibus
1518 3429 1695 3497 patria
1728 3431 1963 3501 quidem
1985 3440 2071 3488 est

424 3510 566 3565 urbs
627 3527 833 3582 magna
891 3515 1093 3585 regia:
1155 3514 1421 3570 educatio
1478 3526 1668 3572 autem
1710 3525 1766 3573 et
1797 3522 2068 3588 eruditio,

424 3598 655 3669 qualem
688 3602 773 3655 vir
811 3601 942 3671 pius
988 3602 1197 3657 habere
1228 3605 1527 3674 Optaverit.
1566 3606 1773 3675 Mores,
1810 3610 2070 3682 benigni-

429 3690 519 3742 tas
560 3692 615 3744 et
672 3690 1008 3757 moderatio,
1040 3696 1129 3747 est
1183 3699 1543 3759 accuratum,
1572 3711 1687 3766 quo
1742 3696 1824 3751 illi
1865 3715 2073 3771 cogno-

432 3782 694 3843 scuntur,
745 3778 1052 3835 indicium.
1109 3780 1168 3838 Si
1199 3787 1391 3837 autem
1442 3790 1660 3854 Oportet
1719 3786 1967 3844 breviter
2018 3796 2074 3845 et

432 3882 563 3923 vere
605 3868 817 3935 dicere,
866 3868 923 3923 id
982 3874 1149 3925 erant
1190 3870 1339 3926 inter
1367 3877 1601 3928 caeteros
1658 3874 1884 3945 virtute,
1919 3880 2069 3949 quod

430 3975 561 4016 esse
584 3958 824 4030 imperio
857 3959 1320 4030 cognoscebatur
1348 3976 1547 4015 eorum
1584 3965 1773 4033 patria
1804 3965 1956 4021 inter
1979 3983 2073 4021 ur-

432 4052 556 4107 bes.
594 4048 737 4104 Nam
770 4050 1061 4117 quomodo
1093 4048 1219 4118 ipsa
1247 4049 1521 4105 omnibus
1543 4051 1670 4106 aliis
1703 4055 1967 4123 praesidet
1999 4057 2072 4111 ci-

431 4138 725 4205 vitatibus,
775 4142 831 4191 et
886 4151 952 4191 eo
1002 4140 1152 4207 quod
1216 4138 1375 4210 regia
1404 4146 1460 4193 et
1516 4140 1590 4195 sit
1620 4147 1675 4195 et
1720 4146 2071 4214 nominetur,

434 4228 687 4298 primum
730 4226 902 4282 habet
934 4228 1207 4282 honorem
1245 4242 1258 4279 :
1292 4229 1493 4283 eodem
1546 4232 1717 4285 modo
1753 4232 1806 4286 hi
1841 4250 2075 4306 quoque

432 4316 494 4372 in
526 4316 802 4371 omnibus
834 4315 1002 4369 bonis
1033 4315 1375 4372 obtinebant
1407 4319 1793 4388 dominatum,
1819 4340 1923 4379 nec
1953 4330 2075 4380 erat

436 4403 773 4476 praclarum
813 4402 1031 4474 aliquid
1066 4405 1328 4473 omnino,
1370 4407 1427 4460 in
1478 4423 1591 4478 quo
1625 4425 1739 4464 non
1772 4410 1863 4465 isti
1897 4412 2072 4468 habe-

2176 502 2284 535 νων
2324 480 2543 555 ἐχθρὸς,
2577 481 2693 536 ἐπεὶ
2729 482 2804 553 μὴ
2837 480 3043 544 πείθειν
3078 481 3196 545 οἷός
3233 503 3291 537 τε
3334 483 3401 551 ἦν
3446 484 3512 538 τὰ
3571 490 3826 559 Χριστια-

2178 575 2283 623 νῶν
2340 569 2669 624 ἀπωθεῖσθαι
2726 568 3116 644 Χριστιανοὺς,
3177 569 3266 625 διά
3336 592 3495 626 τινων
3564 573 3626 627 οὗ
3694 577 3826 647 πρὸς

2178 659 2348 729 ἀξίαν,
2394 658 2567 730 οἶμοι,
2628 664 2725 715 τοῦ
2772 659 2867 725 τῆς
2916 660 3218 731 ἱερωσύνης
3284 662 3593 733 ἀξιώματος
3657 665 3825 733 igitur

2178 750 2352 822 μένων
2429 752 2521 803 τὸν
2601 750 2981 806 Κωνστάντιον
3072 748 3325 814 ὑπελθὼν
3404 752 3479 814 εἰς
3560 755 3625 807 τὰ
3722 759 3823 809 τῶν

2175 840 2472 912 Ἀρειανῶν
2518 837 2649 893 ὅλον
2700 839 2987 914 ὑπάγεται.
3022 841 3301 903 Ἐντεῦθεν
3353 842 3415 894 τὸ
3455 843 3608 905 ἄθεον
3667 848 3825 899 τοῦτο

2173 932 2277 981 τῶν
2320 930 2605 999 Ἀρειανῶν
2662 925 2865 1004 δόγμα,
2916 926 3104 1002 ὥσπερ
3164 928 3338 985 ὅπλον
3399 931 3498 999 τήν
3548 936 3644 986 τοῦ
3696 952 3825 1005 κρα-

2174 1022 2393 1079 τοῦντος
2451 1017 2802 1091 περιθέμενον
2857 1016 3195 1089 δυναστείαν,
3246 1017 3510 1075 ἐπλάτυνε
3558 1022 3681 1076 τότε
3742 1022 3823 1076 καὶ

2177 1104 2390 1176 ηὔξετο,
2450 1106 2541 1160 καί
2595 1111 2769 1161 πᾶσαν
2830 1107 2963 1177 ὅσην
3022 1110 3056 1176 ἡ
3118 1110 3409 1181 Ῥωμαίων
3468 1109 3611 1185 εἶχεν
3681 1111 3821 1190 ἀρχῆ

2174 1196 2621 1271 παραστήσασθαι
2713 1196 2848 1270 πρὸς
2942 1196 3059 1270 βίαν
3149 1194 3493 1273 ἐφιλονείκει.
3560 1200 3665 1255 Καὶ
3748 1198 3823 1253 διὰ

2174 1290 2335 1340 τυῦτο
2398 1284 2611 1359 μυρίοις
2672 1286 2721 1339 οἱ
2781 1286 2843 1341 τὸ
2912 1285 3207 1358 ὁμοούσιον
3269 1284 3605 1361 δοξάζοντες,
3637 1288 3730 1342 καὶ
3767 1290 3825 1344 τα

2174 1376 2513 1448 Χριστιανῶν
2562 1374 2636 1435 ὡς
2704 1373 2860 1447 θέμις
2914 1378 3263 1449 Χριστιανοῖς
3316 1377 3613 1447 μετιόντες,
3648 1386 3822 1451 1:39:2-

2187 1459 2460 1518 ϐάλλοντο
2489 1468 2606 1525 τοῖς
2638 1469 2845 1533 κακοῖς,
2878 1459 3145 1520 Εὐσεϐίου
3203 1462 3440 1537 μάλιστα
3482 1465 3573 1520 καὶ
3620 1466 3821 1521 Φιλίπο

2179 1574 2283 1608 που
2341 1552 2437 1626 (ὧν
2487 1554 2514 1607 6
2564 1553 2656 1624 μὲν
2694 1556 2762 1625 τῇ
2812 1557 2908 1607 τοῦ
2957 1552 3320 1627 πραιποσίτου
3369 1553 3633 1627 τετίμητο
3686 1553 3819 1629 δόξῃ,

2179 1644 2205 1696 6
2240 1640 2298 1697 δὲ
2322 1642 2387 1696 τὰ
2422 1649 2521 1710 τῆς
2553 1640 2823 1716 ἐπαρχίας
2866 1639 3126 1711 διεῖπεν,ὁ
3168 1641 3475 1716 Φίλιππος)
3509 1643 3822 1718 ὑπέκκαυμα

2176 1729 2532 1800 Κωνσταντίῳ
2593 1731 2691 1781 τοῦ
2754 1732 2861 1782 τῶν
2902 1730 3195 1803 Ἀρειανῶν
3247 1727 3448 1802 ἔρωτος
3498 1732 3819 1803 γειομένιυν,

2175 1817 2341 1873 Οὗτοι
2416 1818 2507 1871 καὶ
2581 1815 2673 1871 τὸν
2734 1818 2998 1890 μακάριον
3060 1817 3399 1885 ἀπελαθῆναι
3456 1820 3675 1875 Παῦλον
3730 1824 3820 1885 τῆς

2176 1904 2524 1975 Ἐκκλησίας,
2564 1906 2985 1979 ἀντεισαχθῆναι
3037 1904 3094 1961 δέ
3140 1908 3231 1962 τὸν
3290 1903 3526 1977 δυσσεϐῆ
3579 1906 3815 1965 Max:36-

2174 2016 2313 2063 νιον,
2362 1989 2656 2050 ἐϐούλοντό
2713 2015 2772 2049 τε
2837 1995 2927 2049 καὶ
2980 1996 3154 2051 πάντα
3192 1995 3414 2051 ἐποίουν
3449 2016 3462 2031 ·
3523 1997 3669 2059 τίνος
3731 2002 3815 2063 μὶν

2176 2082 2362 2158 λογου,
2391 2084 2539 2145 τίνος
2592 2081 2647 2137 δὲ
2696 2081 2885 2160 ἔργου,
2942 2085 3103 2145 ποίας
3152 2082 3208 2140 δέ
3266 2081 3481 2159 βλάϐης
3534 2088 3668 2141 κατὰ
3714 2092 3812 2141 τῶν

2173 2168 2579 2247 πρεσϐευόντων
2636 2176 2700 2227 τὸ
2749 2173 3044 2245 ὁμοοόσιον
3095 2175 3669 2254 ἀποσχόμενοι;Τοὺς
3725 2178 3808 2249 μὲν

2171 2268 2273 2343 γὰρ
2330 2270 2429 2337 τὴν
2490 2268 2655 2323 πόλιν
2729 2266 2975 2323 ἐκλιπεῖν
3031 2271 3454 2344 παρεσκεύασαν,
3481 2275 3587 2325 τῶν
3619 2269 3672 2326 δὲ
3698 2268 3807 2325 ἄδι-

2173 2378 2267 2411 κον
2327 2357 2610 2434 ἀειφυγίαν
2668 2357 3002 2432 κατέκριναν,
3056 2365 3173 2421 τοῖς
3235 2357 3290 2414 δὲ
3352 2360 3445 2414 καὶ
3502 2358 3798 2433 ἀπαλλαγήν

2174 2450 2272 2511 τῆς
2332 2452 2476 2515 ζωῆς
2535 2449 2911 2521 προεξὲνησαν.
2975 2449 3243 2504 Ἐντεῦθεν
3303 2447 3493 2520 ἄτιμοι
3548 2449 3669 2503 κατᾶ
3706 2469 3789 2518 με-

2174 2536 2372 2591 τώπων
2426 2539 2647 2613 γραιραὶ,
2694 2536 3163 2609 ὑποσημαίνουσαι
3210 2544 3271 2593 τὸ
3332 2535 3641 2613 ὀρθόδοξον,
3671 2537 3798 2592 ἄλλα

2175 2646 2231 2678 τε
2293 2627 2459 2699 μυρία
2523 2627 2660 2680 κατᾶ
2717 2630 3053 2700 Χριστιανῶν
3087 2626 3359 2682 ἐπενοεῖτο
3415 2630 3592 2690 καινὰ,
3646 2626 3803 2681 εἶκαὶ

2180 2715 2345 2788 μικρὰ
2385 2716 2559 2770 πάντα
2606 2712 2696 2769 διὰ
2736 2718 2972 2790 Χριστὸν
3034 2714 3207 2771 ἐδόκει
3251 2722 3370 2777 τοῖς
3431 2713 3697 2787 εὐσεϐέσι,
3727 2717 3806 2771 καὶ

2172 2808 2279 2857 τῶν
2348 2800 2584 2857 ἐλπίδων
2647 2803 2745 2857 οὐκ
2802 2806 2937 2875 ἄξια.
3002 2808 3271 2869 Ἐντεῦθεν
3338 2807 3366 2860 6
3415 2802 3666 2877 δεύτερος
3724 2807 3808 2878 μὲν

2176 2892 2338 2952 οὗτος
2382 2892 2595 2954 Παῦλος
2626 2895 2653 2947 ὁ
2701 2900 2801 2963 τῆς
2861 2893 3169 2971 ὁμολογίας
3223 2893 3531 2967 ἐπώνυμος,
3565 2895 3664 2950 τοῦ
3720 2900 3808 2962 τῆς

2173 2983 2584 3058 ἀρχιερωσύνης
2619 2982 2815 3057 θρόνου
2845 2981 3230 3051 ἀπυδιώκεται,
3266 2985 3503 3046 ἀνίπτοις
3542 2982 3597 3038 δὲ
3640 2985 3806 3059 χερσὶ,

2174 3073 2234 3127 τὸ
2266 3076 2362 3126 τοῦ
2404 3068 2596 3146 λόγου,
2633 3067 2965 3146 βεϐηλοῦται
2994 3073 3057 3126 τὰ
3092 3074 3234 3147 ἅγια.

2253 3354 2325 3404 B'.
2359 3353 2479 3406 Τῶν
2534 3351 2660 3421 γοῦν
2726 3345 3103 3401 Κωνσταντίου
3169 3343 3379 3399 τούτων
3426 3348 3624 3418 καιρῶν
3664 3340 3809 3417 ἔργον

2180 3436 2269 3491 καὶ
2311 3437 2620 3506 Μαρκιανὸς
2668 3435 2758 3487 καὶ
2798 3434 3111 3509 Μαρτόριος
3140 3453 3151 3465 ·
3188 3435 3275 3497 οἷς
3318 3433 3514 3508 πατρὶς
3560 3432 3645 3505 μὲν
3690 3429 3807 3485 ἄστυ

2181 3527 2242 3581 τὸ
2279 3528 2417 3601 μέγα
2457 3547 2514 3581 τε
2560 3526 2647 3578 καὶ
2699 3521 2994 3599 βασίλειον,
3026 3522 3285 3597 ἀναγωγὴ
3336 3520 3393 3576 δὲ
3436 3523 3523 3576 καὶ
3593 3517 3809 3589 παιδεία,

2184 3613 2303 3675 οἵας
2352 3616 2412 3668 ἄν
2468 3636 2551 3677 τις
2599 3610 2861 3690 θεοφιλὴς
2909 3611 3047 3686 ἀνὴρ
3095 3616 3283 3685 τυχεῖν
3327 3608 3556 3681 εὔξαιτο.
3591 3610 3812 3683 Τρόποι,

2183 3705 2499 3779 χρηστότης
2557 3704 2645 3757 καὶ
2696 3700 2957 3757 ἐπιείκεια
3019 3702 3080 3755 τὸ
3132 3700 3346 3755 ἐκείνων
3405 3696 3623 3774 ἀκριϐὲς
3684 3697 3817 3774 γνώ-

2184 3792 2475 3867 ρισμα.Εἶ
2530 3790 2586 3846 δὲ
2643 3790 2725 3846 δεῖ
2791 3790 3071 3853 συντόμως
3145 3791 3237 3845 καὶ
3333 3788 3556 3859 ἀληθῶς

2182 3886 2341 3937 τοῦτο
2398 3887 2514 3943 τοῖς
2572 3886 2730 3934 πᾶσιν
2782 3878 2927 3942 ὄντες
2987 3880 3061 3940 εἷς
3114 3881 3335 3955 ἀρετὴν,
3376 3880 3507 3955 ὅπερ
3539 3882 3574 3948 ἡ
3635 3878 3816 3953 πατρὶς

2181 3978 2299 4033 ταῖς
2375 3970 2600 4025 πόλεσιν
2667 3970 3004 4045 ἐγνωρίζετο.
3066 3972 3163 4024 Καὶ
3249 3968 3431 4043 ὥσπερ
3513 3970 3640 4037 αὕτη
3715 3972 3815 4022 τῶν

3635 3790 3814 3858 εἷπεῖν,

2184 4060 2370 4117 ἄλλων
2426 4082 2483 4115 τε
2540 4065 2726 4115 πασῶν
2766 4062 3106 4137 προκάθηται
3138 4060 3374 4127 πόλεων,
3407 4061 3498 4114 καὶ
3546 4066 3621 4131 τῷ
3666 4061 3812 4133 βασι-

2186 4150 2315 4217 λικὴ
2364 4151 2453 4205 καὶ
2512 4152 2654 4205 εῖναι
2710 4152 2801 4205 καὶ
2860 4151 3213 4219 ὀνομάζεσθαι
3270 4152 3372 4219 τὴν
3432 4151 3649 4225 πρώτην
3709 4147 3817 4222 ἔχει

2184 4244 2353 4312 τιμήν
2393 4261 2405 4273 ·
2440 4242 2532 4296 τὸν
2591 4243 2749 4296 αὐτὸν
2808 4241 2875 4311 δὴ
2925 4242 3016 4295 καὶ
3049 4241 3201 4296 οὗτοι
3256 4242 3461 4311 τρόπον
3520 4242 3729 4295 πάντων
3776 4238 3821 4293 ἐν

2184 4334 2340 4384 πᾶσιν
2395 4329 2654 4400 ἐκράτουν
2706 4327 3029 4395 ἐπαινετοῖς,
3062 4330 3152 4383 καὶ
3214 4328 3463 4398 ζηλωτὸν
3508 4332 3573 4397 ἦν
3621 4330 3682 4383 τὸ
3732 4349 3825 4382 πα-

2187 4418 2357 4493 ράπαν
2413 4416 2590 4485 οὐδὲν,
2624 4417 2685 4496 ἐφ
2718 4420 2762 4490 ᾦ
2798 4419 2874 4489 μή
2927 4419 3076 4471 οὗτοι
3128 4419 3190 4471 τὸ
3220 4423 3489 4492 πρωτεῖον
3524 4420 3703 4491 εἶχον.
3737 4420 3826 4486 Τῷ

435 4498 566 4549 rent
592 4493 832 4565 primas.
869 4493 1032 4560 Apud
1068 4492 1328 4547 divinum
1372 4511 1504 4565 ergo
1537 4496 1778 4551 Paulum
1818 4516 2068 4556 commo-

438 4600 443 4601 ,
474 4591 628 4601 A,_.__
692 4595 813 4601 ---μ
852 4580 1050 4601 ,Α-ζὶ...
1093 4586 1280 4601 -_--_L
1326 4596 1453 4601 --μμ
1479 4599 1510 4601 ,A
1586 4600 1591 4601 ,
1774 4585 1786 4601 I
1864 4586 1914 4601 ιιι
1991 4590 2017 4601 ,ι

2188 4507 2318 4578 θείῳ
2348 4505 2637 4581 τοιγαροῦν
2668 4504 2869 4577 Παύλῳ
2919 4506 3165 4567 συνόντες
3198 4506 3286 4560 καὶ
3335 4509 3443 4559 τῶν
3506 4506 3593 4559 ὑπ’
3620 4503 3825 4559 ἐκείνου

435 4591 653 4648 rantes,
687 4595 817 4634 cum
850 4580 1053 4633 scribae
1088 4586 1284 4635 essent
1322 4596 1543 4649 eorum,
1574 4600 1706 4653 qua:
1737 4585 1807 4639 ab
1860 4586 1955 4642 illo
1989 4590 2080 4644 tie-

434 4672 593 4737 bant,
634 4674 690 4723 et
730 4668 941 4739 p0pulo
980 4668 1208 4723 divinos
1234 4669 1410 4724 libros
1441 4670 1719 4742 legerent,
1753 4678 1869 4729 tam
1904 4676 2071 4731 vehe-

436 4764 689 4812 mentem
751 4756 808 4809 in
868 4755 1161 4811 Christum
1204 4773 1460 4813 amorem
1501 4759 1753 4828 alebant,
1789 4768 1851 4817 ut
1909 4765 2075 4821 nihili

432 4848 714 4901 ducentes
747 4844 1025 4899 insaniam
1076 4845 1465 4916 imperatoris,
1494 4849 1821 4905 vehementi
1856 4853 2073 4924 impetu

432 4933 855 4994 contenderent
893 4935 1170 4988 adversus
1199 4934 1412 4989 Christi
1451 4937 1668 5005 hostes,
1705 4956 1809 4995 nec
1837 4950 2074 5000 omnino

434 5026 805 5080 tolerandum
849 5028 1122 5093 putarent
1158 5024 1252 5077 Dei
1285 5022 1538 5079 Verbum
1572 5042 1637 5080 eo
1668 5028 1968 5098 deducere,
2012 5039 2075 5088 ut

434 5118 742 5168 censeatur
771 5129 863 5167 res
905 5118 1098 5168 creata
1132 5128 1145 5166 :
1175 5112 1277 5167 sed
1308 5129 1436 5168 esse
1468 5115 1705 5184 quidem
1736 5134 1869 5173 eum
1907 5123 2074 5177 Patre

434 5206 724 5273 expertem
760 5200 1050 5273 principii,
1085 5205 1142 5257 et
1192 5202 1452 5272 ejusdem
1500 5205 1767 5261 essentias
1802 5212 2073 5267 ostende-

435 5295 586 5357 rent,
609 5290 956 5347 Arianorum
986 5296 1183 5347 autem
1219 5290 1489 5362 profanas
1542 5292 1819 5351 novitates
1868 5300 1938 5355 ad
1987 5304 2071 5358 ni.

435 5376 623 5431 hilum
668 5378 1008 5459 redigerent.

508 5463 607 5520 lli.
642 5464 870 5531 Illorum
906 5482 1038 5540 ergo
1078 5471 1283 5541 verbis,
1313 5485 1427 5545 non
1459 5485 1626 5526 secus
1658 5488 1722 5528 ac
1754 5475 1905 5543 telis,
1940 5494 2067 5537 sau-

439 5555 577 5611 ciati
612 5553 885 5624 infecelis,
934 5572 1065 5612 cum
1116 5575 1219 5613 nec
1261 5564 1501 5630 possunt
1531 5560 1614 5617 eis
1646 5564 1935 5636 resistere,
1971 5587 2074 5628 nec

2187 4596 2572 4668 πραττομένων
2669 4589 2817 4656 ὄντες
2899 4596 3246 4672 ὑπογραφεῖς,
3300 4599 3379 4665 τῷ
3448 4593 3567 4665 λαῷ
3621 4614 3675 4647 τε
3736 4593 3826 4652 τὰς

2184 4684 2328 4744 θείας
2380 4683 2899 4757 ὑπαναγινώσκοντες
2969 4680 3219 4755 βίϐλους,
3268 4682 3412 4737 οὕτω
3482 4684 3677 4755 θερμὸν
3739 4682 3825 4735 τὸν

2186 4772 2261 4835 είς
2291 4773 2518 4845 Χριστὸν
2569 4770 2859 4849 ὑπέτρεφον
2910 4769 3111 4845 ἔρωτα,
3170 4772 3246 4833 ὡς
3306 4768 3458 4825 οὒδὲν
3502 4769 3830 4842 ὑπολογισα-

2188 4868 2377 4933 μένους
2426 4862 2525 4929 τὴν
2576 4864 2672 4915 τοῦ
2714 4864 3040 4929 κρατοῦντος
3085 4860 3271 4934 μανίαν
3323 4860 3520 4931 ὀξείαις
3573 4866 3825 4935 χωρῆσαι

2185 4953 2319 5005 κατᾶ
2356 4954 2463 5004 τῶν
2526 4948 2925 5022 Χριστομάχων
2985 4950 3205 5023 ὁρμαῖς,
3237 4948 3327 5003 καὶ
3381 4949 3476 5003 τὸν
3534 4952 3633 5002 τοῦ
3700 4950 3828 5002 Θεοῦ

2186 5039 2360 5114 Λόγον
2422 5038 2495 5098 εἷς
2551 5036 2754 5108 κτίσμα
2803 5038 3125 5112 κατάγεσθαι
3196 5034 3325 5109 μηδ’
3379 5038 3525 5098 ὅλως
3616 5036 3825 5090 ἀνεκτὸν

2183 5134 2431 5195 ποιῆσαι,
2465 5123 2613 5179 ἀλλὰ
2644 5126 2985 5199 συνάναρχον
3038 5126 3134 5197 μὲν
3175 5130 3255 5197 τῷ
3288 5126 3456 5198 Πατρὶ
3493 5126 3582 5178 καὶ
3618 5124 3827 5197 ὁμοσύ-

2185 5236 2296 5270 σιον
2356 5214 2514 5269 αὐτὸν
2584 5210 2893 5283 ἀποδεῖξαι,
2950 5213 3047 5278 τὰς
3117 5212 3172 5269 δὶ
3243 5218 3353 5269 τῶν
3420 5213 3830 5287 ἀρειανιζόντων

2186 5301 2459 5380 βεϐήλους
2507 5302 2836 5379 κενοφωνίας
2881 5302 2955 5364 εἷς
2996 5304 3057 5359 τὸ
3111 5301 3279 5375 μηδὶν
3322 5302 3451 5358 εἶναι
3484 5309 3825 5377 περιστῆσαι.

2252 5491 2321 5543 Γ”.
2358 5487 2492 5545 Τοῖς
2547 5481 2768 5561 ἐκείνων
2827 5489 3114 5561 τοιγαροῦν
3148 5446 3409 5561 ¹ῥήμασιν
3475 5486 3565 5545 οἳα
3616 5481 3824 5561 βέλεσιν

2184 5578 2234 5629 οἱ
2292 5560 2687 5649 κακδσαίμένις
2742 5560 3055 5648 βλητίντις,
3104 5560 3192 5631 καὶ
3272 5572 3411 5650 tum
3494 5560 3823 5642 ἀντιτιίνιιν,
