4012 6220
243 295 399 355 1293

1328 296 1509 357 νιΤΑ
1558 299 1622 359 S.
1669 300 2129 362 ANASTASIzE
2174 302 2550 364 ΒΟΜΑΝιΕ.

3485 318 3515 375 1
3528 316 3644 375 294

243 472 383 548 μηδὲ
417 475 492 539 εἷς
524 474 725 550 λόγους
748 476 937 537 αὐτοῖς
979 480 1179 550 χωρεῖν
1213 474 1358 537 ὅλως
1406 470 1653 554 ἔχοντες,
1705 475 1861 553 ὥσπει

1994 480 2091 520 eos
2121 465 2413 521 sustinere
2442 468 2501 522 in
2536 468 2954 540 disputatione,
2988 488 3105 529 non
3158 491 3325 533 secus
3353 492 3419 532 ac
3448 476 3646 549 ignem

239 564 289 620 ἐν
326 562 522 635 σποδιᾷ
547 569 654 639 πῦρ
683 570 803 629 ταῖς
841 569 1015 619 αὖτῶν
1056 562 1312 627 διανοίαις
1353 566 1412 619 τὸ
1463 562 1686 638 δολερὸν
1740 567 1877 621 ὑπο-

235 655 551 729 κρύψαντες,
602 660 791 729 πρῶτα
855 656 948 727 μὲν
1004 659 1119 715 τοῖς
1176 653 1483 730 ἐπαγωγοῖς
1540 660 1646 709 τῶν
1692 654 1876 729 λόγων

228 744 355 806 τοὺς
386 741 584 817 ἄνδρας
640 746 975 818 ὑπήρχοντο·
1036 744 1151 797 εἶτα
1207 745 1296 797 καὶ
1364 747 1626 817 χρήματα
1685 743 1877 801 δώσειν

232 835 599 909 ὑπισχνοῦντο
658 835 709 887 οἱ
778 833 1007 910 ἄφρονες
1065 832 1309 902 ἐκείνοις,
1382 831 1435 887 οἵ
1522 855 1585 907 γε
1645 836 1735 890 καὶ
1809 837 1875 890 τὰ

229 925 407 997 ψυχὰς
467 922 552 978 ὅτι
611 926 685 997 μή
756 924 1064 998 ἀφῃροῦντο
1122 930 1467 1000 παραχρῆμα
1525 921 1614 979 διὰ
1674 931 1877 999 Χρισο-

232 1009 635 1087 ἐδυσχέραινον.
692 1013 857 1069 Οὗτοι
924 1013 1055 1066 λοῦν
1124 1010 1185 1065 οὐ
1243 1011 1552 1075 κολακείαις
1629 1012 1875 1087 κλεπηρ-

234 1121 408 1171 μενοι,
466 1103 527 1156 οὗ
587 1101 891 1179 χρημάτων
950 1102 1281 1172 ἡττώμενοι,
1339 1102 1486 1157 ἀλλὰ
1540 1106 1639 1172 τῆς
1715 1104 1872 1159 εὐσε-

231 1185 380 1253 ϐείας
434 1191 522 1245 καὶ
570 1195 665 1245 τοῦ
725 1192 891 1266 ὅρθοῦ
960 1188 1237 1266 δόγματος
1300 1190 1534 1267 φύλακες
1628 1189 1871 1267 ἀκριϐεῖς

229 1282 361 1335 εἶναι
405 1279 758 1355 βουλόμενοι,
818 1280 955 1354 πρὸς
1012 1282 1072 1334 τὸ
1136 1276 1386 1353 βραϐεῖον
1437 1290 1538 1350 τῆς
1590 1284 1696 1337 ἅνω
1726 1282 1870 1353 κλή-

229 1390 363 1431 σεως
419 1365 696 1424 ἔσπευδον·
758 1368 788 1424 ὅ
843 1370 930 1424 καὶ
994 1369 1161 1441 μόνον
1218 1370 1401 1431 αὐτοῖς
1467 1371 1733 1441 ἐποθεῖτο,
1780 1374 1867 1428 καὶ

224 1458 285 1513 οὗ
340 1464 529 1537 τυχεῖν
586 1457 733 1520 ’ὀλως
793 1458 1114 1531 ἐπεθύμουν.
1149 1460 1235 1521 Ὠς
1302 1458 1393 1514 οὗν
1443 1458 1662 1517 ἀπειλαί
1693 1464 1870 1517 τεκαὶ

220 1546 501 1601 κολακεῖαι
609 1548 699 1601 καὶ
770 1546 983 1622 ἀγαθῶν
1057 1548 1271 1602 πάντων
1357 1547 1671 1624 ἐπαγγελίαι
1753 1558 1870 1611 τοῖς

216 1636 519 1708 Ἀρειανοῖς
571 1635 901 1705 ἐξησθένοον,
968 1636 1057 1691 καὶ
1118 1635 1333 1711 ἄμαχόν
1393 1658 1442 1691 τι
1502 1644 1727 1714 πρᾶγμα
1767 1643 1866 1710 τήν

215 1723 393 1791 καλὴν
452 1723 664 1793 ἐκείνην
724 1718 966 1779 ἔνστασιν
1034 1729 1138 1779 τῶν
1185 1728 1471 1800 μαρτύρων
1524 1728 1729 1803 ἑώρων,
1776 1732 1868 1783 θά-

216 1832 378 1866 νατον
414 1811 594 1867 αὐτῶν
620 1814 679 1867 δν
701 1811 928 1867 ἐπόθουν
962 1811 1050 1868 διὰ
1081 1816 1315 1887 Χριστὸν
1346 1818 1777 1890 κατακρίνουσιν.

284 1902 354 1957 Δ’.
394 1902 553 1956 Ἐπεὶ
614 1900 671 1956 δὲ
714 1903 803 1955 καὶ
844 1903 979 1976 πρὸς
1034 1904 1124 1958 τὸν
1155 1903 1445 1978 εῒρῃμένον
1476 1903 1584 1977 ἤδη
1617 1909 1868 1981 γεγόνασι

204 1991 399 2059 τόπον,
433 1991 633 2065 καιρὸν
663 1991 905 2046 αἰτοῦσιν
948 1992 1025 2054 εἷς
1072 1996 1403 2068 προσευχήν.
1438 1996 1540 2050 Καὶ
1582 1991 1866 2067 λαϐόντες,

205 2080 272 2134 τὰ
312 2076 550 2154 ὄμματά
570 2102 628 2136 τε
660 2082 801 2152 ὁμου
828 2082 917 2136 καὶ
948 2083 1043 2143 τὰς
1107 2088 1296 2157 χεῖρας
1357 2081 1597 2157 αἶ’ρουσιν
1642 2084 1717 2147 εἷς
1774 2089 1864 2142 τὸν

208 2169 470 2245 οὐρανὸν,
519 2170 631 2237 καὶ,
697 2171 934 2241 Κύριε,ὂ
999 2172 1151 2240 Θεὸς,
1192 2172 1219 2225 6
1268 2171 1480 2233 πλάσας
1536 2176 1869 2248 καταμόναις

211 2258 308 2322 τὰς
361 2256 592 2333 καρδίας
639 2261 824 2331 ἡμῶν,
894 2258 1165 2333 λέγουσιν,
1236 2264 1264 2315 6
1332 2264 1508 2324 συνεῖς
1574 2265 1745 2318 πάντα
1800 2266 1866 2320 τὰ

211 2346 340 2421 ἔργα
395 2351 581 2419 ἡμῶν,
632 2346 685 2402 ἓν
747 2349 937 2423 εἰρήνῃ
997 2351 1093 2411 τὰς
1147 2356 1255 2405 τῶν
1312 2356 1418 2405 σῶν
1458 2350 1670 2406 δούλων
1720 2352 1861 2423 δέξαι

210 2438 412 2513 ψυχὰς,
449 2438 530 2493 ὅτι
559 2434 715 2492 ἕνεκα
765 2443 860 2492 σοῦ
917 2440 1305 2510 θανατούμεθα,
1366 2442 1456 2494 καὶ
1496 2441 1570 2501 ὡς
1615 2438 1863 2515 πρόϐατα

207 2534 422 2604 σφαγῆς
466 2525 803 2599 λογιζόμεθα
860 2527 946 2580 καὶ
1006 2526 1272 2599 χαίρομεν
1321 2525 1465 2581 οὕτω
1514 2535 1615 2598 τῆς
1656 2532 1860 2603 παρού-

208 2636 308 2684 σης
368 2620 515 2683 ζωῆς
575 2611 1053 2685 ἀπαλλαττόμενοι
1114 2611 1204 2669 διὰ
1279 2616 1358 2681 σε,
1418 2618 1506 2670 καὶ
1578 2620 1715 2691 πρὸς
1758 2621 1859 2687 τὴν

205 2704 353 2778 παρά
418 2702 504 2755 σοὶ
557 2701 823 2775 προθύμῳ
880 2701 1007 2757 ποδὶ
1066 2701 1415 2778 ἐπειγόμεθα.
1448 2709 1533 2775 Τῷ
1586 2712 1703 2778 Θεῷ
1748 2712 1857 2762 τῶν

207 2793 355 2849 ὅλων
399 2791 677 2865 εὐξάμενοι
732 2792 821 2846 καὶ
872 2794 935 2847 τὸ
1000 2795 1173 2865 Ἀμήν
1234 2793 1566 2863 ἐπειπόντες,
1622 2797 1720 2863 τὴν
1769 2795 1859 2851 διὰ

206 2882 393 2956 ξίφους
448 2884 672 2955 πληγὴν
734 2882 1084 2958 ὑφίστανται’
1137 2883 1227 2937 καὶ
1295 2885 1358 2937 τὸ
1428 2887 1755 2961 μαρτυρικὸν
1828 2890 1856 2943 ὁ

201 2972 519 3045 Μαρτύριος
576 2971 668 3026 σὺν
728 2974 1028 3047 Μαρκιανῷ
1087 2970 1342 3047 δέχονται
1391 2973 1567 3043 τέλος,
1601 2974 1855 3048 πέμπτην

201 3060 288 3116 ἐπὶ
322 3066 443 3120 ταῖς
485 3057 657 3115 εἷ’κοσι
712 3064 808 3115 τοῦ
873 3057 1210 3135 Ὀκτωόρίου
1272 3062 1443 3133 μηνὸς
1492 3060 1737 3137 ἄγοντος.
1773 3066 1855 3121 Τά

203 3148 260 3205 δὲ
321 3149 531 3205 τούτων
571 3149 727 3224 τίμια
769 3149 998 3225 λείψανα
1052 3157 1162 3207 τῶν
1220 3152 1519 3229 ὀρθοδόξων
1589 3157 1731 3217 τινὲς
1760 3156 1851 3210 καὶ

1991 554 2200 623 cinere,
2230 558 2425 612 animo
2456 573 2563 612 suo
2607 559 2867 617 fraudem
2917 565 3190 631 celantes,
3226 567 3478 638 primum
3513 570 3643 639 qui-

1990 644 2122 699 dem
2175 647 2400 700 blandis
2451 648 2752 703 verborum
2802 651 3091 707 illecebris
3144 672 3239 710 eos
3292 659 3643 728 aggrediun-

1989 738 2117 787 tur:
2143 735 2349 791 deinde
2375 736 2531 806 ipsos
2561 739 2737 792 etiam
2763 756 2888 793 esse
2912 744 3187 809 pecunias
3212 747 3454 802 daturos
3477 750 3639 803 stulti

1987 828 2127 877 sunt
2186 824 2421 892 polliciti
2480 826 2614 890 illis,
2654 828 2751 896 qui
2802 846 2951 900 aegre
3000 832 3278 895 ferebant,
3313 838 3462 903 quod
3520 854 3636 893 non

1986 913 2197 967 anima:
2228 914 2419 967 statim
2442 916 2814 971 auferrentur
2838 924 3072 988 propter
3094 921 3402 977 Christum.
3434 925 3474 977 Ii
3500 942 3634 997 ergo

1986 1017 2099 1055 non
2133 1002 2309 1057 illecti
2344 1003 2658 1071 blanditiis,
2690 1022 2803 1060 non
2834 1007 2963 1061 victi
2998 1010 3284 1078 pecuniis,
3318 1014 3417 1066 sed
3454 1014 3634 1084 pieta-

1985 1091 2056 1145 tis
2087 1096 2140 1146 et
2175 1093 2315 1146 recti
2347 1094 2638 1164 dogmatis
2688 1094 2942 1151 volentes
2973 1112 3102 1152 esse
3134 1102 3386 1155 accurati
3435 1110 3630 1159 custo-

1983 1182 2109 1247 des,
2141 1184 2561 1238 contendebant
2599 1184 2668 1238 ad
2697 1184 2963 1240 bravium
2996 1203 3261 1257 supernas
3289 1192 3631 1262 vocationis,

1981 1273 2134 1341 quod
2179 1273 2357 1328 etiam
2408 1272 2595 1328 solum
2639 1273 2709 1328 ab
2757 1274 2840 1329 eis
2892 1276 3350 1347 desiderabatur,
3380 1286 3435 1335 et
3476 1285 3631 1352 quod

1981 1363 2220 1417 omnino
2250 1362 2559 1431 cupiebant
2586 1364 2844 1435 assequi.
2868 1364 3014 1419 Cum
3037 1382 3169 1435 ergo
3191 1372 3250 1423 et
3275 1368 3447 1423 mina:
3468 1374 3635 1426 Aria-

1982 1467 2213 1518 norum,
2247 1457 2304 1505 et
2333 1452 2711 1519 adulationes,
2746 1461 2799 1509 et
2843 1453 3132 1510 honorum
3180 1459 3442 1514 omnium
3496 1478 3633 1532 pro-

1983 1540 2293 1596 missiones
2328 1540 2471 1595 nihil
2526 1541 2800 1597 haberent
2853 1543 3089 1611 virium,
3124 1550 3182 1601 et
3210 1562 3339 1603 esse
3369 1550 3634 1607 viderent

1981 1630 2490 1701 inexpugnabilem
2542 1637 2867 1701 martyrum
2916 1636 3327 1705 constantiam,
3361 1654 3460 1694 eos
3492 1655 3631 1695 con-

1979 1720 2257 1775 demnant
2290 1725 2493 1789 morte,
2528 1738 2704 1793 quam
2735 1733 2969 1796 propter
3009 1724 3298 1782 Christum
3332 1728 3626 1786 desidera-

1900 1833 1954 1897 B
1982 1808 2138 1864 bant.

2052 1901 2145 1954 1V.
2181 1900 2321 1954 Cum
2355 1904 2548 1955 autem
2574 1902 2696 1972 jam
2740 1902 3140 1972 pervenissent
3170 1906 3241 1960 ad
3273 1905 3460 1963 locum
3494 1923 3628 1965 con-

1978 1988 2410 2049 summationis.
2446 1994 2677 2062 tempus
2727 1996 2928 2063 petunt
2974 1994 3045 2048 ad
3088 1994 3427 2053 orationem.
3461 1999 3625 2063 Quod

1977 2093 2111 2131 cum
2143 2080 2519 2150 accepissent,
2554 2079 2752 2136 oculos
2783 2087 2840 2137 et
2872 2099 3079 2138 manus
3110 2085 3289 2138 simul
3321 2086 3531 2141 tollunt
3563 2088 3622 2143 in

1976 2166 2207 2233 caelum,
2241 2177 2293 2223 et
2324 2168 2561 2224 dicunt:
2599 2170 2843 2226 Domine
2874 2172 3048 2235 Deus,
3082 2194 3112 2223 «
3145 2174 3239 2242 qui
3284 2174 3623 2246 singulatim

1975 2255 2194 2311 tinxisti
2226 2258 2403 2313 corda
2434 2263 2654 2325 nostra,
2686 2260 2785 2326 qui
2818 2260 3093 2333 intelligis
3126 2263 3184 2317 in
3217 2264 3412 2319 omnia
3450 2280 3625 2335 opera

1973 2352 2194 2411 nostra,
2216 2368 2243 2393 »
2266 2346 2497 2417 suscipe
2515 2348 2572 2402 in
2599 2364 2736 2418 pace
2758 2350 2972 2405 animas
2990 2354 3221 2406 tuorum
3242 2352 3621 2411 famulorum:

1972 2456 1999 2482 ‹‹
2034 2435 2310 2502 quoniam
2364 2441 2599 2505 propter
2630 2443 2685 2491 te
2720 2440 3142 2495 mortificamur
3174 2446 3232 2495 et
3262 2451 3619 2513 repulamur,

1972 2528 2246 2590 tanquam
2279 2539 2413 2577 oves
2442 2524 2755 2580 occisionis
2778 2527 2834 2580 ²ε
2865 2550 2885 2574 ι
2911 2533 2967 2581 et
2989 2530 3316 2598 gaudemus
3347 2531 3431 2585 sic
3454 2548 3487 2586 a
3510 2534 3621 2589 vita

1970 2609 2241 2680 praesenti
2300 2610 2593 2666 discedere
2650 2618 2884 2683 propter
2944 2631 3156 2670 nomen
3210 2620 3401 2683 tuum,
3446 2627 3500 2673 et
3546 2623 3617 2676 ad

1968 2714 2119 2764 eam,
2145 2715 2271 2769 quae
2296 2704 2387 2755 est
2416 2701 2570 2770 apud
2605 2706 2678 2770 te,
2706 2703 2848 2772 pede
2880 2702 3050 2757 alacri
3074 2721 3475 2776 properamus.
3502 2714 3619 2766 Has

1967 2803 2103 2844 cum
2162 2804 2361 2859 preces
2420 2790 2711 2846 fudissent
2746 2792 2818 2846 ad
2863 2795 3039 2848 Deum
3093 2795 3520 2867 universorum,
3562 2804 3619 2856 et

1965 2882 2149 2933 Amen
2182 2879 2644 2950 sttbjunxissent,
2678 2880 2872 2952 gladio
2920 2882 3149 2952 plagam
3198 2886 3527 2957 accipiunt:
3561 2894 3616 2944 et

1965 2966 2296 3025 Marcianus
2317 2986 2383 3025 ac
2404 2970 2715 3042 Martyrius
2735 2972 2907 3026 finem
2927 2974 3222 3045 accipiunt
3236 2978 3613 3047 martyricum

1964 3060 2241 3117 vicesimo
2271 3062 2478 3132 quinto
2509 3063 2730 3118 mensis
2759 3064 3042 3120 Octobris.
3076 3066 3364 3122 Pretiosas
3414 3074 3611 3125 autem

1964 3166 2167 3206 eorum
2193 3152 2474 3223 reliquias
2497 3170 2629 3208 cum
2655 3154 3030 3210 sustulissent
3050 3156 3286 3225 quidam
3311 3158 3614 3215 orthodoxi

631 3208 641 3224 .
872 3208 881 3225 .
1255 3208 1263 3229 .
1421 3208 1483 3225 τί
1604 3208 1613 3210 ~
1684 3208 1728 3217 κν

198 3244 404 3295 πιστῶν
476 3237 814 3313 ἀνελόμενοι,
873 3241 963 3294 καὶ
1038 3239 1308 3316 λαμπρῶς
1391 3244 1845 3316 περιστείλαντες,

1976 3244 2019 3295 at
2067 3240 2283 3306 ﬁdeles,
2316 3208 2374 3297 et
2407 3243 2679 3312 praeclaro
2737 3208 3227 3313 composuissent,
3262 3247 3320 3301 in
3374 3248 3613 3317 psalmis

199 3328 254 3384 έν
295 3327 543 3403 ψαλμοῖς
598 3329 689 3384 καὶ
729 3329 922 3402 ὕμνοις
969 3330 1115 3405 παρά
1152 3336 1229 3402 τῷ
1267 3339 1366 3401 τῆς
1407 3334 1626 3395 πόλεως
1674 3335 1847 3410 τείχει

199 3418 432 3491 ἆντίμως
464 3416 517 3473 ἐν
548 3416 807 3491 ἐπισήμῳ
867 3419 1024 3495 λόφῳ
1063 3422 1359 3477 κατέθεντο.
1412 3418 1535 3477 ἔνθα
1592 3422 1681 3477 καί
1745 3426 1847 3494 τὴν

202 3507 543 3581 μαρτυρικήν
585 3505 791 3575 ἐκείνην
837 3505 1118 3560 τελείωσιν
1171 3510 1259 3562 καὶ
1305 3510 1569 3583 μακαρίαν
1613 3512 1845 3583 ὑπέστη-

198 3616 293 3649 σαν
337 3595 416 3655 εἱς
451 3591 606 3663 δόξαν
642 3594 877 3667 Ηατρὸς,
910 3596 1037 3649 Υἱοῦ
1076 3598 1165 3651 καὶ
1196 3597 1355 3673 ἀγίοο
1387 3601 1717 3672 Πνεύματος,
1753 3607 1844 3655 νῦν

195 3683 288 3737 καὶ
319 3682 401 3736 ἀεὶ
434 3681 523 3735 καὶ
554 3682 630 3746 εἰς
657 3683 786 3745 τοὺς
817 3682 1018 3746 αἰῶνας
1049 3690 1159 3739 τῶν
1189 3685 1425 3746 αἰώνων.
1463 3689 1664 3761 Ἀμήν.

269 3850 284 3883 ⁸
320 3846 471 3903 Psal.
504 3863 676 3916 χχχιι,
715 3848 799 3903 15.
835 3848 855 3882 ³
887 3848 1041 3906 Psai.
1078 3867 1236 3921 XLIII,
1266 3852 1356 3908 22.

1958 3334 2016 3384 et
2047 3329 2279 3401 hymnis
2301 3331 2372 3385 ad
2406 3332 2450 3401 -ὶ-
2483 3332 2696 3386 muenia
2714 3332 2968 3387 civitatis
2994 3334 3311 3390 honoriﬁce
3334 3336 3616 3407 deposue-

1958 3426 2096 3472 runt
2124 3418 2183 3472 in
2212 3417 2429 3489 insigni
2466 3418 2730 3474 tumulo:
2766 3420 2864 3473 ubi
2896 3422 3072 3475 etiam
3106 3424 3415 3479 subierunt
3444 3426 3607 3481 illam

1957 3508 2325 3579 martyricam
2347 3514 2404 3563 et
2425 3509 2651 3565 beatam
2674 3512 3241 3580 consummationem,
3261 3514 3330 3567 ad
3356 3514 3606 3585 gloriam

1954 3596 2165 3664 Patris,
2197 3601 2253 3652 et
2300 3596 2446 3663 Filii,
2488 3598 2792 3670 sanctique
2845 3600 3123 3670 Spiritus,
3161 3618 3317 3658 nunc
3366 3608 3421 3659 et
3452 3620 3608 3661 sem-

1956 3701 2078 3756 per,
2111 3690 2167 3740 et
2197 3685 2255 3740 in
2286 3686 2500 3743 secula
2524 3689 2894 3744 saeculorum.
2921 3690 3128 3745 Amen.

807 3976 3577 4002 Μ

204 3975 3573 4019 Mm

711 4082 995 4179 ΒΙΟΣ
1078 4084 1292 4180 ΚΑΙ
1376 4087 1992 4185 ΠΟΛΙΤΕΙΑ
2072 4092 2286 4187 ΚΑΙ
2371 4092 3105 4189 ΜΑΡΤΥΡΙΟΝ

1442 4233 1579 4288 ΤΗΣ
1624 4239 1827 4291 ΑΓΙΑΣ
1872 4238 2395 4293 ΟΣΙΟΜΑΡΤΥΡΟΣ

646 4352 1750 4485 ΑΝΑΣΤΑΣΙΑΣ
1850 4363 2193 4488 ΤΗΣ
2297 4360 3127 4491 ΡΩΜΑΙΑΣ.

738 4633 995 4717 νΙΤΑ
1062 4637 1202 4719 ET
1264 4637 2081 4727 CONVERSA'I‘IO
2140 4644 2285 4727 ΕΤ
2362 4644 3062 4732 ΜΑΗΊῪΒΙΠΜ

1543 4790 1835 4847 ΞΑΝΟΤᾸΞ
1877 4793 2252 4851 MARTYRIS

806 4910 1586 5075 ANASTA
1618 4912 1999 5078 SI/E
2081 4917 2987 5084 ROMAN/E

401 5122 492 5177 Est
575 5126 759 5179 autem
844 5126 961 5179 hmo
1036 5126 1336 5183 Anastasio
1414 5130 1597 5185 senior
1788 5129 2013 5257 Ddictab
2062 5137 2310 5215 _respectu
2394 5134 2632 5191 alterius
2718 5138 3050 5205 Anastasiz,
3128 5137 3194 5193 de
3281 5154 3390 5209 qua

1835 5218 1977 5257 eccm
2017 5220 2117 5257 ns.

1835 5218 2117 5259 θεεγηονιε.

663 5304 887 5367 (Latine
909 5320 1003 5379 ap.
1039 5307 1271 5364 Surium
1304 5309 1373 5365 ad
1407 5310 1561 5365 diem
1591 5311 1661 5367 28
1694 5309 1980 5379 Octobris,
2010 5312 2205 5370 Graece
2233 5328 2300 5369 ex
2330 5315 2455 5371 cod.
2492 5332 2604 5373 ms.
2636 5316 2817 5373 Paris.
2852 5334 2910 5373 n.
2947 5318 3131 5391 1480.)

252 5535 329 5594 A'.
365 5538 560 5632 Διττάς
601 5542 740 5613 ἡμῖν
800 5544 828 5599 ὁ
869 5542 1035 5621 λόγος
1097 5547 1451 5617 Ἀναστασίας
1491 5546 1604 5603 οἶδε
1645 5551 1843 5625 γνωρί-

2034 5553 2078 5608 l.
2116 5553 2349 5610 Litteris
2372 5557 2716 5614 mandatum
2742 5567 2847 5625 est,
2873 5560 3019 5617 duas
3042 5560 3223 5617 fuisse
3242 5562 3605 5632 Anastasius,

185 5633 338 5698 ζειν,
404 5627 686 5706 interni:
758 5635 825 5706 μὶ
886 5632 1053 5713 ἄμφω
1112 5638 1173 5691 τὸ
1240 5638 1371 5692 κατά
1448 5637 1618 5713 σάρκα
1678 5641 1853 5716 γένος,

1968 5643 2167 5700 ambas
2219 5646 2456 5717 quidem
2506 5664 2715 5719 genere
2762 5651 2971 5718 claras,
3020 5648 3191 5725 longe
3244 5656 3439 5709 autem
3490 5651 3604 5709 ola-
