4012 6220
396 249 424 307 1
435 246 549 307 295

1748 244 2027 306 MENSIS
2069 244 2445 309 OCTOBER.

3650 271 3824 332 1296

399 407 582 464 riores
628 406 996 464 confessione
1035 405 1208 461 ﬁdei:
1241 408 1297 461 et
1328 404 1411 460 eis
1444 404 1692 475 patriam
1725 404 1904 460 fuisse
1934 406 2043 461 Ro-

2159 400 2575 482 ἐπιφανεστέρας
2608 406 2668 465 δὲ
2712 410 2912 486 πολλῷ
2950 418 3051 484 τὴν
3092 417 3391 494 ὁμολογίαν
3415 430 3517 494 τῆς
3547 426 3818 492 πίστεως⁵

399 512 556 554 mam
586 500 861 552 veterem.
895 496 1152 563 Quarum
1186 494 1368 550 altera
1398 494 1636 565 quidem
1676 493 1796 549 viro
1844 494 2051 566 pietate

401 602 517 643 non
569 586 720 641 bono
767 585 925 640 brevi
977 591 1230 655 tempore
1283 584 1599 653 conjuncta
1654 581 2048 651 matrimonio,

402 694 537 733 cum
567 675 788 731 nullam
821 691 957 731 cum
989 690 1057 729 eo
1081 672 1189 728 tori
1213 673 1511 728 habuisset
1539 673 2048 739 consuetudinem,

402 768 504 825 sed
536 767 730 823 adhuc
780 768 1149 822 conservaret
1199 762 1505 834 pulchrum
1557 763 1756 818 ﬂorem
1815 762 2047 831 virgini-

400 856 560 923 tatis,
609 854 814 910 marito
870 855 1087 908 interea
1146 858 1331 907 morte
1389 851 1629 916 amisso,
1688 850 1828 905 vixit
1886 850 2048 906 dein-

400 961 537 1017 ceps
568 945 625 999 in
659 952 817 999 casta
849 942 1152 1008 viduitate,
1185 947 1241 996 et
1282 942 1565 995 virtutum
1614 940 2045 1006 exercitatione,

399 1034 539 1090 totis
591 1032 863 1088 manibus
913 1036 1187 1103 paternas
1218 1046 1355 1101 epes
1385 1031 1688 1085 effundens
1716 1031 1775 1084 in
1808 1046 2045 1101 egenos,

400 1127 459 1180 et
488 1121 753 1179 lubenter
782 1120 1073 1177 ventitans
1106 1121 1175 1175 ad
1206 1135 1325 1185 eos,
1351 1119 1451 1190 qui
1484 1122 1719 1190 propter
1747 1119 2045 1174 Christum

399 1212 787 1285 patiebantur,
849 1213 906 1265 et
969 1224 1230 1264 carceres
1290 1212 1528 1279 propter
1584 1224 1681 1262 eos
1737 1208 2051 1279 diligenter

398 1307 792 1374 perscrutans,
826 1302 883 1354 et
912 1296 1187 1353 omnibus
1236 1297 1427 1351 modis
1475 1312 1676 1352 eorum
1724 1312 1925 1351 curam
1957 1311 2051 1364 ge-

397 1407 553 1457 rens,
581 1393 638 1445 et
668 1389 892 1444 saniem
926 1388 1292 1458 abstergens,
1323 1392 1379 1441 et
1408 1386 1575 1441 facile
1632 1385 1847 1441 faciens
1900 1386 2048 1442 ferre

399 1480 651 1545 dolores,
684 1486 737 1533 et
768 1478 959 1533 adhuc
990 1476 1229 1548 quidem
1279 1476 1531 1531 viventes
1572 1475 1874 1541 doctrinis,
1907 1492 2046 1531 con-

400 1568 569 1636 siliis,
604 1566 840 1622 monitis
888 1567 1260 1634 confirmans,
1295 1568 1651 1620 mortuorum
1702 1570 1895 1619 autem
1929 1581 2049 1620 cor-

400 1674 541 1730 pora
574 1656 880 1728 splendide
910 1670 1291 1725 componens,
1316 1661 1372 1709 et
1401 1655 1686 1709 mandans
1715 1652 2044 1723 sepulturas,

401 1747 584 1801 donec
641 1744 896 1816 scipsam
955 1759 1184 1813 quoque
1250 1742 1709 1814 pulcherrimum
1765 1747 1823 1798 et
1880 1743 2046 1798 fune-

399 1835 564 1890 brem
618 1839 885 1889 ornatum
943 1831 1061 1887 illis
1119 1831 1387 1902 praebuit,
1431 1834 1494 1885 ut
1531 1848 1655 1902 quis
1705 1847 1808 1903 per
1853 1832 2048 1903 ignem

398 1924 575 1980 fuerit
624 1923 823 1978 oblata
851 1921 909 1975 in
944 1921 1375 1989 holocaustum,
1409 1926 1467 1976 et
1495 1938 1732 1977 sursum
1765 1922 1836 1976 ad
1870 1923 2049 1977 Deum

400 2013 517 2069 lata
547 2013 625 2068 sit
654 2013 713 2067 in
746 2012 981 2067 odorem
1014 2011 1340 2066 suavitatis.

474 2102 545 2158 II.
591 2100 781 2156 Altera
833 2109 1025 2154 autem
1080 2101 1263 2154 vitam
1319 2097 1494 2169 elegit
1550 2098 1936 2153 monasticam
1994 2104 2053 2154 et

405 2190 685 2260 quietam,
712 2188 950 2243 omnino
979 2203 1215 2256 exspers
1240 2188 1601 2257 nuptiarum,
1624 2192 1682 2241 et
1710 2204 1837 2258 quas
1869 2204 1937 2242 ex
1966 2188 2052 2244 eis

406 2278 695 2343 oriuntur,
714 2275 1071 2330 tumultuum
1091 2292 1103 2329 :
1121 2275 1219 2329 sed
1244 2292 1372 2329 cum
1394 2273 1700 2343 pulchrum
1719 2276 1929 2348 jugum
1946 2277 2053 2333 Do-

406 2365 552 2421 mini
584 2364 881 2434 subiisset,
916 2369 974 2418 et
1004 2362 1124 2417 leve
1154 2363 1282 2433 ejus
1312 2379 1461 2418 onus
1502 2369 1809 2434 portasset,
1843 2365 2051 2420 deinde

406 2455 583 2511 etiam
615 2452 747 2508 forti
769 2457 826 2507 et
846 2452 1070 2508 excelso
1096 2452 1293 2507 animo
1314 2453 1578 2524 suscepit
1608 2454 1928 2509 certamina
1951 2471 2050 2524 pro

406 2544 619 2616 pietate
650 2559 663 2597 :
696 2545 757 2597 et
784 2540 1004 2612 duplici
1035 2545 1238 2597 ornata
1267 2540 1379 2597 fuit
1407 2557 1639 2607 corona,
1675 2542 2049 2615 virginitatis,

404 2633 670 2702 inquam,
702 2636 759 2685 et
789 2629 1222 2688 decertationis.
1255 2629 1435 2698 Cujus
1476 2631 1548 2684 ab
1599 2630 1837 2688 ineunte
1884 2637 2053 2688 aetate

404 2721 811 2777 educationem
825 2724 880 2773 et
893 2719 1364 2785 exercitationem,
1380 2724 1437 2773 ct
1450 2719 1694 2774 maxima
1708 2720 1804 2775 illa
1820 2727 2054 2792 propter

405 2814 706 2870 Christum
733 2813 1059 2868 certamina
1085 2811 1206 2867 vult
1235 2812 1308 2867 ab
1340 2812 1504 2868 initio
1538 2815 1810 2885 persequi
1842 2816 2050 2870 oratio.

405 2904 534 2975 Ipsa
562 2918 720 2974 ergo,
752 2901 969 2957 relictis
1016 2900 1377 2971 parentibus,
1406 2906 1462 2955 et
1503 2902 1862 2967 necessariis,
1895 2908 1951 2958 et
1980 2904 2052 2958 iis

406 2992 701 3053 omnibus,
735 3006 862 3060 quae
913 2989 1201 3059 pertinent
1232 2991 1302 3044 ad
1335 2990 1756 3056 hereditatem,
1795 2990 1857 3047 in
1907 3009 2054 3063 quo-

406 3080 541 3135 dam
602 3076 949 3134 monasterio
998 3076 1262 3133 vicesimo
1317 3094 1471 3133 anno
1542 3080 1723 3135 astatis
1798 3080 2049 3153 seipsam

2159 494 2249 548 καὶ
2301 495 2536 594 πατρίδα
2602 506 2781 573 σαρῶς
2829 501 3017 567 αὐταῖς
3082 506 3302 581 Ῥώμην
3367 510 3662 594 ἐπιγράφει
3720 520 3827 588 τήν

2160 580 2547 680 πρεσϐυτέραν.
2615 594 2707 680 ᾯν
2762 593 2796 659 ἡ
2859 594 2953 665 μὲν
2997 593 3151 670 ἀνδρὶ
3195 580 3591 674 πρότερον-οὐκ
3620 580 3822 680 ἀγαθῶ

2157 673 2256 740 τήν
2316 671 2589 731 εὐσέϐειαν
2634 677 2720 733 ἐπὶ
2774 682 2954 756 βραχὺ
3011 690 3320 759 ωζυγεῖσα,
3368 671 3534 745 Ὕοῧπω
3594 671 3818 752 δὲ-οὗτε

2159 762 2347 833 κοίτης
2416 761 2537 820 οὔτε
2597 768 2793 839 μίξεως
2861 770 3008 842 αὐτῷ
3090 779 3485 850 κοινωνήσασα,
3540 782 3694 838 ἀλλὰ
3755 788 3817 840 τὸ

2157 851 2324 907 καλὸν
2374 850 2527 917 ἄνθος
2576 849 2652 909 ἔτι
2710 854 3041 933 διατηροῦσα
3076 866 3176 927 τῆς
3226 849 3533 940 παρθενίας,
3567 873 3658 925 τὸν
3725 874 3821 927 ἄν·

2161 937 2261 1007 δρα
2316 962 2373 995 τε
2441 942 2635 1013 μεταξὺ
2692 946 2905 1019 Θανάτῳ
2970 946 3323 1009 ἀποϐαλοῦσα
3372 954 3425 1010 ἒν
3454 960 3646 1031 χηρείᾳ
3700 966 3814 1018 σώ-

2160 1049 2314 1107 φρονι
2379 1035 2477 1085 τοῦ
2536 1030 2734 1088 λοιποῦ
2791 1040 2879 1090 καί
2936 1036 3143 1111 ἀρετῶν
3176 1042 3401 1113 ἀσκήσει
3438 1030 3812 1119 διέζη,ελαις

2162 1119 2318 1193 χερσὶ
2362 1120 2455 1173 τὸν
2500 1126 2751 1195 πατρῷον
2807 1122 3046 1181 πλοῦτον
3106 1129 3181 1191 εἰς
3243 1129 3444 1196 ἐνδεεῖς
3489 1136 3808 1209 ἐκκενοῦσα,

2158 1209 2294 1281 πρός
2331 1229 2390 1262 τε
2445 1209 2571 1271 τοὺς
2641 1208 2728 1265 διὰ
2786 1215 3022 1289 Χριστὸν
3075 1219 3389 1294 πάσχοντας
3456 1223 3637 1293 ἡδέως
3696 1252 3815 1306 φοιο

2158 1302 2327 1365 τῶσα,
2356 1298 2422 1352 τά
2468 1318 2527 1354 τε
2572 1296 2922 1377 δεσμωτήρια
2973 1302 3042 1359 δι’
3090 1306 3287 1371 αὐτοὺς
3326 1312 3650 1388 φιλοπόνως
3680 1296 3811 1374 ἀνε-

2160 1390 2419 1461 ρευνῶσα,
2475 1390 2565 1443 καὶ
2647 1390 2817 1447 πάντα
2878 1394 3082 1467 τρόπον
3158 1398 3330 1455 αὐτῶν
3401 1402 3806 1479 ἐπιμελομένη,

2156 1476 2248 1530 καὶ
2305 1478 2435 1539 τοὺς
2481 1477 2689 1554 ἰχῶρας
2739 1480 3106 1554 ἐκμάσσουσα,
3151 1488 3240 1543 καὶ
3278 1491 3404 1563 ῥᾷον
3460 1494 3557 1555 τὰς
3613 1476 3808 1559 ὀδύνας

2159 1564 2335 1653 φέρειν
2395 1572 2649 1639 ποιοῦσα,
2689 1569 2780 1623 καὶ
2850 1576 3053 1640 ζῶντας
3109 1578 3205 1649 μὲν
3262 1577 3364 1647 ἔτι,
3400 1579 3806 1653 διδασκαλίαις,

2159 1648 2519 1725 συμϐουλαῖς,
2557 1657 2859 1729 ὑποθήκαις
2919 1661 3343 1738 ὲπιῤῥωνύουσω
3380 1670 3701 1746 οἴχομένων
3756 1676 3807 1731 δὲ

2157 1742 2480 1838 τὰᾍσῶματα
2510 1744 2782 1821 λαμπρῶς
2822 1750 3260 1824 περιστέλλουσα
3313 1758 3403 1811 καὶ
3460 1742 3659 1838 τάφοις
3706 1786 3807 1819 πα-

2161 1828 2471 1905 ραδιδοῦσα,
2524 1830 2631 1897 ἓως
2690 1839 2779 1890 καὶ
2836 1838 3028 1908 ἑαυτὴν
3068 1841 3237 1898 καλὸν
3279 1845 3504 1913 ἐκείνοις
3530 1828 3806 1928 παρέσχεν

2159 1920 2427 2000 ἐντάφιον,
2487 1920 2575 1977 διὰ
2642 1927 2810 2001 πυρὸς
2856 1929 3311 2005 ὁλοκαυτωθεῖσα,
3346 1938 3436 1992 καὶ
3497 1940 3575 2004 εἰς
3614 1920 3807 2015 ’ὀσμῖήν

2159 2008 2390 2073 εὐωδίας
2426 2010 2771 2087 ἀνενεχθεῖσα
2802 2021 2940 2088 Θεῷ.

2232 2101 2307 2156 Β’.
2366 2102 2428 2193 Ἡ
2488 2101 2545 2157 δὲ
2599 2105 2691 2158 τὸν
2759 2105 3049 2177 μοναδικόν
3108 2132 3167 2167 τε
3217 2114 3307 2169 καὶ
3340 2116 3572 2193 ἡσύχιον
3626 2120 3806 2178 εἵλετο

2164 2186 2305 2261 βίον,
2340 2192 2481 2260 μήτε
2517 2193 2697 2266 γάμου
2752 2197 2853 2264 τήν
2894 2196 3073 2273 ἀρχὴν
3121 2201 3289 2273 ὅλως,
3320 2186 3594 2276 μήτεντῶν
3626 2211 3687 2265 ἐκ
3714 2217 3807 2265 τοῦ

2158 2276 2337 2348 γάμου
2388 2286 2701 2353 πειραθεῖσα
2749 2280 3019 2357 θορύϐων·
3054 2287 3197 2344 ἀλλά
3234 2292 3327 2346 τὸ]
3372 2298 3599 2368 Χριστὸν
3631 2299 3802 2353 ὑπελ-

2161 2369 2325 2427 θοῦσα
2392 2373 2488 2421 τοῦ
2560 2369 2755 2443 Κυρίου
2810 2375 2996 2447 ζυγὸν,
3054 2378 3144 2431 καὶ
3210 2381 3273 2434 τὸ
3324 2380 3545 2461 ἐλαφρὸν
3610 2387 3783 2441 αὐτοῦ

2162 2456 2382 2530 φορτίον
2444 2460 2772 2530 βαστάσασα,
2835 2461 3019 2519 ἔπειτα
3061 2464 3116 2521 δὲ
3172 2471 3261 2524 καὶ
3313 2456 3620 2545 πρόςήτοῦς
3658 2478 3779 2547 ὓπερ

2160 2539 2429 2608 εὐσεϐείας
2471 2547 2679 2619 ἀγῶνας
2740 2552 2875 2621 μετὰ
2931 2554 3177 2628 γενναίου
3236 2559 3441 2636 σφόδρα
3507 2570 3602 2619 τοῦ
3670 2588 3791 2639 τρο-

2159 2634 2404 2705 νήματος
2464 2634 2789 2707 ἀπεδύσατο,
2850 2643 2939 2695 καὶ
3001 2640 3182 2719 διπλῷ
3239 2656 3627 2724 κατεκοσμήθη
3686 2628 3798 2711 Eu.

2162 2722 2333 2797 φάνῳ,
2367 2728 2443 2816 τῷ
2471 2745 2529 2779 τε
2558 2733 2659 2793 τῆς
2686 2732 2997 2816 παρθενίας,
3032 2734 3199 2811 φημὶ,
3233 2738 3320 2791 καὶ
3364 2745 3443 2812 τῷ
3473 2722 3574 2811 τῆς
3616 2722 3805 2816 ἀθλή-

2162 2830 2317 2873 σεως.
2382 2814 2479 2875 Ἦς
2538 2817 2638 2883 τήν
2694 2815 2754 2872 ἐκ
2801 2818 3008 2876 παίδων
3069 2826 3285 2899 ἀγωγήν
3330 2849 3387 2883 τε
3440 2833 3534 2885 καὶ
3576 2832 3803 2904 ἄσκησιν

2159 2900 2249 2953 καὶ
2305 2900 2432 2962 τοὺς
2501 2906 2788 2980 μεγίστους
2844 2906 2932 2963 διὰ
2997 2918 3225 2983 Χριστον
3294 2914 3490 2980 ἄθλους
3567 2924 3807 2987 best'von:

2163 2984 2448 3081 διεξελθεῖν
2505 2993 2532 3045 6
2604 2992 2772 3068 λόγος
2824 2996 3023 3063 ἄνωθεν
3089 3001 3367 3075 βούλεται.
3416 3005 3565 3081 Αὕτη
3628 2984 3807 3069 τοίνυν

2163 3078 2392 3153 πατέρας
2426 3080 2521 3150 μὲν
2562 3082 2651 3136 καὶ
2709 3088 3104 3158 προσήκοντας,
3153 3092 3243 3146 καὶ
3292 3094 3491 3172 ὅσαπερ
3543 3100 3622 3162 εἷς
3668 3103 3806 3173 κλῆο

406 3168 689 3224 collocat:
723 3167 783 3221 in
841 3181 957 3236 quo
1014 3165 1183 3221 docta
1231 3175 1283 3222 et
1327 3167 1593 3222 instituta
1623 3144 2043 3225 asacrosancta

2300 3144 2308 3153 .
2427 3144 2435 3150 .
2752 3144 2760 3158 .
2872 3144 2882 3155 .
3070 3144 3104 3156 .,
3298 3144 3458 3152 η-η-
3543 3144 3618 3162 -.ς
3668 3144 3803 3158 πη.-

2165 3186 2257 3238 ρον
2303 3163 2594 3237 ἐπέϐαλλε,
2648 3171 2817 3228 πάντα
2864 3176 3257 3251 καταλιποῦσα,
3304 3183 3360 3239 ἓν
3409 3144 3516 3242 τιινι
3573 3144 3803 3266 σεμνείίγ

403 3257 618 3327 Sophia
678 3255 785 3327 (sic
842 3254 999 3310 enim
1068 3256 1379 3311 vocabatur
1452 3256 1771 3329 magistra),
1841 3260 2050 3331 dignos

406 3346 575 3402 etiam
611 3345 855 3413 fructus,
890 3343 1225 3417 talibusque
1266 3346 1586 3402 seminibus
1616 3363 1681 3402 ac
1712 3347 1813 3402 tali
1845 3348 2052 3404 doctri-

409 3451 495 3491 nm
554 3435 981 3501 convenientes,
1030 3439 1089 3490 et
1134 3435 1508 3506 producebat,
1557 3444 1610 3490 et
1658 3442 1782 3491 erat
1839 3439 2047 3506 produ-

408 3528 589 3580 ctura.
623 3522 859 3578 Invidus
890 3528 1087 3578 autem
1118 3530 1175 3579 et
1206 3522 1495 3594 malignus
1526 3524 1645 3578 haec
1676 3526 1801 3580 sine
1832 3525 2050 3581 invidia

410 3614 559 3670 ferre
590 3630 704 3669 non
739 3621 999 3685 poterat:
1032 3614 1131 3668 sed
1165 3614 1421 3684 primum
1462 3614 1694 3686 quidem
1728 3615 1917 3688 ipsius
1945 3618 2045 3671 do-

409 3702 669 3758 mesticis
716 3718 845 3757 eam
894 3702 1231 3774 aggreditur
1278 3703 1476 3774 copiis,
1509 3708 1565 3758 et
1594 3720 1663 3758 ex
1709 3719 1880 3759 carne
1922 3706 2047 3774 ejus

408 3796 467 3849 in
498 3810 625 3851 eam
674 3793 902 3849 hostem
962 3793 1187 3859 excitat,
1234 3795 1589 3849 contendens
1644 3794 2043 3851 vehementem

404 3882 567 3937 illam
596 3885 655 3937 et
684 3883 973 3937 intonsam
997 3880 1219 3936 solvere
1250 3882 1740 3938 exercitationem.
1773 3883 1915 3939 Cum
1947 3900 2046 3938 au-

402 3978 515 4025 tem
547 3969 646 4025 illa
675 3969 894 4025 inimici
926 3969 1231 4025 machinas
1263 3970 1430 4027 facile
1478 3971 1808 4042 repulisset,
1843 3987 1948 4027 nec
1976 3988 2043 4028 ea

398 4057 614 4113 latione
662 4058 734 4114 ab
780 4075 847 4114 eo
902 4058 1029 4129 capi
1060 4065 1112 4113 et
1144 4060 1463 4130 expugnari
1498 4065 1711 4131 posset,
1744 4060 1793 4114 is
1826 4078 1887 4115 se
1918 4078 2043 4116 rur-

398 4162 495 4201 sus
525 4147 596 4201 ad
630 4147 771 4201 alias
801 4147 1045 4203 contulit
1068 4147 1314 4203 insidias
1341 4166 1353 4216 ;
1379 4153 1436 4203 et
1459 4149 1643 4221 ipsam
1680 4148 1911 4220 quidem
1945 4151 2041 4206 de-

394 4237 505 4291 fert
534 4237 604 4290 ad
638 4252 776 4291 suos
807 4247 861 4291 et
890 4236 1208 4307 impietatis
1258 4237 1579 4306 ministros,
1614 4239 1826 4309 quibus
1874 4238 2039 4295 valde

394 4328 519 4380 erat
566 4341 715 4380 curis
771 4328 1117 4395 perscrutari
1158 4343 1277 4393 eos,
1324 4327 1422 4398 qui
1468 4326 1681 4383 Christi
1730 4332 2035 4384 sectaban-

393 4421 486 4468 tur
518 4412 875 4484 religionem.
914 4413 1001 4467 Illi
1042 4430 1177 4469 vero
1222 4416 1423 4468 statim
1475 4422 1768 4471 currentes
1798 4418 1869 4471 ad
1900 4435 2036 4487 prm-

392 4502 574 4559 sidem
610 4504 681 4574 (is
714 4508 906 4557 autem
941 4507 1066 4557 erat
1094 4502 1339 4568 Probus,
1373 4503 1726 4559 Diocletiano
1758 4510 1896 4560 tunc
1927 4507 2029 4561 ad-

2156 4506 2441 4582 5πηρέταις
2498 4513 2586 4564 καὶ
2637 4508 2948 4583 διακόνοις’,
3000 4517 3083 4580 οἷς
3127 4521 3215 4575 καί
3266 4520 3388 4577 λίαν

392 4593 759 4648 ministrante
807 4592 1171 4663 imperium),
1206 4591 1315 4662 ipsi
1368 4592 1628 4646 indicant
1673 4610 1801 4647 eam
1848 4611 2035 4666 neque

391 4684 553 4751 deos,
594 4700 780 4755 neque
834 4683 1244 4754 imperatorem
1303 4681 1512 4749 colere,
1561 4683 1661 4738 sed
1720 4687 2033 4755 quemdam

389 4773 687 4827 Christum
732 4772 1044 4843 praedicare
1093 4772 1275 4826 Deum
1308 4788 1535 4838 verum,
1565 4773 1859 4844 vitamque
1892 4775 2033 4830 soli-

386 4861 615 4928 tariam,
648 4866 702 4915 et
732 4860 991 4931 conjugii
1041 4866 1357 4931 expertem,
1389 4861 1461 4931 ei,
1496 4879 1622 4933 qua:
1660 4872 1922 4919 versatur
1969 4866 2025 4920 in

382 4951 655 5005 societate
726 4953 782 5002 et
856 4950 1288 5018 conjunctione,
1367 4953 1653 5020 praeferre,
1735 4952 2026 5009 insolitam

379 5040 680 5109 quamdam
714 5036 936 5093 vivendi
970 5038 1212 5093 formam
1245 5039 1646 5095 ostendentcm
1679 5042 2023 5111 virginibus.

376 5130 519 5183 Cum
553 5144 683 5196 ergo
715 5127 914 5182 statim
968 5126 1188 5182 Probus
1237 5127 1529 5183 theatrum
1577 5130 1862 5202 coegisset
1914 5133 2024 5186 fre-

374 5218 854 5287 quentissimum,
884 5217 1050 5286 jubet
1088 5218 1313 5275 beatam
1365 5220 1580 5276 adduci
1629 5222 2003 5277 Anastasiam

370 5307 626 5375 Cumque
669 5305 966 5360 venissent
1020 5307 1271 5363 ministri
1316 5309 1385 5363 ad
1428 5326 1659 5364 sacrum
1714 5310 1857 5365 illud
1904 5327 2025 5367 mo-

369 5393 717 5461 nasterium,
751 5409 881 5449 eum
938 5395 1081 5467 ipsis
1132 5398 1390 5454 vectibus
1423 5407 1477 5453 et
1519 5399 1780 5455 clavibus
1825 5400 2022 5456 fractis

2162 3254 2312 3353 ἔτους
2364 3256 2611 3314 εἰκοστοῦ
2677 3268 2778 3331 τῆς
2826 3266 3050 3333 ἡλικίας
3107 3270 3302 3340 ἑαυτήν
3376 3254 3679 3353 καταλέγει’
3746 3254 3799 3336 εἶθ

2160 3344 2325 3439 (ξκαί
2387 3347 2490 3439 ὑπὸ
2552 3351 2650 3420 τῆς
2720 3352 2868 3427 ἱερᾶς
2935 3354 3435 3435 παιδαγωγουμένη
3464 3388 3513 3421 τε
3553 3344 3656 3439 ius:
3694 3372 3784 3424 καί

2161 3432 2553 3525 ῥυθμιξομένη,
2591 3440 2795 3513 Σοφίας
2845 3446 3026 3515 (τοῦτο
3070 3449 3171 3523 γὰρ
3206 3432 3510 3525 ήώνόμαστο
3553 3432 3591 3524 ὖ,
3641 3455 3785 3513 328i-

2160 3520 2409 3623 σκαλος),
2443 3523 2646 3623 ἔμελλε
2685 3532 2825 3623 ταχὺ
2875 3534 2965 3587 καὶ
3016 3520 3257 3610 καρποὺς
3307 3520 3486 3611 ἀξίους
3533 3520 3791 3623 προενεγ-

2158 3616 2293 3680 κεῖν,
2360 3616 2632 3678 τοιούτοις
2689 3618 2956 3695 σπέρμασι
3027 3625 3117 3679 καὶ
3184 3632 3410 3706 τοιαύτῃ
3480 3616 3800 3709 διδασκαλίᾳ

2158 3703 2548 3798 προσήκοντας.
2582 3707 2697 3763 Οὐκ
2724 3703 3011 3784 ἔμελλειδὲ
3042 3712 3142 3787 ἄρα
3170 3721 3337 3774 ταῦτα
3386 3703 3475 3776 καὶ
3509 3703 3800 3798 βασκανίας

2161 3790 2335 3863 χωρὶς
2384 3790 2553 3847 ο⁹ίσειν
2597 3797 2624 3850 6
2673 3799 2931 3872 πονηρός·
2974 3800 3119 3858 ἀλλᾶ
3167 3812 3355 3879 πρῶτα
3420 3790 3519 3882 μὶν
3587 3814 3801 3881 οἴκοθεν

2158 3882 2481 3977 τῇεγενναίᾳ
2527 3883 2890 3962 προσϐάλλει,
2942 3894 3030 3946 καὶ
3077 3897 3171 3950 τὸν
3223 3898 3281 3953 ὲκ
3307 3907 3409 3969 τῆς
3435 3905 3631 3977 σαρκὸς
3664 3907 3798 3977 αὐτῇ

2156 3967 2403 4058 πόλεμον
2454 3971 2741 4049 ἐπεγείρει,
2784 3979 2847 4032 τὸ
2890 3978 3122 4058 σφοδρὸν
3164 3983 3338 4042 έκεῖνο
3394 3967 3513 4044 καὶ.
3542 3970 3793 4051 σύντονον

2158 4056 2379 4114 ἐκλῦσαι
2436 4062 2761 4138 φιλονεικῶν
2818 4056 2943 4137 τῆς
2984 4069 3285 4142 ἀσκήσεως·
3346 4076 3461 4132 ἐπεὶ
3513 4078 3570 4135 δὲ
3628 4083 3799 4162 ἀσφα-

2299 4148 2485 4247 ἐκείνη⁵
2516 4154 2595 4225 τῷ
2648 4153 2830 4247 ἐχθρῷ
2884 4159 2980 4221 τὰς
3027 4163 3282 4237 μηχανάς
3332 4167 3666 4247 ἀπετείχισε,
3707 4147 3795 4229 καὶ

2155 4238 2435 4303 ἀνάλωτος
2471 4240 2708 4306 ἐντεῦθεν
2757 4245 2903 4317 αὐτῷ
2978 4247 3172 4305 λοιπὸν
3217 4254 3306 4308 καὶ
3355 4236 3659 4334 ἀγείρῶτος
3709 4266 3794 4335 ἦν,

2153 4329 2288 4427 πρὸς
2336 4330 2514 4427 ἑτέραν
2556 4331 2754 4427 έχιῦρει
2807 4334 2972 4391 πάλιν
3019 4336 3342 4414 ἐπιϐουλήν·
3392 4324 3499 4402 ’καί
3553 4324 3794 4427 προσαφξ

2149 4416 2333 4491 γέλλει
2383 4422 2478 4491 μὲν
2523 4421 2690 4491 αὐτην
2726 4429 2842 4486 τοῖς
2893 4426 3083 4482 ἑαυτοῦ
3132 4452 3189 4485 τε
3247 4435 3335 4487 καὶ
3382 4443 3481 4505 τῆς
3549 4416 3792 4503 ἀσεϐείας

3439 4524 3695 4599 ἐπιμελὲς
3724 4533 3792 4600 ἦν

2142 4595 2418 4671 ἀνερευνᾷν
2490 4598 2616 4661 τοὺς
2688 4601 2753 4655 τὰ
2829 4608 3164 4677 Χριστιανῶν
3230 4595 3543 4682 μετιόντθςί
3615 4619 3665 4672 οἰ
3732 4619 3791 4676 δὲ

2142 4687 2278 4759 πρὸς
2309 4687 2400 4741 τὸν
2429 4688 2669 4762 ἡγεμόνα
2702 4687 2999 4764 δραμόντες
3033 4696 3191 4760 εὐθὺς
3235 4697 3475 4775 (Ηρόόος
3514 4706 3579 4774 ἧν
3608 4706 3789 4773 οὗτος,

2145 4776 2539 4846 Διοκλητιανοῦ
2608 4786 2902 4849 τηνικαῦτα
2969 4785 3067 4853 την
3128 4786 3407 4860 βασιλείαν
3488 4790 3790 4867 διέποντος)

2148 4866 2447 4937 μηνύουσιν
2494 4867 2643 4939 αύυῷ
2702 4871 2824 4942 περὶ
2874 4871 3077 4942 ταύτης
3147 4876 3222 4937 ὡς
3290 4878 3391 4953 ἄρα
3449 4881 3574 4939 οὔτε
3631 4866 3787 4951 θεοῦς

2144 4957 2263 5011 οὔτε
2315 4956 2561 5030 βασιλεῖς
2607 4956 2820 5015 σέϐοιτο
2880 4963 3007 5026 τοὺς
3056 4963 3292 5039 ἐκείνων,
3345 4972 3491 5029 ἀλλά
3546 4981 3784 5051 Χριστόν

2138 5067 2255 5100 τινα
2302 5048 2556 5121 κηρύττει
2613 5051 2740 5106 Θεὸν
2792 5049 3071 5122 ἀληθινὸν,
3126 5057 3215 5111 καὶ
3258 5059 3351 5114 τὸν
3397 5048 3664 5137 ἐρημικδν
3693 5070 3784 5125 καὶ

2137 5132 2304 5209 ἄζυγα
2369 5137 2490 5209 βίον
2553 5142 2649 5193 τοῦ
2714 5147 3038 5196 κοινωνικοῦ
3107 5146 3321 5216 μᾶλλον
3393 5132 3512 5205 καὶ*
3555 5156 3785 5230 μιγάδος

2136 5223 2455 5294 ἀσπάζοιτο,
2515 5227 2655 5297 ἀήθη
2709 5228 2826 5283 τινά
2882 5229 3166 5295 πολιτείας
3226 5232 3349 5291 ὁδὸν
3409 5223 3791 5319 ταῖςνπαρθὲ-

2134 5332 2246 5373 νοις
2306 5312 2749 5372 ὑποδεικνύουσα.
2801 5318 3033 5393 Θέατρον
3089 5319 3181 5375 οὖν
3240 5325 3267 5377 ὁ
3311 5324 3523 5401 Πρόϐος
3580 5312 3782 5391 αὐτίκα

2134 5402 2442 5476 συναγαγὼν
2526 5401 2983 5479 πολυάνθρωπον,
3068 5410 3305 5485 ἀχθῆναι
3382 5416 3590 5475 κελεύει
3676 5427 3779 5492 τήν

370 5479 655 5556 μακαρίαν.
691 5480 785 5539 Καὶ
828 5480 1227 5547 καταλαϐόντες
1270 5486 1332 5541 τὸ
1387 5486 1530 5559 ἱερὸν
1584 5487 1784 5542 ἐκεῖνον
1842 5493 2090 5560 σεμνεῖον
2147 5490 2197 5542 οἱ
2256 5490 2376 5563 περῖ
2443 5496 2609 5547 ταῦτα
2660 5479 3333 5570 διακονούμενοι,”αύτοῖς
3401 5526 3458 5559 τε
3532 5479 3781 5587 μοχλοξς

436 5570 547 5587 ,κ
653 5570 666 5587 ε
769 5573 777 5586 .
892 5572 946 5587 Α,
1112 5571 1231 5587 ..μη
1545 5576 1619 5587 ..
1749 5576 1771 5587 -
1949 5578 1961 5587 .
2060 5585 2083 5587 ,ι
2212 5577 2237 5587 ..
2480 5582 2489 5587 .
2720 5583 2732 5587 -
2952 5584 2962 5587 ,

356 5572 451 5629 ,καὶ
494 5570 669 5626 κλεισὶ
729 5573 821 5633 τὰς
888 5572 1053 5647 θύρας
1101 5571 1408 5647 ἀρ’άξαντες,
1469 5576 1558 5629 καὶ
1592 5578 1663 5636 ὡς
1723 5576 1875 5651 ετχον
1941 5578 2119 5651 ὁρμῆς
2183 5577 2310 5638 εἵσω
2369 5582 2649 5653 γενόμενοι
2710 5583 2967 5654 ὀνομαστὶ
3011 5588 3111 5655 την
3146 5590 3495 5649 Ἀνσστασίαν
3528 5570 3779 5668 gaza”:
