4048 6202
258 342 418 401 1297

1308 338 1488 398 Vl'I‘A
1540 339 1604 397 S.
1652 337 2121 399 ANASTASI/E
2169 343 2535 403 ROMANAE.

3508 344 3664 405 1298

332 500 402 554 Γ’.
433 498 500 554 Ἡ
539 499 673 571 γοῦν
712 491 1040 556 διδάσκαλος
1080 495 1253 564 αὐτῆς
1301 494 1498 571 Σοφία,
1552 495 1651 563 τήν
1701 491 1900 571 ἀθρόαν

2037 498 2227 565 anuis,
2246 501 2498 556 maximo
2519 501 2737 574 impetu
2762 502 3034 575 ingressi,
3059 502 3405 561 nominatim
3429 519 3669 575 quasre-

258 582 450 665 ἔφοδον
519 584 729 655 ἐκείνην
790 584 1233 656 Θεασαμένη,καὶ
1304 585 1402 650 τήν
1458 582 1631 638 αἰτίαν
1693 585 1794 639 οὐκ
1842 583 1905 639 ἂ-

255 678 552 751 γνοήσασα,
611 673 739 729 ἀλλ’
812 672 1007 735 εὐθέως
1092 666 1452 745 συμϐαλοῦσα
1522 673 1585 727 τὸ
1659 678 1903 749 πρᾶγμα,

258 762 421 839 χάριν
471 759 642 837 ᾔτησε
694 761 819 824 τοὺς
859 762 1213 834 στρατιώτας,
1257 762 1394 817 ὥστε
1446 763 1637 835 μικρὸν
1684 764 1906 834 ἀναμεῖ-

254 874 339 907 ναι
396 853 619 927 χρόνον.
673 852 770 906 Καὶ
839 846 1124 924 λαϐομένη
1194 857 1294 919 τῆς
1364 852 1711 913 Ἀναστασίας
1774 852 1906 925 μετά

260 940 531 1018 δακρύων,
562 942 727 996 στᾶσά
788 961 847 995 τε
905 940 1183 995 κατέναντι
1251 945 1348 994 τοῦ
1409 941 1796 1015 θυσιαστηρίου
1857 940 1909 995 ἐν

262 1031 581 1108 ἀποκρύφῳ,
614 1032 702 1085 καὶ
745 1031 860 1085 θεὸν
922 1031 1169 1103 μάρτυρα
1225 1034 1332 1084 τῶν
1389 1030 1524 1105 πρὸς
1583 1030 1749 1099 αὐτὴν
1812 1030 1908 1085 λό-

260 1142 371 1195 γων
431 1119 800 1193 ποιησαμένη,
865 1120 1010 1193 Ἐγὼ
1084 1119 1176 1191 μέν
1258 1140 1335 1187 σε,
1394 1121 1750 1190 ποθεινοτάτη
1814 1140 1907 1192 μοι

266 1211 521 1284 θύγατερ,
580 1204 705 1286 ἔφη,
746 1206 913 1263 παῖδα
970 1202 1390 1282 παραλαϐοῦσα,
1449 1206 1604 1262 οὐδὲν
1669 1213 1776 1262 τῶν
1837 1208 1913 1271 εἷς

266 1296 407 1371 ἐμὴν
466 1296 689 1370 δύναμιν
746 1297 833 1352 ἐπί
896 1319 981 1351 σοι
1037 1304 1136 1365 τῆς
1198 1296 1333 1352 κατά
1377 1296 1503 1351 Θεὸν
1560 1296 1807 1358 παιδείας
1851 1300 1913 1351 ἴεκ

267 1389 491 1461 πρώτης
539 1389 751 1462 ἡμέρας
790 1385 881 1442 καί
925 1387 1000 1448 εἰς
1054 1390 1114 1441 τὸ
1173 1386 1342 1460 παρὸν
1410 1387 1654 1442 ἐνέλιπον
1690 1394 1703 1418 ⁸
1737 1386 1800 1441 σὺ
1834 1384 1908 1454 δὲ,

269 1477 345 1539 εἷς
402 1476 620 1547 ἡλικίαν
659 1475 768 1547 ἤδη
827 1481 924 1531 τοῦ
981 1476 1357 1551 πληρώματος
1402 1479 1773 1547 καταντήσασα
1818 1480 1914 1531 τοῦ

268 1568 524 1640 Χριστοῦ,
558 1564 713 1629 ἄπιθι
762 1566 899 1640 πρὸς
943 1564 1104 1619 αὐτὸν
1148 1565 1569 1641 ἀγαλλιωμένη.
1602 1564 1762 1635 Αύτῷ
1813 1563 1914 1637 γάρ

270 1678 328 1711 σε
393 1657 741 1735 νυμφεύομαι
816 1658 1075 1730 σήμερον,
1138 1655 1226 1710 καὶ
1284 1655 1432 1726 αὐτῷ
1488 1654 1766 1729 προσάγω,
1826 1654 1912 1707 καὶ

273 1745 423 1816 αὐτῷ
452 1746 812 1819 παρατίθημι.
845 1743 992 1801 Ἰδοὺ
1024 1744 1113 1799 καὶ
1162 1746 1189 1799 ὁ
1234 1746 1459 1824 νυμφὼν
1511 1744 1771 1818 εύτρεπής
1826 1743 1916 1797 καὶ

2015 585 2150 641 bant
2182 589 2577 645 Anastasiam.

2086 676 2182 732 IlI.
2221 678 2354 747 Ejus
2377 684 2571 733 autem
2603 679 2875 750 magistra
2896 680 3115 753 Saphia
3138 698 3267 737 cum
3301 684 3667 753 repentinam

2017 766 2177 821 illam
2212 766 2529 837 aspexisset
2559 768 2966 838 irruptionem,
2998 776 3055 824 et
3085 788 3322 826 causam
3358 788 3471 826 non
3505 771 3669 842 igno-

2018 862 2228 921 rasset,
2260 857 2358 909 sed
2394 872 2509 912 rem
2544 859 2765 925 statim,
2793 863 2856 913 ut
2885 862 3027 922 erat,
3059 861 3425 929 conjecisset,
3450 877 3483 914 a
3512 860 3667 914 mili-

2018 944 2176 999 tibus
2210 944 2524 1016 postulavit
2551 946 2700 1002 hanc
2731 947 3000 1019 gratiam,
3030 952 3091 1003 ut
3122 964 3331 1018 parum
3359 954 3666 1019 exspecta-

2020 1037 2168 1091 rent.
2202 1033 2339 1097 Quae
2369 1050 2500 1089 cum
2530 1033 2861 1106 lacrymans
2905 1036 3227 1107 accepisset
3266 1037 3664 1099 Anastasiam,

2020 1127 2077 1177 et
2108 1138 2233 1177 eam
2265 1123 2564 1179 statuisset
2594 1140 2663 1179 ex
2692 1127 2932 1180 adverso
2963 1142 3095 1191 arts,
3129 1131 3379 1193 secreto,
3402 1132 3457 1180 et
3485 1126 3668 1179 Deum

2020 1216 2228 1268 testem
2262 1212 2546 1267 adhibens
2578 1229 2797 1283 eorum,
2825 1230 2952 1284 qua:
2977 1214 3207 1269 dicebat
3231 1231 3244 1269 :
3270 1216 3388 1285 Ego
3408 1214 3670 1285 quidem,

2023 1301 2239 1372 inquit,
2272 1319 2303 1356 ο
2329 1302 2768 1370 jucundissima
2798 1302 2939 1371 filia,
2972 1319 3107 1358 cum
3139 1309 3194 1359 te
3222 1304 3474 1373 puellam
3506 1320 3675 1359 acce-

2023 1391 2268 1462 pissem,
2303 1390 2445 1446 nihil
2482 1408 2514 1445 a
2550 1390 2736 1462 primo
2786 1392 2880 1446 die
2924 1394 2991 1446 ad
3046 1396 3151 1447 hoc
3200 1407 3387 1463 usque
3436 1395 3673 1463 tempus

2024 1480 2363 1552 pratermisi
2423 1497 2526 1551 pro
2584 1479 2823 1547 viribus,
2886 1482 3043 1551 quod
3103 1482 3417 1552 pertineret
3478 1481 3548 1535 ad
3617 1485 3673 1536 te

2025 1570 2447 1624 instituendam
2500 1568 2558 1623 in
2607 1568 2701 1636 iis,
2736 1586 2865 1639 quae
2895 1570 2965 1623 ad
3014 1574 3191 1625 Deum
3241 1569 3556 1641 pertinent.
3588 1569 3672 1624 Tu

2027 1663 2221 1713 autem
2255 1675 2387 1713 cum
2409 1660 2535 1729 jam
2572 1658 2899 1729 perveneris
2922 1660 2991 1713 ad
3025 1663 3256 1715 aetatem
3292 1658 3675 1729 plenitudinis

2028 1747 2258 1815 Christi,
2287 1749 2427 1802 vade
2476 1749 2544 1802 ad
2580 1748 2775 1820 ipsum
2827 1748 3151 1805 exsultans.
3185 1750 3262 1804 Te
3293 1749 3447 1805 enim
3499 1748 3673 1803 hodie

272 1834 301 1888 δ
334 1833 519 1888 καλῶν
552 1831 822 1907 ἀψευδής·
855 1835 941 1889 καὶ
988 1834 1039 1888 οἱ
1077 1841 1177 1903 τῆς
1223 1838 1396 1909 χαρᾶς
1455 1831 1674 1909 ἄγγελοι
1730 1832 1918 1906 πάρει-

2031 1838 2383 1907 despondeo,
2414 1845 2467 1893 et
2493 1838 2690 1904 oii‘ero,
2715 1843 2772 1893 et
2793 1839 2981 1894 trado.
3008 1839 3282 1908 Eccejam
3316 1843 3405 1894 est
3435 1843 3672 1910 paratus

274 1943 378 1992 σιν,
412 1924 486 1984 ὡς
546 1924 774 1997 Χριστοῦ
834 1944 892 1977 σε
945 1920 1296 1995 δεξιώσασθαι
1351 1923 1594 2000 νύμφην,
1635 1922 1724 1976 καὶ
1783 1922 1920 1994 πρὸς

270 2010 398 2070 τοὺς
456 2009 738 2084 θαλάμους
814 2016 892 2083 τῷ
970 2010 1185 2086 βασιλεῖ
1242 2016 1661 2087 συνεισαγαγεῖν.
1733 2008 1922 2079 Βάδιζε

269 2100 450 2154 τοίνυν
492 2102 590 2168 τὴν
644 2102 831 2169 στενὴν
872 2101 1075 2170 ταύτην
1106 2100 1193 2154 καὶ
1253 2098 1649 2172 τεθλιμμένην,
1680 2097 1783 2159 ἓως
1833 2095 1921 2152 διὰ

270 2195 371 2259 τῆς
405 2188 537 2263 ὑπὲρ
566 2189 734 2243 αὐτοῦ
778 2190 1079 2264 μαρτυρίας
1122 2189 1173 2243 ἐν
1226 2188 1529 2263 εὐρυχώρῳ
1571 2190 1740 2261 στήσῃ
1796 2188 1921 2248 τοὺς

272 2276 443 2340 πόδας
501 2300 615 2337 σου.
660 2278 809 2335 Ἐπεὶ
858 2300 945 2334 και
988 2276 1192 2333 δίκαιον
1250 2280 1293 2332 ὦ
1350 2279 1557 2347 τέκνον,
1611 2276 1670 2332 ού
1733 2279 1917 2331 παθεῖν

277 2368 409 2442 ὑπὲρ
468 2370 702 2441 Χριστοῦ
732 2369 943 2439 ζμόνον,
978 2366 1123 2422 ἀλλά
1154 2368 1245 2421 καὶ
1276 2366 1573 2435 πολλάκις,
1616 2365 1765 2439 ε’ίπερ
1799 2368 1915 2420 οἶόν

270 2477 328 2513 τε
383 2457 474 2511 καὶ
528 2462 711 2527 τοῦτο,
744 2454 812 2510 δι’
840 2457 1039 2511 ἐκεῖνον
1087 2457 1393 2518 ἀποθανεῖν.
1430 2456 1488 2511 Εἰ
1543 2462 1649 2529 γὰρ
1706 2456 1918 2513 Δεσπό-

269 2566 371 2615 της
429 2543 503 2597 ὢν
562 2544 765 2604 ἐκεῖνος
806 2545 1034 2599 ἀπέθανε
1076 2542 1142 2598 δι’
1176 2547 1348 2615 ἡμᾶς,
1380 2548 1497 2604 πῶς
1550 2544 1610 2597 ού
1654 2546 1766 2621 χρὴ
1801 2542 1922 2596 δού-

273 2632 403 2695 λους
462 2628 618 2694 ὄντας
668 2636 818 2704 ἡμᾶς
885 2634 975 2687 τὸν
1041 2632 1242 2687 ἐκείνου
1303 2633 1601 2707 προθύμως
1681 2634 1921 2705 μιμήσα-

276 2733 395 2786 σθαι
445 2723 707 2791 θάνατον;
740 2720 967 2785 Ἀλλως
1003 2742 1061 2777 τε
1109 2719 1164 2776 δὲ
1216 2717 1340 2775 οὐδὲ
1372 2722 1613 2789 θάνατος,
1656 2718 1701 2775 ὦ
1753 2719 1920 2793 μέλος

274 2809 429 2884 ἒμὸν,
489 2813 522 2880 ἡ
593 2807 681 2865 διὰ
775 2810 1003 2885 Χριστὸν
1089 2810 1341 2879 τελευτὴ,
1400 2808 1527 2865 ἀλλ’
1594 2810 1919 2886 εὐφροσύνη,

275 2902 442 2979 χαρὰ,
475 2899 674 2971 ἡδονὴ,
706 2900 1058 2977 λαμπρότης,
1091 2901 1387 2977 ὡραιότης,
1439 2906 1574 2981 φῶς,
1624 2901 1766 2957 πολὺ
1825 2906 1921 2957 τοῦ

276 2992 453 3068 φωτὸς
511 2992 707 3046 τούτου
754 2990 1081 3067 γλυκύτερόν
1120 3012 1178 3046 τε
1234 2992 1322 3046 καὶ
1362 2992 1711 3066 ὡραιότερον.
1746 2990 1924 3046 Ηάντα

279 3077 545 3156 ἄφθαρτα,
603 3079 776 3134 πάντα
844 3074 1058 3154 βέϐαια,
1117 3080 1291 3135 πάντα
1388 3081 1615 3153 μόνιμα,
1701 3078 1920 3149 διηνεκῆ

2031 1926 2347 1992 thalamus,
2387 1934 2441 1981 et
2485 1926 2585 1997 qui
2638 1932 2694 1983 te
2741 1935 2928 1995 vocat,
2968 1932 3058 1983 est
3105 1943 3317 1983 verax:
3351 1931 3409 1981 et
3457 1928 3674 1982 adsunt

2033 2016 2222 2071 nuntii
2255 2017 2477 2089 gaudii,
2512 2020 2576 2071 ut
2612 2020 2667 2070 te
2698 2016 2990 2088 accipiant
3018 2016 3231 2071 Christi
3282 2032 3586 2088 sponsam,
3618 2018 3676 2069 et

2032 2106 2327 2161 deducant
2358 2108 2425 2161 ad
2464 2107 2673 2177 Regem
2705 2106 2764 2160 in
2794 2122 3044 2177 superna
3092 2106 3483 2162 tabernacula.
3517 2102 3677 2158 Vade

2030 2210 2166 2265 ergo
2222 2211 2321 2265 per
2370 2194 2518 2249 hanc
2567 2200 2781 2249 arctam
2832 2198 2890 2249 et
2936 2201 3247 2266 angustam
3279 2194 3459 2261 viam,
3492 2194 3677 2249 donec

2030 2297 2133 2352 per
2164 2284 2511 2352 martyrium
2552 2297 2655 2353 pro
2692 2281 2820 2351 ipso
2862 2289 3223 2353 susceptum,
3255 2282 3315 2337 in
3366 2282 3678 2337 latitudine

2030 2374 2251 2425 statuat
2300 2372 2477 2441 pedes
2527 2374 2681 2426 tuos.
2709 2370 2854 2426 Nam
2896 2371 3124 2440 justum
3176 2376 3286 2441 est,
3321 2388 3353 2426 o
3386 2370 3528 2438 lilia,
3562 2385 3679 2424 non

2030 2459 2219 2513 solum
2243 2476 2346 2529 pro
2370 2458 2599 2513 Christo
2634 2459 2775 2531 pati,
2800 2460 2901 2514 sed
2938 2461 3110 2515 etiam
3139 2476 3307 2530 saepe,
3332 2459 3382 2515 si
3415 2458 3522 2514 hoc
3552 2457 3678 2514 ﬁeri

2031 2553 2241 2617 posset,
2287 2548 2434 2600 mori
2488 2559 2717 2617 propter
2770 2547 2959 2601 illum.
3001 2549 3059 2601 Si
3108 2548 3285 2615 enim,
3332 2563 3467 2602 cum
3523 2550 3681 2602 esset

2029 2634 2336 2700 Dominus,
2370 2640 2639 2690 mortuus
2669 2640 2758 2690 est
2789 2642 3023 2705 propter
3074 2652 3203 2700 nos,
3234 2634 3528 2706 quomodo
3560 2650 3676 2689 non

2031 2728 2253 2793 Oportet
2284 2741 2411 2791 nos,
2444 2741 2578 2779 cum
2636 2723 2823 2780 simus
2883 2723 3051 2793 servi,
3086 2729 3354 2796 prompto
3398 2728 3456 2780 et
3501 2723 3679 2779 alacri

2031 2814 2228 2868 animo
2278 2812 2495 2868 imitari
2545 2812 2706 2868 illius
2751 2813 3048 2868 mortem?
3090 2816 3305 2868 Verum
3365 2828 3469 2868 nec
3521 2828 3678 2868 mors

2031 2902 2265 2975 quidem
2298 2910 2401 2969 est,
2434 2919 2466 2959 ο
2498 2903 2636 2969 filia,
2669 2909 2902 2975 propter
2928 2903 3217 2958 Christum
3251 2904 3548 2969 decessus,
3573 2903 3675 2959 sed

2032 2993 2251 3059 laetitia,
2286 2992 2587 3064 gaudium,
2622 2992 2907 3063 voluptas,
2948 2992 3240 3063 splendor,
3276 2992 3674 3064 pulchritudo,

2031 3083 2132 3139 lux
2163 3083 2332 3155 longe
2366 3083 2471 3139 hac
2504 3082 2632 3138 luce
2653 3081 2879 3137 dulcior
2899 3088 2956 3137 et
2977 3083 3293 3154 pulchrior.
3319 3082 3531 3137 Omnia
3555 3079 3675 3136 illic

280 3169 476 3237 πάντα,
515 3169 606 3223 καὶ
648 3166 907 3223 οὐδέποτε
965 3167 1224 3241 λήγοντα.
1260 3170 1349 3237 Μὴ
1383 3166 1472 3236 δὴ,
1508 3173 1551 3223 ῶ
1610 3167 1918 3243 σπλάγχνον

2034 3175 2105 3229 ab
2137 3175 2374 3230 interitu
2426 3174 2626 3239 libera,
2656 3174 2853 3229 omnia
2901 3172 3071 3228 firma
3100 3188 3167 3227 ac
3197 3171 3451 3236 stabilia,
3483 3171 3677 3227 omnia

282 3255 412 3329 ἐμὸν
464 3260 602 3330 πρὸς
657 3258 718 3313 τὸ
760 3239 1402 3332 αύστηρὸνάποϐλέψῃς
1466 3262 1573 3313 τῶν
1626 3239 1918 3332 τυράννων,

2038 3270 2313 3336 perpetua
2342 3268 2398 3319 et
2428 3280 2729 3335 nunquam
2783 3262 3132 3318 desinentia.
3168 3263 3250 3318 Ne
3297 3262 3611 3333 aspexeris,
3642 3277 3675 3316 ο

283 3349 372 3401 καὶ
412 3349 473 3402 τὸ
506 3346 673 3421 δριμὺ
707 3352 813 3403 τῶν
850 3346 1133 3402 κολάσεων
1165 3368 1176 3380 ·
1221 3348 1383 3410 αὐτὸς
1418 3348 1519 3423 γάρ
1570 3369 1652 3402 σοι
1696 3349 1918 3422 Χριστὸς

2032 3352 2152 3408 ﬁlia
2183 3368 2334 3419 mea,
2365 3354 2431 3406 ad
2464 3352 2843 3406 acerbitatem
2889 3356 3292 3422 tyrannorum,
3323 3357 3378 3405 et
3419 3350 3677 3422 gravita-

276 3437 304 3490 ὁ
348 3436 579 3514 νυμφίος
635 3438 662 3490 ὁ
714 3438 805 3499 σὸς
846 3439 1271 3513 παραστήσεται,
1316 3437 1410 3498 τάς
1463 3434 1653 3498 ὀδύνας
1709 3436 1924 3492 ἐπικου-

276 3525 446 3600 φίζων
513 3526 603 3581 καὶ
660 3529 768 3580 τῶν
824 3526 1075 3603 ἀναγκῶν
1132 3526 1532 3602 ἐξαιρούμενος.
1595 3526 1658 3583 Εἰ
1724 3524 1780 3581 δὲ
1836 3528 1922 3582 καὶ

278 3615 473 3687 μικρόν
533 3635 590 3669 σε
640 3618 988 3691 συγχωρήσει
1064 3624 1463 3685 κακοπαθῆσαι,
1533 3614 1671 3671 ὥστε
1722 3638 1817 3671 σου
1863 3617 1926 3670 τὸ

276 3698 527 3775 δοκίμιον
602 3711 699 3772 τῆς
763 3704 995 3767 πίστεως
1074 3706 1357 3777 ὑπομονὴν
1444 3706 1873 3780 κατεργάσασθαι
1909 3724 1921 3737 ’

277 3788 404 3845 ἀλλ’
450 3792 549 3847 οὐκ
596 3792 672 3855 εἷς
740 3792 898 3854 τέλος
966 3793 1345 3868 ἐγκαταλείψει
1411 3795 1500 3849 καὶ
1558 3798 1920 3869 περιόψεται·

274 3878 401 3935 ἀλλ’
434 3879 511 3936 ἔτι
562 3903 657 3937 σου
707 3884 1047 3957 καμνούσης,
1082 3879 1432 3954 σϐεσθήσεται
1498 3886 1592 3955 μὲν
1642 3887 1676 3953 ἡ
1725 3882 1924 3956 δριμύ-

274 3989 374 4039 της
403 3975 508 4024 τῶν
542 3970 832 4045 ἀλγεινῶν,
864 3972 1147 4027 ἀναστελεῖ
1195 3970 1251 4026 δέ
1300 3995 1385 4027 σοι
1434 3971 1780 4046 παράκλησις
1835 3973 1923 4027 καὶ

272 4059 387 4135 φῶς
446 4059 535 4114 καὶ
581 4062 691 4130 ζωή
726 4081 784 4114 σε
813 4060 1145 4131 περιστελεῖ,
1177 4062 1269 4115 καὶ
1319 4064 1353 4129 ἡ
1402 4058 1527 4132 δόξα
1586 4063 1790 4135 Κυρίου
1826 4083 1926 4116 κυ-

270 4148 471 4203 κλώσει
534 4171 610 4204 σε.
667 4152 807 4223 Πρὸς
866 4155 1035 4204 ταῦτα
1082 4153 1117 4219 ἡ
1168 4150 1455 4223 παρθένος,
1502 4151 1695 4225 Εὐχῆς
1739 4150 1921 4226 ἔργον,

274 4236 318 4288 ὦ
381 4244 577 4311 μῆτερ,
616 4237 861 4312 ἔφη,καί
924 4247 1021 4308 τῆς
1079 4240 1279 4303 ἄνωθεν
1340 4240 1515 4313 ῥοπῆς
1548 4260 1604 4294 τε
1637 4240 1726 4295 καὶ
1786 4262 1923 4315 συμ-

278 4325 483 4398 μαχίας
539 4328 599 4380 τὸ
662 4330 736 4399 μὴ
796 4329 931 4399 πρὸς
986 4329 1254 4399 τοσαύτην
1316 4329 1580 4401 ὠμότητα
1651 4330 1922 4404 τυράννων

273 4412 363 4467 καὶ
407 4412 601 4485 μανίαν
634 4415 1017 4490 ἀπαγορεῦσαι.
1058 4441 1084 4463 ι’
1116 4418 1196 4475 Τὸ
1230 4418 1324 4490 μὲν
1368 4419 1470 4492 γάρ
1525 4422 1747 4491 Πνεῦμα
1788 4419 1922 4493 πρό-

276 4513 471 4574 θυμον,
504 4504 538 4571 ἡ
573 4499 629 4556 δὲ
669 4502 795 4578 σὰρξ
816 4505 1043 4573 ἀσθενής
1076 4526 1088 4538 ·
1126 4531 1153 4557 ››
1184 4506 1331 4562 ἀλλά
1359 4504 1586 4577 δεήθητι
1613 4511 1709 4562 τοῦ
1741 4511 1923 4561 κοινοῦ

2030 3446 2143 3497 tem
2203 3440 2648 3512 suppliciorum.
2712 3442 2842 3511 Ipse
2889 3441 3044 3494 enim
3095 3438 3364 3495 Christus
3422 3454 3676 3511 sponsus

2028 3535 2167 3586 tuus
2227 3529 2327 3584 tibi
2382 3530 2587 3594 aderit,
2638 3528 2864 3585 dolores
2923 3528 3202 3593 allevans,
3236 3534 3292 3583 et
3339 3528 3590 3599 eripiens
3641 3544 3676 3583 a

2030 3618 2499 3675 necessitatibus.
2550 3619 2709 3684 Quod
2762 3618 2812 3672 si
2863 3617 3039 3673 etiam
3089 3618 3462 3685 concesserit,
3495 3621 3560 3671 ut
3609 3623 3670 3672 tu

2030 3707 2314 3764 malorum
2358 3707 2579 3778 aliquid
2632 3706 2997 3778 perpetiaris,
3038 3722 3153 3777 quo
3199 3711 3361 3759 tuam
3411 3704 3674 3759 toleran-

2028 3798 2169 3852 tiam
2224 3796 2437 3852 efiiciat
2495 3804 2603 3850 tua;
2664 3794 2799 3850 ﬁdei
2852 3794 3268 3864 probationem,
3320 3798 3380 3847 at
3436 3810 3551 3848 non
3611 3793 3671 3849 in

2031 3888 2203 3942 tinem
2237 3888 2464 3940 deseret
2494 3889 2550 3939 et
2582 3885 2883 3954 despiciet,
2906 3883 3004 3938 sed
3039 3888 3094 3937 te
3124 3882 3315 3936 adhuc
3346 3881 3668 3948 laborante,

2027 3975 2434 4045 exstinguetur
2463 3973 2696 4043 quidem
2732 3971 2997 4027 dolorum
3028 3971 3344 4026 acerbitas:
3380 3968 3671 4025 exorietur

2028 4074 2222 4122 autem
2257 4065 2360 4120 tibi
2392 4064 2707 4119 consolatio
2736 4068 2791 4117 et
2821 4061 2917 4117 lux
2952 4078 2965 4115 :
2997 4066 3053 4116 et
3098 4062 3214 4115 vita
3246 4064 3301 4114 te
3333 4059 3582 4125 amictet,
3613 4062 3671 4113 et

2027 4158 2212 4229 gloria
2242 4152 2651 4210 circumdabit.
2685 4152 2769 4206 Ad
2803 4152 2924 4206 haec
2954 4150 3153 4222 virgo:
3178 4148 3511 4220 Optandum
3545 4147 3669 4219 qui-

2026 4250 2156 4302 dem
2206 4254 2311 4313 est,
2345 4246 2553 4314 inquit,
2587 4260 2620 4299 ο
2652 4247 2860 4308 mater,
2892 4246 2949 4296 et
2991 4240 3280 4295 orandum
3330 4242 3395 4294 ut
3434 4238 3586 4309 quod
3636 4254 3671 4293 a

2027 4334 2223 4391 divino
2277 4333 2678 4405 proficiscatur
2722 4329 2958 4395 auxilio,
2990 4345 3063 4385 ne
3091 4330 3162 4384 ad
3207 4331 3424 4383 tantam
3473 4335 3668 4398 tyran-

2029 4440 2237 4479 norum
2288 4420 2691 4478 crudelitatem
2723 4426 2777 4474 et
2806 4418 3096 4475 insaniam
3140 4417 3426 4473 deficiam.
3462 4437 3491 4467 α
3521 4413 3669 4471 Nam

2028 4512 2273 4584 spiritus
2334 4511 2564 4583 quidem
2614 4513 2704 4565 est
2760 4512 3090 4580 promptus,
3140 4522 3270 4562 caro
3322 4510 3517 4561 autem
3576 4504 3673 4559 in-

276 4591 576 4663 Δεσπότου,
642 4592 730 4646 καὶ
798 4590 1066 4648 ἱκέτευσον
1141 4596 1302 4650 αὐτὸν
1362 4597 1511 4658 ὅπως
1570 4594 1918 4670 ἐξαποστείλῃ

2038 4603 2203 4658 firma
2236 4601 2294 4655 ‘z
2330 4624 2358 4651 ››
2389 4601 2488 4657 sed
2542 4615 2681 4671 roga
2723 4612 3098 4654 communem
3149 4595 3487 4662 Dominum,
3518 4597 3576 4649 et
3623 4594 3675 4648 ei

280 4702 373 4754 μοι
434 4680 662 4755 δύναμιν
714 4680 764 4751 ἐξ
814 4681 1004 4755 ὕψους,
1038 4681 1104 4737 δι’
1138 4686 1202 4751 ἧς
1258 4684 1706 4754 ἀντικαταστῆναι
1767 4682 1924 4755 δυνή-

279 4792 447 4843 σομαι
503 4772 638 4845 πρὸς
703 4770 846 4825 οὕτω
894 4776 1072 4825 κακῶν
1108 4773 1415 4846 βαρυτάτην
1447 4774 1742 4848 ἐπαγωγήν
1779 4793 1791 4807 ο
1832 4774 1921 4829 καὶ

278 4859 591 4929 σπουδάσω,
628 4868 801 4935 μῆτερ
860 4861 991 4933 ἐμὴ,
1037 4860 1105 4934 τῇ
1176 4860 1380 4915 ἐκείνου
1440 4860 1719 4933 δυναστείᾳ
1782 4884 1921 4937 κρα-

278 4951 603 5022 ταιουμένη,
637 4947 726 5004 διὰ
783 4948 975 5011 τέλους
1037 4970 1119 5003 σοι
1152 4955 1417 5024 ἷητηρῆσαι
1474 4950 1568 5011 τὰς
1626 4951 1926 5023 ὑποθήκας,

279 5038 372 5092 καὶ
408 5036 666 5112 οὐδεμιᾶς
696 5039 903 5093 τούτων
941 5037 1276 5113 ὄλιγωρήσω
1317 5038 1351 5107 ἢ
1386 5038 1744 5112 ἐπιλήσομαι.

358 5130 436 5189 Δ’.
478 5130 660 5185 Ταῦτα
729 5133 830 5195 τῆς
922 5126 1191 5201 παρθένου
1262 5124 1561 5197 διεξιούσης,
1614 5127 1702 5181 καὶ
1781 5127 1924 5182 οὕτω

282 5216 537 5293 γλυκείας
613 5219 681 5288 τῇ
762 5213 1075 5288 διδασκάλῳ
1144 5215 1480 5289 ποιουμένης
1525 5216 1615 5272 καὶ
1673 5218 1923 5280 ποθεινάς

281 5304 377 5366 τὰς
432 5303 783 5380 ἐπαγγελίας,
815 5304 1156 5367 ἐπιπεσόντες
1214 5306 1410 5381 ἀθρόον
1466 5307 1517 5360 οἱ
1577 5309 1923 5380 στρατιῶται,

281 5394 372 5448 καὶ
432 5395 672 5464 καθάπερ
741 5392 920 5465 ἀρνίον
996 5401 1096 5463 τῆς
1173 5395 1380 5469 μητρὸς
1456 5394 1625 5463 αὐτὴν
1682 5392 1924 5448 ἀποσπά-

282 5503 489 5555 σαντες,
520 5480 709 5537 κλοιόν
759 5502 817 5537 τε
866 5480 1125 5553 σιδηροῦν
1182 5479 1603 5560 περιϐάλλουσι,
1643 5483 1733 5539 καὶ
1791 5484 1927 5559 χαί-

360 5668 373 5701 ¹
410 5666 611 5723 Matth.
644 5683 796 5737 xxvx,
829 5667 915 5725 41.

2034 4692 2319 4763 supplice,
2353 4696 2415 4746 ut
2463 4691 2657 4745 mittat
2708 4688 2779 4743 ad
2830 4704 2923 4743 me
2966 4686 3239 4742 virtutem
3286 4701 3357 4740 ex
3402 4683 3542 4749 alto,
3573 4698 3675 4752 per

2034 4796 2210 4850 quam
2244 4783 2441 4849 potero
2474 4776 2743 4831 resistere
2773 4778 2891 4829 tam
2916 4774 3215 4845 gravibus,
3238 4787 3363 4843 qua:
3396 4768 3675 4840 inﬂigun-

2035 4874 2153 4935 tur,
2187 4866 2392 4921 malis:
2427 4870 2483 4920 et
2531 4865 2799 4931 studebo,
2831 4868 3020 4919 mater
3067 4878 3213 4928 mea,
3262 4860 3422 4915 illius
3466 4858 3677 4913 contir-

2036 4961 2193 5011 mata
2248 4953 2484 5021 virtute,
2544 4961 2643 5008 tua
2700 4956 2921 5007 monita
2974 4957 3254 5023 perpetuo
3309 4962 3674 5013 conservare,

2036 5060 2223 5115 neque
2256 5042 2436 5098 ullum
2471 5058 2673 5097 eorum
2709 5040 3023 5112 negligam,
3056 5044 3156 5094 aut
3185 5038 3314 5109 ejus
3342 5035 3671 5092 obliviscar.

2108 5132 2199 5189 IV.
2233 5133 2375 5187 Cum
2436 5131 2555 5186 haec
2613 5133 2775 5202 virgo
2833 5130 3064 5194 diceret,
3112 5132 3167 5183 et
3216 5126 3507 5195 magistrae
3552 5130 3674 5179 tam

2036 5221 2229 5277 dulcia
2263 5226 2321 5276 et
2344 5222 2609 5289 jucunda
2656 5219 2869 5273 iaceret
2914 5216 3215 5286 promissa,
3248 5213 3547 5268 irruerunt
3576 5228 3674 5267 re-

2036 5316 2203 5382 pente
2265 5309 2503 5375 milites,
2547 5315 2603 5364 et
2650 5324 2776 5363 eam
2836 5311 3115 5377 tanquam
3175 5319 3384 5375 agnam
3430 5320 3463 5358 a
3496 5306 3677 5357 matre

2035 5400 2364 5468 avellentes,
2399 5399 2712 5470 imponunt
2749 5397 2800 5451 ei
2835 5397 3081 5451 ferreum
3133 5394 3364 5460 collare,
3396 5397 3452 5447 et
3482 5391 3673 5446 laetam

2035 5491 2335 5547 adducunt
2381 5488 2453 5543 ad
2504 5486 2835 5560 prrssidem.
2889 5485 2993 5540 Illa
3041 5488 3238 5540 autem
3282 5482 3333 5538 ei
3384 5486 3547 5539 stans
3604 5495 3672 5536 ex
