4048 6202
267 343 419 404 1301

1347 350 1533 409 νΙΤΑ
1578 348 1638 408 S.
1687 347 2144 410 ANASTASl/E
2189 349 2561 410 ROMAN/E.

3516 351 3671 411 1302

265 503 548 579 αἰδέσιμον
596 506 765 561 ἐκεῖνο
804 505 1015 570 κάλλος
1083 512 1572 583 παραστησάμενος
1612 512 1790 586 χωρὶς
1845 530 1902 564 τι·

2030 508 2444 577 chritudinem,
2479 527 2605 581 quae
2636 510 2722 566 vel
2748 510 2892 582 ipsis
2921 515 3043 567 erat
3075 510 3301 583 angelis
3332 511 3674 581 reverenda,

261 595 352 656 νὸς
391 597 887 669 παραπετάσματος
935 597 969 666 ἢ
1019 594 1467 672 περιϐλήματος,
1496 598 1587 653 ἳνα
1626 601 1714 655 καὶ
1755 598 1920 654 πλέον

258 684 499 763 αἰσχύνῃ
559 685 845 760 παρθένον,
879 686 1020 741 οὕτω
1081 684 1327 762 θορύϐων
1370 690 1511 759 ἀηθη
1574 691 1662 743 καὶ
1707 686 1917 761 ἀνδρῶν

259 773 464 847 ὅψεως,
494 779 590 829 τοῦ
643 774 896 848 θαλάμου
934 775 1100 831 πλέον
1160 779 1249 831 καὶ
1294 785 1393 847 τῆς
1433 780 1670 855 ἡσυχίας
1713 777 1917 833 εἰδυῖαν

263 861 443 933 οὐδὲν,
504 864 664 921 Οὕτω
731 887 837 932 σοι,
895 867 1051 943 φησὶ,
1111 874 1388 940 προσῆκον
1466 868 1567 922 ὑπὸ
1638 868 1917 929 τοσούτοις

262 951 600 1021 ἀσχημονεῖν
664 952 870 1028 ἀνδρῶν
921 954 1187 1027 ὄμμασιν.
1232 955 1411 1012 Ἀλλὰ
1449 963 1547 1025 τῆς
1578 956 1917 1031 κατεχούσης

261 1062 322 1095 τε
376 1047 582 1111 ταύτης
621 1042 880 1106 ἀπονοίας
943 1043 1345 1119 ἀνενεγεκοῦσα,
1405 1045 1675 1121 πρόσελθε
1704 1050 1771 1118 τῇ
1812 1052 1919 1100 τῶν

264 1135 399 1195 θεῶν
430 1132 703 1204 εύμενείᾳ’
736 1132 827 1187 καὶ
865 1135 941 1206 μὴ
986 1134 1194 1195 κάλλος
1233 1140 1486 1191 τοεοῦτον
1526 1133 1660 1189 ἱδεῖν
1719 1133 1916 1206 ἐθελή-

263 1241 408 1283 σειας
438 1219 707 1284 ἀπανθοῦν
737 1219 953 1286 ἀθλίως
1004 1224 1110 1299 πρὸ
1177 1230 1277 1293 τῆς
1322 1222 1469 1298 ὥρας
1526 1226 1612 1279 καὶ
1661 1224 1915 1299 μαραινό-

264 1329 446 1380 μενον.
478 1307 671 1374 Οὐδεὶς
700 1312 806 1386 γάρ
869 1312 1199 1374 ἀπειθοῦσαν
1258 1318 1367 1367 τῶν
1419 1313 1564 1385 ἐμῶν
1608 1335 1663 1368 σε
1713 1311 1915 1368 δύναιτ’

259 1395 321 1451 ἂν
354 1396 627 1467 ἐξελέσθαι
669 1404 899 1475 χειρῶν·
934 1399 1064 1455 ἀλλ’
1116 1401 1191 1463 εἷς
1245 1401 1415 1457 λεπτά
1455 1424 1511 1457 σε
1568 1404 1912 1477 κατατεμὼν,

258 1484 315 1540 εὖ
351 1485 477 1555 ἴσθι,
525 1489 726 1564 βρῶμα
749 1490 941 1563 θηρσὶν
984 1489 1199 1567 ἀγρίοις
1236 1493 1611 1565 προϐήσομαι.

333 1760 395 1819 ς’.
457 1758 563 1813 Καὶ
622 1760 656 1827 ἡ
720 1759 945 1834 μάρτυς,
1005 1761 1154 1833 ἐμοὶ,
1213 1762 1399 1838 φησὶν,
1433 1763 1477 1817 ὦ
1525 1763 1773 1839 ἡγεμὼν,
1810 1763 1910 1819 οὐκ

2030 603 2210 654 totam
2269 600 2487 653 nudam
2550 604 2911 665 ostensurus,
2945 600 3169 672 absque
3218 600 3333 655 ullo
3392 600 3540 668 velo,
3573 603 3674 655 aut

2030 688 2321 757 operculo,
2356 693 2419 742 ut
2447 686 2532 743 vel
2569 688 2769 755 majori
2806 687 3027 757 pudore
3075 691 3333 745 afficeret
3363 690 3673 760 virginem,

2030 794 2156 846 quae
2189 778 2373 831 turbae
2394 782 2452 831 et
2474 777 2779 831 hominum
2809 778 2995 832 oculis
3029 795 3141 832 non
3177 784 3302 833 erat
3331 784 3587 846 assueta,
3614 781 3675 832 ut

2029 883 2156 937 qua
2204 876 2407 936 praeter
2456 864 2777 921 thalamum
2811 872 2867 921 et
2897 866 3155 936 quietem
3204 868 3348 921 nihil
3398 871 3670 923 noverat:

2028 956 2139 1024 Sic,
2174 955 2385 1026 inquit,
2419 961 2645 1027 oportet
2688 965 2739 1010 te
2788 960 2950 1009 tanta
3007 956 3161 1009 aftici
3208 956 3571 1026 turpitudine
3619 961 3674 1010 et

2029 1045 2311 1101 dedecore
2341 1055 2474 1100 ante
2503 1045 2760 1100 omnium
2811 1043 3026 1100 oculos.
3064 1044 3175 1099 Sed
3218 1044 3567 1115 resipiscens
3599 1044 3671 1097 ab

2028 1148 2116 1201 ea,
2150 1150 2277 1204 quae
2309 1138 2362 1188 te
2393 1139 2567 1202 tenet,
2592 1134 2868 1199 amentia,
2894 1134 2965 1187 ad
2999 1134 3234 1187 deorum
3270 1132 3475 1187 accede
3506 1130 3671 1186 beni-

2028 1223 2308 1294 gnitatcm
2334 1238 2345 1277 :
2382 1238 2487 1279 nec
2517 1222 2657 1278 velis
2688 1221 2882 1276 videre
2913 1227 3134 1276 tantam
3168 1219 3668 1292 pulchritudinem

2026 1311 2238 1365 misere
2268 1315 2402 1365 ante
2434 1314 2667 1381 tempus
2698 1309 3182 1372 efﬂorescentem,
3222 1312 3279 1363 et
3310 1322 3669 1363 marcescen-

2024 1404 2164 1455 tem.
2198 1398 2378 1454 Nemo
2408 1399 2565 1454 enim
2597 1404 2675 1466 te,
2699 1398 2744 1452 si
2780 1414 2894 1453 non
2924 1413 3151 1468 pareas,
3184 1394 3435 1466 potuerit
3464 1412 3498 1451 a
3524 1395 3668 1449 meis

2024 1488 2292 1543 manibus
2322 1487 2544 1559 eripere
2569 1504 2582 1542 :
2606 1486 2711 1543 sed
2738 1496 2789 1542 te
2820 1486 3152 1542 minutatim
3178 1484 3509 1547 dissectam,
3535 1483 3671 1540 feris

2022 1577 2353 1648 agrestibus
2384 1593 2675 1649 apponam
2706 1576 3086 1632 exedendam.
3111 1574 3228 1630 Hoc
3248 1573 3424 1629 velim
3456 1573 3534 1629 sit
3565 1571 3667 1628 tibi

2021 1682 2392 1737 persuasum.

2090 1757 2188 1813 Vl.
2225 1757 2442 1829 Martyr
2490 1760 2717 1814 autem:
2752 1756 2919 1825 Mihi,
2950 1757 3161 1828 inquit,
3194 1772 3228 1810 o
3266 1770 3497 1827 prases,
3548 1768 3667 1809 non

258 1844 626 1919 ἀσχημοσύνη
676 1852 783 1902 τῶν
838 1848 1069 1922 ἱματίων
1119 1851 1326 1906 τούτων
1359 1851 1501 1907 ἐστὶν
1534 1855 1568 1921 ἡ
1602 1854 1902 1929 γύμνωσις·

2021 1850 2109 1901 est
2138 1845 2441 1915 turpitudo
2473 1851 2574 1901 aut
2605 1846 2882 1913 dedecus,
2905 1862 3035 1902 esse
3058 1845 3334 1901 nudatam
3358 1842 3663 1898 vestibus:

258 1931 407 1987 ἀλλά
436 1934 839 2008 καλλωπισμὸς
892 1936 1281 2012 λαμπρότατός
1311 1962 1368 1995 τε
1415 1940 1504 1995 καὶ
1555 1941 1913 2015 εὐπρεπέστα-

252 2042 369 2083 τος.
443 2024 544 2079 Τὸν
635 2025 737 2099 γάρ
832 2026 1065 2083 παλαιὸν
1159 2027 1445 2105 ἄνθρωπον
1524 2027 1908 2104 ἀποδυσαμένη

252 2112 346 2167 τὸν
408 2112 592 2167 καινὸν
664 2125 715 2168 εν
774 2113 1088 2191 δικαιοσύνῃ
1149 2119 1236 2171 καὶ
1301 2118 1528 2188 ἀληθείᾳ
1591 2116 1908 2192 ἐνδύσομαι.

253 2202 372 2257 Οὔκ
414 2199 510 2273 ἐμὲ
551 2202 732 2256 τοίνυν
786 2202 836 2258 ἐν
879 2205 1117 2273 τούτοις,
1149 2205 1295 2260 ἀλλὰ
1328 2208 1384 2260 σὲ
1419 2206 1632 2277 μᾶλλον
1667 2208 1908 2283 ἐγκαλύ-

248 2301 472 2352 πτεσθαι
518 2293 653 2365 χρὴ,
707 2290 787 2345 ὅτι
839 2293 913 2354 ὡς
962 2294 1182 2366 ἱμάτιον
1223 2296 1324 2363 τήν
1375 2291 1621 2350 ἀσέϐειαν
1657 2294 1904 2367 ἐνεδύσω,

248 2380 337 2432 καὶ
371 2378 613 2448 εἰσῆλθεν
666 2381 793 2435 ὡσεὶ
848 2379 995 2454 ὓδωρ
1051 2383 1131 2443 εἷς
1173 2384 1241 2437 τὰ
1279 2381 1475 2454 ἔγκατά
1506 2406 1624 2451 σου,
1656 2387 1744 2440 καὶ
1780 2387 1907 2442 ὡσεὶ

248 2461 432 2521 ἔλαιον
466 2468 516 2523 ἐν
575 2475 692 2529 τοῖς
732 2469 944 2532 ὀστέοις
976 2474 1091 2526 σοῦ.
1124 2472 1339 2540 Μεταξὺ
1372 2469 1427 2525 δὲ
1457 2473 1545 2526 καὶ
1595 2472 1907 2547 θερμοτέρου

250 2555 521 2631 ληφθεῖσα
594 2561 674 2627 τῷ
729 2564 829 2625 τῆς
896 2557 1177 2627 ἀθλήσεως
1244 2557 1428 2630 ἔρωτι,
1474 2561 1562 2613 καὶ
1622 2558 1904 2614 δεδοικυῖα

252 2646 491 2716 μήποτε,
539 2644 1039 2716 καταμαλακισθεὶς
1091 2648 1119 2699 ὁ
1167 2646 1739 2720 ἡγεμὼν,ἀποκλείσῃ
1777 2651 1903 2723 περί

254 2730 451 2803 μέσους
497 2729 607 2802 ἤδη
658 2732 785 2794 τοὺς
843 2733 1059 2808 ἀγῶνας
1118 2733 1254 2808 αὐτῇ
1312 2740 1410 2789 τοῦ
1490 2736 1789 2810 μαρτυρίου
1845 2739 1907 2793 τὸ

251 2819 494 2891 στάδιον,
560 2822 863 2895 προσετίθει
921 2824 1011 2876 καὶ
1068 2824 1135 2877 τὰ
1202 2829 1447 2879 τοιαῦτα.
1510 2825 1776 2896 Ὠμότατε
1826 2824 1906 2879 δι-

247 2914 478 2973 καστῶν,
531 2910 758 2966 θάνατον
826 2910 1112 2987 ἐπαγαγεῖν
1207 2912 1470 2975 ἀπειλεῖς·
1531 2915 1670 2989 πρὸς
1746 2913 1905 2970 τοῦτό

247 3019 331 3054 σοι
388 2998 849 3072 παρεσκεύοσμαιο
910 2999 1074 3056 τούτο
1142 3002 1246 3077 γὰρ
1310 3024 1402 3075 μοι
1454 3005 1517 3059 τὸ
1549 3005 1791 3078 ἀτεχνῶς
1824 3005 1906 3059 εὐ-

244 3088 563 3143 κταιότατόν
597 3109 654 3143 τε
692 3089 783 3143 καὶ
830 3090 1229 3145 ποθεινότατον.
1264 3091 1331 3148 Εἰ
1384 3089 1441 3147 δὲ
1497 3092 1585 3147 καὶ
1647 3094 1721 3155 εἷς
1757 3093 1900 3168 μὲλη

249 3197 315 3249 με
352 3176 711 3250 κατατέμοις,
767 3181 856 3233 καὶ
908 3177 1159 3256 γλῶτταν
1202 3179 1475 3255 ἐκκόψεις,
1524 3184 1610 3236 καὶ
1674 3179 1901 3244 ἀδόντας

244 3267 333 3320 καὶ
399 3270 615 3340 χεῖρας,
673 3267 762 3321 καὶ
821 3267 1050 3343 ὄνυχας,
1088 3269 1209 3324 τότε
1272 3291 1337 3343 με
1365 3271 1431 3324 τά
1474 3272 1643 3344 μείζω
1686 3271 1899 3343 μᾶλλον

247 3354 647 3431 εύεργετήσεις,
688 3355 926 3435 Ὀφείλω
975 3359 1075 3433 γάρ
1131 3358 1269 3428 ὅλην
1328 3358 1567 3432 ἐμαυτὴν
1634 3365 1712 3431 τῷ
1788 3369 1899 3431 Δη-

247 3449 521 3518 μιουργῷ·
558 3446 646 3499 καὶ
699 3445 862 3500 τοῦτό
916 3467 1009 3519 μοι
1059 3445 1237 3525 ἔφεσιν
1269 3447 1371 3520 ἀεὶ,
1405 3449 1555 3509 ὅπως
1596 3448 1656 3502 ἂν
1690 3448 1740 3501 ἒν
1772 3455 1899 3504 πᾶσι

244 3530 485 3606 δοξασθῇ
554 3540 670 3596 τοῖς
734 3534 892 3607 ἐμοῖς
954 3536 1164 3608 μὲλεσι,
1222 3538 1313 3591 καὶ
1393 3540 1729 3612 παραστήσω
1819 3543 1899 3610 τῷ

249 3620 414 3676 αὐτοῦ
467 3623 675 3697 βήματι
733 3626 905 3679 πάντα
977 3646 1082 3697 μου
1124 3627 1190 3679 τα
1253 3626 1392 3698 μέλη
1427 3631 1508 3699 τῷ
1566 3628 1761 3700 κόσμῳ
1798 3635 1898 3697 τῆς

251 3710 555 3785 ὁμολογίας
602 3712 1092 3786 καλλωπιζόμενα.
1142 3714 1368 3777 Τούτοις
1428 3717 1746 3772 Ἀναστασία
1795 3738 1899 3773 κα-

249 3795 552 3867 ταπλήττει
607 3799 701 3852 τὸν
762 3797 1019 3869 δικαστὴν
1075 3801 1165 3856 καὶ
1217 3802 1277 3855 τὸ
1335 3803 1573 3873 θέατρον.
1636 3803 1736 3859 Καὶ
1802 3804 1898 3864 τὰς

249 3890 589 3961 παραινέσεις
621 3887 822 3952 ἐκεῖνος
864 3890 1038 3969 ἀφεὶς,
1074 3889 1163 3945 ἐπὶ
1215 3892 1310 3953 τὰς
1362 3891 1614 3954 κολάσεις
1673 3894 1895 3969 ἐχώρει,

254 3976 357 4033 Καὶ
410 3982 602 4052 πρῶτα
660 3979 753 4051 μὲν
803 3983 984 4053 πρηνῆ
1041 3986 1240 4050 ταύτην
1291 3979 1352 4035 ἒκ
1404 3982 1674 4057 τεσσάρων
1713 3980 1897 4037 διατα-

255 4066 458 4134 θεῖσαν,
508 4066 598 4121 καὶ
645 4089 757 4123 τισι
796 4065 1179 4142 προσδεθεῖσαν
1228 4070 1428 4130 πάλοις
1486 4072 1622 4125 κατὰ
1668 4078 1771 4144 γῆς
1804 4078 1898 4126 πε-

252 4152 575 4226 πηγμὲνοις,
624 4153 831 4211 κελεύει
893 4156 1332 4231 μετεωρίζεσθαι,
1382 4159 1472 4212 καὶ
1520 4160 1755 4214 κάτωθεν
1807 4160 1899 4232 μὲν

251 4245 357 4313 πῦρ
421 4242 588 4315 ἐλαίῳ
653 4245 743 4299 καὶ
808 4246 1001 4320 πίσσῃ,
1068 4246 1157 4301 καὶ
1224 4245 1374 4319 θείῳ,
1434 4248 1522 4302 καὶ
1597 4247 1899 4321 κληματίσι

251 4327 498 4405 σφοδρῶς
548 4331 939 4406 ἀναπτόμενον,
990 4341 1106 4398 τοῖς
1158 4335 1497 4411 σπλάγχνοις
1544 4336 1710 4407 αὐτῆς
1765 4340 1898 4394 ὑπο-

248 4420 634 4489 στρώννυσθαι’
696 4430 862 4496 τριχῆ
919 4420 977 4478 δὲ
1032 4424 1197 4479 πάλιν
1256 4424 1458 4481 ἄνωθεν
1518 4425 1577 4481 ἐκ
1637 4431 1741 4499 μᾶς
1801 4429 1895 4501 ῥά-

2021 1934 2121 1991 sed
2144 1935 2435 1989 maximus
2457 1936 2651 2006 potius
2673 1941 2913 1991 ornatus
2935 1938 2991 1989 et
3008 1930 3665 2005 elegantissimus.Nam

2020 2027 2199 2079 veteri
2232 2025 2466 2080 homine
2495 2030 2689 2093 exuta,
2722 2041 2935 2080 novum
2980 2024 3223 2078 induam
3259 2023 3316 2077 in
3344 2021 3579 2092 justitia
3608 2024 3667 2076 et

2017 2115 2280 2169 veritate.
2314 2114 2435 2168 Non
2473 2130 2563 2169 me
2593 2130 2749 2185 ergo,
2782 2114 2884 2168 sed
2924 2118 2978 2169 te
3023 2114 3214 2184 potius
3265 2115 3487 2183 oportet
3528 2125 3665 2181 pro-

2019 2208 2147 2273 pter
2194 2203 2316 2257 haec
2366 2204 2727 2268 erubescere,
2762 2202 2942 2272 quod,
2976 2209 3254 2272 tanquam
3302 2204 3541 2266 vestem,
3575 2198 3666 2254 in-

2017 2292 2216 2349 dueris
2266 2293 2648 2364 impietatem,
2682 2298 2739 2348 et
2769 2294 3033 2364 ingressa
3075 2292 3151 2347 sit
3180 2296 3461 2363 tanquam
3513 2306 3666 2361 aqua

2019 2390 2119 2438 tua
2149 2383 2393 2447 viscera,
2426 2387 2484 2436 et
2514 2382 2590 2436 sit
2621 2387 2895 2451 tanquam
2946 2383 3135 2437 oleum
3170 2382 3228 2436 in
3264 2381 3377 2436 luis
3407 2380 3661 2436 ossibus.

2019 2475 2243 2527 Interea
2272 2477 2463 2524 autem
2498 2475 2668 2540 capta
2698 2470 3115 2525 vehementiori
3165 2486 3360 2525 amore
3398 2471 3663 2525 decerta-

2017 2558 2216 2623 tionis,
2271 2563 2325 2613 et
2372 2559 2611 2624 timens,
2662 2574 2733 2612 ne
2785 2575 2996 2627 praeses
3054 2557 3377 2625 emollitus,
3432 2559 3552 2627 jam
3602 2558 3661 2613 in

2020 2646 2205 2700 medio
2264 2646 2585 2700 certamine
2641 2661 2767 2700 eam
2825 2645 3158 2699 excluderet
3202 2662 3233 2698 a
3283 2645 3491 2711 stadio,
3545 2644 3664 2699 haec

2018 2751 2251 2806 quoque
2291 2733 2499 2801 adjecit
2528 2749 2541 2787 :
2576 2732 2988 2788 Crudelissime
3015 2734 3301 2802 judicum,
3336 2731 3579 2787 minaris
3611 2740 3663 2787 ts

2018 2832 2263 2879 mortem
2316 2824 2460 2879 mihi
2508 2840 2630 2879 esse
2679 2822 3039 2878 allaturum:
3094 2823 3161 2878 ad
3212 2823 3323 2877 hoc
3375 2838 3506 2877 sum
3558 2822 3662 2877 tibi

2013 2921 2266 2985 praesto:
2299 2913 2408 2969 hoc
2438 2914 2595 2968 enim
2629 2918 2717 2968 est
2747 2914 2891 2968 mihi
2926 2911 3095 2983 plane
3123 2913 3465 2983 optandum.
3498 2910 3661 2975 Quod

2014 3003 2063 3058 si
2112 3003 2283 3058 etiam
2336 3019 2429 3058 me
2477 3003 2536 3057 in
2583 3002 2850 3057 membra
2898 3002 3269 3067 dissecueris,
3302 3005 3360 3057 et
3399 3001 3661 3072 linguam

2013 3093 2426 3163 amputaveris,
2459 3097 2515 3148 et
2545 3095 2766 3157 dentes,
2791 3108 3001 3147 manus
3031 3096 3087 3146 et
3120 3106 3370 3162 ungues,
3396 3096 3537 3145 tunc
3568 3104 3662 3145 me

2012 3182 2231 3238 afficias
2263 3184 2470 3251 majori
2506 3183 2807 3239 beneficio.
2853 3182 2943 3237 Me
2973 3183 3127 3237 enim
3163 3187 3368 3246 totam,
3401 3182 3661 3250 quanta-

2011 3288 2241 3343 cunque
2272 3289 2423 3339 sum,
2457 3271 2636 3327 debeo
2666 3271 2918 3327 Creatori
2948 3287 2961 3326 :
2994 3275 3051 3326 et
3087 3271 3191 3325 hoc
3242 3268 3386 3324 mihi
3426 3283 3660 3338 semper

2010 3367 2099 3417 est
2134 3362 2191 3415 in
2244 3361 2411 3423 votis,
2451 3366 2511 3413 ut
2540 3359 2666 3430 ipse
2704 3359 3062 3431 gloriﬁcetur
3089 3360 3148 3413 in
3183 3358 3459 3415 omnibus
3511 3356 3656 3412 meis

2010 3450 2307 3517 membris,
2341 3454 2397 3505 et
2429 3452 2631 3505 sistam
2682 3455 2814 3504 ante
2846 3451 2974 3517 ejus
3006 3449 3265 3503 tribunal
3299 3447 3494 3503 omnia
3526 3462 3658 3502 mea

2009 3541 2272 3595 membra
2297 3540 2539 3595 nitentia
2564 3544 2769 3595 ornatu
2799 3538 3201 3594 confessionis.
3226 3538 3327 3591 His
3351 3537 3658 3592 Anastasis.

2006 3629 2398 3698 obstupefecit
2428 3633 2546 3684 toto
2578 3644 2711 3684 cum
2745 3628 2972 3684 theatro
2997 3626 3281 3697 judicem.
3317 3625 3424 3690 Qui
3459 3625 3655 3680 missis

2007 3718 2520 3774 adhortationibus
2553 3717 2831 3787 processit
2864 3717 2935 3771 ad
2967 3713 3272 3786 supplicia.
3296 3714 3364 3768 Et
3396 3712 3653 3784 primum

2006 3807 2241 3877 qui-lem
2274 3824 2400 3862 eam
2434 3824 2673 3879 pronam
2709 3823 2742 3862 a
2772 3810 3024 3876 quatuor
3074 3805 3208 3860 viris
3248 3808 3569 3867 extensam,
3600 3810 3657 3857 et

2006 3896 2361 3968 quibusdam
2394 3895 2544 3967 palis
2587 3894 2752 3951 humi
2788 3896 2919 3949 fixis
2968 3893 3285 3965 alligatam,
3313 3890 3485 3962 jubet
3530 3889 3655 3946 tolli

2006 3986 2346 4053 sublimem,
2381 3991 2438 4041 et
2469 3987 2693 4041 inferne
2741 3985 2977 4056 quidem
3012 3984 3205 4053 ignem
3239 3981 3386 4047 oleo,
3419 3984 3476 4035 et
3506 3979 3652 4051 pice,

2007 4080 2063 4131 et
2116 4077 2360 4143 sulfure,
2412 4080 2467 4130 et
2515 4074 2827 4130 sarmentis
2885 4074 3260 4128 vehementer
3317 4084 3653 4134 accensum,

2007 4166 2137 4236 ejus
2169 4164 2467 4221 substerni
2500 4161 2861 4219 visceribus:
2894 4178 2928 4217 a
2965 4159 3157 4216 tribus
3204 4163 3397 4215 autem
3447 4173 3653 4213 rursus

2008 4255 2258 4326 desuper
2294 4252 2626 4308 hominibus
2657 4250 2837 4307 simul
2868 4267 2984 4307 uno
3015 4250 3233 4319 impetu
3258 4248 3385 4319 ejus
3405 4248 3649 4303 dorsum

2006 4344 2185 4415 virgis
2243 4341 2403 4397 caedi.
2464 4342 2596 4396 Hec
2654 4338 2889 4411 quidem
2954 4338 3038 4395 sic
3095 4355 3158 4394 se
3213 4336 3543 4393 habebant:
3592 4340 3652 4392 et

2010 4431 2367 4489 exsecutioni
2402 4430 2740 4486 mandatum
2773 4428 2904 4500 fuit,
2937 4428 3089 4499 quod
3117 4426 3297 4499 jussit
3326 4441 3559 4497 praises.

246 4502 391 4562 ϐδων
451 4514 759 4587 καταφορᾶς
814 4512 908 4565 τὸν
974 4517 1142 4568 νῶτον
1200 4513 1519 4585 αἰκίζεσθαι.
1582 4516 1716 4590 Εἶχε
1795 4520 1890 4591 μὲν
1944 4519 2088 4575 οὕτω
2154 4524 2341 4591 ταῦτα,
2396 4518 2485 4573 καὶ
2545 4516 2622 4579 εἷς
2690 4514 2848 4594 ἔργον
2918 4509 3151 4585 ἐξὲϐαινε
3205 4518 3288 4587 κῷ
3317 4511 3546 4587 ἡγεμόνι
3588 4512 3649 4567 τὸ

243 4599 489 4673 πρόσταγ
499 4619 592 4671 μα.

318 4688 387 4743 Z'.
428 4689 757 4764 Πασχούσης
788 4687 845 4745 δὲ
876 4691 1045 4760 αὐτῆς
1080 4695 1270 4747 τοῦτον
1305 4692 1393 4748 ἐπὶ
1435 4696 1577 4750 πολὺ
1625 4697 1718 4752 τὸν
1763 4698 1890 4773 τρό-

2072 4701 2192 4757 VII.
2226 4705 2366 4756 Cum
2422 4717 2488 4757 ea
2542 4715 2674 4772 ergo
2724 4701 2823 4757 diu
2856 4699 2937 4756 sic
2971 4700 3289 4771 pateretur,
3320 4697 3379 4750 et
3408 4694 3647 4749 dorsum

245 4798 371 4845 πον,
404 4779 493 4833 καί
523 4782 623 4832 τοῦ
656 4779 752 4851 μὲν
806 4784 984 4835 νώτου
1022 4786 1137 4843 ταῖς
1191 4782 1433 4853 μάστιξιν
1455 4782 1655 4840 ἄνωθεν
1690 4786 1895 4860 διαξαι-

244 4866 502 4940 νομὲνου,
533 4873 643 4924 τῶν
696 4867 752 4924 δὲ
802 4868 1139 4946 σπλάγχνων
1189 4872 1424 4926 κάτωθεν
1458 4874 1892 4947 ὑποκαιομένων,

243 4957 331 5011 καὶ
387 4960 498 5011 τῶν
551 4953 771 5031 φλεϐῶν
819 4959 895 5020 εἷς
950 4961 1147 5037 τέφραν
1195 4958 1630 5034 λεπτυνομὲνων,
1662 4965 1749 5017 καὶ
1776 4986 1890 5034 πη-

242 5044 510 5121 γνυμένου
561 5048 650 5101 γαὶ
690 5046 1118 5121 ἀναλισκομένου
1166 5047 1261 5104 τοῦ
1310 5048 1568 5123 α’ίματος,
1613 5052 1893 5116 κολάσεως

242 5134 415 5205 ὀξείας
457 5132 646 5198 ὀδύνας
686 5136 828 5192 οὕτω
858 5138 947 5192 καὶ
980 5139 1165 5199 ἀκοαῖς
1198 5136 1559 5211 ἐμποιούσης,
1588 5145 1622 5211 ἡ
1688 5144 1891 5219 μάρτυς

240 5221 306 5296 (ὥ
343 5227 529 5299 ψυχῆς
557 5226 802 5299 γενναίας
851 5227 1016 5288 ὅντως
1066 5225 1154 5281 διὰ
1192 5231 1443 5302 Χριστὸν,
1492 5231 1583 5285 καὶ
1650 5232 1892 5305 ἀναγκῶν

242 5312 588 5388 ὑψηλοτέρας
618 5322 719 5384 τῆς
751 5315 960 5393 φύσεως
988 5318 1027 5389 l)
1060 5317 1201 5391 εύχῇ
1239 5318 1372 5392 μόνῃ
1410 5319 1499 5373 καὶ
1559 5325 1673 5393 Θεῷ
1722 5341 1889 5393 προσ-

235 5406 443 5477 ανεῖχεο
483 5405 570 5459 καὶ
621 5409 730 5459 τῶν
780 5404 836 5474 ἐζ
888 5406 1080 5468 αἰῶνος
1147 5407 1309 5461 αὐτὸν
1395 5409 1889 5483 ὑπομιμνήσκουσα

236 5492 559 5566 θαυμασίων
624 5496 857 5568 (ἤσκητο
906 5495 1010 5571 γὰρ
1071 5490 1311 5570 ἀκριϐῶς
1342 5500 1428 5553 καὶ
1463 5500 1561 5569 τήν
1588 5504 1695 5554 τῶν
1729 5500 1889 5564 θείων

244 5585 476 5658 Γραφῶν
538 5581 768 5656 σύνεσιν)
811 5584 898 5639 οἶά
952 5604 1059 5639 τινι
1120 5581 1300 5660 δρόσῳ
1365 5594 1430 5657 τῆ
1493 5594 1776 5663 προσευχῇ
1824 5588 1887 5643 τὸ

239 5673 344 5746 πῦρ
377 5668 549 5726 ἐκεῖνο
582 5677 688 5727 τῶν
723 5670 1045 5748 ἀλγηδόνων
1079 5668 1372 5732 ἐσϐέννυεν.
1415 5677 1529 5750 Ἐφ’
1562 5677 1644 5739 οῖς
1696 5679 1723 5732 ὁ
1783 5679 1887 5752 θήρ

2007 4792 2242 4862 quidem
2276 4787 2796 4862 ﬂagelli's'desuper
2814 4790 3185 4855 laceraretur,
3207 4787 3430 4842 viscera
3451 4788 3648 4839 autem

2007 4880 2232 4935 inferne
2264 4881 2713 4950 conﬂagrarent,
2746 4884 2803 4934 et
2840 4895 2998 4933 venae
3032 4878 3436 4931 minuerentur
3475 4873 3535 4927 in
3567 4870 3651 4926 ci-

2006 4985 2223 5034 nerem,
2257 4974 2313 5023 et
2359 4976 2749 5023 concresceret
2797 4983 2864 5023 ac
2913 4974 3352 5023 consumeretur
3406 4960 3649 5032 sanguis

2006 5057 2316 5128 supplicio,
2348 5058 2433 5112 vel
2465 5057 2612 5128 ipsis
2643 5057 2878 5112 auribus
2908 5072 3135 5127 gravem
3168 5053 3441 5107 aﬂ’erente
3488 5048 3648 5104 dolo-

2006 5163 2150 5205 rem.
2187 5159 2405 5218 martyr
2436 5147 2491 5216 (ο
2524 5163 2653 5201 vere
2697 5161 3039 5216 generosum
3092 5149 3326 5214 propter
3356 5138 3647 5194 Christum

2004 5236 2285 5300 animum,
2311 5245 2367 5291 et
2390 5238 2749 5307 superiorem
2778 5240 2996 5289 natum
3019 5230 3482 5300 necessitatibus)
3504 5229 3645 5285 solis

2002 5326 2272 5396 precibus
2304 5334 2354 5380 et
2388 5326 2500 5380 Deo
2529 5330 2651 5379 erat
2683 5326 2939 5378 intenta:
2973 5327 3027 5376 et
3057 5338 3184 5392 qua:
3216 5323 3355 5374 sunt
3378 5335 3410 5373 a
3432 5318 3642 5374 saeculo

2004 5414 2391 5479 admirabilia,
2411 5414 2467 5467 in
2512 5414 2853 5468 memoriam
2879 5417 2936 5465 et
2955 5427 3018 5464 os
3041 5410 3308 5480 redigens
3330 5408 3475 5476 (erat
3496 5407 3641 5461 enim

2001 5502 2164 5557 valde
2212 5502 2527 5558 exercitata
2573 5502 2750 5556 etiam
2782 5500 2840 5555 in
2871 5496 3262 5569 intelligentia
3308 5494 3639 5550 divinarum

1998 5591 2447 5663 Scripturarum)
2496 5590 2781 5656 oratione,
2811 5587 2990 5645 veluti
3036 5587 3288 5659 quodam
3341 5599 3489 5651 rore,
3539 5598 3638 5638 ex-

1998 5680 2333 5752 stinguehat
2361 5681 2529 5737 illum
2567 5680 2759 5753 ignem
2799 5677 3079 5737 dolorum.
3112 5674 3499 5743 Quamobrem
3541 5671 3639 5727 de-
