  <div class='ocr_page' id='page_1' title='image "/cluster/home/n/w/nwhite01/storage/ocr_20150623/115/hvd.32044073502262/657.png"; bbox 0 0 4048 6202; ppageno 0'>
   <div class='ocr_carea' id='block_1_1' title="bbox 441 330 593 392">
    <p class='ocr_par' dir='ltr' id='par_1_1' title="bbox 441 330 593 392">
     <span class='ocr_line' id='line_1_1' title="bbox 441 330 593 392; baseline 0.013 -3"><span class='ocrx_word' id='word_1_1' title='bbox 441 332 465 389; x_wconf 79' lang='lat' dir='ltr'><strong>l</strong></span> <span class='ocrx_word' id='word_1_2' title='bbox 478 330 593 392; x_wconf 86' lang='lat'><strong>303</strong></span> 
     </span>
    </p>
   </div>
   <div class='ocr_carea' id='block_1_2' title="bbox 1780 325 2491 391">
    <p class='ocr_par' dir='ltr' id='par_1_2' title="bbox 1780 325 2491 391">
     <span class='ocr_line' id='line_1_2' title="bbox 1780 325 2491 391; baseline -0.003 -1"><span class='ocrx_word' id='word_1_3' title='bbox 1780 328 2062 391; x_wconf 80' lang='lat' dir='ltr'><strong>MENSIS</strong></span> <span class='ocrx_word' id='word_1_4' title='bbox 2108 325 2491 389; x_wconf 77' lang='lat' dir='ltr'><strong>OCTOBER.</strong></span> 
     </span>
    </p>
   </div>
   <div class='ocr_carea' id='block_1_3' title="bbox 3488 332 3862 434">
    <p class='ocr_par' dir='ltr' id='par_1_3' title="bbox 3488 332 3862 434">
     <span class='ocr_line' id='line_1_3' title="bbox 3488 332 3862 434; baseline 0.003 -46"><span class='ocrx_word' id='word_1_5' title='bbox 3488 346 3539 434; x_wconf 38' lang='grc' dir='ltr'><strong>ς</strong></span> <span class='ocrx_word' id='word_1_6' title='bbox 3691 332 3862 392; x_wconf 76' lang='grc' dir='ltr'><strong>13οι</strong></span> 
     </span>
    </p>
   </div>
   <div class='ocr_carea' id='block_1_4' title="bbox 436 485 2070 568">
    <p class='ocr_par' dir='ltr' id='par_1_4' title="bbox 436 491 2070 568">
     <span class='ocr_line' id='line_1_4' title="bbox 436 491 2070 568; baseline -0.001 -21"><span class='ocrx_word' id='word_1_7' title='bbox 436 494 589 548; x_wconf 87' lang='lat' dir='ltr'><strong>fessa</strong></span> <span class='ocrx_word' id='word_1_8' title='bbox 620 492 720 549; x_wconf 91' lang='lat' dir='ltr'><strong>illa</strong></span> <span class='ocrx_word' id='word_1_9' title='bbox 748 493 943 550; x_wconf 91' lang='lat' dir='ltr'><strong>bellua</strong></span> <span class='ocrx_word' id='word_1_10' title='bbox 973 494 1032 549; x_wconf 91' lang='lat' dir='ltr'><strong>in</strong></span> <span class='ocrx_word' id='word_1_11' title='bbox 1064 493 1171 550; x_wconf 87' lang='lat' dir='ltr'><strong>hoc</strong></span> <span class='ocrx_word' id='word_1_12' title='bbox 1201 510 1412 568; x_wconf 88' lang='lat' dir='ltr'><strong>genere</strong></span> <span class='ocrx_word' id='word_1_13' title='bbox 1441 492 1731 565; x_wconf 83' lang='lat' dir='ltr'><strong>supplicii,</strong></span> <span class='ocrx_word' id='word_1_14' title='bbox 1763 509 1888 548; x_wconf 88' lang='lat' dir='ltr'><strong>eam</strong></span> <span class='ocrx_word' id='word_1_15' title='bbox 1915 491 2070 561; x_wconf 86' lang='lat' dir='ltr'><strong>jubet</strong></span> 
     </span>
    </p>
   </div>
   <div class='ocr_carea' id='block_1_5' title="bbox 2181 485 3858 568">
    <p class='ocr_par' dir='ltr' id='par_1_5' title="bbox 2190 485 3858 567">
     <span class='ocr_line' id='line_1_5' title="bbox 2190 485 3858 567; baseline 0.002 -26"><span class='ocrx_word' id='word_1_16' title='bbox 2190 486 2415 558; x_wconf 85' lang='grc' dir='ltr'>ἐκεῖνος,</span> <span class='ocrx_word' id='word_1_17' title='bbox 2480 486 2876 565; x_wconf 75' lang='grc' dir='ltr'><strong>ἀπαγορεύσας,</strong></span> <span class='ocrx_word' id='word_1_18' title='bbox 2926 488 3080 552; x_wconf 82' lang='grc' dir='ltr'>αὗθις</span> <span class='ocrx_word' id='word_1_19' title='bbox 3127 486 3293 557; x_wconf 76' lang='grc' dir='ltr'>αύτὴν</span> <span class='ocrx_word' id='word_1_20' title='bbox 3342 485 3433 544; x_wconf 67' lang='grc' dir='ltr'><strong>ἐπὶ</strong></span> <span class='ocrx_word' id='word_1_21' title='bbox 3480 494 3706 567; x_wconf 75' lang='grc' dir='ltr'>τροχοῦ</span> <span class='ocrx_word' id='word_1_22' title='bbox 3757 512 3858 547; x_wconf 80' lang='grc' dir='ltr'>ταο</span> 
     </span>
    </p>
   </div>
   <div class='ocr_carea' id='block_1_6' title="bbox 442 581 2075 654">
    <p class='ocr_par' dir='ltr' id='par_1_6' title="bbox 442 581 2075 654">
     <span class='ocr_line' id='line_1_6' title="bbox 442 581 2075 654; baseline 0.001 -19"><span class='ocrx_word' id='word_1_23' title='bbox 442 581 672 637; x_wconf 84' lang='lat' dir='ltr'><strong>extendi</strong></span> <span class='ocrx_word' id='word_1_24' title='bbox 704 599 877 653; x_wconf 81' lang='lat' dir='ltr'><strong>super</strong></span> <span class='ocrx_word' id='word_1_25' title='bbox 905 586 1112 639; x_wconf 89' lang='lat' dir='ltr'><strong>rotam.</strong></span> <span class='ocrx_word' id='word_1_26' title='bbox 1146 583 1209 639; x_wconf 91' lang='lat' dir='ltr'><strong>Et</strong></span> <span class='ocrx_word' id='word_1_27' title='bbox 1239 584 1347 639; x_wconf 91' lang='lat' dir='ltr'><strong>fuit</strong></span> <span class='ocrx_word' id='word_1_28' title='bbox 1376 584 1610 654; x_wconf 85' lang='lat' dir='ltr'><strong>quidem</strong></span> <span class='ocrx_word' id='word_1_29' title='bbox 1637 583 1844 653; x_wconf 81' lang='lat' dir='ltr'><strong>jussus</strong></span> <span class='ocrx_word' id='word_1_30' title='bbox 1880 581 2075 637; x_wconf 81' lang='lat' dir='ltr'><strong>statim</strong></span> 
     </span>
    </p>
   </div>
   <div class='ocr_carea' id='block_1_7' title="bbox 431 670 2074 741">
    <p class='ocr_par' dir='ltr' id='par_1_7' title="bbox 431 670 2074 741">
     <span class='ocr_line' id='line_1_7' title="bbox 431 670 2074 741; baseline -0.001 -17"><span class='ocrx_word' id='word_1_31' title='bbox 431 680 739 727; x_wconf 81' lang='lat' dir='ltr'><strong>mandatus</strong></span> <span class='ocrx_word' id='word_1_32' title='bbox 795 672 1171 739; x_wconf 82' lang='lat' dir='ltr'><strong>exsecutioni,</strong></span> <span class='ocrx_word' id='word_1_33' title='bbox 1215 679 1268 727; x_wconf 92' lang='lat' dir='ltr'><strong>et</strong></span> <span class='ocrx_word' id='word_1_34' title='bbox 1304 678 1431 728; x_wconf 88' lang='lat' dir='ltr'><strong>rota</strong></span> <span class='ocrx_word' id='word_1_35' title='bbox 1491 673 1713 741; x_wconf 89' lang='lat' dir='ltr'><strong>accepit</strong></span> <span class='ocrx_word' id='word_1_36' title='bbox 1766 670 2074 741; x_wconf 80' lang='lat' dir='ltr'><strong>virginem,</strong></span> 
     </span>
    </p>
   </div>
   <div class='ocr_carea' id='block_1_8' title="bbox 428 758 2078 831">
    <p class='ocr_par' dir='ltr' id='par_1_8' title="bbox 428 758 2078 831">
     <span class='ocr_line' id='line_1_8' title="bbox 428 758 2078 831; baseline 0.001 -18"><span class='ocrx_word' id='word_1_37' title='bbox 428 758 681 831; x_wconf 84' lang='lat' dir='ltr'><strong>insignis</strong></span> <span class='ocrx_word' id='word_1_38' title='bbox 730 764 1044 829; x_wconf 71' lang='lat' dir='ltr'><strong>cruciatus,</strong></span> <span class='ocrx_word' id='word_1_39' title='bbox 1076 768 1134 817; x_wconf 89' lang='lat' dir='ltr'><strong>et</strong></span> <span class='ocrx_word' id='word_1_40' title='bbox 1165 763 1452 817; x_wconf 89' lang='lat' dir='ltr'><strong>malorum</strong></span> <span class='ocrx_word' id='word_1_41' title='bbox 1485 761 1788 824; x_wconf 80' lang='lat' dir='ltr'><strong>successio,</strong></span> <span class='ocrx_word' id='word_1_42' title='bbox 1821 777 1948 831; x_wconf 75' lang='lat' dir='ltr'><strong>quin</strong></span> <span class='ocrx_word' id='word_1_43' title='bbox 1982 775 2078 815; x_wconf 88' lang='lat' dir='ltr'><strong>se-</strong></span> 
     </span>
    </p>
   </div>
   <div class='ocr_carea' id='block_1_9' title="bbox 429 850 2074 921">
    <p class='ocr_par' dir='ltr' id='par_1_9' title="bbox 429 850 2074 921">
     <span class='ocr_line' id='line_1_9' title="bbox 429 850 2074 921; baseline -0.001 -17"><span class='ocrx_word' id='word_1_44' title='bbox 429 852 637 907; x_wconf 91' lang='lat' dir='ltr'><strong>cundis</strong></span> <span class='ocrx_word' id='word_1_45' title='bbox 667 852 1052 907; x_wconf 77' lang='lat' dir='ltr'><strong>contendebat</strong></span> <span class='ocrx_word' id='word_1_46' title='bbox 1080 853 1391 908; x_wconf 81' lang='lat' dir='ltr'><strong>obscurare</strong></span> <span class='ocrx_word' id='word_1_47' title='bbox 1424 852 1637 921; x_wconf 90' lang='lat' dir='ltr'><strong>priora.</strong></span> <span class='ocrx_word' id='word_1_48' title='bbox 1674 850 1891 906; x_wconf 89' lang='lat' dir='ltr'><strong>Deinde</strong></span> <span class='ocrx_word' id='word_1_49' title='bbox 1941 864 2074 905; x_wconf 91' lang='lat' dir='ltr'><strong>cum</strong></span> 
     </span>
    </p>
   </div>
   <div class='ocr_carea' id='block_1_10' title="bbox 427 938 2074 1010">
    <p class='ocr_par' dir='ltr' id='par_1_10' title="bbox 427 938 2074 1010">
     <span class='ocr_line' id='line_1_10' title="bbox 427 938 2074 1010; baseline -0.001 -17"><span class='ocrx_word' id='word_1_50' title='bbox 427 938 528 993; x_wconf 92' lang='lat' dir='ltr'><strong>illa</strong></span> <span class='ocrx_word' id='word_1_51' title='bbox 558 955 661 1010; x_wconf 88' lang='lat' dir='ltr'><strong>per</strong></span> <span class='ocrx_word' id='word_1_52' title='bbox 688 940 1003 1010; x_wconf 81' lang='lat' dir='ltr'><strong>quamdam</strong></span> <span class='ocrx_word' id='word_1_53' title='bbox 1036 944 1354 997; x_wconf 83' lang='lat' dir='ltr'><strong>verteretur</strong></span> <span class='ocrx_word' id='word_1_54' title='bbox 1392 939 1743 1007; x_wconf 80' lang='lat' dir='ltr'><strong>machinam,</strong></span> <span class='ocrx_word' id='word_1_55' title='bbox 1776 955 1913 994; x_wconf 90' lang='lat' dir='ltr'><strong>ossa</strong></span> <span class='ocrx_word' id='word_1_56' title='bbox 1942 939 2074 1008; x_wconf 81' lang='lat' dir='ltr'><strong>qui-</strong></span> 
     </span>
    </p>
   </div>
   <div class='ocr_carea' id='block_1_11' title="bbox 424 1026 2071 1100">
    <p class='ocr_par' dir='ltr' id='par_1_11' title="bbox 424 1026 2071 1100">
     <span class='ocr_line' id='line_1_11' title="bbox 424 1026 2071 1100; baseline 0 -18"><span class='ocrx_word' id='word_1_57' title='bbox 424 1029 554 1083; x_wconf 89' lang='lat' dir='ltr'><strong>dem</strong></span> <span class='ocrx_word' id='word_1_58' title='bbox 605 1029 1140 1100; x_wconf 78' lang='lat' dir='ltr'><strong>confringebantur,</strong></span> <span class='ocrx_word' id='word_1_59' title='bbox 1177 1030 1337 1084; x_wconf 89' lang='lat' dir='ltr'><strong>nervi</strong></span> <span class='ocrx_word' id='word_1_60' title='bbox 1364 1034 1559 1084; x_wconf 92' lang='lat' dir='ltr'><strong>autem</strong></span> <span class='ocrx_word' id='word_1_61' title='bbox 1589 1034 1645 1086; x_wconf 91' lang='lat' dir='ltr'><strong>et</strong></span> <span class='ocrx_word' id='word_1_62' title='bbox 1680 1026 1932 1084; x_wconf 90' lang='lat' dir='ltr'><strong>musculi</strong></span> <span class='ocrx_word' id='word_1_63' title='bbox 1973 1044 2071 1083; x_wconf 85' lang='lat' dir='ltr'><strong>ex-</strong></span> 
     </span>
    </p>
   </div>
   <div class='ocr_carea' id='block_1_12' title="bbox 422 1116 2072 1190">
    <p class='ocr_par' dir='ltr' id='par_1_12' title="bbox 422 1116 2072 1190">
     <span class='ocr_line' id='line_1_12' title="bbox 422 1116 2072 1190; baseline 0.002 -20"><span class='ocrx_word' id='word_1_64' title='bbox 422 1117 833 1185; x_wconf 89' lang='lat' dir='ltr'><strong>tendebantur,</strong></span> <span class='ocrx_word' id='word_1_65' title='bbox 867 1126 921 1173; x_wconf 92' lang='lat' dir='ltr'><strong>et</strong></span> <span class='ocrx_word' id='word_1_66' title='bbox 968 1124 1088 1174; x_wconf 92' lang='lat' dir='ltr'><strong>tota</strong></span> <span class='ocrx_word' id='word_1_67' title='bbox 1126 1119 1295 1190; x_wconf 92' lang='lat' dir='ltr'><strong>(proh</strong></span> <span class='ocrx_word' id='word_1_68' title='bbox 1329 1118 1493 1174; x_wconf 88' lang='lat' dir='ltr'><strong>dolor</strong></span> <span class='ocrx_word' id='word_1_69' title='bbox 1518 1118 1557 1190; x_wconf 90' lang='lat' dir='ltr'><strong>l)</strong></span> <span class='ocrx_word' id='word_1_70' title='bbox 1588 1119 1774 1175; x_wconf 91' lang='lat' dir='ltr'><strong>forma</strong></span> <span class='ocrx_word' id='word_1_71' title='bbox 1816 1116 2072 1188; x_wconf 88' lang='lat' dir='ltr'><strong>corporis</strong></span> 
     </span>
    </p>
   </div>
   <div class='ocr_carea' id='block_1_13' title="bbox 422 1206 2069 1279">
    <p class='ocr_par' dir='ltr' id='par_1_13' title="bbox 422 1206 2069 1279">
     <span class='ocr_line' id='line_1_13' title="bbox 422 1206 2069 1279; baseline 0.002 -20"><span class='ocrx_word' id='word_1_72' title='bbox 422 1206 734 1261; x_wconf 82' lang='lat' dir='ltr'><strong>excedebat</strong></span> <span class='ocrx_word' id='word_1_73' title='bbox 763 1224 795 1261; x_wconf 92' lang='lat' dir='ltr'><strong>a</strong></span> <span class='ocrx_word' id='word_1_74' title='bbox 826 1222 1106 1279; x_wconf 83' lang='lat' dir='ltr'><strong>compage</strong></span> <span class='ocrx_word' id='word_1_75' title='bbox 1132 1207 1398 1263; x_wconf 83' lang='lat' dir='ltr'><strong>naturali.</strong></span> <span class='ocrx_word' id='word_1_76' title='bbox 1424 1208 1527 1263; x_wconf 86' lang='lat' dir='ltr'><strong>Illa</strong></span> <span class='ocrx_word' id='word_1_77' title='bbox 1550 1213 1741 1265; x_wconf 91' lang='lat' dir='ltr'><strong>autem</strong></span> <span class='ocrx_word' id='word_1_78' title='bbox 1770 1224 1904 1263; x_wconf 90' lang='lat' dir='ltr'><strong>eum</strong></span> <span class='ocrx_word' id='word_1_79' title='bbox 1938 1224 2069 1263; x_wconf 81' lang='lat' dir='ltr'><strong>rur-</strong></span> 
     </span>
    </p>
   </div>
   <div class='ocr_carea' id='block_1_14' title="bbox 421 1294 2071 1366">
    <p class='ocr_par' dir='ltr' id='par_1_14' title="bbox 421 1294 2071 1366">
     <span class='ocr_line' id='line_1_14' title="bbox 421 1294 2071 1366; baseline 0.002 -18"><span class='ocrx_word' id='word_1_80' title='bbox 421 1311 527 1349; x_wconf 91' lang='lat' dir='ltr'><strong>sus</strong></span> <span class='ocrx_word' id='word_1_81' title='bbox 558 1294 886 1359; x_wconf 85' lang='lat' dir='ltr'><strong>invocabat,</strong></span> <span class='ocrx_word' id='word_1_82' title='bbox 915 1298 1014 1365; x_wconf 89' lang='lat' dir='ltr'><strong>qui</strong></span> <span class='ocrx_word' id='word_1_83' title='bbox 1057 1299 1184 1366; x_wconf 87' lang='lat' dir='ltr'><strong>ejus</strong></span> <span class='ocrx_word' id='word_1_84' title='bbox 1233 1298 1583 1353; x_wconf 85' lang='lat' dir='ltr'><strong>exaudiebat</strong></span> <span class='ocrx_word' id='word_1_85' title='bbox 1625 1298 1969 1364; x_wconf 89' lang='lat' dir='ltr'><strong>orationem,</strong></span> <span class='ocrx_word' id='word_1_86' title='bbox 2014 1302 2071 1352; x_wconf 90' lang='lat' dir='ltr'><strong>et</strong></span> 
     </span>
    </p>
   </div>
   <div class='ocr_carea' id='block_1_15' title="bbox 423 1384 2070 1459">
    <p class='ocr_par' dir='ltr' id='par_1_15' title="bbox 423 1384 2070 1459">
     <span class='ocr_line' id='line_1_15' title="bbox 423 1384 2070 1459; baseline 0.003 -23"><span class='ocrx_word' id='word_1_87' title='bbox 423 1388 644 1454; x_wconf 81' lang='lat' dir='ltr'><strong>poterat</strong></span> <span class='ocrx_word' id='word_1_88' title='bbox 687 1400 813 1439; x_wconf 90' lang='lat' dir='ltr'><strong>eam</strong></span> <span class='ocrx_word' id='word_1_89' title='bbox 867 1384 1176 1442; x_wconf 84' lang='lat' dir='ltr'><strong>defendere</strong></span> <span class='ocrx_word' id='word_1_90' title='bbox 1217 1387 1273 1441; x_wconf 90' lang='lat' dir='ltr'><strong>in</strong></span> <span class='ocrx_word' id='word_1_91' title='bbox 1308 1393 1568 1459; x_wconf 91' lang='lat' dir='ltr'><strong>tempore</strong></span> <span class='ocrx_word' id='word_1_92' title='bbox 1618 1388 1971 1455; x_wconf 83' lang='lat' dir='ltr'><strong>afﬂictionis,</strong></span> <span class='ocrx_word' id='word_1_93' title='bbox 2016 1396 2070 1442; x_wconf 92' lang='lat' dir='ltr'><strong>et</strong></span> 
     </span>
    </p>
   </div>
   <div class='ocr_carea' id='block_1_16' title="bbox 420 1475 2066 1545">
    <p class='ocr_par' dir='ltr' id='par_1_16' title="bbox 420 1475 2066 1545">
     <span class='ocr_line' id='line_1_16' title="bbox 420 1475 2066 1545; baseline 0.001 -16"><span class='ocrx_word' id='word_1_94' title='bbox 420 1475 639 1544; x_wconf 90' lang='lat' dir='ltr'><strong>eripere</strong></span> <span class='ocrx_word' id='word_1_95' title='bbox 672 1491 704 1528; x_wconf 91' lang='lat' dir='ltr'><strong>a</strong></span> <span class='ocrx_word' id='word_1_96' title='bbox 736 1492 908 1529; x_wconf 89' lang='lat' dir='ltr'><strong>manu</strong></span> <span class='ocrx_word' id='word_1_97' title='bbox 941 1476 1337 1545; x_wconf 86' lang='lat' dir='ltr'><strong>inimicorum,</strong></span> <span class='ocrx_word' id='word_1_98' title='bbox 1362 1478 1604 1533; x_wconf 89' lang='lat' dir='ltr'><strong>dicens:</strong></span> <span class='ocrx_word' id='word_1_99' title='bbox 1637 1482 1784 1532; x_wconf 90' lang='lat' dir='ltr'><strong>Deus</strong></span> <span class='ocrx_word' id='word_1_100' title='bbox 1803 1478 2066 1543; x_wconf 90' lang='lat' dir='ltr'><strong>deorum,</strong></span> 
     </span>
    </p>
   </div>
   <div class='ocr_carea' id='block_1_17' title="bbox 417 1563 2068 1638">
    <p class='ocr_par' dir='ltr' id='par_1_17' title="bbox 417 1563 2068 1638">
     <span class='ocr_line' id='line_1_17' title="bbox 417 1563 2068 1638; baseline 0.001 -20"><span class='ocrx_word' id='word_1_101' title='bbox 417 1567 575 1618; x_wconf 91' lang='lat' dir='ltr'><strong>Deus</strong></span> <span class='ocrx_word' id='word_1_102' title='bbox 608 1563 903 1633; x_wconf 80' lang='lat' dir='ltr'><strong>virtutum,</strong></span> <span class='ocrx_word' id='word_1_103' title='bbox 930 1566 1080 1620; x_wconf 90' lang='lat' dir='ltr'><strong>Deus</strong></span> <span class='ocrx_word' id='word_1_104' title='bbox 1111 1565 1318 1621; x_wconf 88' lang='lat' dir='ltr'><strong>salutis</strong></span> <span class='ocrx_word' id='word_1_105' title='bbox 1353 1582 1512 1636; x_wconf 71' lang='lat' dir='ltr'><strong>meas,</strong></span> <span class='ocrx_word' id='word_1_106' title='bbox 1534 1584 1567 1622; x_wconf 91' lang='lat' dir='ltr'><strong>a</strong></span> <span class='ocrx_word' id='word_1_107' title='bbox 1588 1583 1698 1636; x_wconf 91' lang='lat' dir='ltr'><strong>quo</strong></span> <span class='ocrx_word' id='word_1_108' title='bbox 1729 1573 1819 1621; x_wconf 90' lang='lat' dir='ltr'><strong>est</strong></span> <span class='ocrx_word' id='word_1_109' title='bbox 1851 1568 2068 1638; x_wconf 89' lang='lat' dir='ltr'><strong>patien-</strong></span> 
     </span>
    </p>
   </div>
   <div class='ocr_carea' id='block_1_18' title="bbox 418 1650 2067 1724">
    <p class='ocr_par' dir='ltr' id='par_1_18' title="bbox 418 1650 2067 1724">
     <span class='ocr_line' id='line_1_18' title="bbox 418 1650 2067 1724; baseline 0.003 -19"><span class='ocrx_word' id='word_1_110' title='bbox 418 1650 501 1705; x_wconf 87' lang='lat' dir='ltr'><strong>tia</strong></span> <span class='ocrx_word' id='word_1_111' title='bbox 532 1667 681 1717; x_wconf 88' lang='lat' dir='ltr'><strong>mea,</strong></span> <span class='ocrx_word' id='word_1_112' title='bbox 716 1651 773 1706; x_wconf 93' lang='lat' dir='ltr'><strong>in</strong></span> <span class='ocrx_word' id='word_1_113' title='bbox 811 1669 923 1724; x_wconf 91' lang='lat' dir='ltr'><strong>quo</strong></span> <span class='ocrx_word' id='word_1_114' title='bbox 955 1655 1195 1709; x_wconf 86' lang='lat' dir='ltr'><strong>confidit</strong></span> <span class='ocrx_word' id='word_1_115' title='bbox 1223 1655 1421 1710; x_wconf 89' lang='lat' dir='ltr'><strong>anima</strong></span> <span class='ocrx_word' id='word_1_116' title='bbox 1453 1672 1598 1721; x_wconf 88' lang='lat' dir='ltr'><strong>mea,</strong></span> <span class='ocrx_word' id='word_1_117' title='bbox 1632 1654 1805 1709; x_wconf 87' lang='lat' dir='ltr'><strong>turris</strong></span> <span class='ocrx_word' id='word_1_118' title='bbox 1836 1656 2067 1710; x_wconf 89' lang='lat' dir='ltr'><strong>fortitu-</strong></span> 
     </span>
    </p>
   </div>
   <div class='ocr_carea' id='block_1_19' title="bbox 420 1739 2067 1815">
    <p class='ocr_par' dir='ltr' id='par_1_19' title="bbox 420 1739 2067 1815">
     <span class='ocr_line' id='line_1_19' title="bbox 420 1739 2067 1815; baseline 0.004 -22"><span class='ocrx_word' id='word_1_119' title='bbox 420 1739 573 1794; x_wconf 79' lang='lat' dir='ltr'><strong>dinis</strong></span> <span class='ocrx_word' id='word_1_120' title='bbox 604 1756 766 1808; x_wconf 79' lang='lat' dir='ltr'><strong>meas,</strong></span> <span class='ocrx_word' id='word_1_121' title='bbox 801 1747 857 1796; x_wconf 90' lang='lat' dir='ltr'><strong>et</strong></span> <span class='ocrx_word' id='word_1_122' title='bbox 887 1742 1178 1812; x_wconf 84' lang='lat' dir='ltr'><strong>refugium</strong></span> <span class='ocrx_word' id='word_1_123' title='bbox 1229 1760 1445 1812; x_wconf 90' lang='lat' dir='ltr'><strong>meum,</strong></span> <span class='ocrx_word' id='word_1_124' title='bbox 1478 1744 1603 1815; x_wconf 89' lang='lat' dir='ltr'><strong>ipse</strong></span> <span class='ocrx_word' id='word_1_125' title='bbox 1634 1746 1709 1799; x_wconf 85' lang='lat' dir='ltr'><strong>da</strong></span> <span class='ocrx_word' id='word_1_126' title='bbox 1742 1761 1897 1799; x_wconf 89' lang='lat' dir='ltr'><strong>nunc</strong></span> <span class='ocrx_word' id='word_1_127' title='bbox 1928 1760 2067 1813; x_wconf 90' lang='lat' dir='ltr'><strong>quo-</strong></span> 
     </span>
    </p>
   </div>
   <div class='ocr_carea' id='block_1_20' title="bbox 2186 575 3863 653">
    <p class='ocr_par' dir='ltr' id='par_1_20' title="bbox 2186 575 3863 653">
     <span class='ocr_line' id='line_1_20' title="bbox 2186 575 3863 653; baseline 0.003 -24"><span class='ocrx_word' id='word_1_128' title='bbox 2186 583 2345 645; x_wconf 83' lang='grc' dir='ltr'>θῆναι</span> <span class='ocrx_word' id='word_1_129' title='bbox 2404 575 2789 633; x_wconf 84' lang='grc' dir='ltr'>διακελεύεται.</span> <span class='ocrx_word' id='word_1_130' title='bbox 2852 575 2955 633; x_wconf 83' lang='grc' dir='ltr'><strong>Καὶ</strong></span> <span class='ocrx_word' id='word_1_131' title='bbox 3006 578 3040 647; x_wconf 79' lang='grc' dir='ltr'>ἡ</span> <span class='ocrx_word' id='word_1_132' title='bbox 3114 578 3210 651; x_wconf 77' lang='grc' dir='ltr'>μὶν</span> <span class='ocrx_word' id='word_1_133' title='bbox 3304 578 3593 653; x_wconf 76' lang='grc' dir='ltr'><strong>πρόσταξις</strong></span> <span class='ocrx_word' id='word_1_134' title='bbox 3694 580 3863 643; x_wconf 73' lang='grc' dir='ltr'>εὐθὺς</span> 
     </span>
    </p>
   </div>
   <div class='ocr_carea' id='block_1_21' title="bbox 2185 662 3861 744">
    <p class='ocr_par' dir='ltr' id='par_1_21' title="bbox 2185 662 3861 744">
     <span class='ocr_line' id='line_1_21' title="bbox 2185 662 3861 744; baseline 0.002 -25"><span class='ocrx_word' id='word_1_135' title='bbox 2185 662 2341 739; x_wconf 82' lang='grc' dir='ltr'><strong>ἔργον</strong></span> <span class='ocrx_word' id='word_1_136' title='bbox 2371 665 2458 740; x_wconf 71' lang='grc' dir='ltr'><strong>ᾖν·</strong></span> <span class='ocrx_word' id='word_1_137' title='bbox 2493 666 2582 720; x_wconf 82' lang='grc' dir='ltr'>καὶ</span> <span class='ocrx_word' id='word_1_138' title='bbox 2619 668 2647 721; x_wconf 98' lang='lat'><strong>6</strong></span> <span class='ocrx_word' id='word_1_139' title='bbox 2686 668 2889 741; x_wconf 88' lang='grc' dir='ltr'>τροχὸς</span> <span class='ocrx_word' id='word_1_140' title='bbox 2932 669 3031 737; x_wconf 75' lang='grc' dir='ltr'><strong>τὴν</strong></span> <span class='ocrx_word' id='word_1_141' title='bbox 3086 668 3328 743; x_wconf 83' lang='grc' dir='ltr'>γενναίαν</span> <span class='ocrx_word' id='word_1_142' title='bbox 3381 667 3623 743; x_wconf 84' lang='grc' dir='ltr'>ἐδέχετο,</span> <span class='ocrx_word' id='word_1_143' title='bbox 3697 670 3861 744; x_wconf 77' lang='grc' dir='ltr'>ἑτέρα</span> 
     </span>
    </p>
   </div>
   <div class='ocr_carea' id='block_1_22' title="bbox 2179 749 3854 833">
    <p class='ocr_par' dir='ltr' id='par_1_22' title="bbox 2179 749 3854 833">
     <span class='ocr_line' id='line_1_22' title="bbox 2179 749 3854 833; baseline 0.002 -26"><span class='ocrx_word' id='word_1_144' title='bbox 2179 753 2451 827; x_wconf 72' lang='grc' dir='ltr'><strong>τιμωρίας</strong></span> <span class='ocrx_word' id='word_1_145' title='bbox 2503 749 2784 827; x_wconf 66' lang='grc' dir='ltr'>ὑπερϐολή</span> <span class='ocrx_word' id='word_1_146' title='bbox 2835 759 2925 809; x_wconf 79' lang='grc' dir='ltr'><strong>καὶ</strong></span> <span class='ocrx_word' id='word_1_147' title='bbox 2988 752 3227 833; x_wconf 82' lang='grc' dir='ltr'>διαδοχή</span> <span class='ocrx_word' id='word_1_148' title='bbox 3296 760 3474 811; x_wconf 80' lang='grc' dir='ltr'>κακῶν</span> <span class='ocrx_word' id='word_1_149' title='bbox 3521 757 3854 831; x_wconf 71' lang='grc' dir='ltr'>ἀποκρύψαι</span> 
     </span>
    </p>
   </div>
   <div class='ocr_carea' id='block_1_23' title="bbox 2178 842 3855 919">
    <p class='ocr_par' dir='ltr' id='par_1_23' title="bbox 2178 842 3855 919">
     <span class='ocr_line' id='line_1_23' title="bbox 2178 842 3855 919; baseline 0.002 -22"><span class='ocrx_word' id='word_1_150' title='bbox 2178 844 2243 897; x_wconf 78' lang='grc' dir='ltr'>τὰ</span> <span class='ocrx_word' id='word_1_151' title='bbox 2302 842 2537 918; x_wconf 83' lang='grc' dir='ltr'>πρότερα</span> <span class='ocrx_word' id='word_1_152' title='bbox 2583 850 2700 908; x_wconf 87' lang='grc' dir='ltr'>τοῖς</span> <span class='ocrx_word' id='word_1_153' title='bbox 2756 844 3025 919; x_wconf 75' lang='grc' dir='ltr'><strong>δευτέροις</strong></span> <span class='ocrx_word' id='word_1_154' title='bbox 3084 847 3490 918; x_wconf 70' lang='grc' dir='ltr'>φιλονεικοῦσα.</span> <span class='ocrx_word' id='word_1_155' title='bbox 3540 849 3690 905; x_wconf 77' lang='grc' dir='ltr'>Εἶτα</span> <span class='ocrx_word' id='word_1_156' title='bbox 3766 845 3855 901; x_wconf 83' lang='grc' dir='ltr'><strong>διά</strong></span> 
     </span>
    </p>
   </div>
   <div class='ocr_carea' id='block_1_24' title="bbox 2177 931 3846 1013">
    <p class='ocr_par' dir='ltr' id='par_1_24' title="bbox 2177 931 3846 1013">
     <span class='ocr_line' id='line_1_24' title="bbox 2177 931 3846 1013; baseline 0.004 -28"><span class='ocrx_word' id='word_1_157' title='bbox 2177 952 2321 994; x_wconf 91' lang='grc' dir='ltr'>τινος</span> <span class='ocrx_word' id='word_1_158' title='bbox 2372 931 2580 988; x_wconf 71' lang='grc' dir='ltr'>ἐκείνου</span> <span class='ocrx_word' id='word_1_159' title='bbox 2652 940 2910 1009; x_wconf 79' lang='grc' dir='ltr'><strong>μηχανῆς</strong></span> <span class='ocrx_word' id='word_1_160' title='bbox 2972 936 3335 1013; x_wconf 73' lang='grc' dir='ltr'>στρεφομένου</span> <span class='ocrx_word' id='word_1_161' title='bbox 3396 937 3523 992; x_wconf 78' lang='grc' dir='ltr'>ὀστᾶ</span> <span class='ocrx_word' id='word_1_162' title='bbox 3588 939 3693 1009; x_wconf 71' lang='grc' dir='ltr'><strong>μὲν</strong></span> <span class='ocrx_word' id='word_1_163' title='bbox 3778 941 3846 1010; x_wconf 78' lang='grc' dir='ltr'>τῇ</span> 
     </span>
    </p>
   </div>
   <div class='ocr_carea' id='block_1_25' title="bbox 2182 1020 3852 1098">
    <p class='ocr_par' dir='ltr' id='par_1_25' title="bbox 2182 1020 3852 1098">
     <span class='ocr_line' id='line_1_25' title="bbox 2182 1020 3852 1098; baseline 0.002 -24"><span class='ocrx_word' id='word_1_164' title='bbox 2182 1022 2413 1096; x_wconf 80' lang='grc' dir='ltr'>μάρτυρι</span> <span class='ocrx_word' id='word_1_165' title='bbox 2481 1022 2844 1091; x_wconf 84' lang='grc' dir='ltr'>συνεθλῶντο,</span> <span class='ocrx_word' id='word_1_166' title='bbox 2876 1026 3033 1097; x_wconf 77' lang='grc' dir='ltr'>νεῦρα</span> <span class='ocrx_word' id='word_1_167' title='bbox 3090 1020 3147 1078; x_wconf 77' lang='grc' dir='ltr'>δὲ</span> <span class='ocrx_word' id='word_1_168' title='bbox 3212 1025 3303 1079; x_wconf 81' lang='grc' dir='ltr'><strong>καὶ</strong></span> <span class='ocrx_word' id='word_1_169' title='bbox 3366 1030 3497 1098; x_wconf 79' lang='grc' dir='ltr'><strong>μῦες</strong></span> <span class='ocrx_word' id='word_1_170' title='bbox 3546 1025 3852 1097; x_wconf 78' lang='grc' dir='ltr'>ἐτείνοντο,</span> 
     </span>
    </p>
   </div>
   <div class='ocr_carea' id='block_1_26' title="bbox 2178 1110 3852 1192">
    <p class='ocr_par' dir='ltr' id='par_1_26' title="bbox 2178 1110 3852 1192">
     <span class='ocr_line' id='line_1_26' title="bbox 2178 1110 3852 1192; baseline 0.004 -28"><span class='ocrx_word' id='word_1_171' title='bbox 2178 1110 2268 1164; x_wconf 76' lang='grc' dir='ltr'><strong>καὶ</strong></span> <span class='ocrx_word' id='word_1_172' title='bbox 2299 1116 2463 1176; x_wconf 79' lang='grc' dir='ltr'>πᾶσα,</span> <span class='ocrx_word' id='word_1_173' title='bbox 2496 1115 2593 1188; x_wconf 79' lang='grc' dir='ltr'><strong>φεῦ</strong></span> <span class='ocrx_word' id='word_1_174' title='bbox 2628 1114 2640 1168; x_wconf 83' lang='grc' dir='ltr'><strong>Ι</strong></span> <span class='ocrx_word' id='word_1_175' title='bbox 2674 1114 2709 1181; x_wconf 82' lang='grc' dir='ltr'>ἡ</span> <span class='ocrx_word' id='word_1_176' title='bbox 2756 1116 2856 1166; x_wconf 73' lang='grc' dir='ltr'>τοῦ</span> <span class='ocrx_word' id='word_1_177' title='bbox 2905 1112 3160 1184; x_wconf 87' lang='grc' dir='ltr'>σώματος</span> <span class='ocrx_word' id='word_1_178' title='bbox 3207 1113 3408 1178; x_wconf 86' lang='grc' dir='ltr'>πλάσις</span> <span class='ocrx_word' id='word_1_179' title='bbox 3450 1122 3551 1185; x_wconf 80' lang='grc' dir='ltr'>τῆς</span> <span class='ocrx_word' id='word_1_180' title='bbox 3602 1123 3852 1192; x_wconf 68' lang='grc' dir='ltr'>φυσικῆς</span> 
     </span>
    </p>
   </div>
   <div class='ocr_carea' id='block_1_27' title="bbox 2180 1198 3849 1277">
    <p class='ocr_par' dir='ltr' id='par_1_27' title="bbox 2180 1198 3849 1277">
     <span class='ocr_line' id='line_1_27' title="bbox 2180 1198 3849 1277; baseline 0.002 -24"><span class='ocrx_word' id='word_1_181' title='bbox 2180 1198 2419 1269; x_wconf 80' lang='grc' dir='ltr'>ἐξίστατο</span> <span class='ocrx_word' id='word_1_182' title='bbox 2471 1200 2759 1275; x_wconf 79' lang='grc' dir='ltr'>ἁρμονίας,</span> <span class='ocrx_word' id='word_1_183' title='bbox 2810 1202 2871 1256; x_wconf 76' lang='grc'><strong>’11</strong></span> <span class='ocrx_word' id='word_1_184' title='bbox 2949 1199 3005 1256; x_wconf 78' lang='grc' dir='ltr'><strong>δὲ</strong></span> <span class='ocrx_word' id='word_1_185' title='bbox 3062 1203 3151 1256; x_wconf 88' lang='grc' dir='ltr'><strong>τὸν</strong></span> <span class='ocrx_word' id='word_1_186' title='bbox 3203 1201 3558 1259; x_wconf 83' lang='grc' dir='ltr'>είσακούοντα</span> <span class='ocrx_word' id='word_1_187' title='bbox 3606 1225 3849 1277; x_wconf 82' lang='grc' dir='ltr'>προσευ-</span> 
     </span>
    </p>
   </div>
   <div class='ocr_carea' id='block_1_28' title="bbox 2177 1288 3852 1366">
    <p class='ocr_par' dir='ltr' id='par_1_28' title="bbox 2177 1288 3852 1366">
     <span class='ocr_line' id='line_1_28' title="bbox 2177 1288 3852 1366; baseline 0.002 -23"><span class='ocrx_word' id='word_1_188' title='bbox 2177 1295 2289 1366; x_wconf 79' lang='grc' dir='ltr'><strong>χῆς</strong></span> <span class='ocrx_word' id='word_1_189' title='bbox 2343 1288 2531 1357; x_wconf 76' lang='grc' dir='ltr'>αὐτῆς,</span> <span class='ocrx_word' id='word_1_190' title='bbox 2580 1288 2672 1343; x_wconf 86' lang='grc' dir='ltr'><strong>καὶ</strong></span> <span class='ocrx_word' id='word_1_191' title='bbox 2731 1290 3089 1364; x_wconf 80' lang='grc' dir='ltr'><strong>ὑπερασπίσαι</strong></span> <span class='ocrx_word' id='word_1_192' title='bbox 3130 1291 3303 1360; x_wconf 80' lang='grc' dir='ltr'>αὐτῆς</span> <span class='ocrx_word' id='word_1_193' title='bbox 3359 1291 3414 1346; x_wconf 89' lang='grc' dir='ltr'><strong>ἐν</strong></span> <span class='ocrx_word' id='word_1_194' title='bbox 3485 1297 3670 1366; x_wconf 81' lang='grc' dir='ltr'>καιρῷ</span> <span class='ocrx_word' id='word_1_195' title='bbox 3742 1291 3852 1356; x_wconf 80' lang='grc' dir='ltr'>θλί-</span> 
     </span>
    </p>
   </div>
   <div class='ocr_carea' id='block_1_29' title="bbox 2176 1377 3847 1457">
    <p class='ocr_par' dir='ltr' id='par_1_29' title="bbox 2176 1377 3847 1457">
     <span class='ocr_line' id='line_1_29' title="bbox 2176 1377 3847 1457; baseline 0.004 -27"><span class='ocrx_word' id='word_1_196' title='bbox 2176 1379 2341 1450; x_wconf 81' lang='grc' dir='ltr'>ψεως,</span> <span class='ocrx_word' id='word_1_197' title='bbox 2394 1378 2486 1431; x_wconf 77' lang='grc' dir='ltr'>καὶ</span> <span class='ocrx_word' id='word_1_198' title='bbox 2547 1377 2607 1433; x_wconf 82' lang='grc' dir='ltr'><strong>ἐκ</strong></span> <span class='ocrx_word' id='word_1_199' title='bbox 2666 1380 2858 1457; x_wconf 86' lang='grc' dir='ltr'>χειρὸς</span> <span class='ocrx_word' id='word_1_200' title='bbox 2915 1378 3125 1454; x_wconf 78' lang='grc' dir='ltr'>ἐχθρῶν</span> <span class='ocrx_word' id='word_1_201' title='bbox 3188 1380 3456 1450; x_wconf 74' lang='grc' dir='ltr'>ἐξελέσθαι</span> <span class='ocrx_word' id='word_1_202' title='bbox 3515 1380 3847 1455; x_wconf 62' lang='grc' dir='ltr'>δυνάμενον</span> 
     </span>
    </p>
   </div>
   <div class='ocr_carea' id='block_1_30' title="bbox 2175 1465 3846 1545">
    <p class='ocr_par' dir='ltr' id='par_1_30' title="bbox 2175 1465 3846 1545">
     <span class='ocr_line' id='line_1_30' title="bbox 2175 1465 3846 1545; baseline 0.005 -26"><span class='ocrx_word' id='word_1_203' title='bbox 2175 1465 2340 1519; x_wconf 85' lang='grc' dir='ltr'>πάλιν</span> <span class='ocrx_word' id='word_1_204' title='bbox 2383 1465 2728 1540; x_wconf 80' lang='grc' dir='ltr'>ἐπεκαλεῖτο,</span> <span class='ocrx_word' id='word_1_205' title='bbox 2767 1469 2861 1523; x_wconf 69' lang='grc' dir='ltr'>Θεέ</span> <span class='ocrx_word' id='word_1_206' title='bbox 2911 1480 3065 1538; x_wconf 85' lang='grc' dir='ltr'>θεων,</span> <span class='ocrx_word' id='word_1_207' title='bbox 3124 1467 3380 1545; x_wconf 77' lang='grc' dir='ltr'><strong>λέγουσα,</strong></span> <span class='ocrx_word' id='word_1_208' title='bbox 3422 1473 3448 1525; x_wconf 89' lang='lat'><strong>6</strong></span> <span class='ocrx_word' id='word_1_209' title='bbox 3498 1473 3635 1534; x_wconf 85' lang='grc' dir='ltr'><strong>Θεὸς</strong></span> <span class='ocrx_word' id='word_1_210' title='bbox 3686 1470 3846 1527; x_wconf 80' lang='grc' dir='ltr'>δυνά-</span> 
     </span>
    </p>
   </div>
   <div class='ocr_carea' id='block_1_31' title="bbox 2178 1558 3840 1636">
    <p class='ocr_par' dir='ltr' id='par_1_31' title="bbox 2178 1558 3840 1636">
     <span class='ocr_line' id='line_1_31' title="bbox 2178 1558 3840 1636; baseline 0.004 -26"><span class='ocrx_word' id='word_1_211' title='bbox 2178 1577 2341 1627; x_wconf 90' lang='grc' dir='ltr'>μεων,</span> <span class='ocrx_word' id='word_1_212' title='bbox 2367 1558 2394 1611; x_wconf 91' lang='lat'><strong>6</strong></span> <span class='ocrx_word' id='word_1_213' title='bbox 2436 1559 2566 1622; x_wconf 85' lang='grc' dir='ltr'><strong>Θεὸς</strong></span> <span class='ocrx_word' id='word_1_214' title='bbox 2612 1565 2714 1627; x_wconf 81' lang='grc' dir='ltr'><strong>τῆς</strong></span> <span class='ocrx_word' id='word_1_215' title='bbox 2764 1560 3037 1631; x_wconf 83' lang='grc' dir='ltr'>σωτηρίας</span> <span class='ocrx_word' id='word_1_216' title='bbox 3080 1582 3208 1632; x_wconf 90' lang='grc' dir='ltr'>μου,</span> <span class='ocrx_word' id='word_1_217' title='bbox 3241 1562 3367 1636; x_wconf 88' lang='grc' dir='ltr'>παρ’</span> <span class='ocrx_word' id='word_1_218' title='bbox 3399 1559 3460 1616; x_wconf 80' lang='grc' dir='ltr'>οὗ</span> <span class='ocrx_word' id='word_1_219' title='bbox 3502 1565 3537 1633; x_wconf 74' lang='grc' dir='ltr'>ἡ</span> <span class='ocrx_word' id='word_1_220' title='bbox 3576 1563 3840 1636; x_wconf 80' lang='grc' dir='ltr'>ὑπομονή</span> 
     </span>
    </p>
   </div>
   <div class='ocr_carea' id='block_1_32' title="bbox 2178 1644 3844 1727">
    <p class='ocr_par' dir='ltr' id='par_1_32' title="bbox 2178 1644 3844 1727">
     <span class='ocr_line' id='line_1_32' title="bbox 2178 1644 3844 1727; baseline 0.008 -31"><span class='ocrx_word' id='word_1_221' title='bbox 2178 1664 2303 1715; x_wconf 88' lang='grc' dir='ltr'>μου,</span> <span class='ocrx_word' id='word_1_222' title='bbox 2336 1644 2437 1721; x_wconf 39' lang='grc' dir='ltr'>,ἐφ’</span> <span class='ocrx_word' id='word_1_223' title='bbox 2493 1645 2550 1700; x_wconf 82' lang='grc' dir='ltr'>ὅν</span> <span class='ocrx_word' id='word_1_224' title='bbox 2602 1646 2856 1701; x_wconf 77' lang='grc' dir='ltr'>πέποιθεν</span> <span class='ocrx_word' id='word_1_225' title='bbox 2915 1650 2949 1717; x_wconf 81' lang='grc' dir='ltr'>ἡ</span> <span class='ocrx_word' id='word_1_226' title='bbox 3001 1650 3153 1723; x_wconf 79' lang='grc' dir='ltr'>ψυχή</span> <span class='ocrx_word' id='word_1_227' title='bbox 3197 1670 3326 1722; x_wconf 91' lang='grc' dir='ltr'>μου,</span> <span class='ocrx_word' id='word_1_228' title='bbox 3376 1651 3403 1704; x_wconf 92' lang='lat'><strong>6</strong></span> <span class='ocrx_word' id='word_1_229' title='bbox 3468 1651 3687 1727; x_wconf 80' lang='grc' dir='ltr'>πύργος</span> <span class='ocrx_word' id='word_1_230' title='bbox 3747 1652 3844 1721; x_wconf 75' lang='grc' dir='ltr'>τῆς</span> 
     </span>
    </p>
   </div>
   <div class='ocr_carea' id='block_1_33' title="bbox 2175 1732 3839 1815">
    <p class='ocr_par' dir='ltr' id='par_1_33' title="bbox 2175 1732 3839 1815">
     <span class='ocr_line' id='line_1_33' title="bbox 2175 1732 3839 1815; baseline 0.004 -29"><span class='ocrx_word' id='word_1_231' title='bbox 2175 1732 2369 1808; x_wconf 76' lang='grc' dir='ltr'>ἰσχύος</span> <span class='ocrx_word' id='word_1_232' title='bbox 2403 1756 2508 1807; x_wconf 92' lang='grc' dir='ltr'><strong>μου</strong></span> <span class='ocrx_word' id='word_1_233' title='bbox 2569 1735 2662 1789; x_wconf 85' lang='grc' dir='ltr'><strong>καὶ</strong></span> <span class='ocrx_word' id='word_1_234' title='bbox 2691 1738 2726 1805; x_wconf 82' lang='grc' dir='ltr'>ἡ</span> <span class='ocrx_word' id='word_1_235' title='bbox 2776 1740 3063 1815; x_wconf 70' lang='grc' dir='ltr'>καταφυγή</span> <span class='ocrx_word' id='word_1_236' title='bbox 3124 1758 3251 1811; x_wconf 91' lang='grc' dir='ltr'>μου,</span> <span class='ocrx_word' id='word_1_237' title='bbox 3285 1739 3444 1801; x_wconf 89' lang='grc' dir='ltr'>αύτὸς</span> <span class='ocrx_word' id='word_1_238' title='bbox 3492 1736 3591 1801; x_wconf 88' lang='grc' dir='ltr'><strong>δὸς</strong></span> <span class='ocrx_word' id='word_1_239' title='bbox 3621 1742 3721 1794; x_wconf 84' lang='grc' dir='ltr'><strong>καὶ</strong></span> <span class='ocrx_word' id='word_1_240' title='bbox 3754 1745 3839 1793; x_wconf 79' lang='grc' dir='ltr'><strong>νῦν</strong></span> 
     </span>
    </p>
   </div>
   <div class='ocr_carea' id='block_1_34' title="bbox 420 1822 2070 1911">
    <p class='ocr_par' dir='ltr' id='par_1_34' title="bbox 420 1828 2066 1904">
     <span class='ocr_line' id='line_1_34' title="bbox 420 1828 2066 1904; baseline 0.004 -23"><span class='ocrx_word' id='word_1_241' title='bbox 420 1843 531 1897; x_wconf 88' lang='lat' dir='ltr'><strong>que</strong></span> <span class='ocrx_word' id='word_1_242' title='bbox 562 1828 849 1885; x_wconf 80' lang='lat' dir='ltr'><strong>auxilium</strong></span> <span class='ocrx_word' id='word_1_243' title='bbox 878 1846 948 1885; x_wconf 84' lang='lat' dir='ltr'><strong>ex</strong></span> <span class='ocrx_word' id='word_1_244' title='bbox 979 1830 1309 1887; x_wconf 85' lang='lat' dir='ltr'><strong>altlictione.</strong></span> <span class='ocrx_word' id='word_1_245' title='bbox 1345 1832 1520 1899; x_wconf 89' lang='lat' dir='ltr'><strong>Deus,</strong></span> <span class='ocrx_word' id='word_1_246' title='bbox 1556 1832 1651 1903; x_wconf 88' lang='lat' dir='ltr'><strong>qui</strong></span> <span class='ocrx_word' id='word_1_247' title='bbox 1686 1834 1943 1904; x_wconf 91' lang='lat' dir='ltr'><strong>accingis</strong></span> <span class='ocrx_word' id='word_1_248' title='bbox 1974 1850 2066 1888; x_wconf 90' lang='lat' dir='ltr'><strong>me</strong></span> 
     </span>
    </p>
   </div>
   <div class='ocr_carea' id='block_1_35' title="bbox 2181 1822 3837 1911">
    <p class='ocr_par' dir='ltr' id='par_1_35' title="bbox 2181 1822 3837 1903">
     <span class='ocr_line' id='line_1_35' title="bbox 2181 1822 3837 1903; baseline 0.005 -28"><span class='ocrx_word' id='word_1_249' title='bbox 2181 1822 2436 1896; x_wconf 68' lang='grc' dir='ltr'>βοήθειαν</span> <span class='ocrx_word' id='word_1_250' title='bbox 2479 1822 2539 1877; x_wconf 85' lang='grc' dir='ltr'><strong>ἐκ</strong></span> <span class='ocrx_word' id='word_1_251' title='bbox 2588 1823 2848 1897; x_wconf 78' lang='grc' dir='ltr'>θλίψεως·</span> <span class='ocrx_word' id='word_1_252' title='bbox 2908 1826 2934 1879; x_wconf 90' lang='lat'><strong>6</strong></span> <span class='ocrx_word' id='word_1_253' title='bbox 2980 1827 3108 1887; x_wconf 86' lang='grc' dir='ltr'>Θεὸς</span> <span class='ocrx_word' id='word_1_254' title='bbox 3153 1826 3180 1879; x_wconf 87' lang='lat'><strong>6</strong></span> <span class='ocrx_word' id='word_1_255' title='bbox 3221 1826 3607 1901; x_wconf 85' lang='grc' dir='ltr'>περιζωννύων</span> <span class='ocrx_word' id='word_1_256' title='bbox 3646 1850 3717 1903; x_wconf 84' lang='grc' dir='ltr'><strong>με</strong></span> <span class='ocrx_word' id='word_1_257' title='bbox 3750 1826 3837 1883; x_wconf 73' lang='grc' dir='ltr'>δύο</span> 
     </span>
    </p>
   </div>
   <div class='ocr_carea' id='block_1_36' title="bbox 422 1914 2070 1992">
    <p class='ocr_par' dir='ltr' id='par_1_36' title="bbox 422 1914 2070 1992">
     <span class='ocr_line' id='line_1_36' title="bbox 422 1914 2070 1992; baseline 0.004 -22"><span class='ocrx_word' id='word_1_258' title='bbox 422 1914 879 1981; x_wconf 84' lang='lat' dir='ltr'><strong>virtute:Deus,</strong></span> <span class='ocrx_word' id='word_1_259' title='bbox 940 1917 1094 1974; x_wconf 91' lang='lat' dir='ltr'><strong>Deus</strong></span> <span class='ocrx_word' id='word_1_260' title='bbox 1155 1936 1343 1985; x_wconf 85' lang='lat' dir='ltr'><strong>meus,</strong></span> <span class='ocrx_word' id='word_1_261' title='bbox 1405 1935 1477 1975; x_wconf 90' lang='lat' dir='ltr'><strong>ne</strong></span> <span class='ocrx_word' id='word_1_262' title='bbox 1528 1921 1813 1992; x_wconf 88' lang='lat' dir='ltr'><strong>clongeris</strong></span> <span class='ocrx_word' id='word_1_263' title='bbox 1869 1938 1901 1975; x_wconf 93' lang='lat' dir='ltr'><strong>a</strong></span> <span class='ocrx_word' id='word_1_264' title='bbox 1961 1938 2070 1988; x_wconf 90' lang='lat' dir='ltr'><strong>me,</strong></span> 
     </span>
    </p>
   </div>
   <div class='ocr_carea' id='block_1_37' title="bbox 425 2006 2073 2079">
    <p class='ocr_par' dir='ltr' id='par_1_37' title="bbox 425 2006 2073 2079">
     <span class='ocr_line' id='line_1_37' title="bbox 425 2006 2073 2079; baseline 0.004 -20"><span class='ocrx_word' id='word_1_265' title='bbox 425 2025 453 2054; x_wconf 86' lang='grc'><strong>‹‹</strong></span> <span class='ocrx_word' id='word_1_266' title='bbox 487 2006 765 2075; x_wconf 89' lang='lat' dir='ltr'><strong>quoniam</strong></span> <span class='ocrx_word' id='word_1_267' title='bbox 796 2008 1003 2063; x_wconf 83' lang='lat' dir='ltr'><strong>defecit</strong></span> <span class='ocrx_word' id='word_1_268' title='bbox 1034 2009 1093 2064; x_wconf 90' lang='lat' dir='ltr'><strong>in</strong></span> <span class='ocrx_word' id='word_1_269' title='bbox 1126 2008 1328 2065; x_wconf 91' lang='lat' dir='ltr'><strong>dolore</strong></span> <span class='ocrx_word' id='word_1_270' title='bbox 1356 2010 1472 2065; x_wconf 89' lang='lat' dir='ltr'><strong>vita</strong></span> <span class='ocrx_word' id='word_1_271' title='bbox 1505 2026 1629 2065; x_wconf 89' lang='lat' dir='ltr'><strong>mea</strong></span> <span class='ocrx_word' id='word_1_272' title='bbox 1652 2010 1673 2044; x_wconf 83' lang='grc'>²</span> <span class='ocrx_word' id='word_1_273' title='bbox 1696 2031 1711 2079; x_wconf 85' lang='lat'><strong>;</strong></span> <span class='ocrx_word' id='word_1_274' title='bbox 1737 2033 1765 2060; x_wconf 90' lang='grc'><strong>››</strong></span> <span class='ocrx_word' id='word_1_275' title='bbox 1798 2011 2073 2079; x_wconf 86' lang='lat' dir='ltr'><strong>quoniam</strong></span> 
     </span>
    </p>
   </div>
   <div class='ocr_carea' id='block_1_38' title="bbox 425 2096 2071 2169">
    <p class='ocr_par' dir='ltr' id='par_1_38' title="bbox 425 2096 2071 2169">
     <span class='ocr_line' id='line_1_38' title="bbox 425 2096 2071 2169; baseline 0.002 -20"><span class='ocrx_word' id='word_1_276' title='bbox 425 2102 587 2150; x_wconf 68' lang='lat' dir='ltr'><strong>terrae</strong></span> <span class='ocrx_word' id='word_1_277' title='bbox 634 2096 881 2152; x_wconf 63' lang='lat' dir='ltr'><strong>adhaesit</strong></span> <span class='ocrx_word' id='word_1_278' title='bbox 927 2102 1123 2153; x_wconf 85' lang='lat' dir='ltr'><strong>venter</strong></span> <span class='ocrx_word' id='word_1_279' title='bbox 1155 2115 1345 2166; x_wconf 88' lang='lat' dir='ltr'><strong>meus,</strong></span> <span class='ocrx_word' id='word_1_280' title='bbox 1378 2107 1432 2154; x_wconf 90' lang='lat' dir='ltr'><strong>et</strong></span> <span class='ocrx_word' id='word_1_281' title='bbox 1464 2116 1599 2155; x_wconf 87' lang='lat' dir='ltr'><strong>ossa</strong></span> <span class='ocrx_word' id='word_1_282' title='bbox 1634 2116 1760 2154; x_wconf 91' lang='lat' dir='ltr'><strong>mea</strong></span> <span class='ocrx_word' id='word_1_283' title='bbox 1791 2104 2071 2169; x_wconf 84' lang='lat' dir='ltr'><strong>tanquam</strong></span> 
     </span>
    </p>
   </div>
   <div class='ocr_carea' id='block_1_39' title="bbox 424 2184 1046 2255">
    <p class='ocr_par' dir='ltr' id='par_1_39' title="bbox 424 2184 1046 2255">
     <span class='ocr_line' id='line_1_39' title="bbox 424 2184 1046 2255; baseline 0.006 -17"><span class='ocrx_word' id='word_1_284' title='bbox 424 2184 713 2255; x_wconf 87' lang='lat' dir='ltr'><strong>gremium</strong></span> <span class='ocrx_word' id='word_1_285' title='bbox 745 2192 1046 2244; x_wconf 89' lang='lat' dir='ltr'><strong>aruerunt.</strong></span> 
     </span>
    </p>
   </div>
   <div class='ocr_carea' id='block_1_40' title="bbox 494 2271 2071 2344">
    <p class='ocr_par' dir='ltr' id='par_1_40' title="bbox 494 2271 2071 2344">
     <span class='ocr_line' id='line_1_40' title="bbox 494 2271 2071 2344; baseline 0.007 -21"><span class='ocrx_word' id='word_1_286' title='bbox 494 2271 640 2327; x_wconf 82' lang='lat' dir='ltr'><strong>Vill.</strong></span> <span class='ocrx_word' id='word_1_287' title='bbox 687 2273 819 2328; x_wconf 85' lang='lat' dir='ltr'><strong>Ilaec</strong></span> <span class='ocrx_word' id='word_1_288' title='bbox 876 2278 1110 2343; x_wconf 89' lang='lat' dir='ltr'><strong>precata</strong></span> <span class='ocrx_word' id='word_1_289' title='bbox 1158 2279 1210 2344; x_wconf 93' lang='grc' dir='ltr'>(ο</span> <span class='ocrx_word' id='word_1_290' title='bbox 1259 2276 1505 2332; x_wconf 89' lang='lat' dir='ltr'><strong>celerem</strong></span> <span class='ocrx_word' id='word_1_291' title='bbox 1564 2277 1991 2333; x_wconf 80' lang='lat' dir='ltr'><strong>visitationem!</strong></span> <span class='ocrx_word' id='word_1_292' title='bbox 2039 2294 2071 2334; x_wconf 92' lang='grc' dir='ltr'><strong>ο</strong></span> 
     </span>
    </p>
   </div>
   <div class='ocr_carea' id='block_1_41' title="bbox 423 2358 2071 2437">
    <p class='ocr_par' dir='ltr' id='par_1_41' title="bbox 423 2358 2071 2437">
     <span class='ocr_line' id='line_1_41' title="bbox 423 2358 2071 2437; baseline 0.004 -23"><span class='ocrx_word' id='word_1_293' title='bbox 423 2358 861 2416; x_wconf 89' lang='lat' dir='ltr'><strong>velocissimum</strong></span> <span class='ocrx_word' id='word_1_294' title='bbox 895 2368 1162 2418; x_wconf 90' lang='lat' dir='ltr'><strong>eventum</strong></span> <span class='ocrx_word' id='word_1_295' title='bbox 1190 2364 1228 2434; x_wconf 96' lang='lat' dir='ltr'><strong>l)</strong></span> <span class='ocrx_word' id='word_1_296' title='bbox 1252 2364 1446 2421; x_wconf 87' lang='lat' dir='ltr'><strong>statim</strong></span> <span class='ocrx_word' id='word_1_297' title='bbox 1471 2366 1707 2437; x_wconf 91' lang='lat' dir='ltr'><strong>quidem</strong></span> <span class='ocrx_word' id='word_1_298' title='bbox 1732 2368 2021 2423; x_wconf 81' lang='lat' dir='ltr'><strong>relaxatur</strong></span> <span class='ocrx_word' id='word_1_299' title='bbox 2040 2384 2071 2421; x_wconf 91' lang='lat' dir='ltr'><strong>a</strong></span> 
     </span>
    </p>
   </div>
   <div class='ocr_carea' id='block_1_42' title="bbox 424 2447 2070 2527">
    <p class='ocr_par' dir='ltr' id='par_1_42' title="bbox 424 2447 2070 2527">
     <span class='ocr_line' id='line_1_42' title="bbox 424 2447 2070 2527; baseline 0.005 -26"><span class='ocrx_word' id='word_1_300' title='bbox 424 2447 584 2519; x_wconf 89' lang='lat' dir='ltr'><strong>gravi</strong></span> <span class='ocrx_word' id='word_1_301' title='bbox 636 2448 736 2504; x_wconf 91' lang='lat' dir='ltr'><strong>illa</strong></span> <span class='ocrx_word' id='word_1_302' title='bbox 786 2449 1080 2520; x_wconf 89' lang='lat' dir='ltr'><strong>machina,</strong></span> <span class='ocrx_word' id='word_1_303' title='bbox 1115 2469 1186 2508; x_wconf 91' lang='lat' dir='ltr'><strong>ne</strong></span> <span class='ocrx_word' id='word_1_304' title='bbox 1229 2452 1415 2525; x_wconf 62' lang='lat' dir='ltr'><strong>plagas</strong></span> <span class='ocrx_word' id='word_1_305' title='bbox 1449 2453 1706 2525; x_wconf 89' lang='lat' dir='ltr'><strong>quidem,</strong></span> <span class='ocrx_word' id='word_1_306' title='bbox 1760 2471 1865 2511; x_wconf 90' lang='lat' dir='ltr'><strong>nec</strong></span> <span class='ocrx_word' id='word_1_307' title='bbox 1916 2454 2070 2527; x_wconf 88' lang='lat' dir='ltr'><strong>ignis</strong></span> 
     </span>
    </p>
   </div>
   <div class='ocr_carea' id='block_1_43' title="bbox 420 2537 2068 2616">
    <p class='ocr_par' dir='ltr' id='par_1_43' title="bbox 420 2537 2068 2616">
     <span class='ocr_line' id='line_1_43' title="bbox 420 2537 2068 2616; baseline 0.005 -26"><span class='ocrx_word' id='word_1_308' title='bbox 420 2537 732 2609; x_wconf 83' lang='lat' dir='ltr'><strong>vestigium</strong></span> <span class='ocrx_word' id='word_1_309' title='bbox 766 2540 1077 2596; x_wconf 90' lang='lat' dir='ltr'><strong>ostendens</strong></span> <span class='ocrx_word' id='word_1_310' title='bbox 1108 2542 1167 2595; x_wconf 92' lang='lat' dir='ltr'><strong>in</strong></span> <span class='ocrx_word' id='word_1_311' title='bbox 1199 2558 1459 2614; x_wconf 90' lang='lat' dir='ltr'><strong>corpore.</strong></span> <span class='ocrx_word' id='word_1_312' title='bbox 1484 2544 1639 2607; x_wconf 88' lang='lat' dir='ltr'><strong>Quod</strong></span> <span class='ocrx_word' id='word_1_313' title='bbox 1667 2545 1903 2616; x_wconf 91' lang='lat' dir='ltr'><strong>quidem</strong></span> <span class='ocrx_word' id='word_1_314' title='bbox 1934 2560 2068 2599; x_wconf 89' lang='lat' dir='ltr'><strong>cum</strong></span> 
     </span>
    </p>
   </div>
   <div class='ocr_carea' id='block_1_44' title="bbox 420 2627 2069 2701">
    <p class='ocr_par' dir='ltr' id='par_1_44' title="bbox 420 2627 2069 2701">
     <span class='ocr_line' id='line_1_44' title="bbox 420 2627 2069 2701; baseline 0.004 -20"><span class='ocrx_word' id='word_1_315' title='bbox 420 2627 658 2682; x_wconf 88' lang='lat' dir='ltr'><strong>deberet</strong></span> <span class='ocrx_word' id='word_1_316' title='bbox 698 2629 1138 2701; x_wconf 90' lang='lat' dir='ltr'><strong>obstupefacere</strong></span> <span class='ocrx_word' id='word_1_317' title='bbox 1179 2632 1461 2700; x_wconf 84' lang='lat' dir='ltr'><strong>judicem,</strong></span> <span class='ocrx_word' id='word_1_318' title='bbox 1518 2637 1576 2688; x_wconf 91' lang='lat' dir='ltr'><strong>et</strong></span> <span class='ocrx_word' id='word_1_319' title='bbox 1624 2634 1913 2689; x_wconf 88' lang='lat' dir='ltr'><strong>discutere</strong></span> <span class='ocrx_word' id='word_1_320' title='bbox 1963 2650 2069 2688; x_wconf 87' lang='lat' dir='ltr'><strong>nu-</strong></span> 
     </span>
    </p>
   </div>
   <div class='ocr_carea' id='block_1_45' title="bbox 416 2715 2070 2789">
    <p class='ocr_par' dir='ltr' id='par_1_45' title="bbox 416 2715 2070 2789">
     <span class='ocr_line' id='line_1_45' title="bbox 416 2715 2070 2789; baseline 0.005 -19"><span class='ocrx_word' id='word_1_321' title='bbox 416 2715 549 2771; x_wconf 86' lang='lat' dir='ltr'><strong>bem</strong></span> <span class='ocrx_word' id='word_1_322' title='bbox 600 2718 942 2789; x_wconf 83' lang='lat' dir='ltr'><strong>impietatis,</strong></span> <span class='ocrx_word' id='word_1_323' title='bbox 974 2735 1100 2789; x_wconf 70' lang='lat' dir='ltr'><strong>quas</strong></span> <span class='ocrx_word' id='word_1_324' title='bbox 1130 2736 1264 2775; x_wconf 85' lang='lat' dir='ltr'><strong>eum</strong></span> <span class='ocrx_word' id='word_1_325' title='bbox 1316 2722 1632 2788; x_wconf 87' lang='lat' dir='ltr'><strong>detinebat,</strong></span> <span class='ocrx_word' id='word_1_326' title='bbox 1666 2722 1762 2777; x_wconf 90' lang='lat' dir='ltr'><strong>ille</strong></span> <span class='ocrx_word' id='word_1_327' title='bbox 1796 2738 1865 2778; x_wconf 90' lang='lat' dir='ltr'><strong>ne</strong></span> <span class='ocrx_word' id='word_1_328' title='bbox 1902 2724 2070 2778; x_wconf 89' lang='lat' dir='ltr'><strong>mini-</strong></span> 
     </span>
    </p>
   </div>
   <div class='ocr_carea' id='block_1_46' title="bbox 420 2806 2071 2881">
    <p class='ocr_par' dir='ltr' id='par_1_46' title="bbox 420 2806 2071 2881">
     <span class='ocr_line' id='line_1_46' title="bbox 420 2806 2071 2881; baseline 0.005 -22"><span class='ocrx_word' id='word_1_329' title='bbox 420 2819 581 2859; x_wconf 89' lang='lat' dir='ltr'><strong>mum</strong></span> <span class='ocrx_word' id='word_1_330' title='bbox 609 2806 840 2875; x_wconf 89' lang='lat' dir='ltr'><strong>quidem</strong></span> <span class='ocrx_word' id='word_1_331' title='bbox 867 2810 1057 2878; x_wconf 90' lang='lat' dir='ltr'><strong>potuit</strong></span> <span class='ocrx_word' id='word_1_332' title='bbox 1076 2807 1291 2864; x_wconf 88' lang='lat' dir='ltr'><strong>intueri</strong></span> <span class='ocrx_word' id='word_1_333' title='bbox 1316 2810 1387 2864; x_wconf 87' lang='lat' dir='ltr'><strong>ad</strong></span> <span class='ocrx_word' id='word_1_334' title='bbox 1410 2827 1561 2879; x_wconf 89' lang='lat' dir='ltr'><strong>eam,</strong></span> <span class='ocrx_word' id='word_1_335' title='bbox 1585 2827 1712 2881; x_wconf 68' lang='lat' dir='ltr'><strong>quae</strong></span> <span class='ocrx_word' id='word_1_336' title='bbox 1738 2811 1837 2866; x_wconf 89' lang='lat' dir='ltr'><strong>illa</strong></span> <span class='ocrx_word' id='word_1_337' title='bbox 1860 2812 2071 2868; x_wconf 87' lang='lat' dir='ltr'><strong>fecerat</strong></span> 
     </span>
    </p>
   </div>
   <div class='ocr_carea' id='block_1_47' title="bbox 423 2894 2066 2970">
    <p class='ocr_par' dir='ltr' id='par_1_47' title="bbox 423 2894 2066 2970">
     <span class='ocr_line' id='line_1_47' title="bbox 423 2894 2066 2970; baseline 0.005 -22"><span class='ocrx_word' id='word_1_338' title='bbox 423 2894 725 2962; x_wconf 89' lang='lat' dir='ltr'><strong>miracula,</strong></span> <span class='ocrx_word' id='word_1_339' title='bbox 757 2896 1054 2967; x_wconf 89' lang='lat' dir='ltr'><strong>virtutem,</strong></span> <span class='ocrx_word' id='word_1_340' title='bbox 1094 2914 1280 2970; x_wconf 61' lang='lat' dir='ltr'><strong>neque</strong></span> <span class='ocrx_word' id='word_1_341' title='bbox 1313 2915 1410 2955; x_wconf 91' lang='lat' dir='ltr'><strong>cor</strong></span> <span class='ocrx_word' id='word_1_342' title='bbox 1436 2901 1507 2955; x_wconf 91' lang='lat' dir='ltr'><strong>ad</strong></span> <span class='ocrx_word' id='word_1_343' title='bbox 1539 2917 1665 2956; x_wconf 90' lang='lat' dir='ltr'><strong>eam</strong></span> <span class='ocrx_word' id='word_1_344' title='bbox 1697 2907 2066 2957; x_wconf 89' lang='lat' dir='ltr'><strong>convertere:</strong></span> 
     </span>
    </p>
   </div>
   <div class='ocr_carea' id='block_1_48' title="bbox 427 2985 2068 3061">
    <p class='ocr_par' dir='ltr' id='par_1_48' title="bbox 427 2985 2068 3061">
     <span class='ocr_line' id='line_1_48' title="bbox 427 2985 2068 3061; baseline 0.004 -22"><span class='ocrx_word' id='word_1_345' title='bbox 427 2985 527 3039; x_wconf 88' lang='lat' dir='ltr'><strong>sed</strong></span> <span class='ocrx_word' id='word_1_346' title='bbox 562 2989 685 3039; x_wconf 87' lang='lat' dir='ltr'><strong>erat</strong></span> <span class='ocrx_word' id='word_1_347' title='bbox 727 2986 918 3041; x_wconf 87' lang='lat' dir='ltr'><strong>adhuc</strong></span> <span class='ocrx_word' id='word_1_348' title='bbox 950 3002 1180 3042; x_wconf 88' lang='lat' dir='ltr'><strong>crassus</strong></span> <span class='ocrx_word' id='word_1_349' title='bbox 1209 2992 1266 3043; x_wconf 89' lang='lat' dir='ltr'><strong>et</strong></span> <span class='ocrx_word' id='word_1_350' title='bbox 1298 2988 1535 3057; x_wconf 89' lang='lat' dir='ltr'><strong>stultus,</strong></span> <span class='ocrx_word' id='word_1_351' title='bbox 1576 2995 1631 3044; x_wconf 89' lang='lat' dir='ltr'><strong>et</strong></span> <span class='ocrx_word' id='word_1_352' title='bbox 1659 2990 1845 3046; x_wconf 91' lang='lat' dir='ltr'><strong>adhuc</strong></span> <span class='ocrx_word' id='word_1_353' title='bbox 1872 2990 2068 3061; x_wconf 90' lang='lat' dir='ltr'><strong>impli-</strong></span> 
     </span>
    </p>
   </div>
   <div class='ocr_carea' id='block_1_49' title="bbox 427 3072 2066 3145">
    <p class='ocr_par' dir='ltr' id='par_1_49' title="bbox 427 3072 2066 3145">
     <span class='ocr_line' id='line_1_49' title="bbox 427 3072 2066 3145; baseline 0.005 -18"><span class='ocrx_word' id='word_1_354' title='bbox 427 3082 583 3127; x_wconf 83' lang='lat' dir='ltr'><strong>catus</strong></span> <span class='ocrx_word' id='word_1_355' title='bbox 614 3072 710 3127; x_wconf 90' lang='lat' dir='ltr'><strong>illa</strong></span> <span class='ocrx_word' id='word_1_356' title='bbox 744 3074 1019 3129; x_wconf 87' lang='lat' dir='ltr'><strong>ebrietate</strong></span> <span class='ocrx_word' id='word_1_357' title='bbox 1066 3076 1508 3145; x_wconf 88' lang='lat' dir='ltr'><strong>incredulitatis,</strong></span> <span class='ocrx_word' id='word_1_358' title='bbox 1539 3083 1596 3133; x_wconf 87' lang='lat' dir='ltr'><strong>et</strong></span> <span class='ocrx_word' id='word_1_359' title='bbox 1626 3079 1852 3133; x_wconf 90' lang='lat' dir='ltr'><strong>insania</strong></span> <span class='ocrx_word' id='word_1_360' title='bbox 1879 3096 1944 3134; x_wconf 90' lang='lat' dir='ltr'><strong>ac</strong></span> <span class='ocrx_word' id='word_1_361' title='bbox 1974 3096 2066 3134; x_wconf 85' lang='lat' dir='ltr'><strong>ca-</strong></span> 
     </span>
    </p>
   </div>
   <div class='ocr_carea' id='block_1_50' title="bbox 423 3162 2063 3239">
    <p class='ocr_par' dir='ltr' id='par_1_50' title="bbox 423 3162 2063 3239">
     <span class='ocr_line' id='line_1_50' title="bbox 423 3162 2063 3239; baseline 0.004 -22"><span class='ocrx_word' id='word_1_362' title='bbox 423 3162 624 3234; x_wconf 90' lang='lat' dir='ltr'><strong>ligine.</strong></span> <span class='ocrx_word' id='word_1_363' title='bbox 647 3164 786 3218; x_wconf 89' lang='lat' dir='ltr'><strong>Cum</strong></span> <span class='ocrx_word' id='word_1_364' title='bbox 810 3180 937 3219; x_wconf 91' lang='lat' dir='ltr'><strong>eam</strong></span> <span class='ocrx_word' id='word_1_365' title='bbox 961 3165 1138 3235; x_wconf 89' lang='lat' dir='ltr'><strong>igitur</strong></span> <span class='ocrx_word' id='word_1_366' title='bbox 1156 3182 1360 3222; x_wconf 89' lang='lat' dir='ltr'><strong>rursus</strong></span> <span class='ocrx_word' id='word_1_367' title='bbox 1382 3167 1439 3222; x_wconf 92' lang='lat' dir='ltr'><strong>in</strong></span> <span class='ocrx_word' id='word_1_368' title='bbox 1463 3168 1688 3239; x_wconf 86' lang='lat' dir='ltr'><strong>lignum</strong></span> <span class='ocrx_word' id='word_1_369' title='bbox 1713 3169 2063 3237; x_wconf 90' lang='lat' dir='ltr'><strong>sustulisset,</strong></span> 
     </span>
    </p>
   </div>
   <div class='ocr_carea' id='block_1_51' title="bbox 427 3252 2065 3323">
    <p class='ocr_par' dir='ltr' id='par_1_51' title="bbox 427 3252 2065 3323">
     <span class='ocr_line' id='line_1_51' title="bbox 427 3252 2065 3323; baseline 0.005 -17"><span class='ocrx_word' id='word_1_370' title='bbox 427 3252 628 3309; x_wconf 82' lang='lat' dir='ltr'><strong>ferreis</strong></span> <span class='ocrx_word' id='word_1_371' title='bbox 660 3254 844 3323; x_wconf 90' lang='lat' dir='ltr'><strong>ipsam</strong></span> <span class='ocrx_word' id='word_1_372' title='bbox 878 3254 1109 3322; x_wconf 83' lang='lat' dir='ltr'><strong>ungulis</strong></span> <span class='ocrx_word' id='word_1_373' title='bbox 1141 3255 1322 3311; x_wconf 88' lang='lat' dir='ltr'><strong>laniat</strong></span> <span class='ocrx_word' id='word_1_374' title='bbox 1369 3256 1793 3315; x_wconf 88' lang='lat' dir='ltr'><strong>crudelissime.</strong></span> <span class='ocrx_word' id='word_1_375' title='bbox 1826 3260 1927 3315; x_wconf 90' lang='lat' dir='ltr'><strong>Illa</strong></span> <span class='ocrx_word' id='word_1_376' title='bbox 1969 3278 2065 3315; x_wconf 85' lang='lat' dir='ltr'><strong>au-</strong></span> 
     </span>
    </p>
   </div>
   <div class='ocr_carea' id='block_1_52' title="bbox 427 3343 2067 3406">
    <p class='ocr_par' dir='ltr' id='par_1_52' title="bbox 427 3343 2067 3406">
     <span class='ocr_line' id='line_1_52' title="bbox 427 3343 2067 3406; baseline 0.005 -10"><span class='ocrx_word' id='word_1_377' title='bbox 427 3348 537 3397; x_wconf 90' lang='lat' dir='ltr'><strong>tem</strong></span> <span class='ocrx_word' id='word_1_378' title='bbox 586 3358 790 3397; x_wconf 87' lang='lat' dir='ltr'><strong>rursus</strong></span> <span class='ocrx_word' id='word_1_379' title='bbox 837 3343 907 3397; x_wconf 91' lang='lat' dir='ltr'><strong>ad</strong></span> <span class='ocrx_word' id='word_1_380' title='bbox 959 3344 1138 3399; x_wconf 92' lang='lat' dir='ltr'><strong>Deum</strong></span> <span class='ocrx_word' id='word_1_381' title='bbox 1180 3345 1328 3400; x_wconf 91' lang='lat' dir='ltr'><strong>tollit</strong></span> <span class='ocrx_word' id='word_1_382' title='bbox 1357 3347 1593 3403; x_wconf 91' lang='lat' dir='ltr'><strong>oculos:</strong></span> <span class='ocrx_word' id='word_1_383' title='bbox 1628 3353 1684 3403; x_wconf 87' lang='lat' dir='ltr'><strong>et</strong></span> <span class='ocrx_word' id='word_1_384' title='bbox 1714 3350 1907 3405; x_wconf 83' lang='lat' dir='ltr'><strong>statim</strong></span> <span class='ocrx_word' id='word_1_385' title='bbox 1960 3351 2067 3406; x_wconf 88' lang='lat' dir='ltr'><strong>fuit</strong></span> 
     </span>
    </p>
   </div>
   <div class='ocr_carea' id='block_1_53' title="bbox 427 3433 2065 3505">
    <p class='ocr_par' dir='ltr' id='par_1_53' title="bbox 427 3433 2065 3505">
     <span class='ocr_line' id='line_1_53' title="bbox 427 3433 2065 3505; baseline 0.006 -20"><span class='ocrx_word' id='word_1_386' title='bbox 427 3436 661 3486; x_wconf 89' lang='lat' dir='ltr'><strong>tantum</strong></span> <span class='ocrx_word' id='word_1_387' title='bbox 694 3433 902 3505; x_wconf 90' lang='lat' dir='ltr'><strong>adepta</strong></span> <span class='ocrx_word' id='word_1_388' title='bbox 931 3434 1231 3503; x_wconf 84' lang='lat' dir='ltr'><strong>auxilium,</strong></span> <span class='ocrx_word' id='word_1_389' title='bbox 1258 3446 1316 3491; x_wconf 90' lang='lat' dir='ltr'><strong>ut</strong></span> <span class='ocrx_word' id='word_1_390' title='bbox 1339 3453 1471 3493; x_wconf 91' lang='lat' dir='ltr'><strong>cum</strong></span> <span class='ocrx_word' id='word_1_391' title='bbox 1503 3440 1715 3495; x_wconf 86' lang='lat' dir='ltr'><strong>defessi</strong></span> <span class='ocrx_word' id='word_1_392' title='bbox 1747 3446 1942 3496; x_wconf 88' lang='lat' dir='ltr'><strong>essent</strong></span> <span class='ocrx_word' id='word_1_393' title='bbox 1972 3458 2065 3495; x_wconf 88' lang='lat' dir='ltr'><strong>sa-</strong></span> 
     </span>
    </p>
   </div>
   <div class='ocr_carea' id='block_1_54' title="bbox 427 3519 2067 3598">
    <p class='ocr_par' dir='ltr' id='par_1_54' title="bbox 427 3519 2067 3598">
     <span class='ocr_line' id='line_1_54' title="bbox 427 3519 2067 3598; baseline 0.007 -25"><span class='ocrx_word' id='word_1_394' title='bbox 427 3519 644 3574; x_wconf 89' lang='lat' dir='ltr'><strong>tellites</strong></span> <span class='ocrx_word' id='word_1_395' title='bbox 676 3537 707 3573; x_wconf 90' lang='lat' dir='ltr'><strong>a</strong></span> <span class='ocrx_word' id='word_1_396' title='bbox 740 3523 1013 3576; x_wconf 90' lang='lat' dir='ltr'><strong>continuo</strong></span> <span class='ocrx_word' id='word_1_397' title='bbox 1048 3522 1267 3589; x_wconf 87' lang='lat' dir='ltr'><strong>labore,</strong></span> <span class='ocrx_word' id='word_1_398' title='bbox 1290 3542 1356 3579; x_wconf 86' lang='lat' dir='ltr'><strong>ea</strong></span> <span class='ocrx_word' id='word_1_399' title='bbox 1387 3526 1590 3581; x_wconf 72' lang='lat' dir='ltr'><strong>affecta</strong></span> <span class='ocrx_word' id='word_1_400' title='bbox 1626 3528 1797 3582; x_wconf 80' lang='lat' dir='ltr'><strong>fuerit</strong></span> <span class='ocrx_word' id='word_1_401' title='bbox 1828 3531 2067 3598; x_wconf 86' lang='lat' dir='ltr'><strong>perinde</strong></span> 
     </span>
    </p>
   </div>
   <div class='ocr_carea' id='block_1_55' title="bbox 427 3608 2069 3691">
    <p class='ocr_par' dir='ltr' id='par_1_55' title="bbox 427 3608 2069 3691">
     <span class='ocr_line' id='line_1_55' title="bbox 427 3608 2069 3691; baseline 0.007 -28"><span class='ocrx_word' id='word_1_402' title='bbox 427 3624 493 3663; x_wconf 88' lang='lat' dir='ltr'><strong>ac</strong></span> <span class='ocrx_word' id='word_1_403' title='bbox 534 3625 662 3679; x_wconf 65' lang='lat' dir='ltr'><strong>quae</strong></span> <span class='ocrx_word' id='word_1_404' title='bbox 694 3608 921 3664; x_wconf 90' lang='lat' dir='ltr'><strong>nullum</strong></span> <span class='ocrx_word' id='word_1_405' title='bbox 958 3612 1211 3667; x_wconf 89' lang='lat' dir='ltr'><strong>dolorem</strong></span> <span class='ocrx_word' id='word_1_406' title='bbox 1264 3616 1503 3670; x_wconf 87' lang='lat' dir='ltr'><strong>sentiret</strong></span> <span class='ocrx_word' id='word_1_407' title='bbox 1544 3618 1798 3686; x_wconf 86' lang='lat' dir='ltr'><strong>penitus.</strong></span> <span class='ocrx_word' id='word_1_408' title='bbox 1835 3618 2069 3691; x_wconf 87' lang='lat' dir='ltr'><strong>Propter</strong></span> 
     </span>
    </p>
   </div>
   <div class='ocr_carea' id='block_1_56' title="bbox 428 3702 2065 3777">
    <p class='ocr_par' dir='ltr' id='par_1_56' title="bbox 428 3702 2065 3777">
     <span class='ocr_line' id='line_1_56' title="bbox 428 3702 2065 3777; baseline 0.007 -25"><span class='ocrx_word' id='word_1_409' title='bbox 428 3715 553 3769; x_wconf 65' lang='lat' dir='ltr'><strong>qua:</strong></span> <span class='ocrx_word' id='word_1_410' title='bbox 594 3717 805 3770; x_wconf 64' lang='lat' dir='ltr'><strong>prases</strong></span> <span class='ocrx_word' id='word_1_411' title='bbox 837 3702 895 3756; x_wconf 86' lang='lat' dir='ltr'><strong>iu</strong></span> <span class='ocrx_word' id='word_1_412' title='bbox 942 3719 1236 3758; x_wconf 89' lang='lat' dir='ltr'><strong>summam</strong></span> <span class='ocrx_word' id='word_1_413' title='bbox 1288 3705 1576 3761; x_wconf 90' lang='lat' dir='ltr'><strong>adductus</strong></span> <span class='ocrx_word' id='word_1_414' title='bbox 1624 3708 2065 3777; x_wconf 89' lang='lat' dir='ltr'><strong>dubitationem,</strong></span> 
     </span>
    </p>
   </div>
   <div class='ocr_carea' id='block_1_57' title="bbox 428 3789 2069 3866">
    <p class='ocr_par' dir='ltr' id='par_1_57' title="bbox 428 3789 2069 3866">
     <span class='ocr_line' id='line_1_57' title="bbox 428 3789 2069 3866; baseline 0.007 -23"><span class='ocrx_word' id='word_1_415' title='bbox 428 3804 555 3843; x_wconf 92' lang='lat' dir='ltr'><strong>cum</strong></span> <span class='ocrx_word' id='word_1_416' title='bbox 613 3789 860 3844; x_wconf 88' lang='lat' dir='ltr'><strong>nesciret</strong></span> <span class='ocrx_word' id='word_1_417' title='bbox 908 3794 1045 3861; x_wconf 84' lang='lat' dir='ltr'><strong>quid</strong></span> <span class='ocrx_word' id='word_1_418' title='bbox 1095 3798 1316 3863; x_wconf 89' lang='lat' dir='ltr'><strong>ageret,</strong></span> <span class='ocrx_word' id='word_1_419' title='bbox 1343 3802 1396 3849; x_wconf 90' lang='lat' dir='ltr'><strong>et</strong></span> <span class='ocrx_word' id='word_1_420' title='bbox 1428 3801 1684 3866; x_wconf 90' lang='lat' dir='ltr'><strong>gestum,</strong></span> <span class='ocrx_word' id='word_1_421' title='bbox 1716 3803 1774 3852; x_wconf 91' lang='lat' dir='ltr'><strong>et</strong></span> <span class='ocrx_word' id='word_1_422' title='bbox 1806 3798 2069 3854; x_wconf 88' lang='lat' dir='ltr'><strong>habitum</strong></span> 
     </span>
    </p>
   </div>
   <div class='ocr_carea' id='block_1_58' title="bbox 428 3877 2071 3955">
    <p class='ocr_par' dir='ltr' id='par_1_58' title="bbox 428 3877 2071 3955">
     <span class='ocr_line' id='line_1_58' title="bbox 428 3877 2071 3955; baseline 0.007 -24"><span class='ocrx_word' id='word_1_423' title='bbox 428 3877 675 3933; x_wconf 90' lang='lat' dir='ltr'><strong>subinde</strong></span> <span class='ocrx_word' id='word_1_424' title='bbox 709 3880 991 3947; x_wconf 90' lang='lat' dir='ltr'><strong>mutabat,</strong></span> <span class='ocrx_word' id='word_1_425' title='bbox 1026 3897 1056 3936; x_wconf 79' lang='grc' dir='ltr'><strong>ο</strong></span> <span class='ocrx_word' id='word_1_426' title='bbox 1087 3884 1222 3937; x_wconf 88' lang='lat' dir='ltr'><strong>sede</strong></span> <span class='ocrx_word' id='word_1_427' title='bbox 1256 3884 1581 3955; x_wconf 89' lang='lat' dir='ltr'><strong>frequenter</strong></span> <span class='ocrx_word' id='word_1_428' title='bbox 1607 3886 1932 3955; x_wconf 80' lang='lat' dir='ltr'><strong>exsiliebat,</strong></span> <span class='ocrx_word' id='word_1_429' title='bbox 1966 3904 2071 3943; x_wconf 89' lang='lat' dir='ltr'><strong>nec</strong></span> 
     </span>
    </p>
   </div>
   <div class='ocr_carea' id='block_1_59' title="bbox 430 3966 2068 4041">
    <p class='ocr_par' dir='ltr' id='par_1_59' title="bbox 430 3966 2068 4041">
     <span class='ocr_line' id='line_1_59' title="bbox 430 3966 2068 4041; baseline 0.007 -21"><span class='ocrx_word' id='word_1_430' title='bbox 430 3966 556 4037; x_wconf 91' lang='lat' dir='ltr'><strong>ipse</strong></span> <span class='ocrx_word' id='word_1_431' title='bbox 582 3983 640 4022; x_wconf 91' lang='lat' dir='ltr'><strong>se</strong></span> <span class='ocrx_word' id='word_1_432' title='bbox 666 3971 891 4036; x_wconf 89' lang='lat' dir='ltr'><strong>poterat</strong></span> <span class='ocrx_word' id='word_1_433' title='bbox 919 3969 1174 4039; x_wconf 87' lang='lat' dir='ltr'><strong>amplius</strong></span> <span class='ocrx_word' id='word_1_434' title='bbox 1220 3975 1533 4041; x_wconf 90' lang='lat' dir='ltr'><strong>continere,</strong></span> <span class='ocrx_word' id='word_1_435' title='bbox 1570 3992 1673 4031; x_wconf 91' lang='lat' dir='ltr'><strong>nec</strong></span> <span class='ocrx_word' id='word_1_436' title='bbox 1728 3991 1963 4033; x_wconf 88' lang='lat' dir='ltr'><strong>manere</strong></span> <span class='ocrx_word' id='word_1_437' title='bbox 2011 3976 2068 4031; x_wconf 93' lang='lat' dir='ltr'><strong>in</strong></span> 
     </span>
    </p>
   </div>
   <div class='ocr_carea' id='block_1_60' title="bbox 431 4058 1700 4128">
    <p class='ocr_par' dir='ltr' id='par_1_60' title="bbox 431 4058 1700 4128">
     <span class='ocr_line' id='line_1_60' title="bbox 431 4058 1700 4128; baseline 0.009 -17"><span class='ocrx_word' id='word_1_438' title='bbox 431 4070 519 4123; x_wconf 86' lang='lat' dir='ltr'><strong>eo,</strong></span> <span class='ocrx_word' id='word_1_439' title='bbox 552 4070 667 4126; x_wconf 90' lang='lat' dir='ltr'><strong>quo</strong></span> <span class='ocrx_word' id='word_1_440' title='bbox 699 4072 804 4128; x_wconf 90' lang='lat' dir='ltr'><strong>par</strong></span> <span class='ocrx_word' id='word_1_441' title='bbox 832 4062 939 4126; x_wconf 90' lang='lat' dir='ltr'><strong>est,</strong></span> <span class='ocrx_word' id='word_1_442' title='bbox 970 4058 1171 4115; x_wconf 89' lang='lat' dir='ltr'><strong>ordine</strong></span> <span class='ocrx_word' id='word_1_443' title='bbox 1200 4067 1252 4115; x_wconf 93' lang='lat' dir='ltr'><strong>et</strong></span> <span class='ocrx_word' id='word_1_444' title='bbox 1286 4064 1700 4122; x_wconf 89' lang='lat' dir='ltr'><strong>moderatione.</strong></span> 
     </span>
    </p>
   </div>
   <div class='ocr_carea' id='block_1_61' title="bbox 506 4295 2072 4376">
    <p class='ocr_par' dir='ltr' id='par_1_61' title="bbox 506 4295 2072 4376">
     <span class='ocr_line' id='line_1_61' title="bbox 506 4295 2072 4376; baseline 0.013 -27"><span class='ocrx_word' id='word_1_445' title='bbox 506 4295 603 4351; x_wconf 89' lang='lat' dir='ltr'><strong>IX.</strong></span> <span class='ocrx_word' id='word_1_446' title='bbox 637 4296 779 4355; x_wconf 91' lang='lat' dir='ltr'><strong>Cum</strong></span> <span class='ocrx_word' id='word_1_447' title='bbox 812 4305 1007 4357; x_wconf 91' lang='lat' dir='ltr'><strong>autem</strong></span> <span class='ocrx_word' id='word_1_448' title='bbox 1040 4311 1274 4376; x_wconf 89' lang='lat' dir='ltr'><strong>propter</strong></span> <span class='ocrx_word' id='word_1_449' title='bbox 1319 4306 1743 4364; x_wconf 89' lang='lat' dir='ltr'><strong>dubitationem</strong></span> <span class='ocrx_word' id='word_1_450' title='bbox 1777 4328 1809 4366; x_wconf 91' lang='lat' dir='ltr'><strong>a</strong></span> <span class='ocrx_word' id='word_1_451' title='bbox 1842 4326 1902 4367; x_wconf 89' lang='lat' dir='ltr'><strong>se</strong></span> <span class='ocrx_word' id='word_1_452' title='bbox 1933 4312 2072 4369; x_wconf 86' lang='lat' dir='ltr'><strong>adeo</strong></span> 
     </span>
    </p>
   </div>
   <div class='ocr_carea' id='block_1_62' title="bbox 432 4384 2074 4474">
    <p class='ocr_par' dir='ltr' id='par_1_62' title="bbox 432 4384 2074 4474">
     <span class='ocr_line' id='line_1_62' title="bbox 432 4384 2074 4474; baseline 0.013 -37"><span class='ocrx_word' id='word_1_453' title='bbox 432 4384 820 4455; x_wconf 87' lang='lat' dir='ltr'><strong>discessisset,</strong></span> <span class='ocrx_word' id='word_1_454' title='bbox 848 4395 905 4445; x_wconf 91' lang='lat' dir='ltr'><strong>et</strong></span> <span class='ocrx_word' id='word_1_455' title='bbox 936 4391 1171 4461; x_wconf 90' lang='lat' dir='ltr'><strong>fureret,</strong></span> <span class='ocrx_word' id='word_1_456' title='bbox 1194 4395 1242 4450; x_wconf 90' lang='lat' dir='ltr'><strong>ei</strong></span> <span class='ocrx_word' id='word_1_457' title='bbox 1277 4396 1453 4452; x_wconf 89' lang='lat' dir='ltr'><strong>etiam</strong></span> <span class='ocrx_word' id='word_1_458' title='bbox 1486 4398 1762 4470; x_wconf 62' lang='lat' dir='ltr'><strong>tale_&#39;quid</strong></span> <span class='ocrx_word' id='word_1_459' title='bbox 1794 4402 2074 4474; x_wconf 87' lang='lat' dir='ltr'><strong>suggerit,</strong></span> 
     </span>
    </p>
   </div>
   <div class='ocr_carea' id='block_1_63' title="bbox 433 4476 2076 4561">
    <p class='ocr_par' dir='ltr' id='par_1_63' title="bbox 433 4476 2076 4561">
     <span class='ocr_line' id='line_1_63' title="bbox 433 4476 2076 4561; baseline 0.011 -32"><span class='ocrx_word' id='word_1_460' title='bbox 433 4476 531 4546; x_wconf 92' lang='lat' dir='ltr'><strong>qui</strong></span> <span class='ocrx_word' id='word_1_461' title='bbox 563 4492 692 4531; x_wconf 91' lang='lat' dir='ltr'><strong>cum</strong></span> <span class='ocrx_word' id='word_1_462' title='bbox 728 4494 794 4534; x_wconf 90' lang='lat' dir='ltr'><strong>eo</strong></span> <span class='ocrx_word' id='word_1_463' title='bbox 826 4496 1086 4537; x_wconf 89' lang='lat' dir='ltr'><strong>seorsum</strong></span> <span class='ocrx_word' id='word_1_464' title='bbox 1111 4482 1470 4553; x_wconf 87' lang='lat' dir='ltr'><strong>loquebatur,</strong></span> <span class='ocrx_word' id='word_1_465' title='bbox 1502 4487 1801 4545; x_wconf 91' lang='lat' dir='ltr'><strong>diabolus:</strong></span> <span class='ocrx_word' id='word_1_466' title='bbox 1831 4496 1887 4545; x_wconf 92' lang='lat' dir='ltr'><strong>et</strong></span> <span class='ocrx_word' id='word_1_467' title='bbox 1911 4492 2076 4561; x_wconf 88' lang='lat' dir='ltr'><strong>jubet</strong></span> 
     </span>
    </p>
   </div>
   <div class='ocr_carea' id='block_1_64' title="bbox 2181 1912 3831 1990">
    <p class='ocr_par' dir='ltr' id='par_1_64' title="bbox 2181 1912 3831 1990">
     <span class='ocr_line' id='line_1_64' title="bbox 2181 1912 3831 1990; baseline 0.004 -26"><span class='ocrx_word' id='word_1_468' title='bbox 2181 1930 2362 1983; x_wconf 87' lang='grc' dir='ltr'>ναμιν·</span> <span class='ocrx_word' id='word_1_469' title='bbox 2390 1912 2416 1965; x_wconf 87' lang='grc' dir='ltr'>ὁ</span> <span class='ocrx_word' id='word_1_470' title='bbox 2448 1913 2577 1971; x_wconf 82' lang='grc' dir='ltr'>Θεὸς</span> <span class='ocrx_word' id='word_1_471' title='bbox 2612 1914 2639 1967; x_wconf 96' lang='lat'><strong>6</strong></span> <span class='ocrx_word' id='word_1_472' title='bbox 2664 1913 2792 1975; x_wconf 82' lang='grc' dir='ltr'>Θεός</span> <span class='ocrx_word' id='word_1_473' title='bbox 2829 1934 2951 1985; x_wconf 91' lang='grc' dir='ltr'>μου.</span> <span class='ocrx_word' id='word_1_474' title='bbox 2989 1915 3086 1968; x_wconf 80' lang='grc' dir='ltr'><strong>Καὶ</strong></span> <span class='ocrx_word' id='word_1_475' title='bbox 3122 1916 3197 1987; x_wconf 84' lang='grc' dir='ltr'>μὴ</span> <span class='ocrx_word' id='word_1_476' title='bbox 3235 1916 3515 1990; x_wconf 75' lang='grc' dir='ltr'>μακρύνῃς</span> <span class='ocrx_word' id='word_1_477' title='bbox 3543 1917 3640 1971; x_wconf 82' lang='grc' dir='ltr'>ἀπ’</span> <span class='ocrx_word' id='word_1_478' title='bbox 3670 1915 3831 1989; x_wconf 72' lang='grc' dir='ltr'>ἐμοῦ,</span> 
     </span>
    </p>
   </div>
   <div class='ocr_carea' id='block_1_65' title="bbox 2180 1998 3836 2076">
    <p class='ocr_par' dir='ltr' id='par_1_65' title="bbox 2180 1998 3836 2076">
     <span class='ocr_line' id='line_1_65' title="bbox 2180 1998 3836 2076; baseline 0.005 -24"><span class='ocrx_word' id='word_1_479' title='bbox 2180 2026 2206 2052; x_wconf 87' lang='grc'><strong>‹‹</strong></span> <span class='ocrx_word' id='word_1_480' title='bbox 2242 2001 2325 2055; x_wconf 79' lang='grc' dir='ltr'><strong>ὅτι</strong></span> <span class='ocrx_word' id='word_1_481' title='bbox 2356 1998 2597 2073; x_wconf 76' lang='grc' dir='ltr'>ἐξέλιπεν</span> <span class='ocrx_word' id='word_1_482' title='bbox 2622 2001 2673 2056; x_wconf 86' lang='grc' dir='ltr'><strong>ἐν</strong></span> <span class='ocrx_word' id='word_1_483' title='bbox 2697 1999 2861 2075; x_wconf 75' lang='grc' dir='ltr'>ὀδύνῃ</span> <span class='ocrx_word' id='word_1_484' title='bbox 2890 2005 2925 2071; x_wconf 78' lang='grc' dir='ltr'>ἡ</span> <span class='ocrx_word' id='word_1_485' title='bbox 2950 2005 3062 2073; x_wconf 81' lang='grc' dir='ltr'><strong>ζωή</strong></span> <span class='ocrx_word' id='word_1_486' title='bbox 3092 2005 3264 2075; x_wconf 78' lang='grc' dir='ltr'>μου.»</span> <span class='ocrx_word' id='word_1_487' title='bbox 3293 2006 3415 2061; x_wconf 83' lang='grc' dir='ltr'>Ὀτι</span> <span class='ocrx_word' id='word_1_488' title='bbox 3447 2004 3734 2076; x_wconf 64' lang='grc' dir='ltr'>ἐκολλήθη</span> <span class='ocrx_word' id='word_1_489' title='bbox 3763 2005 3836 2067; x_wconf 81' lang='grc' dir='ltr'>εἷς</span> 
     </span>
    </p>
   </div>
   <div class='ocr_carea' id='block_1_66' title="bbox 2177 2090 3834 2173">
    <p class='ocr_par' dir='ltr' id='par_1_66' title="bbox 2177 2090 3834 2173">
     <span class='ocr_line' id='line_1_66' title="bbox 2177 2090 3834 2173; baseline 0.004 -31"><span class='ocrx_word' id='word_1_490' title='bbox 2177 2096 2278 2164; x_wconf 79' lang='grc' dir='ltr'><strong>γῆν</strong></span> <span class='ocrx_word' id='word_1_491' title='bbox 2310 2090 2344 2158; x_wconf 78' lang='grc' dir='ltr'><strong>ἡ</strong></span> <span class='ocrx_word' id='word_1_492' title='bbox 2385 2092 2591 2166; x_wconf 68' lang='grc' dir='ltr'>γαστήρ</span> <span class='ocrx_word' id='word_1_493' title='bbox 2645 2111 2769 2164; x_wconf 90' lang='grc' dir='ltr'>μου,</span> <span class='ocrx_word' id='word_1_494' title='bbox 2816 2092 2902 2145; x_wconf 77' lang='grc' dir='ltr'>καὶ</span> <span class='ocrx_word' id='word_1_495' title='bbox 2946 2091 3013 2146; x_wconf 78' lang='grc' dir='ltr'>τὰ</span> <span class='ocrx_word' id='word_1_496' title='bbox 3070 2092 3199 2148; x_wconf 89' lang='grc' dir='ltr'>ὀστᾶ</span> <span class='ocrx_word' id='word_1_497' title='bbox 3249 2114 3355 2166; x_wconf 90' lang='grc' dir='ltr'><strong>μου</strong></span> <span class='ocrx_word' id='word_1_498' title='bbox 3414 2094 3543 2149; x_wconf 83' lang='grc' dir='ltr'>ὡσεὶ</span> <span class='ocrx_word' id='word_1_499' title='bbox 3609 2096 3834 2173; x_wconf 68' lang='grc' dir='ltr'>φρύγιον</span> 
     </span>
    </p>
   </div>
   <div class='ocr_carea' id='block_1_67' title="bbox 2181 2179 2613 2256">
    <p class='ocr_par' dir='ltr' id='par_1_67' title="bbox 2181 2179 2613 2256">
     <span class='ocr_line' id='line_1_67' title="bbox 2181 2179 2613 2256; baseline 0.007 -24"><span class='ocrx_word' id='word_1_500' title='bbox 2181 2179 2613 2256; x_wconf 72' lang='grc' dir='ltr'>συνεφρύγησαν.</span> 
     </span>
    </p>
   </div>
   <div class='ocr_carea' id='block_1_68' title="bbox 2250 2269 3825 2346">
    <p class='ocr_par' dir='ltr' id='par_1_68' title="bbox 2250 2269 3825 2346">
     <span class='ocr_line' id='line_1_68' title="bbox 2250 2269 3825 2346; baseline 0.004 -22"><span class='ocrx_word' id='word_1_501' title='bbox 2250 2269 2331 2324; x_wconf 85' lang='grc' dir='ltr'><strong>ΙΙ’.</strong></span> <span class='ocrx_word' id='word_1_502' title='bbox 2386 2272 2563 2324; x_wconf 80' lang='grc' dir='ltr'>Ταῦτα</span> <span class='ocrx_word' id='word_1_503' title='bbox 2610 2269 3016 2344; x_wconf 82' lang='grc' dir='ltr'>προσευξαμένη</span> <span class='ocrx_word' id='word_1_504' title='bbox 3177 2271 3405 2346; x_wconf 83' lang='grc' dir='ltr'>ταχείας</span> <span class='ocrx_word' id='word_1_505' title='bbox 3471 2272 3771 2343; x_wconf 77' lang='grc' dir='ltr'>ἐπισκοπῆς</span> <span class='ocrx_word' id='word_1_506' title='bbox 3810 2276 3825 2331; x_wconf 77' lang='grc' dir='ltr'><strong>ί</strong></span> 
     </span>
    </p>
   </div>
   <div class='ocr_carea' id='block_1_69' title="bbox 2178 2353 3815 2434">
    <p class='ocr_par' dir='ltr' id='par_1_69' title="bbox 2178 2353 3815 2434">
     <span class='ocr_line' id='line_1_69' title="bbox 2178 2353 3815 2434; baseline 0.004 -24"><span class='ocrx_word' id='word_1_507' title='bbox 2178 2354 2221 2409; x_wconf 83' lang='grc' dir='ltr'>ὤ</span> <span class='ocrx_word' id='word_1_508' title='bbox 2280 2358 2540 2429; x_wconf 79' lang='grc' dir='ltr'>ὀξυτάτης</span> <span class='ocrx_word' id='word_1_509' title='bbox 2602 2353 2874 2421; x_wconf 75' lang='grc' dir='ltr'>ἐκϐάσεως</span> <span class='ocrx_word' id='word_1_510' title='bbox 2908 2361 2946 2432; x_wconf 77' lang='grc' dir='ltr'><strong>Ι)</strong></span> <span class='ocrx_word' id='word_1_511' title='bbox 3012 2359 3217 2414; x_wconf 82' lang='grc' dir='ltr'>ἀνίεται</span> <span class='ocrx_word' id='word_1_512' title='bbox 3264 2362 3358 2434; x_wconf 77' lang='grc' dir='ltr'>μὶν</span> <span class='ocrx_word' id='word_1_513' title='bbox 3422 2359 3568 2424; x_wconf 79' lang='grc' dir='ltr'>εὐθὺς</span> <span class='ocrx_word' id='word_1_514' title='bbox 3614 2361 3815 2416; x_wconf 70' lang='grc' dir='ltr'>ἐκείνου</span> 
     </span>
    </p>
   </div>
   <div class='ocr_carea' id='block_1_70' title="bbox 2176 2446 3803 2526">
    <p class='ocr_par' dir='ltr' id='par_1_70' title="bbox 2176 2446 3803 2526">
     <span class='ocr_line' id='line_1_70' title="bbox 2176 2446 3803 2526; baseline 0.003 -28"><span class='ocrx_word' id='word_1_515' title='bbox 2176 2450 2272 2500; x_wconf 79' lang='grc' dir='ltr'><strong>τοῦ</strong></span> <span class='ocrx_word' id='word_1_516' title='bbox 2325 2446 2573 2521; x_wconf 76' lang='grc' dir='ltr'>χαλεποῦ</span> <span class='ocrx_word' id='word_1_517' title='bbox 2624 2450 3052 2525; x_wconf 73' lang='grc' dir='ltr'>μηχανήματος,</span> <span class='ocrx_word' id='word_1_518' title='bbox 3114 2447 3257 2522; x_wconf 81' lang='grc' dir='ltr'><strong>μηδέ</strong></span> <span class='ocrx_word' id='word_1_519' title='bbox 3306 2449 3517 2526; x_wconf 71' lang='grc' dir='ltr'>πληγῆς</span> <span class='ocrx_word' id='word_1_520' title='bbox 3538 2448 3684 2524; x_wconf 66' lang='grc' dir='ltr'>ἴχνος</span> <span class='ocrx_word' id='word_1_521' title='bbox 3716 2454 3803 2520; x_wconf 86' lang='grc' dir='ltr'>τῷ</span> 
     </span>
    </p>
   </div>
   <div class='ocr_carea' id='block_1_71' title="bbox 2176 2532 3799 2613">
    <p class='ocr_par' dir='ltr' id='par_1_71' title="bbox 2176 2532 3799 2613">
     <span class='ocr_line' id='line_1_71' title="bbox 2176 2532 3799 2613; baseline 0.003 -26"><span class='ocrx_word' id='word_1_522' title='bbox 2176 2535 2413 2607; x_wconf 84' lang='grc' dir='ltr'>σώματι,</span> <span class='ocrx_word' id='word_1_523' title='bbox 2449 2532 2589 2608; x_wconf 74' lang='grc' dir='ltr'>μηδὲ</span> <span class='ocrx_word' id='word_1_524' title='bbox 2627 2539 2796 2609; x_wconf 89' lang='grc' dir='ltr'>πυρὸς</span> <span class='ocrx_word' id='word_1_525' title='bbox 2834 2536 3206 2613; x_wconf 75' lang='grc' dir='ltr'>ἐπιφαίνουσα.</span> <span class='ocrx_word' id='word_1_526' title='bbox 3265 2542 3436 2612; x_wconf 72' lang='grc' dir='ltr'>’Ὀπερ</span> <span class='ocrx_word' id='word_1_527' title='bbox 3490 2538 3603 2593; x_wconf 71' lang='grc' dir='ltr'>δέον</span> <span class='ocrx_word' id='word_1_528' title='bbox 3645 2558 3799 2592; x_wconf 81' lang='grc' dir='ltr'>κατα-</span> 
     </span>
    </p>
   </div>
   <div class='ocr_carea' id='block_1_72' title="bbox 2173 2623 3803 2703">
    <p class='ocr_par' dir='ltr' id='par_1_72' title="bbox 2173 2623 3803 2703">
     <span class='ocr_line' id='line_1_72' title="bbox 2173 2623 3803 2703; baseline 0.001 -25"><span class='ocrx_word' id='word_1_529' title='bbox 2173 2624 2449 2699; x_wconf 79' lang='grc' dir='ltr'>πλαγῆναι</span> <span class='ocrx_word' id='word_1_530' title='bbox 2497 2625 2587 2679; x_wconf 86' lang='grc' dir='ltr'><strong>τὸν</strong></span> <span class='ocrx_word' id='word_1_531' title='bbox 2648 2623 2925 2695; x_wconf 71' lang='grc' dir='ltr'>δικαστὴν,</span> <span class='ocrx_word' id='word_1_532' title='bbox 2975 2626 3064 2681; x_wconf 86' lang='grc' dir='ltr'><strong>καὶ</strong></span> <span class='ocrx_word' id='word_1_533' title='bbox 3120 2628 3181 2681; x_wconf 88' lang='grc' dir='ltr'><strong>τὸ</strong></span> <span class='ocrx_word' id='word_1_534' title='bbox 3227 2626 3458 2703; x_wconf 83' lang='grc' dir='ltr'>κατέχον</span> <span class='ocrx_word' id='word_1_535' title='bbox 3512 2626 3662 2682; x_wconf 73' lang='grc' dir='ltr'>αὐτὸν</span> <span class='ocrx_word' id='word_1_536' title='bbox 3709 2634 3803 2688; x_wconf 68' lang='grc' dir='ltr'>τῖς</span> 
     </span>
    </p>
   </div>
   <div class='ocr_carea' id='block_1_73' title="bbox 2174 2708 3809 2792">
    <p class='ocr_par' dir='ltr' id='par_1_73' title="bbox 2174 2708 3809 2792">
     <span class='ocr_line' id='line_1_73' title="bbox 2174 2708 3809 2792; baseline 0 -23"><span class='ocrx_word' id='word_1_537' title='bbox 2174 2708 2418 2775; x_wconf 79' lang='grc' dir='ltr'>ἀσεϐείας</span> <span class='ocrx_word' id='word_1_538' title='bbox 2496 2714 2879 2779; x_wconf 82' lang='grc' dir='ltr'>ἀποσείσασθαι</span> <span class='ocrx_word' id='word_1_539' title='bbox 2939 2716 3120 2792; x_wconf 76' lang='grc' dir='ltr'>νέφος,</span> <span class='ocrx_word' id='word_1_540' title='bbox 3189 2718 3217 2770; x_wconf 88' lang='lat'><strong>6</strong></span> <span class='ocrx_word' id='word_1_541' title='bbox 3284 2714 3340 2771; x_wconf 76' lang='grc' dir='ltr'>δὲ</span> <span class='ocrx_word' id='word_1_542' title='bbox 3406 2716 3466 2771; x_wconf 89' lang='grc' dir='ltr'><strong>ού</strong></span> <span class='ocrx_word' id='word_1_543' title='bbox 3528 2714 3809 2789; x_wconf 76' lang='grc' dir='ltr'>διαϐλέψαι</span> 
     </span>
    </p>
   </div>
   <div class='ocr_carea' id='block_1_74' title="bbox 2180 2804 3817 2881">
    <p class='ocr_par' dir='ltr' id='par_1_74' title="bbox 2180 2804 3817 2881">
     <span class='ocr_line' id='line_1_74' title="bbox 2180 2804 3817 2881; baseline 0.002 -24"><span class='ocrx_word' id='word_1_544' title='bbox 2180 2804 2371 2877; x_wconf 81' lang='grc' dir='ltr'>μικρὸν</span> <span class='ocrx_word' id='word_1_545' title='bbox 2428 2804 2563 2879; x_wconf 88' lang='grc' dir='ltr'>πρὸς</span> <span class='ocrx_word' id='word_1_546' title='bbox 2603 2806 2701 2874; x_wconf 76' lang='grc' dir='ltr'>τὴν</span> <span class='ocrx_word' id='word_1_547' title='bbox 2740 2807 3215 2881; x_wconf 78' lang='grc' dir='ltr'>θαυματοργοῠσαν</span> <span class='ocrx_word' id='word_1_548' title='bbox 3263 2808 3329 2860; x_wconf 80' lang='grc' dir='ltr'>τὰ</span> <span class='ocrx_word' id='word_1_549' title='bbox 3382 2811 3607 2861; x_wconf 73' lang='grc' dir='ltr'>τοιαῦτα</span> <span class='ocrx_word' id='word_1_550' title='bbox 3668 2804 3817 2861; x_wconf 77' lang='grc' dir='ltr'>δύνα-</span> 
     </span>
    </p>
   </div>
   <div class='ocr_carea' id='block_1_75' title="bbox 2176 2890 3815 2970">
    <p class='ocr_par' dir='ltr' id='par_1_75' title="bbox 2176 2890 3815 2970">
     <span class='ocr_line' id='line_1_75' title="bbox 2176 2890 3815 2970; baseline 0.002 -25"><span class='ocrx_word' id='word_1_551' title='bbox 2176 2914 2265 2965; x_wconf 88' lang='grc' dir='ltr'><strong>μιν</strong></span> <span class='ocrx_word' id='word_1_552' title='bbox 2316 2890 2557 2965; x_wconf 73' lang='grc' dir='ltr'>ἴσχυσεν,</span> <span class='ocrx_word' id='word_1_553' title='bbox 2605 2891 2731 2949; x_wconf 75' lang='grc' dir='ltr'>οὐδὲ</span> <span class='ocrx_word' id='word_1_554' title='bbox 2786 2894 3099 2969; x_wconf 77' lang='grc' dir='ltr'>ἐπιστρέψαι</span> <span class='ocrx_word' id='word_1_555' title='bbox 3166 2893 3388 2970; x_wconf 80' lang='grc' dir='ltr'>καρδίαν</span> <span class='ocrx_word' id='word_1_556' title='bbox 3457 2894 3542 2950; x_wconf 85' lang='grc' dir='ltr'>ἐπ’</span> <span class='ocrx_word' id='word_1_557' title='bbox 3614 2896 3815 2965; x_wconf 74' lang='grc' dir='ltr'>αὐτήν-</span> 
     </span>
    </p>
   </div>
   <div class='ocr_carea' id='block_1_76' title="bbox 2171 2976 3816 3058">
    <p class='ocr_par' dir='ltr' id='par_1_76' title="bbox 2171 2976 3816 3058">
     <span class='ocr_line' id='line_1_76' title="bbox 2171 2976 3816 3058; baseline 0.001 -23"><span class='ocrx_word' id='word_1_558' title='bbox 2171 2980 2297 3036; x_wconf 71' lang='grc' dir='ltr'>ἆλλ⁹</span> <span class='ocrx_word' id='word_1_559' title='bbox 2336 2976 2414 3037; x_wconf 79' lang='grc' dir='ltr'>ἔτι</span> <span class='ocrx_word' id='word_1_560' title='bbox 2471 2985 2651 3057; x_wconf 82' lang='grc' dir='ltr'>παχὺς</span> <span class='ocrx_word' id='word_1_561' title='bbox 2690 2986 2755 3052; x_wconf 66' lang='grc' dir='ltr'>ἦν</span> <span class='ocrx_word' id='word_1_562' title='bbox 2814 2985 2902 3039; x_wconf 82' lang='grc' dir='ltr'><strong>καὶ</strong></span> <span class='ocrx_word' id='word_1_563' title='bbox 2942 2983 3185 3054; x_wconf 79' lang='grc' dir='ltr'>ἠλίθιος,</span> <span class='ocrx_word' id='word_1_564' title='bbox 3235 2984 3312 3039; x_wconf 82' lang='grc' dir='ltr'><strong>ἔτι</strong></span> <span class='ocrx_word' id='word_1_565' title='bbox 3342 2986 3439 3053; x_wconf 72' lang='grc' dir='ltr'>τὴν</span> <span class='ocrx_word' id='word_1_566' title='bbox 3476 2983 3645 3058; x_wconf 86' lang='grc' dir='ltr'>μέθην</span> <span class='ocrx_word' id='word_1_567' title='bbox 3678 2985 3816 3039; x_wconf 75' lang='grc' dir='ltr'>ἐκεί-</span> 
     </span>
    </p>
   </div>
   <div class='ocr_carea' id='block_1_77' title="bbox 2171 3072 3813 3149">
    <p class='ocr_par' dir='ltr' id='par_1_77' title="bbox 2171 3072 3813 3149">
     <span class='ocr_line' id='line_1_77' title="bbox 2171 3072 3813 3149; baseline 0.003 -25"><span class='ocrx_word' id='word_1_568' title='bbox 2171 3092 2266 3139; x_wconf 89' lang='grc' dir='ltr'>νην</span> <span class='ocrx_word' id='word_1_569' title='bbox 2298 3078 2398 3140; x_wconf 82' lang='grc' dir='ltr'>τῆς</span> <span class='ocrx_word' id='word_1_570' title='bbox 2424 3072 2696 3141; x_wconf 83' lang='grc' dir='ltr'>ἀπιστίας,</span> <span class='ocrx_word' id='word_1_571' title='bbox 2729 3073 2818 3127; x_wconf 79' lang='grc' dir='ltr'>καὶ</span> <span class='ocrx_word' id='word_1_572' title='bbox 2864 3074 2961 3141; x_wconf 78' lang='grc' dir='ltr'>τήν</span> <span class='ocrx_word' id='word_1_573' title='bbox 2999 3075 3187 3147; x_wconf 88' lang='grc' dir='ltr'>μανίαν</span> <span class='ocrx_word' id='word_1_574' title='bbox 3219 3074 3309 3128; x_wconf 88' lang='grc' dir='ltr'>καὶ</span> <span class='ocrx_word' id='word_1_575' title='bbox 3359 3076 3459 3142; x_wconf 74' lang='grc' dir='ltr'>τὴν</span> <span class='ocrx_word' id='word_1_576' title='bbox 3511 3073 3689 3149; x_wconf 75' lang='grc' dir='ltr'>ἀχλὺν</span> <span class='ocrx_word' id='word_1_577' title='bbox 3719 3095 3813 3129; x_wconf 81' lang='grc' dir='ltr'>πε-</span> 
     </span>
    </p>
   </div>
   <div class='ocr_carea' id='block_1_78' title="bbox 2178 3159 3811 3237">
    <p class='ocr_par' dir='ltr' id='par_1_78' title="bbox 2178 3159 3811 3237">
     <span class='ocr_line' id='line_1_78' title="bbox 2178 3159 3811 3237; baseline 0.003 -24"><span class='ocrx_word' id='word_1_578' title='bbox 2178 3159 2498 3233; x_wconf 86' lang='grc' dir='ltr'>ρικείμενος.</span> <span class='ocrx_word' id='word_1_579' title='bbox 2531 3161 2628 3215; x_wconf 85' lang='grc' dir='ltr'>Καὶ</span> <span class='ocrx_word' id='word_1_580' title='bbox 2695 3160 2862 3217; x_wconf 86' lang='grc' dir='ltr'>πάλιν</span> <span class='ocrx_word' id='word_1_581' title='bbox 2922 3163 3094 3231; x_wconf 71' lang='grc' dir='ltr'>αὐτὴν</span> <span class='ocrx_word' id='word_1_582' title='bbox 3149 3162 3235 3217; x_wconf 83' lang='grc' dir='ltr'><strong>ἐπὶ</strong></span> <span class='ocrx_word' id='word_1_583' title='bbox 3268 3162 3432 3233; x_wconf 88' lang='grc' dir='ltr'>ξύλου</span> <span class='ocrx_word' id='word_1_584' title='bbox 3464 3163 3811 3237; x_wconf 84' lang='grc' dir='ltr'>μετεωρίσας,</span> 
     </span>
    </p>
   </div>
   <div class='ocr_carea' id='block_1_79' title="bbox 2175 3249 3814 3328">
    <p class='ocr_par' dir='ltr' id='par_1_79' title="bbox 2175 3249 3814 3328">
     <span class='ocr_line' id='line_1_79' title="bbox 2175 3249 3814 3328; baseline 0.002 -24"><span class='ocrx_word' id='word_1_585' title='bbox 2175 3249 2424 3323; x_wconf 80' lang='grc' dir='ltr'>σιδηροῖς</span> <span class='ocrx_word' id='word_1_586' title='bbox 2484 3252 2660 3321; x_wconf 75' lang='grc' dir='ltr'>ὄνυξιν</span> <span class='ocrx_word' id='word_1_587' title='bbox 2718 3253 2976 3326; x_wconf 86' lang='grc' dir='ltr'>ὠμὸτατα</span> <span class='ocrx_word' id='word_1_588' title='bbox 3032 3254 3355 3323; x_wconf 73' lang='grc' dir='ltr'>καταξαίνει.</span> <span class='ocrx_word' id='word_1_589' title='bbox 3416 3256 3477 3312; x_wconf 77' lang='grc' dir='ltr'><strong>Ἠ</strong></span> <span class='ocrx_word' id='word_1_590' title='bbox 3543 3252 3601 3309; x_wconf 74' lang='grc' dir='ltr'>δὲ</span> <span class='ocrx_word' id='word_1_591' title='bbox 3684 3256 3814 3328; x_wconf 86' lang='grc' dir='ltr'>πρὸς</span> 
     </span>
    </p>
   </div>
   <div class='ocr_carea' id='block_1_80' title="bbox 2175 3342 3813 3421">
    <p class='ocr_par' dir='ltr' id='par_1_80' title="bbox 2175 3342 3813 3421">
     <span class='ocr_line' id='line_1_80' title="bbox 2175 3342 3813 3421; baseline 0.001 -25"><span class='ocrx_word' id='word_1_592' title='bbox 2175 3342 2375 3396; x_wconf 84' lang='grc' dir='ltr'>ἐκεῖνον</span> <span class='ocrx_word' id='word_1_593' title='bbox 2422 3342 2559 3416; x_wconf 61' lang='grc' dir='ltr'>αἶ’ρει</span> <span class='ocrx_word' id='word_1_594' title='bbox 2603 3343 2692 3397; x_wconf 82' lang='grc' dir='ltr'>καὶ</span> <span class='ocrx_word' id='word_1_595' title='bbox 2736 3342 2901 3397; x_wconf 87' lang='grc' dir='ltr'>πάλιν</span> <span class='ocrx_word' id='word_1_596' title='bbox 2945 3342 3073 3406; x_wconf 83' lang='grc' dir='ltr'>τοὺς</span> <span class='ocrx_word' id='word_1_597' title='bbox 3120 3343 3437 3421; x_wconf 82' lang='grc' dir='ltr'>ὀφθαλμοὺς</span> <span class='ocrx_word' id='word_1_598' title='bbox 3483 3345 3575 3399; x_wconf 89' lang='grc' dir='ltr'><strong>τὸν</strong></span> <span class='ocrx_word' id='word_1_599' title='bbox 3627 3344 3687 3399; x_wconf 79' lang='grc' dir='ltr'><strong>ἐκ</strong></span> <span class='ocrx_word' id='word_1_600' title='bbox 3731 3346 3813 3398; x_wconf 84' lang='grc' dir='ltr'>θα-</span> 
     </span>
    </p>
   </div>
   <div class='ocr_carea' id='block_1_81' title="bbox 2174 3428 3812 3509">
    <p class='ocr_par' dir='ltr' id='par_1_81' title="bbox 2174 3428 3812 3509">
     <span class='ocr_line' id='line_1_81' title="bbox 2174 3428 3812 3509; baseline 0.001 -25"><span class='ocrx_word' id='word_1_601' title='bbox 2174 3430 2358 3496; x_wconf 84' lang='grc' dir='ltr'>νάτου,</span> <span class='ocrx_word' id='word_1_602' title='bbox 2390 3430 2478 3484; x_wconf 81' lang='grc' dir='ltr'>καὶ</span> <span class='ocrx_word' id='word_1_603' title='bbox 2546 3430 2597 3485; x_wconf 87' lang='grc' dir='ltr'><strong>ἐν</strong></span> <span class='ocrx_word' id='word_1_604' title='bbox 2652 3428 2906 3505; x_wconf 65' lang='grc' dir='ltr'>πολέμῳ,</span> <span class='ocrx_word' id='word_1_605' title='bbox 2937 3433 3028 3487; x_wconf 82' lang='grc' dir='ltr'><strong>καὶ</strong></span> <span class='ocrx_word' id='word_1_606' title='bbox 3085 3432 3144 3487; x_wconf 87' lang='grc' dir='ltr'><strong>ἐκ</strong></span> <span class='ocrx_word' id='word_1_607' title='bbox 3188 3434 3377 3509; x_wconf 87' lang='grc' dir='ltr'>χειρὸς</span> <span class='ocrx_word' id='word_1_608' title='bbox 3425 3431 3645 3508; x_wconf 76' lang='grc' dir='ltr'>σιδήρου</span> <span class='ocrx_word' id='word_1_609' title='bbox 3677 3431 3812 3508; x_wconf 75' lang='grc' dir='ltr'><strong>ῥυό-</strong></span> 
     </span>
    </p>
   </div>
   <div class='ocr_carea' id='block_1_82' title="bbox 2178 3520 3816 3598">
    <p class='ocr_par' dir='ltr' id='par_1_82' title="bbox 2178 3520 3816 3598">
     <span class='ocr_line' id='line_1_82' title="bbox 2178 3520 3816 3598; baseline 0.001 -24"><span class='ocrx_word' id='word_1_610' title='bbox 2178 3540 2336 3592; x_wconf 86' lang='grc' dir='ltr'>μενον</span> <span class='ocrx_word' id='word_1_611' title='bbox 2404 3520 2661 3593; x_wconf 82' lang='grc' dir='ltr'>(Ἢσαίἀς</span> <span class='ocrx_word' id='word_1_612' title='bbox 2732 3522 2758 3574; x_wconf 90' lang='lat'><strong>6</strong></span> <span class='ocrx_word' id='word_1_613' title='bbox 2820 3520 2983 3594; x_wconf 84' lang='grc' dir='ltr'>μέγας</span> <span class='ocrx_word' id='word_1_614' title='bbox 3041 3523 3238 3598; x_wconf 76' lang='grc' dir='ltr'>φησὶ),</span> <span class='ocrx_word' id='word_1_615' title='bbox 3315 3524 3405 3576; x_wconf 75' lang='grc' dir='ltr'>καὶ</span> <span class='ocrx_word' id='word_1_616' title='bbox 3478 3528 3816 3597; x_wconf 72' lang='grc' dir='ltr'>παραχρῆμα</span> 
     </span>
    </p>
   </div>
   <div class='ocr_carea' id='block_1_83' title="bbox 2174 3607 3811 3686">
    <p class='ocr_par' dir='ltr' id='par_1_83' title="bbox 2174 3607 3811 3686">
     <span class='ocr_line' id='line_1_83' title="bbox 2174 3607 3811 3686; baseline 0.002 -24"><span class='ocrx_word' id='word_1_617' title='bbox 2174 3608 2439 3679; x_wconf 78' lang='grc' dir='ltr'>τοσαύτης</span> <span class='ocrx_word' id='word_1_618' title='bbox 2470 3607 2668 3663; x_wconf 76' lang='grc' dir='ltr'>ἐκεῖθεν</span> <span class='ocrx_word' id='word_1_619' title='bbox 2702 3609 2971 3665; x_wconf 88' lang='grc' dir='ltr'>ἀπέλαυσε</span> <span class='ocrx_word' id='word_1_620' title='bbox 3029 3618 3127 3680; x_wconf 76' lang='grc' dir='ltr'>τῆς</span> <span class='ocrx_word' id='word_1_621' title='bbox 3186 3612 3361 3685; x_wconf 79' lang='grc' dir='ltr'>ῥοπῆς</span> <span class='ocrx_word' id='word_1_622' title='bbox 3408 3633 3465 3667; x_wconf 87' lang='grc' dir='ltr'><strong>τε</strong></span> <span class='ocrx_word' id='word_1_623' title='bbox 3530 3612 3620 3667; x_wconf 77' lang='grc' dir='ltr'><strong>καὶ</strong></span> <span class='ocrx_word' id='word_1_624' title='bbox 3672 3613 3811 3686; x_wconf 84' lang='grc' dir='ltr'>βοη-</span> 
     </span>
    </p>
   </div>
   <div class='ocr_carea' id='block_1_84' title="bbox 2176 3696 3817 3775">
    <p class='ocr_par' dir='ltr' id='par_1_84' title="bbox 2176 3696 3817 3775">
     <span class='ocr_line' id='line_1_84' title="bbox 2176 3696 3817 3775; baseline 0 -24"><span class='ocrx_word' id='word_1_625' title='bbox 2176 3698 2341 3767; x_wconf 85' lang='grc' dir='ltr'>θείας,</span> <span class='ocrx_word' id='word_1_626' title='bbox 2373 3696 2513 3753; x_wconf 83' lang='grc' dir='ltr'>ὥστε</span> <span class='ocrx_word' id='word_1_627' title='bbox 2568 3704 2658 3753; x_wconf 76' lang='grc' dir='ltr'>καῖ</span> <span class='ocrx_word' id='word_1_628' title='bbox 2706 3703 2810 3753; x_wconf 89' lang='grc' dir='ltr'><strong>τῶν</strong></span> <span class='ocrx_word' id='word_1_629' title='bbox 2874 3697 3093 3772; x_wconf 82' lang='grc' dir='ltr'>δημίων</span> <span class='ocrx_word' id='word_1_630' title='bbox 3155 3700 3258 3755; x_wconf 85' lang='grc' dir='ltr'><strong>ὑπὸ</strong></span> <span class='ocrx_word' id='word_1_631' title='bbox 3301 3707 3402 3770; x_wconf 77' lang='grc' dir='ltr'>τῆς</span> <span class='ocrx_word' id='word_1_632' title='bbox 3440 3705 3545 3756; x_wconf 86' lang='grc' dir='ltr'><strong>τῶν</strong></span> <span class='ocrx_word' id='word_1_633' title='bbox 3579 3702 3817 3775; x_wconf 80' lang='grc' dir='ltr'>βασάνων</span> 
     </span>
    </p>
   </div>
   <div class='ocr_carea' id='block_1_85' title="bbox 2177 3786 3823 3865">
    <p class='ocr_par' dir='ltr' id='par_1_85' title="bbox 2177 3786 3823 3865">
     <span class='ocr_line' id='line_1_85' title="bbox 2177 3786 3823 3865; baseline 0.001 -24"><span class='ocrx_word' id='word_1_634' title='bbox 2177 3786 2455 3861; x_wconf 79' lang='grc' dir='ltr'>συνεχείας</span> <span class='ocrx_word' id='word_1_635' title='bbox 2505 3787 2906 3860; x_wconf 84' lang='grc' dir='ltr'>ἀτονησάντων,</span> <span class='ocrx_word' id='word_1_636' title='bbox 2938 3790 3075 3858; x_wconf 86' lang='grc' dir='ltr'>αύτή</span> <span class='ocrx_word' id='word_1_637' title='bbox 3112 3788 3353 3865; x_wconf 86' lang='grc' dir='ltr'>καθάπερ</span> <span class='ocrx_word' id='word_1_638' title='bbox 3405 3786 3567 3844; x_wconf 72' lang='grc' dir='ltr'>οὐδὲν</span> <span class='ocrx_word' id='word_1_639' title='bbox 3620 3788 3823 3844; x_wconf 81' lang='grc' dir='ltr'>ὀδυνωο</span> 
     </span>
    </p>
   </div>
   <div class='ocr_carea' id='block_1_86' title="bbox 2180 3872 3821 3954">
    <p class='ocr_par' dir='ltr' id='par_1_86' title="bbox 2180 3872 3821 3954">
     <span class='ocr_line' id='line_1_86' title="bbox 2180 3872 3821 3954; baseline 0.002 -25"><span class='ocrx_word' id='word_1_640' title='bbox 2180 3875 2314 3946; x_wconf 89' lang='grc' dir='ltr'>μένη</span> <span class='ocrx_word' id='word_1_641' title='bbox 2378 3872 2628 3933; x_wconf 84' lang='grc' dir='ltr'>διέκειτο.</span> <span class='ocrx_word' id='word_1_642' title='bbox 2692 3879 2808 3954; x_wconf 80' lang='grc' dir='ltr'><strong>Ἐφ’</strong></span> <span class='ocrx_word' id='word_1_643' title='bbox 2875 3879 2977 3947; x_wconf 77' lang='grc' dir='ltr'>οἷς,</span> <span class='ocrx_word' id='word_1_644' title='bbox 3039 3880 3066 3933; x_wconf 90' lang='lat'><strong>6</strong></span> <span class='ocrx_word' id='word_1_645' title='bbox 3128 3880 3350 3954; x_wconf 81' lang='grc' dir='ltr'>ἡγεμὼν</span> <span class='ocrx_word' id='word_1_646' title='bbox 3419 3879 3821 3953; x_wconf 79' lang='grc' dir='ltr'>ἀπορούμενος,</span> 
     </span>
    </p>
   </div>
   <div class='ocr_carea' id='block_1_87' title="bbox 2176 3960 3829 4047">
    <p class='ocr_par' dir='ltr' id='par_1_87' title="bbox 2176 3960 3829 4047">
     <span class='ocr_line' id='line_1_87' title="bbox 2176 3960 3829 4047; baseline 0.001 -28"><span class='ocrx_word' id='word_1_647' title='bbox 2176 3965 2269 4019; x_wconf 83' lang='grc' dir='ltr'>καὶ</span> <span class='ocrx_word' id='word_1_648' title='bbox 2325 3966 2401 4038; x_wconf 82' lang='grc' dir='ltr'>μὴ</span> <span class='ocrx_word' id='word_1_649' title='bbox 2464 3960 2607 4040; x_wconf 79' lang='grc' dir='ltr'>ἔχων</span> <span class='ocrx_word' id='word_1_650' title='bbox 2663 3966 2691 4020; x_wconf 82' lang='grc' dir='ltr'><strong>ὃ</strong></span> <span class='ocrx_word' id='word_1_651' title='bbox 2741 3987 2792 4020; x_wconf 88' lang='grc' dir='ltr'><strong>τι</strong></span> <span class='ocrx_word' id='word_1_652' title='bbox 2846 3968 2934 4020; x_wconf 82' lang='grc' dir='ltr'>καὶ</span> <span class='ocrx_word' id='word_1_653' title='bbox 2988 3964 3246 4043; x_wconf 88' lang='grc' dir='ltr'>δράσειεν,</span> <span class='ocrx_word' id='word_1_654' title='bbox 3309 3967 3583 4047; x_wconf 74' lang='grc' dir='ltr'>ἐξεφέρετό</span> <span class='ocrx_word' id='word_1_655' title='bbox 3632 3989 3691 4023; x_wconf 84' lang='grc' dir='ltr'><strong>τε</strong></span> <span class='ocrx_word' id='word_1_656' title='bbox 3735 3970 3829 4023; x_wconf 72' lang='grc' dir='ltr'>τοῦ</span> 
     </span>
    </p>
   </div>
   <div class='ocr_carea' id='block_1_88' title="bbox 2180 4054 3829 4131">
    <p class='ocr_par' dir='ltr' id='par_1_88' title="bbox 2180 4054 3829 4131">
     <span class='ocr_line' id='line_1_88' title="bbox 2180 4054 3829 4131; baseline 0.001 -24"><span class='ocrx_word' id='word_1_657' title='bbox 2180 4055 2495 4127; x_wconf 71' lang='grc' dir='ltr'>σχήματος,</span> <span class='ocrx_word' id='word_1_658' title='bbox 2556 4056 2645 4109; x_wconf 83' lang='grc' dir='ltr'><strong>καὶ</strong></span> <span class='ocrx_word' id='word_1_659' title='bbox 2710 4056 2927 4129; x_wconf 78' lang='grc' dir='ltr'>ἀνέθορέ</span> <span class='ocrx_word' id='word_1_660' title='bbox 2984 4062 3229 4131; x_wconf 89' lang='grc' dir='ltr'>συνεχῶς</span> <span class='ocrx_word' id='word_1_661' title='bbox 3270 4055 3329 4111; x_wconf 89' lang='grc' dir='ltr'><strong>ἐκ</strong></span> <span class='ocrx_word' id='word_1_662' title='bbox 3367 4062 3464 4112; x_wconf 80' lang='grc' dir='ltr'><strong>τοῦ</strong></span> <span class='ocrx_word' id='word_1_663' title='bbox 3494 4057 3703 4131; x_wconf 85' lang='grc' dir='ltr'>θρόνου,</span> <span class='ocrx_word' id='word_1_664' title='bbox 3734 4054 3829 4109; x_wconf 79' lang='grc' dir='ltr'><strong>καί</strong></span> 
     </span>
    </p>
   </div>
   <div class='ocr_carea' id='block_1_89' title="bbox 2180 4140 3830 4217">
    <p class='ocr_par' dir='ltr' id='par_1_89' title="bbox 2180 4140 3830 4217">
     <span class='ocr_line' id='line_1_89' title="bbox 2180 4140 3830 4217; baseline 0.001 -20"><span class='ocrx_word' id='word_1_665' title='bbox 2180 4142 2279 4197; x_wconf 86' lang='grc' dir='ltr'><strong>ούκ</strong></span> <span class='ocrx_word' id='word_1_666' title='bbox 2335 4140 2413 4198; x_wconf 80' lang='grc' dir='ltr'>ἔτι</span> <span class='ocrx_word' id='word_1_667' title='bbox 2468 4145 2725 4206; x_wconf 83' lang='grc' dir='ltr'>καθεκτὸς</span> <span class='ocrx_word' id='word_1_668' title='bbox 2771 4144 2837 4213; x_wconf 79' lang='grc' dir='ltr'><strong>ἦν</strong></span> <span class='ocrx_word' id='word_1_669' title='bbox 2892 4146 3053 4209; x_wconf 77' lang='grc' dir='ltr'>αὐτὸς</span> <span class='ocrx_word' id='word_1_670' title='bbox 3094 4146 3305 4217; x_wconf 74' lang='grc' dir='ltr'>ἐαυτοῦ,</span> <span class='ocrx_word' id='word_1_671' title='bbox 3339 4144 3455 4202; x_wconf 77' lang='grc' dir='ltr'>οὐδ’</span> <span class='ocrx_word' id='word_1_672' title='bbox 3492 4146 3538 4201; x_wconf 80' lang='grc' dir='ltr'><strong>ἐν</strong></span> <span class='ocrx_word' id='word_1_673' title='bbox 3564 4146 3709 4216; x_wconf 68' lang='grc' dir='ltr'>τάξει</span> <span class='ocrx_word' id='word_1_674' title='bbox 3737 4145 3830 4199; x_wconf 77' lang='grc' dir='ltr'>καὶ</span> 
     </span>
    </p>
   </div>
   <div class='ocr_carea' id='block_1_90' title="bbox 2181 4232 3321 4309">
    <p class='ocr_par' dir='ltr' id='par_1_90' title="bbox 2181 4232 3321 4309">
     <span class='ocr_line' id='line_1_90' title="bbox 2181 4232 3321 4309; baseline 0.006 -23"><span class='ocrx_word' id='word_1_675' title='bbox 2181 4237 2365 4305; x_wconf 76' lang='grc' dir='ltr'>θεσμῷ</span> <span class='ocrx_word' id='word_1_676' title='bbox 2384 4237 2462 4304; x_wconf 81' lang='grc' dir='ltr'>τῷ</span> <span class='ocrx_word' id='word_1_677' title='bbox 2490 4236 2823 4308; x_wconf 73' lang='grc' dir='ltr'>προσήκοντι</span> <span class='ocrx_word' id='word_1_678' title='bbox 2858 4234 2976 4309; x_wconf 70' lang='grc' dir='ltr'>μένε</span> <span class='ocrx_word' id='word_1_679' title='bbox 2989 4258 3030 4289; x_wconf 91' lang='grc' dir='ltr'>ιν</span> <span class='ocrx_word' id='word_1_680' title='bbox 3062 4232 3321 4305; x_wconf 80' lang='grc' dir='ltr'>ἠδύνατο.</span> 
     </span>
    </p>
   </div>
   <div class='ocr_carea' id='block_1_91' title="bbox 2252 4321 3835 4399">
    <p class='ocr_par' dir='ltr' id='par_1_91' title="bbox 2252 4321 3835 4399">
     <span class='ocr_line' id='line_1_91' title="bbox 2252 4321 3835 4399; baseline 0.001 -23"><span class='ocrx_word' id='word_1_681' title='bbox 2252 4323 2324 4377; x_wconf 79' lang='lat'><strong>8&#39;.</strong></span> <span class='ocrx_word' id='word_1_682' title='bbox 2373 4321 2525 4377; x_wconf 74' lang='grc' dir='ltr'>Οὕτω</span> <span class='ocrx_word' id='word_1_683' title='bbox 2576 4321 2633 4377; x_wconf 73' lang='grc' dir='ltr'><strong>δὲ</strong></span> <span class='ocrx_word' id='word_1_684' title='bbox 2680 4323 2828 4395; x_wconf 83' lang='grc' dir='ltr'>αύτῷ</span> <span class='ocrx_word' id='word_1_685' title='bbox 2898 4326 3420 4398; x_wconf 79' lang='grc' dir='ltr'>παρακεκινημὲνως</span> <span class='ocrx_word' id='word_1_686' title='bbox 3486 4324 3534 4393; x_wconf 75' lang='grc' dir='ltr'><strong>ἐξ</strong></span> <span class='ocrx_word' id='word_1_687' title='bbox 3604 4323 3835 4399; x_wconf 84' lang='grc' dir='ltr'>ἀπορίας</span> 
     </span>
    </p>
   </div>
   <div class='ocr_carea' id='block_1_92' title="bbox 2184 4408 3834 4483">
    <p class='ocr_par' dir='ltr' id='par_1_92' title="bbox 2184 4408 3834 4483">
     <span class='ocr_line' id='line_1_92' title="bbox 2184 4408 3834 4483; baseline 0.001 -16"><span class='ocrx_word' id='word_1_688' title='bbox 2184 4411 2268 4467; x_wconf 75' lang='grc' dir='ltr'>καὶ</span> <span class='ocrx_word' id='word_1_689' title='bbox 2315 4417 2553 4483; x_wconf 84' lang='grc' dir='ltr'>μανικῶς</span> <span class='ocrx_word' id='word_1_690' title='bbox 2601 4410 2780 4468; x_wconf 73' lang='grc' dir='ltr'>’ἐκοντι</span> <span class='ocrx_word' id='word_1_691' title='bbox 2824 4408 3125 4468; x_wconf 75' lang='grc' dir='ltr'>ὑποϐάλλει</span> <span class='ocrx_word' id='word_1_692' title='bbox 3167 4436 3221 4468; x_wconf 87' lang='grc' dir='ltr'><strong>τι</strong></span> <span class='ocrx_word' id='word_1_693' title='bbox 3262 4416 3349 4469; x_wconf 83' lang='grc' dir='ltr'>καὶ</span> <span class='ocrx_word' id='word_1_694' title='bbox 3390 4418 3640 4469; x_wconf 75' lang='grc' dir='ltr'>τοιοῦτον</span> <span class='ocrx_word' id='word_1_695' title='bbox 3705 4411 3834 4468; x_wconf 87' lang='grc' dir='ltr'>συλ-</span> 
     </span>
    </p>
   </div>
   <div class='ocr_carea' id='block_1_93' title="bbox 2186 4498 3838 4575">
    <p class='ocr_par' dir='ltr' id='par_1_93' title="bbox 2186 4498 3838 4575">
     <span class='ocr_line' id='line_1_93' title="bbox 2186 4498 3838 4575; baseline 0.001 -20"><span class='ocrx_word' id='word_1_696' title='bbox 2186 4499 2373 4555; x_wconf 90' lang='grc' dir='ltr'>λαλῶν</span> <span class='ocrx_word' id='word_1_697' title='bbox 2413 4501 2560 4573; x_wconf 85' lang='grc' dir='ltr'><strong>αύτῴ</strong></span> <span class='ocrx_word' id='word_1_698' title='bbox 2590 4504 2725 4556; x_wconf 84' lang='grc' dir='ltr'>κατὰ</span> <span class='ocrx_word' id='word_1_699' title='bbox 2761 4502 2925 4575; x_wconf 91' lang='grc' dir='ltr'>μόνας</span> <span class='ocrx_word' id='word_1_700' title='bbox 2958 4498 3241 4565; x_wconf 58' lang='grc' dir='ltr'>διάϐολος</span> <span class='ocrx_word' id='word_1_701' title='bbox 3283 4506 3374 4558; x_wconf 79' lang='grc' dir='ltr'><strong>καὶ</strong></span> <span class='ocrx_word' id='word_1_702' title='bbox 3407 4503 3549 4575; x_wconf 82' lang='grc' dir='ltr'>ξυρῷ</span> <span class='ocrx_word' id='word_1_703' title='bbox 3587 4501 3658 4575; x_wconf 76' lang='grc' dir='ltr'>τῇ</span> <span class='ocrx_word' id='word_1_704' title='bbox 3707 4502 3838 4575; x_wconf 78' lang='grc' dir='ltr'>μάρ-</span> 
     </span>
    </p>
   </div>
   <div class='ocr_carea' id='block_1_94' title="bbox 434 4567 2070 4665">
    <p class='ocr_par' dir='ltr' id='par_1_94' title="bbox 434 4567 2070 4641">
     <span class='ocr_line' id='line_1_94' title="bbox 434 4567 2070 4641; baseline 0.011 -23"><span class='ocrx_word' id='word_1_705' title='bbox 434 4567 677 4637; x_wconf 85' lang='lat' dir='ltr'><strong>martyri</strong></span> <span class='ocrx_word' id='word_1_706' title='bbox 724 4568 901 4624; x_wconf 89' lang='lat' dir='ltr'><strong>ubera</strong></span> <span class='ocrx_word' id='word_1_707' title='bbox 948 4573 1237 4641; x_wconf 90' lang='lat' dir='ltr'><strong>amputari</strong></span> <span class='ocrx_word' id='word_1_708' title='bbox 1292 4576 1593 4629; x_wconf 89' lang='lat' dir='ltr'><strong>novacula.</strong></span> <span class='ocrx_word' id='word_1_709' title='bbox 1628 4582 1737 4632; x_wconf 83' lang='lat' dir='ltr'><strong>Res</strong></span> <span class='ocrx_word' id='word_1_710' title='bbox 1766 4586 1848 4633; x_wconf 89' lang='lat' dir='ltr'><strong>est</strong></span> <span class='ocrx_word' id='word_1_711' title='bbox 1881 4586 2070 4636; x_wconf 87' lang='lat' dir='ltr'><strong>autem</strong></span> 
     </span>
    </p>
   </div>
   <div class='ocr_carea' id='block_1_95' title="bbox 2181 4567 3832 4665">
    <p class='ocr_par' dir='ltr' id='par_1_95' title="bbox 2185 4589 3832 4665">
     <span class='ocr_line' id='line_1_95' title="bbox 2185 4589 3832 4665; baseline 0 -21"><span class='ocrx_word' id='word_1_712' title='bbox 2185 4610 2304 4665; x_wconf 86' lang='grc' dir='ltr'>τυρι</span> <span class='ocrx_word' id='word_1_713' title='bbox 2342 4589 2469 4653; x_wconf 76' lang='grc' dir='ltr'>τοὺς</span> <span class='ocrx_word' id='word_1_714' title='bbox 2514 4592 2753 4664; x_wconf 70' lang='grc' dir='ltr'>μαστοὺς</span> <span class='ocrx_word' id='word_1_715' title='bbox 2809 4590 3103 4661; x_wconf 80' lang='grc' dir='ltr'>ἐκκοπῆναι</span> <span class='ocrx_word' id='word_1_716' title='bbox 3146 4590 3536 4648; x_wconf 87' lang='grc' dir='ltr'>διακελεύεται.</span> <span class='ocrx_word' id='word_1_717' title='bbox 3582 4590 3832 4646; x_wconf 77' lang='grc' dir='ltr'>Χαλεπὸν</span> 
     </span>
    </p>
   </div>
   <div class='ocr_carea' id='block_1_96' title="bbox 432 4654 2074 4737">
    <p class='ocr_par' dir='ltr' id='par_1_96' title="bbox 432 4654 2074 4737">
     <span class='ocr_line' id='line_1_96' title="bbox 432 4654 2074 4737; baseline 0.012 -31"><span class='ocrx_word' id='word_1_718' title='bbox 432 4654 780 4724; x_wconf 87' lang='lat' dir='ltr'><strong>gravissima</strong></span> <span class='ocrx_word' id='word_1_719' title='bbox 829 4657 1217 4714; x_wconf 91' lang='lat' dir='ltr'><strong>mamillarum</strong></span> <span class='ocrx_word' id='word_1_720' title='bbox 1270 4665 1613 4735; x_wconf 88' lang='lat' dir='ltr'><strong>amputatio,</strong></span> <span class='ocrx_word' id='word_1_721' title='bbox 1647 4670 1703 4721; x_wconf 88' lang='lat' dir='ltr'><strong>et</strong></span> <span class='ocrx_word' id='word_1_722' title='bbox 1730 4682 1853 4737; x_wconf 69' lang='lat' dir='ltr'><strong>quae</strong></span> <span class='ocrx_word' id='word_1_723' title='bbox 1888 4673 2074 4736; x_wconf 90' lang='lat' dir='ltr'><strong>potest</strong></span> 
     </span>
    </p>
   </div>
   <div class='ocr_carea' id='block_1_97' title="bbox 433 4741 2077 4818">
    <p class='ocr_par' dir='ltr' id='par_1_97' title="bbox 433 4741 2077 4818">
     <span class='ocr_line' id='line_1_97' title="bbox 433 4741 2077 4818; baseline 0.012 -24"><span class='ocrx_word' id='word_1_724' title='bbox 433 4741 638 4797; x_wconf 72' lang='lat' dir='ltr'><strong>afferre</strong></span> <span class='ocrx_word' id='word_1_725' title='bbox 692 4745 1093 4801; x_wconf 85' lang='lat' dir='ltr'><strong>acerbissimos</strong></span> <span class='ocrx_word' id='word_1_726' title='bbox 1148 4748 1397 4818; x_wconf 89' lang='lat' dir='ltr'><strong>dolores,</strong></span> <span class='ocrx_word' id='word_1_727' title='bbox 1432 4752 1683 4809; x_wconf 84' lang='lat' dir='ltr'><strong>maxime</strong></span> <span class='ocrx_word' id='word_1_728' title='bbox 1713 4772 1844 4811; x_wconf 91' lang='lat' dir='ltr'><strong>cum</strong></span> <span class='ocrx_word' id='word_1_729' title='bbox 1874 4772 1973 4811; x_wconf 92' lang='lat' dir='ltr'><strong>cor</strong></span> <span class='ocrx_word' id='word_1_730' title='bbox 2000 4758 2077 4813; x_wconf 90' lang='lat' dir='ltr'><strong>sit</strong></span> 
     </span>
    </p>
   </div>
   <div class='ocr_carea' id='block_1_98' title="bbox 433 4828 2075 4913">
    <p class='ocr_par' dir='ltr' id='par_1_98' title="bbox 433 4828 2075 4913">
     <span class='ocr_line' id='line_1_98' title="bbox 433 4828 2075 4913; baseline 0.012 -30"><span class='ocrx_word' id='word_1_731' title='bbox 433 4828 610 4886; x_wconf 89' lang='lat' dir='ltr'><strong>situm</strong></span> <span class='ocrx_word' id='word_1_732' title='bbox 644 4831 704 4886; x_wconf 92' lang='lat' dir='ltr'><strong>in</strong></span> <span class='ocrx_word' id='word_1_733' title='bbox 749 4849 813 4888; x_wconf 91' lang='lat' dir='ltr'><strong>ea</strong></span> <span class='ocrx_word' id='word_1_734' title='bbox 845 4840 1028 4901; x_wconf 89' lang='lat' dir='ltr'><strong>parte.</strong></span> <span class='ocrx_word' id='word_1_735' title='bbox 1056 4838 1163 4892; x_wconf 88' lang='lat' dir='ltr'><strong>Sed</strong></span> <span class='ocrx_word' id='word_1_736' title='bbox 1219 4846 1456 4911; x_wconf 82' lang='lat' dir='ltr'><strong>martyr,</strong></span> <span class='ocrx_word' id='word_1_737' title='bbox 1485 4859 1611 4913; x_wconf 77' lang='lat' dir='ltr'><strong>quae</strong></span> <span class='ocrx_word' id='word_1_738' title='bbox 1658 4844 2075 4905; x_wconf 87' lang='lat' dir='ltr'><strong>vehementiori</strong></span> 
     </span>
    </p>
   </div>
   <div class='ocr_carea' id='block_1_99' title="bbox 433 4920 2077 5008">
    <p class='ocr_par' dir='ltr' id='par_1_99' title="bbox 433 4920 2077 5008">
     <span class='ocr_line' id='line_1_99' title="bbox 433 4920 2077 5008; baseline 0.014 -33"><span class='ocrx_word' id='word_1_739' title='bbox 433 4920 733 5008; x_wconf 64' lang='lat' dir='ltr'><strong>affectione</strong></span> <span class='ocrx_word' id='word_1_740' title='bbox 754 4924 970 4979; x_wconf 88' lang='lat' dir='ltr'><strong>amoris</strong></span> <span class='ocrx_word' id='word_1_741' title='bbox 992 4924 1047 4979; x_wconf 91' lang='lat' dir='ltr'><strong>in</strong></span> <span class='ocrx_word' id='word_1_742' title='bbox 1069 4927 1146 4981; x_wconf 90' lang='lat' dir='ltr'><strong>Cb</strong></span> <span class='ocrx_word' id='word_1_743' title='bbox 1159 4928 1359 4985; x_wconf 75' lang='lat' dir='ltr'><strong>rictum</strong></span> <span class='ocrx_word' id='word_1_744' title='bbox 1387 4934 1706 5003; x_wconf 89' lang='lat' dir='ltr'><strong>tenebatur,</strong></span> <span class='ocrx_word' id='word_1_745' title='bbox 1730 4935 1787 4991; x_wconf 94' lang='lat' dir='ltr'><strong>id</strong></span> <span class='ocrx_word' id='word_1_746' title='bbox 1811 4940 1961 5008; x_wconf 89' lang='lat' dir='ltr'><strong>quod</strong></span> <span class='ocrx_word' id='word_1_747' title='bbox 1987 4946 2077 4997; x_wconf 89' lang='lat' dir='ltr'><strong>est</strong></span> 
     </span>
    </p>
   </div>
   <div class='ocr_carea' id='block_1_100' title="bbox 433 5006 2073 5084">
    <p class='ocr_par' dir='ltr' id='par_1_100' title="bbox 433 5006 2073 5084">
     <span class='ocr_line' id='line_1_100' title="bbox 433 5006 2073 5084; baseline 0.013 -24"><span class='ocrx_word' id='word_1_748' title='bbox 433 5006 651 5074; x_wconf 89' lang='lat' dir='ltr'><strong>minus,</strong></span> <span class='ocrx_word' id='word_1_749' title='bbox 683 5015 1107 5070; x_wconf 89' lang='lat' dir='ltr'><strong>contemnebat.</strong></span> <span class='ocrx_word' id='word_1_750' title='bbox 1142 5016 1444 5084; x_wconf 80' lang='lat' dir='ltr'><strong>Tyrannus</strong></span> <span class='ocrx_word' id='word_1_751' title='bbox 1466 5026 1659 5075; x_wconf 85' lang='lat' dir='ltr'><strong>autem</strong></span> <span class='ocrx_word' id='word_1_752' title='bbox 1693 5006 1895 5079; x_wconf 79' lang='lat' dir='ltr'><strong>rursus</strong></span> <span class='ocrx_word' id='word_1_753' title='bbox 1927 5026 2073 5082; x_wconf 84' lang='lat' dir='ltr'><strong>insi-</strong></span> 
     </span>
    </p>
   </div>
   <div class='ocr_carea' id='block_1_101' title="bbox 433 5098 2073 5180">
    <p class='ocr_par' dir='ltr' id='par_1_101' title="bbox 433 5098 2073 5180">
     <span class='ocr_line' id='line_1_101' title="bbox 433 5098 2073 5180; baseline 0.013 -29"><span class='ocrx_word' id='word_1_754' title='bbox 433 5112 605 5167; x_wconf 88' lang='lat' dir='ltr'><strong>gnem</strong></span> <span class='ocrx_word' id='word_1_755' title='bbox 641 5098 1033 5156; x_wconf 81' lang='lat' dir='ltr'><strong>fortitudinem</strong></span> <span class='ocrx_word' id='word_1_756' title='bbox 1058 5107 1418 5162; x_wconf 87' lang='lat' dir='ltr'><strong>contendens</strong></span> <span class='ocrx_word' id='word_1_757' title='bbox 1441 5124 1716 5180; x_wconf 88' lang='lat' dir='ltr'><strong>superare</strong></span> <span class='ocrx_word' id='word_1_758' title='bbox 1744 5114 2073 5173; x_wconf 90' lang='lat' dir='ltr'><strong>immodicis</strong></span> 
     </span>
    </p>
   </div>
   <div class='ocr_carea' id='block_1_102' title="bbox 431 5187 2069 5276">
    <p class='ocr_par' dir='ltr' id='par_1_102' title="bbox 431 5187 2069 5276">
     <span class='ocr_line' id='line_1_102' title="bbox 431 5187 2069 5276; baseline 0.015 -38"><span class='ocrx_word' id='word_1_759' title='bbox 431 5187 754 5257; x_wconf 80' lang='lat' dir='ltr'><strong>suppliciis,</strong></span> <span class='ocrx_word' id='word_1_760' title='bbox 779 5191 826 5244; x_wconf 89' lang='lat' dir='ltr'><strong>ei</strong></span> <span class='ocrx_word' id='word_1_761' title='bbox 852 5192 1043 5246; x_wconf 83' lang='lat' dir='ltr'><strong>evellit</strong></span> <span class='ocrx_word' id='word_1_762' title='bbox 1065 5195 1222 5262; x_wconf 89' lang='lat' dir='ltr'><strong>ipsos</strong></span> <span class='ocrx_word' id='word_1_763' title='bbox 1247 5211 1486 5267; x_wconf 90' lang='lat' dir='ltr'><strong>ungues.</strong></span> <span class='ocrx_word' id='word_1_764' title='bbox 1512 5200 1623 5254; x_wconf 89' lang='lat' dir='ltr'><strong>Sed</strong></span> <span class='ocrx_word' id='word_1_765' title='bbox 1649 5200 1767 5270; x_wconf 89' lang='lat' dir='ltr'><strong>illa,</strong></span> <span class='ocrx_word' id='word_1_766' title='bbox 1791 5209 2069 5276; x_wconf 87' lang='lat' dir='ltr'><strong>tanquam</strong></span> 
     </span>
    </p>
   </div>
   <div class='ocr_carea' id='block_1_103' title="bbox 430 5276 2074 5354">
    <p class='ocr_par' dir='ltr' id='par_1_103' title="bbox 430 5276 2074 5354">
     <span class='ocr_line' id='line_1_103' title="bbox 430 5276 2074 5354; baseline 0.016 -29"><span class='ocrx_word' id='word_1_767' title='bbox 430 5276 661 5331; x_wconf 90' lang='lat' dir='ltr'><strong>nullum</strong></span> <span class='ocrx_word' id='word_1_768' title='bbox 684 5278 901 5333; x_wconf 86' lang='lat' dir='ltr'><strong>doloris</strong></span> <span class='ocrx_word' id='word_1_769' title='bbox 927 5281 1143 5337; x_wconf 92' lang='lat' dir='ltr'><strong>habens</strong></span> <span class='ocrx_word' id='word_1_770' title='bbox 1166 5299 1431 5354; x_wconf 90' lang='lat' dir='ltr'><strong>sensum,</strong></span> <span class='ocrx_word' id='word_1_771' title='bbox 1453 5288 1644 5344; x_wconf 87' lang='lat' dir='ltr'><strong>adhuc</strong></span> <span class='ocrx_word' id='word_1_772' title='bbox 1674 5292 2074 5352; x_wconf 90' lang='lat' dir='ltr'><strong>vehementius</strong></span> 
     </span>
    </p>
   </div>
   <div class='ocr_carea' id='block_1_104' title="bbox 428 5365 2069 5457">
    <p class='ocr_par' dir='ltr' id='par_1_104' title="bbox 428 5365 2069 5457">
     <span class='ocr_line' id='line_1_104' title="bbox 428 5365 2069 5457; baseline 0.016 -43"><span class='ocrx_word' id='word_1_773' title='bbox 428 5365 543 5457; x_wconf 72' lang='lat' dir='ltr'><strong>Deo</strong></span> <span class='ocrx_word' id='word_1_774' title='bbox 572 5366 775 5457; x_wconf 73' lang='lat' dir='ltr'><strong>agebat</strong></span> <span class='ocrx_word' id='word_1_775' title='bbox 806 5372 1041 5438; x_wconf 81' lang='lat' dir='ltr'><strong>gratias,</strong></span> <span class='ocrx_word' id='word_1_776' title='bbox 1075 5373 1224 5441; x_wconf 92' lang='lat' dir='ltr'><strong>quod</strong></span> <span class='ocrx_word' id='word_1_777' title='bbox 1276 5374 1455 5446; x_wconf 87' lang='lat' dir='ltr'><strong>digna</strong></span> <span class='ocrx_word' id='word_1_778' title='bbox 1497 5383 1649 5434; x_wconf 87' lang='lat' dir='ltr'><strong>esset</strong></span> <span class='ocrx_word' id='word_1_779' title='bbox 1689 5380 1909 5451; x_wconf 88' lang='lat' dir='ltr'><strong>habita,</strong></span> <span class='ocrx_word' id='word_1_780' title='bbox 1942 5402 2069 5457; x_wconf 69' lang='lat' dir='ltr'><strong>quae</strong></span> 
     </span>
    </p>
   </div>
   <div class='ocr_carea' id='block_1_105' title="bbox 430 5446 2071 5539">
    <p class='ocr_par' dir='ltr' id='par_1_105' title="bbox 430 5446 2071 5539">
     <span class='ocr_line' id='line_1_105' title="bbox 430 5446 2071 5539; baseline 0.019 -38"><span class='ocrx_word' id='word_1_781' title='bbox 430 5446 594 5505; x_wconf 80' lang='lat' dir='ltr'><strong>ﬁeret</strong></span> <span class='ocrx_word' id='word_1_782' title='bbox 623 5452 673 5507; x_wconf 80' lang='lat' dir='ltr'><strong>ei</strong></span> <span class='ocrx_word' id='word_1_783' title='bbox 704 5458 1040 5531; x_wconf 86' lang='lat' dir='ltr'><strong>conformis,</strong></span> <span class='ocrx_word' id='word_1_784' title='bbox 1083 5466 1142 5517; x_wconf 87' lang='lat' dir='ltr'><strong>et</strong></span> <span class='ocrx_word' id='word_1_785' title='bbox 1190 5462 1347 5519; x_wconf 87' lang='lat' dir='ltr'><strong>socia</strong></span> <span class='ocrx_word' id='word_1_786' title='bbox 1395 5469 1857 5539; x_wconf 82' lang='lat' dir='ltr'><strong>perpessionum.</strong></span> <span class='ocrx_word' id='word_1_787' title='bbox 1894 5446 2071 5534; x_wconf 64' lang='lat' dir='ltr'><strong>Pdrro</strong></span> 
     </span>
    </p>
   </div>
   <div class='ocr_carea' id='block_1_106' title="bbox 500 5637 989 5712">
    <p class='ocr_par' dir='ltr' id='par_1_106' title="bbox 500 5637 989 5712">
     <span class='ocr_line' id='line_1_106' title="bbox 500 5637 989 5712; baseline 0.016 -17"><span class='ocrx_word' id='word_1_788' title='bbox 500 5637 523 5673; x_wconf 84' lang='grc'><strong>²</strong></span> <span class='ocrx_word' id='word_1_789' title='bbox 552 5638 701 5698; x_wconf 79' lang='lat' dir='ltr'><strong>Psnl.</strong></span> <span class='ocrx_word' id='word_1_790' title='bbox 736 5659 867 5712; x_wconf 75' lang='lat' dir='ltr'><strong>xxx,</strong></span> <span class='ocrx_word' id='word_1_791' title='bbox 906 5648 989 5704; x_wconf 84' lang='lat' dir='ltr'><strong>ll.</strong></span> 
     </span>
    </p>
   </div>
   <div class='ocr_carea' id='block_1_107' title="bbox 2183 4675 3835 4756">
    <p class='ocr_par' dir='ltr' id='par_1_107' title="bbox 2183 4675 3835 4756">
     <span class='ocr_line' id='line_1_107' title="bbox 2183 4675 3835 4756; baseline 0 -24"><span class='ocrx_word' id='word_1_792' title='bbox 2183 4675 2239 4732; x_wconf 76' lang='grc' dir='ltr'>δὲ</span> <span class='ocrx_word' id='word_1_793' title='bbox 2269 4679 2371 4753; x_wconf 78' lang='grc' dir='ltr'>ἄρα</span> <span class='ocrx_word' id='word_1_794' title='bbox 2399 4684 2613 4751; x_wconf 84' lang='grc' dir='ltr'>μαστῶν</span> <span class='ocrx_word' id='word_1_795' title='bbox 2656 4680 2935 4750; x_wconf 78' lang='grc' dir='ltr'>ἀποκοπή,</span> <span class='ocrx_word' id='word_1_796' title='bbox 2987 4682 3077 4736; x_wconf 86' lang='grc' dir='ltr'><strong>καὶ</strong></span> <span class='ocrx_word' id='word_1_797' title='bbox 3142 4678 3474 4755; x_wconf 87' lang='grc' dir='ltr'>δριμυτάτας</span> <span class='ocrx_word' id='word_1_798' title='bbox 3514 4677 3653 4756; x_wconf 76' lang='grc' dir='ltr'><strong>ἄγαν</strong></span> <span class='ocrx_word' id='word_1_799' title='bbox 3711 4678 3835 4735; x_wconf 83' lang='grc' dir='ltr'>ὀδύ-</span> 
     </span>
    </p>
   </div>
   <div class='ocr_carea' id='block_1_108' title="bbox 2181 4764 3835 4842">
    <p class='ocr_par' dir='ltr' id='par_1_108' title="bbox 2181 4764 3835 4842">
     <span class='ocr_line' id='line_1_108' title="bbox 2181 4764 3835 4842; baseline 0.001 -21"><span class='ocrx_word' id='word_1_800' title='bbox 2181 4788 2275 4829; x_wconf 88' lang='grc' dir='ltr'><strong>νας</strong></span> <span class='ocrx_word' id='word_1_801' title='bbox 2343 4764 2635 4841; x_wconf 76' lang='grc' dir='ltr'>ἐπιτρίϐειν</span> <span class='ocrx_word' id='word_1_802' title='bbox 2698 4768 2993 4842; x_wconf 82' lang='grc' dir='ltr'>δυνάμενον</span> <span class='ocrx_word' id='word_1_803' title='bbox 3042 4770 3177 4824; x_wconf 86' lang='grc' dir='ltr'><strong>κατὰ</strong></span> <span class='ocrx_word' id='word_1_804' title='bbox 3235 4773 3396 4825; x_wconf 77' lang='grc' dir='ltr'>τοῦτο</span> <span class='ocrx_word' id='word_1_805' title='bbox 3462 4767 3705 4840; x_wconf 77' lang='grc' dir='ltr'>μάλιστα</span> <span class='ocrx_word' id='word_1_806' title='bbox 3778 4768 3835 4823; x_wconf 84' lang='grc' dir='ltr'><strong>τὸ</strong></span> 
     </span>
    </p>
   </div>
   <div class='ocr_carea' id='block_1_109' title="bbox 2186 4855 3839 4932">
    <p class='ocr_par' dir='ltr' id='par_1_109' title="bbox 2186 4855 3839 4932">
     <span class='ocr_line' id='line_1_109' title="bbox 2186 4855 3839 4932; baseline 0.001 -21"><span class='ocrx_word' id='word_1_807' title='bbox 2186 4856 2347 4932; x_wconf 83' lang='grc' dir='ltr'>μέρος</span> <span class='ocrx_word' id='word_1_808' title='bbox 2387 4864 2494 4926; x_wconf 53' lang='grc' dir='ltr'>,τῆς</span> <span class='ocrx_word' id='word_1_809' title='bbox 2542 4856 2765 4932; x_wconf 82' lang='grc' dir='ltr'>καρδίας</span> <span class='ocrx_word' id='word_1_810' title='bbox 2821 4855 3241 4930; x_wconf 84' lang='grc' dir='ltr'>καθιδρύμένης.</span> <span class='ocrx_word' id='word_1_811' title='bbox 3298 4855 3458 4915; x_wconf 81' lang='grc' dir='ltr'>Ἀλλ’</span> <span class='ocrx_word' id='word_1_812' title='bbox 3504 4859 3538 4926; x_wconf 77' lang='grc' dir='ltr'><strong>ἡ</strong></span> <span class='ocrx_word' id='word_1_813' title='bbox 3602 4859 3839 4932; x_wconf 85' lang='grc' dir='ltr'>μάρτυς,</span> 
     </span>
    </p>
   </div>
   <div class='ocr_carea' id='block_1_110' title="bbox 2182 4943 3837 5022">
    <p class='ocr_par' dir='ltr' id='par_1_110' title="bbox 2182 4943 3837 5022">
     <span class='ocr_line' id='line_1_110' title="bbox 2182 4943 3837 5022; baseline 0.001 -23"><span class='ocrx_word' id='word_1_814' title='bbox 2182 4943 2528 5022; x_wconf 70' lang='grc' dir='ltr'>σφοδροτέρῳ</span> <span class='ocrx_word' id='word_1_815' title='bbox 2558 4948 2714 5009; x_wconf 85' lang='grc' dir='ltr'>πάθει</span> <span class='ocrx_word' id='word_1_816' title='bbox 2757 4948 3099 5021; x_wconf 84' lang='grc' dir='ltr'>κατεχομένη</span> <span class='ocrx_word' id='word_1_817' title='bbox 3140 4951 3237 5002; x_wconf 72' lang='grc' dir='ltr'>τοῦ</span> <span class='ocrx_word' id='word_1_818' title='bbox 3297 4946 3372 5008; x_wconf 83' lang='grc' dir='ltr'><strong>είς</strong></span> <span class='ocrx_word' id='word_1_819' title='bbox 3412 4946 3651 5019; x_wconf 78' lang='grc' dir='ltr'>Χριστὸν</span> <span class='ocrx_word' id='word_1_820' title='bbox 3696 4943 3837 5019; x_wconf 65' lang='grc' dir='ltr'>ἔρως</span> 
     </span>
    </p>
   </div>
   <div class='ocr_carea' id='block_1_111' title="bbox 2181 5029 3834 5110">
    <p class='ocr_par' dir='ltr' id='par_1_111' title="bbox 2181 5029 3834 5110">
     <span class='ocr_line' id='line_1_111' title="bbox 2181 5029 3834 5110; baseline -0.002 -21"><span class='ocrx_word' id='word_1_821' title='bbox 2181 5053 2299 5101; x_wconf 91' lang='grc' dir='ltr'>τος,</span> <span class='ocrx_word' id='word_1_822' title='bbox 2340 5038 2436 5089; x_wconf 77' lang='grc' dir='ltr'><strong>τοῦ</strong></span> <span class='ocrx_word' id='word_1_823' title='bbox 2476 5032 2762 5097; x_wconf 86' lang='grc' dir='ltr'>ἐλάττονος</span> <span class='ocrx_word' id='word_1_824' title='bbox 2793 5036 3131 5110; x_wconf 73' lang='grc' dir='ltr'>κατεφρόνει.</span> <span class='ocrx_word' id='word_1_825' title='bbox 3165 5034 3227 5091; x_wconf 72' lang='grc' dir='ltr'><strong>Ὀ</strong></span> <span class='ocrx_word' id='word_1_826' title='bbox 3256 5033 3516 5107; x_wconf 85' lang='grc' dir='ltr'>τύραννος</span> <span class='ocrx_word' id='word_1_827' title='bbox 3558 5029 3613 5087; x_wconf 75' lang='grc' dir='ltr'><strong>δὲ</strong></span> <span class='ocrx_word' id='word_1_828' title='bbox 3663 5032 3834 5089; x_wconf 80' lang='grc' dir='ltr'>πάλιν</span> 
     </span>
    </p>
   </div>
   <div class='ocr_carea' id='block_1_112' title="bbox 2183 5117 3833 5201">
    <p class='ocr_par' dir='ltr' id='par_1_112' title="bbox 2183 5117 3833 5201">
     <span class='ocr_line' id='line_1_112' title="bbox 2183 5117 3833 5201; baseline -0.001 -25"><span class='ocrx_word' id='word_1_829' title='bbox 2183 5117 2493 5197; x_wconf 73' lang='grc' dir='ltr'>ὑπερϐολὴν</span> <span class='ocrx_word' id='word_1_830' title='bbox 2557 5126 2844 5200; x_wconf 84' lang='grc' dir='ltr'>καρτερίας</span> <span class='ocrx_word' id='word_1_831' title='bbox 2906 5120 3186 5199; x_wconf 74' lang='grc' dir='ltr'>ὑπερϐολῇ</span> <span class='ocrx_word' id='word_1_832' title='bbox 3251 5130 3468 5192; x_wconf 83' lang='grc' dir='ltr'>νικῆσαι</span> <span class='ocrx_word' id='word_1_833' title='bbox 3499 5120 3833 5201; x_wconf 76' lang='grc' dir='ltr'>φιλονεικῶν</span> 
     </span>
    </p>
   </div>
   <div class='ocr_carea' id='block_1_113' title="bbox 2176 5211 3831 5287">
    <p class='ocr_par' dir='ltr' id='par_1_113' title="bbox 2176 5211 3831 5287">
     <span class='ocr_line' id='line_1_113' title="bbox 2176 5211 3831 5287; baseline 0.002 -19"><span class='ocrx_word' id='word_1_834' title='bbox 2176 5217 2285 5268; x_wconf 88' lang='grc' dir='ltr'><strong>τῶν</strong></span> <span class='ocrx_word' id='word_1_835' title='bbox 2344 5211 2639 5283; x_wconf 86' lang='grc' dir='ltr'>κολάσεων,</span> <span class='ocrx_word' id='word_1_836' title='bbox 2690 5216 2779 5269; x_wconf 85' lang='grc' dir='ltr'>καὶ</span> <span class='ocrx_word' id='word_1_837' title='bbox 2838 5214 2964 5276; x_wconf 80' lang='grc' dir='ltr'>τοὺς</span> <span class='ocrx_word' id='word_1_838' title='bbox 3020 5211 3189 5283; x_wconf 76' lang='grc' dir='ltr'>αὕτῆς</span> <span class='ocrx_word' id='word_1_839' title='bbox 3246 5211 3418 5283; x_wconf 80' lang='grc' dir='ltr'>ἐκσπᾷ</span> <span class='ocrx_word' id='word_1_840' title='bbox 3475 5213 3709 5287; x_wconf 71' lang='grc' dir='ltr'>ὄνυχας.</span> <span class='ocrx_word' id='word_1_841' title='bbox 3772 5214 3831 5270; x_wconf 87' lang='grc' dir='ltr'>Ἡ</span> 
     </span>
    </p>
   </div>
   <div class='ocr_carea' id='block_1_114' title="bbox 2179 5300 3833 5381">
    <p class='ocr_par' dir='ltr' id='par_1_114' title="bbox 2179 5300 3833 5381">
     <span class='ocr_line' id='line_1_114' title="bbox 2179 5300 3833 5381; baseline -0.001 -24"><span class='ocrx_word' id='word_1_842' title='bbox 2179 5301 2257 5373; x_wconf 77' lang='grc' dir='ltr'>δὲ,</span> <span class='ocrx_word' id='word_1_843' title='bbox 2292 5302 2474 5379; x_wconf 82' lang='grc' dir='ltr'>ὥοπερ</span> <span class='ocrx_word' id='word_1_844' title='bbox 2504 5302 2760 5377; x_wconf 81' lang='grc' dir='ltr'>οὐδεμίαν</span> <span class='ocrx_word' id='word_1_845' title='bbox 2794 5302 3065 5381; x_wconf 73' lang='grc' dir='ltr'>δεχομένη</span> <span class='ocrx_word' id='word_1_846' title='bbox 3107 5308 3213 5358; x_wconf 85' lang='grc' dir='ltr'><strong>τῶν</strong></span> <span class='ocrx_word' id='word_1_847' title='bbox 3249 5300 3514 5378; x_wconf 79' lang='grc' dir='ltr'>ἀλγεινῶν</span> <span class='ocrx_word' id='word_1_848' title='bbox 3557 5300 3833 5374; x_wconf 75' lang='grc' dir='ltr'>αἴσθησιν,</span> 
     </span>
    </p>
   </div>
   <div class='ocr_carea' id='block_1_115' title="bbox 2178 5390 3836 5473">
    <p class='ocr_par' dir='ltr' id='par_1_115' title="bbox 2178 5390 3836 5473">
     <span class='ocr_line' id='line_1_115' title="bbox 2178 5390 3836 5473; baseline 0.001 -27"><span class='ocrx_word' id='word_1_849' title='bbox 2178 5392 2502 5469; x_wconf 77' lang='grc' dir='ltr'>θερμότερον</span> <span class='ocrx_word' id='word_1_850' title='bbox 2556 5390 2633 5449; x_wconf 77' lang='grc' dir='ltr'><strong>ἔτι</strong></span> <span class='ocrx_word' id='word_1_851' title='bbox 2698 5393 2913 5467; x_wconf 81' lang='grc' dir='ltr'>μᾶλλον</span> <span class='ocrx_word' id='word_1_852' title='bbox 2970 5392 3291 5473; x_wconf 77' lang='grc' dir='ltr'>ηύχαρίστει</span> <span class='ocrx_word' id='word_1_853' title='bbox 3351 5393 3591 5467; x_wconf 76' lang='grc' dir='ltr'>Χριστῷ,</span> <span class='ocrx_word' id='word_1_854' title='bbox 3624 5393 3715 5447; x_wconf 83' lang='grc' dir='ltr'><strong>δτι</strong></span> <span class='ocrx_word' id='word_1_855' title='bbox 3748 5393 3836 5448; x_wconf 79' lang='grc' dir='ltr'>καὶ</span> 
     </span>
    </p>
   </div>
   <div class='ocr_carea' id='block_1_116' title="bbox 2177 5480 3836 5565">
    <p class='ocr_par' dir='ltr' id='par_1_116' title="bbox 2177 5480 3836 5565">
     <span class='ocr_line' id='line_1_116' title="bbox 2177 5480 3836 5565; baseline 0.001 -29"><span class='ocrx_word' id='word_1_856' title='bbox 2177 5480 2503 5565; x_wconf 69' lang='grc' dir='ltr'>σύμμορφος</span> <span class='ocrx_word' id='word_1_857' title='bbox 2535 5482 2683 5557; x_wconf 84' lang='grc' dir='ltr'>αύτῷ</span> <span class='ocrx_word' id='word_1_858' title='bbox 2722 5485 2982 5560; x_wconf 80' lang='grc' dir='ltr'>γενέσθαι,</span> <span class='ocrx_word' id='word_1_859' title='bbox 3023 5484 3112 5540; x_wconf 76' lang='grc' dir='ltr'><strong>καί</strong></span> <span class='ocrx_word' id='word_1_860' title='bbox 3164 5482 3421 5545; x_wconf 89' lang='grc' dir='ltr'>κοινωνὸς</span> <span class='ocrx_word' id='word_1_861' title='bbox 3476 5485 3584 5537; x_wconf 85' lang='grc' dir='ltr'><strong>τῶν</strong></span> <span class='ocrx_word' id='word_1_862' title='bbox 3652 5494 3836 5555; x_wconf 80' lang='grc' dir='ltr'>παθη-</span> 
     </span>
    </p>
   </div>
  </div>
