4048 6202
346 336 371 394 !
386 333 503 395 305

1427 326 1612 388 VITA
1656 327 1720 387 S.
1767 321 2233 386 ANASTASI/E
2277 323 2647 386 ROMAN/E.

3597 321 3750 384 1306

343 492 528 566 μάτων
577 488 799 560 ἠξίωτο.
829 482 1112 560 Ἐνυϐριζε
1173 484 1237 541 δὲ
1288 486 1375 540 καὶ
1411 486 1487 548 είς
1539 485 1673 549 τοὺς
1729 486 1990 562 τυράννου

2117 492 2294 542 autem
2328 486 2468 541 deos
2500 503 2728 557 quoque
2758 486 2994 558 tyranni
3038 486 3332 543 afficiebat
3380 488 3749 556 contumelia,

335 581 516 651 θεοὺς,
569 578 762 642 σκότος
820 576 1014 639 αὖτοὺς
1061 576 1150 631 καὶ
1192 575 1428 644 πλάνην,
1461 575 1551 631 καὶ
1584 573 1868 649 δαίμονας,
1900 576 1988 629 καὶ

339 669 390 724 εἴ
424 690 478 724 τι
508 666 651 723 ἄλλο
692 667 829 742 πρὸς
860 664 1139 721 ἀπώλειαν
1175 663 1323 742 φέρει
1371 668 1558 739 ψυχῆς
1622 662 1985 736 ὀνομάζουσα.

335 760 432 813 Ὧν
466 758 672 821 ἐκεῖνος
704 756 922 812 ἀκούειν
954 753 1056 809 οὐκ
1086 753 1441 829 ἀνεχόμενος,
1472 752 1588 808 ἐπεὶ
1638 754 1724 807 καὶ
1766 753 1828 806 τὸ
1861 752 1991 828 γλυ-

341 847 407 902 xi)
448 852 579 902 πᾶσι
612 850 730 924 φῶς
768 843 1043 922 ἀφθαλμῷ
1092 848 1339 897 νοσοῦντι
1391 842 1685 917 πολέμιον,
1735 842 1990 913 ἀποτμη-

343 940 500 1006 θῆναι
526 938 695 1011 μέσην
727 936 875 1006 αὐτῷ
904 932 1144 989 κελεύειν
1180 935 1279 1002 τήν
1334 931 1587 1007 γλῶτταν
1644 931 1988 986 ἐλκυσθεῖσαν

342 1031 437 1081 τοῦ
498 1027 799 1105 φάρυγγος,
840 1022 1233 1097 ἐκκρουσθῆναι
1301 1019 1358 1077 δὶ
1406 1020 1498 1076 σὺν
1552 1021 1686 1095 αὐτῇ
1742 1020 1990 1083 καὶτοὺς

341 1112 582 1178 ὀδόντας·
606 1116 697 1168 καὶ
754 1112 1010 1173 τοιαύτας
1038 1106 1278 1184 ἀμοιϐὰς
1336 1111 1364 1163 ὁ
1433 1110 1662 1180 ἀνόητος
1715 1109 1991 1182 στόματος

339 1200 672 1257 ἀποδίδωσιν
706 1200 1013 1275 ἐλευθέρου.
1050 1197 1229 1257 Ἀλλά
1259 1203 1365 1254 τῶν
1403 1200 1498 1271 μὲν
1532 1196 1767 1253 ὀδόντων
1817 1199 1987 1267 αὑτὴν

335 1291 628 1365 ἀποστερεῖ
681 1292 771 1346 καὶ
825 1297 924 1360 τῆς
994 1288 1276 1364 γλώττης,
1334 1295 1433 1357 τῆς
1499 1285 1805 1362 παῤῥησίας
1853 1284 1909 1341 δὲ
1952 1286 1987 1357 ἢ

336 1385 438 1446 τῆς
496 1379 806 1454 ἐλευθερίας
874 1379 973 1434 οὐκ
1037 1376 1139 1435 ἔτι.
1187 1376 1364 1436 Ἀλλᾶ
1435 1376 1605 1451 μηδὲν
1677 1376 1990 1451 ἐνδόσιμον,

344 1466 484 1542 μηδὲ
552 1468 797 1543 μαλακὸν
854 1469 1153 1535 ὑποστᾶσα,
1207 1466 1451 1541 τοσούτῳ
1507 1470 1607 1537 τῆν
1652 1469 1830 1542 τομήν
1871 1468 1987 1522 ἀνε-

2098 592 2196 631 eos
2224 576 2511 640 tenebras,
2536 590 2789 629 errorem
2825 579 2882 629 et
2912 576 3232 641 daemones,
3258 579 3313 631 et
3342 575 3387 631 si
3420 578 3559 648 quid
3591 577 3749 631 aliud

2103 663 2211 719 fert
2241 665 2309 717 ad
2345 663 2554 718 animae
2607 664 2933 730 interitum,
2967 664 3295 720 nominans.
3330 664 3462 728 Quae
3513 666 3752 736 quidem

2102 751 2199 807 ille
2232 753 2435 807 audire
2467 769 2581 806 non
2634 752 2936 807 sustinens
2968 753 3118 823 (qua:
3170 753 3324 809 enim
3358 762 3446 809 est
3475 755 3752 811 omnibus

2093 842 2362 913 jucunda
2408 840 2529 909 lux,
2563 846 2650 896 est
2708 841 2948 895 inimica
3006 842 3171 895 oculo
3231 845 3554 913 aegrotanti)
3589 844 3757 913 jubet

2102 931 2355 986 mediam
2387 930 2439 986 ei
2473 930 2737 1001 linguam
2771 929 3031 985 exscindi
3062 934 3379 985 extractam
3411 949 3444 987 a
3472 938 3710 1003 gutture
3739 949 3751 989 :

2102 1036 2234 1075 cum
2271 1035 2337 1073 ea
2366 1024 2563 1075 autem
2612 1037 2727 1074 una
2758 1035 2991 1089 quoque
3040 1020 3243 1074 dentes
3290 1020 3520 1074 excuti:
3555 1026 3611 1076 et
3651 1038 3754 1092 pro

2101 1126 2199 1164 ore
2231 1108 2410 1164 libero
2447 1107 2585 1163 tales
2618 1108 2833 1163 stultus
2861 1108 3045 1163 reddit
3078 1107 3596 1164 remunerationes.
3623 1108 3755 1178 Ipsa

2101 1214 2231 1254 vero
2285 1196 2430 1253 nihil
2463 1199 2533 1252 de
2567 1214 2676 1251 sua
2727 1197 3028 1251 remittens
3079 1196 3427 1263 constantia,
3462 1212 3652 1267 neque
3693 1212 3755 1250 se

2102 1286 2357 1343 molliter
2386 1291 2487 1342 aut
2517 1287 2763 1342 delicate
2797 1302 3022 1357 gerens,
3049 1286 3250 1340 tandiu
3286 1286 3523 1341 sustulit
3554 1302 3755 1357 ampu-

2102 1379 2404 1445 tationem,
2436 1378 2699 1450 quandiu
2735 1395 2863 1433 cum
2911 1378 3065 1434 vocis
3116 1378 3510 1434 instrumento
3560 1382 3757 1449 posset

2101 1469 2343 1525 ultimas
2375 1469 2492 1524 Deo
2521 1484 2721 1539 preces
2752 1470 3012 1524 fundere.

339 1553 541 1614 ϐάλετο
566 1560 678 1631 ὅσῳ
716 1558 1030 1614 τελευταίαν
1066 1564 1145 1630 τῷ
1174 1563 1291 1630 Θεῷ
1325 1560 1459 1632 μετά
1495 1563 1592 1613 τοῦ
1639 1564 1739 1627 τῆς
1806 1563 1991 1631 φωνῆς
2033 1557 2262 1632 ὀργάνου
2317 1556 2406 1610 καὶ
2474 1558 2571 1627 τὴν
2628 1559 2941 1632 προσευχὴν
2993 1553 3273 1611 ἀποδῦναι·
3318 1554 3439 1637 ᾔδει
3506 1556 3611 1631 γὰρ
3670 1554 3755 1611 ὅτι

340 1648 431 1702 καὶ
448 1651 781 1704 σιωπώντων
822 1647 964 1704 οἶδεν
1006 1649 1220 1705 ἀκούειν
1254 1650 1471 1712 ἐκεῖνος.

411 1740 465 1797 1'.
499 1741 961 1815 Εὐχαριστήσασα
992 1739 1083 1795 οὖν
1131 1741 1292 1811 ἀξίως
1330 1741 1497 1812 αὐτῷ,
1530 1742 1649 1795 εἶτα
1695 1742 1783 1795 καὶ
1838 1738 1995 1813 δεξιῷ

2178 1743 2252 1795 Χ.
2286 1742 2427 1797 Cum
2480 1742 2529 1797 ei
2577 1758 2731 1811 ergo,
2766 1745 2829 1796 ut
2861 1758 2962 1811 par
2991 1747 3130 1807 erat,
3166 1740 3385 1811 egisset
3432 1740 3670 1811 gratias,
3702 1744 3758 1795 et

340 1825 490 1882 τέλει
549 1824 803 1899 δεηθεῖσα
860 1828 1167 1905 καταλῦφαι
1225 1831 1325 1898 τῆν
1379 1829 1695 1905 μαρτυρίαν,
1755 1829 1876 1899 ἐξῆς
1939 1826 1997 1883 δὲ

2117 1830 2315 1886 deinde
2339 1836 2595 1902 rogasset
2616 1836 2676 1886 ut
2695 1830 2848 1886 bono
2872 1831 2985 1886 fine
3006 1830 3352 1885 terminaret
3385 1830 3752 1898 martyrium,

337 1915 428 1970 καί
488 1915 612 1990 περὶ
662 1920 768 1971 τῶν
831 1916 1253 1993 ἀρρωστούντων
1322 1920 1409 1973 καὶ
1496 1917 1633 1992 αὐτῇ
1710 1918 1985 1992 προσιέναι

344 2002 663 2076 μελλόντων
716 2005 974 2075 ἐντεύξεις
1034 2004 1406 2080 ποιησαμένη,
1458 2013 1645 2085 φωνῆς
1674 2027 1731 2060 τε
1763 2006 1989 2079 οὐρανό-

339 2113 427 2147 σεν
458 2096 568 2148 τῶν
602 2094 941 2168 αἰτουμένων
972 2097 1072 2164 τήν
1104 2094 1252 2150 δόσιν
1301 2095 1780 2171 ἐπιμαρτυρούσης
1824 2095 1988 2150 ἀκού-

342 2202 498 2252 σασα,
532 2187 721 2255 Δεῦρο,
751 2188 833 2256 τῷ
870 2181 1060 2257 δημίῳ
1116 2185 1282 2253 ποίει,
1333 2185 1489 2258 φησὶ,
1531 2186 1598 2239 τὰ
1654 2205 1989 2262 προστεταγ-

346 2268 493 2343 μένω
558 2271 646 2325 καὶ
690 2272 961 2347 προτείνει
1012 2272 1268 2348 γλῶσσαν
1308 2276 1343 2343 ἡ
1399 2275 1625 2350 μάρτυς,
1674 2276 1774 2343 τήν
1817 2274 1898 2329 ἀεὶ
1927 2274 1994 2328 τά

345 2364 461 2422 θεῖα
512 2365 821 2432 μελετῶσαν
877 2362 967 2415 κκί
1011 2363 1413 2437 φθεγγομένην,
1466 2363 1558 2417 καὶ
1604 2361 1829 2437 σίδηρος
1888 2365 1992 2417 αύ-

342 2446 460 2516 τὴν,
495 2445 691 2520 οἷ’μοιί
749 2447 916 2519 μέσην
977 2448 1128 2510 εὐθὺς
1169 2450 1487 2520 ἀποτέμνει.
1538 2451 1764 2505 Ἔπειτα
1816 2448 1873 2504 δὲ
1906 2449 1995 2504 καὶ

346 2536 475 2594 τοὺς
538 2532 757 2597 ὀδόντας
806 2534 1140 2609 ἐκκρούεται,
1199 2536 1287 2591 καὶ
1347 2540 1502 2611 πηγὴ
1573 2537 1804 2610 αἶ’ματος
1860 2538 1995 2605 αὐτῆ

343 2625 407 2678 τὸ
462 2625 640 2697 στόμα
704 2625 933 2700 γίνεται,
991 2624 1128 2695 ὅλην
1188 2631 1257 2699 τῇ
1288 2631 1385 2680 τοῦ
1443 2628 1765 2700 Χριστιανοῦ
1809 2626 1996 2701 νύμφῃ

348 2714 449 2782 τήν
528 2712 728 2782 ἐσθῆτα
796 2712 1185 2791 διαφοινίξασα,
1281 2715 1370 2769 καὶ
1456 2716 1735 2792 πορφύρας
1817 2717 2003 2789 τιμίας

347 2804 583 2875 ἁπάσης,
624 2805 713 2860 καὶ
775 2807 1070 2879 βασιλικῆς
1119 2804 1450 2882 ἀλουργίδος
1524 2808 1855 2883 τιμιωτέραν
1914 2808 2000 2883 ἐρ-

345 2892 648 2968 γασαμένη.
698 2896 878 2952 ’Όπου
919 2896 1009 2950 καὶ
1056 2896 1249 2971 μικρὸν
1291 2895 1700 2969 ἐκλελοιπυῖαν,
1734 2896 1879 2967 ὕδωρ
1912 2898 2003 2953 αί-

357 2990 519 3053 τῆσαι
578 2981 793 3057 λέγεται
850 2986 940 3040 καὶ
1000 2981 1207 3042 λαϐεῖν.
1268 2987 1328 3044 Ὀ
1382 2985 1439 3041 δὲ
1488 2990 1787 3063 παρασχὼν
1820 2989 1887 3057 ἧν
1920 3010 2005 3051 τις

364 3072 501 3144 ἀνὴρ
555 3068 727 3145 ὄνομα
803 3073 1104 3149 Κύριλλος,
1153 3080 1411 3131 τοσοῦτον
1457 3076 1517 3131 οὐ
1550 3078 1777 3155 φανερὸς
1807 3080 1907 3148 τήν
1951 3078 2005 3132 εύ

370 3155 602 3231 σέϐειαν,
639 3163 749 3235 ὃσῳ
800 3165 875 3236 μή
935 3168 1183 3227 τοιοῦτος
1227 3171 1342 3228 τοῖς
1402 3162 1614 3222 ἀσεϐέσι
1670 3169 2007 3240 νομίζεσθαι,

361 3249 431 3303 τά
472 3245 518 3302 δ’
558 3248 845 3320 ἄλλα,τήν
893 3259 991 3321 τῆς
1048 3256 1233 3328 ψυχῆς
1272 3252 1403 3325 ἕξιν,
1437 3256 1605 3331 φημὶ,
1645 3257 1736 3310 καὶ
1779 3254 2011 3320 δίοθεσιν

365 3340 689 3404 πιστότατός
734 3361 792 3395 τε
831 3340 921 3396 καὶ
989 3338 1394 3405 εὐσεϐέστατος.
1454 3347 1644 3407 ’Ὁστις
1695 3346 1789 3399 καὶ
1850 3348 2014 3420 μενά-

366 3426 497 3491 λους
558 3429 783 3501 μισθοὺς
839 3434 1060 3506 ψυχροῦ
1117 3436 1390 3507 ποτηρίου
1461 3430 1863 3508 ἀπολαμϐάνει,
1924 3437 2013 3491 καὶ

361 3517 685 3591 πράγματος
762 3519 937 3575 οὓτως
1015 3520 1268 3585 εὐτελοῦς
1357 3523 1448 3578 τὸν
1527 3528 1624 3579 τοῦ
1712 3527 2012 3600 μαρτυρίου

360 3605 576 3661 ὠνεῖται
636 3608 916 3686 στέφανον.
978 3612 1181 3667 Μαθὼν
1237 3613 1339 3687 γὰρ
1400 3615 1427 3667 ὀ
1488 3610 1701 3688 Πρόϐος
1773 3618 1839 3671 τά
1893 3618 2011 3680 καθ’

359 3692 751 3765 αὐτὸν,καὶὸτι
802 3697 864 3752 ού
926 3698 1137 3772 φύσεως
1188 3700 1377 3764 ἁπλῶς
1425 3702 1768 3762 ἐπικλασθεὶς
1805 3726 2015 3779 συμπα-

360 3782 493 3854 θείᾳ,
570 3786 659 3839 καὶ
719 3790 799 3857 τῷ
857 3782 1046 3842 λαϐεῖν
1094 3810 1217 3844 τινα
1273 3790 1484 3847 τούτων
1535 3792 1718 3865 μελῶν
1790 3793 2011 3850 ἐκείνων

362 3870 607 3942 ἐκκοπῆς
636 3868 811 3942 ἔλεον,
860 3874 1009 3933 ἀλλά
1058 3879 1319 3952 κοινωνίᾳ
1365 3889 1599 3944 πίστεως
1642 3882 1879 3956 μᾶλλον,
1923 3885 2013 3939 καὶ

361 3966 441 4033 τῷ
503 3965 577 4036 μὴ
651 3963 939 4038 ἀνέχεσθαι
998 3968 1172 4031 οὕτως
1233 3970 1362 4043 ὁρᾷν
1411 3967 1564 4026 ἐνδεᾶ
1593 3969 1787 4033 ὕδατος
1826 3979 2013 4030 κοινοῦ

364 4053 634 4107 [δεσπότου
720 4051 928 4125 δούλην
1005 4058 1410 4131 γνησιωτάτην,
1489 4065 1558 4134 τῇ
1649 4062 1879 4137 μάρτυρι
1950 4065 2012 4119 τὸ

364 4143 531 4196 ποτὸν
596 4142 816 4219 όρέξειε,
896 4148 1226 4215 Δεσποτικῆν
1311 4149 1406 4203 κάν
1523 4150 1701 4223 τούτῳ
1784 4153 2014 4227 πληρῶν

364 4228 613 4301 ἐντολὴν,
655 4238 823 4290 ταῦτα
853 4235 975 4309 περὶ
1033 4241 1132 4291 τοῦ
1190 4236 1386 4313 ἀνδρὸς
1436 4243 1739 4314 πυθόμενος
1789 4242 2011 4307 θάνατον

368 4316 513 4387 αὐτῷ
541 4320 639 4386 τήν
673 4324 943 4395 τιμωρίαν
985 4323 1195 4399 ἐπάγει.
1224 4326 1382 4398 Ἐξῆς
1432 4324 1489 4382 δὲ
1543 4329 1644 4397 τήν
1701 4329 2010 4387 τελευταίαν

365 4407 453 4460 καὶ
495 4407 633 4461 κατά
661 4416 757 4477 τῆ)
793 4411 1066 4486 μάρτυρος
1106 4412 1298 4470 δίδωσι
1352 4418 1558 4495 ψῆφον,
1609 4419 1698 4473 καὶ
1753 4422 1855 4490 τήν
1923 4420 2012 4477 διὰ

366 4492 549 4584 ξίφους
578 4494 715 4568 αὐτῇ
751 4496 1009 4570 τελευτήν
1068 4504 1395 4578 κατακρίνει.
1448 4492 1534 4563 ⁷ού
1597 4505 1663 4577 δή
1712 4512 2010 4584 γενομένου

2104 1919 2376 1991 deinceps
2420 1926 2612 1976 autem
2660 1937 2761 1991 pro
2812 1920 2882 1975 iis
2934 1936 3190 1991 quoque,
3222 1919 3321 1989 qui
3354 1923 3651 1988 aegrotant,
3683 1918 3754 1972 ad

2100 2024 2225 2064 eam
2261 2009 2585 2064 accessuris
2618 2008 3064 2074 intercessisset,
3096 2012 3154 2063 et
3184 2023 3379 2063 vocem
3416 2023 3444 2061 e
3477 2004 3618 2061 coelo
3649 2022 3755 2061 au-

2102 2096 2363 2167 divisset,
2389 2114 2517 2169 quae
2540 2097 2927 2152 conﬁrmabat
2949 2097 3085 2151 data
3111 2097 3310 2159 fuisse,
3331 2113 3458 2167 quas
3486 2095 3751 2167 petebat:

2100 2187 2386 2258 Agedum,
2418 2187 2609 2257 inquit
2652 2186 2932 2250 carnifici,
2966 2186 3052 2240 iac
3082 2202 3211 2255 quae
3239 2190 3379 2240 sunt
3428 2185 3751 2254 imperata:

2103 2280 2159 2331 et
2190 2275 2449 2347 linguam
2486 2276 2721 2347 porrigit
2756 2280 2992 2347 martyr,
3017 2291 3140 2344 quas
3175 2274 3371 2328 divina
3401 2289 3634 2344 semper
3665 2285 3755 2326 me

2104 2364 2421 2430 dilabatur,
2455 2369 2511 2419 et
2541 2364 2926 2436 loquebatur:
2960 2368 3016 2419 et
3049 2365 3266 2420 ferrum
3298 2378 3427 2417 eam
3460 2361 3626 2433 (proh
3652 2361 3755 2416 do-

2104 2455 2257 2526 lor!)
2287 2456 2542 2511 mediam
2601 2456 2891 2511 exscindit
2948 2455 3237 2524 protinus.
3290 2454 3509 2509 Deinde
3561 2455 3759 2507 autem

2108 2545 2309 2597 dentes
2344 2559 2576 2612 quoque
2607 2542 2857 2597 excutit:
2887 2544 3069 2612 fitque
3099 2542 3149 2596 ei
3177 2559 3241 2597 os
3268 2543 3395 2596 fons
3426 2540 3754 2611 sanguinis,

2109 2632 2208 2701 qui
2246 2647 2473 2701 sponsae
2498 2630 2708 2686 Christi
2731 2635 2914 2684 totam
2931 2638 3146 2685 vestem
3171 2630 3360 2684 eti'ecit
3380 2644 3759 2700 purpuream,

2110 2725 2283 2792 atque
2314 2721 2456 2775 adeo
2489 2720 2693 2789 quavis
2726 2720 2882 2791 regia
2904 2735 3166 2790 purpura
3189 2716 3612 2790 pretiosiorem.
3636 2717 3759 2779 Quo

2110 2814 2374 2881 tempore
2404 2809 2632 2879 dicitur,
2656 2826 2789 2864 cum
2825 2826 3029 2878 parum
3062 2807 3388 2874 defecisset,
3412 2823 3625 2878 aquam
3659 2822 3761 2878 pe-

2112 2898 2305 2969 tiisse,
2350 2903 2409 2953 et
2456 2898 2768 2969 accepisse.
2801 2897 2909 2961 Qui
2958 2903 3154 2952 autem
3206 2895 3472 2967 praebuit,
3521 2894 3630 2949 fuit
3673 2894 3762 2949 vir

2114 2988 2377 3059 quidam,
2403 2986 2654 3057 Cyrillus
2684 2986 2942 3050 nomine,
2967 2987 3136 3057 cujus
3166 2986 3308 3041 adeo
3340 3001 3454 3040 non
3486 2988 3607 3039 erat
3638 2984 3761 3055 pie-

2114 3083 2202 3132 tas
2235 3077 2564 3145 manifesta,
2593 3081 2653 3131 ut
2673 3076 2803 3131 talis
2835 3075 3067 3147 quidem
3103 3080 3405 3146 putaretur
3424 3072 3495 3129 ab
3518 3072 3714 3144 impiis
3740 3089 3755 3126 :

2124 3166 2341 3237 alioqui
2374 3171 2591 3234 autem,
2617 3167 2769 3237 quod
2805 3166 2875 3220 ad
2908 3165 3118 3221 animae
3148 3164 3355 3220 attinet
3374 3163 3760 3231 affectionem,

2042 3213 2093 3281 C
2123 3213 2520 3320 ﬁdelissimus,
2554 3213 2700 3311 e’tjin
2735 3254 2940 3326 primis
2970 3213 3119 3325 pius:

2125 3360 2396 3417 magnam
2416 3344 2628 3415 accipit
2646 3346 2964 3400 mercedem
2986 3361 3088 3415 pro
3112 3344 3316 3415 poculo
3334 3360 3497 3414 aqua:
3518 3340 3762 3411 frigidae,

2124 3440 2181 3491 et
2211 3452 2271 3490 re
2302 3436 2445 3489 adeo
2478 3434 2574 3488 vili
2606 3434 2749 3489 emit
2795 3449 3070 3489 coronam
3117 3432 3397 3506 martyrii.
3431 3432 3577 3487 Nam
3627 3444 3763 3484 cum

2124 3525 2444 3597 accepisset
2474 3522 2720 3589 Probus,
2752 3523 2907 3594 quod
2940 3522 2989 3577 is
3016 3538 3129 3577 non
3164 3522 3357 3577 solum
3407 3522 3622 3575 fractus
3660 3534 3767 3573 na-

2124 3619 2265 3669 tura:
2290 3611 2713 3677 misericordia,
2731 3620 2782 3667 et
2802 3611 2956 3682 quod
2977 3611 3348 3665 misereretur
3366 3608 3765 3664 membrorum

2123 3703 2355 3762 illorum
2387 3703 2806 3772 amputationis
2833 3718 2846 3755 :
2880 3701 2984 3758 sed
3017 3704 3206 3771 potius
3246 3708 3480 3771 propter
3512 3698 3642 3752 [idsi
3673 3712 3768 3752 so-

2124 3795 2409 3859 cietatem,
2444 3802 2496 3849 et
2526 3792 2678 3864 quod
2712 3808 2825 3847 non
2872 3791 3185 3846 sustineret
3237 3788 3434 3844 videre
3484 3787 3568 3842 sic
3616 3801 3769 3856 aqua

2124 3887 2482 3957 indigentem
2528 3881 2861 3939 communis
2908 3881 3139 3937 Domini
3186 3878 3457 3936 ancillam
3519 3875 3768 3932 maxime

2123 3991 2485 4048 germanam,
2506 3972 2749 4044 martyri
2779 3977 2977 4043 potum
3002 3970 3368 4041 prabuisset,
3392 3965 3766 4023 Dominicum

2122 4065 2179 4119 in
2214 4064 2323 4120 hoc
2352 4063 2603 4134 implens
2635 4061 3003 4126 mandatum,
3037 4060 3236 4115 mortis
3268 4058 3319 4113 ei
3351 4056 3515 4113 affert
3546 4053 3768 4126 suppli-

2123 4155 2299 4210 cium.
2325 4154 2545 4209 Deinde
2571 4168 2705 4208 vero
2728 4151 2838 4207 fert
2865 4151 3037 4206 etiam
3062 4148 3329 4205 ultimam
3360 4147 3423 4202 in
3454 4154 3766 4217 martyrem

2122 4242 2495 4307 sententiam,
2540 4245 2599 4298 et
2643 4257 2773 4297 eam
2821 4240 3188 4305 condemnat,
3237 4242 3304 4293 ut
3344 4237 3522 4292 vitam
3573 4233 3765 4307 gladio

2122 4334 2304 4388 ﬁniat.
2333 4333 2494 4398 Quod
2519 4331 2754 4402 quidem
2787 4345 2919 4387 cum
2953 4328 3173 4384 factum
3203 4331 3379 4392 esset,
3402 4329 3459 4381 et
3479 4330 3613 4380 ante
3634 4324 3769 4379 civi-

2122 4425 2300 4477 tatem
2333 4436 2561 4475 sacrum
2594 4416 2754 4473 illius
2786 4426 2959 4490 caput
2989 4416 3199 4472 fuisset
3230 4418 3621 4486 amputatum,
3646 4426 3769 4467 cor-

2122 4526 2231 4582 pus
2257 4509 2494 4581 quidem
2523 4506 2865 4579 aliquandiu
2890 4505 3075 4576 jacuit
3104 4504 3269 4560 humi
3301 4501 3660 4573 neglectum,
3682 4501 3770 4554 in-

366 4582 458 4638 καὶ
509 4584 615 4657 πρὸ
662 4590 761 4639 τοῦ
818 4586 1022 4651 ἄστεως
1079 4598 1177 4659 τῆς
1261 4594 1405 4668 ἱερᾶς
1472 4582 1733 4671 κεφαλῆς.
1801 4582 2003 4671 ἐκείνης

2124 4604 2345 4655 tactum
2395 4601 2611 4666 tamen,
2639 4602 2807 4667 atque
2854 4597 2998 4652 adeo
3029 4611 3062 4649 a
3089 4593 3218 4650 cmli
3250 4596 3307 4648 et
3348 4596 3513 4647 terrae
3562 4590 3767 4646 avibus

369 4671 801 4762 ἀποτμηθείσης,
842 4677 904 4730 τὸ
937 4679 1097 4751 σῶμα
1130 4682 1224 4753 μὲν
1268 4681 1397 4757 ἄχρι
1438 4687 1585 4748 τινὸς
1637 4687 2016 4762 ἀμελούμενον

370 4759 617 4834 ἔῤῥιπτο,
674 4762 944 4837 ἄψαυστον
1012 4763 1068 4821 δὲ
1109 4769 1261 4841 ὅμως
1309 4770 1398 4825 καὶ
1455 4782 1719 4839 πετεινοῖς
1769 4778 2019 4855 ούρανοῦ,

372 4851 461 4940 καί
518 4854 619 4927 γῆς
675 4855 888 4929 θηρίοις
955 4857 1319 4931 τηρούμενον,
1385 4864 1647 4940 καθάπερ,
1706 4851 1884 4940 οἶμαι,
1955 4869 2022 4925 τὰ

377 4939 507 5030 esse
565 4946 661 4995 τοῦ
728 4950 1084 5023 Δημιουργοῦ
1149 4948 1357 5004 τούτων
1427 4953 1697 5030 στίγματα
1779 4956 1868 5010 καὶ
1923 4958 2020 5021 τὰς

372 5026 552 5105 ὕϐρεις
584 5030 1041 5109 εὐλαϐουμένοις.
1084 5041 1310 5097 Ἔπειτα
1339 5040 1399 5097 δὲ
1443 5026 1538 5118 τῇ*
1571 5047 1663 5100 καὶ
1723 5045 2017 5105 παιδευσα-

378 5120 513 5195 μένῃ
542 5122 631 5177 καὶ
672 5126 981 5201 θρεψαμένῃ
1037 5130 1209 5207 Σοφίᾳ
1276 5136 1409 5187 Θεοῦ
1474 5133 1701 5206 νεύμασι
1755 5136 2017 5194 ἀποδίδο-

371 5228 459 5262 ται
510 5208 831 5285 παραδόξως
909 5216 1084 5294 εύχῆς
1141 5215 1358 5283 ἔκϐασις
1436 5222 1607 5287 ὅντως
1660 5225 1750 5280 καὶ
1807 5226 2018 5306 σπλάγ-

369 5318 516 5374 χνων
552 5306 836 5375 μητρικῶν
866 5304 1178 5371 ἀνάπαυσις,

438 5391 544 5480 ΙΑ¹ξ
584 5390 730 5445 Ἐπεὶ
771 5392 874 5468 γὰρ
948 5396 983 5464 ἡ
1042 5399 1307 5473 παρθένος
1362 5399 1736 5474 συλληφθεῖσα
1774 5405 1913 5480 πρὸς
1951 5409 2013 5464 τὸ

369 5479 668 5566 μαρτύριον
697 5482 885 5557 ἤγετο,
934 5491 1147 5560 ῆγωνεα
1205 5490 1301 5562 μὲν
1358 5490 1490 5564 ὑπὲρ
1551 5494 1723 5565 αὐτῆς
1781 5479 1828 5566 ὴί
1871 5494 2015 5552 διδά-

365 5565 590 5662 σκαλος⁸
618 5571 813 5662 ξοφία,
861 5574 961 5662 *καὶ
1019 5573 1303 5646 ἐδεδοίκει,
1353 5582 1444 5635 καὶ
1492 5580 1704 5659 ἔτρεμε,
1765 5585 2003 5662 καθάπερ

370 5655 468 5713 οὐκ
508 5655 592 5713 ἐπ’
633 5657 808 5736 ἐκείνῃ
861 5659 1076 5740 λοιπὸν,
1108 5664 1231 5723 ἀλλ’
1292 5668 1343 5724 ἐν
1383 5674 1500 5733 τοῖς
1554 5655 1762 5744 -έαυτῆς
1820 5655 2007 5748 μέλεσι

2127 4706 2192 4745 ac
2223 4688 2427 4744 bestiis
2466 4687 2851 4755 custoditum,
2880 4689 2945 4740 ut
2975 4700 3098 4755 quas
3130 4681 3554 4754 quodammodo
3604 4694 3768 4734 reve-

2132 4783 2416 4845 rerentur,
2451 4794 2578 4850 qua:
2604 4793 2705 4847 pro
2733 4776 2969 4831 illorum
3012 4778 3266 4829 creatore
3312 4772 3613 4841 acceperat
3661 4766 3769 4823 sti-

2131 4871 2325 4937 gmata
2343 4871 2400 4920 et
2416 4865 2471 4919 in
2473 4866 2495 4935 j
2507 4866 2682 4920 urias.
2698 4863 2917 4920 Deinde
2930 4862 3180 4931 Sophim,
3199 4876 3325 4932 qua:
3341 4874 3469 4915 eam
3483 4855 3769 4913 erudierat

2128 4961 2182 5009 et
2212 4955 2509 5018 educarat,
2544 4954 2642 5009 Dei
2674 4957 2822 5008 nutu
2867 4949 3283 5009 admirabiliter
3332 4947 3589 5003 redditur
3638 4946 3766 5015 ejus

2129 5044 2301 5117 plane
2356 5045 2595 5101 eti‘ectus
2654 5043 2953 5110 orationis,
2983 5051 3036 5099 et
3087 5040 3317 5113 requies
3366 5042 3767 5094 maternorum

2126 5150 2438 5193 Viscerum.

2195 5411 2290 5469 XI.
2323 5411 2467 5466 Cum
2502 5410 2656 5465 enim
2687 5410 2851 5481 virgo
2894 5405 3319 5479 comprehensa
3362 5404 3671 5461 duceretur
3696 5404 3767 5459 ad

2124 5500 2492 5573 martyrium,
2525 5516 2626 5572 pro
2655 5515 2725 5556 ea
2763 5499 2999 5571 quidem
3045 5496 3243 5553 animo
3284 5494 3604 5568 angebatur
3640 5493 3769 5563 ejus

2123 5591 2403 5664 magistra
2457 5590 2693 5663 Sophia,
2743 5587 3102 5660 timebatque
3148 5589 3205 5643 et
3251 5581 3757 5648 contremiscebat,

2123 5684 2401 5753 tanquam
2432 5696 2549 5738 non
2580 5678 2683 5736 illa
2710 5677 3007 5750 deinceps,
3040 5678 3143 5734 sed
3173 5676 3301 5748 ipsa
3330 5674 3389 5730 in
3420 5673 3543 5731 suis
3572 5686 3757 5729 mem-
