4048 6202
158 312 175 365 δε
234 326 390 388 1309

1149 332 1627 397 MARTYRIUM
1674 337 1784 398 SS.
1834 337 2147 399 ZENOBII
2193 341 2292 401 ET
2336 340 2721 404 ZENOBIAE.

3486 344 3640 407 1310

235 489 3633 517 mm“

809 650 1536 752 ΜΑΡΤΥΡΙΟΝ
1621 657 1869 754 ΤΟΥ
1946 658 2326 755 ΑΓΙΟΥ
2407 660 3071 759 ΜΑΡΤΥΡΟΣ

1484 858 2402 988 ΖΗΝΟΒΙΟΥ

1271 1062 1389 1116 ΚΑΙ
1428 1061 1776 1119 ΖΗΝΟΒΙΑΣ
1815 1063 1955 1120 ΤΗΣ
1999 1067 2341 1119 ΑΛΕΑΦΠΣ
2384 1063 2610 1120 ΑΥΤΟΥ

1035 1350 1185 1435 MA
1205 1350 1731 1440 ltTYltIUM
1805 1352 2203 1439 SANCTI
2268 1356 2417 1442 MA
2436 1352 2841 1441 RTYRIS

1523 1551 2342 1718 ZENOBII

1435 1791 1524 1846 ET
1563 1792 1891 1851 ΖΕΝΟΒΙᾸΞ
1930 1794 2097 1851 EJUS
2135 1795 2440 1852 SORORIS

692 1910 921 1981 (Latine
951 1928 1042 1985 ap.
1075 1912 1311 1970 Surium
1343 1916 1413 1971 ad
1444 1916 1601 1973 diem
1633 1919 1704 1973 30
1735 1919 2020 1991 Octobris,
2054 1922 2249 1978 Graece
2280 1940 2348 1980 ex
2378 1924 2505 1979 cod.
2542 1940 2651 1979 ms.
2686 1923 2870 1980 Paris.
2907 1940 2961 1979 n.
2998 1922 3183 1993 1480.)

1905 2081 1976 2094 _

299 2224 383 2279 Χ.
436 2221 597 2297 Αἲγαὶ
647 2223 811 2287 πόλις
868 2224 1007 2281 ἐστὶν
1064 2225 1149 2281 ἐπὶ
1198 2226 1390 2301 κόληῳ
1442 2229 1535 2301 μὲν
1585 2233 1665 2301 τῷ
1706 2232 1914 2303 Ἰονίῳ,

2067 2234 2108 2288 Ι.
2140 2237 2294 2303 λΕεδε
2324 2236 2413 2288 est
2442 2232 2668 2299 civitas,
2701 2249 2827 2302 quze
2859 2231 2973 2287 sita
3021 2232 3259 2303 quidem
3291 2234 3381 2285 est
3413 2229 3472 2283 in
3505 2228 3638 2284 sinu

229 2313 483 2384 κειμένη,
527 2313 629 2367 ὑπὸ
665 2312 906 2369 Κιλίκων
939 2311 994 2369 δὲ
1023 2314 1320 2387 οἷ’κουμένπ
1350 2337 1361 2349 ·
1387 2318 1462 2379 ὦς
1508 2320 1571 2373 τὸ
1607 2320 1699 2390 μὲν
1751 2320 1886 2394 πρὸς

2004 2322 2210 2385 Ionico,
2271 2321 2568 2376 habitatur
2629 2325 2820 2376 autem
2880 2338 2913 2375 a
2971 2320 3297 2375 Cilicibus:
3351 2317 3521 2388 cujus
3577 2332 3642 2370 ea

227 2401 463 2477 ἤπειρον
496 2402 557 2457 οὐ
590 2403 755 2472 πολὺ,
788 2403 1051 2459 πλατεῖαν
1085 2403 1141 2460 δὲ
1180 2406 1270 2460 καὶ
1321 2404 1523 2468 ἒκανῶς
1584 2408 1659 2467 είς
1713 2416 1888 2480 μῆκος

225 2486 527 2561 διήκουσαν
562 2494 589 2547 ὁ
622 2500 720 2562 τῆς
750 2492 994 2569 γείτονος
1039 2492 1311 2565 θαλάσσης
1362 2494 1533 2569 ὅρμος
1584 2493 1886 2570 ἐκδεχεται.

219 2577 389 2650 Αὕτη
424 2582 518 2637 τὸν
568 2584 834 2658 μακάριον
886 2580 1152 2653 Ζηγόϐιον
1196 2582 1413 2658 ἤνεγκε,
1471 2584 1715 2658 πατέρων
1777 2596 1892 2649 θεο-

220 2670 412 2746 φιλῶν
455 2673 741 2748 γεγονότα,
802 2671 956 2747 ῥίξης
1020 2672 1230 2749 ἀγαθῆς
1273 2669 1447 2737 ὅντως
1495 2674 1695 2747 ἀγαθὸν
1760 2672 1893 2749 βλά-

220 2781 442 2833 στημα.
501 2764 707 2835 Ὅσρις,
755 2760 1226 2833 τετελευτηκότων
1296 2764 1447 2835 αὐτῷ
1502 2768 1612 2819 τῶν
1664 2763 1889 2839 γονέων,

220 2849 382 2922 παρὰ
437 2853 518 2921 τῷ
573 2852 711 2923 πρὸς
760 2852 967 2925 πατρὸς
1020 2849 1421 2907 καταλέλειπτο
1497 2855 1648 2926 θείῳ.
1708 2855 1763 2908 Ὀ
1836 2851 1891 2908 δὲ

224 2944 381 3002 θεῖος
436 2938 656 3010 ἀληθῶς
704 2938 777 2996 ὢν
827 2942 915 2997 καὶ
968 2941 1262 3021 φιλάρετος
1308 2944 1622 3021 ἄνθρωπος,
1662 2951 1761 3014 τῆς
1790 2966 1891 3000 πα-

222 3030 417 3101 τρῴας
478 3029 619 3105 ὁρῶν
682 3031 774 3086 τὸν
831 3029 1001 3085 παῖδα
1074 3028 1379 3096 Θεοσεϐείας
1454 3032 1739 3108 ἐχόμενον,
1798 3035 1887 3089 καὶ

229 3119 423 3191 ὥσπερ
450 3124 550 3187 τῆς
589 3121 836 3190 κτήσεως
877 3120 1037 3175 αὐτὸν
1086 3120 1321 3193 ἀπάσης,
1376 3122 1519 3177 οῧτω
1552 3122 1618 3193 δὴ
1660 3124 1750 3178 καὶ
1790 3130 1890 3193 τῆς

229 3206 437 3281 ἀρετῆς
464 3208 646 3277 πάσης
674 3208 1048 3285 κληρονόμον,
1096 3215 1166 3285 τῇ
1217 3213 1393 3283 οἰκείᾳ
1442 3213 1663 3287 θυγατρὶ
1700 3212 1890 3288 Θέκλῃ

231 3300 429 3351 τοῦτον
479 3298 793 3371 ἡρμόσατο,
852 3303 1047 3376 ζεῦγος
1106 3306 1222 3373 Θεῷ
1281 3302 1441 3377 φίλον
1510 3301 1591 3356 ἐπ’
1652 3298 1892 3374 εὐσεϐείᾳ

234 3388 329 3442 καὶ
378 3394 538 3443 πᾶσιν
590 3390 811 3464 ἀγαθοῖς
858 3387 1044 3468 ἔργοις
1106 3391 1397 3467 ἐπίσημον.
1471 3400 1714 3449 Γεννᾶται
1777 3416 1893 3449 τοι·

237 3481 441 3552 γαροῦν
502 3477 562 3532 ἐκ
597 3480 804 3533 τούτων
864 3475 1144 3551 Ζηνόϐιος,
1174 3478 1361 3537 ’ἔπειτα
1410 3481 1467 3538 δὲ
1496 3485 1585 3538 καὶ
1621 3486 1655 3553 ἡ
1697 3486 1891 3539 τούτου

238 3562 453 3643 ἀδελφή
511 3562 745 3638 Ζηνοϐία
795 3572 973 3638 (τοῦτο
1018 3569 1123 3644 γὰρ
1191 3571 1327 3645 αὐτῇ
1364 3573 1511 3648 παρά
1547 3577 1652 3627 τῶν
1687 3573 1888 3649 γονέων

236 3655 447 3711 τίθεσαι
494 3657 710 3731 ὄνομα),
778 3659 1006 3733 ξυνωρὶς
1062 3660 1211 3734 ἀγία,
1263 3660 1456 3718 κλάδοι
1502 3669 1889 3736 πνευματικοῖς

236 3740 431 3817 ἔργοις
462 3746 818 3821 κατάκαρποι.

309 3832 393 3918 Β¹ἶ
422 3830 565 3903 Ἤδη
607 3831 664 3888 δὲ
693 3839 790 3888 τοῦ
828 3834 1003 3891 καλοῦ
1042 3834 1311 3907 Ζηνοϐίου
1355 3842 1455 3910 τὴς
1504 3837 1705 3918 ἔφηϐον
1755 3842 1891 3897 ἀπο-

235 3914 616 3991 λαμϐάνοντος
673 3922 919 3994 ἠλικίαν,
960 3924 1257 3983 τελευτῶσι
1314 3931 1410 4001 μὲν
1460 3914 1645 3993 αὐτοῖς
1697 3931 1746 3985 οἰ
1804 3952 1892 3986 τε-

234 4008 449 4080 κόντες,
508 4011 804 4067 ἀναλοῦται
853 4012 910 4069 δὲ
948 4015 1037 4069 καὶ
1095 4017 1161 4071 τὰ
1199 4024 1299 4082 τῆς
1355 4019 1543 4083 οὐσίας
1586 4021 1653 4075 τὰ
1687 4022 1781 4093 μὶν
1814 4020 1890 4083 είς

233 4098 333 4184 τὰς
363 4104 469 4154 τῶν
530 4105 775 4172 πενήτων
822 4103 1104 4178 γαστέρας,
1134 4106 1203 4161 τὰ
1242 4105 1299 4162 δὲ
1346 4110 1435 4163 καὶ
1485 4110 1611 4184 περὶ
1653 4112 1752 4179 τὴν
1782 4116 1889 4167 τῶν

236 4181 477 4238 ἀσθενῶν
544 4184 892 4259 ἐπιμέλειαν
951 4188 1277 4245 πεπαίδευτο
1330 4193 1434 4268 γὰρ
1493 4181 1591 4262 τήν
1645 4193 1890 4268 ἰατρικήν

240 4273 269 4327 ὁ
302 4269 566 4343 Ζηνόόιος
612 4274 754 4330 οὕτω
792 4276 978 4341 καλῶς
1018 4279 1107 4333 καὶ
1145 4279 1400 4351 τοιαύτην
1455 4282 1579 4357 περὶ
1635 4282 1763 4345 τοὺς
1810 4306 1893 4340 νο-

242 4365 466 4423 σοῦντας
512 4361 844 4420 ἐπεδείκνυτο
919 4368 1020 4435 τὴν
1092 4368 1551 4446 θαυματουργίαν,
1616 4372 1691 4435 ὡς
1753 4370 1893 4445 μηδὲ

239 4457 342 4519 τῆς
376 4452 473 4523 μὲν
504 4452 670 4507 αὐτοῦ
709 4456 896 4529 χειρὸς
938 4456 1148 4533 ἐπαφὴ»
1205 4458 1493 4532 ὑπομένειν
1532 4462 1628 4523 τὰς
1678 4459 1889 4531 νόσους,

241 4538 391 4595 ἀλλὰ
421 4540 511 4595 καὶ
562 4541 701 4615 μόνῃ
758 4541 1148 4619 φυγαδεύεσθαι
1194 4552 1261 4621 τῇ
1312 4553 1410 4603 τοῦ
1456 4547 1651 4622 ἀνδρὸς
1695 4571 1898 4626 παρου-

240 4627 351 4699 σίᾳ.
386 4629 564 4686 Τοῦτο
614 4628 671 4685 δὲ
717 4630 779 4685 οὐ
838 4634 1039 4711 τέχνης
1096 4630 1274 4709 ἔργον,
1307 4637 1451 4692 ἀλλὰ
1501 4639 1728 4714 χάριτος
1758 4645 1892 4695 Θεοῦ

243 4716 419 4793 δῶρον
466 4722 555 4775 καὶ
614 4722 806 4797 ἀρετῆς
865 4721 1061 4800 ἀνδρὸς
1107 4726 1401 4796 πεποίητο.
1461 4729 1582 4803 Οὐχ
1623 4730 1801 4805 ὑγείας
1838 4728 1894 4784 δὲ

246 4810 416 4881 μόνον
446 4809 653 4879 αὐτοῖς,
685 4810 831 4867 ἀλλὰ
866 4814 955 4868 καὶ
994 4815 1116 4888 βίου
1150 4816 1399 4890 χορηγὸς
1429 4819 1495 4886 ἦν
1527 4819 1554 4872 ὁ
1607 4816 1891 4889 Ζηνόϐιος,

240 4898 331 4953 καὶ
363 4904 496 4955 πᾶσι
519 4905 637 4963 τοῖς
668 4902 817 4974 αὖτῷ
846 4908 1132 4975 προσιοῦσι
1170 4906 1238 4959 τά
1292 4926 1351 4960 τε
1406 4907 1542 4979 πρὸς
1610 4908 1892 4982 θεραπείαν

240 4996 344 5059 τῆς
393 4989 577 5062 νόσου,
616 4990 707 5046 καὶ
757 4993 825 5046 τὰ
867 4992 1003 5067 πρὸς
1052 4990 1348 5070 διατροφὴν
1382 4994 1605 5070 ἐπήρκει
1637 5001 1733 5052 τοῦ
1790 5000 1893 5053 σώ-

246 5098 436 5151 ματος,
487 5080 574 5157 ὑφ’
629 5082 696 5149 ἧς
748 5080 807 5135 ἂν
859 5078 1081 5146 ἕκαστος
1130 5083 1394 5159 ἐτύγχανε
1425 5083 1680 5155 δηλονότι
1712 5108 1893 5145 κατει-

242 5166 556 5240 λημμένος,
587 5171 679 5224 καὶ
740 5171 945 5225 ὁποίων
994 5172 1054 5226 ἄν
1228 5178 1336 5228 τῶν
1391 5174 1573 5229 σιτίων
1615 5173 1892 5250 δεόμενος·

242 5254 387 5312 ὥστε
418 5257 481 5312 οὐ
512 5255 718 5334 δωρεὰν
752 5257 933 5315 ἐδίδου
968 5261 1158 5333 μόνον,
1192 5260 1339 5318 ἀλλὰ
1373 5263 1463 5319 καὶ
1502 5264 1670 5336 αὐτὴν
1698 5267 1897 5342 πολλῷ

394 5349 540 5424 μέσῳ
597 5353 694 5438 την
758 5351 992 5423 ἐντολὴν
1060 5350 1427 5431 ὓπερὲϐαινεν,
1499 5361 1611 5430 Τὴν
1663 5363 1754 5434 μὲν
1795 5362 1898 5438 γὰρ

246 5434 454 5512 δωρεὰν
505 5437 750 5514 ἐλάϐετε,
784 5444 940 5520 φησὶ,
982 5440 1185 5520 δωρεὰν
1231 5443 1374 5505 δότε.
1406 5449 1468 5506 Ὀ
1536 5447 1596 5504 δὶ
1650 5434 1898 5527 προσδηλ-

243 5547 348 5598 κην
403 5535 503 5599 τῆς
553 5529 789 5608 ἰατρείας
845 5533 934 5588 καὶ
977 5538 1083 5590 τῶν
1128 5537 1432 5594 νοσούντων
1481 5545 1714 5614 παρεῖχε
1773 5539 1899 5597 δια-

323 5669 335 5701 ι
372 5662 575 5722 Matth.
610 5684 665 5737 x,
694 5669 750 5725 8.

1921 3597 1975 3661 Β

1925 4975 1975 5044 C

1998 2425 2129 2478 pars
2162 2410 2422 2479 quidem,
2458 2425 2588 2478 quae
2635 2410 2817 2477 vergit
2847 2411 2918 2463 ad
2950 2411 3369 2471 continentem,
3398 2422 3514 2462 non
3555 2411 3643 2459 est

1998 2516 2244 2569 magna:
2283 2498 2462 2552 latam
2510 2502 2700 2552 autem
2751 2503 2810 2551 et
2857 2502 3175 2566 porrectam
3220 2497 3277 2551 in
3325 2496 3469 2550 satis
3518 2510 3641 2549 ma-

1997 2604 2173 2658 gnam
2208 2587 2573 2642 latitudinem
2612 2585 2921 2656 propinqui
2953 2585 3134 2639 maris
3167 2588 3371 2655 portus
3402 2581 3639 2652 excipit.

1996 2677 2066 2731 Et
2113 2676 2244 2731 tulit
2288 2678 2520 2731 beatum
2552 2674 2896 2738 Zenobium,
2930 2679 3133 2728 natum
3168 2688 3236 2727 ex
3268 2672 3380 2743 piis
3433 2686 3640 2740 paren-

1997 2767 2177 2836 tibus,
2228 2766 2441 2821 radicis
2491 2765 2644 2820 bona:
2698 2779 2896 2819 revera
2954 2762 3170 2817 bonum
3229 2777 3485 2833 germen.
3534 2758 3642 2825 Qui

1997 2872 2130 2911 cum
2182 2856 2592 2922 decessissent,
2628 2854 2679 2908 is
2709 2852 2949 2909 relictus
3001 2852 3108 2906 fuit
3144 2851 3295 2920 apud
3345 2854 3641 2919 patruum.

1999 2947 2237 3000 Patruus
2268 2960 2417 3013 vero,
2451 2960 2586 3000 cum
2636 2946 2789 2999 esset
2827 2957 3023 2997 revera
3047 2941 3134 2995 vir
3158 2939 3406 3003 divinus,
3441 2941 3498 2993 et
3528 2935 3641 2992 vir-

1997 3035 2138 3089 tutis
2169 3034 2488 3099 studiosus,
2519 3034 2725 3088 videns
2758 3047 3003 3103 puerum
3038 3030 3146 3084 rite
3173 3032 3508 3100 sequentem
3541 3043 3641 3097 pa-

1996 3128 2218 3179 ternam
2256 3124 2549 3194 pietatem,
2574 3128 2630 3178 et
2660 3121 2956 3194 quomodo
2990 3120 3271 3175 universae
3302 3118 3430 3188 eius
3458 3116 3644 3171 haere-

1997 3212 2218 3281 ditatis,
2252 3213 2332 3267 ita
2379 3213 2554 3267 etiam
2612 3211 2842 3267 virtutis
2893 3210 3109 3265 factum
3159 3224 3285 3264 esse
3336 3207 3643 3274 haredem,

1998 3303 2159 3358 afﬁni
2191 3319 2310 3358 sua:
2341 3302 2570 3358 Thecla:
2601 3317 2731 3357 eum
2765 3300 3082 3370 respondit,
3115 3315 3217 3370 par
3252 3298 3369 3353 Deo
3410 3301 3640 3368 gratum

1997 3398 2233 3465 propter
2282 3393 2571 3465 pietatem,
2604 3392 2924 3463 etinsigne
2968 3389 3135 3446 bonis
3173 3389 3449 3445 omnibus
3492 3400 3640 3457 ope-

1997 3482 2181 3539 ribus.
2236 3482 2316 3537 Ex
2371 3481 2455 3538 eis
2510 3497 2648 3553 ergo
2707 3485 2882 3535 natus
2938 3483 3024 3534 est
3078 3479 3399 3545 Zenobius;
3433 3474 3643 3532 deinde

1998 3574 2166 3627 etiam
2229 3588 2395 3627 soror
2441 3572 2567 3641 ejus
2615 3570 2866 3625 Zenobia
2912 3568 3044 3640 (hoc
3092 3567 3249 3622 enim
3299 3566 3384 3621 eis
3431 3580 3643 3620 nomen

2000 3660 2342 3732 impositum
2392 3661 2503 3714 fuit
2532 3676 2566 3714 a
2600 3658 2993 3730 parentibus):
3027 3660 3297 3712 sanctum
3342 3669 3465 3723 par,
3497 3653 3651 3708 rami

2000 3748 2217 3805 fertiles
2248 3748 2611 3821 spiritalibus
2643 3748 2940 3820 operibus.

2073 3841 2146 3895 II.
2177 3842 2315 3894 Cum
2349 3843 2541 3894 autem
2574 3838 2841 3910 egregius
2866 3834 3151 3891 Zenobius
3174 3834 3298 3905 jam
3332 3832 3404 3887 ad
3436 3829 3647 3902 ephebi

2002 3930 2357 4000 pervenisset
2413 3933 2660 3995 aetatem,
2694 3928 2823 3997 ejus
2866 3925 3104 3997 quidem
3157 3922 3491 3978 moriuntur
3544 3935 3647 3990 pa-

2003 4023 2250 4074 rentes:
2313 4020 2743 4073 consumuntur
2814 4033 2948 4073 vero
3026 4013 3353 4081 facultates,
3430 4009 3643 4081 partim

2004 4109 2239 4180 quidem
2290 4106 2353 4162 in
2398 4114 2628 4163 ventres
2679 4120 3024 4176 pauperum,
3075 4101 3282 4175 partim
3331 4106 3525 4156 autem
3576 4100 3650 4154 ad

2005 4214 2199 4253 curam
2233 4196 2622 4252 inﬁrmorum.
2654 4199 2793 4250 Tam
2829 4192 3073 4265 pulchre
3102 4191 3261 4248 enim
3293 4188 3646 4246 medicinam

2003 4286 2289 4342 didicerat
2314 4285 2625 4354 Zenobius,
2656 4290 2713 4339 et
2740 4284 2799 4338 in
2833 4288 3083 4355 aegrotos
3133 4281 3479 4338 ostendebat
3519 4283 3652 4333 tan-

2003 4382 2122 4434 tam
2158 4376 2577 4433 miraculorum
2619 4375 3005 4443 eﬂ'ectioncm,
3038 4383 3101 4429 ut
3131 4389 3235 4429 nec
3278 4372 3469 4428 solum
3522 4368 3651 4439 qui-

2006 4470 2139 4525 dem
2171 4471 2295 4539 ejus
2329 4484 2540 4524 manus
2576 4472 2906 4524 contactum
2940 4470 3186 4537 possent
3234 4461 3424 4517 morbi
3472 4460 3653 4515 susti-

2006 4575 2163 4629 nere,
2186 4560 2287 4614 sed
2310 4559 2435 4629 ejus
2458 4558 2578 4614 sola
2601 4559 2938 4629 fugarenlur
2969 4552 3291 4625 praesentia.
3316 4552 3433 4607 Hoc
3455 4552 3650 4603 autem

2007 4667 2121 4706 non
2170 4654 2296 4705 erat
2340 4665 2485 4719 opus
2532 4648 2694 4714 artis,
2728 4646 2827 4702 sed
2877 4645 3095 4701 donum
3145 4643 3366 4715 gratias,
3409 4643 3465 4696 et
3506 4655 3651 4711 prte-

2007 4741 2193 4794 mium
2250 4737 2503 4793 virtutis.
2550 4736 2673 4791 Non
2723 4734 2913 4791 solum
2962 4737 3158 4789 autem
3208 4728 3496 4798 sanitatis,
3548 4727 3651 4783 sed

2007 4828 2183 4882 etiam
2216 4827 2404 4882 victus
2426 4828 2550 4881 erat
2578 4825 2982 4896 suppeditatur
3008 4821 3296 4879 Zenobius
3323 4837 3337 4887 ;
3368 4823 3425 4874 et
3456 4816 3650 4873 omni-

2008 4919 2139 4986 bus,
2172 4917 2274 4988 qui
2306 4917 2375 4972 ad
2422 4917 2618 4987 ipsum
2665 4914 3043 4981 accedebant,
3074 4909 3485 4984 suppeditabat
3533 4912 3653 4961 tam

2006 5024 2134 5079 quae
2167 5007 2236 5062 ad
2272 5005 2460 5061 morbi
2492 5004 2862 5077 pertinebant
2900 5003 3282 5066 curationem,
3316 5012 3490 5069 quam
3522 5012 3651 5067 quae

2007 5098 2076 5153 ad
2110 5096 2456 5151 alimentum
2489 5094 2770 5165 corporis,
2805 5107 3158 5165 quocunque
3189 5090 3391 5146 morbo
3422 5086 3652 5142 detine-

2008 5193 2226 5256 rentur,
2251 5190 2308 5242 et
2330 5185 2785 5258 quibuscunque
2815 5183 2960 5239 cibis
2991 5198 3141 5253 opus
3172 5178 3475 5235 haberent.
3499 5176 3650 5241 Quin

2005 5278 2176 5333 etiam
2218 5293 2334 5332 non
2383 5274 2575 5332 solum
2626 5274 2800 5329 dabat
2847 5272 3047 5344 gratis,
3080 5270 3183 5326 sed
3231 5268 3407 5325 etiam
3456 5266 3647 5338 ipsum

2008 5374 2360 5438 preceptum
2410 5364 2582 5435 longo
2623 5360 2923 5418 intervallo
2955 5361 3289 5434 superabat.
3323 5358 3468 5416 Nam
3502 5373 3651 5431 pm-

2008 5465 2238 5528 ceptum
2288 5454 2525 5528 quidem
2575 5452 2717 5509 dicit
2753 5468 2767 5509 :
2813 5474 2842 5503 «
2877 5450 3067 5509 Gratis
3108 5450 3437 5524 accepistis,
3468 5450 3651 5521 gratis

2009 5546 2144 5603 date
2173 5546 2193 5580 ί
2220 5561 2234 5604 :
2267 5566 2297 5597 »
2329 5542 2432 5602 Ille
2462 5547 2653 5602 autem
2680 5549 2888 5613 preter
2912 5541 3265 5600 medicinam
3295 5536 3652 5610 adjungebat
