4012 6220
368 314 524 375 1311

1708 304 1992 368 MENSIS
2038 304 2423 367 OCTOBER.

3644 309 3799 368 1312

364 471 539 527 etiam
568 469 915 525 alimentum
943 471 1311 540 aegrotorum,
1336 483 1452 524 non
1483 466 1675 523 solum
1699 464 1881 538 gratis
1913 481 2009 521 cu-

2156 464 2346 541 ροφᾶς,
2406 462 2506 518 ούκ
2560 460 2823 537 ἀμίσθους
2889 464 3056 538 μόνον
3106 463 3201 527 τὰς
3250 467 3541 541 θεραπείας
3592 486 3800 532 ποιων,

365 577 526 630 rans,
577 560 677 616 sed
722 559 894 615 etiam
945 574 1080 614 cum
1133 558 1427 613 curatione
1472 555 1737 628 prebens
1796 570 2017 610 merce-

365 650 521 705 dem.
553 648 708 705 Talis
741 648 973 719 quidem
1021 650 1431 703 sacrosanctus
1480 644 1769 700 Zenobius
1808 642 2020 714 obtigit

366 736 609 793 Cilicum
642 736 885 808 regioni,
919 752 1035 807 quo
1068 744 1322 806 tempore
1372 735 1683 805 imperator
1726 735 2019 788 Romano-

365 842 499 883 rum
526 826 758 882 deditus
790 824 1122 882 simulacris
1154 829 1209 879 et
1240 823 1430 896 impiae
1457 839 1521 878 ac
1546 822 1700 878 falsae
1733 820 2016 893 religioni,

366 924 629 971 mortuus
661 913 834 970 estin
864 912 1062 984 impiis
1113 913 1511 984 dogmatibus.
1545 912 1655 967 Sed
1690 911 1849 966 illius
1880 910 2018 982 qui-

363 1005 497 1060 dem
530 1009 648 1058 tam
680 1002 929 1073 imperii,
962 1018 1141 1073 quam
1187 1000 1400 1056 furoris
1431 1000 1489 1055 in
1521 1000 1904 1067 Christianos,
1936 1016 2019 1055 re-

370 1091 546 1147 lictus
597 1098 680 1147 est
729 1090 915 1147 haras
964 1090 1383 1147 Diocletianus.
1414 1089 1620 1145 Statim
1669 1093 1864 1144 autem
1912 1091 2017 1159 Ly-

370 1179 521 1236 siam
570 1180 815 1252 praeﬁcit
863 1179 1094 1247 Ciliciae,
1128 1178 1226 1250 qui
1259 1182 1318 1234 et
1348 1178 1417 1233 ad
1464 1178 1848 1234 cruciandum
1897 1181 2020 1233 erat

370 1269 857 1332 violentissimus,
877 1272 934 1323 et
954 1268 1026 1324 ad
1048 1268 1424 1324 alliciendum
1448 1266 1746 1323 blanditiis
1770 1267 2021 1322 maxima

367 1360 425 1414 vi
458 1359 756 1432 praditus.
790 1359 891 1415 Ille
925 1367 1116 1415 autem
1150 1376 1274 1415 cum
1306 1360 1561 1414 venisset
1591 1359 1659 1413 ad
1694 1358 1879 1429 Mopsi
1923 1374 2021 1412 ur-

367 1449 503 1505 bem
552 1449 763 1505 excitat
812 1452 1270 1520 persecutionem
1330 1449 1604 1503 adversus
1637 1447 2020 1512 Christianos,

369 1553 618 1610 eamque
650 1536 1079 1609 gravissimam,
1113 1543 1169 1593 et
1202 1536 1451 1593 maxime
1482 1536 1850 1593 horribilem.
1880 1535 2022 1591 Tres

370 1630 564 1682 autem
611 1642 854 1682 numero
900 1625 1322 1693 adolescentes,
1354 1625 1654 1694 Claudius,
1686 1623 1941 1680 Asterius
1970 1628 2027 1680 et

371 1716 553 1785 Neon,
590 1715 825 1771 fuerunt
872 1714 1049 1770 etiam
1100 1714 1331 1771 exerciti
1364 1715 1425 1769 in
1459 1714 1558 1769 illa
1586 1712 2021 1785 persecutione:

2119 550 2266 607 ἀλλὰ
2302 553 2393 607 καὶ
2446 552 2669 625 μισθοὺς
2723 551 2940 627 μᾶλλον
2983 552 3076 608 σὺν
3133 555 3319 616 αὐτοῖς
3369 555 3801 631 παρεχόμενος.

2118 640 2373 696 Τοιούτον
2408 638 2474 711 δὴ
2506 663 2628 697 τινα
2657 642 2745 697 τὸν
2771 642 2917 717 ἱερὸν
2957 638 3220 712 Ζηνόϐιον
3267 646 3301 713 ἡ
3364 649 3476 699 τῶν
3542 642 3798 701 Κιλίκων

2121 734 2444 808 κεκλήρωτο
2494 734 2612 788 καθ’
2637 733 2665 787 6
2712 737 2908 807 καιροῦ
2956 735 3046 789 καὶ
3079 736 3107 788 6
3146 741 3247 804 τῆς
3275 734 3576 807 Ῥωμαίων
3615 734 3799 807 ἀρχῆς

2125 822 2477 897 αὐτοκράτωρ
2533 819 2791 884 εἰδώλοις
2848 824 3224 899 προσανέχων,
3274 825 3363 879 καὶ
3395 822 3463 897 τῇ
3534 817 3804 877 δυσσεϐεῖ

2126 910 2385 984 θρησκείᾳ
2443 912 2851 985 προστετηκὼς,
2907 918 3024 974 τοῖς
3097 910 3374 986 ὀλεθρίοις
3463 912 3804 965 συναπὲθανε

2127 999 2413 1075 δόγμασιν.
2447 999 2607 1059 Ἀλλ’
2639 1001 2847 1056 ἐκείνου
2883 1003 2974 1073 μὶν
3018 1000 3373 1076 κληρονόμος
3402 1005 3509 1057 τῶν
3538 1021 3609 1055 τε
3664 1003 3796 1069 σκή-

2125 1110 2310 1163 πτρων
2341 1090 2431 1144 καὶ
2464 1096 2564 1159 τῆς
2596 1090 2733 1145 κατὰ
2781 1096 3116 1165 Χριστιανῶν
3186 1090 3393 1162 λύσσης
3456 1089 3795 1159 Διοκλητιαο

2128 1179 2217 1241 νὸς
2259 1178 2666 1235 καταλείπεται.
2719 1181 2921 1234 Λυσίάν
2975 1177 3031 1234 δὲ
3074 1186 3421 1256 παραχρῆμα
3465 1181 3800 1253 τιμωρήσα-

2131 1268 2255 1333 σθαί
2302 1289 2361 1324 τε
2404 1270 2716 1343 βιαιότατον
2749 1268 2840 1323 καὶ
2894 1270 3156 1329 θωπείαις
3213 1268 3595 1345 ὑπαγαγέσθαι
3632 1267 3799 1322 δεινό-

2130 1379 2292 1413 τατον
2350 1364 2450 1427 τῆς
2490 1358 2729 1413 Κιλίκων
2780 1353 3026 1433 ἔπαρχον
3093 1359 3530 1433 προχειρίζεται.
3622 1358 3689 1413 Ὁ
3747 1354 3796 1409 δὲ

2128 1448 2227 1515 τὴν
2278 1448 2477 1521 Μόψου
2535 1442 2860 1502 καταλαϐὼν
2926 1444 3172 1522 διωγμὸν
3232 1445 3425 1523 ἐγείρει
3465 1446 3622 1501 κατᾶ
3677 1448 3800 1518 Χρι-

2132 1543 2388 1606 στιανῶν,
2422 1539 2507 1593 καὶ
2556 1536 2815 1614 διωγμῶν
2856 1539 2948 1593 τὸν
2993 1535 3427 1613 φρικωδέστατον
3476 1537 3576 1591 καὶ
3638 1535 3799 1609 βαρύ·

2131 1648 2316 1697 τατον,
2377 1625 2534 1705 ἔργον
2596 1628 2799 1682 ἐκείνου
2865 1632 2962 1683 τοῦ
3021 1625 3288 1701 διωγμοῦ,
3338 1632 3427 1681 καί
3486 1631 3655 1701 τρεῖς
3712 1626 3793 1679 τὸν

2132 1715 2361 1790 ἂριθμὸν
2424 1714 2713 1770 νεανίσκον
2766 1713 3065 1784 Κλαύδιος,
3123 1714 3421 1790 ’Λστέριος,
3479 1714 3672 1783 Νέων,
3716 1712 3797 1773 οῧς

374 1821 528 1876 quos
559 1805 697 1860 tulit
728 1804 964 1876 quidem
999 1804 1245 1875 Isauria,
1278 1805 1584 1860 Larandus
1624 1809 1820 1860 autem
1869 1818 2029 1858 exer-

2156 1804 2376 1877 Ισαυρία
2435 1805 2529 1876 μὲν
2574 1804 2789 1879 ἤνεγκε,
2839 1803 3115 1878 Λαρανδὸς
3184 1802 3242 1859 δὲ
3305 1802 3568 1874 ἤσκησενο
3633 1803 3797 1860 Οὗτοι

386 1896 524 1952 cuit.
556 1895 601 1950 Ii
633 1896 789 1952 enim
823 1912 856 1951 a
887 1896 1051 1968 Lysia
1082 1895 1525 1952 vehementibus
1554 1899 1611 1951 et
1643 1894 1841 1950 multis
1891 1893 2032 1950 sub-

376 1984 520 2055 jecti
554 1985 933 2056 cruciatibus,
970 1988 1025 2042 in
1059 2001 1294 2042 crucem
1324 1986 1437 2041 acti
1479 1990 1640 2041 extra
1690 2000 1911 2054 muros,
1942 1999 2035 2039 su-

388 2076 623 2132 bierunt
672 2081 921 2133 mortem
974 2078 1408 2134 maleficorum:
1443 2093 1639 2134 eorum
1682 2081 1874 2131 autem
1907 2091 2033 2130 cor-

388 2182 528 2237 pora
557 2167 819 2238 projecta
850 2171 990 2222 sunt
1021 2169 1350 2223 devoranda
1372 2184 1405 2221 a
1428 2165 1563 2221 feris
1594 2170 1650 2220 et
1676 2164 2032 2220 volucribus.

386 2254 456 2309 Et
486 2255 688 2325 Lysias
719 2255 953 2326 quidem
988 2256 1165 2311 talem
1204 2256 1548 2312 ostendebat
1594 2255 1885 2311 insaniam
1928 2255 2033 2309 ad-

388 2358 596 2399 versus
628 2344 1021 2401 Christianos.

465 2431 563 2488 III.
596 2432 871 2505 Egregius
900 2433 1083 2505 igitur
1124 2434 1411 2491 Zenobius
1457 2449 1588 2490 cum
1624 2434 1685 2490 in
1714 2437 1877 2489 tanta
1922 2433 2037 2488 vir-

392 2523 514 2576 tute
565 2521 743 2578 vitam
794 2522 1030 2593 egisset,
1080 2526 1138 2578 et
1184 2522 1380 2578 divina
1428 2522 1776 2578 revelatione
1825 2521 2041 2579 Christi

393 2624 625 2681 gregem
679 2612 1029 2683 pascendam
1082 2604 1455 2683 suscepisset,
1488 2617 1545 2668 et
1575 2611 1784 2667 Ciliciae
1833 2611 2041 2667 fuisset

390 2706 620 2757 creatus
671 2701 1005 2773 episcopus,
1059 2701 1118 2757 in
1170 2710 1469 2773 posterum
1520 2702 1695 2757 etiam
1744 2700 2038 2772 duplicem

393 2789 648 2845 ostendit
678 2791 1036 2846 curationem
1064 2806 1077 2858 ;
1103 2790 1285 2862 utqui
1311 2807 1425 2846 non
1455 2790 1640 2847 solum
1676 2790 2040 2861 corporibus,

396 2879 498 2934 sed
557 2881 730 2935 etiam
788 2880 1004 2935 animis
1061 2881 1412 2949 mederetur,
1462 2885 1519 2936 et
1566 2879 1666 2935 illa
1723 2880 1958 2952 quidem
2008 2895 2043 2935 a

399 2966 638 3033 morbis,
673 2968 777 3023 bas
805 2984 940 3023 vero
972 2968 1242 3024 liberaret
1272 2970 1345 3024 ab
1376 2968 1693 3040 impietate.
1727 2968 1871 3023 Hinc
1902 2967 2043 3024 dici-

397 3059 496 3110 tur
524 3056 651 3111 Indi
684 3057 985 3126 cujusdam
1035 3056 1288 3126 praefecti
1337 3058 1640 3127 conjugem
1673 3056 1951 3112 incidisse
1980 3056 2040 3113 in

400 3145 671 3199 morbum
705 3144 1215 3199 immedicabilem.
1242 3146 1294 3200 Is
1315 3152 1511 3201 autem
1533 3150 1659 3201 erat
1686 3161 1917 3212 cancer,
1939 3146 2039 3218 qui

2140 1891 2381 1955 πολλαῖς
2416 1894 2517 1947 ὑπὸ
2551 1893 2748 1948 Λυσίοὺ
2779 1893 2868 1948 καὶ
2902 1890 3162 1968 σφοδραῖς
3198 1895 3283 1948 ’ὁτι
3329 1899 3449 1956 ταῖς
3494 1892 3798 1966 τιμωρίαις

2148 1977 2553 2052 ὑποϐληθέντες
2620 1986 2834 2054 σταυρῷ
2892 1980 3338 2055 προσηλωθέντες
3407 1980 3508 2052 ἔξω
3598 1984 3799 2055 τειχῶν

2142 2073 2233 2127 τὸν
2290 2076 2397 2127 τῶν
2466 2073 2786 2147 κακούργων
2875 2073 3180 2143 ὑπέστησαν
3258 2073 3504 2128 θάνατον·
3581 2071 3651 2125 τὰ
3743 2066 3794 2123 δὲ

2143 2160 2350 2216 τούτων
2412 2162 2638 2235 σώματα
2695 2163 2912 2237 Θηρίοις
2978 2162 3068 2217 καὶ
3134 2167 3404 2226 πετεινοῖς
3478 2162 3553 2223 είς
3622 2161 3791 2234 πυρᾶν

2144 2246 2435 2323 προετέθη.
2492 2253 2594 2306 Καὶ
2652 2253 2854 2313 Λυσίας
2913 2252 3008 2324 μὲν
3067 2249 3134 2322 δὴ
3183 2250 3439 2322 τοιαύτην
3480 2250 3614 2305 κατὰ
3659 2251 3785 2322 Χρι-

2146 2346 2377 2395 στιανῶν
2411 2339 2754 2397 ἐπεδείκνυτο
2782 2343 2883 2411 τήν
2920 2341 3130 2415 μανίαν.

2219 2431 2290 2487 I".
2322 2424 2587 2500 Ζηνὸϐιος
2636 2428 2693 2485 δὲ
2738 2432 2766 2486 6
2814 2429 3006 2500 καλὸς,
3051 2430 3103 2486 ἐν
3153 2431 3318 2505 ἀρετῇ
3352 2428 3574 2501 τοσαύτῃ
3616 2427 3768 2481 πολι-

2147 2520 2475 2593 τευσάμενος
2506 2519 2596 2575 καὶ
2648 2522 2711 2575 τὸ
2766 2524 2863 2575 τοῦ
2911 2522 3148 2596 Χριστοῦ
3199 2520 3459 2592 ποίμνιον
3517 2514 3766 2572 616x116-

2148 2611 2237 2682 ψει
2320 2610 2439 2680 θείᾳ
2528 2607 2907 2683 παρειληφὼς,
3001 2607 3295 2670 ἐπίσκοπος
3377 2614 3478 2677 τῆς
3560 2603 3778 2661 Κιλίκων

2147 2695 2505 2771 ἀναδειχθεὶς,
2567 2693 2771 2766 διπλῆν
2825 2696 2901 2759 είς
2956 2698 3017 2752 τὸ
3084 2697 3208 2769 ἐξης
3282 2693 3617 2751 ἐπεδείκνυτο
3695 2694 3785 2761 τήν

2148 2786 2453 2860 θεραπείαν’
2515 2784 2577 2839 ού
2651 2785 2878 2859 σώματα
2947 2784 3135 2859 μόνον,
3211 2782 3355 2840 ἀλλὰ
3428 2785 3520 2838 καὶ
3614 2780 3785 2857 ψὺχᾶς

2150 2873 2430 2948 ἰατρεύων,
2479 2874 2569 2929 καὶ
2615 2875 2683 2929 τὰ
2733 2876 2827 2948 μὶν
2873 2875 3220 2948 νοσημάτων,
3266 2873 3361 2938 τὰς
3429 2871 3489 2928 δὲ
3556 2866 3791 2931 ἇσεόείας

2150 2962 2465 3039 ἐλευθερῶν.
2522 2964 2795 3029 Ἐντεῦθεν
2852 2962 3024 3020 Ἰνδοῦ
3073 2984 3221 3026 τινος
3261 2962 3541 3043 φιλάρχου
3575 2960 3793 3034 σύζυγον

2149 3058 2300 3126 κακῷ
2337 3075 2443 3109 τινι
2485 3053 2697 3129 λέγεται
2748 3053 3020 3128 βληθῆναι
3067 3058 3174 3109 τῶν
3216 3052 3545 3122 ἀνηκέστων.
3579 3051 3653 3107 Τὸ
3711 3046 3791 3104 δὶ-

2150 3142 2253 3218 ἅρα
2289 3148 2541 3218 καρκῖνος
2586 3143 2653 3213 ἦν
2723 3141 2993 3198 ἐνδοτάτω
3049 3146 3145 3197 τοῦ
3205 3143 3451 3215 θώρακος
3523 3140 3794 3209 munri-

400 3232 460 3289 in
490 3233 825 3290 interiorem
860 3239 1083 3306 partem
1117 3234 1370 3290 thoracis
1403 3234 1767 3291 incubuerat.
1801 3209 2037 3308 Propter

2154 3209 2272 3306 ψἀς.
2310 3209 2426 3309 Ἐφ’
2485 3233 2531 3304 ᾦ
2577 3234 2745 3287 πᾶσαι
2799 3233 2892 3287 καὶ
2939 3236 3121 3307 χεῖρες
3178 3230 3374 3301 ἰατρῶν
3408 3230 3794 3311 ἆθροισθεῖσαι,

401 3339 573 3393 quem
605 3328 971 3395 congregatae
991 3340 1195 3380 omnes
1221 3341 1434 3380 manus
1457 3325 1836 3394 medicorum,
1866 3331 2044 3383 artes-

402 3427 514 3483 que
543 3417 601 3467 et
630 3413 1059 3469 medicamenta
1107 3418 1344 3471 ostensa
1390 3419 1529 3470 sunt
1576 3414 1660 3470 illi
1706 3416 1909 3471 morbo
1956 3431 2041 3471 ce-

398 3500 552 3556 dere.
581 3499 785 3558 Uxoris
816 3518 951 3573 ergo
981 3502 1165 3559 vicem
1198 3503 1402 3559 dolens
1436 3503 1638 3573 Indus,
1661 3508 1717 3559 et
1749 3504 2040 3561 undenam

403 3591 540 3646 lauti
596 3593 733 3648 mali
793 3593 1074 3650 inveniret
1142 3594 1488 3651 solutionem
1557 3594 1863 3664 diligenter
1922 3612 2046 3667 per-

398 3684 685 3748 scrutans,
719 3698 753 3736 a
782 3683 1036 3752 quodam
1067 3686 1383 3738 mercatore
1413 3682 1641 3754 accepit
1672 3683 1742 3738 de
1771 3683 2040 3751 Zenobio,

400 3784 531 3824 eum
560 3770 773 3825 multos
803 3787 1006 3826 curare
1036 3776 1282 3843 aegrotos
1312 3770 1437 3827 solo
1465 3773 1637 3827 verbo
1668 3776 1724 3827 et
1758 3789 2041 3828 manuum

398 3857 789 3929 impositione.
815 3859 914 3915 Ille
946 3864 1143 3915 autem
1176 3862 1375 3916 statim
1410 3861 1551 3916 nihil
1584 3866 1913 3931 cunctatus,
1946 3862 2045 3918 sed

400 3949 597 4002 statim
630 3964 761 4002 cum
794 3949 1043 4020 conjuge
1074 3954 1131 4005 et
1160 3949 1358 4005 liberis
1398 3949 1506 4005 iter
1535 3951 1859 4022 ingressus,
1890 3950 2047 4006 venit

401 4035 591 4106 Egas.
625 4036 782 4092 Talis
810 4040 966 4093 enim
998 4042 1105 4105 est,
1135 4039 1232 4107 qui
1266 4037 1565 4110 afﬂigitur,
1599 4040 1853 4110 animus,
1886 4044 1944 4095 et
1972 4040 2043 4096 ad

402 4122 484 4193 id,
527 4127 681 4197 quod
742 4126 990 4183 audierit
1044 4128 1474 4197 exsequendum
1534 4129 1851 4185 acerrimus
1906 4146 2043 4202 pro-

402 4218 532 4283 pter
562 4230 723 4285 spem
761 4214 1060 4272 meliorem
1086 4216 1394 4273 libertatis.
1427 4217 1571 4273 Cum
1603 4217 1743 4275 illuc
1772 4234 1908 4289 ergo
1950 4234 2047 4274 ve-

404 4301 608 4373 nisset,
644 4304 888 4375 rogabat
919 4305 990 4360 de
1018 4306 1291 4373 Zenobio,
1324 4306 1567 4363 ubinam
1600 4312 1778 4376 esset,
1810 4314 1865 4363 et
1894 4308 2046 4379 apud

405 4407 578 4464 quem
611 4392 878 4464 degeret;
913 4397 969 4449 et
997 4410 1167 4451 omne
1206 4396 1456 4466 ponebat
1503 4397 1789 4467 studium,
1821 4402 1884 4453 ut
1912 4414 2046 4453 eum

404 4481 642 4537 videret.
673 4484 821 4538 Cum
869 4481 979 4539 hoc
1028 4488 1220 4540 autem
1269 4485 1442 4541 modo
1473 4502 1536 4542 se
1566 4485 1802 4567 haberet
1847 4486 2045 4554 Indus,

2150 3321 2241 3376 καὶ
2282 3321 2471 3395 τέχναι
2512 3320 2603 3376 καὶ
2645 3319 2924 3398 φάρμακα,
2959 3319 3179 3395 δεύτερα
3236 3321 3409 3375 πάντα
3448 3323 3547 3375 τοῦ
3596 3319 3791 3382 πάθους

2151 3409 2483 3485 ἠλέγχοντο.
2544 3411 2887 3484 ’Δχθόμενος
2947 3408 3037 3465 οῦν
3110 3410 3233 3483 περὶ
3292 3415 3389 3479 τῆς
3463 3408 3704 3483 γυναικὸς
3763 3407 3791 3459 ὁ

2152 3498 2340 3569 Ἰνδὸς,
2382 3500 2470 3554 καὶ
2529 3501 2647 3565 ὅθεν
2709 3498 2769 3554 ἃν
2835 3498 2986 3564 ἔλθοι
3035 3499 3367 3569 τηλικούτου
3417 3501 3584 3552 κακοῦ
3635 3495 3791 3557 λύσις

2153 3587 2471 3667 φιλοπόνως
2530 3590 2850 3664 ἀνερευνῶν,
2930 3589 3187 3662 μανθάνει
3242 3587 3388 3661 παρὰ
3457 3607 3609 3648 τινος
3694 3588 3795 3639 τῶν

2153 3680 2412 3754 ἐμπύρων
2477 3680 2545 3735 τὰ
2594 3680 2719 3755 περὶ
2776 3675 3073 3750 Εηνοϐίου,
3132 3676 3223 3733 καὶ
3285 3678 3366 3733 ὅτι
3416 3673 3665 3737 πολλοὺς
3692 3678 3795 3728 τῶν

2152 3770 2456 3824 νοσούλτων
2512 3768 2652 3824 ἰᾶται
2724 3769 2927 3843 ῥήματι
2984 3767 3135 3842 μόνῳ
3177 3768 3264 3823 καὶ
3318 3766 3522 3842 χειρῶν
3569 3764 3796 3828 ἐπιθέσει

2154 3860 2259 3916 Καὶ
2304 3860 2363 3921 ’ὀς
2421 3857 2609 3913 αὐτίκα
2663 3856 2909 3932 μελήσας
2983 3855 3137 3913 οὐδὲν
3189 3854 3305 3912 οὐδ’
3372 3849 3799 3926 ἀναϐαλόμενος,

2156 3947 2283 4004 ἀλλ’
2329 3950 2403 4011 ὡς
2437 3949 2583 4023 εἶχεν
2616 3948 2769 4009 εὐθὺς
2809 3946 2923 4022 ἅμα
2954 3946 3175 4024 συζύγῳν
3196 3946 3287 4002 καὶ
3316 3942 3549 4015 τέκνοις,
3578 3943 3797 4017 πορείας

2154 4038 2454 4111 ἁψάμενος,
2506 4035 2558 4091 ἐν
2620 4036 2807 4113 Αἰγαῖς
2857 4036 3080 4111 γίνεται.
3136 4037 3397 4093 Τοιοῦτον
3461 4035 3559 4109 γάρ
3611 4037 3797 4099 πιεζο-

2159 4128 2292 4199 μὲνη
2348 4128 2528 4201 ψυχή,
2596 4126 2686 4180 καὶ
2739 4124 2913 4188 οὕτως
2962 4125 3147 4180 ἀνύσαι
3214 4124 3276 4180 τὸ
3348 4121 3595 4185 ἀκουσθέν
3674 4119 3798 4187 ὀξυ-

2154 4217 2289 4286 τάτη
2350 4213 2423 4270 δι’
2487 4214 2687 4271 ἐλπίδα
2762 4215 3133 4291 χρηστοτέραν
3196 4211 3526 4287 ἐλευθερίας.
3593 4211 3803 4267 Ἐκεῖσε

2154 4306 2336 4363 τοίνυν
2392 4305 2704 4382 γενόμενος,
2780 4304 3104 4369 ἐπυνθάνετο
3143 4304 3268 4377 περὶ
3333 4296 3628 4373 Ζηνοϐίου,
3697 4302 3804 4356 ποῦ

2158 4398 2261 4473 ἄρα
2298 4398 2387 4452 καὶ
2447 4395 2499 4451 ἐν
2549 4396 2694 4458 τίνος
2756 4393 2841 4466 εἴη
2902 4392 3131 4471 διάγων,
3191 4392 3282 4449 καὶ
3350 4388 3595 4460 σπυυδήν
3654 4388 3803 4445 ἐποι-

2158 4489 2271 4542 εῖτο
2327 4490 2498 4541 πᾶσαν
2558 4482 2697 4540 ὥστε
2760 4484 2852 4539 τὸν
2943 4480 3109 4558 ἄνδρα
3201 4482 3507 4547 θεάσασθαι.
3599 4480 3807 4535 Τοῦτον

404 4574 463 4626 et
492 4574 609 4626 tam
646 4571 843 4642 magni
876 4572 1091 4629 faceret
1107 4572 1273 4629 illum
1296 4573 1513 4642 videre,
1536 4574 1585 4630 ei
1609 4566 1850 4647 apparet
1878 4574 2037 4644 visio,

2159 4571 2215 4630 δὲ
2242 4575 2333 4630 τὸν
2361 4574 2561 4648 τρόπον
2598 4567 2781 4647 ἔχοντι
2837 4576 2919 4644 τῷ
2948 4568 3125 4643 Ἰνδῷ,
3174 4571 3266 4626 καὶ
3316 4568 3458 4625 οὕτω
3505 4570 3604 4637 τὴν
3667 4566 3806 4622 ἐκεί-

402 4676 527 4732 quae
558 4660 609 4716 ei
640 4677 791 4729 vere,
825 4665 882 4718 et
930 4678 1046 4718 non
1096 4663 1156 4718 in
1192 4664 1437 4734 somnis,
1471 4663 1721 4734 jubebat
1775 4664 2047 4720 accedere

402 4750 473 4805 ad
522 4749 825 4807 ecclesiam
876 4752 1336 4809 Christianorum
1365 4768 1378 4808 :
1407 4755 1472 4809 In
1515 4770 1581 4810 ea
1626 4753 1806 4823 enim,
1834 4754 2047 4824 inquit,

404 4838 662 4896 invenies
692 4856 850 4907 eum,
883 4858 1049 4913 quem
1080 4844 1311 4914 quieris.
1342 4843 1485 4898 Cum
1517 4843 1569 4900 is
1593 4858 1728 4915 ergo
1759 4843 2048 4900 surrexis-

402 4932 513 4999 set,
545 4946 678 4985 cum
711 4946 890 4987 uxore
936 4932 1130 4987 statim
1176 4932 1333 4989 venit
1361 4934 1434 4989 ad
1467 4932 1758 5004 templum.
1803 4932 1869 4988 Et
1916 4949 2048 4990 cum

400 5018 463 5074 in
485 5034 551 5075 eo
575 5019 939 5076 invenissent
970 5029 1237 5077 sanctum
1272 5026 1521 5078 stantem
1548 5023 1606 5078 in
1631 5023 1824 5078 medio
1857 5023 2049 5079 multi-

402 5109 647 5177 tudinis,
680 5114 737 5166 et
762 5127 830 5168 ex
860 5126 959 5166 ore
989 5127 1094 5167 suo
1133 5112 1495 5168 emittentem
1545 5111 1819 5168 doctrinae
1864 5113 2049 5168 fontes

408 5200 814 5269 suavissimas,
835 5200 1073 5257 dimotis
1104 5201 1197 5269 iis,
1219 5200 1319 5273 qui
1350 5201 1886 5268 circumsistebant,
1915 5219 2049 5274 spe-

406 5289 596 5345 ciosos
626 5290 787 5348 illius
842 5292 1041 5364 pedes,
1074 5295 1133 5348 et
1164 5292 1314 5349 bona
1359 5308 1556 5350 revera
1604 5292 2051 5365 evangelizantis

406 5375 814 5437 ardentissime
863 5380 1296 5454 apprehensant
1345 5382 1666 5454 supplices,
1719 5383 2049 5439 misericor-

404 5466 657 5535 demque
681 5473 738 5525 et
768 5470 1120 5528 clementem
1152 5470 1315 5535 illam
1355 5472 1615 5527 animam
1669 5476 1841 5527 orant
1869 5475 1926 5526 et
1953 5471 2054 5528 ob-

407 5561 638 5615 secrant
672 5560 800 5612 uta
841 5557 995 5614 malo
1042 5560 1383 5617 liberentur.
1418 5560 1563 5617 Nam
1613 5561 1722 5617 etsi
1764 5559 1822 5616 in
1854 5559 2054 5617 uxoris

408 5649 647 5708 thorace
723 5647 939 5705 inesset
1013 5651 1274 5720 morbus,
1342 5652 1539 5709 mariti
1602 5656 1801 5708 tamen
1866 5650 2053 5708 multo

2156 4686 2251 4721 νου
2360 4664 2483 4718 θέαν
2585 4663 2709 4737 περὶ
2804 4658 3022 4718 πολλοῦ
3123 4660 3443 4733 ποιουμένῳ
3519 4656 3806 4730 ἐφίσταται

2156 4748 2280 4827 ὄψις
2330 4751 2477 4825 αύτῷ
2528 4755 2713 4829 σαφῶς
2751 4750 2891 4828 ὕπαρ
2943 4750 3043 4806 ούκ
3100 4746 3229 4824 ὄναρ
3279 4744 3608 4803 καταλαλεῖν
3694 4745 3808 4800 ἐπι-

2158 4844 2474 4913 σκήπτουσα
2548 4842 2647 4910 τήν
2730 4844 2839 4896 τῶν
2913 4842 3256 4913 Χριστιανῶν
3341 4834 3660 4905 ἐκκλησίαν.
3722 4835 3807 4890 Ἐν

2156 4932 2295 5006 αύσῇ
2355 4932 2482 5007 γὰρ,
2539 4931 2672 5009 φησὶ
2748 4931 2838 4985 καὶ
2915 4931 3221 5004 περιτύχῃς
3296 4931 3375 5000 τῷ
3458 4924 3789 4998 ζητουμένῳ

2160 5023 2452 5083 Διαναστὰς
2507 5018 2686 5076 τοίνυν
2746 5020 2926 5089 οὗτος,
2993 5018 3203 5075 ἄπεισιν
3261 5017 3417 5080 εὐθὺς
3493 5012 3630 5087 μετᾶ
3712 5020 3809 5081 τῆς

2159 5111 2413 5187 γυναικὸς
2460 5112 2606 5186 παρὰ
2655 5109 2747 5165 τὸν
2796 5108 2938 5168 ναὸν.
2990 5107 3093 5167 Καὶ
3142 5108 3232 5162 τὸν
3284 5106 3435 5180 ἅγιον
3476 5100 3809 5176 εὑρόντεςέν

2160 5202 2307 5275 αύτῷ
2363 5200 2613 5273 πλήθους
2670 5201 2876 5256 ἑστῶτα
2937 5198 3118 5272 μέσον,
3189 5198 3281 5253 καὶ
3341 5196 3517 5271 πηγὰς
3575 5189 3815 5262 ἡδίστης

2162 5289 2514 5354 διδασκαλίας
2602 5293 2700 5344 τοῦ
2802 5288 3070 5362 στόματος
3153 5285 3395 5364 ἀφιέντα,
3476 5280 3816 5355 διωσάμενοι

2158 5380 2286 5443 τοὺς
2345 5384 2722 5456 τεριεστῶτας,
2767 5383 2877 5433 τῶν
2926 5376 3148 5452 ὡραίωῦ
3206 5374 3407 5431 ἐκείνου
3439 5368 3675 5447 [ποδῶν.
3728 5370 3813 5425 καὶ

2160 5471 2338 5546 ἀγαθὰ.
2415 5470 2489 5533 ὡς
2556 5467 2781 5539 ἀληθῶς
2838 5463 3342 5544 εὐαγγελιζομένων
3397 5460 3532 5536 μετᾶ
3587 5457 3818 5527 πολλῆς

2162 5553 2624 5632 ἐπιλαμϐάνονται
2679 5563 2781 5626 τῆς
2840 5554 3179 5632 θερμότητος
3236 5554 3327 5610 καὶ
3392 5554 3493 5617 τῆς
3557 5548 3815 5618 ἱκετείας,

2160 5649 2255 5704 καὶ
2316 5644 2524 5704 δέονται
2573 5653 2676 5718 τῆς
2724 5646 3044 5721 συμπαθοῦς
3096 5646 3282 5723 ψυχῆς
3329 5639 3537 5711 ἐκείνης
3584 5639 3680 5695 καὶ
3729 5658 3815 5717 φι-
