4048 6202
306 330 465 391 1313

1241 319 1721 385 MARTIRYUM
1766 316 1874 381 SS.
1920 318 2230 381 ZENPBII
2274 320 2378 380 ET
2423 320 2813 385 ZENOBIE.

3552 336 3709 397 1314

305 516 656 591 λανθρώπου,
684 517 773 570 καὶ
815 514 1137 588 λιπαροῦσιν
1177 509 1335 567 αὐτὸν
1386 508 1525 565 ὥστε
1579 512 1680 562 τοῦ
1747 508 1951 570 πάθους

2071 507 2256 581 magis
2302 510 2579 581 tangebat
2634 514 2922 572 animum.
2982 518 3088 575 Ille
3141 524 3339 577 autem
3388 525 3711 583 curationis

303 606 720 682 ἀπαλλαγῆναι.
770 604 836 661 Εἰ
886 604 988 680 γάρ
1028 601 1116 658 καὶ
1163 602 1241 673 τῷ
1297 605 1397 669 τῆς
1441 599 1690 674 γυναικὸς
1748 598 1954 672 θώρακι

297 698 361 753 τὸ
390 697 561 758 πάθος
599 694 747 764 ἐνῆν,
779 692 929 749 ἁλλά
957 690 1160 762 πολλῴ
1209 688 1378 745 πλέον
1443 691 1544 754 τῆς
1602 691 1699 743 τοῦ
1756 684 1952 762 ἀνδρὸς

298 790 484 862 ψυχῆς
536 784 762 854 ἥπτετο.
814 784 875 840 Ὀ
940 780 997 836 δὲ
1048 781 1238 854 μισθὸν
1297 777 1491 838 αὐτοὺς
1558 784 1658 847 τῆς
1719 775 1955 851 ἰατρείας

302 874 551 946 ἐπιζητεῖ
605 875 703 941 τήν
756 867 1049 939 εὐσέϐεια),
1081 870 1170 925 καὶ
1209 869 1270 923 τὸ
1322 874 1423 936 τῆς
1462 867 1695 940 πατρίου
1748 865 1958 936 πλάνης

304 965 663 1032 ἀποστάντας,
732 959 1116 1033 αὐτομολῆσαι
1173 959 1310 1033 πρὸς
1380 958 1479 1025 τὴν
1541 962 1642 1025 τῆς
1698 953 1960 1025 ἀληθείας

303 1054 620 1128 ἐπίγνωσιν.
648 1054 820 1126 ¹Ὸπερ
861 1049 952 1105 οὖν
985 1048 1284 1124 προθύμως
1334 1046 1508 1101 αὐτῶν
1564 1049 1738 1100 ποιεῖν
1790 1045 1956 1120 ἐπαγ-

304 1139 683 1217 γελλομένων,
725 1142 752 1195 ὁ
805 1135 961 1215 ἅγιος
1015 1132 1329 1205 ὑπολαϐὼν,
1363 1137 1450 1191 Ἐν
1499 1135 1729 1207 ὀνόματι
1776 1136 1956 1203 Ἰησοῦ

305 1233 541 1307 Χριστοῦ
594 1229 691 1286 τοῦ
742 1231 841 1299 τὴν
896 1228 1196 1303 αἱμόρῥουν
1267 1225 1583 1297 ἷασαμὲνου,
1628 1224 1784 1297 ὑγιὴς
1823 1223 1953 1292 ἴσθι,

303 1321 481 1398 γύναι,
514 1320 789 1399 φησὶ,καὶ
848 1322 947 1373 τοῦ
1003 1316 1206 1377 πάθους
1256 1314 1565 1389 ἐλευθεροῦ,
1633 1314 1723 1368 καὶ
1781 1333 1956 1387 παρα-

306 1417 505 1485 χρῆμα
560 1409 594 1479 ἤ
661 1429 719 1464 τε
792 1407 1012 1485 χαλεπή
1085 1406 1242 1467 νόσος
1314 1404 1486 1475 ἐκείνη
1546 1403 1783 1474 καθάπερ
1852 1404 1956 1459 τινὶ

311 1501 538 1576 μάστιγι
592 1504 671 1570 τῷ
711 1497 917 1573 ῥήματι
967 1493 1287 1566 ἀπελήλατο
1322 1513 1335 1525 '
1378 1496 1467 1549 καὶ
1510 1498 1607 1549 τοῦ
1638 1495 1787 1558 θείου
1824 1494 1957 1568 βαπ-

302 1591 570 1663 τίσματος
621 1584 786 1651 αὐτός
829 1607 889 1641 τε
925 1584 1015 1640 καὶ
1068 1585 1299 1661 σύζυγος
1347 1582 1436 1638 καὶ
1486 1583 1537 1637 οἱ
1582 1580 1769 1640 παῖδες
1800 1582 1959 1653 ἀξιω-

306 1680 504 1746 θέντες,
558 1672 743 1732 ἔπειτα
819 1673 876 1731 δὲ
948 1674 1038 1730 καί
1123 1679 1230 1728 τῶν
1303 1674 1464 1747 ἰερῶν
1529 1674 1958 1742 κοινωνήσαντες

312 1766 648 1840 μυστηρίων,
698 1762 883 1821 οἴκαδε
948 1763 1235 1839 χαίροντες
1321 1761 1637 1836 ἐπανῄεσαν,
1712 1766 1790 1833 τῷ
1852 1768 1953 1829 τῆς

2066 600 2393 656 mercedem
2426 600 2497 656 ab
2528 601 2613 657 eis
2645 605 2895 673 postulat
2926 608 3223 679 pietatem,
3260 616 3316 667 et
3348 616 3412 668 ut
3453 630 3486 669 a
3521 614 3708 686 patrio

2064 705 2257 746 errore
2278 690 2669 759 discedentes,
2700 694 2771 747 ad
2814 697 3132 767 agnitionis
3166 701 3467 758 veritatem
3516 709 3713 761 trans-

2064 780 2347 850 fugerent.
2390 778 2549 842 Quod
2610 780 2844 850 quidem
2880 792 3148 856 prompto
3204 793 3262 843 et
3299 790 3474 845 alacri
3525 792 3711 848 animi

2064 868 2256 924 studio
2287 883 2350 922 se
2379 867 2630 925 facturos
2659 868 2743 924 eis
2777 872 3209 944 profitentibus,
3243 878 3536 949 excipiens
3567 899 3707 938 san-

2064 958 2192 1010 ctus
2223 971 2238 1009 :
2284 956 2347 1010 In
2380 958 2617 1013 nomine
2644 958 2786 1013 Jesu
2820 960 3051 1029 Christi,
3085 962 3298 1034 inquit,
3345 969 3444 1036 qui
3478 972 3711 1027 sanavit

2064 1044 2366 1101 mulierem
2417 1046 2701 1118 proﬂuvio
2759 1050 3065 1121 sanguinis
3124 1052 3505 1124 laborantem,
3566 1077 3715 1115 sana

2068 1138 2215 1202 esto,
2249 1134 2479 1204 mulier,
2506 1140 2562 1191 et
2581 1136 2827 1193 liberare
2848 1155 2883 1194 a
2912 1141 3116 1197 morbo
3141 1158 3155 1209 ;
3188 1144 3498 1217 statimque
3518 1150 3713 1219 gravis

2070 1222 2168 1279 ille
2223 1224 2459 1280 morbus
2505 1225 2699 1292 verbo,
2735 1230 3013 1298 tanquam
3042 1230 3273 1302 ﬂagello
3330 1234 3547 1306 aliquo,
3604 1239 3715 1295 fuit

2066 1312 2345 1384 expulsus
2377 1331 2390 1369 :
2427 1318 2483 1369 et
2511 1314 2776 1371 divinum
2809 1316 3170 1389 baptismum
3203 1324 3259 1376 et
3284 1324 3425 1393 ipse,
3459 1330 3515 1381 et
3545 1343 3713 1398 uxor,

2065 1410 2122 1460 et
2149 1403 2313 1461 liberi
2351 1405 2586 1461 fuerunt
2616 1407 2885 1463 assecuti.
2927 1408 3149 1465 Deinde
3188 1412 3366 1468 etiam
3400 1429 3532 1470 cum
3566 1417 3713 1473 fuis-

2066 1496 2196 1548 sent
2217 1494 2525 1565 participes
2560 1501 3079 1569 sacramentorum,
3112 1500 3352 1557 domum
3386 1504 3499 1558 laeti
3531 1506 3716 1562 redie-

2069 1588 2227 1651 runt,
2262 1588 2324 1639 ut
2370 1584 2467 1655 qui
2522 1601 2649 1639 cum
2707 1587 2909 1642 morbo
2970 1589 3255 1661 mulieris,
3315 1592 3415 1663 qui
3474 1598 3595 1649 erat
3653 1596 3708 1651 in

2066 1674 2326 1743 thorace,
2360 1688 2477 1729 una
2526 1689 2761 1745 quoque
2792 1676 3185 1747 perdidissent
3219 1681 3488 1738 morbum
3534 1684 3713 1740 dece-

2071 1761 2306 1831 ptionis,
2340 1767 2395 1815 et
2424 1762 2673 1817 sanitate
2702 1764 2909 1820 animas
2940 1765 3190 1823 fuissent
3218 1767 3580 1841 locupletati.

302 1855 556 1933 γυναικὸς
623 1854 747 1929 περὶ
804 1854 896 1909 τὸν
925 1854 1143 1928 θώρακα
1172 1851 1329 1915 πάθει
1366 1855 1522 1924 κοινῇ
1551 1851 1614 1905 τὸ
1642 1858 1742 1921 τῆς
1774 1851 1985 1919 ἀπάτης
2026 1848 2243 1921 νόσημα
2285 1843 2775 1920 συναποϐαλόντες,
2807 1852 2896 1907 καὶ
2943 1856 3042 1923 τήν
3092 1862 3192 1925 τῆς
3249 1860 3435 1932 ψυχῆς
3491 1857 3717 1926 ἕκαστος

305 1946 489 2022 ὑγείαν
520 1944 950 2015 πλουτήσαντες.

380 2042 461 2101 Δ’.
504 2038 641 2094 Εἶτα
678 2035 769 2089 καὶ
810 2034 946 2110 γυνή
999 2053 1082 2096 τις
1129 2032 1282 2108 ἑτέρα
1347 2031 1514 2088 πάλιν
1567 2031 1621 2087 ἐν
1690 2035 1758 2105 τῇ
1819 2032 1955 2105 πρὸς
1986 2032 2041 2098 Β

313 2129 530 2207 Δάφνην
580 2123 909 2200 Ἀντιοχείᾳ,
968 2121 1020 2177 ἐν
1088 2121 1255 2198 ἀρετῇ
1330 2127 1497 2192 ζῶσα,
1545 2124 1633 2177 καὶ
1717 2119 1954 2181 πολλοῖς

309 2218 617 2292 ἐπαρκοῦσα
672 2218 780 2268 τῶν
848 2211 1180 2285 πενομένων,
1220 2212 1378 2275 πάθει
1430 2211 1742 2285 περιπίπτει
1784 2207 1957 2283 χαλε-

309 2305 583 2378 πωτάτῳ·
636 2299 956 2379 φαγέδαιναν
1007 2304 1171 2355 τοῦτο
1234 2297 1423 2361 παῖδες
1490 2298 1692 2374 ἷάτρῶν
1748 2299 1957 2372 ὀνομά-

310 2401 481 2466 ζουσι.
534 2391 744 2461 Μεταξὺ
803 2389 861 2444 δὲ
908 2386 1011 2462 ἄρα
1066 2392 1174 2441 τῶν
1240 2393 1457 2460 μαστῶν
1511 2388 1723 2467 ἐκφυὲν,
1769 2386 1958 2458 κύκλῳ

306 2484 373 2538 τά
417 2483 544 2556 περὶ
602 2480 796 2541 αὐτοὺς
849 2476 1192 2550 ἐλυμαίνετο.
1229 2476 1410 2546 Πάσης
1454 2478 1547 2530 οὑν
1601 2474 1779 2545 ἄλλης
1831 2478 1959 2530 διπο-

310 2576 512 2647 γνοῦσα
573 2569 664 2624 καί
732 2568 866 2636 αύτὴ
929 2565 1239 2638 θεραπείας,
1292 2566 1528 2634 ὑπέξεισι
1586 2567 1793 2637 νύκτωρ
1859 2570 1958 2633 τῆς

310 2658 527 2720 πόλεως
563 2677 575 2690 ·
622 2656 855 2711 ἐλθοῦσά
903 2676 961 2711 τε
1019 2653 1107 2709 διὰ
1138 2652 1472 2722 Σελευκείας,
1504 2653 1595 2708 καὶ
1631 2659 1749 2716 τοῖς
1790 2652 1964 2727 αἶ’για-

315 2750 436 2810 λοῖς
494 2746 775 2813 ἐπιστᾶσα,
808 2746 1006 2801 πλοίου
1063 2745 1121 2800 τέ
1176 2766 1320 2806 τινος
1363 2739 1613 2811 ἐπιϐᾶσα,
1647 2742 1722 2805 εἷς
1792 2742 1964 2818 Αἰγὰς

316 2838 583 2911 καταίρει.
643 2835 747 2893 Καὶ
832 2836 1213 2910 προσελθοῦσα
1279 2835 1493 2908 θερμῶς
1548 2837 1628 2905 τῷ
1686 2832 1845 2907 ἁγίῳ,
1904 2832 1964 2886 τὸ

318 2924 491 2981 δεινὸν
549 2924 723 2981 ἐκεῖνο
790 2926 958 2986 πάθος
1013 2921 1375 2992 ὑποδεικνύει,
1407 2922 1495 2977 καὶ
1544 2919 1713 2976 δεῖται
1769 2921 1964 2977 τούτου

316 3017 406 3071 καὶ
463 3014 689 3070 ἱκετεύει
747 3013 885 3070 ὥστε
942 3014 976 3084 ἢ
1038 3013 1091 3069 ἐν
1124 3011 1432 3092 ὀφθαλμοῖς
1498 3011 1789 3075 ἀποθανεῖν
1847 3016 1964 3072 τοῖς

317 3104 545 3175 ἐκείνου,
602 3105 692 3159 καὶ
757 3104 851 3159 σὺν
924 3105 1082 3179 τάχει
1158 3103 1221 3157 τὸ
1271 3099 1630 3177 ὀφειλόμενον
1690 3099 1963 3174 ἀποτίσαι,

318 3196 352 3262 ἧ
386 3197 481 3247 τοῦ
539 3194 816 3261 πιέζοντος
868 3190 1262 3267 ἀπαλλαγῆναι
1310 3188 1515 3245 κακοῦ’
1564 3190 1819 3244 τοσοῦτον
1864 3191 1966 3266 γὰρ

320 3283 423 3337 ὑπὸ
469 3287 565 3336 τοῦ
622 3282 823 3344 πάθους
869 3284 1158 3357 ἠνέγκατο,
1189 3282 1276 3337 καὶ
1338 3280 1695 3351 τηλικαύταις
1751 3276 1967 3342 ὀδύναις

2139 2029 2235 2085 IV.
2281 2029 2411 2086 Alia
2468 2046 2695 2103 quoque
2753 2034 2984 2105 mulier,
3029 2052 3157 2108 qua;
3214 2038 3425 2095 virtute
3485 2041 3714 2098 vivebat

2068 2119 2409 2187 Antiochiae,
2430 2126 2487 2175 et
2516 2137 2685 2191 opem
2716 2122 2936 2181 ferebat
2958 2128 3164 2183 multis
3194 2129 3618 2201 indigentibus,
3652 2131 3713 2186 in

2068 2208 2336 2263 morbum
2382 2208 2593 2265 incidit
2624 2211 3060 2282 gravissimum.
3109 2218 3252 2272 Eum
3286 2219 3493 2274 medici
3528 2237 3723 2276 nomi-

2069 2303 2207 2349 nant
2238 2294 2676 2367 phagedaenam.
2711 2300 2958 2355 Exortus
2985 2307 3181 2359 autem
3213 2304 3367 2362 inter
3397 2309 3716 2375 mamillas,

2068 2384 2331 2439 vastabat
2385 2386 2584 2441 omnia
2640 2387 3042 2446 circumcirca.
3087 2392 3331 2449 Omnem
3359 2411 3495 2468 ergo
3545 2397 3719 2453 aliam

2072 2471 2391 2543 desperans
2413 2473 2537 2544 ipsa
2560 2491 2793 2547 quoque
2814 2479 3197 2548 curationem,
3224 2485 3522 2554 egreditur
3544 2491 3721 2541 noctu

2073 2575 2104 2615 e
2134 2560 2361 2615 civitate
2394 2577 2406 2616 :
2442 2577 2691 2633 cumque
2740 2566 2995 2620 venisset
3027 2584 3128 2637 per
3182 2570 3530 2639 Seleuciam,
3563 2579 3621 2631 et
3648 2578 3719 2630 ad

2075 2649 2240 2703 littus
2266 2651 2631 2718 accessisset,
2665 2661 2717 2707 et
2750 2670 2957 2709 navem
2993 2659 3309 2727 quamdam
3341 2662 3722 2731 ascendisset,

2076 2737 2315 2808 appellit
2362 2744 2553 2810 Egas.
2625 2740 2688 2795 Et
2746 2743 2971 2799 ardenti
3032 2746 3228 2802 studio
3299 2750 3370 2804 ad
3449 2757 3717 2808 sanctum

2080 2826 2378 2895 accedens,
2437 2827 2489 2882 ei
2534 2829 2787 2884 ostendit
2843 2848 3071 2901 gravem
3123 2833 3279 2891 illam
3330 2836 3717 2907 affectionem,

2078 2930 2329 2986 eumque
2355 2923 2594 2987 rogatet
2624 2918 2934 2990 supplicat,
2973 2932 3032 2978 ut
3061 2924 3150 2978 vel
3178 2933 3310 2981 ante
3345 2926 3500 2982 illius
3524 2930 3727 2986 oculos

2078 3004 2376 3070 moriatur,
2416 3010 2474 3060 et
2502 3006 2612 3061 cito
2644 3008 2898 3065 exsolvat
2928 3011 3189 3068 debitum
3226 3030 3239 3067 :
3273 3015 3360 3069 vel
3394 3015 3673 3073 liberetur
3697 3036 3730 3075 a

2079 3092 2252 3160 malo,
2286 3095 2443 3165 quod
2473 3110 2599 3151 eam
2638 3096 2867 3168 alﬂigit.
2924 3099 3160 3156 Morbus
3209 3104 3366 3159 enim
3416 3105 3465 3160 ei
3503 3113 3721 3162 tantam

2080 3184 2353 3239 afferebat
2411 3185 2837 3255 necessitatem,
2903 3196 2957 3243 et
3026 3194 3259 3247 tantum
3321 3192 3600 3261 dolorem,
3662 3204 3726 3253 ut

2079 3272 2252 3328 etiam
2281 3280 2525 3330 mortem
2552 3282 2774 3348 peteret
2803 3277 2927 3333 loco
2958 3279 3246 3351 beneficii,
3269 3288 3326 3340 et
3345 3301 3409 3340 ea
3432 3285 3724 3343 videretur

320 3371 622 3448 συνείχετο,
655 3373 729 3432 ὡς
784 3372 873 3426 καὶ
924 3373 1016 3426 τὸν
1064 3372 1292 3426 θάνατον
1342 3369 1394 3423 ὲν
1442 3367 1752 3444 εὐεργεσίας
1800 3368 1964 3423 αἰτεῖ-

2079 3377 2208 3416 esse
2264 3361 2525 3419 liberatio
2574 3384 2607 3420 a
2664 3366 2855 3422 malis.
2927 3368 3069 3424 Cum
3140 3370 3190 3426 is
3262 3377 3453 3429 motus
3513 3376 3718 3432 fuisset

318 3472 438 3525 σθαι
490 3460 662 3535 μέρει,
708 3464 797 3514 καὶ
839 3466 1032 3515 τοῦτον
1070 3460 1205 3514 ἐῖναι
1256 3457 1437 3514 δοκεῖν
1486 3462 1593 3513 τῶν
1646 3456 1963 3513 λυπούντων

318 3548 651 3622 ἐλευθερίαν.
709 3549 888 3606 Ταῦτα
967 3553 1063 3603 τοῦ
1124 3549 1284 3624 ἁγίου
1344 3545 1823 3621 δεδυσωπημένος,
1878 3549 1965 3602 καὶ

314 3641 382 3710 τῇ
424 3637 571 3713 χειρὶ
623 3637 687 3690 τὸ
730 3637 827 3691 τοῦ
887 3642 1121 3711 σταυροῦ
1179 3641 1409 3709 σημεῖον
1486 3636 1967 3703 ὑποτυπώσαντος,

319 3720 506 3778 ἔπειτα
537 3721 595 3777 δὲ
639 3725 730 3778 καὶ
761 3725 822 3779 τὸ
866 3729 963 3780 τοῦ
992 3726 1227 3797 Χριστοῦ
1273 3726 1414 3779 θεῖον
1444 3720 1619 3795 ὄνομα
1649 3723 1965 3801 ἐπιφθεγξα-

321 3814 520 3886 μὲνουΙ
558 3810 625 3886 (ὢ
684 3817 817 3868 Θεοῦ
877 3814 1197 3889 κριμάτωνί
1248 3810 1292 3867 ὢ
1349 3814 1666 3868 ἀνεικάστου
1726 3814 1966 3887 χρηστός-

314 3904 565 3976 τητοςί)
615 3903 880 3979 ῥήγνυται
965 3904 1059 3976 μὲν
1121 3901 1318 3967 εὐθέως
1383 3903 1446 3957 τὸ
1501 3904 1696 3973 παθος,
1758 3903 1968 3978 ἰχῶρος

317 3990 619 4066 πληρῶσαν
652 3992 716 4046 τὸ
748 3988 968 4069 ἔδαφος,
1001 3991 1188 4047 λύεται
1221 3989 1277 4047 δὲ
1315 3995 1422 4046 τῶν
1479 3988 1685 4045 ὀδυνῶν
1725 3994 1760 4061 ἠ
1802 3994 1964 4068 γυνὴ,

315 4081 402 4134 καὶ
428 4079 566 4153 πρὸς
595 4080 694 4148 τήν
728 4081 1025 4155 Ἀντιόχου
1061 4081 1217 4154 ὑγιής
1248 4078 1525 4150 ἐπανήκει.

386 4169 461 4223 Ε’.
495 4168 574 4225 Τὰ
634 4165 691 4222 δὲ
752 4167 888 4241 μετά
955 4172 1118 4223 ταῦτα
1179 4165 1421 4244 διωγμὸς
1476 4169 1611 4222 κατά
1660 4174 1760 4237 τῆς
1821 4168 1965 4223 εὐσε-

317 4250 468 4317 ϐείας
537 4256 965 4329 Διοκλητιανοῦ,
997 4257 1088 4311 καὶ
1149 4254 1327 4331 δόγμα
1382 4258 1513 4330 παρ’
1549 4257 1715 4311 αὑτοῦ
1764 4258 1963 4330 θεομά-

317 4362 451 4416 χου,
510 4346 599 4398 καὶ
676 4346 873 4410 Λυσίας
948 4353 1047 4416 τῆς
1107 4345 1398 4419 ὠμότητος
1454 4345 1659 4401 ἐκείνου
1708 4347 1797 4401 καὶ
1862 4350 1962 4411 τῆς

317 4432 703 4505 ἀπανθρωπίας
769 4435 1045 4509 ὑπηρέτης
1092 4436 1448 4510 θερμότατος.
1488 4437 1677 4497 ’Ὁστις
1726 4435 1790 4489 τά
1827 4438 1963 4490 κατά

311 4521 403 4575 τὸν
438 4525 579 4583 θεῖον
627 4523 813 4593 μαθὼν
862 4519 1145 4593 Ζηνόϐιον,
1173 4524 1261 4579 καὶ
1312 4523 1462 4587 ὅπως
1498 4519 1591 4577 ἕνα
1642 4524 1812 4596 μόνον
1860 4545 1962 4593 κη-

315 4615 492 4682 ρύττει
555 4610 703 4679 Θεὸν,
748 4611 837 4664 καὶ
877 4615 984 4665 τῶν
1044 4611 1206 4666 αὑτοῦ
1252 4611 1483 4668 ἐντολῶν
1546 4632 1605 4667 τι
1650 4612 1741 4667 καὶ
1799 4610 1962 4683 θελη-

317 4695 500 4770 μᾶτων
594 4697 876 4771 ἐπιμελῶς
980 4701 1311 4773 περιέχεται,
1363 4703 1513 4764 ὅπως
1570 4722 1630 4756 τε
1666 4705 1736 4775 τῇ
1791 4700 1956 4757 αὐτοῦ

311 4784 598 4856 ἐπικλήσει
654 4787 844 4849 νόσους
925 4787 1188 4864 εύχειρῶς
1248 4788 1366 4844 λύει
1424 4791 1619 4860 πάσας,
1648 4792 1738 4846 καὶ
1793 4797 1957 4871 χεῖρα

308 4880 425 4935 τοῖς
486 4872 764 4949 δεομένοις
831 4878 1101 4950 προτείνει
1171 4874 1414 4952 δαψιλῶς
1501 4875 1743 4952 ῥέουσαν,
1803 4880 1954 4943 εὐθὺς

311 4963 473 5019 αὐτὸν
533 4961 1049 5039 συλλαμϐάνει,καὶ
1118 4968 1450 5043 προκαθίσας
1491 4966 1579 5022 ἐπὶ
1630 4967 1796 5041 μέσης
1851 4977 1950 5039 τῆς

306 5052 548 5120 πόλεως,
604 5054 693 5108 καὶ
761 5056 852 5109 τὸν
926 5053 1091 5131 ἄνδρα
1148 5057 1281 5112 κατά
1352 5058 1648 5131 πρόσωπον
1704 5057 1949 5135 ἀγαγὼν,

306 5142 501 5198 Πολλά
534 5166 649 5217 μοι,
684 5147 841 5224 φησὶ,
872 5148 996 5221 περὶ
1029 5152 1145 5217 σοῦ,
1178 5143 1425 5219 Ζηνόϐιε,
1458 5144 1723 5216 ἤκουσται
1756 5166 1768 5179 ’
1820 5147 1949 5203 ἀλλ’

303 5228 414 5307 ἐγὼ
466 5232 604 5307 μόνῃ
664 5235 933 5291 πιστεύειν
994 5236 1132 5309 ἀκοῇ
1198 5235 1399 5310 ῥᾳδίως
1458 5238 1561 5292 οὐκ
1607 5235 1775 5311 ἔχων,
1809 5237 1947 5293 ὥστε

302 5320 392 5372 καὶ
438 5320 753 5398 ὀφθαλμοὺς
790 5325 1063 5398 μάρτυρας
1112 5331 1338 5393 ποιῆσαι
1384 5329 1492 5379 τῶν
1550 5322 1943 5394 ἀκουσθέντων,

300 5408 390 5463 καί
425 5405 513 5462 ’ίνα
560 5411 621 5464 τὸ
682 5410 829 5467 πολὺ
879 5412 1087 5467 συνὲλω
1134 5416 1235 5467 τοῦ
1290 5412 1486 5487 λόγου,
1518 5410 1613 5468 δύο
1655 5434 1737 5469 σοι
1776 5417 1945 5471 ταῦτα

298 5499 644 5571 προτίθεμαι,
701 5500 733 5568 ἢ
796 5508 1079 5570 πεισθῆναι
1147 5506 1223 5572 τῷ
1287 5507 1392 5556 τῶν
1453 5504 1795 5577 κρατούντων
1850 5504 1941 5559 εύ-

296 5581 443 5643 σεὸιῖ
501 5585 849 5663 διατάγματι,
892 5592 979 5644 καὶ
1039 5593 1191 5647 θῦσαι
1250 5593 1341 5646 σὺν
1403 5595 1537 5665 ἡμῖν
1598 5598 1710 5655 τοῖς
1772 5599 1938 5663 θεοῖς,

2078 3454 2336 3515 sanctus,
2370 3455 2425 3505 et
2455 3469 2630 3509 manu
2653 3456 2843 3510 crucis
2875 3457 3109 3529 signum
3144 3460 3390 3531 fecisset,
3424 3468 3480 3518 et
3510 3464 3717 3521 deinde

2077 3539 2339 3596 divinum
2364 3541 2579 3598 Christi
2608 3560 2821 3600 nomen
2846 3546 3170 3605 invocasset
3200 3551 3253 3620 (ο
3286 3552 3384 3608 Dei
3413 3554 3655 3623 judicia,
3686 3574 3717 3611 ο

2078 3628 2519 3702 benignitatem,
2554 3649 2680 3704 quae
2722 3633 2904 3692 nullis
2936 3642 3120 3707 potest
3151 3641 3343 3698 verbis
3364 3644 3643 3713 eXprimil
3679 3648 3717 3717 ),

2076 3719 2372 3791 rumpitur
2430 3721 2667 3792 quidem
2707 3725 2903 3780 statim
2949 3728 3206 3801 morbus,
3240 3732 3339 3803 qui
3370 3731 3561 3788 solum
3604 3734 3719 3789 im-

2074 3806 2254 3879 plevit
2303 3809 2467 3865 sanie
2500 3826 2513 3865 :
2558 3810 2802 3868 solvitur
2842 3820 3037 3872 autem
3072 3819 3279 3875 mulier
3308 3837 3341 3875 a
3392 3821 3718 3891 doloribus,

2072 3902 2129 3953 et
2160 3899 2469 3974 revertitur
2510 3916 2655 3955 sana
2681 3902 3070 3961 Antiochiam.

2145 4176 2204 4233 V.
2235 4178 2367 4241 Qum
2388 4182 2581 4233 autem
2615 4185 2743 4249 post
2776 4178 2892 4234 haec
2917 4185 3268 4252 sequuntur,
3299 4188 3440 4239 sunt
3497 4185 3718 4242 Diocle-

2071 4263 2216 4319 tiani
2265 4266 2592 4335 persecutio
2632 4267 2914 4324 adversus
2946 4269 3243 4339 pietatem,
3287 4279 3341 4325 et
3370 4272 3487 4328 Deo
3516 4274 3719 4331 inimi-

2068 4368 2203 4407 cum
2264 4352 2336 4407 ab
2376 4369 2441 4409 eo
2498 4356 2821 4425 profectum
2872 4356 3148 4425 edictum,
3182 4364 3242 4416 et
3299 4359 3497 4433 Lysias
3554 4364 3715 4421 illius

2067 4440 2296 4496 saevitia;
2327 4446 2384 4496 et
2431 4441 2878 4500 inhumanitatis
2919 4446 3187 4504 minister
3230 4449 3569 4507 acerrimus.
3603 4453 3714 4517 Qui

2066 4544 2202 4585 cum
2228 4530 2549 4601 accepisset
2578 4533 2841 4589 divinum
2864 4535 3178 4593 Zenobium
3200 4540 3513 4608 praedicare
3535 4557 3713 4597 unum

2068 4617 2261 4674 solum
2324 4621 2519 4686 Deum,
2581 4623 2825 4694 ejusque
2886 4631 3168 4698 praecepta
3234 4633 3293 4683 et
3349 4628 3710 4687 voluntatem

1986 4749 2044 4816 Β
2067 4708 2329 4765 studiose
2358 4712 2416 4766 et
2445 4710 2756 4782 diligenter
2787 4711 3079 4784 amplecti,
3110 4719 3166 4770 et
3193 4717 3319 4787 ejus
3350 4717 3713 4778 invocatione

2069 4798 2305 4854 morbos
2355 4815 2559 4855 omnes
2592 4799 2759 4856 facile
2792 4802 3035 4870 solvere,
3068 4807 3125 4858 et
3179 4820 3420 4861 manum
3484 4808 3714 4866 abunde

2065 4887 2538 4958 suppeditantem
2593 4890 2889 4962 porrigere
2945 4893 3273 4963 egentibus,
3328 4910 3464 4950 eum
3516 4902 3712 4955 statim

2064 4975 2530 5045 comprehendit,
2561 4988 2613 5032 et
2644 4994 2779 5032 cum
2829 4979 2888 5034 in
2949 4981 3141 5036 media
3173 4983 3539 5052 praesedisset
3569 4986 3707 5040 civi-

2062 5066 2197 5132 tate,
2223 5068 2281 5119 et
2301 5080 2433 5120 eum
2457 5082 2652 5121 coram
2676 5067 2805 5140 ipso
2832 5074 3095 5125 curasset
3119 5070 3447 5127 sistendum
3476 5091 3489 5128 :
3523 5074 3708 5147 Saepe,

2061 5151 2270 5223 inquit,
2303 5170 2335 5209 ο
2364 5155 2599 5223 Zenobi,
2624 5173 2657 5211 a
2688 5173 2782 5213 me
2812 5158 2883 5213 de
2924 5164 2974 5213 te
3000 5165 3085 5214 est
3114 5160 3422 5216 auditum:
3450 5164 3548 5219 sed
3572 5180 3706 5219 cum

2060 5257 2174 5296 non
2205 5242 2367 5297 facile
2408 5260 2641 5314 possem
2674 5246 2781 5302 soli
2814 5248 2982 5302 famae
3029 5250 3280 5317 credere,
3319 5256 3619 5323 propterea
3646 5257 3701 5310 te

2056 5331 2117 5385 in
2161 5346 2355 5385 meum
2416 5334 2630 5389 adduxi
2690 5341 3091 5407 conspectum,
3150 5345 3211 5393 ut
3271 5340 3444 5396 etiam
3503 5343 3704 5400 oculos

2054 5418 2329 5476 haberem
2361 5426 2538 5479 testes
2569 5440 2796 5491 eorum,
2845 5443 2974 5497 qua
3009 5427 3246 5483 audivi:
3280 5438 3355 5497 et,
3392 5435 3453 5484 ut
3500 5433 3699 5503 paucis

2053 5509 2374 5576 absolvam,
2402 5513 2520 5568 haec
2551 5515 2667 5569 duo
2700 5514 2804 5569 tibi
2839 5531 3115 5587 pr0pono,
3151 5521 3214 5571 ut
3243 5516 3329 5574 vel
3375 5535 3573 5590 pareas
3604 5522 3699 5592 pio

2053 5599 2236 5656 edicto
2284 5601 2723 5683 imperatorum,
2786 5610 2843 5661 et
2892 5604 3003 5662 diis
3053 5605 3355 5682 nobiscum
3407 5610 3697 5667 sacriﬁcos

287 5676 435 5753 ὅπερ
493 5684 661 5753 τιμὴς
721 5676 775 5734 σε
829 5685 929 5751 τῆς
992 5680 1253 5757 μεγίστης
1314 5680 1616 5739 ἀπολαῦσαι
1676 5676 2092 5757 παρασκευάσει,
2125 5688 2210 5742 καὶ
2286 5676 2532 5745 πλούτου
2594 5688 2878 5767 δαψίλειαν
2935 5694 2991 5750 εὗ
3044 5676 3151 5757 ίσθι
3211 5694 3299 5749 καὶ
3362 5695 3483 5771 βίου
3542 5695 3696 5772 λαμ-
