4012 6220
354 245 511 308 1815

1698 237 1987 299 MENSIS
2031 235 2418 299 OCTOBER.
2452 286 2453 289 η

3617 242 3775 306 1316

354 406 509 481 quod
551 403 785 475 quidem
818 400 1053 467 efﬁciet,
1115 402 1180 455 ut
1216 403 1278 455 tu
1337 398 1661 455 maximum
1709 398 1989 453 honorem

2109 395 2370 469 πρότητα,
2429 396 2519 451 καὶ
2600 398 2818 475 ἀγαθῶν
2908 397 3097 454 ἄλλων
3147 396 3385 473 ἀμοιϐὰς
3442 406 3772 475 προξενήσει

356 492 715 567 assequeris,
738 494 796 545 et
817 504 1057 560 magnas
1088 503 1249 559 opes,
1272 491 1330 543 et
1360 488 1489 541 vitae
1519 486 1909 558 splendorem,
1941 489 1999 540 et

357 584 603 641 aliorum
652 581 934 635 bonorum
986 577 1485 633 remunerationes
1528 575 1633 630 tibi
1665 573 1996 629 conciliabit

354 677 484 747 (boc
512 672 615 728 tibi
651 675 811 740 potes
841 673 997 725 certo
1030 667 1400 738 persuadere)
1435 682 1449 721 ί
1482 664 1569 719 vel
1604 670 1667 719 ut
1698 665 1992 719 damneris

352 768 421 822 ad
457 766 680 837 plagas,
712 761 968 825 vincula,
1001 759 1317 823 cruciatus,
1350 762 1406 813 et
1436 762 1643 812 caetera
1684 760 1994 810 tormenta.

352 858 605 922 Quorum
640 852 910 924 quisnam
944 855 1029 904 est
1058 847 1210 902 alius
1240 846 1394 909 ﬁnis,
1422 847 1533 901 nisi
1570 861 1723 900 mors
1756 844 1995 899 omnino

353 943 692 1006 saevissima,
721 947 777 992 et
805 936 975 1007 plena
1009 936 1261 990 maximo
1294 933 1491 988 dolore
1520 932 1548 986 Ἰ
1574 934 1657 988 Ad
1686 931 1807 987 haec
1838 946 2001 1001 egre-

352 1033 484 1103 gius
516 1030 803 1084 Zenobius
839 1043 851 1080 :
902 1025 1061 1092 Mihi,
1095 1023 1306 1093 inquit,
1344 1039 1494 1076 unus
1528 1027 1616 1077 est
1648 1038 1815 1076 verus
1850 1022 1998 1075 Deus

353 1121 529 1177 Jesus
560 1118 844 1182 Christus,
880 1116 937 1169 in
970 1131 1085 1185 quo
1116 1129 1220 1184 ego
1251 1112 1500 1178 conﬁdo,
1542 1128 1575 1166 a
1606 1128 1721 1179 quo
1753 1116 1841 1166 est
1871 1112 1997 1182 ipsa

356 1209 612 1265 essentia
661 1211 717 1262 et
770 1206 907 1272 vita,
941 1210 997 1259 et
1027 1207 1261 1274 propter
1314 1217 1488 1271 quem
1532 1206 1622 1255 est
1660 1200 1804 1255 mihi
1854 1202 1995 1255 mori

354 1299 583 1353 lucrum
618 1312 631 1351 :
695 1309 882 1365 neque
932 1292 1088 1347 enim
1123 1292 1442 1363 quidquam
1477 1307 1544 1345 ex
1600 1291 1695 1356 iis,
1729 1306 1859 1360 quae
1903 1290 1997 1345 hic

353 1392 491 1443 sunt
512 1384 779 1456 jucunda
809 1388 864 1437 et
893 1381 1279 1447 delectabilia,
1299 1385 1389 1435 est
1417 1380 1831 1435 conferendum
1863 1396 1994 1435 cum

348 1493 435 1542 ea,
459 1491 576 1546 qua
594 1477 685 1529 est
715 1471 853 1539 illic,
873 1459 1373 1526 remuneratione.
1400 1469 1791 1533 Quamobrem
1812 1485 1999 1525 εωνυε

2109 505 2217 552 σοι,
2259 485 2293 554 ἢ
2359 486 2583 562 πληγὰς
2636 488 2726 541 καὶ
2788 482 3079 563 στρέϐλας,
3110 490 3199 544 καὶ
3255 490 3525 566 βασάνους
3588 493 3773 567 ἑτέρας

2106 578 2523 650 κατακριθῆναι,
2573 578 2646 631 ὧν
2697 578 2750 633 τί
2814 580 2877 634 τὸ
2925 579 3088 642 τέλος
3146 580 3182 650 ἢ
3242 581 3489 656 χαλεπὸς
3552 584 3775 646 παντως

2104 666 2195 719 καὶ
2244 663 2647 741 ὁδυνηρότατος
2693 668 2958 739 θάνατοςς
3020 670 3164 743 Πρὸς
3226 675 3393 725 ταῦτα
3441 673 3469 726 6
3524 679 3774 747 γενναῖος

2104 749 2386 825 Ζηνόϐιος,
2420 756 2581 827 Ἐμοὶ
2631 757 2763 819 Θεὸς
2812 760 2891 821 εἷς
2921 757 3185 828 ἀληθινὸς
3244 760 3271 814 6
3317 759 3519 833 Κύριος
3558 762 3773 831 Ἰησοῦς

2106 845 2340 918 Χριστός
2396 846 2564 915 ἐστιν,
2624 845 2749 925 ἔφη,
2809 846 2890 922 ἐφ’
2950 848 3008 902 ὃν
3068 847 3180 924 ἐγὼ
3238 848 3497 922 πέποιθα,
3544 854 3767 923 παρόὗ

2104 934 2192 988 καὶ
2225 934 2355 989 αὐτὸ
2385 936 2447 989 τὸ
2480 935 2615 990 εἶναί
2649 958 2743 1009 μοι
2774 937 2863 991 καὶ
2913 938 2975 991 τὸ
3024 943 3143 1012 ζῇν,
3172 938 3265 993 καὶ
3298 936 3369 993 δι’
3399 941 3459 994 ὃν
3522 942 3654 1013 ἐμοὶ
3710 946 3767 996 τὸ

2106 1023 2390 1078 ἀποθανεῖν
2450 1022 2664 1095 κέρδος.
2700 1023 2835 1081 Οὐδὲ
2882 1029 2982 1100 γὰρ
3043 1022 3156 1082 ἔστι
3215 1050 3266 1082 τι
3326 1033 3435 1083 τῶν
3487 1028 3628 1103 τῇδε
3658 1052 3769 1105 τερ-

2104 1117 2251 1166 πνῶν
2308 1120 2409 1182 τῆς
2464 1114 2662 1178 ἐκεῖθεν
2712 1113 3040 1178 ἀντιδόσεως
3086 1116 3253 1190 ἄξιον.
3290 1120 3403 1195 Ἐφί
3433 1121 3522 1179 οἷς
3556 1120 3586 1172 6
3628 1120 3766 1188 ἀπη-

2105 1203 2202 1271 νὴς
2258 1202 2458 1265 ἐκεῖνος
2515 1204 2909 1279 ἀγανακτήσας,
2964 1206 3280 1280 μετεωρίςει
3347 1208 3440 1263 τὸν
3503 1208 3764 1279 ἀθλητὴν

2104 1289 2193 1345 ἒπὶ
2234 1291 2421 1362 ξύλου,
2452 1293 2542 1347 καὶ
2601 1289 2868 1369 στρέϐλας
2902 1296 3070 1349 αὐτοῦ
3100 1296 3190 1350 καὶ
3249 1299 3522 1371 ξυστῆρας
3582 1296 3762 1373 ἐπάγει

2105 1381 2183 1452 τῷ
2242 1382 2503 1454 σώματι·
2563 1380 2795 1456 ’Ίδωμεν
2853 1384 2899 1439 εί
2957 1386 3186 1461 Χριστὸς
3234 1380 3410 1457 ἔλθοι,
3464 1389 3762 1461 βοηθήσων

2108 1468 2275 1543 αὐτῷ.

347 1564 686 1634 indignatus
710 1561 925 1630 Lysias,
949 1559 1202 1615 sublime
1232 1559 1292 1614 in
1333 1558 1487 1629 ligno
1529 1559 1679 1613 tollit
1708 1557 2009 1626 athletam,
2044 1563 2100 1615 et
2129 1564 2421 1617 tormenta
2460 1562 2637 1619 infert
2684 1564 2813 1634 ejus
2855 1566 3079 1636 corpori
3108 1581 3122 1621 :
3157 1564 3499 1635 Videamus,
3538 1567 3759 1635 dicens,

352 1672 422 1711 an
456 1654 723 1709 Christus
753 1652 825 1706 sit
856 1658 1160 1716 venturus,
1194 1654 1259 1704 ut
1287 1650 1337 1705 ei
1370 1665 1537 1719 opem
1570 1649 1734 1705 ferat.

421 1745 511 1798 VI.
536 1742 763 1797 Interea
782 1755 917 1796 vero
941 1755 1177 1796 currens
1194 1738 1482 1805 alicunde,
1502 1739 1659 1794 venit
1675 1739 1744 1794 ad
1767 1740 2002 1794 eumZe-

2184 1741 2247 1825 ς’.
2291 1743 2521 1798 Ἔπειτα
2564 1740 2687 1811 ἥκει
2740 1740 3021 1816 δρομαίως
3072 1744 3230 1799 ποθὲν
3286 1745 3320 1813 ἡ
3380 1742 3599 1825 ἀδελφή
3668 1750 3761 1816 Ζη-

354 1833 526 1888 nobia
541 1848 705 1887 soror
716 1832 766 1902 ej
779 1847 865 1886 us.
883 1832 1016 1896 Quae
1040 1846 1171 1885 cum
1186 1845 1317 1885 eum
1333 1829 1653 1900 aspexisset
1672 1828 1732 1883 in
1748 1828 1926 1899 ligno,
1941 1833 1995 1883 et

2109 1824 2278 1895 νοϐία,
2311 1830 2399 1884 καὶ
2458 1835 2650 1885 τοῦτον
2696 1830 2783 1886 ἐπὶ
2831 1837 2929 1887 τοῦ
2959 1831 3123 1906 ξύλου
3154 1833 3482 1906 θεασαμένη,
3531 1810 3754 1908 θάρσους

343 1923 431 1979 vel
447 1922 650 1992 exipso
667 1919 1000 1991 spectaculo
1018 1918 1230 1990 repleta
1246 1917 1846 1985 fuissetaudacia,etsi
1862 1918 1998 1988 quid

347 2010 639 2077 estmolle,
667 2015 764 2065 aut
791 2008 1674 2075 imbecillum,autmuliebre,id
1704 2013 1882 2062 totum
1899 2007 1997 2061 ab-

338 2102 593 2174 jecisset,
610 2105 666 2155 et
690 2116 750 2156 se
770 2116 899 2155 vere
919 2115 1044 2154 esse
1066 2100 1462 2167 ejussororem
1479 2098 1837 2152 ostendisset
1860 2115 1872 2164 ;
1893 2096 2000 2152 Su-

347 2192 541 2263 perbe,
566 2189 780 2259 inquit,
798 2194 1061 2257 tyranne,
1081 2188 1356 2256 quidnam
1384 2186 1618 2241 sceleris
1640 2184 1877 2239 admisit
1898 2186 1999 2240 fra-

348 2286 456 2345 ter,
474 2281 625 2349 quod
645 2290 702 2332 tu
727 2293 861 2331 eum
886 2278 1219 2344 sictorques
1235 2276 1262 2329 ‘I
1287 2276 1385 2329 llle
1402 2282 1592 2329 autem
1609 2279 1662 2337 (0
1678 2274 1994 2342 sinistram,

349 2376 401 2424 et
417 2368 766 2429 dolosam,et
782 2363 1125 2419 illiberalem
1140 2364 1484 2434 animam)ad
1497 2362 1752 2417 mulieris
1768 2363 1997 2419 dicendi

348 2457 670 2513 libertatem
714 2452 1107 2526 placidissime
1137 2454 1438 2525 respondit
1471 2458 1528 2507 et
1568 2451 1893 2519 lenissime,
1934 2456 1999 2508 ut

349 2552 407 2603 et
436 2546 493 2600 in
518 2562 670 2612 eam,
704 2550 907 2616 utpote
939 2544 1240 2612 feminam,
1272 2560 1333 2598 se
1364 2542 1598 2598 blandis
1632 2544 1821 2598 verbis
1849 2544 1997 2598 insi-

350 2642 579 2701 nuaret,
604 2640 661 2690 et
708 2636 1010 2690 induceret
1068 2638 1132 2713 ut
1189 2632 1677 2689 imbecilliorem:
1727 2634 1997 2689 Sacriﬁca

346 2729 532 2795 enim,
568 2727 780 2798 inquit,
802 2725 1050 2781 Zenobia
1074 2730 1136 2779 tu
1164 2741 1396 2796 quoque
1418 2725 1552 2793 diis,
1578 2740 1681 2780 nec
1705 2724 1997 2780 sustineas

348 2818 544 2874 videre
593 2816 845 2888 speciem
875 2832 941 2870 ac
990 2813 1244 2886 vigorem
1280 2820 1337 2868 et
1379 2814 1576 2869 ﬂorem
1612 2815 1699 2869 tui
1740 2813 1997 2885 corporis

350 2905 761 2963 miserabiliter
791 2902 998 2958 multis
1029 2919 1094 2957 ac
1116 2902 1290 2958 variis
1323 2904 1472 2958 tradi
1500 2902 1832 2973 suppliciis:
1861 2919 1998 2973 quc-

345 3013 499 3061 rum,
542 3012 573 3049 ο
617 2994 843 3061 mulier,
876 2992 1127 3048 dedecus
1158 2997 1246 3046 est
1277 2992 1446 3062 longe
1478 2992 1602 3061 ipso
1643 2992 1837 3047 dolore
1867 3008 1994 3062 gra-

345 3087 499 3141 vius.
536 3084 643 3138 Illa
686 3087 883 3138 autem
926 3080 1101 3135 simul
1133 3097 1265 3134 cum
1302 3082 1476 3135 fratre
1508 3081 1666 3151 loqui
1707 3080 1995 3149 incipiens

2109 1938 2163 1972 τε
2221 1919 2311 1972 καὶ
2370 1920 2458 1974 ἀπ’
2492 1920 2657 1989 αὐτῆς
2717 1929 2816 1991 τῆς
2868 1922 2991 1986 θέας
3039 1922 3473 1994 ὑποπλησθεῖσα,
3508 1925 3601 1978 καί
3656 1931 3753 1979 πᾶν

2110 2005 2156 2061 έί
2212 2029 2263 2062 τι
2326 2008 2568 2081 μαλακὸν
2597 2010 2632 2079 ἢ
2665 2010 2885 2075 ἀσθευὲς
2936 2013 2971 2083 ἢ
3020 2018 3322 2086 γυναικεῖον
3381 2008 3749 2082 ἀποϐαλοῦσα,

2107 2098 2195 2150 καὶ
2229 2096 2452 2168 ἀληθῶς
2486 2098 2570 2154 ὅτι
2614 2100 2873 2156 τοιούτου
2913 2101 2977 2168 ἧν
3014 2098 3207 2176 ἀνδρὸς
3252 2100 3464 2179 ἀδελφῆ
3525 2102 3749 2174 δείξασα,

2110 2182 2374 2255 ’Λλαζὼν,
2420 2185 2545 2265 ἔφη,
2597 2190 2841 2263 τύραννε,
2892 2190 3011 2245 τίνα
3048 2192 3313 2261 τοιαύτην
3391 2190 3744 2265 ἐργασάμενον

2106 2275 2331 2330 ἆτυπίαν
2394 2277 2623 2347 αἰκίζεις
2692 2281 2783 2334 τὸν
2844 2276 3115 2358 ἀδελφόνς
3165 2281 3226 2337 Ὀ
3288 2278 3366 2350 δὲ,
3422 2279 3489 2351 (ὢ
3567 2286 3743 2340 exuri;

2108 2368 2296 2440 ψυχῆς
2332 2366 2423 2420 καὶ
2459 2364 2687 2440 δολερᾶς
2727 2369 2817 2423 καὶ
2858 2368 3215 2443 ἀνελευθέρου
3238 2371 3272 2442 ί)
3306 2370 3441 2441 πρὸς
3481 2373 3729 2438 723).:an-

2104 2474 2205 2523 την
2238 2456 2496 2528 γυναικὸς
2541 2454 2848 2530 παρρησίαν
2900 2458 3019 2530 μεθ’
3050 2456 3183 2528 ὅσης
3231 2457 3565 2530 ὁμαλότητος
3599 2456 3721 2509 ἀπο·

2107 2545 2370 2616 κρίνεται,
2402 2543 2495 2598 ’ίνα
2521 2547 2610 2599 καὶ
2643 2547 2718 2608 ὡς
2770 2546 2912 2616 θῆλυ
2959 2544 3138 2622 κλέψῃ
3190 2548 3280 2602 καὶ
3334 2548 3408 2609 ὡς
3460 2544 3733 2605 ἀσθενεστε,

2108 2653 2198 2706 ρον
2293 2633 2563 2706 μαλακοῖς
2649 2636 2885 2708 ῥήμασιν
2958 2636 3335 2713 ἐπαγάγηταιί
3390 2641 3557 2691 Θῦσον
3621 2634 3734 2709 γὰρ,

2107 2724 2262 2802 φησὶ,
2305 2722 2565 2797 Ζηνοϐία,
2596 2725 2691 2781 κᾶν
2742 2727 2876 2798 αὐτή
2932 2734 3050 2790 τοῖς
3094 2734 3258 2795 θεοῖς,
3291 2729 3379 2783 καὶ
3435 2729 3510 2800 μή
3565 2730 3737 2798 σώμαι

2103 2834 2197 2878 τος
2254 2814 2456 2869 οἰκείου
2516 2815 2805 2891 εὐγένειαν,
2837 2819 2926 2872 καὶ
2985 2819 3167 2892 ἀκμήν
3223 2816 3386 2890 ὥρας,
3445 2818 3537 2872 καὶ
3598 2815 3742 2879 ἄνθος

2104 2900 2360 2971 νεότητος
2421 2900 2551 2957 ἰδεῖν
2601 2901 2849 2966 ἐλεεινῶς
2901 2904 3111 2980 ἀνάσχῃ
3170 2901 3545 2979 πολυτρόποις
3607 2903 3741 2958 αἰκι-

2107 2997 2269 3063 σμοῖς
2327 2989 2667 3067 ἐκδιδόμενα,
2728 2997 2803 3049 ὧν
2868 2995 3033 3066 πολὺ,
3091 2997 3267 3071 γύναι,
3300 3002 3399 3063 τῆς
3458 2993 3650 3063 ὀδύνης
3706 2996 3735 3061 ἡ

2105 3080 2334 3156 αἰσχύνη
2364 3083 2679 3158 βαρύτερον.
2712 3085 2775 3141 Ἠ
2808 3082 3001 3155 δὲ,τοῦ
3052 3082 3218 3159 λόγου
3270 3085 3361 3139 σὺν
3406 3089 3483 3155 τῷ
3532 3082 3742 3159 ἀδελφῷ

343 3172 524 3231 veluti
566 3188 681 3227 uno
723 3171 975 3241 quodam
1008 3178 1163 3224 motu
1198 3168 1378 3224 animi
1410 3178 1463 3224 et
1494 3185 1782 3224 consensu
1825 3185 1838 3223 :
1870 3170 1994 3224 Non

2109 3167 2504 3243 ἐπιλαϐομένη,
2536 3174 2777 3248 καθάπερ
2839 3176 2924 3250 ὑφ’
2957 3175 3033 3229 ἑνὶ
3097 3178 3282 3249 ψυχῆς
3323 3176 3609 3246 κινήματι,
3658 3171 3738 3227 καί

351 3263 542 3329 nobis,
604 3262 889 3325 dixerunt,
944 3258 1346 3328 persuadebis,
1407 3276 1439 3313 ο
1495 3262 1755 3331 tyranne,
1810 3259 1992 3314 Deum

349 3367 553 3407 verum
581 3354 637 3404 et
666 3350 857 3403 vivum
894 3357 1221 3419 permutare
1252 3364 1382 3404 cum
1416 3348 1751 3403 simulacris
1784 3355 1997 3403 morta-

353 3443 499 3497 lium
554 3438 881 3506 bominum,
917 3453 1021 3493 nec
1062 3438 1110 3493 si
1142 3439 1265 3493 fieri
1315 3438 1548 3509 quidem
1590 3442 1807 3510 posset,
1840 3443 1902 3493 ut
1933 3443 1995 3493 tu

359 3527 818 3587 innumerabiles
860 3527 1027 3583 nobis
1053 3532 1272 3583 mortes
1321 3528 1579 3592 afferres,
1613 3531 1669 3582 et
1698 3544 1813 3583 non
1847 3528 1997 3583 hanc

358 3635 555 3685 unam,
586 3634 714 3690 qua
742 3617 907 3672 nobis
930 3616 1014 3672 vel
1045 3617 1117 3672 ab
1138 3616 1267 3687 ipsa
1298 3621 1504 3671 natura
1525 3616 1764 3672 debetur
1795 3632 1994 3672 neces-

354 3709 527 3767 sario.
579 3709 709 3764 Haec
758 3723 895 3779 ergo
955 3722 1087 3761 cum
1119 3705 1423 3771 dixissent,
1482 3710 1766 3777 martyres
1796 3707 1991 3761 statim

352 3800 487 3857 lecti
518 3798 819 3871 excipiunt
866 3796 1056 3864 ferrei,
1095 3800 1151 3851 et
1182 3795 1332 3865 ignis
1389 3796 1499 3850 sub
1541 3796 1702 3851 lectis
1733 3796 1995 3851 accendi-

351 3898 465 3946 tur.
499 3888 718 3944 Aderat
746 3891 941 3943 autem
974 3886 1170 3959 Lysias
1210 3902 1442 3957 quoque
1474 3886 1799 3941 acclamans
1833 3901 1847 3939 τ
1882 3888 1991 3939 Ve-

352 3979 477 4035 niat
514 3978 795 4044 Christus,
829 3980 885 4031 et
913 3991 1081 4047 opem
1117 3976 1263 4031 ferat
1301 3975 1394 4039 iis,
1428 3975 1528 4047 qui
1580 3992 1683 4046 pro
1729 3976 1856 4047 ipso
1890 3992 1993 4047 pa-

350 4070 594 4125 tiuntur.
618 4065 905 4123 Zenobius
940 4070 1131 4120 autem
1169 4065 1217 4120 ei
1242 4064 1486 4120 honeste
1506 4065 1676 4120 dixit:
1704 4066 1782 4120 En
1805 4067 1990 4131 adest,

350 4173 525 4215 suum
559 4172 748 4212 rorem
784 4155 1045 4225 praebens
1077 4154 1245 4211 nobis
1267 4154 1638 4221 medicinam,
1673 4154 1897 4209 etiamsi
1934 4164 1989 4210 tu

348 4248 461 4303 hoc
490 4263 606 4302 non
639 4245 830 4316 possis
862 4244 1078 4310 videre,
1112 4261 1245 4300 cum
1286 4244 1370 4300 sis
1401 4243 1803 4299 circumdatus
1836 4252 1994 4301 tanta

349 4334 599 4407 caligine
625 4335 961 4405 impietatis.

419 4425 543 4481 VlI.
576 4425 882 4497 Tyrannus
912 4439 1049 4496 ergo
1081 4440 1214 4479 cum
1246 4423 1464 4480 videret
1494 4441 1591 4481 eos
1637 4428 1754 4480 tam
1782 4441 1990 4496 magno

347 4519 408 4570 et
436 4518 555 4569 tam
580 4513 711 4569 forti
740 4512 935 4569 animo
967 4513 1258 4584 praeditos,
1284 4513 1341 4567 in
1390 4512 1698 4583 praesentia
1754 4513 1988 4584 quidem

348 4619 579 4661 cessare
610 4601 747 4658 facit
776 4618 977 4657 eorum
1009 4601 1349 4670 cruciatum,
1375 4602 1549 4657 simul
1581 4602 1816 4674 quidem
1849 4604 1988 4657 etad

350 4710 591 4751 sensum
651 4692 865 4748 doloris
898 4707 1032 4748 eum
1064 4706 1431 4763 nequaquam
1482 4692 1747 4748 suiticere
1794 4692 1994 4747 existi-

350 4800 538 4851 mans,
586 4786 641 4838 et
691 4797 795 4853 spe
843 4782 1093 4852 quadam
1154 4781 1266 4838 sibi
1320 4780 1628 4837 blandiens
1687 4781 1807 4836 fore
1867 4786 1926 4837 ut
1956 4781 1993 4835 ii

350 4871 836 4946 persuadeantur,
887 4876 944 4927 et
975 4876 1405 4939 convertantur,
1455 4887 1558 4926 nec
1592 4876 1863 4942 perpetuo
1923 4872 1999 4927 ita

349 4963 460 5019 sibi
508 4962 651 5018 nihil
687 4966 944 5034 parcant.
998 4962 1142 5017 Cum
1184 4962 1379 5033 itaque
1410 4960 1629 5017 electis
1667 4960 1869 5016 ferreis
1900 4976 1997 5016 eos

346 5052 576 5110 fecisset
607 5066 884 5125 surgere:
916 5050 1131 5119 Vestri,
1162 5050 1375 5122 inquit,
1410 5050 1583 5105 modo
1615 5049 1996 5118 miseremini,

350 5159 536 5214 neque
567 5142 645 5198 sit
675 5144 821 5197 alter
842 5141 1007 5197 alteri
1040 5140 1285 5196 invicem
1328 5144 1601 5211 aspectus
1625 5138 1998 5207 miserabilis,

350 5231 529 5286 frater
556 5236 690 5287 ante
722 5232 921 5288 oculos
949 5230 1167 5287 sororis
1207 5230 1481 5285 atrociter
1518 5228 1879 5284 interfectus.
1911 5228 1997 5283 Illi

354 5323 548 5377 autem
574 5320 837 5376 moribus
856 5324 911 5375 et
942 5319 1157 5376 animis
1189 5318 1375 5391 magis
1407 5318 1636 5385 fratres,
1669 5332 1845 5389 quam
1879 5332 2001 5374 cor-

352 5407 596 5483 poribus
632 5425 645 5463 :
698 5409 850 5479 Tibi,
884 5409 1259 5481 dixerunt,'»o
1282 5409 1487 5480 judex,
1530 5407 1721 5480 potius
1751 5405 2001 5463 consuli-

354 5513 512 5569 mus,
536 5501 601 5553 ut
630 5500 743 5554 tum
768 5499 979 5555 animm
1000 5499 1255 5575 aliquam
1288 5515 1481 5555 curam
1502 5513 1691 5571 geras,
1710 5500 1767 5553 et
1794 5495 2001 5553 timeas

361 5588 602 5663 quidem
640 5586 991 5660 gehennam,
1023 5590 1189 5663 cujus
1207 5589 1366 5647 mina
1398 5587 1502 5645 tibi
1534 5587 1918 5659 intentantur,
1951 5591 2006 5642 et

2109 3264 2518 3333 παραστήματι,
2553 3263 2631 3319 Οὐ
2693 3263 2913 3334 πείσεις,
2956 3263 3131 3332 εἶπον,
3190 3266 3360 3336 ἡμᾶς,
3408 3265 3453 3317 ὦ
3512 3262 3741 3339 τύραενιε,

2109 3353 2241 3403 Θεοῦ
2312 3356 2511 3419 ζῶντος
2568 3350 2835 3421 ἀληθινοῦ
2890 3350 3091 3408 εἴδωλα
3166 3354 3373 3424 θνητῶν
3455 3352 3743 3427 ἀνθρώπων

2106 3437 2435 3512 ἀλλάξασθαι
2496 3438 2608 3495 οὐδ’
2648 3440 2709 3495 ἃν
2765 3443 2809 3495 εἰ
2868 3442 2957 3496 καὶ
3021 3442 3246 3516 μυρίους
3274 3463 3358 3496 σοι
3402 3439 3619 3496 δυνατὸν
3674 3440 3737 3506 ἦν

2105 3532 2239 3601 ἡμῖν
2282 3531 2542 3593 θανάτους
2586 3534 2901 3607 ἒπαγαγεῖν,
2942 3531 3088 3587 ἀλλᾶ
3135 3533 3211 3605 μὴ
3269 3533 3361 3587 τὸν
3410 3528 3505 3586 ἕνα
3562 3535 3743 3585 τοῦτον

2105 3618 2249 3681 ὅστις
2283 3619 2373 3673 καὶ
2405 3621 2530 3693 παρ’
2565 3620 2730 3690 αὐτῆς
2789 3623 2924 3692 ἡμῖν
2986 3621 3198 3698 φύσεως
3246 3621 3553 3695 ἀναγκαίως
3613 3620 3747 3693 ὀφεί-

2104 3707 2278 3765 λεται.
2338 3712 2518 3767 Ταῦτα
2600 3714 2879 3784 τοιγανοῦν
2976 3710 3266 3784 εἰρηκότας
3356 3709 3541 3765 κλῖναι
3624 3709 3746 3769 τοὺς

2107 3798 2379 3874 μάρτυρας
2430 3800 2587 3863 εὐθὺς
2647 3797 3006 3876 ὑποδέχονται
3069 3797 3312 3874 σιδηραῖ,
3344 3800 3436 3854 καὶ
3481 3804 3593 3875 πῦρ
3650 3799 3747 3854 ὑπὸ

2102 3896 2220 3949 ταῖς
2281 3886 2496 3950 κλίναις
2555 3889 2867 3944 ἀνάπτεται.
2903 3895 3087 3963 Παρῆν
3145 3886 3203 3943 δὲ
3250 3890 3339 3943 καὶ
3384 3888 3588 3950 Λυσίας
3640 3890 3743 3942 ἐπι·

2102 3983 2340 4059 φωνῶν·
2395 3979 2636 4042 Ἐλθὲτω
2704 3978 2962 4054 Χριστὸς,
3036 3978 3370 4051 βοηθησάτω
3428 3983 3549 4038 τοῖς
3618 3978 3741 4049 ὑπὲρ

2103 4067 2266 4123 αὐτοῦ
2324 4066 2615 4142 πάσχουσι.
2650 4068 2750 4121 Καὶ
2782 4068 2809 4121 6
2840 4061 3106 4138 Ζηνόϐιος
3166 4067 3428 4140 εὐκόσμῳ
3479 4070 3552 4136 τῷ
3595 4066 3733 4133 ἤθει,

2103 4160 2384 4232 Πάρεστιν,
2426 4153 2630 4231 ἔλεγεν,
2682 4155 2821 4227 ἰδοὺ,
2849 4158 2947 4226 την
2992 4158 3120 4231 παρ’
3153 4156 3321 4211 αὐτοῦ
3374 4154 3563 4231 δρόσον
3604 4152 3747 4227 ’ἴαμα

2101 4249 2360 4326 παρέχων
2414 4250 2574 4321 ἡμῖν,
2621 4247 2668 4302 εἴ
2725 4246 2817 4302 καὶ
2879 4246 2942 4302 σὺ
2998 4250 3190 4302 τοῦτον
3250 4244 3349 4302 οὐκ
3405 4244 3553 4321 ἔχεις
3602 4246 3749 4319 ὀρᾷν,

2102 4339 2371 4407 τοσαύτην
2400 4332 2646 4399 ἀσεϐείας
2680 4334 2857 4412 ἀχλὺν
2890 4337 3289 4412 περικείμενος.

2173 4428 2331 4483 Ζ’.Ὁ
2383 4430 2511 4501 γοῦν
2567 4427 2845 4501 τύραννος,
2900 4426 3074 4487 οὕτως
3133 4426 3328 4488 αὐτοὺς
3388 4426 3531 4499 ὁρῶν
3591 4422 3753 4497 εὐψύ-

2105 4538 2223 4595 χως
2270 4517 2359 4571 καὶ
2399 4520 2733 4591 καρτερικῶς
2785 4512 3035 4593 ἔχοντας,
3064 4514 3257 4586 ’ίστησι
3303 4513 3504 4584 ταύτην
3553 4514 3616 4567 τὸ
3665 4534 3753 4567 παι

2106 4607 2199 4682 ρὸν
2246 4610 2363 4667 τοῖς
2408 4604 2665 4681 γενναίοις
2711 4606 2810 4674 τὴν
2858 4604 3150 4681 τιμωρίαν,
3184 4606 3323 4677 ὁμοῦ
3385 4604 3478 4675 μὲν
3508 4602 3617 4676 οὐχ
3643 4602 3757 4656 ἱκα-

2104 4695 2197 4763 νῆν
2231 4693 2396 4763 αὐτὴν
2429 4692 2503 4755 είς
2532 4690 2730 4764 ὀδύνης
2763 4691 3016 4763 α’ίσθησιν
3065 4690 3388 4767 δριμυτέρας
3436 4684 3756 4757 ὑπολαϐὼν,

2110 4785 2253 4857 ὁμοῦ
2298 4782 2354 4837 δὲ
2402 4782 2491 4837 καί
2529 4804 2667 4837 τισιν
2714 4781 2927 4837 ἐλπίσιν
2976 4783 3164 4838 ἑαυτὸν
3218 4779 3518 4835 ὑποσαίνων
3552 4779 3629 4840 ὡς
3662 4780 3760 4852 ἄρα

2110 4874 2497 4943 πεισθήσονται
2555 4872 2641 4927 vni
2716 4866 3105 4947 μεταϐαλοῦσι,
3156 4870 3245 4925 καὶ
3303 4868 3411 4944 οὐχ
3468 4867 3612 4922 οὕτω
3676 4865 3762 4922 διὰ

2109 4963 2303 5026 τέλους
2337 4964 2538 5018 ἑαυτῶν
2570 4960 2949 5039 ἄφειδήσουσι.
2984 4960 3205 5035 Ἀμέλει
3234 4959 3323 5014 καὶ
3370 4962 3478 5013 τῶν
3514 4955 3759 5031 σιδηρῶν

2112 5052 2334 5107 ἐκείνων
2390 5052 2593 5108 κλινῶν
2657 5052 2850 5114 αὐτοὺς
2917 5051 3242 5121 ἀναστήσας,
3294 5048 3609 5121 Οἷκτείρατε
3664 5047 3762 5101 κᾶν

2111 5141 2235 5216 ἄρτι
2293 5142 2537 5210 ἑαυτοὺς,
2571 5142 2726 5219 φησὶ,
2758 5135 2952 5196 λάϐετὲ
3005 5160 3124 5195 τινα
3180 5142 3327 5215 σφῶν
3369 5138 3548 5192 αὐτῶν
3579 5134 3759 5207 ἔλεον,

2116 5227 2257 5304 μηδὲ
2307 5226 2431 5304 ὄψις
2502 5227 2777 5302 ἀλλήλοις
2850 5229 3040 5305 οἰκτρά
3116 5227 3363 5303 γένησθε,
3415 5222 3654 5305 ἀδελοὸς
3714 5229 3763 5283 ἐν

2112 5319 2423 5398 ὀφθαλμοῖς
2472 5316 2710 5396 ἀδελφοῦ
2786 5317 3047 5398 χαλεπῶς
3102 5316 3509 5391 ἀναιρούμενος.
3565 5314 3637 5372 Ol
3708 5316 3763 5372 δὶ

2109 5410 2201 5464 τὸν
2233 5410 2437 5484 τρόπον
2468 5407 2663 5464 ἐκεῖνοι
2699 5406 2913 5482 μᾶλλον
2958 5404 3182 5484 ἀδελφοὶ
3230 5405 3323 5461 καὶ
3364 5404 3461 5467 τὰς
3506 5404 3696 5483 ψυχὰς
3726 5408 3761 5477 ἦ

2115 5497 2184 5553 τὰ
2214 5496 2462 5571 σώματα,
2496 5498 2593 5552 Σοὶ
2636 5494 2869 5571 μᾶλλον,
2912 5496 2958 5551 ὢ
2996 5492 3241 5561 δικαστὰ,
3283 5487 3760 5569 συμϐουλεύομεν,

2116 5584 2288 5655 ιῖπδνζ
2322 5579 2501 5640 “add:
2550 5585 2667 5642 τινὰ
2706 5586 2795 5639 καὶ
2844 5590 2943 5654 τῆς
3002 5575 3199 5661 σαυτοῦ
3236 5574 3417 5658 ψυχῆς
3474 5580 3760 5654 πρόνοιαν,
