4012 6220
284 260 432 320 1317

1136 255 1616 320 MARTYBIUM
1662 256 1775 317 SS.
1823 251 2200 316 EULAMPII
2247 251 2343 314 ET
2387 253 2835 316 EULAMPI/E.

3528 254 3682 315 1318

278 420 363 475 καὶ
394 418 679 497 φείσασθαι
713 420 809 493 μὶν
841 423 940 488 τῆς
980 416 1366 489 ἠπειλημένης
1412 416 1627 493 γείννης
1675 414 1766 469 καὶ
1811 416 1920 469 τῶν

2041 412 2330 484 supplicia
2357 412 2461 468 illa
2506 413 2887 482 immortalia,
2920 415 3189 472 discedas
3237 416 3433 469 autem
3465 413 3538 469 ab
3569 412 3681 470 hoc

278 508 556 564 ἀθανάτων
588 507 805 563 ἐκείνων
835 506 1136 576 κολάσεων,
1167 506 1465 575 ἀποστῆναι
1521 502 1577 559 δὲ
1614 511 1713 574 τῆς
1763 524 1923 581 φανε-

286 604 375 674 ρᾶς
433 598 634 669 ταύτης
693 599 929 668 ἀπάτης,
986 601 1102 668 Θεῷ
1165 617 1223 651 τε
1288 594 1606 670 προσελθεῖν
1675 592 1926 665 ἀληθινῷ

281 689 365 742 καὶ
414 690 482 761 τῇ
514 682 777 758 εὐσεϐείᾳ.
830 686 935 742 Καὶ
996 684 1109 740 οἶδε
1156 686 1321 758 ἡμεῖς
1372 683 1629 760 έγγυηταί
1679 704 1763 738 σοι
1813 683 1927 755 ἅμα

280 777 365 832 καὶ
397 773 716 847 πρεσϐευταὶ
768 778 834 831 τὰ
890 776 1024 850 πρὸς
1083 774 1242 829 αὐτὸν
1300 776 1388 829 καὶ
1456 768 1773 848 βεϐαιωταὶ,
1843 770 1926 841 ὅτι

279 868 365 921 καὶ
395 863 711 935 ἀποδέξεται
768 871 870 933 τῆς
920 858 1256 937 μιταϐολῆς,
1304 862 1395 917 καὶ
1443 868 1733 938 προσηνῶς
1789 862 1929 916 ὑπο-

278 953 501 1025 δέξεται,
549 956 637 1009 καὶ
692 956 903 1028 ἀγαθῶν
962 953 1179 1025 ἀξιώσει
1237 956 1343 1007 τῶν
1403 952 1749 1027 ἀπορρήτων.
1811 953 1930 1027 Ἐφ’

277 1049 357 1106 οἷς
398 1044 722 1119 θερμότερος
778 1042 958 1117 ὥσπερ
1008 1045 1107 1112 τήν
1172 1042 1372 1098 λύσσαν
1419 1042 1624 1112 ἐκείνην
1680 1042 1769 1096 καὶ
1826 1043 1925 1110 τὴν

279 1136 470 1210 μανίαν
513 1136 751 1212 γεγονὼς
815 1137 842 1187 ὀ
903 1135 1097 1195 Λυσίας
1156 1128 1350 1203 λέϐησι
1414 1135 1507 1205 μὶν
1577 1128 1926 1205 ἐμϐληθῆναι

273 1226 371 1293 τήν
410 1225 618 1298 ἀγαθήν
651 1223 820 1284 ὅντως
853 1220 1024 1277 δυάδα
1054 1223 1402 1296 προστάττει.
1433 1222 1535 1279 Καὶ
1590 1222 1642 1275 οἱ
1695 1216 1929 1292 λέϐητες

274 1318 382 1388 πῦρ
412 1315 647 1368 κάτωθεν
681 1313 831 1389 εἶχον
867 1309 1118 1389 σφοδρῶς
1151 1312 1546 1383 ἀναπτόμενον.
1593 1310 1818 1370 Στάντες
1870 1306 1928 1364 δὲ

274 1402 381 1475 πρὸ
412 1406 518 1456 τῶν
570 1396 822 1469 λεϐήτων
874 1399 1093 1467 ἐκεῖνοι,
1137 1399 1226 1453 καὶ
1278 1398 1599 1477 ὀφθαλμοὺς
1654 1399 1789 1471 μετὰ
1836 1395 1927 1452 καὶ

270 1495 371 1557 τῆς
427 1493 613 1567 ψυχῆς
660 1488 733 1549 εἰς
783 1485 1044 1562 οὐρανοὺς
1095 1486 1486 1548 ἀνατείναντες.
1540 1486 1703 1561 Κύριε
1747 1487 1928 1555 Ἰησοῦ

272 1578 499 1650 Χριστέ⁶
532 1580 561 1633 ὁ
590 1585 689 1646 τῆς
721 1577 942 1651 εἰρήνης
973 1577 1123 1646 Θεὸς,
1156 1575 1207 1632 ἐν
1237 1577 1427 1650 εἰρήνῃ
1460 1574 1600 1647 δέξαι
1634 1578 1728 1638 τὰς
1748 1576 1927 1650 ψυχὰς

276 1669 463 1739 ἡμῶν,
497 1668 667 1723 εἷπον.
701 1668 801 1723 Καὶ
839 1667 977 1739 μετᾶ
1003 1667 1102 1735 τὴν
1133 1666 1302 1742 εὐχὴν
1348 1668 1400 1720 οἱ
1456 1662 1683 1734 λέϐητες
1732 1663 1929 1727 αὐτοὺς

276 1758 481 1820 εὐθέως
514 1752 849 1830 ἐλάμϐανον,
893 1758 980 1811 καὶ
1034 1758 1097 1811 τὸ
1155 1759 1247 1831 μὲν
1306 1755 1357 1810 ἐν
1408 1755 1591 1818 αὐτοῖς
1642 1753 1788 1830 ὕδωρ
1837 1757 1926 1810 καὶ

276 1846 445 1902 αὐτοῦ
478 1847 647 1921 πυρὸς
679 1846 787 1915 ἔξει
828 1845 1211 1925 σφοδρότερον·
1261 1848 1323 1901 τὸ
1374 1844 1431 1901 δὲ
1475 1852 1583 1900 τῶν
1639 1844 1925 1920 μαρτύρων

278 1939 492 2009 ζεῦγος,
528 1935 670 1997 θείας
700 1936 844 1996 τινὸς
887 1935 1090 1999 ἄνωθεν
1134 1934 1447 2005 αἰσθόμενοι
1499 1932 1718 2009 δρόσου,
1770 1931 1929 2004 ᾃδον-

276 2044 367 2085 τες
396 2025 578 2098 ἠρέμα
616 2023 852 2097 ἐξῄεσαν·
895 2028 929 2095 ἠ
985 2022 1102 2096 ᾤδή
1153 2022 1211 2080 δὲ
1255 2025 1346 2093 ἦν·
1400 2048 1429 2077 ‹‹
1457 2026 1706 2087 Ἔσωσας
1757 2028 1925 2097 ἡμᾶς.

274 2112 463 2187 Κύριε,
497 2113 555 2168 ἐκ
587 2118 693 2167 τῶν
724 2108 1026 2168 θλιϐόντων
1087 2116 1256 2186 ἡμᾶς,
1312 2113 1403 2168 καὶ
1446 2114 1574 2176 τοὺς
1638 2120 1926 2188 μισοῦντας

278 2204 430 2274 ἡμᾶς
466 2204 832 2277 κατήσχυνας,
870 2225 897 2253 ››

348 2291 433 2346 Η’.
496 2291 767 2354 Ἐντεῦθεν
828 2291 856 2344 ὁ
914 2290 1135 2359 Λυσίας,
1195 2292 1294 2359 τήν
1356 2284 1671 2365 μεταϐολὴν
1724 2290 1926 2344 παντά-

269 2401 436 2434 πασιν
492 2378 817 2449 ἀπελπίσας,
883 2381 984 2449 τήν
1048 2378 1360 2434 τελευταίαν
1419 2380 1537 2433 κατ’
1596 2379 1773 2433 αὐτῶν
1835 2376 1924 2432 διὰ

260 2470 451 2545 ξίφους
492 2466 688 2523 δίδωσι
722 2471 922 2544 ψῆφον.
979 2468 1077 2522 Καὶ
1126 2472 1328 2540 τειχῶν
1377 2464 1481 2535 ἕξω
1529 2472 1631 2534 τῆς
1676 2466 1920 2540 Αἰγαίων

268 2558 408 2612 κατά
450 2557 513 2610 τὸ
553 2562 651 2611 τοῦ
702 2556 901 2610 Λυσίου
948 2557 1270 2628 πρόσταγμα
1319 2556 1370 2608 οἱ
1415 2549 1563 2628 ἅγιοι
1614 2554 1921 2628 γενόμενοι,

263 2646 357 2701 καὶ
398 2650 683 2722 προσευχῇ
716 2644 880 2698 πάλιν
932 2643 1154 2706 ἑαυτοὺς
1207 2640 1524 2711 δεδωκότες,
1578 2642 1923 2721 Εὐχαριστοῦ

273 2733 369 2808 μέν
400 2754 506 2799 σοι,
540 2734 737 2806 Χριστὶ
767 2734 795 2786 ὁ
826 2734 981 2800 Θεὸς,
1035 2733 1212 2799 εἶπον,
1261 2734 1345 2787 ὅτι
1390 2733 1480 2787 τὸν
1532 2729 1739 2807 δρόμον
1774 2735 1921 2806 ἡμᾶς

266 2822 482 2879 τελέσαι
551 2823 813 2891 ἠξίωσας,
868 2824 967 2891 τὴν
1036 2822 1212 2875 πίστιν
1266 2828 1527 2895 τηρῆσαι,
1594 2823 1683 2877 τὸν
1737 2822 1924 2897 ἀγῶνα

270 2911 363 2965 τὸν
396 2909 563 2965 καλὸν
615 2910 999 2982 ἀγωνίσασθαι.
1059 2909 1235 2971 Αὐτὸς
1285 2907 1399 2977 οὖν,
1456 2908 1638 2984 Κύριε,
1686 2911 1776 2965 καὶ
1825 2915 1922 2965 τοῦ

276 2994 535 3075 βραϐείου
571 3003 859 3072 μετασχεῖν
893 3001 1041 3071 ἡμᾶς
1068 3005 1167 3067 τῆς
1222 2997 1472 3068 κλήσεως
1517 3006 1618 3069 τῆς
1664 2999 1772 3054 ἄνω
1831 2997 1921 3054 εἰρ-

273 3088 532 3160 δόκησον,
562 3088 653 3143 καὶ
685 3091 821 3161 μετὰ
848 3094 955 3143 τῶν
1008 3087 1482 3161 εὖαρεστησᾶντων
1526 3095 1607 3161 τῷ
1658 3090 1793 3164 ἁγίῳ
1825 3111 1921 3144 σου

2034 519 2223 558 errore
2278 503 2608 569 manifesto,
2640 509 2697 559 et
2726 505 2797 559 ad
2851 509 3032 560 Deum
3074 520 3279 560 verum
3329 502 3591 568 accedas,
3623 508 3683 559 et

2036 591 2108 647 ad
2142 592 2440 663 pietatem.
2501 592 2617 648 Nos
2666 601 2857 649 autem
2891 594 2993 648 tibi
3038 595 3259 650 erimus
3289 593 3446 664 apud
3496 594 3680 648 Deum

2036 682 2469 750 intercessores,
2528 698 2952 752 sponsoresque
2981 687 3038 737 et
3092 683 3483 753 fidejussores,
3520 682 3676 753 quod

2038 776 2336 841 acceptam
2366 775 2526 825 tuam
2570 770 2806 827 habebit
2862 772 3322 840 conversionem,
3352 777 3411 827 et
3457 776 3518 826 te
3561 770 3683 840 pla-

2040 860 2167 915 cide
2224 860 2491 930 excipiet,
2548 864 2605 915 et
2647 860 2985 931 dignabitur
3035 862 3203 916 bonis
3264 860 3680 917 inelI'abilibus.

2040 949 2277 1020 Propter
2305 966 2432 1020 quae
2474 949 2665 1018 Lysias
2697 951 2855 1005 rabie
2885 952 3139 1021 quadam
3175 955 3231 1005 et
3272 952 3464 1005 furore
3498 951 3682 1006 factus

2040 1038 2425 1109 acrior,jubet
2453 1038 2597 1092 illud
2630 1055 2730 1109 par
2749 1056 2877 1095 vere
2902 1040 3117 1095 bonum
3149 1039 3315 1110 injici
3348 1040 3406 1093 in
3444 1040 3682 1095 lebetes.

2042 1128 2272 1182 Lebetes
2329 1132 2522 1182 autem
2554 1128 2764 1182 subtus
2806 1128 3099 1182 habebant
3146 1128 3341 1199 ignem
3374 1127 3540 1183 valde
3581 1144 3683 1183 ac-

2037 1233 2301 1275 censum.
2336 1216 2427 1273 Illi
2460 1233 2591 1272 vero
2623 1221 2844 1272 stantes
2876 1225 3009 1271 ante
3042 1216 3282 1285 lebetes,
3314 1234 3447 1272 cum
3480 1217 3682 1274 oculos

2038 1305 2216 1361 simul
2238 1322 2370 1361 cum
2394 1307 2594 1361 anima
2623 1307 2683 1360 in
2713 1306 2925 1361 cmlum
2951 1304 3350 1371 sustulissent,
3377 1306 3682 1363 dicebant:

2038 1394 2283 1451 Domine
2312 1398 2456 1452 Jesu
2487 1394 2735 1463 Christe,
2767 1395 2924 1450 Deus
2974 1394 3157 1466 pacis,
3188 1394 3421 1465 suscipe
3453 1396 3510 1449 in
3544 1412 3683 1466 pace

2036 1484 2263 1540 animas
2296 1489 2548 1543 nostras.
2583 1483 2791 1540 Finitis
2834 1483 3120 1554 precibus,
3153 1498 3251 1538 eos
3284 1483 3483 1538 statim
3516 1500 3685 1539 exce-

2039 1579 2251 1644 perunt
2279 1574 2495 1630 lebetes
2529 1593 2543 1643 ;
2578 1578 2633 1629 et
2665 1589 2792 1644 quas
2840 1576 2965 1628 erat
2992 1572 3053 1627 in
3084 1571 3167 1627 eis
3227 1570 3465 1644 quidem
3504 1590 3680 1645 aqua,

2038 1663 2124 1717 vel
2160 1662 2289 1733 ipso
2346 1663 2479 1734 igne
2535 1663 2788 1719 fervebat
2845 1662 3264 1718 vehementius.
3332 1666 3437 1716 Par
3484 1667 3682 1718 autem

2040 1756 2383 1821 martyrum,
2415 1768 2546 1807 cum
2588 1750 2848 1807 divinum
2890 1752 3203 1821 quemdam
3236 1766 3426 1806 rorem
3458 1753 3529 1806 ab
3561 1752 3679 1807 alto

2040 1840 2337 1907 sensisset,
2371 1856 2588 1895 canens
2638 1840 2851 1895 sensim
2909 1845 2998 1895 est
3045 1855 3333 1908 egressus.
3374 1840 3680 1895 Canticum

2038 1936 2232 1984 autem
2263 1934 2388 1985 erat
2413 1946 2427 1991 ;
2452 1951 2480 1979 «
2503 1928 2751 1984 Servasti
2781 1945 2907 1990 nos.
2940 1928 3202 1992 Domine,
3236 1928 3306 1984 ab
3340 1928 3431 1993 iis,
3452 1929 3552 1999 qui
3574 1944 3681 1984 nos

2038 2018 2308 2089 afﬂigunt
2332 2036 2345 2086 ;
2370 2023 2426 2074 et
2446 2035 2565 2084 eos,
2598 2018 2697 2089 qui
2731 2034 2836 2074 nos
2863 2018 2997 2075 odio
3030 2018 3265 2083 habent,
3298 2017 3542 2074 effecisti
3576 2035 3682 2090 pu-

2038 2108 2200 2163 dore.
2232 2129 2261 2157 »

2108 2292 2256 2350 VIII.
2289 2294 2568 2349 Caeterum
2593 2293 2782 2366 Lysias
2804 2310 2937 2349 cum
2960 2308 3164 2349 eorum
3189 2291 3539 2348 mutationis
3573 2308 3682 2347 om-

2034 2398 2167 2437 nem
2202 2398 2365 2451 spem
2420 2383 2752 2451 abjecisset,
2788 2382 3059 2437 ultimam
3120 2383 3225 2438 fert
3284 2381 3340 2435 in
3399 2397 3499 2437 eos
3558 2397 3689 2436 sen-

2034 2471 2303 2537 tentiam,
2336 2474 2399 2523 ut
2428 2470 2619 2534 gladio
2652 2471 2827 2524 vitam
2863 2471 3090 2525 finiant.
3123 2470 3267 2525 Cum
3300 2470 3493 2541 itaque
3526 2476 3689 2525 extra

2034 2573 2230 2612 muros
2279 2558 2529 2611 civitatis
2584 2557 2906 2629 Egmorum
2949 2558 3191 2612 fuissent
3229 2559 3433 2626 sancti,
3469 2564 3529 2612 ut
3561 2560 3686 2627 jus-

2034 2651 2191 2701 serat
2223 2646 2443 2717 Lysias,
2469 2651 2525 2701 et
2556 2662 2617 2703 se
2648 2663 2853 2702 rursus
2885 2646 3476 2717 dedissentprecibus
3502 2665 3514 2702 :
3546 2646 3689 2719 Agi-

2033 2753 2166 2791 mus
2197 2736 2303 2791 tibi
2342 2735 2579 2806 gratias,
2613 2737 2842 2793 Christe
2887 2738 3059 2803 Deus,
3092 2737 3381 2797 dicebant,
3414 2737 3567 2807 quod
3607 2737 3692 2792 di-

2032 2830 2242 2895 gnatus
2289 2824 2372 2880 sis
2403 2824 2652 2891 efficere,
2695 2834 2755 2879 ut
2801 2826 3015 2881 bonum
3049 2830 3337 2880 certamen
3371 2827 3689 2881 decertare-

2033 2932 2183 2981 mus,
2211 2931 2443 2970 cursum
2477 2930 3048 2982 consummaremus,
3084 2915 3257 2970 fidem
3293 2931 3681 2972 servaremus.

2034 3004 2163 3059 Tibi
2221 3020 2359 3076 ergo
2392 3003 2638 3075 placeat,
2676 3021 2708 3058 o
2769 3004 3027 3073 Domine,
3064 3008 3129 3059 ut
3157 3003 3346 3059 simus
3378 3004 3688 3075 participes

2036 3094 2258 3166 praemii
2289 3111 2557 3165 supernae
2588 3094 2909 3150 vocationis
2938 3110 2951 3148 :
2977 3098 3033 3149 et
3072 3110 3178 3149 nos
3210 3093 3359 3150 refer
3398 3093 3456 3148 in
3490 3110 3694 3150 nume-

271 3181 359 3234 καὶ
423 3182 716 3251 θαυμαστῷ
773 3178 1001 3251 ὀνόματι
1062 3179 1489 3252 σοναρίθμησον·
1538 3180 1621 3233 δτι
1680 3178 1917 3254 εὐλογη-

2041 3200 2163 3239 rum
2220 3200 2442 3247 eorum,
2477 3183 2576 3252 qui
2618 3184 2958 3255 placuerunt
3001 3189 3203 3240 sancto
3249 3188 3348 3239 tuo
3408 3187 3465 3238 et
3512 3183 3696 3238 admi-

272 3270 365 3329 τὸς
401 3268 451 3322 εἶ
482 3268 558 3328 εἰς
590 3268 715 3328 τοὺς
771 3266 986 3328 αἰῶνας.
1050 3266 1147 3321 Καὶ
1210 3273 1553 3341 παραχρῆμα
1599 3265 1753 3343 ἔργον
1794 3272 1857 3338 ἦν
1888 3271 1923 3339 ἡ

276 3358 440 3432 εὐχή.
489 3356 592 3412 Καί
638 3376 720 3417 τις
769 3353 963 3409 ἄνωθεν
1024 3355 1391 3430 ἀπηγουμένη
1444 3358 1597 3431 φωνὴ
1651 3359 1777 3419 τοὺς
1818 3379 1929 3414 στε.

275 3449 475 3524 φάνους
533 3446 718 3506 αὐτοῖς
768 3443 1171 3519 ἐπηγγέλλετο,
1220 3446 1309 3500 καὶ
1358 3447 1496 3520 πρὸς
1543 3444 1718 3500 ἐκεῖνα
1768 3468 1927 3520 μετε-

271 3535 494 3591 καλεῖτο
566 3536 693 3597 τοὺς
752 3534 1016 3603 ἀθλητὰς,
1076 3535 1149 3588 ὧν
1202 3536 1291 3588 καὶ
1341 3532 1430 3590 διὰ
1476 3540 1570 3591 τοῦ
1632 3538 1926 3612 μαρτυρίου

275 3626 475 3685 παντὸς
508 3624 784 3701 ἐπιτυχεῖν
821 3620 1078 3698 ηὔχοντο.
1117 3626 1232 3692 Τῆς
1265 3620 1321 3679 δὲ
1364 3632 1550 3701 φωνῆς
1605 3626 1807 3696 ταύτης
1838 3628 1927 3681 καὶ

281 3715 331 3767 οἱ
388 3712 653 3785 παρόντες
713 3711 1058 3779 ἀκούσαντες,
1117 3710 1408 3767 πίπτουσιν
1476 3713 1563 3768 ἐπὶ
1623 3721 1725 3790 γῆς
1785 3736 1929 3791 πρη-

277 3808 389 3865 νεῖς
418 3804 507 3857 καὶ
542 3798 929 3875 δεδακρυμένοι
979 3806 1059 3872 τῷ
1106 3800 1395 3875 παραδόξῳ
1446 3810 1547 3872 τῆς
1595 3806 1925 3878 ἀκροάσεως.

278 3894 587 3966 Τριακοστῇ
622 3892 716 3963 μὲν
750 3890 868 3947 οὖν.
910 3886 1247 3964 Ὀκτωϐρίου
1294 3890 1387 3953 τὰς
1425 3894 1661 3968 κεφαλὰς
1706 3894 1755 3947 οἱ
1792 3893 1930 3968 μάρ-

279 4001 440 4056 τυρες
470 3980 888 4051 ἀποτέμνονται.

352 4072 427 4126 ϐ’.
458 4070 539 4125 Τὰ
602 4065 659 4123 δὲ
704 4071 914 4123 τοῦτων
969 4069 1086 4143 ἱερὰ
1137 4070 1363 4140 σώματα
1412 4072 1518 4143 πρὸ
1563 4076 1665 4139 τῆς
1714 4070 1931 4135 πόλεως

281 4154 543 4234 ὲρῥιμένα
635 4156 976 4232 Ἑρμογένης
1045 4158 1135 4211 καὶ
1204 4157 1362 4220 Γαϊός
1431 4159 1487 4211 οἱ
1552 4154 1931 4233 πρεσϐύτεροι,

286 4246 506 4318 βαθείας
573 4247 765 4307 νυκτὸς
834 4247 946 4318 ἅμα
1028 4245 1372 4319 ἀνελόμενοι,
1443 4254 1629 4323 σορυῖς
1686 4270 1743 4304 τε
1800 4248 1931 4324 ἄγαν

282 4328 529 4393 εὐλαϐῶς
586 4334 675 4387 καὶ
733 4334 896 4396 ὁσίως
955 4332 1251 4407 ἐνθέμενοι,
1303 4334 1355 4390 ἐν
1396 4340 1476 4407 τῷ
1533 4337 1704 4393 ἐκεῖσε
1760 4340 1930 4413 κρύπ-

282 4443 433 4477 τουσι
465 4422 747 4492 σπηλαίῳ.
782 4420 1082 4478 Ἐδεδίεσαν
1110 4424 1213 4499 γὰρ
1241 4429 1349 4479 τῶν
1401 4421 1609 4481 ἀσεϐῶν
1655 4430 1754 4496 τὴν
1796 4428 1933 4499 ἐπή-

2033 3273 2215 3328 rando
2249 3272 2467 3327 nomini
2502 3289 2516 3338 ;
2574 3272 2848 3343 quoniam
2901 3290 2959 3327 es
2990 3272 3330 3328 benedictus
3366 3273 3424 3328 in
3458 3272 3686 3328 saecula.

2035 3361 2244 3418 Statim
2303 3369 2504 3417 autem
2538 3377 2738 3431 preces
2791 3361 3032 3416 effectus
3071 3368 3161 3417 est
3206 3368 3556 3417 consecutus
3592 3378 3605 3418 :
3639 3369 3695 3417 et

2034 3468 2143 3506 vox
2166 3450 2434 3521 quaedam
2488 3466 2768 3504 resonans
2798 3466 2829 3505 e
2869 3451 3035 3516 crelo,
3068 3450 3153 3505 eis
3185 3450 3443 3521 pollicita
3473 3456 3562 3507 est
3593 3468 3688 3507 co-

2036 3556 2233 3605 ronas,
2266 3543 2323 3594 et
2352 3540 2422 3593 ad
2468 3538 2568 3593 illa
2608 3539 2889 3594 evocabat
2918 3538 3186 3603 athletas,
3220 3555 3344 3609 quae
3376 3540 3459 3594 illi
3492 3558 3688 3595 conse-

2038 3630 2138 3702 qui
2160 3628 2437 3700 optabant
2459 3644 2557 3697 per
2586 3628 2949 3699 martyrium.
2975 3627 3122 3683 Cum
3150 3633 3340 3682 autem
3367 3628 3692 3685 audiissent

2037 3734 2234 3775 vocem
2270 3717 2330 3785 ii,
2358 3717 2458 3789 qui
2481 3717 2745 3782 aderant,
2782 3716 2942 3771 humi
2976 3717 3196 3775 cadunt
3227 3715 3392 3787 proni
3424 3721 3483 3771 et
3515 3715 3694 3788 lacry-

2038 3812 2263 3864 mantcs
2286 3810 2523 3878 propter
2560 3805 2969 3861 admirabilem
2994 3804 3151 3860 illam
3178 3804 3562 3862 auditionem.
3595 3808 3691 3860 At-

2039 3912 2148 3969 que
2205 3896 2502 3952 tricesimo
2535 3895 2772 3966 quidem
2823 3894 3044 3950 mensis
3085 3893 3354 3951 Octobris
3384 3898 3689 3965 amputata

2040 3988 2276 4043 fuerunt
2305 3985 2493 4055 capita
2524 3985 2899 4057 martyribus.

2112 4075 2205 4132 IX.
2255 4079 2431 4130 Sacra
2487 4078 2678 4129 autem
2726 4073 2962 4129 illorum
3022 4088 3265 4144 corpora
3317 4077 3451 4129 ante
3482 4074 3687 4129 urbem

2042 4165 2319 4237 projecta,
2352 4180 2484 4219 cum
2522 4164 2906 4235 Hermogenes
2935 4168 2993 4218 et
3022 4164 3193 4218 Caius
3219 4163 3538 4235 presbyteri
3566 4180 3692 4235 pro-

2043 4255 2225 4309 funda
2274 4256 2441 4309 nocte
2479 4268 2613 4307 cum
2646 4253 2772 4307 suis
2821 4250 3222 4317 sustulissent,
3257 4252 3464 4324 pieque
3495 4254 3691 4308 admo-

2044 4344 2183 4398 dum
2216 4350 2413 4397 sancto
2441 4345 2497 4396 et
2518 4340 2726 4397 loculis
2749 4341 3187 4412 imposuissent,
3213 4342 3476 4399 condunt
3506 4342 3565 4397 in
3597 4359 3686 4407 ea,

2044 4448 2175 4503 qum
2214 4429 2337 4485 illic
2375 4434 2518 4498 erat,
2552 4430 2848 4501 spelunca.
2882 4430 3187 4485 Timebant
3216 4430 3370 4485 enim
3405 4431 3687 4487 insultum

284 4512 451 4588 ρείαν.
490 4512 566 4584 μὴ
599 4510 688 4564 καὶ
742 4510 916 4564 αὐτῶν
973 4511 1196 4576 ἐκείνοις
1246 4520 1354 4570 τῶν
1406 4514 1671 4590 λειψάνων
1725 4523 1927 4593 φθονή-

2047 4520 2380 4592 impiorum,
2416 4536 2488 4575 ne
2518 4518 2634 4575 illis
2664 4520 2841 4575 etiam
2872 4518 3201 4576 inviderent
3222 4519 3565 4592 relinquias.
3602 4521 3687 4576 Ita

283 4622 468 4657 σωσιν.
500 4601 659 4657 Οὕτω
692 4597 780 4653 διὰ
811 4600 1027 4654 πάντων
1071 4601 1258 4664 αὐτοῖς
1308 4604 1373 4658 τὰ
1416 4611 1517 4674 τῆς
1567 4604 1937 4685 ἀδελφότητος

285 4690 551 4763 ἐτηρήθη,
592 4688 679 4743 καὶ
710 4689 895 4757 κοινὴν
943 4690 1041 4757 τήν
1092 4689 1414 4765 ὁμολογίαν,
1460 4697 1646 4764 κοινὴν
1695 4698 1783 4752 καὶ
1831 4702 1931 4771 τήν

284 4778 512 4849 ἄθλησιν
608 4777 955 4849 ἐποιήσαντοο
1048 4780 1136 4833 καὶ
1204 4778 1384 4854 ὥσπερ
1455 4788 1581 4855 μιᾶς
1648 4786 1930 4859 προῆλθον

286 4868 541 4947 γαστρὸς,
576 4867 717 4923 οὕτω
760 4869 850 4923 καὶ
896 4868 1065 4934 τόπος
1112 4870 1184 4932 εἷς
1226 4870 1549 4947 ἀμφοτέρων
1595 4875 1661 4929 τὰ
1707 4877 1931 4949 σώματα

286 4955 526 5033 δέχεται,
576 4957 665 5011 καὶ
718 4957 814 5031 μία
873 4960 1044 5029 σκηνὴ
1103 4959 1268 5014 πάλιν
1328 4958 1519 5022 αὐτοὺς
1573 4959 1625 5016 ἐν
1687 4963 1934 5038 οὐρανοῖς

286 5045 637 5122 ὑποδεχεται,
666 5048 741 5109 εἰς
774 5044 928 5117 δόξαν
970 5052 1059 5102 τεῦ
1105 5047 1307 5121 Κυρίου
1358 5052 1519 5121 ἡμῶν
1570 5052 1750 5120 Ἰησοῦ
1802 5056 1935 5128 Χρι-

282 5140 433 5206 στοῦ,
476 5137 523 5208 ᾧ
562 5136 757 5211 πρέπει
813 5142 958 5191 πᾶσα
1010 5138 1371 5211 μεγαλωσύνη
1435 5161 1491 5195 τε
1546 5142 1634 5194 καὶ
1696 5142 1932 5218 μεγαλο-

279 5223 508 5299 πρέπεια
537 5229 627 5279 νῦν
656 5226 745 5279 καὶ
778 5226 857 5280 ἀεὶ
888 5226 977 5280 καὶ
1009 5226 1085 5287 εἷς
1117 5229 1248 5289 τοὺς
1290 5226 1489 5291 αἰῶνας
1538 5234 1646 5285 τῶν
1696 5230 1929 5290 αἰώνων.

275 5315 465 5409 ῥμήνι

350 5497 365 5531 ³
401 5492 552 5550 Psal.
577 5510 725 5563 χιιι,
748 5498 801 5552 8.

2050 4610 2163 4666 fuit
2192 4610 2411 4665 sanctis
2432 4608 2522 4665 his
2545 4608 2820 4664 fratribus
2841 4608 2901 4663 in
2933 4608 3199 4664 omnibus
3219 4616 3559 4664 conservata
3576 4609 3686 4665 fra-

2048 4699 2317 4766 ternitas,
2348 4706 2402 4754 et
2431 4714 2804 4753 communem
2838 4697 3288 4763 confessionem,
3309 4712 3683 4753 communem

2048 4790 2222 4847 etiam
2260 4788 2519 4843 fecerunt
2540 4788 2990 4841 decertationem
3024 4802 3037 4842 :
3069 4792 3126 4843 et
3157 4787 3451 4858 quomodo
3473 4802 3542 4842 ex
3573 4803 3689 4842 uno

2050 4881 2214 4932 utero
2260 4876 2620 4944 prodierunt,
2653 4874 2732 4930 ita
2789 4876 2960 4931 etiam
3023 4891 3175 4931 unus
3234 4874 3396 4930 locus
3434 4875 3693 4946 suscepit

2048 4966 2355 5037 utriusque
2386 4980 2629 5034 corpora
2662 4980 2676 5019 :
2710 4965 2779 5019 ad
2813 4963 3056 5033 gloriam
3080 4964 3305 5020 Domini
3340 4965 3523 5020 nostri
3550 4964 3689 5019 Jesu

2043 5052 2279 5119 Christi,
2329 5054 2423 5109 cui
2454 5054 2638 5125 gloria
2683 5056 2739 5109 et
2786 5054 3041 5125 potentia
3092 5070 3248 5109 nunc
3278 5057 3334 5108 et
3390 5054 3451 5109 in
3482 5054 3689 5110 saecula

2044 5142 2409 5199 saaculorum.
2443 5144 2650 5197 Amen.
