4048 6202
455 241 610 303 1319

1787 234 2076 297 MENSlS
2118 233 2506 297 OCTOBER.

3701 237 3869 298 1320

1794 530 2525 628 ΜΑΡΤΥΡΙΟΝ

607 760 952 890 ΤΟΥ
1048 757 1578 888 ΑΓΙΟΥ
1676 755 2627 888 ΜΑΡΤΥΡΟΣ
2726 758 3710 889 ΕΠΙΜΑΧΟΥ.

1812 1158 2507 1246 MAIlTYBIUM

676 1361 1393 1529 SANCTI
1472 1361 2502 1526 MARTYRIS
2581 1362 3193 1525 EPIMA
3226 1361 3617 1528 CHI.

1259 1623 1382 1687 (Ap.
1415 1623 1632 1674 Surium
1665 1623 1733 1674 ad
1754 1623 1894 1674 diem
1914 1623 1973 1673 31
2003 1624 2273 1682 Octobris;
2294 1623 2478 1673 Grece
2509 1636 2572 1673 ex
2603 1623 2719 1675 cod.
2760 1635 2860 1673 ms.
2898 1621 3056 1685 1484.)

525 1990 569 2043 Ι.
602 1985 754 2043 Olim
789 1988 1050 2058 profecto
1083 1988 1405 2060 impietatis
1435 1987 1620 2059 caligo
1655 2004 1757 2059 per
1786 1991 1973 2043 totum
2003 2003 2086 2042 or-

2279 1988 2359 2043 A'.
2391 1991 2555 2059 ’Ἄρτι
2597 1984 2691 2058 μὲν
2741 1985 2777 2053 ἡ
2838 1989 2940 2052 τῆς
2995 1976 3267 2044 εὐσεϐείας
3296 1979 3476 2057 ἀχλὺς
3532 1982 3628 2036 ἀνὰ
3672 1987 3848 2037 πᾶσαν

454 2075 585 2130 bem
618 2080 905 2131 terrarum
939 2077 1151 2131 diffusa
1176 2082 1317 2143 erat,
1342 2077 1726 2147 hominesque
1751 2076 2004 2131 universi
2022 2076 2090 2131 ad

456 2166 807 2221 sacrificium
841 2165 949 2220 diis
971 2166 1333 2221 oﬂ'erendum
1368 2166 1888 2234 compellebantur,
1921 2166 2101 2237 impe-

456 2253 713 2307 rantium
748 2254 957 2322 minas,
992 2263 1046 2308 et
1080 2254 1364 2322 judicium
1406 2254 1686 2308 szevitiam
1717 2260 1890 2325 atque
1922 2256 2097 2325 impe-

455 2345 581 2395 tum
616 2341 1013 2396 formidantes.
1047 2342 1433 2409 Quamobrem
1466 2349 1676 2399 natura
1706 2346 1960 2415 seipsam
1997 2345 2096 2399 de-

455 2430 704 2502 negabat
738 2439 919 2487 :tunc
949 2431 1103 2487 enim
1153 2433 1521 2503 cognationis
1570 2434 1704 2504 jura
1753 2432 2097 2490 conculcata

453 2520 694 2574 omnino
746 2520 1171 2575 evertebantur.
1223 2522 1554 2588 Quinetiam
1605 2522 1814 2578 veteris
1847 2523 2095 2578 benevo-

451 2608 643 2663 lentia:
665 2609 997 2679 conjunctio
1030 2611 1087 2665 in
1120 2610 1423 2666 dissidium
1457 2613 1910 2667 convertebatur.

524 2697 751 2753 Interea
770 2715 899 2753 vero
923 2704 1205 2770 tanquam
1229 2700 1397 2755 stella
1420 2702 1682 2771 quasdam
1705 2701 1856 2756 inter
1876 2701 2090 2757 Christi

454 2786 669 2842 milites
711 2803 957 2861 magnus
1006 2788 1318 2860 effulgebat
1372 2790 1742 2859 Epimachus,
1787 2791 1886 2861 qui
1932 2791 2091 2847 vivus

453 2876 688 2948 quidem
715 2877 958 2949 Egypto
989 2881 1220 2932 tantum
1262 2880 1531 2950 cognitus
1562 2880 1686 2945 fuit,
1722 2884 1849 2950 post
1880 2884 2093 2951 marty-

452 2966 603 3019 rium
648 2970 841 3020 autem
898 2966 1004 3020 toti
1055 2967 1271 3021 mundo
1304 2967 1486 3022 evasit
1530 2969 1887 3023 manifestus.
1949 2969 2090 3024 Eum

451 3054 607 3108 enim
639 3057 781 3108 tunc
809 3054 1110 3125 Egyptus,
1142 3054 1614 3111 velutlucernam
1635 3058 1944 3127 quamdam
1980 3058 2089 3113 sub

450 3141 644 3197 modio
704 3141 1003 3210 latentem,
1037 3142 1386 3199 occultabat.
1428 3146 1564 3200 Nam
1597 3146 1755 3217 regio
1812 3146 1930 3217 illa,
1964 3150 2090 3218 ejus

447 3228 555 3285 viri
586 3231 953 3287 educationis
1002 3237 1176 3303 atque
1216 3232 1449 3303 optimas
1489 3235 1881 3291 institutionis
1911 3236 2091 3307 parti-

450 3336 585 3390 ceps
618 3320 768 3374 facta
798 3319 945 3375 fuit:
971 3322 1185 3394 quippe
1202 3339 1326 3396 quas
1350 3325 1580 3380 virtutis
1599 3330 1655 3381 et
1684 3325 1871 3381 aetatis
1901 3325 2089 3397 ipsius

451 3425 823 3482 progressum
848 3419 1021 3483 atque
1046 3413 1403 3471 incrementa
1425 3417 1737 3488 perspexit.
1772 3417 1824 3471 Is
1857 3433 1971 3472 non
2004 3433 2091 3473 so-

450 3497 574 3553 lum
600 3514 732 3554 cum
758 3502 925 3557 aetate
946 3501 1156 3558 virtute
1178 3519 1411 3576 quoque
1440 3506 1758 3573 crescebat,
1792 3506 1891 3560 sed
1915 3506 2088 3560 etiam

449 3587 779 3662 virtusipsa
808 3590 867 3646 in
898 3607 963 3647 eo
985 3591 1451 3665 perspiciebatur
1471 3594 1641 3667 longe
1673 3596 1881 3666 major,
1915 3612 2087 3667 quam

445 3677 572 3748 ejus
603 3683 741 3734 astas
780 3680 1153 3751 postulabat:
1194 3682 1369 3754 idque
1424 3699 1559 3740 cum
1619 3684 1777 3740 nullo
1806 3685 1936 3740 vitae
1968 3701 2090 3741 ma—

438 3768 622 3840 gistro
660 3773 832 3840 atque
875 3770 1019 3826 duce
1051 3788 1195 3828 usus
1244 3773 1464 3844 fuisset,
1498 3775 1597 3830 sed
1636 3774 1763 3846 ipse
1808 3775 1919 3832 sibi
1953 3781 2087 3832 tan-

439 3873 615 3929 quam
648 3858 848 3929 regula
868 3860 1136 3931 quaedam
1161 3865 1219 3917 et
1236 3862 1424 3918 forma
1452 3864 1787 3935 exstitisset,
1820 3866 2085 3922 animum

439 3946 614 4003 simul
644 3954 817 4020 atque
839 3964 1028 4006 mores
1067 3966 1444 4023 componens,
1478 3954 1643 4010 illum
1673 3954 1942 4011 videlicet
1973 3955 2086 4010 mi-

2212 2073 2450 2150 διεχεῖτο
2488 2075 2588 2142 τὴν
2629 2072 2983 2144 οἰκουμένην,
3024 2070 3301 2145 ἄνθρωποι
3357 2068 3414 2125 δὲ
3462 2070 3658 2132 πάντες
3718 2073 3853 2147 πρὸς

2207 2163 2388 2218 θυσίαν
2449 2160 2744 2231 εἰδωλικήν
2801 2160 3230 2231 συνηλαύνοντο,
3296 2161 3392 2220 τάς
3450 2181 3507 2214 τε
3566 2165 3675 2214 τῶν
3736 2180 3857 2234 κρα·

2203 2254 2437 2308 τούντων
2488 2250 2718 2315 ἀπειλὰς
2780 2250 2866 2305 καὶ
2913 2252 3008 2311 τὰς
3062 2248 3388 2327 μιαιφόνους
3430 2254 3540 2305 τῶν
3588 2247 3851 2304 δικαστῶν

2205 2342 2380 2417 ὁρμὰς
2440 2339 2698 2402 δεδιότες.
2750 2339 2853 2395 Καὶ
2906 2339 3059 2415 φύσις
3117 2338 3208 2411 μὲν
3262 2338 3456 2406 ἑαυτήν
3518 2336 3795 2409 ἐξώμνυτο
3831 2357 3843 2369 ·

2206 2432 2519 2508 συγγενείας
2579 2428 2635 2484 δὲ
2695 2429 2868 2502 θεσμὰ
2920 2432 3297 2495 κατεπατεῖτο,
3355 2426 3447 2481 καῖ
3496 2425 3834 2497 ἀνετρέπετο,

2202 2523 2289 2576 καὶ
2368 2520 2604 2579 παλαιᾶς
2679 2519 2897 2595 ἀγάπης
2993 2517 3249 2593 συνάφεια
3353 2518 3489 2589 πρὸς
3573 2514 3843 2570 διάστασιν

2202 2607 2835 2685 ἐμερίζετο.Ὲξὲλαμπε
2873 2605 2930 2661 δὲ
2988 2605 3038 2662 ἐν
3108 2604 3324 2666 τούτοις
3381 2606 3474 2659 οἷά
3531 2625 3614 2665 τις
3674 2606 3842 2678 ἀστὴρ

2203 2704 2230 2757 ὁ
2278 2705 2443 2775 μὲγας
2503 2698 2555 2755 ἐν
2610 2696 2944 2773 ἀθλοφόροις
3004 2697 3313 2771 Ἐπίμαχος
3348 2738 3362 2761 ,
3422 2696 3525 2749 οὐκ
3582 2692 3841 2763 ἐπίδηλος

2202 2788 2325 2846 οὐδὲ
2355 2788 2634 2867 γνώριμος
2666 2785 2739 2842 ὢν
2776 2792 2892 2848 τοῖς
2922 2783 3182 2847 πολλοῖς.
3213 2783 3493 2859 Αἴγυπτος
3558 2784 3667 2859 γὰρ
3714 2785 3844 2846 τὲως

2200 2881 2343 2955 εἶχεν
2414 2881 2599 2951 αὐτὸν,
2632 2879 2726 2934 οἷά
2766 2898 2890 2933 τινα
2946 2876 3150 2951 λύχνον
3215 2875 3317 2930 ὑπὸ
3366 2872 3544 2947 μοδίῳ
3604 2877 3843 2946 κρυπτό-

2202 2991 2381 3043 μενον,
2411 2968 2535 3039 ⁹ἥτις
2593 2967 2756 3024 αὐτοῦ
2821 2968 2911 3022 καὶ
2968 2965 3277 3043 ἀνατροφῆς
3335 2960 3506 3026 ὅντως
3563 2964 3653 3019 καὶ
3696 2965 3847 3040 ἀγω-

2196 3065 2298 3133 γῆς
2373 3064 2473 3126 τῆς
2553 3055 2780 3131 ἀρίστης
2846 3051 3233 3123 ἀπολελαύκει,
3298 3054 3386 3107 καὶ
3447 3054 3643 3127 ἀρετῆς
3703 3049 3842 3107 εἶδεν

2198 3148 2365 3203 αὐτοῦ
2420 3146 2511 3200 καὶ
2551 3145 2773 3216 ἡλικίας
2831 3146 3112 3217 προκοπὰς
3176 3143 3267 3197 καὶ
3306 3142 3605 3215 αὐξήσεις.
3637 3143 3737 3203 Ὃς
3781 3141 3841 3196 οὐ

2203 3237 2366 3309 μόνον
2406 3237 2578 3308 ἑαυτῷ
2610 3234 3075 3306 συναυξανομένην
3109 3234 3229 3307 εἶχε
3284 3234 3386 3301 τήν
3443 3231 3664 3306 ἀρετὴν,
3697 3229 3844 3286 ἄλλᾶ

2198 3325 2396 3397 πολλῷ
2428 3326 2646 3399 μείζονα
2678 3327 2765 3380 καί
2823 3330 2925 3393 τῆς
2955 3323 3173 3392 ἡλικίας
3230 3321 3399 3391 αὐτὴν
3459 3319 3805 3377 ἐπεδείκνυτο
3826 3339 3840 3355 ⁰

2201 3414 2512 3488 διδασκάλῳ
2547 3417 2641 3489 μὲν
2676 3412 2853 3469 οὐδενὶ
2883 3418 2980 3469 τοῦ
3016 3414 3141 3488 βίου
3171 3412 3261 3466 καὶ
3295 3408 3481 3485 ὁδηγῷ
3528 3412 3837 3485 χρώμενος,

2201 3504 2366 3561 οἱονεὶ
2425 3504 2481 3560 δέ
2536 3526 2620 3568 τις
2678 3502 2837 3565 αὐτὸς
2896 3504 3070 3574 ἑαυτῷ
3126 3502 3304 3556 κανὼν
3347 3500 3437 3555 καὶ
3490 3500 3656 3561 τύπος
3684 3500 3841 3573 γενόο

2203 3616 2362 3670 μενος
2394 3596 2484 3649 καὶ
2517 3594 2702 3671 ψυχὴν
2736 3589 2849 3667 ἅμα
2904 3592 2994 3647 καὶ
3041 3593 3176 3660 ἦθος
3227 3590 3502 3668 ῥυθμίζων
3536 3607 3550 3620 ⁶
3590 3590 3681 3643 καὶ
3749 3591 3845 3657 τὴν

2202 3686 2298 3759 μὲν
2346 3705 2517 3739 ποιων
2576 3682 2742 3753 ἠπίαν
2799 3681 2888 3736 καὶ
2942 3681 3211 3756 γαληνήν,
3266 3681 3329 3734 τὸ
3377 3678 3435 3733 δὲ
3482 3676 3707 3731 σύννουν
3764 3677 3845 3732 ἀεὶ

2195 3775 2285 3830 καὶ
2344 3774 2721 3848 προσεκτικόν.
2771 3775 3047 3835 Ἐντεῦθεν
3104 3769 3420 3841 Ηηλούσιον
3488 3763 3619 3841 ὅρος
3683 3768 3846 3823 αὐτὸν

2196 3865 2440 3933 οἰκιστὴν
2488 3860 2869 3936 ἐκληρώσατο,
2902 3859 3139 3935 καθάπερ
3183 3862 3217 3929 ἡ
3280 3853 3491 3933 ἕρημος
3530 3854 3708 3912 πάλαι
3752 3857 3842 3911 τὸν

2196 3952 2476 4022 Ἰωάννην,
2508 3952 2598 4006 καὶ
2629 3951 2722 4006 τὸν
2755 3950 2946 4007 Ἠλίαν
2982 3950 3010 4004 ὁ
3037 3947 3365 4023 Κάρμηλος.

437 4039 559 4091 tem
599 4040 656 4091 et
684 4037 1067 4107 tranquillum
1108 4040 1389 4109 efﬁciens,
1420 4041 1528 4098 bos
1565 4044 1876 4115 prudentes
1922 4058 2170 4115 semper,
2205 4046 2458 4099 attentos
2491 4046 2549 4097 et
2588 4040 2832 4096 sobrios.
2884 4039 3031 4096 Hinc
3080 4036 3331 4094 Pelutius
3379 4050 3547 4090 mons
3589 4032 3841 4088 incolam

445 4141 579 4181 eum
638 4127 828 4183 virum
887 4130 1169 4201 suscepit,
1212 4133 1711 4202 quemadmodum
1752 4150 1985 4190 eremus
2042 4134 2182 4190 olim
2214 4134 2498 4189 Joannem
2558 4132 2906 4203 Baptistam,
2953 4134 3011 4186 et
3063 4127 3366 4184 Carmelus
3404 4126 3583 4182 Ellam
3630 4123 3839 4179 habuit

508 4214 579 4273 ll.
622 4217 767 4271 Cum
799 4216 977 4289 igitur
1001 4219 1355 4291 Epimachus
1380 4222 1505 4294 ipse
1536 4223 1595 4278 in
1630 4228 1824 4279 monte
1856 4222 2084 4279 Pelusio

434 4309 784 4372 versaretur,
841 4310 899 4361 et
944 4307 1003 4362 in
1043 4309 1199 4364 omni
1232 4310 1604 4383 philosophia
1650 4328 1709 4367 se
1767 4318 2081 4379 exerceret,

434 4408 788 4465 omnemque
836 4395 1026 4452 victus
1085 4398 1361 4454 duritiem
1421 4399 1870 4472 amplexaretur,
1901 4402 2080 4457 vitam

436 4482 684 4553 denique
717 4489 951 4556 propter
998 4485 1296 4543 Christum
1329 4504 1595 4560 asperam
1642 4505 1708 4546 ac
1732 4490 2077 4548 laboriosam

432 4571 670 4642 viveret,
715 4574 894 4644 judex
925 4576 1161 4647 quidam
1211 4577 1427 4633 sterilia
1461 4582 1519 4633 et
1576 4579 1876 4636 ferocitate
1936 4582 2079 4637 insi-

439 4661 595 4732 gnis,
618 4662 1031 4721 Alexandriam
1080 4666 1259 4722 venit.
1293 4666 1481 4723 Judex
1516 4673 1709 4724 autem
1742 4668 1845 4726 ille
1874 4675 2081 4727 caetera

438 4752 674 4823 quidem
702 4754 898 4811 omnia
929 4773 1031 4827 pro
1062 4755 1244 4813 nihilo
1276 4758 1518 4815 faciebat
1544 4778 1560 4829 ;
1608 4760 1711 4815 sed
1760 4776 1929 4816 omne
1960 4765 2079 4817 tan-

431 4847 559 4898 tum
585 4844 867 4913 studium,
893 4845 1244 4903 industriam
1266 4850 1323 4902 et
1343 4852 1493 4904 artes
1514 4849 2082 4922 adhibebat,quibus

434 4934 612 4986 totam
646 4932 846 4989 urbem
869 4933 1031 4991 illam
1059 4935 1183 4990 suis
1215 4936 1438 4993 retibus
1455 4943 1702 5010 caperet,
1729 4943 1786 4995 et
1816 4942 2081 4996 acerbam

433 5018 756 5091 impietatis
787 5025 1037 5095 praedam
1070 5025 1385 5099 colligeret,
1418 5027 1589 5096 idque
1619 5033 1685 5083 ut
1705 5029 1933 5101 assequi
1961 5046 2081 5100 pos-

435 5115 543 5178 set,
575 5112 753 5168 nullis
786 5114 1070 5169 machinis
1120 5114 1467 5173 abstinebat.
1500 5117 1889 5181 Quamobrem
1924 5119 2082 5174 Chri-

436 5200 608 5255 stiani
628 5218 832 5259 omnes
855 5203 1245 5276 illiusjudicis
1268 5206 1457 5262 minas
1483 5206 1951 5278 extimescentes,
1980 5210 2078 5265 alii

433 5286 492 5342 in
526 5287 898 5347 solitudinem
921 5293 1320 5365 aufugiebant,
1354 5293 1451 5349 alii
1484 5311 1545 5351 se
1568 5294 1930 5353 Christianos
1952 5314 2080 5355 esse

434 5373 896 5449 dissimulantes,
926 5380 1289 5454 impietatem
1322 5382 1704 5441 simulabant.
1736 5384 2081 5457 Quicunque

434 5480 569 5523 vero
600 5465 872 5535 pietatem
905 5472 1164 5541 proﬁteri
1195 5470 1487 5542 volebant,
1520 5473 1918 5531 acerbissimis
1948 5490 2079 5531 cru-

443 5550 693 5609 ciatibus
722 5556 1118 5615 tradebantur.

2268 4224 2328 4279 Β.
2371 4221 2653 4294 ’Όπουπερ
2722 4219 2890 4274 αὐτοῦ
2958 4212 3332 4292 διατρίϐοντος
3380 4214 3470 4268 καὶ
3521 4216 3689 4267 πᾶσαν
3746 4212 3842 4283 μὲν

2193 4308 2486 4371 ἀσκοῦντος
2545 4307 2899 4387 φιλοσοφίαν,
2948 4306 3092 4380 πάσῃ
3153 4301 3211 4359 δὶ
3262 4303 3459 4360 λοιπὸν
3501 4302 3690 4357 ἑαυτὸν
3750 4299 3841 4354 ἐκ·

2192 4397 2375 4461 δόντος
2436 4396 2823 4473 σκληραγωγίᾳ
2877 4396 2966 4451 καὶ
3028 4396 3145 4470 βίον
3210 4397 3413 4462 ζῶντος
3466 4389 3555 4446 διὰ
3612 4390 3837 4465 Χριετὸν

2191 4487 2454 4563 ὀδυνηρὸν
2536 4487 2626 4541 καὶ
2721 4485 3001 4555 ἐπίπονον,
3077 4477 3485 4555 καταλαμϐάνει
3573 4477 3838 4547 δικαστὴς

2188 4581 2286 4648 τὴν
2326 4575 2719 4653 Ἀλεξανδρέων
2775 4574 3142 4646 ἀπηνὲστατός
3206 4594 3264 4628 τε
3319 4572 3410 4627 καὶ
3471 4570 3838 4648 ἀγριώτατος,

2187 4666 2366 4725 τέλλα
2413 4668 2509 4742 μὲν
2560 4664 2777 4729 οὐδενὸς
2806 4666 2969 4735 ἀξιῶν
3020 4662 3214 4739 λόγου,
3252 4660 3390 4716 ὥστε
3431 4658 3486 4715 δὲ
3514 4664 3687 4714 πᾶσαν
3720 4660 3840 4712 κατ’

2192 4756 2357 4831 ἄκρας
2412 4758 2512 4826 τὴν
2554 4755 2719 4812 πόλιν
2772 4753 2901 4810 ε’ίσω
2950 4758 3061 4809 τῶν
3093 4754 3284 4808 ὶαυτοῦ
3343 4748 3575 4804 δικτύων
3620 4742 3837 4815 λαϐεῖν,

2190 4848 2281 4902 καὶ
2335 4848 2559 4921 θήραμα
2616 4845 2807 4919 πικρὸν
2866 4838 3114 4905 ἀσεϐείας
3157 4840 3511 4911 ποιήσασθαι,
3572 4834 3839 4909 οὐδεμιᾶς

2189 4958 2251 4992 το
2309 4936 2558 5010 παράπαν
2620 4941 2877 5011 μηχανῆς
2933 4933 3302 5008 ἀπεχόμενος.
3344 4930 3501 4985 Ὅθεν
3548 4925 3641 4982 καὶ
3698 4928 3841 4998 Χρι-

2191 5026 2399 5081 στιανοὶ
2452 5024 2668 5093 πάντες,
2702 5025 2753 5079 οἱ
2796 5024 2889 5097 μὲν
2922 5019 3029 5077 δέει
3068 5026 3175 5077 τῶν
3203 5016 3469 5087 ἀπειλῶν,
3504 5016 3580 5077 εἷς
3604 5013 3842 5087 ἐρημίας

2190 5111 2607 5191 ἐφυγαδεύοντο,
2641 5113 2693 5166 οἱ
2743 5109 2820 5181 δὲ,
2862 5112 2953 5166 τὸν
3013 5107 3436 5184 Χριστιανισμὸν
3481 5105 3839 5178 κρύπτοντες,

2186 5204 2284 5271 τήν
2343 5196 2587 5255 ἀσέϐειαν
2644 5200 3018 5274 ὑπεκρίνοντο.
3077 5199 3235 5255 ’Ὀσοι
3299 5193 3356 5249 δὲ
3420 5191 3508 5247 καὶ
3588 5193 3839 5264 φανερῶς

2187 5286 2425 5347 εὐσεϐεῖν
2485 5286 2803 5358 ἐϐούλοντο,
2871 5286 3127 5364 βασάνοις
3203 5281 3497 5355 ἐξεδίδοντο
3574 5281 3841 5353 πικροτάο

2186 5402 2325 5443 ταις.
