4012 6220
258 442 406 504 1321

323 605 380 655 Γ.
415 599 556 657 Τότε
610 600 791 655 τοίνυν
847 601 950 656 οὐκ
1007 602 1071 669 ἦν
1115 600 1193 655 ἔτι
1251 600 1465 656 ἀνεκτὸν
1526 603 1826 684 Ἐπιμάχῳ
1873 609 2000 680 ήΑ

253 687 458 762 ἐρημία
515 690 604 744 καὶ
665 691 728 744 τὸ
786 687 1016 761 ἄμικτον
1075 687 1248 744 ἐκεῖνο
1303 696 1402 745 τοῦ
1454 693 1578 765 βίου
1617 693 1708 748 καὶ
1764 695 1912 750 ἀκοιο

249 778 521 848 νώνητον.
583 777 762 834 Ἀλλὰ
817 783 897 850 τῷ
964 779 1151 852 θερμῷ
1245 779 1369 852 περὶ
1451 783 1550 849 τήν
1638 779 1909 839 εὐσέϐειαν

255 863 434 937 ζήλῳ,
474 868 574 935 τὴν
629 867 816 941 ψυχὴν
865 864 1202 942 σφοδρότατα
1241 865 1598 938 κινηθείς,καί
1637 871 1775 926 ὥστε
1827 875 1902 945 μή

249 955 453 1023 ταύτην
485 951 818 1030 ὑϐρίζεσθαι,
849 955 939 1010 καὶ
983 961 1127 1026 ζωῆς
1159 959 1271 1029 ἅμα
1327 957 1416 1012 κάὶ
1471 959 1710 1034 ἡσυχίας
1741 982 1906 1016 κατα-

252 1048 553 1119 φρονήσας,
603 1048 838 1102 κάτεισιν
899 1048 976 1108 sic:
1045 1047 1212 1119 μὲσην
1272 1049 1370 1116 τήν
1421 1047 1586 1103 πόλιν
1642 1051 1750 1105 ἀπὸ
1805 1059 1906 1122 τῆς

251 1133 508 1208 ἐρημίας,
549 1134 796 1209 πρόσεισι
837 1134 896 1191 δὲ
939 1140 1019 1207 τῷ
1059 1141 1360 1210 τυραννικῷ
1447 1140 1655 1212 βήματι
1732 1139 1901 1212 μηδὲν

254 1225 570 1296 ὖποπτήξας
610 1230 718 1281 τῶν
761 1227 1078 1302 ὁρωμένων,
1115 1223 1283 1299 μηδὲν
1339 1231 1448 1282 τῶν
1498 1223 1686 1306 φοϐεῖν
1741 1228 1902 1286 δυνα-

250 1313 425 1384 μένων
472 1314 863 1390 καταπλαγεὶς,
922 1315 1012 1369 καὶ
1069 1319 1231 1371 τοῦτο
1297 1322 1519 1390 πρῶτον
1603 1319 1900 1393 ἀρίστευμα

245 1405 345 1474 τῇς
403 1411 716 1476 θαυμαστῆς
773 1403 938 1458 αὐτοῦ
986 1410 1221 1459 ποιεῖται
1271 1408 1479 1484 ψυχῆς.
1531 1406 1664 1463 Εἶτα
1696 1411 1901 1480 έκαθαι-

247 1497 332 1565 ρεῖ
381 1493 475 1563 μὲν
529 1491 819 1549 ἑῖδωλικὸν
868 1496 1074 1548 ξκεῖνον
1128 1496 1317 1568 βωμὸν
1371 1497 1460 1550 καὶ
1537 1497 1613 1559 εἷς
1700 1495 1896 1576 ἔδαφος

241 1581 550 1653 ἀνατρεπει,
612 1584 754 1655 ὁμοῦ
811 1584 902 1638 καὶ
966 1585 1113 1658 χειρὶ
1201 1585 1416 1660 γενναίᾳ
1495 1588 1584 1642 καὶ
1670 1586 1894 1662 δυνάμει

241 1667 460 1743 ἂοράτῳ
521 1671 831 1744 χρώμενος.
909 1673 1085 1747 Ὁρμᾷ
1145 1669 1202 1728 δὲ
1252 1675 1341 1728 καὶ
1395 1676 1514 1729 κατ’
1569 1675 1733 1731 αὐτοῦ
1799 1683 1896 1734 τοῦ

244 1753 561 1827 δικάζοντος
623 1760 783 1833 θυμῷ
830 1760 1025 1834 δικαίῳ
1069 1764 1164 1817 τὸν
1198 1759 1458 1838 ὑϐριστὴν
1501 1765 1589 1819 καὶ
1633 1770 1766 1820 Θεοῦ
1805 1768 1896 1822 καὶ

237 1847 423 1918 νόμων
481 1849 638 1922 ἱερῶν
697 1849 1058 1925 ἀμυνόμενος.
1118 1853 1223 1908 Καὶ
1285 1851 1332 1907 ε⁹ί
1388 1856 1560 1928 γεμὴ
1606 1857 1749 1930 παρὰ
1786 1862 1894 1911 τῶν

240 1932 454 1990 ἐκείνου
505 1935 824 2014 δορυφόρων
889 1947 992 2010 τῆς
1069 1941 1250 2016 ὁρμῇς
1323 1941 1616 2018 ἐπεσχέθη,
1692 1951 1894 2020 πτῶμα

242 2020 490 2098 δακρύων
520 2025 668 2094 ἄξιον
693 2026 774 2089 ἂν.
805 2030 833 2082 ὁ
863 2027 1120 2104 τύραννος
1159 2028 1352 2088 ἔκειτο.

309 2337 380 2390 Δ’.
431 2337 601 2407 Ὅπερ
661 2338 863 2401 ἐκεῖνος
923 2339 1022 2395 ούκ
1078 2339 1335 2418 ἔνεγκὼν,
1366 2343 1513 2398 ἀλλὰ
1565 2343 1732 2418 μέσην
1784 2349 1884 2416 τὴν

238 2421 463 2499 καρδίαν
509 2427 613 2480 ὑπὸ
677 2435 776 2495 τῆς
826 2429 997 2503 ὀργῆς
1049 2431 1326 2498 ἆνατὲσας,
1387 2431 1469 2486 ὅτι
1536 2454 1636 2507 περ
1712 2435 1885 2498 οὕτως

232 2509 459 2580 εὐτελὴς
510 2513 648 2587 ὰνήρ
709 2516 1003 2589 αὐχμηρὸς
1073 2519 1174 2584 τήν
1256 2520 1458 2592 κόμην,
1547 2521 1764 2596 οἰκτρὸς
1821 2524 1884 2576 τὸ

226 2594 520 2672 τριϐώνιον
579 2603 715 2673 μετά
763 2609 1030 2672 τοσαύτης
1096 2607 1242 2677 αὐτῷ
1299 2613 1398 2677 τῆς
1445 2607 1664 2682 τόλμης
1710 2631 1886 2686 προσ-

229 2689 501 2763 ενεχθείη,
535 2691 752 2766 φυλακῇ
782 2693 873 2747 τὸν
908 2695 1061 2770 ἅγιον
1093 2696 1182 2749 καὶ
1217 2694 1440 2770 δεσμοῖς
1484 2697 1880 2772 παραδίδωσιν.

231 2776 318 2830 οἶα
376 2775 696 2851 παράϐολόν
770 2803 821 2836 τι
878 2783 968 2836 καὶ
1036 2783 1202 2858 θρασῦ
1253 2783 1578 2860 δεδρακότα,
1618 2789 1711 2843 καὶ
1776 2791 1876 2859 τήν

229 2863 384 2936 δίκην
433 2868 581 2938 ἀξίαν
626 2869 898 2945 ὑφέξοντα.
954 2872 1204 2934 Πολλοὺς
1258 2875 1352 2947 μὲν
1407 2876 1498 2930 οῦν
1547 2877 1638 2931 καὶ
1670 2877 1876 2941 ἄλλους

226 2955 347 3030 εἴγε
401 2957 464 3010 τὸ
522 2954 900 3034 δεσμωτήριον
968 2962 1099 3036 ὑπερ
1168 2959 1440 3027 εὐσεϐείας
1512 2967 1603 3021 καὶ
1680 2967 1875 3029 αὐτοὺς

221 3021 802 3119 κατακεκλασμένους.
873 3047 1050 3106 Ἀλλὰ
1117 3057 1277 3106 πᾶσιν
1339 3054 1527 3116 αὐτοῖς
1586 3055 1730 3128 ῥοπὴ
1776 3079 1875 3130 με·

222 3133 384 3205 γίστη
428 3134 517 3188 καὶ
577 3137 713 3209 πρὸς
769 3138 831 3192 τὸ
892 3138 1186 3214 μαρτόριον
1235 3142 1600 3216 παράκλησις,
1635 3145 1664 3198 ὁ
1703 3145 1870 3206 καλὸς

217 3221 447 3290 κατέστη
510 3223 852 3300 Ἐπίμαχος·
920 3226 1143 3299 ἀμελῶν
1199 3227 1294 3300 μὲν
1352 3233 1460 3285 τῶν
1498 3232 1616 3286 καθ’
1681 3234 1869 3296 ὲαυτδς

217 3305 428 3380 δεινῶν,
488 3311 577 3364 καὶ
633 3319 734 3382 τῆς
791 3313 1008 3370 ἐκείνων
1061 3318 1344 3392 θεραπείας
1397 3319 1868 3394 ἐπιμελούμενος.

213 3397 447 3453 Ἔπειτα
477 3396 534 3454 δὲ
572 3401 664 3454 καὶ
712 3405 1075 3478 παραινέσεως
1123 3412 1260 3480 πρὸς
1317 3408 1536 3478 αὐτοὺς,
1569 3411 1655 3465 καὶ
1719 3409 1867 3467 διδα-

213 3485 441 3547 σκαλίας
475 3486 800 3560 ἄπτόμενος,
843 3493 933 3546 καὶ
976 3497 1290 3569 συγκροτῶν
1329 3496 1551 3564 αὐτοὺς,
1609 3503 1864 3576 τειχίζων

212 3575 578 3648 πανταχόθεν,
623 3579 815 3653 νήφεεν
886 3586 1080 3652 ποιῶν,
1151 3583 1468 3648 ἀναλώτους
1535 3587 1683 3652 ὅλως
1750 3597 1866 3653 ταῖς

209 3664 309 3714 τοῦ
338 3660 540 3736 ἐχθροῦ
577 3674 862 3740 μηχαναῖς
893 3668 1277 3746 ἐργαζόμενος.

282 3967 356 4021 Ε”
413 3972 907 4045 Ηαραστησάμενος
958 3983 1254 4052 τοιγαροῦν
1309 3979 1502 4044 αὐτοὺς
1545 3985 1573 4037 ὁ
1605 3982 1858 4056 δικάζων,

205 4055 296 4107 καὶ
336 4054 565 4112 πλείονα
610 4060 754 4133 παρὰ
805 4063 951 4117 πολὺ
1007 4071 1109 4133 τῆς
1176 4067 1449 4141 προτέρας
1513 4074 1600 4127 καὶ
1661 4086 1860 4148 θερμο-

205 4143 366 4216 τὲραν
416 4148 516 4215 τήν
575 4146 809 4204 ἔνστασιν
873 4149 1002 4206 ἰδὼν
1061 4154 1559 4230 ἐπιδεικνυμένόυς,
1617 4165 1862 4236 πυθόμε-

203 4251 297 4292 νος
339 4230 397 4286 δὲ
443 4235 532 4289 καὶ
590 4240 690 4306 τήν
755 4239 932 4296 αἰτίαν
989 4248 1086 4297 τοῦ
1135 4245 1481 4320 πράγματος.
1531 4251 1622 4304 καὶ
1671 4255 1858 4322 μαθὼν

206 4318 283 4378 ὡς
354 4321 667 4400 Ἐπιμάχου
717 4332 886 4382 ταῦτα
933 4327 1242 4404 συμϐουλαί
1291 4355 1350 4388 τε
1396 4337 1486 4390 καὶ
1561 4338 1854 4409 ὑποθῆκαι.

200 4407 426 4463 Τούτων
495 4413 592 4481 μὲν
645 4417 780 4485 μετά
809 4417 1029 4480 πολλὰς
1061 4417 1170 4492 ἤδη
1213 4423 1302 4477 καὶ
1340 4423 1652 4501 ἀφορήτους
1683 4450 1857 4503 τιμω-

231 4477 238 4484 ·
497 4477 505 4481 ~
645 4477 655 4485 -
1017 4477 1026 4480 -
1085 4477 1095 4489 ι
1158 4477 1169 4492 ι
1346 4477 1650 4501 "i'r‘l"“
1694 4477 1829 4503 "F'"

203 4495 323 4568 ρίας
385 4498 630 4572 ἐκτέμνει
689 4504 784 4566 τάς
833 4505 1106 4580 γλώσσαςο
1161 4512 1315 4567 αὗται
1398 4517 1498 4590 γάρ
1576 4518 1712 4586 ἦσαν
1799 4521 1853 4574 αἶ

200 4585 364 4659 μέσην
416 4588 568 4660 αύτῷ
638 4590 878 4661 μάλιστα
941 4596 1280 4666 πλήττουσαι
1320 4605 1420 4672 τήν
1481 4608 1670 4681 ψυχὴν
1730 4615 1849 4672 τοῖς

194 4671 452 4749 ἐλέγχοις
484 4684 583 4745 τῆς
625 4677 907 4750 ἀληθείας.
954 4686 1087 4741 Εἶτα
1115 4689 1203 4742 καὶ
1254 4692 1390 4765 Eius:
1441 4695 1533 4755 τάς

192 4764 290 4824 κάς
323 4765 499 4820 αὐτῶν
531 4767 771 4844 κεφαλάς
801 4770 1129 4848 ἀφαιρεῖται.
1167 4779 1317 4832 Μετὰ
1363 4778 1420 4834 δὲ
1452 4784 1678 4846 τούτους
1729 4786 1847 4862 ἄγει

193 4848 481 4924 δεσμώτην
537 4857 630 4910 τὸν
671 4865 915 4931 γενναῖον
977 4863 1312 4939 Ἐπίμαχον,
1345 4870 1435 4922 καὶ
1477 4874 1590 4928 Ἰνα
1627 4876 1702 4941 τί,
1735 4897 1844 4953 φη-

192 4939 566 5015 σίν,ὁλσεμνὸς
597 4944 660 4999 σὺ
694 4947 784 5001 καὶ
813 4950 875 5002 τὸ
929 4947 1072 5013 εἶδος
1104 4952 1434 5026 ἀξιοθέατος,
1468 4959 1546 5022 εἰς
1585 4968 1842 5018 τοσοῦτον

186 5025 434 5096 ἐξὲπεσας
485 5027 818 5106 δυσσεϐείας,
882 5038 956 5100 ὡς
1011 5040 1088 5113 μὴ
1141 5037 1308 5113 μόνον
1359 5048 1541 5118 ἡμῶν,
1576 5048 1722 5106 ἀλλὰ
1753 5054 1842 5107 καὶ

185 5119 322 5172 θεῶν
371 5119 547 5175 αὐτῶν
606 5123 697 5177 καὶ
757 5125 1028 5201 βασιλέων
1098 5133 1513 5210 αὐτοκρατόρων
1561 5160 1839 5216 καταφρο-

179 5211 285 5259 νεῖν
322 5227 336 5275 ;
369 5209 726 5283 Ἀνθρώπους
778 5215 874 5287 μὲν
917 5216 1021 5292 γάρ
1079 5216 1257 5291 ὄντας,
1312 5225 1516 5302 ἀνάγκη
1567 5229 1840 5294 πολλάκις

181 5293 516 5368 σφάλλεσθαι
574 5305 672 5354 τοῦ
730 5307 1129 5377 προσήκοντος,
1199 5313 1346 5381 πλήν
1403 5313 1663 5372 ἀλλὀὐκ
1718 5320 1842 5375 ἐπι-

182 5381 359 5452 μένειν
391 5381 473 5438 δεῖ
512 5392 632 5450 τοῖς
699 5390 907 5460 αὐτοῖς,
969 5396 1114 5453 ἀλλὰ
1182 5398 1622 5472 μεταϐάλλεσθαι
1670 5411 1836 5467 πάλιν

181 5467 522 5545 διορθοῦσθαι
565 5478 632 5531 τὰ
689 5484 819 5554 παρ’
872 5486 1032 5557 ἡμῶν
1095 5491 1172 5561 μή
1217 5489 1450 5558 δεόντως
1483 5503 1833 5575 γεγενημένα.

179 5559 382 5617 Οὐκοῦν
429 5563 758 5642 ἀνθρωπίνῳ
815 5575 902 5628 καὶ
959 5576 1120 5641 αὐτὸς
1177 5583 1338 5637 πάθει
1388 5585 1648 5653 ἑαλωκὼς
1706 5592 1836 5649 ἀνά-

177 5651 346 5724 νηψόν
379 5672 512 5708 ποτε
550 5657 640 5710 καὶ
690 5660 1016 5736 ἡμετέρους,
1071 5669 1214 5737 εἶξον
1253 5651 1658 5752 προστάγμασι,
1690 5685 1830 5738 θύων

180 5736 270 5793 σὺν
326 5740 462 5812 ἡμῖν
524 5747 642 5806 τοῖς
691 5753 838 5809 θεοῖς
911 5752 999 5806 καὶ
1062 5754 1246 5820 αὐτοῖς
1308 5760 1528 5832 εὐνοῶν,
1597 5769 1686 5822 καὶ
1757 5772 1832 5834 ὡς

506 5872 772 5934 ΡΑΤηοῐ..
823 5880 928 5940 (ie.
981 5881 1151 5944 CXV.

1452 444 1557 502 MA
1571 445 1925 509 RTYRIUM
1969 454 2032 512 S.
2079 455 2478 522 EPIMACHl.

3517 498 3677 558 1322

2095 615 2199 725 Illi:
2247 621 2402 725 Tunc
2460 622 2996 725 igitur-“Epimacho
3054 643 3313 706 solitudo
3373 652 3504 725 ipsa
3559 675 3674 715 non

2022 705 2275 776 amplius
2304 709 2413 766 fuit
2441 715 2738 816 optabilis,
2783 738 2973 796 neque
3006 729 3110 788 illa
3157 705 3299 794 vitae
3339 705 3678 816 ralioﬁgravt;

2020 799 2159 861 erat,
2192 813 2310 868 qua
2357 807 2847 867 consuetudinem
2887 821 2947 872 et
2977 817 3282 882 hominum
3312 799 3675 903 impietatem

2018 883 2284 954 vitabat;
2333 891 2434 944 sed
2468 895 2683 952 amoris
2723 901 2932 960 ardore
2961 906 3020 961 in
3052 911 3154 965 Dei
3199 883 3672 983 pietate‘mvveli'e:

2017 974 2386 1034 mentissime
2414 995 2717 1053 accensus,
2748 993 2808 1045 et
2833 991 2956 1049 zelo
2985 999 3240 1068 quodam
3274 1021 3485 1080 magno
3515 1017 3670 1071 exci-

2018 1066 2192 1133 tatus,
2243 1066 2423 1124 vitam
2454 1071 2654 1142 simul,
2685 1066 3060 1142 solitudinem
3104 1095 3164 1146 et
3193 1066 3450 1163 quietem

2015 1155 2387 1224 contempsit,
2416 1163 2474 1214 et
2502 1161 2575 1217 ab
2604 1179 2796 1222 eremo
2819 1169 2877 1224 in
2910 1176 3160 1232 mediam
3187 1155 3388 1241 urbem
3419 1155 3666 1248 desedi;

2012 1241 2097 1296 dit
2130 1259 2144 1296 :
2189 1245 2458 1316 quinimo
2502 1252 2648 1308 adiit
2686 1258 2760 1311 ad
2806 1260 3058 1319 tribunal
3092 1271 3346 1342 tyranni,
3381 1241 3660 1340 nihile;-

2011 1345 2142 1385 rum
2167 1338 2457 1402 metuens,
2489 1355 2614 1411 quae
2648 1351 2942 1418 corporeis
2975 1355 3160 1412 oculis
3191 1371 3531 1436 cernuntur,
3566 1388 3667 1427 ne-

2010 1434 2123 1487 que
2169 1421 2262 1476 his
2317 1425 2513 1490 rebus.
2545 1447 2671 1500 quas
2719 1439 2999 1497 terrorem
3045 1443 3337 1518 injiciunt,
3372 1460 3666 1525 perterre-

2007 1507 2209 1564 factus.
2244 1513 2433 1576 Quare
2461 1517 2871 1580 admirabilem
2903 1507 3662 1602 animi'fortitudinem‘in—

2008 1596 2246 1657 dicavit.
2279 1604 2563 1678 Deinceps
2611 1611 2900 1673 idolorum
2945 1638 3105 1678 aram
3152 1596 3662 1708 evertit,_ear“nque

2007 1687 2132 1744 solo
2173 1691 2524 1765 adaequavit,
2576 1703 2786 1769 partim
2839 1723 3122 1778 generosa
3153 1721 3210 1770 et
3266 1687 3657 1795 forti-mauu,

2004 1778 2218 1846 partim
2252 1786 2508 1851 polentia
2546 1792 2820 1864 quadam,
2856 1812 2974 1854 non
3015 1801 3295 1877 humana,
3328 1812 3429 1866 sed
3462 1778 3657 1870 divina

2005 1881 2167 1922 usus.
2200 1870 2291 1925 Ad
2324 1871 2447 1931 haec
2476 1880 2536 1931 et
2565 1879 2845 1940 adversus
2867 1886 3127 1955 judicem
3180 1870 3465 1968 impetum
3499 1903 3656 1971 fecit,

1923 1953 2156 2055 Bjusto
2187 1961 2443 2055 quodam
2478 1965 2669 2023 furore
2699 1953 3215 2050 illum—ulciscens,
3249 1953 3347 2055 qui

2000 2042 2130 2113 ejus
2160 2062 2352 2105 sacras
2379 2049 2534 2143 leges
2561 2056 2834 2118 violabat.
2872 2065 2938 2118 At
2968 2066 3084 2123 nisi
3112 2073 3185 2125 ab
3202 2042 3406 2143 ipsius
3437 2042 3657 2135 ὲᾷὲέιιῖξ

1994 2132 2157 2237 tibus
2199 2139 2467 2209 martyris
2499 2141 2758 2216 impetus
2791 2150 3061 2212 detentus
3105 2132 3330 2232 fuisset,
3365 2132 3650 2237 tyrannus

1995 2218 2095 2276 ille
2125 2223 2449 2282 miserabili
2479 2246 2612 2287 casu
2630 2235 2935 2304 jacuisset.

2066 2354 2160 2411 IV.
2222 2360 2359 2423 Quae
2407 2364 2608 2462 omnia
2663 2385 2797 2427 curn
2847 2374 3031 2444 judex
3069 2396 3187 2437 non
3245 2385 3442 2455 ferret,
3489 2396 3647 2462 quod

1996 2440 2166 2497 homo
2198 2450 2318 2502 tam
2366 2450 2501 2506 vilis
2534 2454 2586 2508 ei
2619 2440 2906 2530 abjectus,
2940 2480 3106 2523 coma
3135 2440 3648 2553 squalidus,

1994 2531 2194 2600 miser,
2229 2539 2394 2591 tanto
2425 2538 2644 2610 impetu
2678 2544 2738 2601 in
2770 2562 2906 2604 eum
2930 2550 3155 2611 irruere
3173 2575 3354 2616 ausus
3375 2572 3552 2636 esset,
3573 2531 3646 2625 in

1991 2634 2279 2678 carcerem
2301 2628 2358 2680 et
2387 2626 2620 2686 vincula
2645 2633 2833 2690 virum
2858 2636 3027 2695 illum
3051 2647 3496 2708 sanctissimum
3515 2657 3646 2724 jus-

1991 2706 2065 2762 sit
2095 2712 2328 2782 conjici,
2363 2722 2673 2789 propterea
2702 2726 2856 2794 quod
2891 2730 3200 2790 audaciam
3233 2742 3292 2792 et
3352 2706 3644 2802 temerita-

1991 2803 2103 2853 tem
2138 2817 2412 2873 magnam
2437 2823 2552 2878 prie
2585 2826 2647 2866 se
2667 2813 2915 2872 tulerat:
2950 2824 3331 2890 quamobrem
3365 2836 3422 2885 et
3443 2833 3640 2903 justas

1985 2902 2187 2956 paenae
2219 2891 2270 2945 ei
2300 2895 2711 2962 persolvendas
2733 2918 2860 2960 esse
2892 2908 3166 2967 decrevit.
3200 2914 3366 2972 Multi
3397 2891 3636 2991 quidem

1986 2975 2107 3045 alii,
2166 2987 2220 3033 et
2278 2982 2386 3051 ipsi
2437 2984 2672 3055 pietatis
2731 3006 2909 3049 causa
2957 2998 3240 3073 conclusi,
3274 2975 3505 3065 carcere
3534 3011 3634 3068 illo

1983 3063 2412 3126 detinebantur.
2438 3073 2548 3130 Sed
2572 3076 2689 3134 illis
2711 3085 2986 3141 omnibus
3006 3063 3261 3147 multum
3283 3063 3633 3172 adiumenti,

1981 3169 2313 3228 magnaque
2337 3162 2408 3216 ad
2435 3167 2774 3238 martyrium
2800 3170 3053 3230 libenter
3082 3162 3493 3248 perferendum
3527 3162 3630 3244 ad;

1979 3241 2231 3301 hortatio
2304 3255 2431 3304 erat
2488 3253 2791 3324 Epimachi
2848 3265 3028 3320 oratio
3082 3241 3259 3340 atque
3335 3273 3626 3347 alacritas,

1903 3341 1952 3409 ρ
1976 3333 2192 3404 quippe
2224 3339 2380 3406 quod
2414 3355 2619 3398 omnes
2648 3349 2965 3419 cruciatus,
2989 3370 3138 3424 quos
3160 3333 3271 3415 sibi
3307 3333 3628 3432 paratos

1981 3421 2308 3492 propositos
2363 3427 2621 3496 videbat,
2663 3421 3114 3508 negligenside
3163 3421 3398 3507 illorum
3444 3421 3632 3510 salute

1981 3517 2206 3567 tantum
2239 3521 2363 3569 erat
2407 3517 2715 3579 sollicitus.
2758 3527 2844 3580 Ad
2890 3527 3014 3586 haec
3043 3535 3544 3601 admonitionibus
3573 3551 3631 3602 et

1977 3597 2244 3656 doctrina
2274 3602 2464 3661 multa
2509 3623 2608 3665 eos
2653 3611 2981 3672 instruebat
3012 3625 3187 3692 atque
3221 3597 3632 3700 conﬁrmabat,

1979 3686 2238 3759 undique
2268 3692 2424 3763 ipsos
2456 3698 2752 3768 muniens,
2785 3703 2984 3774 eisque
3013 3713 3372 3778 persuadens
3396 3726 3457 3772 ut
3487 3719 3631 3792 vigi-

1979 3777 2166 3833 lantes
2196 3796 2262 3835 ac
2295 3781 2438 3838 tales
2460 3801 2590 3842 esse
2619 3790 2945 3862 studerent,
2978 3777 3080 3867 qui
3129 3802 3371 3857 omnino
3410 3805 3482 3860 ab
3523 3807 3628 3864 ho-

1977 3868 2082 3924 stis
2116 3869 2332 3928 diaboli
2365 3877 2646 3935 machinis
2677 3889 3000 3955 expugnari
3031 3907 3147 3946 non
3181 3899 3443 3963 possent.

2045 4003 2112 4058 V.
2171 4007 2316 4063 Cum
2373 4026 2506 4066 vero
2537 4013 2720 4082 judex
2769 4016 2900 4076 illos
2931 4023 3001 4078 ad
3035 4041 3096 4080 se
3143 4026 3278 4082 duci
3321 4031 3624 4103 jussisset,

1971 4109 2188 4166 eosque
2247 4098 2435 4155 multo
2492 4109 2882 4177 constantius,
2943 4130 3116 4184 quam
3161 4098 3350 4188 antea“,
3405 4098 3620 4179 Christi

1969 4186 2392 4244 confessionem
2417 4192 2671 4260 proﬁteri
2695 4197 2960 4271 vidisset,
2994 4205 3238 4277 ejusque
3269 4210 3352 4264 rei
3384 4228 3616 4268 causam

1967 4271 2270 4340 Epimachi
2301 4279 2548 4336 consilia
2578 4288 2635 4338 et
2674 4271 3113 4349 adhortationes
3143 4271 3341 4353 tuisse
3391 4316 3617 4372 cogno-

1966 4359 2166 4428 visset,
2186 4363 2418 4422 illorum
2439 4369 2726 4438 omnium,
2747 4382 2881 4445 post
2904 4379 3121 4437 multos
3144 4392 3197 4438 et
3219 4359 3616 4445 intolerabiles

1965 4449 2276 4522 cruciatus,
2325 4453 2558 4526 linguas
2588 4463 2851 4520 exscindi
2895 4466 3099 4537 jussit,
3130 4473 3243 4538 (his
3275 4476 3432 4531 enim
3492 4487 3618 4533 ute-

1962 4537 2176 4594 bantur
2206 4548 2488 4616 martyres
2517 4548 2588 4602 ad
2639 4551 2940 4610 veritatem
2999 4537 3449 4632 defendendam,
3482 4583 3613 4636 quas

1962 4639 2055 4679 res
2097 4627 2314 4696 judicis
2388 4633 2653 4690 animum
2713 4642 2967 4697 maxime
3024 4649 3345 4721 cruciabat)
3402 4652 3616 4709 deinde

1585 4717 1846 4801 μκρτξρι-
1879 4725 1936 4790 D
1960 4717 2294 4773 eorumdem
2309 4720 2700 4792 capitagladio
2714 4733 3028 4801 amputari.
3045 4737 3186 4791 Post
3209 4717 3336 4792 haec
3351 4739 3612 4795 vinctum

1959 4803 2031 4858 ad
2059 4820 2122 4859 se
2153 4806 2285 4861 duci
2318 4809 2504 4876 jussit
2551 4828 2904 4883 generosum
2964 4822 3376 4897 Epimachum,
3428 4845 3604 4898 quem

1954 4891 2189 4947 intuens
2222 4909 2236 4947 :
2287 4895 2496 4964 Quare,
2528 4900 2744 4973 inquit,
2776 4910 2836 4961 tu
2868 4907 2956 4962 vir
2983 4891 3065 4966 ita
3095 4915 3306 4983 gravis,
3331 4921 3389 4972 et
3430 4917 3613 4973 forma

1953 4982 2280 5053 spectabili,
2330 4988 2402 5040 ad
2460 5003 2589 5044 eam
2644 4993 3005 5064 impietatem
3062 5001 3372 5074 prolapsus
3420 5022 3502 5075 es,
3549 5016 3613 5063 ut

1952 5085 2069 5125 non
2119 5069 2308 5128 solum
2341 5091 2468 5144 nos,
2502 5080 2599 5134 sed
2654 5082 2796 5138 deos
2826 5085 3004 5143 etiam
3039 5069 3201 5161 ipsos
3233 5069 3299 5147 et
3349 5069 3608 5166 impera-

1950 5160 2105 5213 tores
2137 5166 2542 5222 contemneros
2562 5167 2591 5221 ‘I
2623 5170 2898 5230 Homines
2929 5160 3165 5245 quidem
3199 5196 3352 5251 saepe
3383 5160 3459 5237 ab
3477 5183 3606 5240 offi-

1951 5247 2039 5302 cio
2069 5249 2340 5306 aberrare
2385 5270 2623 5313 necesse
2665 5265 2774 5329 est,
2809 5268 2871 5318 at
2919 5281 3034 5322 non
3092 5268 3259 5324 decet
3318 5279 3512 5328 tamen
3543 5275 3600 5328 in

1949 5336 2158 5391 erratis
2190 5353 2556 5413 permanere,
2578 5349 2678 5404 sed
2702 5351 3018 5410 consilium
3053 5365 3306 5426 mulare,
3339 5365 3397 5416 et
3422 5363 3600 5418 corri-‘

1947 5439 2103 5495 gere,
2127 5442 2253 5498 quas
2287 5446 2402 5486 non
2435 5439 2586 5489 recte
2617 5453 2651 5491 a
2690 5439 2856 5496 nobis
2889 5442 3042 5498 facta
3090 5445 3326 5502 fuerint.
3373 5451 3601 5516 Quam-

1946 5512 2148 5570 obrem
2190 5523 2249 5573 et
2277 5523 2362 5586 tu,
2395 5537 2529 5578 cum
2563 5524 2824 5584 humano
2853 5546 3015 5587 more
3065 5537 3420 5605 peccaveris,
3465 5545 3598 5594 tan-

1947 5602 2078 5658 dem
2095 5605 2427 5678 resipiscas,
2450 5617 2510 5666 et
2530 5616 2750 5672 nostris
2775 5618 2962 5688 jussis
2992 5602 3254 5696 obedias,
3287 5602 3608 5682 nobiscum

1947 5707 2065 5747 una
2089 5693 2203 5750 diis
2225 5698 2583 5769 sacrificans,
2609 5707 2663 5759 et
2683 5705 2739 5760 in
2765 5706 2894 5764 illos
2915 5708 3374 5770 benevolentiam
3397 5719 3592 5771 osten-

1944 5779 2115 5850 dens,
2149 5801 2243 5853 ne,
2274 5786 2322 5841 si
2373 5788 2514 5845 deos
2546 5789 2708 5863 ipsos
2767 5797 3030 5854 omnium
3090 5801 3359 5858 dominos
3409 5803 3601 5860 colere

3199 5931 3278 5990 42
