  <div class='ocr_page' id='page_1' title='image "/cluster/home/n/w/nwhite01/storage/ocr_20150623/115/hvd.32044073502262/667.png"; bbox 0 0 4012 6220; ppageno 0'>
   <div class='ocr_carea' id='block_1_1' title="bbox 362 403 514 465">
    <p class='ocr_par' dir='ltr' id='par_1_1' title="bbox 362 403 514 465">
     <span class='ocr_line' id='line_1_1' title="bbox 362 403 514 465; baseline 0 -1"><span class='ocrx_word' id='word_1_1' title='bbox 362 403 514 465; x_wconf 70' lang='grc'><strong>1323</strong></span> 
     </span>
    </p>
   </div>
   <div class='ocr_carea' id='block_1_2' title="bbox 1705 383 2419 445">
    <p class='ocr_par' dir='ltr' id='par_1_2' title="bbox 1705 383 2419 445">
     <span class='ocr_line' id='line_1_2' title="bbox 1705 383 2419 445; baseline -0.006 -1"><span class='ocrx_word' id='word_1_2' title='bbox 1705 389 1761 445; x_wconf 81' lang='grc' dir='ltr'><strong>Μ</strong></span> <span class='ocrx_word' id='word_1_3' title='bbox 1776 383 1993 444; x_wconf 73' lang='lat' dir='ltr'>ENSIS</span> <span class='ocrx_word' id='word_1_4' title='bbox 2039 383 2419 443; x_wconf 77' lang='lat' dir='ltr'><strong>OCTOBER.</strong></span> 
     </span>
    </p>
   </div>
   <div class='ocr_carea' id='block_1_3' title="bbox 3622 395 3775 451">
    <p class='ocr_par' dir='ltr' id='par_1_3' title="bbox 3622 395 3775 451">
     <span class='ocr_line' id='line_1_3' title="bbox 3622 395 3775 451; baseline 0.007 -1"><span class='ocrx_word' id='word_1_5' title='bbox 3622 395 3775 451; x_wconf 74' lang='grc'><strong>1324</strong></span> 
     </span>
    </p>
   </div>
   <div class='ocr_carea' id='block_1_4' title="bbox 358 539 2019 633">
    <p class='ocr_par' dir='ltr' id='par_1_4' title="bbox 358 549 2007 633">
     <span class='ocr_line' id='line_1_4' title="bbox 358 549 2007 633; baseline -0.012 -14"><span class='ocrx_word' id='word_1_6' title='bbox 358 562 713 629; x_wconf 89' lang='lat' dir='ltr'><strong>nolueris,tu</strong></span> <span class='ocrx_word' id='word_1_7' title='bbox 740 574 969 633; x_wconf 85' lang='lat' dir='ltr'><strong>quoque</strong></span> <span class='ocrx_word' id='word_1_8' title='bbox 999 556 1410 614; x_wconf 77' lang='lat' dir='ltr'><strong>sceleratorum</strong></span> <span class='ocrx_word' id='word_1_9' title='bbox 1431 550 1736 606; x_wconf 85' lang='lat' dir='ltr'><strong>hominum</strong></span> <span class='ocrx_word' id='word_1_10' title='bbox 1756 549 2007 602; x_wconf 87' lang='lat' dir='ltr'><strong>mortem</strong></span> 
     </span>
    </p>
   </div>
   <div class='ocr_carea' id='block_1_5' title="bbox 2130 539 3770 633">
    <p class='ocr_par' dir='ltr' id='par_1_5' title="bbox 2130 539 3770 618">
     <span class='ocr_line' id='line_1_5' title="bbox 2130 539 3770 618; baseline 0.004 -23"><span class='ocrx_word' id='word_1_11' title='bbox 2130 539 2383 601; x_wconf 74' lang='grc' dir='ltr'>δεσπότας</span> <span class='ocrx_word' id='word_1_12' title='bbox 2430 541 2737 616; x_wconf 70' lang='grc' dir='ltr'><strong>θεραπεύων</strong></span> <span class='ocrx_word' id='word_1_13' title='bbox 2789 543 3063 610; x_wconf 85' lang='grc' dir='ltr'>ἁπάντων,</span> <span class='ocrx_word' id='word_1_14' title='bbox 3122 542 3219 598; x_wconf 72' lang='grc' dir='ltr'><strong>ἳνα</strong></span> <span class='ocrx_word' id='word_1_15' title='bbox 3277 548 3352 618; x_wconf 77' lang='grc' dir='ltr'>μὴ</span> <span class='ocrx_word' id='word_1_16' title='bbox 3414 550 3507 602; x_wconf 80' lang='grc' dir='ltr'><strong>καὶ</strong></span> <span class='ocrx_word' id='word_1_17' title='bbox 3560 551 3621 604; x_wconf 70' lang='grc' dir='ltr'>σὺ</span> <span class='ocrx_word' id='word_1_18' title='bbox 3681 553 3770 606; x_wconf 77' lang='grc' dir='ltr'>τὸν</span> 
     </span>
    </p>
   </div>
   <div class='ocr_carea' id='block_1_6' title="bbox 397 653 617 710">
    <p class='ocr_par' dir='ltr' id='par_1_6' title="bbox 397 653 617 710">
     <span class='ocr_line' id='line_1_6' title="bbox 397 653 617 710; baseline -0.014 0"><span class='ocrx_word' id='word_1_19' title='bbox 397 653 617 710; x_wconf 86' lang='lat' dir='ltr'><strong>atiaris.</strong></span> 
     </span>
    </p>
   </div>
   <div class='ocr_carea' id='block_1_7' title="bbox 356 671 2005 800">
    <p class='ocr_par' dir='ltr' id='par_1_7' title="bbox 356 671 2005 800">
     <span class='ocr_line' id='line_1_7' title="bbox 356 671 2005 800; baseline -0.012 0"><span class='ocrx_word' id='word_1_20' title='bbox 356 671 643 800; x_wconf 43' lang='lat' dir='ltr'><strong>millia.er</strong></span> <span class='ocrx_word' id='word_1_21' title='bbox 671 740 793 796; x_wconf 64' lang='lat' dir='ltr'><strong>haec</strong></span> <span class='ocrx_word' id='word_1_22' title='bbox 841 736 1296 795; x_wconf 80' lang='lat' dir='ltr'><strong>ardentissimus</strong></span> <span class='ocrx_word' id='word_1_23' title='bbox 1330 731 1429 787; x_wconf 89' lang='lat' dir='ltr'><strong>ille</strong></span> <span class='ocrx_word' id='word_1_24' title='bbox 1477 728 1739 788; x_wconf 79' lang='lat' dir='ltr'><strong>veritatis</strong></span> <span class='ocrx_word' id='word_1_25' title='bbox 1788 743 2005 800; x_wconf 88' lang='lat' dir='ltr'><strong>propu-</strong></span> 
     </span>
    </p>
   </div>
   <div class='ocr_carea' id='block_1_8' title="bbox 360 816 2003 904">
    <p class='ocr_par' dir='ltr' id='par_1_8' title="bbox 360 816 2003 904">
     <span class='ocr_line' id='line_1_8' title="bbox 360 816 2003 904; baseline -0.011 -17"><span class='ocrx_word' id='word_1_26' title='bbox 360 835 567 904; x_wconf 80' lang='lat' dir='ltr'><strong>gnator</strong></span> <span class='ocrx_word' id='word_1_27' title='bbox 611 828 982 901; x_wconf 83' lang='lat' dir='ltr'><strong>Epimachus,</strong></span> <span class='ocrx_word' id='word_1_28' title='bbox 1015 829 1277 895; x_wconf 85' lang='lat' dir='ltr'><strong>apertam</strong></span> <span class='ocrx_word' id='word_1_29' title='bbox 1308 821 1468 876; x_wconf 88' lang='lat' dir='ltr'><strong>illius</strong></span> <span class='ocrx_word' id='word_1_30' title='bbox 1498 816 1884 875; x_wconf 79' lang='lat' dir='ltr'><strong>temeritatem</strong></span> <span class='ocrx_word' id='word_1_31' title='bbox 1919 830 2003 870; x_wconf 79' lang='lat' dir='ltr'><strong>re-</strong></span> 
     </span>
    </p>
   </div>
   <div class='ocr_carea' id='block_1_9' title="bbox 362 911 2008 993">
    <p class='ocr_par' dir='ltr' id='par_1_9' title="bbox 362 911 2008 993">
     <span class='ocr_line' id='line_1_9' title="bbox 362 911 2008 993; baseline -0.01 -16"><span class='ocrx_word' id='word_1_32' title='bbox 362 924 674 993; x_wconf 86' lang='lat' dir='ltr'><strong>darguens,</strong></span> <span class='ocrx_word' id='word_1_33' title='bbox 694 919 844 988; x_wconf 92' lang='lat' dir='ltr'><strong>quod</strong></span> <span class='ocrx_word' id='word_1_34' title='bbox 868 914 1367 972; x_wconf 84' lang='lat' dir='ltr'><strong>admonitionibus</strong></span> <span class='ocrx_word' id='word_1_35' title='bbox 1388 916 1445 969; x_wconf 89' lang='lat' dir='ltr'><strong>et</strong></span> <span class='ocrx_word' id='word_1_36' title='bbox 1465 911 1732 967; x_wconf 88' lang='lat' dir='ltr'><strong>doctrina</strong></span> <span class='ocrx_word' id='word_1_37' title='bbox 1746 924 1853 963; x_wconf 88' lang='lat' dir='ltr'><strong>sua</strong></span> <span class='ocrx_word' id='word_1_38' title='bbox 1870 921 2008 962; x_wconf 89' lang='lat' dir='ltr'><strong>eum</strong></span> 
     </span>
    </p>
   </div>
   <div class='ocr_carea' id='block_1_10' title="bbox 363 995 2009 1079">
    <p class='ocr_par' dir='ltr' id='par_1_10' title="bbox 363 995 2009 1079">
     <span class='ocr_line' id='line_1_10' title="bbox 363 995 2009 1079; baseline -0.009 -14"><span class='ocrx_word' id='word_1_39' title='bbox 363 1011 435 1066; x_wconf 90' lang='lat' dir='ltr'><strong>ad</strong></span> <span class='ocrx_word' id='word_1_40' title='bbox 465 1009 827 1079; x_wconf 84' lang='lat' dir='ltr'><strong>impietatem</strong></span> <span class='ocrx_word' id='word_1_41' title='bbox 859 1005 1159 1075; x_wconf 89' lang='lat' dir='ltr'><strong>impellere</strong></span> <span class='ocrx_word' id='word_1_42' title='bbox 1181 1006 1429 1058; x_wconf 84' lang='lat' dir='ltr'><strong>conatus</strong></span> <span class='ocrx_word' id='word_1_43' title='bbox 1460 1004 1633 1065; x_wconf 89' lang='lat' dir='ltr'><strong>esset,</strong></span> <span class='ocrx_word' id='word_1_44' title='bbox 1668 998 1739 1054; x_wconf 89' lang='lat' dir='ltr'><strong>ab</strong></span> <span class='ocrx_word' id='word_1_45' title='bbox 1771 995 2009 1053; x_wconf 82' lang='lat' dir='ltr'><strong>exordio</strong></span> 
     </span>
    </p>
   </div>
   <div class='ocr_carea' id='block_1_11' title="bbox 365 1086 2009 1163">
    <p class='ocr_par' dir='ltr' id='par_1_11' title="bbox 365 1086 2009 1163">
     <span class='ocr_line' id='line_1_11' title="bbox 365 1086 2009 1163; baseline -0.01 -8"><span class='ocrx_word' id='word_1_46' title='bbox 365 1097 643 1155; x_wconf 87' lang='lat' dir='ltr'><strong>orationis</strong></span> <span class='ocrx_word' id='word_1_47' title='bbox 674 1112 795 1152; x_wconf 84' lang='lat' dir='ltr'><strong>suae</strong></span> <span class='ocrx_word' id='word_1_48' title='bbox 825 1096 978 1160; x_wconf 89' lang='lat' dir='ltr'><strong>fecit,</strong></span> <span class='ocrx_word' id='word_1_49' title='bbox 1030 1099 1093 1148; x_wconf 92' lang='lat' dir='ltr'><strong>ut</strong></span> <span class='ocrx_word' id='word_1_50' title='bbox 1116 1098 1397 1163; x_wconf 84' lang='lat' dir='ltr'><strong>tyrannus</strong></span> <span class='ocrx_word' id='word_1_51' title='bbox 1447 1091 1575 1160; x_wconf 86' lang='lat' dir='ltr'><strong>ipse</strong></span> <span class='ocrx_word' id='word_1_52' title='bbox 1626 1088 1826 1143; x_wconf 81' lang='lat' dir='ltr'><strong>statim</strong></span> <span class='ocrx_word' id='word_1_53' title='bbox 1880 1086 2009 1155; x_wconf 87' lang='lat' dir='ltr'><strong>ejus</strong></span> 
     </span>
    </p>
   </div>
   <div class='ocr_carea' id='block_1_12' title="bbox 366 1176 2010 1255">
    <p class='ocr_par' dir='ltr' id='par_1_12' title="bbox 366 1176 2010 1255">
     <span class='ocr_line' id='line_1_12' title="bbox 366 1176 2010 1255; baseline -0.008 -13"><span class='ocrx_word' id='word_1_54' title='bbox 366 1187 621 1243; x_wconf 86' lang='lat' dir='ltr'><strong>animum</strong></span> <span class='ocrx_word' id='word_1_55' title='bbox 647 1184 1020 1255; x_wconf 86' lang='lat' dir='ltr'><strong>perspiceret,</strong></span> <span class='ocrx_word' id='word_1_56' title='bbox 1052 1187 1111 1238; x_wconf 91' lang='lat' dir='ltr'><strong>et</strong></span> <span class='ocrx_word' id='word_1_57' title='bbox 1140 1183 1214 1236; x_wconf 89' lang='lat' dir='ltr'><strong>ab</strong></span> <span class='ocrx_word' id='word_1_58' title='bbox 1246 1180 1406 1236; x_wconf 90' lang='lat' dir='ltr'><strong>omni</strong></span> <span class='ocrx_word' id='word_1_59' title='bbox 1438 1196 1541 1251; x_wconf 91' lang='lat' dir='ltr'><strong>spe</strong></span> <span class='ocrx_word' id='word_1_60' title='bbox 1562 1178 1873 1233; x_wconf 88' lang='lat' dir='ltr'><strong>decideret.</strong></span> <span class='ocrx_word' id='word_1_61' title='bbox 1902 1176 2010 1243; x_wconf 88' lang='lat' dir='ltr'><strong>Me,</strong></span> 
     </span>
    </p>
   </div>
   <div class='ocr_carea' id='block_1_13' title="bbox 364 1266 2010 1347">
    <p class='ocr_par' dir='ltr' id='par_1_13' title="bbox 364 1266 2010 1347">
     <span class='ocr_line' id='line_1_13' title="bbox 364 1266 2010 1347; baseline -0.009 -15"><span class='ocrx_word' id='word_1_62' title='bbox 364 1275 578 1347; x_wconf 86' lang='lat' dir='ltr'><strong>inquit,</strong></span> <span class='ocrx_word' id='word_1_63' title='bbox 602 1273 855 1343; x_wconf 87' lang='lat' dir='ltr'><strong>ojudex,</strong></span> <span class='ocrx_word' id='word_1_64' title='bbox 888 1288 1194 1343; x_wconf 82' lang='lat' dir='ltr'><strong>nunquam</strong></span> <span class='ocrx_word' id='word_1_65' title='bbox 1228 1271 1298 1324; x_wconf 90' lang='lat' dir='ltr'><strong>ab</strong></span> <span class='ocrx_word' id='word_1_66' title='bbox 1329 1286 1397 1324; x_wconf 89' lang='lat' dir='ltr'><strong>ea</strong></span> <span class='ocrx_word' id='word_1_67' title='bbox 1429 1270 1664 1339; x_wconf 87' lang='lat' dir='ltr'><strong>pietate,</strong></span> <span class='ocrx_word' id='word_1_68' title='bbox 1697 1266 1870 1336; x_wconf 88' lang='lat' dir='ltr'><strong>cujus</strong></span> <span class='ocrx_word' id='word_1_69' title='bbox 1904 1279 2010 1334; x_wconf 85' lang='lat' dir='ltr'><strong>ego</strong></span> 
     </span>
    </p>
   </div>
   <div class='ocr_carea' id='block_1_14' title="bbox 363 1354 2011 1428">
    <p class='ocr_par' dir='ltr' id='par_1_14' title="bbox 363 1354 2011 1428">
     <span class='ocr_line' id='line_1_14' title="bbox 363 1354 2011 1428; baseline -0.008 -8"><span class='ocrx_word' id='word_1_70' title='bbox 363 1366 641 1420; x_wconf 89' lang='lat' dir='ltr'><strong>alumnus</strong></span> <span class='ocrx_word' id='word_1_71' title='bbox 675 1368 731 1417; x_wconf 90' lang='lat' dir='ltr'><strong>et</strong></span> <span class='ocrx_word' id='word_1_72' title='bbox 778 1362 1005 1417; x_wconf 89' lang='lat' dir='ltr'><strong>amicus</strong></span> <span class='ocrx_word' id='word_1_73' title='bbox 1036 1377 1189 1426; x_wconf 92' lang='lat' dir='ltr'><strong>sum,</strong></span> <span class='ocrx_word' id='word_1_74' title='bbox 1223 1366 1284 1415; x_wconf 90' lang='lat' dir='ltr'><strong>tu</strong></span> <span class='ocrx_word' id='word_1_75' title='bbox 1341 1363 1596 1413; x_wconf 85' lang='lat' dir='ltr'><strong>avertere</strong></span> <span class='ocrx_word' id='word_1_76' title='bbox 1644 1355 1879 1428; x_wconf 91' lang='lat' dir='ltr'><strong>poteris.</strong></span> <span class='ocrx_word' id='word_1_77' title='bbox 1930 1354 2011 1408; x_wconf 92' lang='lat' dir='ltr'><strong>Ne</strong></span> 
     </span>
    </p>
   </div>
   <div class='ocr_carea' id='block_1_15' title="bbox 362 1443 2012 1525">
    <p class='ocr_par' dir='ltr' id='par_1_15' title="bbox 362 1443 2012 1525">
     <span class='ocr_line' id='line_1_15' title="bbox 362 1443 2012 1525; baseline -0.005 -20"><span class='ocrx_word' id='word_1_78' title='bbox 362 1452 541 1525; x_wconf 83' lang='lat' dir='ltr'><strong>igitur</strong></span> <span class='ocrx_word' id='word_1_79' title='bbox 571 1452 644 1506; x_wconf 88' lang='lat' dir='ltr'><strong>ad</strong></span> <span class='ocrx_word' id='word_1_80' title='bbox 704 1453 1029 1520; x_wconf 79' lang='lat' dir='ltr'><strong>negandum</strong></span> <span class='ocrx_word' id='word_1_81' title='bbox 1078 1449 1287 1505; x_wconf 85' lang='lat' dir='ltr'><strong>Christi</strong></span> <span class='ocrx_word' id='word_1_82' title='bbox 1331 1447 1757 1503; x_wconf 83' lang='lat' dir='ltr'><strong>confessionem</strong></span> <span class='ocrx_word' id='word_1_83' title='bbox 1801 1443 2012 1498; x_wconf 89' lang='lat' dir='ltr'><strong>dehinc</strong></span> 
     </span>
    </p>
   </div>
   <div class='ocr_carea' id='block_1_16' title="bbox 364 1536 2013 1612">
    <p class='ocr_par' dir='ltr' id='par_1_16' title="bbox 364 1536 2013 1612">
     <span class='ocr_line' id='line_1_16' title="bbox 364 1536 2013 1612; baseline -0.005 -17"><span class='ocrx_word' id='word_1_84' title='bbox 364 1556 661 1612; x_wconf 86' lang='lat' dir='ltr'><strong>provoces,</strong></span> <span class='ocrx_word' id='word_1_85' title='bbox 696 1555 883 1610; x_wconf 89' lang='lat' dir='ltr'><strong>neque</strong></span> <span class='ocrx_word' id='word_1_86' title='bbox 916 1539 1070 1593; x_wconf 89' lang='lat' dir='ltr'><strong>aliud</strong></span> <span class='ocrx_word' id='word_1_87' title='bbox 1101 1537 1400 1608; x_wconf 85' lang='lat' dir='ltr'><strong>quippiam</strong></span> <span class='ocrx_word' id='word_1_88' title='bbox 1452 1552 1543 1591; x_wconf 91' lang='lat' dir='ltr'><strong>me</strong></span> <span class='ocrx_word' id='word_1_89' title='bbox 1573 1536 1881 1600; x_wconf 82' lang='lat' dir='ltr'><strong>facturum,</strong></span> <span class='ocrx_word' id='word_1_90' title='bbox 1914 1539 2013 1587; x_wconf 87' lang='lat' dir='ltr'><strong>aut</strong></span> 
     </span>
    </p>
   </div>
   <div class='ocr_carea' id='block_1_17' title="bbox 362 1620 2014 1698">
    <p class='ocr_par' dir='ltr' id='par_1_17' title="bbox 362 1620 2014 1698">
     <span class='ocr_line' id='line_1_17' title="bbox 362 1620 2014 1698; baseline -0.002 -19"><span class='ocrx_word' id='word_1_91' title='bbox 362 1629 657 1683; x_wconf 79' lang='lat' dir='ltr'><strong>dicturum</strong></span> <span class='ocrx_word' id='word_1_92' title='bbox 682 1643 897 1698; x_wconf 89' lang='lat' dir='ltr'><strong>speres,</strong></span> <span class='ocrx_word' id='word_1_93' title='bbox 931 1627 1083 1695; x_wconf 92' lang='lat' dir='ltr'><strong>quod</strong></span> <span class='ocrx_word' id='word_1_94' title='bbox 1109 1626 1292 1681; x_wconf 86' lang='lat' dir='ltr'><strong>animi</strong></span> <span class='ocrx_word' id='word_1_95' title='bbox 1324 1629 1426 1680; x_wconf 88' lang='lat' dir='ltr'><strong>aut</strong></span> <span class='ocrx_word' id='word_1_96' title='bbox 1467 1623 1678 1678; x_wconf 88' lang='lat' dir='ltr'><strong>mentis</strong></span> <span class='ocrx_word' id='word_1_97' title='bbox 1701 1620 2014 1677; x_wconf 90' lang='lat' dir='ltr'><strong>imbecilli-</strong></span> 
     </span>
    </p>
   </div>
   <div class='ocr_carea' id='block_1_18' title="bbox 364 1709 2011 1788">
    <p class='ocr_par' dir='ltr' id='par_1_18' title="bbox 364 1709 2011 1788">
     <span class='ocr_line' id='line_1_18' title="bbox 364 1709 2011 1788; baseline -0.005 -17"><span class='ocrx_word' id='word_1_98' title='bbox 364 1722 545 1773; x_wconf 87' lang='lat' dir='ltr'><strong>tatem</strong></span> <span class='ocrx_word' id='word_1_99' title='bbox 568 1717 878 1788; x_wconf 77' lang='lat' dir='ltr'><strong>significet.</strong></span> <span class='ocrx_word' id='word_1_100' title='bbox 903 1717 1199 1772; x_wconf 80' lang='lat' dir='ltr'><strong>Christum</strong></span> <span class='ocrx_word' id='word_1_101' title='bbox 1224 1716 1380 1771; x_wconf 90' lang='lat' dir='ltr'><strong>enim</strong></span> <span class='ocrx_word' id='word_1_102' title='bbox 1399 1730 1503 1768; x_wconf 91' lang='lat' dir='ltr'><strong>con</strong></span> <span class='ocrx_word' id='word_1_103' title='bbox 1515 1714 1698 1779; x_wconf 85' lang='lat' dir='ltr'><strong>ﬁteor,</strong></span> <span class='ocrx_word' id='word_1_104' title='bbox 1713 1709 2011 1767; x_wconf 88' lang='lat' dir='ltr'><strong>Christum</strong></span> 
     </span>
    </p>
   </div>
   <div class='ocr_carea' id='block_1_19' title="bbox 367 1802 2011 1879">
    <p class='ocr_par' dir='ltr' id='par_1_19' title="bbox 367 1802 2011 1879">
     <span class='ocr_line' id='line_1_19' title="bbox 367 1802 2011 1879; baseline -0.005 -18"><span class='ocrx_word' id='word_1_105' title='bbox 367 1807 637 1879; x_wconf 82' lang='lat' dir='ltr'><strong>praedico,</strong></span> <span class='ocrx_word' id='word_1_106' title='bbox 672 1821 775 1876; x_wconf 90' lang='lat' dir='ltr'><strong>per</strong></span> <span class='ocrx_word' id='word_1_107' title='bbox 803 1821 979 1876; x_wconf 91' lang='lat' dir='ltr'><strong>quem</strong></span> <span class='ocrx_word' id='word_1_108' title='bbox 1022 1809 1218 1860; x_wconf 87' lang='lat' dir='ltr'><strong>creata</strong></span> <span class='ocrx_word' id='word_1_109' title='bbox 1246 1808 1387 1859; x_wconf 90' lang='lat' dir='ltr'><strong>sunt</strong></span> <span class='ocrx_word' id='word_1_110' title='bbox 1435 1802 1650 1868; x_wconf 89' lang='lat' dir='ltr'><strong>omnia,</strong></span> <span class='ocrx_word' id='word_1_111' title='bbox 1684 1816 1787 1871; x_wconf 92' lang='lat' dir='ltr'><strong>per</strong></span> <span class='ocrx_word' id='word_1_112' title='bbox 1833 1814 2011 1870; x_wconf 90' lang='lat' dir='ltr'><strong>quem</strong></span> 
     </span>
    </p>
   </div>
   <div class='ocr_carea' id='block_1_20' title="bbox 366 1887 2013 1961">
    <p class='ocr_par' dir='ltr' id='par_1_20' title="bbox 366 1887 2013 1961">
     <span class='ocr_line' id='line_1_20' title="bbox 366 1887 2013 1961; baseline -0.004 -12"><span class='ocrx_word' id='word_1_113' title='bbox 366 1896 544 1950; x_wconf 91' lang='lat' dir='ltr'><strong>homo</strong></span> <span class='ocrx_word' id='word_1_114' title='bbox 578 1896 890 1961; x_wconf 82' lang='lat' dir='ltr'><strong>formatus,</strong></span> <span class='ocrx_word' id='word_1_115' title='bbox 915 1903 968 1949; x_wconf 91' lang='lat' dir='ltr'><strong>et</strong></span> <span class='ocrx_word' id='word_1_116' title='bbox 988 1893 1080 1947; x_wconf 86' lang='lat' dir='ltr'><strong>lex</strong></span> <span class='ocrx_word' id='word_1_117' title='bbox 1102 1894 1238 1947; x_wconf 87' lang='lat' dir='ltr'><strong>data</strong></span> <span class='ocrx_word' id='word_1_118' title='bbox 1257 1897 1343 1947; x_wconf 87' lang='lat' dir='ltr'><strong>est</strong></span> <span class='ocrx_word' id='word_1_119' title='bbox 1377 1908 1391 1945; x_wconf 88' lang='lat'><strong>:</strong></span> <span class='ocrx_word' id='word_1_120' title='bbox 1426 1892 1527 1961; x_wconf 91' lang='lat' dir='ltr'><strong>qui</strong></span> <span class='ocrx_word' id='word_1_121' title='bbox 1562 1894 1819 1945; x_wconf 89' lang='lat' dir='ltr'><strong>mentem</strong></span> <span class='ocrx_word' id='word_1_122' title='bbox 1844 1887 2013 1943; x_wconf 88' lang='lat' dir='ltr'><strong>nobis</strong></span> 
     </span>
    </p>
   </div>
   <div class='ocr_carea' id='block_1_21' title="bbox 366 1978 2016 2052">
    <p class='ocr_par' dir='ltr' id='par_1_21' title="bbox 366 1978 2016 2052">
     <span class='ocr_line' id='line_1_21' title="bbox 366 1978 2016 2052; baseline -0.006 -12"><span class='ocrx_word' id='word_1_123' title='bbox 366 1983 529 2040; x_wconf 89' lang='lat' dir='ltr'><strong>dedit</strong></span> <span class='ocrx_word' id='word_1_124' title='bbox 550 1983 813 2038; x_wconf 90' lang='lat' dir='ltr'><strong>omnium</strong></span> <span class='ocrx_word' id='word_1_125' title='bbox 836 1984 1047 2037; x_wconf 91' lang='lat' dir='ltr'><strong>ducem</strong></span> <span class='ocrx_word' id='word_1_126' title='bbox 1069 1998 1135 2038; x_wconf 88' lang='lat' dir='ltr'><strong>ac</strong></span> <span class='ocrx_word' id='word_1_127' title='bbox 1160 1982 1512 2052; x_wconf 82' lang='lat' dir='ltr'><strong>magistram,</strong></span> <span class='ocrx_word' id='word_1_128' title='bbox 1546 1978 1647 2052; x_wconf 91' lang='lat' dir='ltr'><strong>qui</strong></span> <span class='ocrx_word' id='word_1_129' title='bbox 1679 1995 1782 2051; x_wconf 91' lang='lat' dir='ltr'><strong>pro</strong></span> <span class='ocrx_word' id='word_1_130' title='bbox 1812 1981 2016 2032; x_wconf 87' lang='lat' dir='ltr'><strong>nostra</strong></span> 
     </span>
    </p>
   </div>
   <div class='ocr_carea' id='block_1_22' title="bbox 366 2068 2016 2142">
    <p class='ocr_par' dir='ltr' id='par_1_22' title="bbox 366 2068 2016 2142">
     <span class='ocr_line' id='line_1_22' title="bbox 366 2068 2016 2142; baseline -0.005 -16"><span class='ocrx_word' id='word_1_131' title='bbox 366 2071 633 2127; x_wconf 88' lang='lat' dir='ltr'><strong>omnium</strong></span> <span class='ocrx_word' id='word_1_132' title='bbox 684 2071 889 2137; x_wconf 88' lang='lat' dir='ltr'><strong>salute,</strong></span> <span class='ocrx_word' id='word_1_133' title='bbox 924 2088 1050 2142; x_wconf 68' lang='lat' dir='ltr'><strong>quae</strong></span> <span class='ocrx_word' id='word_1_134' title='bbox 1087 2071 1209 2141; x_wconf 83' lang='lat' dir='ltr'><strong>jam</strong></span> <span class='ocrx_word' id='word_1_135' title='bbox 1243 2070 1510 2140; x_wconf 84' lang='lat' dir='ltr'><strong>perierat,</strong></span> <span class='ocrx_word' id='word_1_136' title='bbox 1544 2068 1804 2122; x_wconf 87' lang='lat' dir='ltr'><strong>humana</strong></span> <span class='ocrx_word' id='word_1_137' title='bbox 1842 2078 2016 2120; x_wconf 88' lang='lat' dir='ltr'><strong>carne</strong></span> 
     </span>
    </p>
   </div>
   <div class='ocr_carea' id='block_1_23' title="bbox 367 2156 2015 2227">
    <p class='ocr_par' dir='ltr' id='par_1_23' title="bbox 367 2156 2015 2227">
     <span class='ocr_line' id='line_1_23' title="bbox 367 2156 2015 2227; baseline -0.004 -14"><span class='ocrx_word' id='word_1_138' title='bbox 367 2175 427 2215; x_wconf 84' lang='lat' dir='ltr'><strong>se</strong></span> <span class='ocrx_word' id='word_1_139' title='bbox 476 2160 689 2224; x_wconf 87' lang='lat' dir='ltr'><strong>induit,</strong></span> <span class='ocrx_word' id='word_1_140' title='bbox 731 2163 789 2213; x_wconf 90' lang='lat' dir='ltr'><strong>et</strong></span> <span class='ocrx_word' id='word_1_141' title='bbox 828 2158 1139 2214; x_wconf 79' lang='lat' dir='ltr'><strong>crucifixus</strong></span> <span class='ocrx_word' id='word_1_142' title='bbox 1188 2175 1254 2212; x_wconf 88' lang='lat' dir='ltr'><strong>ac</strong></span> <span class='ocrx_word' id='word_1_143' title='bbox 1323 2157 1585 2227; x_wconf 90' lang='lat' dir='ltr'><strong>sepultus</strong></span> <span class='ocrx_word' id='word_1_144' title='bbox 1635 2156 1760 2221; x_wconf 91' lang='lat' dir='ltr'><strong>fuit,</strong></span> <span class='ocrx_word' id='word_1_145' title='bbox 1820 2169 2015 2208; x_wconf 90' lang='lat' dir='ltr'><strong>resur-</strong></span> 
     </span>
    </p>
   </div>
   <div class='ocr_carea' id='block_1_24' title="bbox 368 2244 2016 2316">
    <p class='ocr_par' dir='ltr' id='par_1_24' title="bbox 368 2244 2016 2316">
     <span class='ocr_line' id='line_1_24' title="bbox 368 2244 2016 2316; baseline -0.005 -13"><span class='ocrx_word' id='word_1_146' title='bbox 368 2250 540 2315; x_wconf 81' lang='lat' dir='ltr'><strong>rexit,</strong></span> <span class='ocrx_word' id='word_1_147' title='bbox 574 2254 632 2303; x_wconf 86' lang='lat' dir='ltr'><strong>et</strong></span> <span class='ocrx_word' id='word_1_148' title='bbox 691 2250 751 2302; x_wconf 93' lang='lat' dir='ltr'><strong>in</strong></span> <span class='ocrx_word' id='word_1_149' title='bbox 810 2251 988 2303; x_wconf 85' lang='lat' dir='ltr'><strong>coelos</strong></span> <span class='ocrx_word' id='word_1_150' title='bbox 1047 2252 1388 2316; x_wconf 84' lang='lat' dir='ltr'><strong>assumptus</strong></span> <span class='ocrx_word' id='word_1_151' title='bbox 1428 2250 1537 2311; x_wconf 90' lang='lat' dir='ltr'><strong>est,</strong></span> <span class='ocrx_word' id='word_1_152' title='bbox 1590 2249 1763 2315; x_wconf 87' lang='lat' dir='ltr'><strong>atque</strong></span> <span class='ocrx_word' id='word_1_153' title='bbox 1801 2244 2016 2297; x_wconf 89' lang='lat' dir='ltr'><strong>iterum</strong></span> 
     </span>
    </p>
   </div>
   <div class='ocr_carea' id='block_1_25' title="bbox 368 2332 2014 2407">
    <p class='ocr_par' dir='ltr' id='par_1_25' title="bbox 368 2332 2014 2407">
     <span class='ocr_line' id='line_1_25' title="bbox 368 2332 2014 2407; baseline -0.004 -16"><span class='ocrx_word' id='word_1_154' title='bbox 368 2341 648 2393; x_wconf 87' lang='lat' dir='ltr'><strong>venturus</strong></span> <span class='ocrx_word' id='word_1_155' title='bbox 680 2353 815 2391; x_wconf 90' lang='lat' dir='ltr'><strong>cum</strong></span> <span class='ocrx_word' id='word_1_156' title='bbox 847 2337 1033 2407; x_wconf 84' lang='lat' dir='ltr'><strong>gloria</strong></span> <span class='ocrx_word' id='word_1_157' title='bbox 1064 2337 1339 2391; x_wconf 88' lang='lat' dir='ltr'><strong>creditur.</strong></span> <span class='ocrx_word' id='word_1_158' title='bbox 1369 2334 1603 2389; x_wconf 84' lang='lat' dir='ltr'><strong>Utinam</strong></span> <span class='ocrx_word' id='word_1_159' title='bbox 1654 2339 1711 2387; x_wconf 89' lang='lat' dir='ltr'><strong>et</strong></span> <span class='ocrx_word' id='word_1_160' title='bbox 1748 2337 1810 2387; x_wconf 89' lang='lat' dir='ltr'><strong>tu</strong></span> <span class='ocrx_word' id='word_1_161' title='bbox 1842 2332 2014 2385; x_wconf 88' lang='lat' dir='ltr'><strong>istam</strong></span> 
     </span>
    </p>
   </div>
   <div class='ocr_carea' id='block_1_26' title="bbox 371 2421 2018 2491">
    <p class='ocr_par' dir='ltr' id='par_1_26' title="bbox 371 2421 2018 2491">
     <span class='ocr_line' id='line_1_26' title="bbox 371 2421 2018 2491; baseline -0.004 -11"><span class='ocrx_word' id='word_1_162' title='bbox 371 2426 663 2481; x_wconf 88' lang='lat' dir='ltr'><strong>idolorum</strong></span> <span class='ocrx_word' id='word_1_163' title='bbox 699 2426 1011 2480; x_wconf 67' lang='lat' dir='ltr'><strong>caecitatem</strong></span> <span class='ocrx_word' id='word_1_164' title='bbox 1047 2425 1118 2479; x_wconf 89' lang='lat' dir='ltr'><strong>ab</strong></span> <span class='ocrx_word' id='word_1_165' title='bbox 1147 2424 1329 2479; x_wconf 91' lang='lat' dir='ltr'><strong>oculis</strong></span> <span class='ocrx_word' id='word_1_166' title='bbox 1370 2424 1586 2478; x_wconf 73' lang='lat' dir='ltr'><strong>animm</strong></span> <span class='ocrx_word' id='word_1_167' title='bbox 1624 2421 1927 2491; x_wconf 86' lang='lat' dir='ltr'><strong>adjiceres,</strong></span> <span class='ocrx_word' id='word_1_168' title='bbox 1961 2424 2018 2475; x_wconf 87' lang='lat' dir='ltr'><strong>et</strong></span> 
     </span>
    </p>
   </div>
   <div class='ocr_carea' id='block_1_27' title="bbox 369 2508 2016 2581">
    <p class='ocr_par' dir='ltr' id='par_1_27' title="bbox 369 2508 2016 2581">
     <span class='ocr_line' id='line_1_27' title="bbox 369 2508 2016 2581; baseline -0.004 -12"><span class='ocrx_word' id='word_1_169' title='bbox 369 2530 607 2569; x_wconf 84' lang='lat' dir='ltr'><strong>suavem</strong></span> <span class='ocrx_word' id='word_1_170' title='bbox 650 2531 716 2569; x_wconf 90' lang='lat' dir='ltr'><strong>ac</strong></span> <span class='ocrx_word' id='word_1_171' title='bbox 766 2515 1079 2569; x_wconf 86' lang='lat' dir='ltr'><strong>salutarem</strong></span> <span class='ocrx_word' id='word_1_172' title='bbox 1115 2512 1329 2568; x_wconf 87' lang='lat' dir='ltr'><strong>Christi</strong></span> <span class='ocrx_word' id='word_1_173' title='bbox 1360 2511 1543 2567; x_wconf 91' lang='lat' dir='ltr'><strong>lucem</strong></span> <span class='ocrx_word' id='word_1_174' title='bbox 1566 2510 1875 2581; x_wconf 87' lang='lat' dir='ltr'><strong>aspiceres.</strong></span> <span class='ocrx_word' id='word_1_175' title='bbox 1905 2508 2016 2563; x_wconf 82' lang='lat' dir='ltr'><strong>No-</strong></span> 
     </span>
    </p>
   </div>
   <div class='ocr_carea' id='block_1_28' title="bbox 368 2601 2016 2675">
    <p class='ocr_par' dir='ltr' id='par_1_28' title="bbox 368 2601 2016 2675">
     <span class='ocr_line' id='line_1_28' title="bbox 368 2601 2016 2675; baseline -0.005 -17"><span class='ocrx_word' id='word_1_176' title='bbox 368 2604 472 2658; x_wconf 89' lang='lat' dir='ltr'><strong>lim</strong></span> <span class='ocrx_word' id='word_1_177' title='bbox 507 2603 662 2658; x_wconf 88' lang='lat' dir='ltr'><strong>enim</strong></span> <span class='ocrx_word' id='word_1_178' title='bbox 698 2610 854 2674; x_wconf 90' lang='lat' dir='ltr'><strong>putet</strong></span> <span class='ocrx_word' id='word_1_179' title='bbox 885 2601 1118 2675; x_wconf 86' lang='lat' dir='ltr'><strong>aliquis,</strong></span> <span class='ocrx_word' id='word_1_180' title='bbox 1160 2607 1376 2656; x_wconf 87' lang='lat' dir='ltr'><strong>temere</strong></span> <span class='ocrx_word' id='word_1_181' title='bbox 1407 2616 1474 2656; x_wconf 89' lang='lat' dir='ltr'><strong>ac</strong></span> <span class='ocrx_word' id='word_1_182' title='bbox 1505 2601 1721 2655; x_wconf 85' lang='lat' dir='ltr'><strong>frustra</strong></span> <span class='ocrx_word' id='word_1_183' title='bbox 1753 2615 1857 2652; x_wconf 89' lang='lat' dir='ltr'><strong>nos</strong></span> <span class='ocrx_word' id='word_1_184' title='bbox 1888 2614 2016 2651; x_wconf 90' lang='lat' dir='ltr'><strong>cor-</strong></span> 
     </span>
    </p>
   </div>
   <div class='ocr_carea' id='block_1_29' title="bbox 374 2688 2019 2763">
    <p class='ocr_par' dir='ltr' id='par_1_29' title="bbox 374 2688 2019 2763">
     <span class='ocr_line' id='line_1_29' title="bbox 374 2688 2019 2763; baseline -0.004 -16"><span class='ocrx_word' id='word_1_185' title='bbox 374 2709 513 2763; x_wconf 88' lang='lat' dir='ltr'><strong>pora</strong></span> <span class='ocrx_word' id='word_1_186' title='bbox 548 2696 748 2747; x_wconf 87' lang='lat' dir='ltr'><strong>nostra</strong></span> <span class='ocrx_word' id='word_1_187' title='bbox 796 2692 1149 2746; x_wconf 87' lang='lat' dir='ltr'><strong>cruciatibus</strong></span> <span class='ocrx_word' id='word_1_188' title='bbox 1196 2690 1444 2745; x_wconf 87' lang='lat' dir='ltr'><strong>libenter</strong></span> <span class='ocrx_word' id='word_1_189' title='bbox 1482 2690 1730 2744; x_wconf 88' lang='lat' dir='ltr'><strong>tradere.</strong></span> <span class='ocrx_word' id='word_1_190' title='bbox 1765 2689 1887 2743; x_wconf 86' lang='lat' dir='ltr'><strong>Non</strong></span> <span class='ocrx_word' id='word_1_191' title='bbox 1934 2688 2019 2741; x_wconf 90' lang='lat' dir='ltr'><strong>ita</strong></span> 
     </span>
    </p>
   </div>
   <div class='ocr_carea' id='block_1_30' title="bbox 376 2778 2017 2851">
    <p class='ocr_par' dir='ltr' id='par_1_30' title="bbox 376 2778 2017 2851">
     <span class='ocr_line' id='line_1_30' title="bbox 376 2778 2017 2851; baseline -0.004 -16"><span class='ocrx_word' id='word_1_192' title='bbox 376 2798 584 2836; x_wconf 88' lang='lat' dir='ltr'><strong>sumus</strong></span> <span class='ocrx_word' id='word_1_193' title='bbox 619 2781 933 2851; x_wconf 85' lang='lat' dir='ltr'><strong>nobisipsis</strong></span> <span class='ocrx_word' id='word_1_194' title='bbox 984 2779 1203 2834; x_wconf 90' lang='lat' dir='ltr'><strong>inimici</strong></span> <span class='ocrx_word' id='word_1_195' title='bbox 1253 2784 1309 2833; x_wconf 86' lang='lat' dir='ltr'><strong>et</strong></span> <span class='ocrx_word' id='word_1_196' title='bbox 1346 2778 1742 2833; x_wconf 85' lang='lat' dir='ltr'><strong>insidiatores.</strong></span> <span class='ocrx_word' id='word_1_197' title='bbox 1804 2778 2017 2832; x_wconf 89' lang='lat' dir='ltr'><strong>Verum</strong></span> 
     </span>
    </p>
   </div>
   <div class='ocr_carea' id='block_1_31' title="bbox 378 2864 2018 2940">
    <p class='ocr_par' dir='ltr' id='par_1_31' title="bbox 378 2864 2018 2940">
     <span class='ocr_line' id='line_1_31' title="bbox 378 2864 2018 2940; baseline -0.004 -15"><span class='ocrx_word' id='word_1_198' title='bbox 378 2871 658 2940; x_wconf 89' lang='lat' dir='ltr'><strong>quoniam</strong></span> <span class='ocrx_word' id='word_1_199' title='bbox 688 2870 869 2924; x_wconf 87' lang='lat' dir='ltr'><strong>altera</strong></span> <span class='ocrx_word' id='word_1_200' title='bbox 898 2869 1165 2939; x_wconf 64' lang='lat' dir='ltr'><strong>quaedam</strong></span> <span class='ocrx_word' id='word_1_201' title='bbox 1186 2866 1302 2921; x_wconf 89' lang='lat' dir='ltr'><strong>vita</strong></span> <span class='ocrx_word' id='word_1_202' title='bbox 1324 2873 1412 2923; x_wconf 90' lang='lat' dir='ltr'><strong>est</strong></span> <span class='ocrx_word' id='word_1_203' title='bbox 1432 2866 1616 2921; x_wconf 90' lang='lat' dir='ltr'><strong>multo</strong></span> <span class='ocrx_word' id='word_1_204' title='bbox 1648 2864 2018 2937; x_wconf 71' lang='lat' dir='ltr'><strong>praestantior</strong></span> 
     </span>
    </p>
   </div>
   <div class='ocr_carea' id='block_1_32' title="bbox 371 2954 2017 3029">
    <p class='ocr_par' dir='ltr' id='par_1_32' title="bbox 371 2954 2017 3029">
     <span class='ocr_line' id='line_1_32' title="bbox 371 2954 2017 3029; baseline -0.004 -16"><span class='ocrx_word' id='word_1_205' title='bbox 371 2960 504 3025; x_wconf 88' lang='lat' dir='ltr'><strong>hac,</strong></span> <span class='ocrx_word' id='word_1_206' title='bbox 540 2975 665 3029; x_wconf 63' lang='lat' dir='ltr'><strong>quae</strong></span> <span class='ocrx_word' id='word_1_207' title='bbox 687 2959 920 3014; x_wconf 85' lang='lat' dir='ltr'><strong>videtur</strong></span> <span class='ocrx_word' id='word_1_208' title='bbox 945 2975 957 3011; x_wconf 86' lang='lat'><strong>:</strong></span> <span class='ocrx_word' id='word_1_209' title='bbox 979 2958 1123 3011; x_wconf 87' lang='lat' dir='ltr'><strong>alter</strong></span> <span class='ocrx_word' id='word_1_210' title='bbox 1145 2958 1384 3028; x_wconf 83' lang='lat' dir='ltr'><strong>quidam</strong></span> <span class='ocrx_word' id='word_1_211' title='bbox 1419 2957 1695 3024; x_wconf 89' lang='lat' dir='ltr'><strong>mundus,</strong></span> <span class='ocrx_word' id='word_1_212' title='bbox 1714 2960 1771 3010; x_wconf 87' lang='lat' dir='ltr'><strong>et</strong></span> <span class='ocrx_word' id='word_1_213' title='bbox 1801 2954 2017 3024; x_wconf 89' lang='lat' dir='ltr'><strong>sempi-</strong></span> 
     </span>
    </p>
   </div>
   <div class='ocr_carea' id='block_1_33' title="bbox 370 3044 2020 3114">
    <p class='ocr_par' dir='ltr' id='par_1_33' title="bbox 370 3044 2020 3114">
     <span class='ocr_line' id='line_1_33' title="bbox 370 3044 2020 3114; baseline -0.004 -10"><span class='ocrx_word' id='word_1_214' title='bbox 370 3056 540 3104; x_wconf 89' lang='lat' dir='ltr'><strong>terna</strong></span> <span class='ocrx_word' id='word_1_215' title='bbox 598 3065 786 3102; x_wconf 85' lang='lat' dir='ltr'><strong>rerum</strong></span> <span class='ocrx_word' id='word_1_216' title='bbox 848 3048 1131 3102; x_wconf 89' lang='lat' dir='ltr'><strong>bonarum</strong></span> <span class='ocrx_word' id='word_1_217' title='bbox 1192 3046 1518 3111; x_wconf 85' lang='lat' dir='ltr'><strong>delectatio,</strong></span> <span class='ocrx_word' id='word_1_218' title='bbox 1553 3044 1710 3098; x_wconf 88' lang='lat' dir='ltr'><strong>nullo</strong></span> <span class='ocrx_word' id='word_1_219' title='bbox 1758 3047 2020 3114; x_wconf 88' lang='lat' dir='ltr'><strong>tempore</strong></span> 
     </span>
    </p>
   </div>
   <div class='ocr_carea' id='block_1_34' title="bbox 372 3134 2020 3209">
    <p class='ocr_par' dir='ltr' id='par_1_34' title="bbox 372 3134 2020 3209">
     <span class='ocr_line' id='line_1_34' title="bbox 372 3134 2020 3209; baseline -0.004 -13"><span class='ocrx_word' id='word_1_220' title='bbox 372 3138 838 3209; x_wconf 89' lang='lat' dir='ltr'><strong>circumscripta,</strong></span> <span class='ocrx_word' id='word_1_221' title='bbox 890 3138 993 3192; x_wconf 90' lang='lat' dir='ltr'><strong>sed</strong></span> <span class='ocrx_word' id='word_1_222' title='bbox 1052 3151 1370 3207; x_wconf 88' lang='lat' dir='ltr'><strong>perennem</strong></span> <span class='ocrx_word' id='word_1_223' title='bbox 1412 3134 1847 3205; x_wconf 87' lang='lat' dir='ltr'><strong>jucunditatem</strong></span> <span class='ocrx_word' id='word_1_224' title='bbox 1880 3135 2020 3189; x_wconf 78' lang='lat' dir='ltr'><strong>affe—</strong></span> 
     </span>
    </p>
   </div>
   <div class='ocr_carea' id='block_1_35' title="bbox 374 3223 2021 3297">
    <p class='ocr_par' dir='ltr' id='par_1_35' title="bbox 374 3223 2021 3297">
     <span class='ocr_line' id='line_1_35' title="bbox 374 3223 2021 3297; baseline -0.003 -16"><span class='ocrx_word' id='word_1_225' title='bbox 374 3244 510 3283; x_wconf 89' lang='lat' dir='ltr'><strong>rens</strong></span> <span class='ocrx_word' id='word_1_226' title='bbox 544 3245 557 3281; x_wconf 90' lang='lat'><strong>:</strong></span> <span class='ocrx_word' id='word_1_227' title='bbox 595 3232 898 3297; x_wconf 85' lang='lat' dir='ltr'><strong>propterea</strong></span> <span class='ocrx_word' id='word_1_228' title='bbox 920 3226 1201 3279; x_wconf 87' lang='lat' dir='ltr'><strong>mundum</strong></span> <span class='ocrx_word' id='word_1_229' title='bbox 1225 3223 1375 3279; x_wconf 90' lang='lat' dir='ltr'><strong>hunc</strong></span> <span class='ocrx_word' id='word_1_230' title='bbox 1392 3223 1789 3295; x_wconf 87' lang='lat' dir='ltr'><strong>spectabilem,</strong></span> <span class='ocrx_word' id='word_1_231' title='bbox 1813 3227 1870 3278; x_wconf 89' lang='lat' dir='ltr'><strong>et</strong></span> <span class='ocrx_word' id='word_1_232' title='bbox 1900 3240 2021 3277; x_wconf 87' lang='lat' dir='ltr'><strong>car-</strong></span> 
     </span>
    </p>
   </div>
   <div class='ocr_carea' id='block_1_36' title="bbox 2112 629 3132 706">
    <p class='ocr_par' dir='ltr' id='par_1_36' title="bbox 2112 629 3132 706">
     <span class='ocr_line' id='line_1_36' title="bbox 2112 629 3132 706; baseline 0.002 -20"><span class='ocrx_word' id='word_1_233' title='bbox 2112 636 2220 686; x_wconf 82' lang='grc' dir='ltr'>τῶν</span> <span class='ocrx_word' id='word_1_234' title='bbox 2252 630 2568 705; x_wconf 83' lang='grc' dir='ltr'>κακούργων</span> <span class='ocrx_word' id='word_1_235' title='bbox 2605 629 2826 685; x_wconf 85' lang='grc' dir='ltr'>θάνατον</span> <span class='ocrx_word' id='word_1_236' title='bbox 2864 632 3132 706; x_wconf 79' lang='grc' dir='ltr'>ὑποστῇς.</span> 
     </span>
    </p>
   </div>
   <div class='ocr_carea' id='block_1_37' title="bbox 2188 720 3779 799">
    <p class='ocr_par' dir='ltr' id='par_1_37' title="bbox 2188 720 3779 799">
     <span class='ocr_line' id='line_1_37' title="bbox 2188 720 3779 799; baseline 0.007 -26"><span class='ocrx_word' id='word_1_237' title='bbox 2188 727 2251 790; x_wconf 86' lang='grc' dir='ltr'>ς’,</span> <span class='ocrx_word' id='word_1_238' title='bbox 2296 720 2434 794; x_wconf 83' lang='grc' dir='ltr'>Ηρὸς</span> <span class='ocrx_word' id='word_1_239' title='bbox 2471 724 2638 773; x_wconf 88' lang='grc' dir='ltr'>ταῦτα</span> <span class='ocrx_word' id='word_1_240' title='bbox 2686 721 2714 773; x_wconf 84' lang='grc' dir='ltr'><strong>ὁ</strong></span> <span class='ocrx_word' id='word_1_241' title='bbox 2764 722 2965 795; x_wconf 84' lang='grc' dir='ltr'>θερμὸς</span> <span class='ocrx_word' id='word_1_242' title='bbox 3017 722 3191 787; x_wconf 78' lang='grc' dir='ltr'>ὅντως</span> <span class='ocrx_word' id='word_1_243' title='bbox 3244 726 3451 787; x_wconf 73' lang='grc' dir='ltr'>ἒκεῐνος</span> <span class='ocrx_word' id='word_1_244' title='bbox 3506 731 3605 793; x_wconf 76' lang='grc' dir='ltr'><strong>τῆς</strong></span> <span class='ocrx_word' id='word_1_245' title='bbox 3635 729 3779 799; x_wconf 80' lang='grc' dir='ltr'>ἀλη-</span> 
     </span>
    </p>
   </div>
   <div class='ocr_carea' id='block_1_38' title="bbox 2118 808 3769 892">
    <p class='ocr_par' dir='ltr' id='par_1_38' title="bbox 2118 808 3769 892">
     <span class='ocr_line' id='line_1_38' title="bbox 2118 808 3769 892; baseline 0.007 -30"><span class='ocrx_word' id='word_1_246' title='bbox 2118 808 2262 870; x_wconf 86' lang='grc' dir='ltr'>θείας</span> <span class='ocrx_word' id='word_1_247' title='bbox 2323 808 2643 882; x_wconf 83' lang='grc' dir='ltr'>ὑπέρμαχος</span> <span class='ocrx_word' id='word_1_248' title='bbox 2682 808 2949 863; x_wconf 78' lang='grc' dir='ltr'><strong>ἀπόνοιαν</strong></span> <span class='ocrx_word' id='word_1_249' title='bbox 3008 809 3173 866; x_wconf 81' lang='grc' dir='ltr'>αὐτοῦ</span> <span class='ocrx_word' id='word_1_250' title='bbox 3230 821 3371 889; x_wconf 70' lang='grc' dir='ltr'>σαφῆ</span> <span class='ocrx_word' id='word_1_251' title='bbox 3450 820 3769 892; x_wconf 68' lang='grc' dir='ltr'>καταγνοὺς,</span> 
     </span>
    </p>
   </div>
   <div class='ocr_carea' id='block_1_39' title="bbox 2118 897 3773 972">
    <p class='ocr_par' dir='ltr' id='par_1_39' title="bbox 2118 897 3773 972">
     <span class='ocr_line' id='line_1_39' title="bbox 2118 897 3773 972; baseline 0.006 -21"><span class='ocrx_word' id='word_1_252' title='bbox 2118 900 2201 952; x_wconf 83' lang='grc' dir='ltr'>ὅτι</span> <span class='ocrx_word' id='word_1_253' title='bbox 2256 899 2347 952; x_wconf 82' lang='grc' dir='ltr'><strong>καὶ</strong></span> <span class='ocrx_word' id='word_1_254' title='bbox 2398 897 2741 972; x_wconf 72' lang='grc' dir='ltr'><strong>παραινέσεσι</strong></span> <span class='ocrx_word' id='word_1_255' title='bbox 2813 897 2969 967; x_wconf 84' lang='grc' dir='ltr'>δῆθεν</span> <span class='ocrx_word' id='word_1_256' title='bbox 3030 901 3189 956; x_wconf 82' lang='grc' dir='ltr'>αὐτὸν</span> <span class='ocrx_word' id='word_1_257' title='bbox 3249 905 3341 958; x_wconf 88' lang='lat' dir='ltr'><strong>xui</strong></span> <span class='ocrx_word' id='word_1_258' title='bbox 3398 903 3773 969; x_wconf 78' lang='grc' dir='ltr'>διδασκαλίαις</span> 
     </span>
    </p>
   </div>
   <div class='ocr_carea' id='block_1_40' title="bbox 2117 985 3774 1071">
    <p class='ocr_par' dir='ltr' id='par_1_40' title="bbox 2117 985 3774 1071">
     <span class='ocr_line' id='line_1_40' title="bbox 2117 985 3774 1071; baseline 0.006 -30"><span class='ocrx_word' id='word_1_259' title='bbox 2117 986 2472 1062; x_wconf 70' lang='grc' dir='ltr'>ἐπαγαγέσθαι</span> <span class='ocrx_word' id='word_1_260' title='bbox 2523 988 2661 1061; x_wconf 84' lang='grc' dir='ltr'>πρὸς</span> <span class='ocrx_word' id='word_1_261' title='bbox 2707 989 2807 1056; x_wconf 76' lang='grc' dir='ltr'>τὴν</span> <span class='ocrx_word' id='word_1_262' title='bbox 2855 985 3100 1044; x_wconf 79' lang='grc' dir='ltr'>ἀσέϐειαν</span> <span class='ocrx_word' id='word_1_263' title='bbox 3161 990 3438 1066; x_wconf 72' lang='grc' dir='ltr'>ἐπειρᾶτο,</span> <span class='ocrx_word' id='word_1_264' title='bbox 3513 997 3774 1071; x_wconf 82' lang='grc' dir='ltr'>ἀπόγνω-</span> 
     </span>
    </p>
   </div>
   <div class='ocr_carea' id='block_1_41' title="bbox 2119 1076 3773 1154">
    <p class='ocr_par' dir='ltr' id='par_1_41' title="bbox 2119 1076 3773 1154">
     <span class='ocr_line' id='line_1_41' title="bbox 2119 1076 3773 1154; baseline 0.004 -22"><span class='ocrx_word' id='word_1_265' title='bbox 2119 1099 2200 1132; x_wconf 88' lang='grc' dir='ltr'><strong>σιν</strong></span> <span class='ocrx_word' id='word_1_266' title='bbox 2260 1076 2405 1149; x_wconf 75' lang='grc' dir='ltr'>αύτῷ</span> <span class='ocrx_word' id='word_1_267' title='bbox 2453 1077 2512 1131; x_wconf 81' lang='grc' dir='ltr'>ἐκ</span> <span class='ocrx_word' id='word_1_268' title='bbox 2558 1082 2869 1150; x_wconf 79' lang='grc' dir='ltr'>προοιμιῶν</span> <span class='ocrx_word' id='word_1_269' title='bbox 2928 1078 3080 1136; x_wconf 76' lang='grc' dir='ltr'>εὐθὺς</span> <span class='ocrx_word' id='word_1_270' title='bbox 3139 1081 3332 1135; x_wconf 74' lang='grc' dir='ltr'>ἑαυτοῦ</span> <span class='ocrx_word' id='word_1_271' title='bbox 3393 1083 3613 1154; x_wconf 83' lang='grc' dir='ltr'>ἐμποιεῖ</span> <span class='ocrx_word' id='word_1_272' title='bbox 3678 1087 3773 1140; x_wconf 82' lang='lat' dir='ltr'><strong>xui</strong></span> 
     </span>
    </p>
   </div>
   <div class='ocr_carea' id='block_1_42' title="bbox 2117 1163 3770 1250">
    <p class='ocr_par' dir='ltr' id='par_1_42' title="bbox 2117 1163 3770 1250">
     <span class='ocr_line' id='line_1_42' title="bbox 2117 1163 3770 1250; baseline 0.004 -29"><span class='ocrx_word' id='word_1_273' title='bbox 2117 1171 2226 1221; x_wconf 81' lang='grc' dir='ltr'>τῶν</span> <span class='ocrx_word' id='word_1_274' title='bbox 2273 1163 2512 1221; x_wconf 81' lang='grc' dir='ltr'>ἐλπίδων</span> <span class='ocrx_word' id='word_1_275' title='bbox 2559 1166 2775 1221; x_wconf 77' lang='grc' dir='ltr'>ἐκείνων</span> <span class='ocrx_word' id='word_1_276' title='bbox 2836 1166 3102 1242; x_wconf 76' lang='grc' dir='ltr'>ἐκκρούει.</span> <span class='ocrx_word' id='word_1_277' title='bbox 3158 1172 3291 1243; x_wconf 78' lang='grc' dir='ltr'>Ἑμέ</span> <span class='ocrx_word' id='word_1_278' title='bbox 3340 1174 3463 1246; x_wconf 74' lang='grc' dir='ltr'>γὰρ,</span> <span class='ocrx_word' id='word_1_279' title='bbox 3505 1175 3692 1250; x_wconf 73' lang='grc' dir='ltr'>φησὶν,</span> <span class='ocrx_word' id='word_1_280' title='bbox 3727 1172 3770 1227; x_wconf 85' lang='grc' dir='ltr'><strong>ὦ</strong></span> 
     </span>
    </p>
   </div>
   <div class='ocr_carea' id='block_1_43' title="bbox 2120 1254 3770 1339">
    <p class='ocr_par' dir='ltr' id='par_1_43' title="bbox 2120 1254 3770 1339">
     <span class='ocr_line' id='line_1_43' title="bbox 2120 1254 3770 1339; baseline 0.004 -29"><span class='ocrx_word' id='word_1_281' title='bbox 2120 1254 2366 1327; x_wconf 55' lang='lat' dir='ltr'><strong>atauo-tu,</strong></span> <span class='ocrx_word' id='word_1_282' title='bbox 2436 1257 2535 1311; x_wconf 82' lang='grc' dir='ltr'>οὐκ</span> <span class='ocrx_word' id='word_1_283' title='bbox 2602 1255 2661 1310; x_wconf 74' lang='grc' dir='ltr'><strong>ἂν</strong></span> <span class='ocrx_word' id='word_1_284' title='bbox 2727 1277 2859 1311; x_wconf 81' lang='grc' dir='ltr'>ποτε</span> <span class='ocrx_word' id='word_1_285' title='bbox 2916 1264 3018 1326; x_wconf 78' lang='grc' dir='ltr'><strong>τῆς</strong></span> <span class='ocrx_word' id='word_1_286' title='bbox 3067 1279 3363 1336; x_wconf 70' lang='grc' dir='ltr'>συντρόφου</span> <span class='ocrx_word' id='word_1_287' title='bbox 3424 1263 3514 1315; x_wconf 84' lang='lat' dir='ltr'><strong>xui</strong></span> <span class='ocrx_word' id='word_1_288' title='bbox 3601 1263 3770 1339; x_wconf 63' lang='grc' dir='ltr'>ςιίλης</span> 
     </span>
    </p>
   </div>
   <div class='ocr_carea' id='block_1_44' title="bbox 2120 1340 3770 1424">
    <p class='ocr_par' dir='ltr' id='par_1_44' title="bbox 2120 1340 3770 1424">
     <span class='ocr_line' id='line_1_44' title="bbox 2120 1340 3770 1424; baseline 0.005 -25"><span class='ocrx_word' id='word_1_289' title='bbox 2120 1340 2391 1406; x_wconf 76' lang='grc' dir='ltr'>εὐσεϐείας</span> <span class='ocrx_word' id='word_1_290' title='bbox 2446 1344 2798 1415; x_wconf 74' lang='grc' dir='ltr'>ἀποστήσεις,</span> <span class='ocrx_word' id='word_1_291' title='bbox 2871 1346 2932 1401; x_wconf 80' lang='grc' dir='ltr'>ού</span> <span class='ocrx_word' id='word_1_292' title='bbox 2990 1348 3130 1420; x_wconf 84' lang='grc' dir='ltr'>πρὸς</span> <span class='ocrx_word' id='word_1_293' title='bbox 3207 1346 3423 1423; x_wconf 76' lang='grc' dir='ltr'>ἄρνησιν</span> <span class='ocrx_word' id='word_1_294' title='bbox 3482 1350 3770 1424; x_wconf 79' lang='grc' dir='ltr'>ἐκκαλέσῃ,</span> 
     </span>
    </p>
   </div>
   <div class='ocr_carea' id='block_1_45' title="bbox 2117 1434 3773 1515">
    <p class='ocr_par' dir='ltr' id='par_1_45' title="bbox 2117 1434 3773 1515">
     <span class='ocr_line' id='line_1_45' title="bbox 2117 1434 3773 1515; baseline 0.004 -26"><span class='ocrx_word' id='word_1_295' title='bbox 2117 1441 2219 1503; x_wconf 80' lang='grc' dir='ltr'><strong>τῆς</strong></span> <span class='ocrx_word' id='word_1_296' title='bbox 2260 1438 2356 1489; x_wconf 88' lang='grc' dir='ltr'><strong>τοῦ</strong></span> <span class='ocrx_word' id='word_1_297' title='bbox 2397 1438 2635 1508; x_wconf 78' lang='grc' dir='ltr'><strong>Χριστοῦ</strong></span> <span class='ocrx_word' id='word_1_298' title='bbox 2677 1434 2985 1509; x_wconf 80' lang='grc' dir='ltr'>ὁμολογίας</span> <span class='ocrx_word' id='word_1_299' title='bbox 3025 1437 3125 1491; x_wconf 82' lang='grc' dir='ltr'><strong>οὐκ</strong></span> <span class='ocrx_word' id='word_1_300' title='bbox 3165 1436 3305 1492; x_wconf 83' lang='grc' dir='ltr'>ἄλλο</span> <span class='ocrx_word' id='word_1_301' title='bbox 3336 1461 3388 1495; x_wconf 91' lang='grc' dir='ltr'><strong>τι</strong></span> <span class='ocrx_word' id='word_1_302' title='bbox 3434 1445 3543 1494; x_wconf 80' lang='grc' dir='ltr'><strong>τῶν</strong></span> <span class='ocrx_word' id='word_1_303' title='bbox 3566 1440 3773 1515; x_wconf 75' lang='grc' dir='ltr'>ἁγενῶν</span> 
     </span>
    </p>
   </div>
   <div class='ocr_carea' id='block_1_46' title="bbox 2122 1522 3771 1603">
    <p class='ocr_par' dir='ltr' id='par_1_46' title="bbox 2122 1522 3771 1603">
     <span class='ocr_line' id='line_1_46' title="bbox 2122 1522 3771 1603; baseline 0.004 -24"><span class='ocrx_word' id='word_1_304' title='bbox 2122 1522 2312 1598; x_wconf 79' lang='grc' dir='ltr'>δρᾶσαι</span> <span class='ocrx_word' id='word_1_305' title='bbox 2369 1526 2795 1599; x_wconf 75' lang='grc' dir='ltr'>παρασκευάσεις</span> <span class='ocrx_word' id='word_1_306' title='bbox 2963 1525 3311 1602; x_wconf 75' lang='grc' dir='ltr'>φθέγξασθαι.</span> <span class='ocrx_word' id='word_1_307' title='bbox 3367 1530 3599 1603; x_wconf 85' lang='grc' dir='ltr'>Χριστὸν</span> <span class='ocrx_word' id='word_1_308' title='bbox 3674 1536 3771 1603; x_wconf 73' lang='grc' dir='ltr'><strong>γὰρ</strong></span> 
     </span>
    </p>
   </div>
   <div class='ocr_carea' id='block_1_47' title="bbox 2121 1610 3772 1687">
    <p class='ocr_par' dir='ltr' id='par_1_47' title="bbox 2121 1610 3772 1687">
     <span class='ocr_line' id='line_1_47' title="bbox 2121 1610 3772 1687; baseline 0.004 -20"><span class='ocrx_word' id='word_1_309' title='bbox 2121 1610 2409 1686; x_wconf 82' lang='grc' dir='ltr'><strong>ὁμολογῶ,</strong></span> <span class='ocrx_word' id='word_1_310' title='bbox 2467 1613 2707 1687; x_wconf 86' lang='grc' dir='ltr'>Χριστὸν</span> <span class='ocrx_word' id='word_1_311' title='bbox 2766 1613 3145 1686; x_wconf 89' lang='grc' dir='ltr'>ἀνακηρύττω,</span> <span class='ocrx_word' id='word_1_312' title='bbox 3206 1613 3277 1670; x_wconf 82' lang='grc' dir='ltr'><strong>δι’</strong></span> <span class='ocrx_word' id='word_1_313' title='bbox 3334 1618 3394 1670; x_wconf 76' lang='grc' dir='ltr'>οὗ</span> <span class='ocrx_word' id='word_1_314' title='bbox 3462 1619 3526 1672; x_wconf 75' lang='grc' dir='ltr'><strong>τὰ</strong></span> <span class='ocrx_word' id='word_1_315' title='bbox 3604 1621 3772 1673; x_wconf 70' lang='grc' dir='ltr'>πάντα</span> 
     </span>
    </p>
   </div>
   <div class='ocr_carea' id='block_1_48' title="bbox 2119 1699 3775 1779">
    <p class='ocr_par' dir='ltr' id='par_1_48' title="bbox 2119 1699 3775 1779">
     <span class='ocr_line' id='line_1_48' title="bbox 2119 1699 3775 1779; baseline 0.005 -25"><span class='ocrx_word' id='word_1_316' title='bbox 2119 1708 2394 1775; x_wconf 74' lang='grc' dir='ltr'><strong>παρῆκται</strong></span> <span class='ocrx_word' id='word_1_317' title='bbox 2439 1702 2529 1755; x_wconf 84' lang='grc' dir='ltr'><strong>καὶ</strong></span> <span class='ocrx_word' id='word_1_318' title='bbox 2583 1699 2870 1776; x_wconf 76' lang='grc' dir='ltr'>ἄνθρωπος</span> <span class='ocrx_word' id='word_1_319' title='bbox 2925 1699 3254 1771; x_wconf 79' lang='grc' dir='ltr'><strong>πέπλασται,</strong></span> <span class='ocrx_word' id='word_1_320' title='bbox 3297 1708 3385 1759; x_wconf 86' lang='grc' dir='ltr'>καὶ</span> <span class='ocrx_word' id='word_1_321' title='bbox 3422 1707 3596 1779; x_wconf 82' lang='grc' dir='ltr'>νόμος</span> <span class='ocrx_word' id='word_1_322' title='bbox 3629 1709 3775 1779; x_wconf 78' lang='grc' dir='ltr'>αύτῷ</span> 
     </span>
    </p>
   </div>
   <div class='ocr_carea' id='block_1_49' title="bbox 2119 1788 3776 1869">
    <p class='ocr_par' dir='ltr' id='par_1_49' title="bbox 2119 1788 3776 1869">
     <span class='ocr_line' id='line_1_49' title="bbox 2119 1788 3776 1869; baseline 0.003 -24"><span class='ocrx_word' id='word_1_323' title='bbox 2119 1791 2376 1845; x_wconf 82' lang='grc' dir='ltr'>τελεῖται·</span> <span class='ocrx_word' id='word_1_324' title='bbox 2444 1791 2535 1844; x_wconf 78' lang='grc' dir='ltr'><strong>καὶ</strong></span> <span class='ocrx_word' id='word_1_325' title='bbox 2590 1796 2720 1852; x_wconf 91' lang='grc' dir='ltr'>νοῦς</span> <span class='ocrx_word' id='word_1_326' title='bbox 2781 1788 2995 1846; x_wconf 82' lang='grc' dir='ltr'>δέδοται</span> <span class='ocrx_word' id='word_1_327' title='bbox 3071 1793 3291 1848; x_wconf 75' lang='grc' dir='ltr'>πάντων</span> <span class='ocrx_word' id='word_1_328' title='bbox 3361 1798 3591 1869; x_wconf 80' lang='grc' dir='ltr'>ἡγεμὼν</span> <span class='ocrx_word' id='word_1_329' title='bbox 3686 1799 3776 1852; x_wconf 84' lang='lat' dir='ltr'><strong>xui</strong></span> 
     </span>
    </p>
   </div>
   <div class='ocr_carea' id='block_1_50' title="bbox 2043 1877 3775 1977">
    <p class='ocr_par' dir='ltr' id='par_1_50' title="bbox 2043 1877 3775 1977">
     <span class='ocr_line' id='line_1_50' title="bbox 2043 1877 3775 1977; baseline 0.003 -44"><span class='ocrx_word' id='word_1_330' title='bbox 2043 1913 2099 1977; x_wconf 82' lang='lat' dir='ltr'>B</span> <span class='ocrx_word' id='word_1_331' title='bbox 2123 1877 2473 1947; x_wconf 79' lang='grc' dir='ltr'>διδάσκαλος,</span> <span class='ocrx_word' id='word_1_332' title='bbox 2519 1881 2580 1941; x_wconf 78' lang='grc' dir='ltr'><strong>ὅς</strong></span> <span class='ocrx_word' id='word_1_333' title='bbox 2622 1879 2709 1934; x_wconf 86' lang='grc' dir='ltr'><strong>ἐπὶ</strong></span> <span class='ocrx_word' id='word_1_334' title='bbox 2764 1880 3010 1955; x_wconf 81' lang='grc' dir='ltr'>σωτηρίᾳ</span> <span class='ocrx_word' id='word_1_335' title='bbox 3036 1887 3144 1937; x_wconf 79' lang='grc' dir='ltr'><strong>τῶν</strong></span> <span class='ocrx_word' id='word_1_336' title='bbox 3175 1882 3551 1939; x_wconf 80' lang='grc' dir='ltr'>ἀπολωλότων</span> <span class='ocrx_word' id='word_1_337' title='bbox 3590 1888 3775 1956; x_wconf 68' lang='grc' dir='ltr'>ἡμῶν,</span> 
     </span>
    </p>
   </div>
   <div class='ocr_carea' id='block_1_51' title="bbox 2126 1969 3771 2045">
    <p class='ocr_par' dir='ltr' id='par_1_51' title="bbox 2126 1969 3771 2045">
     <span class='ocr_line' id='line_1_51' title="bbox 2126 1969 3771 2045; baseline 0.004 -22"><span class='ocrx_word' id='word_1_338' title='bbox 2126 1969 2218 2024; x_wconf 81' lang='grc' dir='ltr'><strong>καὶ</strong></span> <span class='ocrx_word' id='word_1_339' title='bbox 2263 1969 2621 2042; x_wconf 77' lang='grc' dir='ltr'>σεσάρκωται,</span> <span class='ocrx_word' id='word_1_340' title='bbox 2679 1970 2770 2023; x_wconf 86' lang='grc' dir='ltr'><strong>καὶ</strong></span> <span class='ocrx_word' id='word_1_341' title='bbox 2819 1969 3178 2045; x_wconf 72' lang='grc' dir='ltr'>ἐσταύρωται,</span> <span class='ocrx_word' id='word_1_342' title='bbox 3220 1974 3310 2027; x_wconf 67' lang='grc' dir='ltr'><strong>κάξ</strong></span> <span class='ocrx_word' id='word_1_343' title='bbox 3362 1975 3622 2030; x_wconf 79' lang='grc' dir='ltr'>τέθαπται</span> <span class='ocrx_word' id='word_1_344' title='bbox 3682 1977 3771 2029; x_wconf 72' lang='grc' dir='ltr'><strong>καὶ</strong></span> 
     </span>
    </p>
   </div>
   <div class='ocr_carea' id='block_1_52' title="bbox 2128 2057 3778 2133">
    <p class='ocr_par' dir='ltr' id='par_1_52' title="bbox 2128 2057 3778 2133">
     <span class='ocr_line' id='line_1_52' title="bbox 2128 2057 3778 2133; baseline 0.003 -20"><span class='ocrx_word' id='word_1_345' title='bbox 2128 2057 2435 2133; x_wconf 66' lang='grc' dir='ltr'>ἐγήγερται,</span> <span class='ocrx_word' id='word_1_346' title='bbox 2485 2058 2576 2111; x_wconf 78' lang='grc' dir='ltr'><strong>καὶ</strong></span> <span class='ocrx_word' id='word_1_347' title='bbox 2625 2059 2760 2131; x_wconf 85' lang='grc' dir='ltr'>πρὸς</span> <span class='ocrx_word' id='word_1_348' title='bbox 2810 2060 3079 2133; x_wconf 72' lang='grc' dir='ltr'>οὐρανοὺς</span> <span class='ocrx_word' id='word_1_349' title='bbox 3120 2060 3467 2130; x_wconf 81' lang='grc' dir='ltr'>ἀνείληπται·</span> <span class='ocrx_word' id='word_1_350' title='bbox 3529 2064 3619 2117; x_wconf 82' lang='lat' dir='ltr'><strong>xui</strong></span> <span class='ocrx_word' id='word_1_351' title='bbox 3668 2067 3778 2118; x_wconf 79' lang='grc' dir='ltr'>πά-</span> 
     </span>
    </p>
   </div>
   <div class='ocr_carea' id='block_1_53' title="bbox 2130 2144 3774 2221">
    <p class='ocr_par' dir='ltr' id='par_1_53' title="bbox 2130 2144 3774 2221">
     <span class='ocr_line' id='line_1_53' title="bbox 2130 2144 3774 2221; baseline 0.004 -21"><span class='ocrx_word' id='word_1_352' title='bbox 2130 2144 2214 2200; x_wconf 90' lang='grc' dir='ltr'><strong>λιν</strong></span> <span class='ocrx_word' id='word_1_353' title='bbox 2270 2145 2583 2200; x_wconf 78' lang='grc' dir='ltr'>ἐλεύσεσθαι</span> <span class='ocrx_word' id='word_1_354' title='bbox 2653 2149 2785 2218; x_wconf 84' lang='grc' dir='ltr'><strong>μετά</strong></span> <span class='ocrx_word' id='word_1_355' title='bbox 2852 2144 3008 2221; x_wconf 81' lang='grc' dir='ltr'><strong>δόξῃς</strong></span> <span class='ocrx_word' id='word_1_356' title='bbox 3084 2151 3456 2207; x_wconf 85' lang='grc' dir='ltr'>πεπίστευται.</span> <span class='ocrx_word' id='word_1_357' title='bbox 3507 2153 3595 2213; x_wconf 79' lang='grc' dir='ltr'>Ὠς</span> <span class='ocrx_word' id='word_1_358' title='bbox 3672 2152 3774 2217; x_wconf 64' lang='grc' dir='ltr'>εἴθε</span> 
     </span>
    </p>
   </div>
   <div class='ocr_carea' id='block_1_54' title="bbox 2129 2231 3770 2316">
    <p class='ocr_par' dir='ltr' id='par_1_54' title="bbox 2129 2231 3770 2316">
     <span class='ocr_line' id='line_1_54' title="bbox 2129 2231 3770 2316; baseline 0.006 -30"><span class='ocrx_word' id='word_1_359' title='bbox 2129 2232 2215 2287; x_wconf 79' lang='grc' dir='ltr'>καὶ</span> <span class='ocrx_word' id='word_1_360' title='bbox 2241 2233 2301 2287; x_wconf 85' lang='grc' dir='ltr'><strong>ού</strong></span> <span class='ocrx_word' id='word_1_361' title='bbox 2351 2234 2449 2300; x_wconf 78' lang='grc' dir='ltr'><strong>τήν</strong></span> <span class='ocrx_word' id='word_1_362' title='bbox 2483 2231 2778 2303; x_wconf 72' lang='grc' dir='ltr'>είδωλικήν</span> <span class='ocrx_word' id='word_1_363' title='bbox 2818 2234 3008 2308; x_wconf 80' lang='grc' dir='ltr'>λήμην</span> <span class='ocrx_word' id='word_1_364' title='bbox 3039 2243 3150 2292; x_wconf 83' lang='grc' dir='ltr'>τῶν</span> <span class='ocrx_word' id='word_1_365' title='bbox 3188 2246 3290 2307; x_wconf 80' lang='grc' dir='ltr'>τῆς</span> <span class='ocrx_word' id='word_1_366' title='bbox 3347 2244 3531 2316; x_wconf 77' lang='grc' dir='ltr'>ψυχῆς</span> <span class='ocrx_word' id='word_1_367' title='bbox 3594 2242 3770 2314; x_wconf 69' lang='grc' dir='ltr'>ὀμμα-</span> 
     </span>
    </p>
   </div>
   <div class='ocr_carea' id='block_1_55' title="bbox 2124 2318 3768 2403">
    <p class='ocr_par' dir='ltr' id='par_1_55' title="bbox 2124 2318 3768 2403">
     <span class='ocr_line' id='line_1_55' title="bbox 2124 2318 3768 2403; baseline 0.004 -26"><span class='ocrx_word' id='word_1_368' title='bbox 2124 2343 2233 2377; x_wconf 89' lang='grc' dir='ltr'><strong>των</strong></span> <span class='ocrx_word' id='word_1_369' title='bbox 2279 2318 2599 2394; x_wconf 72' lang='grc' dir='ltr'>ἀποϐαλὼν,</span> <span class='ocrx_word' id='word_1_370' title='bbox 2658 2325 2794 2398; x_wconf 85' lang='grc' dir='ltr'>πρὸς</span> <span class='ocrx_word' id='word_1_371' title='bbox 2844 2325 2905 2379; x_wconf 81' lang='grc' dir='ltr'><strong>τό</strong></span> <span class='ocrx_word' id='word_1_372' title='bbox 2947 2324 3116 2399; x_wconf 77' lang='grc' dir='ltr'>γλυκὺ</span> <span class='ocrx_word' id='word_1_373' title='bbox 3160 2331 3275 2403; x_wconf 68' lang='grc' dir='ltr'>φῶς</span> <span class='ocrx_word' id='word_1_374' title='bbox 3316 2328 3509 2383; x_wconf 79' lang='grc' dir='ltr'>ἐκείνου</span> <span class='ocrx_word' id='word_1_375' title='bbox 3548 2326 3768 2383; x_wconf 77' lang='grc' dir='ltr'>διέϐλε-</span> 
     </span>
    </p>
   </div>
   <div class='ocr_carea' id='block_1_56' title="bbox 2128 2410 3751 2488">
    <p class='ocr_par' dir='ltr' id='par_1_56' title="bbox 2128 2410 3751 2488">
     <span class='ocr_line' id='line_1_56' title="bbox 2128 2410 3751 2488; baseline 0.004 -24"><span class='ocrx_word' id='word_1_376' title='bbox 2128 2415 2251 2484; x_wconf 75' lang='grc' dir='ltr'>ψας.</span> <span class='ocrx_word' id='word_1_377' title='bbox 2287 2410 2444 2469; x_wconf 72' lang='grc' dir='ltr'><strong>Μπδὲ</strong></span> <span class='ocrx_word' id='word_1_378' title='bbox 2484 2414 2587 2488; x_wconf 71' lang='grc' dir='ltr'><strong>γὰρ</strong></span> <span class='ocrx_word' id='word_1_379' title='bbox 2630 2413 2823 2469; x_wconf 81' lang='grc' dir='ltr'>οἰέσθω</span> <span class='ocrx_word' id='word_1_380' title='bbox 2863 2436 2945 2477; x_wconf 89' lang='grc' dir='ltr'><strong>τις</strong></span> <span class='ocrx_word' id='word_1_381' title='bbox 2992 2416 3113 2483; x_wconf 76' lang='grc' dir='ltr'>εἰκῆ</span> <span class='ocrx_word' id='word_1_382' title='bbox 3154 2416 3243 2470; x_wconf 73' lang='grc' dir='ltr'><strong>καί</strong></span> <span class='ocrx_word' id='word_1_383' title='bbox 3297 2419 3470 2487; x_wconf 78' lang='grc' dir='ltr'>μάσην</span> <span class='ocrx_word' id='word_1_384' title='bbox 3506 2420 3647 2488; x_wconf 63' lang='grc' dir='ltr'>ἡμᾶς</span> <span class='ocrx_word' id='word_1_385' title='bbox 3688 2419 3751 2471; x_wconf 81' lang='grc' dir='ltr'>τὸ</span> 
     </span>
    </p>
   </div>
   <div class='ocr_carea' id='block_1_57' title="bbox 2130 2501 3765 2578">
    <p class='ocr_par' dir='ltr' id='par_1_57' title="bbox 2130 2501 3765 2578">
     <span class='ocr_line' id='line_1_57' title="bbox 2130 2501 3765 2578; baseline -0.004 -11"><span class='ocrx_word' id='word_1_386' title='bbox 2130 2506 2289 2573; x_wconf 76' lang='grc' dir='ltr'>σῶμα</span> <span class='ocrx_word' id='word_1_387' title='bbox 2326 2507 2444 2563; x_wconf 71' lang='grc' dir='ltr'>ταῖς</span> <span class='ocrx_word' id='word_1_388' title='bbox 2502 2503 2759 2575; x_wconf 72' lang='grc' dir='ltr'>βασάνοις</span> <span class='ocrx_word' id='word_1_389' title='bbox 2808 2501 3187 2578; x_wconf 74' lang='grc' dir='ltr'>παραδιδόναι·</span> <span class='ocrx_word' id='word_1_390' title='bbox 3244 2507 3354 2561; x_wconf 59' lang='grc' dir='ltr'>οὐχ</span> <span class='ocrx_word' id='word_1_391' title='bbox 3412 2506 3581 2568; x_wconf 65' lang='grc' dir='ltr'>οὕτως</span> <span class='ocrx_word' id='word_1_392' title='bbox 3612 2507 3765 2578; x_wconf 64' lang='grc' dir='ltr'>ἐσμεν</span> 
     </span>
    </p>
   </div>
   <div class='ocr_carea' id='block_1_58' title="bbox 2128 2587 3770 2664">
    <p class='ocr_par' dir='ltr' id='par_1_58' title="bbox 2128 2587 3770 2664">
     <span class='ocr_line' id='line_1_58' title="bbox 2128 2587 3770 2664; baseline 0.004 -23"><span class='ocrx_word' id='word_1_393' title='bbox 2128 2587 2283 2642; x_wconf 71' lang='grc' dir='ltr'>αὐτοὶ</span> <span class='ocrx_word' id='word_1_394' title='bbox 2342 2589 2542 2642; x_wconf 78' lang='grc' dir='ltr'>έαυτῶν</span> <span class='ocrx_word' id='word_1_395' title='bbox 2604 2589 2796 2664; x_wconf 78' lang='grc' dir='ltr'>ἐχθροὶ</span> <span class='ocrx_word' id='word_1_396' title='bbox 2856 2591 2946 2644; x_wconf 87' lang='lat' dir='ltr'><strong>xui</strong></span> <span class='ocrx_word' id='word_1_397' title='bbox 3003 2588 3313 2648; x_wconf 75' lang='grc' dir='ltr'>ἐπίϐουλοι.</span> <span class='ocrx_word' id='word_1_398' title='bbox 3369 2594 3528 2650; x_wconf 81' lang='grc' dir='ltr'>Ἀλλ’</span> <span class='ocrx_word' id='word_1_399' title='bbox 3590 2591 3770 2661; x_wconf 65' lang='grc' dir='ltr'>ἐπειδὴ</span> 
     </span>
    </p>
   </div>
   <div class='ocr_carea' id='block_1_59' title="bbox 2130 2675 3775 2757">
    <p class='ocr_par' dir='ltr' id='par_1_59' title="bbox 2130 2675 3775 2757">
     <span class='ocr_line' id='line_1_59' title="bbox 2130 2675 3775 2757; baseline 0.004 -26"><span class='ocrx_word' id='word_1_400' title='bbox 2130 2680 2244 2747; x_wconf 74' lang='grc' dir='ltr'>ζωή</span> <span class='ocrx_word' id='word_1_401' title='bbox 2276 2698 2359 2741; x_wconf 88' lang='grc' dir='ltr'><strong>τις</strong></span> <span class='ocrx_word' id='word_1_402' title='bbox 2399 2675 2539 2732; x_wconf 83' lang='grc' dir='ltr'>ἒστὶν</span> <span class='ocrx_word' id='word_1_403' title='bbox 2574 2676 2731 2752; x_wconf 75' lang='grc' dir='ltr'>ἑτέρα</span> <span class='ocrx_word' id='word_1_404' title='bbox 2786 2680 2931 2753; x_wconf 73' lang='grc' dir='ltr'>παρὰ</span> <span class='ocrx_word' id='word_1_405' title='bbox 2976 2681 3122 2736; x_wconf 83' lang='grc' dir='ltr'>πολὺ</span> <span class='ocrx_word' id='word_1_406' title='bbox 3174 2682 3432 2757; x_wconf 79' lang='grc' dir='ltr'>κρείττων</span> <span class='ocrx_word' id='word_1_407' title='bbox 3471 2690 3574 2751; x_wconf 68' lang='grc' dir='ltr'>τῆς</span> <span class='ocrx_word' id='word_1_408' title='bbox 3636 2685 3775 2756; x_wconf 80' lang='grc' dir='ltr'>όρω-</span> 
     </span>
    </p>
   </div>
   <div class='ocr_carea' id='block_1_60' title="bbox 2133 2766 3782 2846">
    <p class='ocr_par' dir='ltr' id='par_1_60' title="bbox 2133 2766 3782 2846">
     <span class='ocr_line' id='line_1_60' title="bbox 2133 2766 3782 2846; baseline 0.004 -27"><span class='ocrx_word' id='word_1_409' title='bbox 2133 2766 2322 2838; x_wconf 87' lang='grc' dir='ltr'>μένης,</span> <span class='ocrx_word' id='word_1_410' title='bbox 2354 2768 2445 2821; x_wconf 86' lang='lat' dir='ltr'><strong>xui</strong></span> <span class='ocrx_word' id='word_1_411' title='bbox 2511 2768 2719 2839; x_wconf 86' lang='grc' dir='ltr'>κόσμος</span> <span class='ocrx_word' id='word_1_412' title='bbox 2777 2766 2982 2844; x_wconf 69' lang='grc' dir='ltr'>ἕτερος,</span> <span class='ocrx_word' id='word_1_413' title='bbox 3050 2772 3141 2825; x_wconf 78' lang='grc' dir='ltr'><strong>καί</strong></span> <span class='ocrx_word' id='word_1_414' title='bbox 3200 2771 3418 2846; x_wconf 82' lang='grc' dir='ltr'>ἀγαθῶν</span> <span class='ocrx_word' id='word_1_415' title='bbox 3479 2772 3782 2833; x_wconf 80' lang='grc' dir='ltr'>ἀπόλαυσις</span> 
     </span>
    </p>
   </div>
   <div class='ocr_carea' id='block_1_61' title="bbox 2129 2856 3784 2933">
    <p class='ocr_par' dir='ltr' id='par_1_61' title="bbox 2129 2856 3784 2933">
     <span class='ocr_line' id='line_1_61' title="bbox 2129 2856 3784 2933; baseline 0.004 -24"><span class='ocrx_word' id='word_1_416' title='bbox 2129 2856 2344 2927; x_wconf 82' lang='grc' dir='ltr'>αἰωνία,</span> <span class='ocrx_word' id='word_1_417' title='bbox 2396 2856 2456 2911; x_wconf 83' lang='grc' dir='ltr'>οὐ</span> <span class='ocrx_word' id='word_1_418' title='bbox 2514 2857 2704 2931; x_wconf 84' lang='grc' dir='ltr'>χρόνῳ</span> <span class='ocrx_word' id='word_1_419' title='bbox 2757 2860 3136 2931; x_wconf 81' lang='grc' dir='ltr'>μητρουμένη,</span> <span class='ocrx_word' id='word_1_420' title='bbox 3176 2859 3322 2915; x_wconf 82' lang='grc' dir='ltr'><strong>ἀλλά</strong></span> <span class='ocrx_word' id='word_1_421' title='bbox 3380 2860 3643 2933; x_wconf 83' lang='grc' dir='ltr'>μένουσαν</span> <span class='ocrx_word' id='word_1_422' title='bbox 3706 2862 3784 2915; x_wconf 76' lang='grc' dir='ltr'>ἀεὶ</span> 
     </span>
    </p>
   </div>
   <div class='ocr_carea' id='block_1_62' title="bbox 2127 2945 3782 3026">
    <p class='ocr_par' dir='ltr' id='par_1_62' title="bbox 2127 2945 3782 3026">
     <span class='ocr_line' id='line_1_62' title="bbox 2127 2945 3782 3026; baseline 0.003 -28"><span class='ocrx_word' id='word_1_423' title='bbox 2127 2947 2227 3014; x_wconf 80' lang='grc' dir='ltr'>τὴν</span> <span class='ocrx_word' id='word_1_424' title='bbox 2271 2945 2605 3023; x_wconf 70' lang='grc' dir='ltr'>εὐφροσύνην</span> <span class='ocrx_word' id='word_1_425' title='bbox 2664 2947 3041 3022; x_wconf 81' lang='grc' dir='ltr'>παρεχομένη,</span> <span class='ocrx_word' id='word_1_426' title='bbox 3098 2948 3299 3003; x_wconf 89' lang='grc' dir='ltr'>τούτου</span> <span class='ocrx_word' id='word_1_427' title='bbox 3364 2970 3425 3026; x_wconf 90' lang='grc' dir='ltr'>γε</span> <span class='ocrx_word' id='word_1_428' title='bbox 3478 2948 3637 3005; x_wconf 76' lang='grc' dir='ltr'>ἕνεκα</span> <span class='ocrx_word' id='word_1_429' title='bbox 3694 2951 3782 3003; x_wconf 80' lang='grc' dir='ltr'><strong>καί</strong></span> 
     </span>
    </p>
   </div>
   <div class='ocr_carea' id='block_1_63' title="bbox 2130 3034 3791 3116">
    <p class='ocr_par' dir='ltr' id='par_1_63' title="bbox 2130 3034 3791 3116">
     <span class='ocr_line' id='line_1_63' title="bbox 2130 3034 3791 3116; baseline 0.002 -28"><span class='ocrx_word' id='word_1_430' title='bbox 2130 3034 2339 3107; x_wconf 81' lang='grc' dir='ltr'>κόσμου</span> <span class='ocrx_word' id='word_1_431' title='bbox 2400 3038 2496 3088; x_wconf 84' lang='grc' dir='ltr'><strong>τοῦ</strong></span> <span class='ocrx_word' id='word_1_432' title='bbox 2554 3036 2858 3108; x_wconf 74' lang='grc' dir='ltr'>ὁρωμένου,</span> <span class='ocrx_word' id='word_1_433' title='bbox 2917 3038 3006 3091; x_wconf 84' lang='lat' dir='ltr'><strong>xui</strong></span> <span class='ocrx_word' id='word_1_434' title='bbox 3075 3040 3273 3111; x_wconf 84' lang='grc' dir='ltr'>σαρκὸς</span> <span class='ocrx_word' id='word_1_435' title='bbox 3342 3044 3791 3116; x_wconf 66' lang='grc' dir='ltr'>καταφρονοῦμεν</span> 
     </span>
    </p>
   </div>
   <div class='ocr_carea' id='block_1_64' title="bbox 2132 3123 3794 3201">
    <p class='ocr_par' dir='ltr' id='par_1_64' title="bbox 2132 3123 3794 3201">
     <span class='ocr_line' id='line_1_64' title="bbox 2132 3123 3794 3201; baseline 0.004 -25"><span class='ocrx_word' id='word_1_436' title='bbox 2132 3124 2206 3183; x_wconf 84' lang='grc' dir='ltr'>ὡς</span> <span class='ocrx_word' id='word_1_437' title='bbox 2237 3123 2533 3196; x_wconf 80' lang='grc' dir='ltr'>λυομένης.</span> <span class='ocrx_word' id='word_1_438' title='bbox 2569 3124 2719 3193; x_wconf 71' lang='grc' dir='ltr'>Αὕτη</span> <span class='ocrx_word' id='word_1_439' title='bbox 2768 3124 2908 3179; x_wconf 77' lang='grc' dir='ltr'>ἐστὶν</span> <span class='ocrx_word' id='word_1_440' title='bbox 2942 3128 2977 3195; x_wconf 81' lang='grc' dir='ltr'><strong>ἡ</strong></span> <span class='ocrx_word' id='word_1_441' title='bbox 3035 3126 3277 3201; x_wconf 79' lang='grc' dir='ltr'>ἡμετέρα</span> <span class='ocrx_word' id='word_1_442' title='bbox 3318 3128 3625 3201; x_wconf 78' lang='grc' dir='ltr'>ὁμολογία,</span> <span class='ocrx_word' id='word_1_443' title='bbox 3660 3130 3794 3195; x_wconf 74' lang='grc' dir='ltr'>πρὸς</span> 
     </span>
    </p>
   </div>
   <div class='ocr_carea' id='block_1_65' title="bbox 2131 3212 3792 3291">
    <p class='ocr_par' dir='ltr' id='par_1_65' title="bbox 2131 3212 3792 3291">
     <span class='ocr_line' id='line_1_65' title="bbox 2131 3212 3792 3291; baseline 0.004 -25"><span class='ocrx_word' id='word_1_444' title='bbox 2131 3214 2333 3282; x_wconf 80' lang='grc' dir='ltr'>ταύτην</span> <span class='ocrx_word' id='word_1_445' title='bbox 2392 3212 2760 3288; x_wconf 84' lang='grc' dir='ltr'>ὲστηρίγμεθα</span> <span class='ocrx_word' id='word_1_446' title='bbox 2822 3215 2912 3268; x_wconf 84' lang='lat' dir='ltr'><strong>xui</strong></span> <span class='ocrx_word' id='word_1_447' title='bbox 2971 3212 3308 3289; x_wconf 76' lang='grc' dir='ltr'>ἡδράσμεθα.</span> <span class='ocrx_word' id='word_1_448' title='bbox 3369 3218 3531 3291; x_wconf 66' lang='grc' dir='ltr'>’Υπὲρ</span> <span class='ocrx_word' id='word_1_449' title='bbox 3624 3220 3792 3283; x_wconf 70' lang='grc' dir='ltr'>αὐτῆς</span> 
     </span>
    </p>
   </div>
   <div class='ocr_carea' id='block_1_66' title="bbox 376 3289 2019 3386">
    <p class='ocr_par' dir='ltr' id='par_1_66' title="bbox 376 3312 2019 3386">
     <span class='ocr_line' id='line_1_66' title="bbox 376 3312 2019 3386; baseline -0.003 -15"><span class='ocrx_word' id='word_1_450' title='bbox 376 3332 512 3371; x_wconf 87' lang='lat' dir='ltr'><strong>nem</strong></span> <span class='ocrx_word' id='word_1_451' title='bbox 537 3315 687 3370; x_wconf 85' lang='lat' dir='ltr'><strong>hanc</strong></span> <span class='ocrx_word' id='word_1_452' title='bbox 722 3313 981 3386; x_wconf 85' lang='lat' dir='ltr'><strong>fragilem</strong></span> <span class='ocrx_word' id='word_1_453' title='bbox 1013 3323 1181 3384; x_wconf 88' lang='lat' dir='ltr'><strong>atque</strong></span> <span class='ocrx_word' id='word_1_454' title='bbox 1202 3314 1480 3369; x_wconf 88' lang='lat' dir='ltr'><strong>caducam</strong></span> <span class='ocrx_word' id='word_1_455' title='bbox 1513 3312 1890 3383; x_wconf 88' lang='lat' dir='ltr'><strong>despicimus.</strong></span> <span class='ocrx_word' id='word_1_456' title='bbox 1910 3312 2019 3367; x_wconf 90' lang='lat' dir='ltr'><strong>Ta-</strong></span> 
     </span>
    </p>
   </div>
   <div class='ocr_carea' id='block_1_67' title="bbox 2130 3289 3792 3386">
    <p class='ocr_par' dir='ltr' id='par_1_67' title="bbox 2135 3301 3792 3383">
     <span class='ocr_line' id='line_1_67' title="bbox 2135 3301 3792 3383; baseline 0.004 -29"><span class='ocrx_word' id='word_1_457' title='bbox 2135 3302 2223 3355; x_wconf 85' lang='lat' dir='ltr'><strong>xui</strong></span> <span class='ocrx_word' id='word_1_458' title='bbox 2264 3302 2365 3355; x_wconf 71' lang='grc' dir='ltr'>πᾶν</span> <span class='ocrx_word' id='word_1_459' title='bbox 2425 3303 2607 3355; x_wconf 82' lang='grc' dir='ltr'>ὁτιοῦν</span> <span class='ocrx_word' id='word_1_460' title='bbox 2675 3302 2790 3373; x_wconf 77' lang='grc' dir='ltr'>εἶμι</span> <span class='ocrx_word' id='word_1_461' title='bbox 2850 3308 2957 3357; x_wconf 80' lang='grc' dir='ltr'>τῶν</span> <span class='ocrx_word' id='word_1_462' title='bbox 3016 3301 3205 3358; x_wconf 80' lang='grc' dir='ltr'>δεινῶν</span> <span class='ocrx_word' id='word_1_463' title='bbox 3255 3305 3487 3383; x_wconf 67' lang='grc' dir='ltr'>πάσχειν</span> <span class='ocrx_word' id='word_1_464' title='bbox 3546 3302 3792 3378; x_wconf 78' lang='grc' dir='ltr'>ἕτοιμος.</span> 
     </span>
    </p>
   </div>
   <div class='ocr_carea' id='block_1_68' title="bbox 372 3401 2020 3460">
    <p class='ocr_par' dir='ltr' id='par_1_68' title="bbox 372 3401 2020 3460">
     <span class='ocr_line' id='line_1_68' title="bbox 372 3401 2020 3460; baseline -0.001 -2"><span class='ocrx_word' id='word_1_465' title='bbox 372 3405 449 3460; x_wconf 89' lang='lat' dir='ltr'><strong>lis</strong></span> <span class='ocrx_word' id='word_1_466' title='bbox 501 3411 590 3459; x_wconf 88' lang='lat' dir='ltr'><strong>est</strong></span> <span class='ocrx_word' id='word_1_467' title='bbox 621 3412 816 3458; x_wconf 88' lang='lat' dir='ltr'><strong>nostra</strong></span> <span class='ocrx_word' id='word_1_468' title='bbox 862 3404 1172 3459; x_wconf 84' lang='lat' dir='ltr'><strong>confessio.</strong></span> <span class='ocrx_word' id='word_1_469' title='bbox 1230 3404 1295 3456; x_wconf 95' lang='lat' dir='ltr'><strong>In</strong></span> <span class='ocrx_word' id='word_1_470' title='bbox 1328 3403 1439 3458; x_wconf 91' lang='lat' dir='ltr'><strong>hac</strong></span> <span class='ocrx_word' id='word_1_471' title='bbox 1479 3402 1631 3457; x_wconf 86' lang='lat' dir='ltr'><strong>ﬁrmi</strong></span> <span class='ocrx_word' id='word_1_472' title='bbox 1675 3406 1731 3457; x_wconf 87' lang='lat' dir='ltr'><strong>et</strong></span> <span class='ocrx_word' id='word_1_473' title='bbox 1776 3401 2020 3458; x_wconf 90' lang='lat' dir='ltr'><strong>stabiles</strong></span> 
     </span>
    </p>
   </div>
   <div class='ocr_carea' id='block_1_69' title="bbox 375 3490 2019 3564">
    <p class='ocr_par' dir='ltr' id='par_1_69' title="bbox 375 3490 2019 3564">
     <span class='ocr_line' id='line_1_69' title="bbox 375 3490 2019 3564; baseline -0.001 -16"><span class='ocrx_word' id='word_1_474' title='bbox 375 3494 783 3548; x_wconf 88' lang='lat' dir='ltr'><strong>consistimus.</strong></span> <span class='ocrx_word' id='word_1_475' title='bbox 844 3493 950 3548; x_wconf 91' lang='lat' dir='ltr'><strong>Pro</strong></span> <span class='ocrx_word' id='word_1_476' title='bbox 981 3491 1090 3547; x_wconf 88' lang='lat' dir='ltr'><strong>hac</strong></span> <span class='ocrx_word' id='word_1_477' title='bbox 1132 3496 1190 3547; x_wconf 91' lang='lat' dir='ltr'><strong>et</strong></span> <span class='ocrx_word' id='word_1_478' title='bbox 1239 3508 1344 3564; x_wconf 87' lang='lat' dir='ltr'><strong>ego</strong></span> <span class='ocrx_word' id='word_1_479' title='bbox 1377 3491 1642 3561; x_wconf 89' lang='lat' dir='ltr'><strong>quemvis</strong></span> <span class='ocrx_word' id='word_1_480' title='bbox 1691 3490 2019 3547; x_wconf 89' lang='lat' dir='ltr'><strong>cruciatum</strong></span> 
     </span>
    </p>
   </div>
   <div class='ocr_carea' id='block_1_70' title="bbox 374 3580 2022 3652">
    <p class='ocr_par' dir='ltr' id='par_1_70' title="bbox 374 3580 2022 3652">
     <span class='ocr_line' id='line_1_70' title="bbox 374 3580 2022 3652; baseline -0.002 -15"><span class='ocrx_word' id='word_1_481' title='bbox 374 3583 667 3638; x_wconf 86' lang='lat' dir='ltr'><strong>sustinere</strong></span> <span class='ocrx_word' id='word_1_482' title='bbox 697 3586 933 3652; x_wconf 88' lang='lat' dir='ltr'><strong>paratus</strong></span> <span class='ocrx_word' id='word_1_483' title='bbox 963 3597 1118 3637; x_wconf 90' lang='lat' dir='ltr'><strong>sum.</strong></span> <span class='ocrx_word' id='word_1_484' title='bbox 1145 3581 1229 3635; x_wconf 87' lang='lat' dir='ltr'><strong>Tu</strong></span> <span class='ocrx_word' id='word_1_485' title='bbox 1263 3597 1396 3635; x_wconf 89' lang='lat' dir='ltr'><strong>vero</strong></span> <span class='ocrx_word' id='word_1_486' title='bbox 1426 3580 1473 3635; x_wconf 84' lang='lat' dir='ltr'><strong>si</strong></span> <span class='ocrx_word' id='word_1_487' title='bbox 1496 3580 1744 3635; x_wconf 87' lang='lat' dir='ltr'><strong>celerem</strong></span> <span class='ocrx_word' id='word_1_488' title='bbox 1776 3584 2022 3635; x_wconf 89' lang='lat' dir='ltr'><strong>mortem</strong></span> 
     </span>
    </p>
   </div>
   <div class='ocr_carea' id='block_1_71' title="bbox 375 3669 2023 3742">
    <p class='ocr_par' dir='ltr' id='par_1_71' title="bbox 375 3669 2023 3742">
     <span class='ocr_line' id='line_1_71' title="bbox 375 3669 2023 3742; baseline -0.001 -17"><span class='ocrx_word' id='word_1_489' title='bbox 375 3671 662 3735; x_wconf 88' lang='lat' dir='ltr'><strong>attuleris,</strong></span> <span class='ocrx_word' id='word_1_490' title='bbox 699 3675 1032 3742; x_wconf 86' lang='lat' dir='ltr'><strong>pergratum</strong></span> <span class='ocrx_word' id='word_1_491' title='bbox 1066 3670 1206 3724; x_wconf 91' lang='lat' dir='ltr'><strong>mihi</strong></span> <span class='ocrx_word' id='word_1_492' title='bbox 1250 3669 1449 3735; x_wconf 83' lang='lat' dir='ltr'><strong>facies,</strong></span> <span class='ocrx_word' id='word_1_493' title='bbox 1481 3674 1537 3724; x_wconf 86' lang='lat' dir='ltr'><strong>et</strong></span> <span class='ocrx_word' id='word_1_494' title='bbox 1556 3669 1807 3741; x_wconf 89' lang='lat' dir='ltr'><strong>teipsum</strong></span> <span class='ocrx_word' id='word_1_495' title='bbox 1848 3670 2023 3725; x_wconf 84' lang='lat' dir='ltr'><strong>dede-</strong></span> 
     </span>
    </p>
   </div>
   <div class='ocr_carea' id='block_1_72' title="bbox 378 3758 2025 3824">
    <p class='ocr_par' dir='ltr' id='par_1_72' title="bbox 378 3758 2025 3824">
     <span class='ocr_line' id='line_1_72' title="bbox 378 3758 2025 3824; baseline -0.002 -9"><span class='ocrx_word' id='word_1_496' title='bbox 378 3776 509 3816; x_wconf 86' lang='lat' dir='ltr'><strong>core</strong></span> <span class='ocrx_word' id='word_1_497' title='bbox 540 3760 842 3814; x_wconf 84' lang='lat' dir='ltr'><strong>liberabis.</strong></span> <span class='ocrx_word' id='word_1_498' title='bbox 891 3761 1012 3824; x_wconf 87' lang='lat' dir='ltr'><strong>Quo</strong></span> <span class='ocrx_word' id='word_1_499' title='bbox 1045 3758 1199 3813; x_wconf 88' lang='lat' dir='ltr'><strong>enim</strong></span> <span class='ocrx_word' id='word_1_500' title='bbox 1231 3758 1597 3814; x_wconf 82' lang='lat' dir='ltr'><strong>diuturniora</strong></span> <span class='ocrx_word' id='word_1_501' title='bbox 1637 3758 1895 3814; x_wconf 89' lang='lat' dir='ltr'><strong>cruciatu</strong></span> <span class='ocrx_word' id='word_1_502' title='bbox 1931 3774 2025 3813; x_wconf 89' lang='lat' dir='ltr'><strong>me</strong></span> 
     </span>
    </p>
   </div>
   <div class='ocr_carea' id='block_1_73' title="bbox 374 3847 2024 3918">
    <p class='ocr_par' dir='ltr' id='par_1_73' title="bbox 374 3847 2024 3918">
     <span class='ocr_line' id='line_1_73' title="bbox 374 3847 2024 3918; baseline -0.001 -16"><span class='ocrx_word' id='word_1_503' title='bbox 374 3848 623 3918; x_wconf 75' lang='lat' dir='ltr'><strong>efﬂiges,</strong></span> <span class='ocrx_word' id='word_1_504' title='bbox 681 3865 747 3903; x_wconf 91' lang='lat' dir='ltr'><strong>eo</strong></span> <span class='ocrx_word' id='word_1_505' title='bbox 793 3847 1119 3917; x_wconf 88' lang='lat' dir='ltr'><strong>promptior</strong></span> <span class='ocrx_word' id='word_1_506' title='bbox 1149 3848 1220 3901; x_wconf 88' lang='lat' dir='ltr'><strong>ad</strong></span> <span class='ocrx_word' id='word_1_507' title='bbox 1247 3848 1419 3915; x_wconf 87' lang='lat' dir='ltr'><strong>jussa</strong></span> <span class='ocrx_word' id='word_1_508' title='bbox 1466 3851 1568 3902; x_wconf 90' lang='lat' dir='ltr'><strong>tua</strong></span> <span class='ocrx_word' id='word_1_509' title='bbox 1596 3847 2024 3902; x_wconf 89' lang='lat' dir='ltr'><strong>contemnenda</strong></span> 
     </span>
    </p>
   </div>
   <div class='ocr_carea' id='block_1_74' title="bbox 377 3935 2027 4005">
    <p class='ocr_par' dir='ltr' id='par_1_74' title="bbox 377 3935 2027 4005">
     <span class='ocr_line' id='line_1_74' title="bbox 377 3935 2027 4005; baseline -0.001 -14"><span class='ocrx_word' id='word_1_510' title='bbox 377 3938 663 3993; x_wconf 89' lang='lat' dir='ltr'><strong>inveniar.</strong></span> <span class='ocrx_word' id='word_1_511' title='bbox 700 3936 844 3993; x_wconf 86' lang='lat' dir='ltr'><strong>Nam</strong></span> <span class='ocrx_word' id='word_1_512' title='bbox 880 3935 931 3991; x_wconf 87' lang='lat' dir='ltr'><strong>si</strong></span> <span class='ocrx_word' id='word_1_513' title='bbox 968 3935 1114 3991; x_wconf 91' lang='lat' dir='ltr'><strong>nihil</strong></span> <span class='ocrx_word' id='word_1_514' title='bbox 1147 3936 1309 3991; x_wconf 90' lang='lat' dir='ltr'><strong>aliud</strong></span> <span class='ocrx_word' id='word_1_515' title='bbox 1340 3942 1516 4004; x_wconf 89' lang='lat' dir='ltr'><strong>esset,</strong></span> <span class='ocrx_word' id='word_1_516' title='bbox 1551 3940 1706 3992; x_wconf 91' lang='lat' dir='ltr'><strong>certe</strong></span> <span class='ocrx_word' id='word_1_517' title='bbox 1734 3944 1787 3991; x_wconf 92' lang='lat' dir='ltr'><strong>et</strong></span> <span class='ocrx_word' id='word_1_518' title='bbox 1818 3939 2027 4005; x_wconf 85' lang='lat' dir='ltr'><strong>marty-</strong></span> 
     </span>
    </p>
   </div>
   <div class='ocr_carea' id='block_1_75' title="bbox 375 4026 2021 4097">
    <p class='ocr_par' dir='ltr' id='par_1_75' title="bbox 375 4026 2021 4097">
     <span class='ocr_line' id='line_1_75' title="bbox 375 4026 2021 4097; baseline -0.001 -15"><span class='ocrx_word' id='word_1_519' title='bbox 375 4044 468 4082; x_wconf 84' lang='lat' dir='ltr'><strong>res</strong></span> <span class='ocrx_word' id='word_1_520' title='bbox 498 4027 630 4081; x_wconf 89' lang='lat' dir='ltr'><strong>illos</strong></span> <span class='ocrx_word' id='word_1_521' title='bbox 652 4044 934 4093; x_wconf 86' lang='lat' dir='ltr'><strong>revereor,</strong></span> <span class='ocrx_word' id='word_1_522' title='bbox 960 4028 1056 4097; x_wconf 91' lang='lat' dir='ltr'><strong>qui</strong></span> <span class='ocrx_word' id='word_1_523' title='bbox 1084 4031 1218 4081; x_wconf 90' lang='lat' dir='ltr'><strong>ante</strong></span> <span class='ocrx_word' id='word_1_524' title='bbox 1240 4043 1347 4081; x_wconf 89' lang='lat' dir='ltr'><strong>nos</strong></span> <span class='ocrx_word' id='word_1_525' title='bbox 1378 4031 1671 4082; x_wconf 89' lang='lat' dir='ltr'><strong>certamen</strong></span> <span class='ocrx_word' id='word_1_526' title='bbox 1691 4026 2021 4091; x_wconf 87' lang='lat' dir='ltr'><strong>subierunt,</strong></span> 
     </span>
    </p>
   </div>
   <div class='ocr_carea' id='block_1_76' title="bbox 374 4115 2025 4185">
    <p class='ocr_par' dir='ltr' id='par_1_76' title="bbox 374 4115 2025 4185">
     <span class='ocr_line' id='line_1_76' title="bbox 374 4115 2025 4185; baseline -0.001 -16"><span class='ocrx_word' id='word_1_527' title='bbox 374 4125 426 4170; x_wconf 88' lang='lat' dir='ltr'><strong>et</strong></span> <span class='ocrx_word' id='word_1_528' title='bbox 458 4115 706 4184; x_wconf 88' lang='lat' dir='ltr'><strong>reliquos</strong></span> <span class='ocrx_word' id='word_1_529' title='bbox 735 4119 901 4184; x_wconf 85' lang='lat' dir='ltr'><strong>istos,</strong></span> <span class='ocrx_word' id='word_1_530' title='bbox 935 4115 1035 4185; x_wconf 92' lang='lat' dir='ltr'><strong>qui</strong></span> <span class='ocrx_word' id='word_1_531' title='bbox 1086 4115 1398 4170; x_wconf 88' lang='lat' dir='ltr'><strong>nobiscum</strong></span> <span class='ocrx_word' id='word_1_532' title='bbox 1431 4130 1547 4170; x_wconf 89' lang='lat' dir='ltr'><strong>una</strong></span> <span class='ocrx_word' id='word_1_533' title='bbox 1577 4130 1864 4170; x_wconf 88' lang='lat' dir='ltr'><strong>carcerem</strong></span> <span class='ocrx_word' id='word_1_534' title='bbox 1896 4131 2025 4169; x_wconf 86' lang='lat' dir='ltr'><strong>rur-</strong></span> 
     </span>
    </p>
   </div>
   <div class='ocr_carea' id='block_1_77' title="bbox 377 4203 2026 4275">
    <p class='ocr_par' dir='ltr' id='par_1_77' title="bbox 377 4203 2026 4275">
     <span class='ocr_line' id='line_1_77' title="bbox 377 4203 2026 4275; baseline 0 -18"><span class='ocrx_word' id='word_1_535' title='bbox 377 4219 479 4258; x_wconf 89' lang='lat' dir='ltr'><strong>sus</strong></span> <span class='ocrx_word' id='word_1_536' title='bbox 511 4203 775 4258; x_wconf 86' lang='lat' dir='ltr'><strong>babitant</strong></span> <span class='ocrx_word' id='word_1_537' title='bbox 802 4220 814 4257; x_wconf 89' lang='lat'><strong>:</strong></span> <span class='ocrx_word' id='word_1_538' title='bbox 840 4204 913 4258; x_wconf 91' lang='lat' dir='ltr'><strong>ob</strong></span> <span class='ocrx_word' id='word_1_539' title='bbox 936 4204 1113 4274; x_wconf 89' lang='lat' dir='ltr'><strong>idque</strong></span> <span class='ocrx_word' id='word_1_540' title='bbox 1143 4204 1345 4275; x_wconf 89' lang='lat' dir='ltr'><strong>etipse</strong></span> <span class='ocrx_word' id='word_1_541' title='bbox 1376 4203 1518 4258; x_wconf 90' lang='lat' dir='ltr'><strong>illud</strong></span> <span class='ocrx_word' id='word_1_542' title='bbox 1543 4205 1775 4273; x_wconf 88' lang='lat' dir='ltr'><strong>studeo,</strong></span> <span class='ocrx_word' id='word_1_543' title='bbox 1807 4220 1878 4258; x_wconf 89' lang='lat' dir='ltr'><strong>ne</strong></span> <span class='ocrx_word' id='word_1_544' title='bbox 1898 4203 2026 4258; x_wconf 89' lang='lat' dir='ltr'><strong>sine</strong></span> 
     </span>
    </p>
   </div>
   <div class='ocr_carea' id='block_1_78' title="bbox 379 4291 2025 4365">
    <p class='ocr_par' dir='ltr' id='par_1_78' title="bbox 379 4291 2025 4365">
     <span class='ocr_line' id='line_1_78' title="bbox 379 4291 2025 4365; baseline 0.001 -19"><span class='ocrx_word' id='word_1_545' title='bbox 379 4306 594 4347; x_wconf 86' lang='lat' dir='ltr'><strong>corona</strong></span> <span class='ocrx_word' id='word_1_546' title='bbox 650 4292 995 4347; x_wconf 89' lang='lat' dir='ltr'><strong>discedam:</strong></span> <span class='ocrx_word' id='word_1_547' title='bbox 1040 4293 1143 4348; x_wconf 86' lang='lat' dir='ltr'><strong>sed</strong></span> <span class='ocrx_word' id='word_1_548' title='bbox 1192 4298 1256 4347; x_wconf 89' lang='lat' dir='ltr'><strong>ut</strong></span> <span class='ocrx_word' id='word_1_549' title='bbox 1312 4297 1623 4365; x_wconf 90' lang='lat' dir='ltr'><strong>postquam</strong></span> <span class='ocrx_word' id='word_1_550' title='bbox 1672 4294 1733 4348; x_wconf 91' lang='lat' dir='ltr'><strong>in</strong></span> <span class='ocrx_word' id='word_1_551' title='bbox 1790 4291 2025 4349; x_wconf 89' lang='lat' dir='ltr'><strong>illorum</strong></span> 
     </span>
    </p>
   </div>
   <div class='ocr_carea' id='block_1_79' title="bbox 381 4380 2028 4453">
    <p class='ocr_par' dir='ltr' id='par_1_79' title="bbox 381 4380 2028 4453">
     <span class='ocr_line' id='line_1_79' title="bbox 381 4380 2028 4453; baseline 0.001 -17"><span class='ocrx_word' id='word_1_552' title='bbox 381 4380 554 4436; x_wconf 86' lang='lat' dir='ltr'><strong>choro</strong></span> <span class='ocrx_word' id='word_1_553' title='bbox 577 4386 957 4436; x_wconf 89' lang='lat' dir='ltr'><strong>enumeratus</strong></span> <span class='ocrx_word' id='word_1_554' title='bbox 980 4382 1161 4449; x_wconf 87' lang='lat' dir='ltr'><strong>fuero,</strong></span> <span class='ocrx_word' id='word_1_555' title='bbox 1186 4381 1313 4437; x_wconf 84' lang='lat' dir='ltr'><strong>istis</strong></span> <span class='ocrx_word' id='word_1_556' title='bbox 1338 4381 1655 4453; x_wconf 88' lang='lat' dir='ltr'><strong>optabilem</strong></span> <span class='ocrx_word' id='word_1_557' title='bbox 1688 4381 2028 4437; x_wconf 86' lang='lat' dir='ltr'><strong>certaminis</strong></span> 
     </span>
    </p>
   </div>
   <div class='ocr_carea' id='block_1_80' title="bbox 384 4468 1099 4525">
    <p class='ocr_par' dir='ltr' id='par_1_80' title="bbox 384 4468 1099 4525">
     <span class='ocr_line' id='line_1_80' title="bbox 384 4468 1099 4525; baseline 0.006 -4"><span class='ocrx_word' id='word_1_558' title='bbox 384 4468 496 4522; x_wconf 88' lang='lat' dir='ltr'><strong>mei</strong></span> <span class='ocrx_word' id='word_1_559' title='bbox 520 4484 759 4524; x_wconf 86' lang='lat' dir='ltr'><strong>cursum</strong></span> <span class='ocrx_word' id='word_1_560' title='bbox 777 4471 1099 4525; x_wconf 88' lang='lat' dir='ltr'><strong>ostendam.</strong></span> 
     </span>
    </p>
   </div>
   <div class='ocr_carea' id='block_1_81' title="bbox 452 4558 2027 4629">
    <p class='ocr_par' dir='ltr' id='par_1_81' title="bbox 452 4558 2027 4629">
     <span class='ocr_line' id='line_1_81' title="bbox 452 4558 2027 4629; baseline 0.002 -19"><span class='ocrx_word' id='word_1_561' title='bbox 452 4558 601 4612; x_wconf 87' lang='lat' dir='ltr'><strong>VIII.</strong></span> <span class='ocrx_word' id='word_1_562' title='bbox 637 4558 763 4611; x_wconf 81' lang='lat' dir='ltr'><strong>Haec</strong></span> <span class='ocrx_word' id='word_1_563' title='bbox 796 4559 1064 4629; x_wconf 85' lang='lat' dir='ltr'><strong>martyris</strong></span> <span class='ocrx_word' id='word_1_564' title='bbox 1093 4559 1267 4613; x_wconf 85' lang='lat' dir='ltr'><strong>verba</strong></span> <span class='ocrx_word' id='word_1_565' title='bbox 1300 4558 1719 4613; x_wconf 87' lang='lat' dir='ltr'><strong>dubitationem</strong></span> <span class='ocrx_word' id='word_1_566' title='bbox 1753 4573 2027 4629; x_wconf 86' lang='lat' dir='ltr'><strong>magnam</strong></span> 
     </span>
    </p>
   </div>
   <div class='ocr_carea' id='block_1_82' title="bbox 2134 3388 3789 3469">
    <p class='ocr_par' dir='ltr' id='par_1_82' title="bbox 2134 3388 3789 3469">
     <span class='ocr_line' id='line_1_82' title="bbox 2134 3388 3789 3469; baseline 0.002 -25"><span class='ocrx_word' id='word_1_567' title='bbox 2134 3388 2295 3448; x_wconf 85' lang='grc' dir='ltr'>Ἀλλ’</span> <span class='ocrx_word' id='word_1_568' title='bbox 2332 3389 2376 3444; x_wconf 84' lang='grc' dir='ltr'><strong>εἰ</strong></span> <span class='ocrx_word' id='word_1_569' title='bbox 2414 3391 2509 3463; x_wconf 73' lang='grc' dir='ltr'>μὲν</span> <span class='ocrx_word' id='word_1_570' title='bbox 2562 3394 2787 3469; x_wconf 74' lang='grc' dir='ltr'>ταχεῖάν</span> <span class='ocrx_word' id='word_1_571' title='bbox 2855 3413 2950 3465; x_wconf 90' lang='grc' dir='ltr'><strong>μοι</strong></span> <span class='ocrx_word' id='word_1_572' title='bbox 3006 3394 3108 3461; x_wconf 84' lang='grc' dir='ltr'><strong>τήν</strong></span> <span class='ocrx_word' id='word_1_573' title='bbox 3164 3395 3424 3462; x_wconf 75' lang='grc' dir='ltr'>τελευτήν</span> <span class='ocrx_word' id='word_1_574' title='bbox 3472 3396 3789 3468; x_wconf 69' lang='grc' dir='ltr'>έπαγάγοις,</span> 
     </span>
    </p>
   </div>
   <div class='ocr_carea' id='block_1_83' title="bbox 2134 3479 3791 3557">
    <p class='ocr_par' dir='ltr' id='par_1_83' title="bbox 2134 3479 3791 3557">
     <span class='ocr_line' id='line_1_83' title="bbox 2134 3479 3791 3557; baseline 0.004 -25"><span class='ocrx_word' id='word_1_575' title='bbox 2134 3483 2270 3552; x_wconf 76' lang='grc' dir='ltr'>ἡμῖν</span> <span class='ocrx_word' id='word_1_576' title='bbox 2328 3500 2384 3533; x_wconf 88' lang='grc' dir='ltr'><strong>τε</strong></span> <span class='ocrx_word' id='word_1_577' title='bbox 2445 3482 2511 3533; x_wconf 69' lang='grc' dir='ltr'>τὰ</span> <span class='ocrx_word' id='word_1_578' title='bbox 2555 3479 2792 3552; x_wconf 76' lang='grc' dir='ltr'>μάλιστα</span> <span class='ocrx_word' id='word_1_579' title='bbox 2843 3488 3048 3557; x_wconf 78' lang='grc' dir='ltr'>χαριεῖ,</span> <span class='ocrx_word' id='word_1_580' title='bbox 3108 3484 3197 3537; x_wconf 90' lang='lat' dir='ltr'><strong>xui</strong></span> <span class='ocrx_word' id='word_1_581' title='bbox 3258 3486 3478 3538; x_wconf 76' lang='grc' dir='ltr'>σεαυτὸν</span> <span class='ocrx_word' id='word_1_582' title='bbox 3536 3483 3791 3538; x_wconf 74' lang='grc' dir='ltr'>ἀπαλλα-</span> 
     </span>
    </p>
   </div>
   <div class='ocr_carea' id='block_1_84' title="bbox 2134 3568 3801 3648">
    <p class='ocr_par' dir='ltr' id='par_1_84' title="bbox 2134 3568 3801 3648">
     <span class='ocr_line' id='line_1_84' title="bbox 2134 3568 3801 3648; baseline 0.002 -26"><span class='ocrx_word' id='word_1_583' title='bbox 2134 3572 2238 3641; x_wconf 81' lang='grc' dir='ltr'>ξεις</span> <span class='ocrx_word' id='word_1_584' title='bbox 2297 3568 2585 3643; x_wconf 82' lang='grc' dir='ltr'>αἰσχύνης.</span> <span class='ocrx_word' id='word_1_585' title='bbox 2648 3569 2709 3626; x_wconf 83' lang='grc' dir='ltr'><strong>Εἰ</strong></span> <span class='ocrx_word' id='word_1_586' title='bbox 2770 3569 2827 3625; x_wconf 73' lang='grc' dir='ltr'><strong>δέ</strong></span> <span class='ocrx_word' id='word_1_587' title='bbox 2886 3571 2974 3625; x_wconf 80' lang='grc' dir='ltr'><strong>καὶ</strong></span> <span class='ocrx_word' id='word_1_588' title='bbox 3042 3571 3327 3626; x_wconf 79' lang='grc' dir='ltr'>κολάσεσιν</span> <span class='ocrx_word' id='word_1_589' title='bbox 3388 3572 3561 3640; x_wconf 74' lang='grc' dir='ltr'>αύτὴν</span> <span class='ocrx_word' id='word_1_590' title='bbox 3609 3593 3801 3648; x_wconf 75' lang='grc' dir='ltr'>παρα-</span> 
     </span>
    </p>
   </div>
   <div class='ocr_carea' id='block_1_85' title="bbox 2132 3660 3799 3735">
    <p class='ocr_par' dir='ltr' id='par_1_85' title="bbox 2132 3660 3799 3735">
     <span class='ocr_line' id='line_1_85' title="bbox 2132 3660 3799 3735; baseline 0.002 -23"><span class='ocrx_word' id='word_1_591' title='bbox 2132 3660 2321 3721; x_wconf 84' lang='grc' dir='ltr'>τείνεις</span> <span class='ocrx_word' id='word_1_592' title='bbox 2406 3660 2495 3713; x_wconf 84' lang='grc' dir='ltr'>καὶ</span> <span class='ocrx_word' id='word_1_593' title='bbox 2583 3662 2903 3733; x_wconf 82' lang='grc' dir='ltr'>τιμωρίαις,</span> <span class='ocrx_word' id='word_1_594' title='bbox 2957 3666 3218 3716; x_wconf 87' lang='grc' dir='ltr'>τοσοῦτον</span> <span class='ocrx_word' id='word_1_595' title='bbox 3285 3661 3454 3717; x_wconf 87' lang='grc' dir='ltr'>πλέον</span> <span class='ocrx_word' id='word_1_596' title='bbox 3524 3660 3649 3735; x_wconf 68' lang='grc' dir='ltr'>ὄψει</span> <span class='ocrx_word' id='word_1_597' title='bbox 3708 3662 3799 3716; x_wconf 78' lang='grc' dir='ltr'><strong>καὶ</strong></span> 
     </span>
    </p>
   </div>
   <div class='ocr_carea' id='block_1_86' title="bbox 2133 3751 3795 3827">
    <p class='ocr_par' dir='ltr' id='par_1_86' title="bbox 2133 3751 3795 3827">
     <span class='ocr_line' id='line_1_86' title="bbox 2133 3751 3795 3827; baseline 0.004 -25"><span class='ocrx_word' id='word_1_598' title='bbox 2133 3751 2282 3821; x_wconf 77' lang='grc' dir='ltr'>ἡμᾶς</span> <span class='ocrx_word' id='word_1_599' title='bbox 2374 3754 2472 3804; x_wconf 88' lang='grc' dir='ltr'><strong>τοῦ</strong></span> <span class='ocrx_word' id='word_1_600' title='bbox 2575 3755 2669 3805; x_wconf 89' lang='grc' dir='ltr'><strong>σοῦ</strong></span> <span class='ocrx_word' id='word_1_601' title='bbox 2780 3756 3255 3827; x_wconf 67' lang='grc' dir='ltr'>καταφρονοῦντας</span> <span class='ocrx_word' id='word_1_602' title='bbox 3348 3755 3795 3827; x_wconf 69' lang='grc' dir='ltr'>προστάγματος.</span> 
     </span>
    </p>
   </div>
   <div class='ocr_carea' id='block_1_87' title="bbox 2132 3837 3797 3916">
    <p class='ocr_par' dir='ltr' id='par_1_87' title="bbox 2132 3837 3797 3916">
     <span class='ocr_line' id='line_1_87' title="bbox 2132 3837 3797 3916; baseline 0.001 -22"><span class='ocrx_word' id='word_1_603' title='bbox 2132 3837 2407 3910; x_wconf 81' lang='grc' dir='ltr'>Αἰδοῦμαι</span> <span class='ocrx_word' id='word_1_604' title='bbox 2435 3841 2536 3914; x_wconf 72' lang='grc' dir='ltr'><strong>γὰρ</strong></span> <span class='ocrx_word' id='word_1_605' title='bbox 2568 3840 2612 3893; x_wconf 87' lang='lat' dir='ltr'><strong>si</strong></span> <span class='ocrx_word' id='word_1_606' title='bbox 2648 3842 2723 3911; x_wconf 75' lang='grc' dir='ltr'><strong>μή</strong></span> <span class='ocrx_word' id='word_1_607' title='bbox 2755 3862 2806 3894; x_wconf 83' lang='grc' dir='ltr'><strong>τι</strong></span> <span class='ocrx_word' id='word_1_608' title='bbox 2848 3839 3046 3914; x_wconf 81' lang='grc' dir='ltr'>ἓτερον,</span> <span class='ocrx_word' id='word_1_609' title='bbox 3088 3839 3239 3896; x_wconf 83' lang='grc' dir='ltr'>ἀλλᾶ</span> <span class='ocrx_word' id='word_1_610' title='bbox 3293 3844 3419 3903; x_wconf 77' lang='grc' dir='ltr'>τοὺς</span> <span class='ocrx_word' id='word_1_611' title='bbox 3475 3843 3583 3916; x_wconf 82' lang='grc' dir='ltr'><strong>πρό</strong></span> <span class='ocrx_word' id='word_1_612' title='bbox 3632 3845 3797 3914; x_wconf 73' lang='grc' dir='ltr'>ἡμῶν</span> 
     </span>
    </p>
   </div>
   <div class='ocr_carea' id='block_1_88' title="bbox 2132 3927 3798 4002">
    <p class='ocr_par' dir='ltr' id='par_1_88' title="bbox 2132 3927 3798 4002">
     <span class='ocr_line' id='line_1_88' title="bbox 2132 3927 3798 4002; baseline 0.002 -22"><span class='ocrx_word' id='word_1_613' title='bbox 2132 3931 2212 3996; x_wconf 77' lang='grc' dir='ltr'>τῷ</span> <span class='ocrx_word' id='word_1_614' title='bbox 2275 3928 2558 4002; x_wconf 86' lang='grc' dir='ltr'>μαρτυρίῳ</span> <span class='ocrx_word' id='word_1_615' title='bbox 2612 3927 3019 4002; x_wconf 72' lang='grc' dir='ltr'>τελειωθέντας,</span> <span class='ocrx_word' id='word_1_616' title='bbox 3089 3931 3179 3984; x_wconf 85' lang='lat' dir='ltr'><strong>xui</strong></span> <span class='ocrx_word' id='word_1_617' title='bbox 3229 3929 3322 3985; x_wconf 78' lang='grc' dir='ltr'><strong>συν</strong></span> <span class='ocrx_word' id='word_1_618' title='bbox 3355 3933 3492 4001; x_wconf 77' lang='grc' dir='ltr'>ἡμῖν</span> <span class='ocrx_word' id='word_1_619' title='bbox 3524 3931 3692 3985; x_wconf 72' lang='grc' dir='ltr'>πάλιν</span> <span class='ocrx_word' id='word_1_620' title='bbox 3735 3932 3798 3984; x_wconf 81' lang='grc' dir='ltr'>τὸ</span> 
     </span>
    </p>
   </div>
   <div class='ocr_carea' id='block_1_89' title="bbox 2136 4012 3795 4089">
    <p class='ocr_par' dir='ltr' id='par_1_89' title="bbox 2136 4012 3795 4089">
     <span class='ocr_line' id='line_1_89' title="bbox 2136 4012 3795 4089; baseline 0 -20"><span class='ocrx_word' id='word_1_621' title='bbox 2136 4012 2515 4089; x_wconf 78' lang='grc' dir='ltr'>δεσμωτήριον</span> <span class='ocrx_word' id='word_1_622' title='bbox 2560 4021 2970 4079; x_wconf 82' lang='grc' dir='ltr'>κατοικοῦντας·</span> <span class='ocrx_word' id='word_1_623' title='bbox 3032 4019 3121 4073; x_wconf 83' lang='lat' dir='ltr'><strong>xui</strong></span> <span class='ocrx_word' id='word_1_624' title='bbox 3192 4017 3279 4073; x_wconf 74' lang='grc' dir='ltr'><strong>διὰ</strong></span> <span class='ocrx_word' id='word_1_625' title='bbox 3352 4023 3515 4073; x_wconf 88' lang='grc' dir='ltr'>τοῦτο</span> <span class='ocrx_word' id='word_1_626' title='bbox 3572 4016 3795 4070; x_wconf 77' lang='grc' dir='ltr'>σπεύδω</span> 
     </span>
    </p>
   </div>
   <div class='ocr_carea' id='block_1_90' title="bbox 2139 4104 3797 4182">
    <p class='ocr_par' dir='ltr' id='par_1_90' title="bbox 2139 4104 3797 4182">
     <span class='ocr_line' id='line_1_90' title="bbox 2139 4104 3797 4182; baseline -0.001 -23"><span class='ocrx_word' id='word_1_627' title='bbox 2139 4106 2215 4177; x_wconf 82' lang='grc' dir='ltr'><strong>μή</strong></span> <span class='ocrx_word' id='word_1_628' title='bbox 2275 4104 2529 4168; x_wconf 81' lang='grc' dir='ltr'>ἀπελθεῖν</span> <span class='ocrx_word' id='word_1_629' title='bbox 2589 4106 2991 4182; x_wconf 72' lang='grc' dir='ltr'>ἀστεφάνωτας,</span> <span class='ocrx_word' id='word_1_630' title='bbox 3051 4105 3196 4162; x_wconf 81' lang='grc' dir='ltr'>ἀλλὰ</span> <span class='ocrx_word' id='word_1_631' title='bbox 3254 4111 3362 4162; x_wconf 82' lang='grc' dir='ltr'>τῶν</span> <span class='ocrx_word' id='word_1_632' title='bbox 3445 4106 3659 4161; x_wconf 77' lang='grc' dir='ltr'>ἐκείνων</span> <span class='ocrx_word' id='word_1_633' title='bbox 3731 4126 3797 4159; x_wconf 86' lang='grc' dir='ltr'><strong>τε</strong></span> 
     </span>
    </p>
   </div>
   <div class='ocr_carea' id='block_1_91' title="bbox 2138 4194 3802 4269">
    <p class='ocr_par' dir='ltr' id='par_1_91' title="bbox 2138 4194 3802 4269">
     <span class='ocr_line' id='line_1_91' title="bbox 2138 4194 3802 4269; baseline -0.001 -22"><span class='ocrx_word' id='word_1_634' title='bbox 2138 4199 2294 4268; x_wconf 86' lang='grc' dir='ltr'>χορῷ</span> <span class='ocrx_word' id='word_1_635' title='bbox 2353 4196 2817 4269; x_wconf 80' lang='grc' dir='ltr'>συναριθμηθῆναι</span> <span class='ocrx_word' id='word_1_636' title='bbox 2856 4196 2945 4249; x_wconf 76' lang='grc' dir='ltr'><strong>καὶ</strong></span> <span class='ocrx_word' id='word_1_637' title='bbox 3004 4194 3219 4258; x_wconf 82' lang='grc' dir='ltr'>τούτοις</span> <span class='ocrx_word' id='word_1_638' title='bbox 3284 4198 3382 4265; x_wconf 73' lang='grc' dir='ltr'>τὴν</span> <span class='ocrx_word' id='word_1_639' title='bbox 3445 4196 3802 4267; x_wconf 80' lang='grc' dir='ltr'>ποθουμένην</span> 
     </span>
    </p>
   </div>
   <div class='ocr_carea' id='block_1_92' title="bbox 2134 4282 3143 4357">
    <p class='ocr_par' dir='ltr' id='par_1_92' title="bbox 2134 4282 3143 4357">
     <span class='ocr_line' id='line_1_92' title="bbox 2134 4282 3143 4357; baseline 0.001 -20"><span class='ocrx_word' id='word_1_640' title='bbox 2134 4290 2233 4351; x_wconf 78' lang='grc' dir='ltr'>τῆς</span> <span class='ocrx_word' id='word_1_641' title='bbox 2264 4282 2548 4352; x_wconf 69' lang='grc' dir='ltr'>ἀθλήσεως</span> <span class='ocrx_word' id='word_1_642' title='bbox 2591 4282 2865 4353; x_wconf 78' lang='grc' dir='ltr'>ὑποδεῖξαι</span> <span class='ocrx_word' id='word_1_643' title='bbox 2898 4284 3143 4357; x_wconf 85' lang='grc' dir='ltr'>πορείαν.</span> 
     </span>
    </p>
   </div>
   <div class='ocr_carea' id='block_1_93' title="bbox 2210 4551 3814 4629">
    <p class='ocr_par' dir='ltr' id='par_1_93' title="bbox 2210 4551 3814 4629">
     <span class='ocr_line' id='line_1_93' title="bbox 2210 4551 3814 4629; baseline -0.004 -15"><span class='ocrx_word' id='word_1_644' title='bbox 2210 4560 2289 4614; x_wconf 90' lang='lat' dir='ltr'><strong>H&#39;.</strong></span> <span class='ocrx_word' id='word_1_645' title='bbox 2358 4556 2542 4614; x_wconf 78' lang='grc' dir='ltr'>Ταῦτα</span> <span class='ocrx_word' id='word_1_646' title='bbox 2606 4557 2686 4618; x_wconf 82' lang='grc' dir='ltr'><strong>είς</strong></span> <span class='ocrx_word' id='word_1_647' title='bbox 2744 4556 3062 4629; x_wconf 73' lang='grc' dir='ltr'>ἀμηχανίαν</span> <span class='ocrx_word' id='word_1_648' title='bbox 3120 4554 3213 4608; x_wconf 85' lang='grc' dir='ltr'><strong>τὸν</strong></span> <span class='ocrx_word' id='word_1_649' title='bbox 3300 4551 3559 4626; x_wconf 88' lang='grc' dir='ltr'>τύραννον</span> <span class='ocrx_word' id='word_1_650' title='bbox 3640 4572 3814 4624; x_wconf 80' lang='grc' dir='ltr'>περι-</span> 
     </span>
    </p>
   </div>
   <div class='ocr_carea' id='block_1_94' title="bbox 381 4639 2019 4719">
    <p class='ocr_par' dir='ltr' id='par_1_94' title="bbox 381 4647 2019 4719">
     <span class='ocr_line' id='line_1_94' title="bbox 381 4647 2019 4719; baseline 0.002 -20"><span class='ocrx_word' id='word_1_651' title='bbox 381 4653 624 4714; x_wconf 81' lang='lat' dir='ltr'><strong>tyranno</strong></span> <span class='ocrx_word' id='word_1_652' title='bbox 655 4647 1017 4703; x_wconf 85' lang='lat' dir='ltr'><strong>attulerunt:</strong></span> <span class='ocrx_word' id='word_1_653' title='bbox 1043 4648 1138 4719; x_wconf 90' lang='lat' dir='ltr'><strong>qui</strong></span> <span class='ocrx_word' id='word_1_654' title='bbox 1173 4664 1306 4702; x_wconf 92' lang='lat' dir='ltr'><strong>cum</strong></span> <span class='ocrx_word' id='word_1_655' title='bbox 1331 4647 1647 4719; x_wconf 87' lang='lat' dir='ltr'><strong>Epimacho</strong></span> <span class='ocrx_word' id='word_1_656' title='bbox 1678 4648 2019 4718; x_wconf 82' lang='lat' dir='ltr'><strong>persuadere</strong></span> 
     </span>
    </p>
   </div>
   <div class='ocr_carea' id='block_1_95' title="bbox 2130 4639 3809 4719">
    <p class='ocr_par' dir='ltr' id='par_1_95' title="bbox 2138 4639 3809 4719">
     <span class='ocr_line' id='line_1_95' title="bbox 2138 4639 3809 4719; baseline -0.005 -18"><span class='ocrx_word' id='word_1_657' title='bbox 2138 4648 2345 4719; x_wconf 64' lang='lat' dir='ltr'><strong>iamsi,</strong></span> <span class='ocrx_word' id='word_1_658' title='bbox 2402 4647 2492 4700; x_wconf 89' lang='lat' dir='ltr'><strong>xui</strong></span> <span class='ocrx_word' id='word_1_659' title='bbox 2556 4647 2620 4700; x_wconf 88' lang='grc' dir='ltr'>τὸ</span> <span class='ocrx_word' id='word_1_660' title='bbox 2688 4644 2890 4708; x_wconf 80' lang='grc' dir='ltr'>πείθειν</span> <span class='ocrx_word' id='word_1_661' title='bbox 2963 4643 3062 4697; x_wconf 89' lang='grc' dir='ltr'><strong>ούκ</strong></span> <span class='ocrx_word' id='word_1_662' title='bbox 3119 4639 3290 4717; x_wconf 79' lang='grc' dir='ltr'>ἔχων,</span> <span class='ocrx_word' id='word_1_663' title='bbox 3356 4642 3442 4697; x_wconf 79' lang='grc' dir='ltr'><strong>ἐπὶ</strong></span> <span class='ocrx_word' id='word_1_664' title='bbox 3500 4639 3675 4712; x_wconf 80' lang='grc' dir='ltr'>ξύλου</span> <span class='ocrx_word' id='word_1_665' title='bbox 3704 4642 3809 4695; x_wconf 82' lang='grc' dir='ltr'>τὸν</span> 
     </span>
    </p>
   </div>
   <div class='ocr_carea' id='block_1_96' title="bbox 380 4736 2025 4810">
    <p class='ocr_par' dir='ltr' id='par_1_96' title="bbox 380 4736 2025 4810">
     <span class='ocr_line' id='line_1_96' title="bbox 380 4736 2025 4810; baseline 0.002 -21"><span class='ocrx_word' id='word_1_666' title='bbox 380 4751 494 4789; x_wconf 82' lang='lat' dir='ltr'><strong>non</strong></span> <span class='ocrx_word' id='word_1_667' title='bbox 531 4744 744 4805; x_wconf 87' lang='lat' dir='ltr'><strong>posset,</strong></span> <span class='ocrx_word' id='word_1_668' title='bbox 769 4752 903 4791; x_wconf 90' lang='lat' dir='ltr'><strong>eum</strong></span> <span class='ocrx_word' id='word_1_669' title='bbox 924 4738 982 4791; x_wconf 92' lang='lat' dir='ltr'><strong>in</strong></span> <span class='ocrx_word' id='word_1_670' title='bbox 1009 4738 1168 4810; x_wconf 87' lang='lat' dir='ltr'><strong>ligno</strong></span> <span class='ocrx_word' id='word_1_671' title='bbox 1195 4738 1477 4810; x_wconf 89' lang='lat' dir='ltr'><strong>suspendi</strong></span> <span class='ocrx_word' id='word_1_672' title='bbox 1500 4738 1703 4807; x_wconf 88' lang='lat' dir='ltr'><strong>jussit,</strong></span> <span class='ocrx_word' id='word_1_673' title='bbox 1735 4752 1803 4793; x_wconf 91' lang='lat' dir='ltr'><strong>ac</strong></span> <span class='ocrx_word' id='word_1_674' title='bbox 1826 4736 2025 4793; x_wconf 85' lang='lat' dir='ltr'><strong>ferreis</strong></span> 
     </span>
    </p>
   </div>
   <div class='ocr_carea' id='block_1_97' title="bbox 380 4824 2030 4899">
    <p class='ocr_par' dir='ltr' id='par_1_97' title="bbox 380 4824 2030 4899">
     <span class='ocr_line' id='line_1_97' title="bbox 380 4824 2030 4899; baseline 0.004 -22"><span class='ocrx_word' id='word_1_675' title='bbox 380 4824 678 4895; x_wconf 87' lang='lat' dir='ltr'><strong>unguibus</strong></span> <span class='ocrx_word' id='word_1_676' title='bbox 700 4825 961 4881; x_wconf 86' lang='lat' dir='ltr'><strong>lacerari.</strong></span> <span class='ocrx_word' id='word_1_677' title='bbox 990 4827 1091 4883; x_wconf 88' lang='lat' dir='ltr'><strong>Ille</strong></span> <span class='ocrx_word' id='word_1_678' title='bbox 1111 4844 1184 4898; x_wconf 18' lang='lat' dir='ltr'><strong>eo,</strong></span> <span class='ocrx_word' id='word_1_679' title='bbox 1210 4828 1401 4899; x_wconf 89' lang='lat' dir='ltr'><strong>magis</strong></span> <span class='ocrx_word' id='word_1_680' title='bbox 1423 4828 1711 4896; x_wconf 88' lang='lat' dir='ltr'><strong>ejusmodi</strong></span> <span class='ocrx_word' id='word_1_681' title='bbox 1741 4831 2030 4883; x_wconf 89' lang='lat' dir='ltr'><strong>tormento</strong></span> 
     </span>
    </p>
   </div>
   <div class='ocr_carea' id='block_1_98' title="bbox 378 4913 2023 4985">
    <p class='ocr_par' dir='ltr' id='par_1_98' title="bbox 378 4913 2023 4985">
     <span class='ocr_line' id='line_1_98' title="bbox 378 4913 2023 4985; baseline 0.002 -19"><span class='ocrx_word' id='word_1_682' title='bbox 378 4913 710 4981; x_wconf 73' lang='lat' dir='ltr'><strong>lretabatur,</strong></span> <span class='ocrx_word' id='word_1_683' title='bbox 745 4932 859 4985; x_wconf 91' lang='lat' dir='ltr'><strong>quo</strong></span> <span class='ocrx_word' id='word_1_684' title='bbox 883 4932 945 4970; x_wconf 90' lang='lat' dir='ltr'><strong>se</strong></span> <span class='ocrx_word' id='word_1_685' title='bbox 976 4917 1050 4971; x_wconf 94' lang='lat' dir='ltr'><strong>ob</strong></span> <span class='ocrx_word' id='word_1_686' title='bbox 1081 4932 1209 4971; x_wconf 88' lang='lat' dir='ltr'><strong>eam</strong></span> <span class='ocrx_word' id='word_1_687' title='bbox 1244 4932 1363 4971; x_wconf 91' lang='lat' dir='ltr'><strong>rem</strong></span> <span class='ocrx_word' id='word_1_688' title='bbox 1390 4916 1704 4970; x_wconf 88' lang='lat' dir='ltr'><strong>beatiorem</strong></span> <span class='ocrx_word' id='word_1_689' title='bbox 1731 4916 2023 4970; x_wconf 71' lang='lat' dir='ltr'><strong>existima-</strong></span> 
     </span>
    </p>
   </div>
   <div class='ocr_carea' id='block_1_99' title="bbox 376 5003 2028 5077">
    <p class='ocr_par' dir='ltr' id='par_1_99' title="bbox 376 5003 2028 5077">
     <span class='ocr_line' id='line_1_99' title="bbox 376 5003 2028 5077; baseline 0.001 -19"><span class='ocrx_word' id='word_1_690' title='bbox 376 5004 514 5058; x_wconf 75' lang='lat' dir='ltr'><strong>bat:</strong></span> <span class='ocrx_word' id='word_1_691' title='bbox 550 5003 765 5075; x_wconf 91' lang='lat' dir='ltr'><strong>quippe</strong></span> <span class='ocrx_word' id='word_1_692' title='bbox 796 5007 947 5077; x_wconf 91' lang='lat' dir='ltr'><strong>quod</strong></span> <span class='ocrx_word' id='word_1_693' title='bbox 980 5005 1239 5061; x_wconf 77' lang='lat' dir='ltr'><strong>imitator</strong></span> <span class='ocrx_word' id='word_1_694' title='bbox 1260 5009 1412 5059; x_wconf 88' lang='lat' dir='ltr'><strong>esset</strong></span> <span class='ocrx_word' id='word_1_695' title='bbox 1442 5020 1666 5067; x_wconf 89' lang='lat' dir='ltr'><strong>eorum,</strong></span> <span class='ocrx_word' id='word_1_696' title='bbox 1693 5021 1819 5075; x_wconf 82' lang='lat' dir='ltr'><strong>quae</strong></span> <span class='ocrx_word' id='word_1_697' title='bbox 1836 5004 2028 5060; x_wconf 90' lang='lat' dir='ltr'><strong>Domi-</strong></span> 
     </span>
    </p>
   </div>
   <div class='ocr_carea' id='block_1_100' title="bbox 378 5090 2029 5161">
    <p class='ocr_par' dir='ltr' id='par_1_100' title="bbox 378 5090 2029 5161">
     <span class='ocr_line' id='line_1_100' title="bbox 378 5090 2029 5161; baseline 0.002 -17"><span class='ocrx_word' id='word_1_698' title='bbox 378 5107 490 5145; x_wconf 86' lang='lat' dir='ltr'><strong>nus</strong></span> <span class='ocrx_word' id='word_1_699' title='bbox 520 5091 688 5145; x_wconf 84' lang='lat' dir='ltr'><strong>Jesus</strong></span> <span class='ocrx_word' id='word_1_700' title='bbox 711 5108 923 5161; x_wconf 88' lang='lat' dir='ltr'><strong>passus</strong></span> <span class='ocrx_word' id='word_1_701' title='bbox 955 5094 1161 5148; x_wconf 88' lang='lat' dir='ltr'><strong>fuerat.</strong></span> <span class='ocrx_word' id='word_1_702' title='bbox 1186 5093 1385 5160; x_wconf 89' lang='lat' dir='ltr'><strong>Itaque</strong></span> <span class='ocrx_word' id='word_1_703' title='bbox 1403 5090 1619 5147; x_wconf 87' lang='lat' dir='ltr'><strong>aiebat:</strong></span> <span class='ocrx_word' id='word_1_704' title='bbox 1656 5091 1715 5145; x_wconf 87' lang='lat' dir='ltr'><strong>Si</strong></span> <span class='ocrx_word' id='word_1_705' title='bbox 1745 5091 2029 5147; x_wconf 87' lang='lat' dir='ltr'><strong>Dominus</strong></span> 
     </span>
    </p>
   </div>
   <div class='ocr_carea' id='block_1_101' title="bbox 379 5180 2029 5251">
    <p class='ocr_par' dir='ltr' id='par_1_101' title="bbox 379 5180 2029 5251">
     <span class='ocr_line' id='line_1_101' title="bbox 379 5180 2029 5251; baseline 0.002 -19"><span class='ocrx_word' id='word_1_706' title='bbox 379 5184 573 5234; x_wconf 83' lang='lat' dir='ltr'><strong>noster</strong></span> <span class='ocrx_word' id='word_1_707' title='bbox 601 5180 771 5235; x_wconf 82' lang='lat' dir='ltr'><strong>Jesus</strong></span> <span class='ocrx_word' id='word_1_708' title='bbox 803 5180 1060 5235; x_wconf 84' lang='lat' dir='ltr'><strong>Christus</strong></span> <span class='ocrx_word' id='word_1_709' title='bbox 1093 5183 1330 5251; x_wconf 87' lang='lat' dir='ltr'><strong>propter</strong></span> <span class='ocrx_word' id='word_1_710' title='bbox 1353 5196 1459 5235; x_wconf 89' lang='lat' dir='ltr'><strong>nos</strong></span> <span class='ocrx_word' id='word_1_711' title='bbox 1490 5180 1804 5235; x_wconf 82' lang='lat' dir='ltr'><strong>cruciﬁxus</strong></span> <span class='ocrx_word' id='word_1_712' title='bbox 1834 5184 1941 5247; x_wconf 88' lang='lat' dir='ltr'><strong>est,</strong></span> <span class='ocrx_word' id='word_1_713' title='bbox 1973 5185 2029 5236; x_wconf 89' lang='lat' dir='ltr'><strong>et</strong></span> 
     </span>
    </p>
   </div>
   <div class='ocr_carea' id='block_1_102' title="bbox 377 5265 2028 5341">
    <p class='ocr_par' dir='ltr' id='par_1_102' title="bbox 377 5265 2028 5341">
     <span class='ocr_line' id='line_1_102' title="bbox 377 5265 2028 5341; baseline 0.002 -20"><span class='ocrx_word' id='word_1_714' title='bbox 377 5265 531 5322; x_wconf 88' lang='lat' dir='ltr'><strong>fellis</strong></span> <span class='ocrx_word' id='word_1_715' title='bbox 590 5276 765 5339; x_wconf 88' lang='lat' dir='ltr'><strong>atque</strong></span> <span class='ocrx_word' id='word_1_716' title='bbox 803 5270 947 5323; x_wconf 87' lang='lat' dir='ltr'><strong>aceti</strong></span> <span class='ocrx_word' id='word_1_717' title='bbox 982 5270 1277 5340; x_wconf 90' lang='lat' dir='ltr'><strong>potionem</strong></span> <span class='ocrx_word' id='word_1_718' title='bbox 1309 5270 1533 5341; x_wconf 90' lang='lat' dir='ltr'><strong>accepit</strong></span> <span class='ocrx_word' id='word_1_719' title='bbox 1567 5285 1581 5324; x_wconf 89' lang='lat'><strong>:</strong></span> <span class='ocrx_word' id='word_1_720' title='bbox 1629 5269 1678 5324; x_wconf 92' lang='lat' dir='ltr'><strong>si</strong></span> <span class='ocrx_word' id='word_1_721' title='bbox 1711 5270 1837 5340; x_wconf 83' lang='lat' dir='ltr'><strong>ejus</strong></span> <span class='ocrx_word' id='word_1_722' title='bbox 1873 5270 2028 5325; x_wconf 89' lang='lat' dir='ltr'><strong>latus</strong></span> 
     </span>
    </p>
   </div>
   <div class='ocr_carea' id='block_1_103' title="bbox 377 5354 2027 5429">
    <p class='ocr_par' dir='ltr' id='par_1_103' title="bbox 377 5354 2027 5429">
     <span class='ocr_line' id='line_1_103' title="bbox 377 5354 2027 5429; baseline 0.002 -19"><span class='ocrx_word' id='word_1_723' title='bbox 377 5354 585 5410; x_wconf 88' lang='lat' dir='ltr'><strong>lancea</strong></span> <span class='ocrx_word' id='word_1_724' title='bbox 631 5372 973 5426; x_wconf 89' lang='lat' dir='ltr'><strong>percussum</strong></span> <span class='ocrx_word' id='word_1_725' title='bbox 1007 5357 1137 5427; x_wconf 89' lang='lat' dir='ltr'><strong>fuit,</strong></span> <span class='ocrx_word' id='word_1_726' title='bbox 1179 5359 1228 5413; x_wconf 91' lang='lat' dir='ltr'><strong>si</strong></span> <span class='ocrx_word' id='word_1_727' title='bbox 1262 5357 1470 5427; x_wconf 67' lang='lat' dir='ltr'><strong>palmas</strong></span> <span class='ocrx_word' id='word_1_728' title='bbox 1515 5357 1694 5414; x_wconf 89' lang='lat' dir='ltr'><strong>clavis</strong></span> <span class='ocrx_word' id='word_1_729' title='bbox 1726 5358 2027 5429; x_wconf 73' lang='lat' dir='ltr'><strong>perforatae</strong></span> 
     </span>
    </p>
   </div>
   <div class='ocr_carea' id='block_1_104' title="bbox 379 5447 2031 5521">
    <p class='ocr_par' dir='ltr' id='par_1_104' title="bbox 379 5447 2031 5521">
     <span class='ocr_line' id='line_1_104' title="bbox 379 5447 2031 5521; baseline 0.001 -20"><span class='ocrx_word' id='word_1_730' title='bbox 379 5447 544 5511; x_wconf 88' lang='lat' dir='ltr'><strong>sunt,</strong></span> <span class='ocrx_word' id='word_1_731' title='bbox 578 5460 756 5513; x_wconf 89' lang='lat' dir='ltr'><strong>quare</strong></span> <span class='ocrx_word' id='word_1_732' title='bbox 788 5462 904 5501; x_wconf 90' lang='lat' dir='ltr'><strong>non</strong></span> <span class='ocrx_word' id='word_1_733' title='bbox 934 5447 1117 5504; x_wconf 91' lang='lat' dir='ltr'><strong>debeo</strong></span> <span class='ocrx_word' id='word_1_734' title='bbox 1138 5452 1195 5505; x_wconf 91' lang='lat' dir='ltr'><strong>et</strong></span> <span class='ocrx_word' id='word_1_735' title='bbox 1224 5463 1330 5521; x_wconf 89' lang='lat' dir='ltr'><strong>ego</strong></span> <span class='ocrx_word' id='word_1_736' title='bbox 1368 5448 1529 5504; x_wconf 91' lang='lat' dir='ltr'><strong>illius</strong></span> <span class='ocrx_word' id='word_1_737' title='bbox 1561 5464 1782 5503; x_wconf 83' lang='lat' dir='ltr'><strong>servus.</strong></span> <span class='ocrx_word' id='word_1_738' title='bbox 1814 5463 2031 5519; x_wconf 87' lang='lat' dir='ltr'><strong>magna</strong></span> 
     </span>
    </p>
   </div>
   <div class='ocr_carea' id='block_1_105' title="bbox 381 5533 2029 5609">
    <p class='ocr_par' dir='ltr' id='par_1_105' title="bbox 381 5533 2029 5609">
     <span class='ocr_line' id='line_1_105' title="bbox 381 5533 2029 5609; baseline 0.001 -18"><span class='ocrx_word' id='word_1_739' title='bbox 381 5548 518 5591; x_wconf 90' lang='lat' dir='ltr'><strong>cum</strong></span> <span class='ocrx_word' id='word_1_740' title='bbox 564 5533 860 5605; x_wconf 89' lang='lat' dir='ltr'><strong>voluptate</strong></span> <span class='ocrx_word' id='word_1_741' title='bbox 908 5536 966 5593; x_wconf 92' lang='lat' dir='ltr'><strong>in</strong></span> <span class='ocrx_word' id='word_1_742' title='bbox 1021 5536 1110 5594; x_wconf 90' lang='lat' dir='ltr'><strong>his</strong></span> <span class='ocrx_word' id='word_1_743' title='bbox 1159 5538 1305 5609; x_wconf 90' lang='lat' dir='ltr'><strong>ipsis</strong></span> <span class='ocrx_word' id='word_1_744' title='bbox 1336 5554 1472 5594; x_wconf 88' lang='lat' dir='ltr'><strong>eum</strong></span> <span class='ocrx_word' id='word_1_745' title='bbox 1518 5537 1741 5593; x_wconf 87' lang='lat' dir='ltr'><strong>Christo</strong></span> <span class='ocrx_word' id='word_1_746' title='bbox 1784 5537 2029 5593; x_wconf 90' lang='lat' dir='ltr'><strong>Domino</strong></span> 
     </span>
    </p>
   </div>
   <div class='ocr_carea' id='block_1_106' title="bbox 383 5626 2031 5701">
    <p class='ocr_par' dir='ltr' id='par_1_106' title="bbox 383 5626 2031 5701">
     <span class='ocr_line' id='line_1_106' title="bbox 383 5626 2031 5701; baseline 0.003 -21"><span class='ocrx_word' id='word_1_747' title='bbox 383 5639 513 5681; x_wconf 90' lang='lat' dir='ltr'><strong>meo</strong></span> <span class='ocrx_word' id='word_1_748' title='bbox 545 5626 1022 5685; x_wconf 87' lang='lat' dir='ltr'><strong>communicare?</strong></span> <span class='ocrx_word' id='word_1_749' title='bbox 1050 5628 1216 5685; x_wconf 89' lang='lat' dir='ltr'><strong>Certe</strong></span> <span class='ocrx_word' id='word_1_750' title='bbox 1248 5632 1465 5701; x_wconf 78' lang='lat' dir='ltr'><strong>martyr</strong></span> <span class='ocrx_word' id='word_1_751' title='bbox 1498 5626 1597 5683; x_wconf 90' lang='lat' dir='ltr'><strong>ille</strong></span> <span class='ocrx_word' id='word_1_752' title='bbox 1618 5627 1795 5683; x_wconf 92' lang='lat' dir='ltr'><strong>etiam</strong></span> <span class='ocrx_word' id='word_1_753' title='bbox 1827 5626 2031 5685; x_wconf 91' lang='lat' dir='ltr'><strong>lancea</strong></span> 
     </span>
    </p>
   </div>
   <div class='ocr_carea' id='block_1_107' title="bbox 384 5712 2025 5789">
    <p class='ocr_par' dir='ltr' id='par_1_107' title="bbox 384 5712 2025 5789">
     <span class='ocr_line' id='line_1_107' title="bbox 384 5712 2025 5789; baseline 0.002 -19"><span class='ocrx_word' id='word_1_754' title='bbox 384 5712 612 5779; x_wconf 85' lang='lat' dir='ltr'><strong>percuti</strong></span> <span class='ocrx_word' id='word_1_755' title='bbox 650 5716 919 5788; x_wconf 90' lang='lat' dir='ltr'><strong>cupiebat</strong></span> <span class='ocrx_word' id='word_1_756' title='bbox 953 5735 965 5775; x_wconf 92' lang='lat'>:</span> <span class='ocrx_word' id='word_1_757' title='bbox 1000 5719 1265 5789; x_wconf 89' lang='lat' dir='ltr'><strong>quinimo</strong></span> <span class='ocrx_word' id='word_1_758' title='bbox 1316 5718 1389 5773; x_wconf 89' lang='lat' dir='ltr'><strong>fel</strong></span> <span class='ocrx_word' id='word_1_759' title='bbox 1420 5716 1612 5788; x_wconf 86' lang='lat' dir='ltr'><strong>ipsum</strong></span> <span class='ocrx_word' id='word_1_760' title='bbox 1666 5719 1978 5789; x_wconf 87' lang='lat' dir='ltr'><strong>appetebat</strong></span> <span class='ocrx_word' id='word_1_761' title='bbox 2010 5734 2025 5774; x_wconf 90' lang='lat'><strong>:</strong></span> 
     </span>
    </p>
   </div>
   <div class='ocr_carea' id='block_1_108' title="bbox 2136 4730 3812 4811">
    <p class='ocr_par' dir='ltr' id='par_1_108' title="bbox 2136 4730 3812 4811">
     <span class='ocr_line' id='line_1_108' title="bbox 2136 4730 3812 4811; baseline -0.005 -21"><span class='ocrx_word' id='word_1_762' title='bbox 2136 4732 2299 4811; x_wconf 79' lang='grc' dir='ltr'>ἄνδρα</span> <span class='ocrx_word' id='word_1_763' title='bbox 2378 4737 2717 4808; x_wconf 85' lang='grc' dir='ltr'>μετεωρίζει,</span> <span class='ocrx_word' id='word_1_764' title='bbox 2792 4736 2882 4787; x_wconf 84' lang='lat' dir='ltr'><strong>xui</strong></span> <span class='ocrx_word' id='word_1_765' title='bbox 2968 4730 3225 4803; x_wconf 86' lang='grc' dir='ltr'>διαξαίνει</span> <span class='ocrx_word' id='word_1_766' title='bbox 3312 4731 3560 4803; x_wconf 75' lang='grc' dir='ltr'>σιδηροῖς</span> <span class='ocrx_word' id='word_1_767' title='bbox 3630 4730 3812 4783; x_wconf 70' lang='grc' dir='ltr'>αὐτὸν</span> 
     </span>
    </p>
   </div>
   <div class='ocr_carea' id='block_1_109' title="bbox 2143 4816 3815 4899">
    <p class='ocr_par' dir='ltr' id='par_1_109' title="bbox 2143 4816 3815 4899">
     <span class='ocr_line' id='line_1_109' title="bbox 2143 4816 3815 4899; baseline -0.005 -20"><span class='ocrx_word' id='word_1_768' title='bbox 2143 4826 2336 4895; x_wconf 78' lang='grc' dir='ltr'>ὅνυξιν.</span> <span class='ocrx_word' id='word_1_769' title='bbox 2396 4825 2458 4881; x_wconf 90' lang='grc' dir='ltr'>Ὁ</span> <span class='ocrx_word' id='word_1_770' title='bbox 2519 4821 2576 4877; x_wconf 71' lang='grc' dir='ltr'><strong>δὲ</strong></span> <span class='ocrx_word' id='word_1_771' title='bbox 2633 4826 2888 4878; x_wconf 90' lang='grc' dir='ltr'>τοσοῦτον</span> <span class='ocrx_word' id='word_1_772' title='bbox 2955 4816 3148 4899; x_wconf 75' lang='grc' dir='ltr'>ἔχαιρε</span> <span class='ocrx_word' id='word_1_773' title='bbox 3202 4818 3415 4893; x_wconf 75' lang='grc' dir='ltr'>μᾶλλον</span> <span class='ocrx_word' id='word_1_774' title='bbox 3448 4820 3815 4891; x_wconf 72' lang='grc' dir='ltr'>τῇτιμωρίᾳ</span> 
     </span>
    </p>
   </div>
   <div class='ocr_carea' id='block_1_110' title="bbox 2138 4908 3811 4986">
    <p class='ocr_par' dir='ltr' id='par_1_110' title="bbox 2138 4908 3811 4986">
     <span class='ocr_line' id='line_1_110' title="bbox 2138 4908 3811 4986; baseline -0.005 -18"><span class='ocrx_word' id='word_1_775' title='bbox 2138 4916 2211 4975; x_wconf 84' lang='grc' dir='ltr'>ὡς</span> <span class='ocrx_word' id='word_1_776' title='bbox 2267 4914 2353 4968; x_wconf 82' lang='grc' dir='ltr'><strong>καὶ</strong></span> <span class='ocrx_word' id='word_1_777' title='bbox 2428 4912 2758 4986; x_wconf 87' lang='grc' dir='ltr'>μακαριστὸν</span> <span class='ocrx_word' id='word_1_778' title='bbox 2817 4911 3006 4966; x_wconf 71' lang='grc' dir='ltr'>ἑαυτὸν</span> <span class='ocrx_word' id='word_1_779' title='bbox 3034 4909 3236 4965; x_wconf 87' lang='grc' dir='ltr'>τιθέναι</span> <span class='ocrx_word' id='word_1_780' title='bbox 3276 4915 3377 4977; x_wconf 83' lang='grc' dir='ltr'>τῆς</span> <span class='ocrx_word' id='word_1_781' title='bbox 3420 4908 3811 4981; x_wconf 69' lang='grc' dir='ltr'>ἀναρτήσεως,</span> 
     </span>
    </p>
   </div>
   <div class='ocr_carea' id='block_1_111' title="bbox 2138 4994 3822 5073">
    <p class='ocr_par' dir='ltr' id='par_1_111' title="bbox 2138 4994 3822 5073">
     <span class='ocr_line' id='line_1_111' title="bbox 2138 4994 3822 5073; baseline -0.004 -16"><span class='ocrx_word' id='word_1_782' title='bbox 2138 5005 2221 5058; x_wconf 85' lang='grc' dir='ltr'>ὅτι</span> <span class='ocrx_word' id='word_1_783' title='bbox 2289 4999 2620 5056; x_wconf 76' lang='grc' dir='ltr'>δεσποτικῶν</span> <span class='ocrx_word' id='word_1_784' title='bbox 2698 5001 3032 5072; x_wconf 73' lang='grc' dir='ltr'>παθημάτων</span> <span class='ocrx_word' id='word_1_785' title='bbox 3112 5000 3363 5073; x_wconf 72' lang='grc' dir='ltr'>μιμητὴς</span> <span class='ocrx_word' id='word_1_786' title='bbox 3428 4994 3822 5051; x_wconf 78' lang='grc' dir='ltr'>ἀνεδείκνυτο’</span> 
     </span>
    </p>
   </div>
   <div class='ocr_carea' id='block_1_112' title="bbox 2138 5084 3827 5168">
    <p class='ocr_par' dir='ltr' id='par_1_112' title="bbox 2138 5084 3827 5168">
     <span class='ocr_line' id='line_1_112' title="bbox 2138 5084 3827 5168; baseline -0.005 -19"><span class='ocrx_word' id='word_1_787' title='bbox 2138 5092 2203 5149; x_wconf 86' lang='grc' dir='ltr'><strong>Εἰ</strong></span> <span class='ocrx_word' id='word_1_788' title='bbox 2240 5093 2341 5168; x_wconf 75' lang='grc' dir='ltr'><strong>γὰρ</strong></span> <span class='ocrx_word' id='word_1_789' title='bbox 2398 5093 2425 5145; x_wconf 87' lang='grc' dir='ltr'><strong>ὁ</strong></span> <span class='ocrx_word' id='word_1_790' title='bbox 2466 5090 2667 5165; x_wconf 87' lang='grc' dir='ltr'>Κύριος</span> <span class='ocrx_word' id='word_1_791' title='bbox 2724 5093 2886 5163; x_wconf 83' lang='grc' dir='ltr'>ἡμῶν</span> <span class='ocrx_word' id='word_1_792' title='bbox 2943 5089 3155 5159; x_wconf 78' lang='grc' dir='ltr'>Ἰησοῦς</span> <span class='ocrx_word' id='word_1_793' title='bbox 3206 5088 3470 5163; x_wconf 81' lang='grc' dir='ltr'>Χριστὸς,</span> <span class='ocrx_word' id='word_1_794' title='bbox 3502 5084 3690 5161; x_wconf 80' lang='grc' dir='ltr'>ἔλεγε,</span> <span class='ocrx_word' id='word_1_795' title='bbox 3736 5084 3827 5141; x_wconf 81' lang='grc' dir='ltr'><strong>δι’</strong></span> 
     </span>
    </p>
   </div>
   <div class='ocr_carea' id='block_1_113' title="bbox 2138 5172 3821 5255">
    <p class='ocr_par' dir='ltr' id='par_1_113' title="bbox 2138 5172 3821 5255">
     <span class='ocr_line' id='line_1_113' title="bbox 2138 5172 3821 5255; baseline -0.002 -20"><span class='ocrx_word' id='word_1_796' title='bbox 2138 5185 2286 5254; x_wconf 71' lang='grc' dir='ltr'>ἡμᾶς</span> <span class='ocrx_word' id='word_1_797' title='bbox 2330 5180 2422 5235; x_wconf 86' lang='grc' dir='ltr'><strong>καὶ</strong></span> <span class='ocrx_word' id='word_1_798' title='bbox 2482 5184 2697 5254; x_wconf 81' lang='grc' dir='ltr'>σταυρῷ</span> <span class='ocrx_word' id='word_1_799' title='bbox 2752 5178 3111 5255; x_wconf 76' lang='grc' dir='ltr'>προσήλωτο,</span> <span class='ocrx_word' id='word_1_800' title='bbox 3142 5178 3235 5232; x_wconf 85' lang='grc' dir='ltr'><strong>καὶ</strong></span> <span class='ocrx_word' id='word_1_801' title='bbox 3282 5175 3461 5252; x_wconf 81' lang='grc' dir='ltr'>χολὴν</span> <span class='ocrx_word' id='word_1_802' title='bbox 3530 5175 3623 5229; x_wconf 88' lang='lat' dir='ltr'><strong>xui</strong></span> <span class='ocrx_word' id='word_1_803' title='bbox 3678 5172 3821 5247; x_wconf 77' lang='grc' dir='ltr'>ὄξος</span> 
     </span>
    </p>
   </div>
   <div class='ocr_carea' id='block_1_114' title="bbox 2138 5264 3817 5346">
    <p class='ocr_par' dir='ltr' id='par_1_114' title="bbox 2138 5264 3817 5346">
     <span class='ocr_line' id='line_1_114' title="bbox 2138 5264 3817 5346; baseline -0.004 -20"><span class='ocrx_word' id='word_1_804' title='bbox 2138 5274 2475 5346; x_wconf 73' lang='grc' dir='ltr'>προσήκατο,</span> <span class='ocrx_word' id='word_1_805' title='bbox 2550 5270 2639 5324; x_wconf 83' lang='lat' dir='ltr'><strong>xui</strong></span> <span class='ocrx_word' id='word_1_806' title='bbox 2698 5269 2884 5344; x_wconf 80' lang='grc' dir='ltr'>λόγχῃ</span> <span class='ocrx_word' id='word_1_807' title='bbox 2941 5270 3041 5337; x_wconf 77' lang='grc' dir='ltr'>τὴν</span> <span class='ocrx_word' id='word_1_808' title='bbox 3109 5267 3347 5343; x_wconf 65' lang='grc' dir='ltr'>πλευρὰν</span> <span class='ocrx_word' id='word_1_809' title='bbox 3414 5264 3662 5335; x_wconf 83' lang='grc' dir='ltr'>νένυκτο,</span> <span class='ocrx_word' id='word_1_810' title='bbox 3704 5267 3817 5321; x_wconf 70' lang='grc' dir='ltr'><strong>καὶ</strong></span> 
     </span>
    </p>
   </div>
   <div class='ocr_carea' id='block_1_115' title="bbox 2138 5356 3818 5434">
    <p class='ocr_par' dir='ltr' id='par_1_115' title="bbox 2138 5356 3818 5434">
     <span class='ocr_line' id='line_1_115' title="bbox 2138 5356 3818 5434; baseline -0.004 -18"><span class='ocrx_word' id='word_1_811' title='bbox 2138 5361 2301 5431; x_wconf 77' lang='grc' dir='ltr'>ἥλοις</span> <span class='ocrx_word' id='word_1_812' title='bbox 2342 5357 2662 5434; x_wconf 85' lang='grc' dir='ltr'>δίατέτρητο</span> <span class='ocrx_word' id='word_1_813' title='bbox 2701 5359 2798 5421; x_wconf 75' lang='grc' dir='ltr'><strong>τὰς</strong></span> <span class='ocrx_word' id='word_1_814' title='bbox 2837 5358 3116 5431; x_wconf 77' lang='grc' dir='ltr'>παλάμας·</span> <span class='ocrx_word' id='word_1_815' title='bbox 3154 5362 3272 5420; x_wconf 83' lang='grc' dir='ltr'><strong>πῶς</strong></span> <span class='ocrx_word' id='word_1_816' title='bbox 3303 5356 3364 5411; x_wconf 81' lang='grc' dir='ltr'><strong>ού</strong></span> <span class='ocrx_word' id='word_1_817' title='bbox 3397 5356 3508 5430; x_wconf 75' lang='grc' dir='ltr'><strong>χρή</strong></span> <span class='ocrx_word' id='word_1_818' title='bbox 3574 5376 3645 5427; x_wconf 84' lang='grc' dir='ltr'><strong>με</strong></span> <span class='ocrx_word' id='word_1_819' title='bbox 3705 5357 3818 5411; x_wconf 70' lang='grc' dir='ltr'><strong>τὸν</strong></span> 
     </span>
    </p>
   </div>
   <div class='ocr_carea' id='block_1_116' title="bbox 2140 5449 3824 5523">
    <p class='ocr_par' dir='ltr' id='par_1_116' title="bbox 2140 5449 3824 5523">
     <span class='ocr_line' id='line_1_116' title="bbox 2140 5449 3824 5523; baseline -0.005 -17"><span class='ocrx_word' id='word_1_820' title='bbox 2140 5449 2338 5506; x_wconf 83' lang='grc' dir='ltr'>δοῦλον</span> <span class='ocrx_word' id='word_1_821' title='bbox 2367 5449 2682 5503; x_wconf 80' lang='grc' dir='ltr'>τῶν“αύτῶν</span> <span class='ocrx_word' id='word_1_822' title='bbox 2714 5454 2794 5522; x_wconf 72' lang='grc' dir='ltr'>τῷ</span> <span class='ocrx_word' id='word_1_823' title='bbox 2843 5449 3082 5523; x_wconf 80' lang='grc' dir='ltr'>Δεσπότῃ</span> <span class='ocrx_word' id='word_1_824' title='bbox 3121 5450 3234 5520; x_wconf 84' lang='grc' dir='ltr'>μεθ’</span> <span class='ocrx_word' id='word_1_825' title='bbox 3294 5450 3501 5523; x_wconf 79' lang='grc' dir='ltr'>ἠγονῆς</span> <span class='ocrx_word' id='word_1_826' title='bbox 3532 5451 3824 5513; x_wconf 80' lang='grc' dir='ltr'>κοινωνῆ-</span> 
     </span>
    </p>
   </div>
   <div class='ocr_carea' id='block_1_117' title="bbox 2142 5534 3818 5613">
    <p class='ocr_par' dir='ltr' id='par_1_117' title="bbox 2142 5534 3818 5613">
     <span class='ocr_line' id='line_1_117' title="bbox 2142 5534 3818 5613; baseline 0.001 -18"><span class='ocrx_word' id='word_1_827' title='bbox 2142 5562 2229 5596; x_wconf 87' lang='grc' dir='ltr'><strong>σαι</strong></span> <span class='ocrx_word' id='word_1_828' title='bbox 2262 5561 2277 5609; x_wconf 89' lang='lat'><strong>;</strong></span> <span class='ocrx_word' id='word_1_829' title='bbox 2311 5537 2535 5612; x_wconf 83' lang='grc' dir='ltr'>Ἀμέλει</span> <span class='ocrx_word' id='word_1_830' title='bbox 2574 5539 2665 5593; x_wconf 84' lang='grc' dir='ltr'><strong>καὶ</strong></span> <span class='ocrx_word' id='word_1_831' title='bbox 2711 5539 2811 5607; x_wconf 74' lang='grc' dir='ltr'>τὴν</span> <span class='ocrx_word' id='word_1_832' title='bbox 2841 5536 3055 5613; x_wconf 86' lang='grc' dir='ltr'>λόγχην</span> <span class='ocrx_word' id='word_1_833' title='bbox 3106 5538 3308 5608; x_wconf 71' lang='grc' dir='ltr'>ἐζήτει,</span> <span class='ocrx_word' id='word_1_834' title='bbox 3338 5536 3429 5590; x_wconf 78' lang='grc' dir='ltr'><strong>καὶ</strong></span> <span class='ocrx_word' id='word_1_835' title='bbox 3473 5541 3575 5604; x_wconf 74' lang='grc' dir='ltr'><strong>τῆς</strong></span> <span class='ocrx_word' id='word_1_836' title='bbox 3604 5534 3818 5609; x_wconf 74' lang='grc' dir='ltr'>χολῆς</span> 
     </span>
    </p>
   </div>
   <div class='ocr_carea' id='block_1_118' title="bbox 2140 5621 3817 5702">
    <p class='ocr_par' dir='ltr' id='par_1_118' title="bbox 2140 5621 3817 5702">
     <span class='ocr_line' id='line_1_118' title="bbox 2140 5621 3817 5702; baseline -0.005 -17"><span class='ocrx_word' id='word_1_837' title='bbox 2140 5629 2417 5702; x_wconf 80' lang='grc' dir='ltr'>ἐπεθύμει,</span> <span class='ocrx_word' id='word_1_838' title='bbox 2475 5627 2587 5698; x_wconf 85' lang='lat' dir='ltr'><strong>xui,</strong></span> <span class='ocrx_word' id='word_1_839' title='bbox 2648 5629 2972 5700; x_wconf 81' lang='grc' dir='ltr'>Ἡκέτωσαν,</span> <span class='ocrx_word' id='word_1_840' title='bbox 3032 5625 3205 5702; x_wconf 81' lang='grc' dir='ltr'>ἔλεγε,</span> <span class='ocrx_word' id='word_1_841' title='bbox 3244 5626 3310 5679; x_wconf 83' lang='grc' dir='ltr'><strong>τὰ</strong></span> <span class='ocrx_word' id='word_1_842' title='bbox 3378 5621 3817 5700; x_wconf 70' lang='grc' dir='ltr'>κολαοίσματα,</span> 
     </span>
    </p>
   </div>
   <div class='ocr_carea' id='block_1_119' title="bbox 2139 5711 3822 5791">
    <p class='ocr_par' dir='ltr' id='par_1_119' title="bbox 2139 5711 3822 5791">
     <span class='ocr_line' id='line_1_119' title="bbox 2139 5711 3822 5791; baseline -0.004 -18"><span class='ocrx_word' id='word_1_843' title='bbox 2139 5719 2206 5773; x_wconf 82' lang='grc' dir='ltr'>τὰ</span> <span class='ocrx_word' id='word_1_844' title='bbox 2272 5716 2646 5791; x_wconf 80' lang='grc' dir='ltr'>ἐμπτύσματο·</span> <span class='ocrx_word' id='word_1_845' title='bbox 2719 5715 2746 5769; x_wconf 87' lang='grc' dir='ltr'><strong>ὁ</strong></span> <span class='ocrx_word' id='word_1_846' title='bbox 2806 5714 3085 5779; x_wconf 74' lang='grc' dir='ltr'>ἂκάνθινος</span> <span class='ocrx_word' id='word_1_847' title='bbox 3141 5711 3463 5777; x_wconf 84' lang='grc' dir='ltr'>ἐπιτιθέσθω</span> <span class='ocrx_word' id='word_1_848' title='bbox 3523 5732 3619 5785; x_wconf 86' lang='grc' dir='ltr'><strong>μοι</strong></span> <span class='ocrx_word' id='word_1_849' title='bbox 3686 5712 3822 5767; x_wconf 76' lang='grc' dir='ltr'>στέ-</span> 
     </span>
    </p>
   </div>
  </div>
