4012 6220
289 460 444 522 1325

330 639 452 680 ανος
494 635 509 650 ⁸

291 642 452 695 φανος
494 642 509 650 '
565 642 956 692 εγχειριςεσυω
1015 642 1285 682 numqui...
1356 642 1421 663 υι
1491 642 1800 679 ομηυιιμινι
1861 642 1936 672 νε,

289 707 446 786 φησὶ,
485 710 614 776 ποῖ’),
654 709 762 760 ποῦ
805 704 873 758 τὰ
919 698 1270 775 ῥαπίσματα;
1302 696 1483 769 Μικρᾶ
1527 695 1630 768 γὰρ
1687 691 1812 766 ἐμοὶ
1875 690 1943 744 τὰ

287 779 534 869 παρόντα
589 795 726 869 πρὸς
775 793 954 847 ἐκεῖνα
1002 787 1264 863 βλέποντι
1294 784 1385 840 καὶ
1445 782 1618 843 οὕτως
1649 779 1940 859 ἐφιεμένῳ.

1471 443 1947 516 MARTYRIUM
1995 442 2062 502 S.
2110 438 2516 502 EPIMACUI.

565 613 956 692 ἐγχειριζέσθω
1012 609 1285 682 κάλαμος.
1355 607 1421 663 Οἱ
1491 603 1804 692 ἐμπαιγμοὶ,
1859 599 1936 692 δὲ,

2072 609 2106 656 ιι
2157 599 2412 658 Veniant
2459 603 2517 657 in
2578 617 2672 657 me
2735 602 2938 675 alapae,
2999 603 3227 661 dicebat

3543 442 3701 502 {3‘26

3287 619 3301 659 :
3361 603 3417 659 in
3418 603 3700 675 jiciantur

2053 695 2232 762 sputa
2271 705 2287 745 :
2328 690 2728 746 circumdetur
2776 695 2950 763 caput
2979 707 3178 748 meum
3207 708 3421 750 corona
3450 693 3653 764 spinea
3682 713 3700 762 ;

2053 780 2225 836 detur
2253 779 2315 835 in
2346 795 2558 835 manus
2597 787 2653 835 et
2684 780 2926 835 arundo.
2960 779 3209 836 Ubinam
3250 787 3388 838 sunt
3416 782 3704 839 dedecora

290 892 347 943 et
371 867 676 942 irrisiones
694 886 723 938 ?
743 882 842 939 ubi
872 881 1050 950 alapa
1069 881 1098 934 ?
1118 877 1329 934 Omnia
1357 875 1515 932 enim
1549 872 1854 946 prasentia
1877 872 1996 926 hazc
2027 868 2172 925 mihi
2195 869 2268 924 ad
2301 869 2496 924 futura
2524 867 2625 923 illa
2655 869 2807 924 bona
2837 869 3142 940 spectanti,
3170 885 3352 942 eaque
3383 872 3702 944 appetenti,

287 978 562 1033 videntur
588 992 760 1048 parva
790 971 1055 1046 quedam
1087 987 1237 1037 esse,
1269 985 1336 1025 ac
1365 983 1469 1039 pro
1491 964 1676 1021 nihilo
1708 961 1993 1020 facienda.

362 1067 437 1122 Θ’.
471 1065 580 1120 Διᾶ
602 1069 765 1120 τοῦτο
793 1063 883 1117 καὶ
919 1061 1156 1136 βάσανος
1197 1059 1352 1134 ἑτέρᾳ
1379 1061 1459 1128 τῷ
1494 1055 1711 1127 ἀθλητῇ
1764 1072 1937 1126 προσ-

290 1156 436 1225 θήκη
495 1160 596 1222 τῆς
650 1147 1040 1226 προλαϐούσης
1081 1148 1341 1222 ἐπήγετο,
1388 1144 1479 1200 καὶ
1530 1142 1709 1206 λίθοις
1769 1140 1939 1213 ὀξέσιν

292 1244 322 1296 ὁ
371 1246 618 1315 γενναῖος
656 1239 984 1309 ἐπλήττετο,
1015 1237 1346 1311 πρόσταγμα
1404 1231 1461 1288 δὲ
1524 1237 1622 1287 τοῦ
1678 1231 1942 1304 τυράννου

289 1335 477 1401 τοῦτο,
516 1329 606 1384 καὶ
662 1336 763 1398 τῆς
823 1327 1064 1398 ἀπηνοῦς
1127 1329 1313 1399 ψυχῆς
1366 1321 1577 1392 ἐκείνης
1642 1321 1734 1375 καὶ
1774 1319 1944 1373 ἄπαν-

295 1420 541 1493 θρώπου.
571 1420 712 1485 Ἵνα,
763 1417 920 1495 φησὶ,
951 1415 1128 1474 πυκνὰ
1178 1411 1640 1487 διαθραττομένου
1694 1411 1792 1462 τοῦ
1834 1408 1944 1460 σώο

295 1528 491 1580 ματος,
521 1509 712 1562 θᾶττον
773 1504 1055 1580 ἀπορρήξῃ
1110 1501 1201 1557 καὶ
1238 1503 1339 1570 τὴν
1403 1501 1612 1574 ψυχήν.
1657 1495 1947 1565 Ἐλελήθει

295 1594 353 1650 δὲ
383 1598 486 1670 ἄρα
526 1594 906 1669 λαμπρότερον
945 1590 1104 1648 αὺτὸν
1156 1589 1542 1666 ἐργαζόμενος,
1573 1586 1660 1642 καὶ
1720 1585 1950 1641 πλείονα

291 1689 375 1756 τῷ
409 1684 642 1758 μάρτυρι
681 1683 950 1756 προξενῶν
998 1683 1100 1750 τήν
1151 1681 1289 1755 πρὸς
1332 1679 1424 1733 τὸν
1459 1677 1586 1732 Θεὸν
1617 1672 1947 1750 παῤῥησίαν.

293 1771 476 1828 Ἀλλᾶ
505 1772 832 1846 προσεκτέον
880 1775 960 1842 τῷ
1019 1767 1325 1844 διηγήματι
1353 1786 1368 1801 ο
1418 1767 1509 1820 καὶ
1555 1765 1658 1840 γὰρ
1712 1760 1949 1832 ἐκδηλοο

295 1861 454 1934 τέρας
486 1857 596 1930 ἤδη
646 1867 748 1928 τῆς
777 1858 1008 1934 χάριτος
1051 1855 1365 1926 ἀπολαύειν,
1395 1855 1485 1910 καὶ
1516 1859 1622 1909 τῶν
1657 1850 1949 1924 θαυμάτων

298 1951 615 2024 Ἐπίμαχος
644 1950 894 2024 ἄρχεται.

372 2216 430 2271 1’.
488 2215 549 2271 Ὀ
618 2213 711 2286 μὲν
787 2210 1023 2281 έξαίνετο
1108 2212 1379 2284 μετέωρος
1437 2207 1526 2264 ἒπὶ
1603 2209 1797 2279 ξύλου,
1861 2208 1949 2261 καὶ

301 2301 481 2366 λίθοις
536 2302 602 2356 τὰ
662 2301 793 2355 ὀστᾶ
857 2297 1234 2355 διακέκλαστο.
1269 2298 1418 2372 Κόρη
1472 2297 1530 2352 δέ
1558 2319 1641 2358 τις
1673 2296 1784 2351 ἐκεῖ
1813 2317 1954 2368 παρ-

302 2391 540 2459 ειστήκει
606 2388 770 2463 μέρος
852 2385 985 2440 οὖσα
1043 2387 1134 2439 καὶ
1194 2385 1330 2453 αὐτὴ
1397 2390 1494 2438 τοῦ
1551 2396 1801 2457 θεατρου,
1863 2383 1955 2436 τὸν

299 2475 486 2551 ἕτερον
544 2473 920 2549 πεπηρωμένη
1001 2479 1112 2527 τῶν
1189 2470 1508 2548 ὀφθαλμῶν.
1569 2471 1785 2539 Ταύτης
1862 2469 1954 2524 οὖν

305 2568 502 2624 ἂτενῶς
556 2565 693 2638 πρὸς
773 2561 974 2617 ἐκεῖνον
1044 2563 1286 2636 ὁρώσης,
1341 2561 1433 2615 καὶ
1513 2561 1610 2623 τὰς
1706 2559 1957 2637 χαλεπὰς

305 2653 508 2714 ἐκείνας
539 2651 793 2712 κολάσεις
842 2649 1082 2723 ὀδυρμὸν
1140 2649 1499 2722 ποιουμένης,
1535 2649 1698 2722 μέρος
1738 2670 1790 2704 τι
1846 2652 1954 2703 τῶν

306 2746 404 2798 τοῦ
499 2742 772 2815 μάρτυρος
856 2744 1066 2815 σαρκῶν
1164 2738 1362 2803 ἐγεῖθεν
1445 2739 1788 2802 ἀποσπασθὲν
1865 2738 1958 2793 καὶ

308 2829 544 2905 διαέριόν
594 2849 710 2890 πως
750 2828 1071 2905 φερόμενον,
1104 2829 1400 2897 ἀποστάζει
1445 2833 1542 2883 τοῦ
1582 2826 1821 2901 α’ίματος
1882 2827 1959 2891 εἷς

303 2921 396 2975 τὸν
448 2918 734 2995 ὀφθαλμόν
766 2937 779 2950 ·
818 2918 909 2973 καὶ
959 2919 988 2973 ὁ
1038 2916 1350 2993 σταλαγμὸς
1400 2918 1592 2973 αὐτίκα
1648 2921 1842 2992 παγεὶς
1886 2917 1957 2992 (ὢ

303 3008 590 3082 θαύματος
661 3007 1008 3063 ἀνεικάστουί
1071 3006 1115 3061 ὣ
1199 3007 1373 3062 πάντα
1466 3006 1634 3082 λόγον
1718 3011 1959 3079 νικώσης

307 3097 765 3176 φιλανθρωπίας),
834 3103 949 3170 φῶς
1004 3097 1206 3170 γίνεται
1263 3098 1456 3171 ταύτῃ,
1516 3099 1605 3152 καὶ
1676 3099 1804 3173 ὑγιῆ
1864 3099 1958 3154 τὸν

308 3187 592 3264 ὀφθαλμὸν
628 3183 979 3239 ἀποδίδωσιν.
1025 3184 1202 3241 Ἀλλᾶ
1230 3190 1389 3240 τοῦτο
1444 3188 1538 3258 μὲν
1590 3184 1656 3256 δὴ
1690 3189 1960 3262 πάρεργον

2127 1051 2219 1108 IX.
2253 1051 2383 1106 Hec
2414 1066 2547 1106 cum
2577 1051 2796 1107 diceret
2826 1054 3064 1123 martyr,
3106 1050 3401 1123 prioribus
3427 1053 3704 1108 tormenti

2056 1157 2206 1197 nova
2262 1141 2528 1211 quaedam
2576 1140 3024 1210 adjiciebantur,
3053 1147 3108 1196 et
3158 1141 3352 1196 acutis
3408 1140 3705 1212 lapidibus

2055 1246 2377 1303 generosus
2405 1229 2506 1285 ille
2541 1229 2780 1300 athleta,
2807 1230 3062 1299 tyranni,
3096 1229 3202 1285 hoc
3244 1233 3335 1285 est
3365 1230 3622 1287 crudelis
3652 1238 3707 1287 et

2057 1319 2394 1375 inhumanae
2427 1335 2667 1390 prorsus
2697 1319 2906 1374 animis
2931 1319 3124 1387 jussu,
3160 1317 3489 1374 feriebatur.
3526 1320 3711 1374 Insta-

2056 1408 2159 1462 bat
2187 1407 2346 1462 enim
2368 1423 2435 1461 ac
2467 1406 2748 1477 urgebat:
2783 1411 2887 1474 tta,
2918 1405 3216 1478 inquiens,
3253 1405 3553 1461 hominem
3577 1421 3706 1477 per-

2059 1495 2258 1562 cutite,
2293 1498 2360 1549 ut
2407 1495 2536 1565 ejus
2593 1510 2829 1566 corpore
2879 1493 3099 1549 crebris
3157 1493 3367 1548 ictibus
3397 1493 3712 1564 perfracto,

2059 1584 2358 1640 celerrime
2391 1583 2654 1638 animam
2683 1583 2874 1656 ipsam
2907 1583 3239 1653 abrumpat.
3259 1583 3369 1638 Sed
3397 1598 3514 1638 non
3545 1583 3710 1637 vide-

2061 1673 2160 1728 bat
2215 1677 2504 1744 tyrannus
2552 1671 2672 1740 ille,
2727 1676 3043 1741 martyrem
3102 1687 3170 1727 ea
3217 1687 3278 1726 re
3329 1669 3706 1726 illustriorem

2060 1761 2234 1830 efﬁci,
2268 1762 2672 1833 majoremque
2703 1761 2854 1832 apud
2896 1759 3076 1817 Deum
3117 1760 3394 1815 ﬁduciam
3426 1759 3542 1830 ipsi
3571 1775 3714 1815 con-

2062 1850 2270 1906 ciliari.
2303 1849 2589 1906 Caeterum
2637 1866 2864 1920 eorum,
2886 1867 3014 1922 quae
3042 1849 3289 1906 dicenda
3317 1853 3478 1916 sunt,
3503 1865 3709 1906 narra-

2063 1941 2278 1996 tionem
2339 1956 2675 2011 sequamur.
2737 1940 3018 2012 Deinceps
3061 1940 3218 1995 enim
3282 1939 3527 2011 planum
3589 1937 3709 2002 ﬁet,

2063 2030 2565 2100 quemadmodum
2589 2029 2940 2101 Epimachus
2961 2029 3426 2086 manifestiorem
3451 2027 3553 2084 Dei
3583 2043 3714 2099 gra-

2064 2119 2204 2173 tiam
2228 2123 2285 2173 et
2313 2117 2598 2174 miracula
2628 2122 2868 2174 secutus
2889 2123 2994 2174 est.

2134 2212 2209 2266 X.
2236 2210 2628 2266 Lacerabatur
2647 2208 2745 2264 ille
2775 2208 3012 2280 quidem
3047 2209 3107 2264 in
3125 2207 3308 2279 ligno,
3332 2212 3389 2262 et
3415 2206 3712 2278 lapidibus

2063 2300 2402 2365 feriebatur,
2463 2303 2528 2353 ut
2553 2298 2680 2368 ejus
2709 2314 2842 2354 ossa
2901 2297 3074 2354 etiam
3105 2297 3238 2369 ipsa
3285 2298 3711 2367 frangerentur.

2065 2386 2268 2442 Puella
2295 2402 2431 2441 vero
2451 2387 2712 2456 quaedam
2736 2384 2857 2440 illic
2879 2386 3128 2450 astabat,
3151 2391 3208 2440 et
3235 2385 3366 2456 ipsa
3395 2400 3511 2439 una
3531 2399 3599 2439 ex
3618 2399 3713 2438 eo-

2066 2491 2197 2529 rum
2239 2490 2506 2540 numero,
2545 2473 2642 2543 qui
2675 2472 3002 2544 spectaculo
3043 2475 3303 2529 aderant.
3355 2477 3488 2527 Erat
3516 2476 3714 2528 autem

2071 2564 2236 2618 oculo
2267 2562 2448 2618 altero
2488 2567 2790 2617 excwcata.
2836 2561 2941 2617 Illa
2969 2577 3104 2616 cum
3155 2562 3227 2617 ad
3260 2565 3576 2633 martyrem
3624 2561 3715 2615 in-

2065 2655 2229 2707 tenta
2267 2654 2443 2721 esset,
2476 2654 2532 2706 et
2552 2649 2929 2722 gravissimos
2960 2651 3084 2719 ejus
3114 2649 3410 2705 cruciatus
3431 2648 3716 2704 lamenta-

2067 2746 2247 2810 retur,
2281 2758 2413 2812 pars
2440 2741 2704 2812 quaedam
2727 2755 2757 2795 e
2789 2739 3058 2812 martyris
3088 2739 3364 2796 carnibus
3399 2739 3717 2805 abstracta,

2068 2837 2126 2888 et
2158 2849 2258 2902 per
2287 2847 2477 2887 aerem
2510 2830 2754 2902 perlata,
2788 2830 2847 2885 in
2879 2830 3040 2885 illius
3071 2821 3279 2902 puellas
3312 2829 3546 2886 oculum
3579 2845 3718 2884 san-

2067 2920 2262 2994 guinis
2290 2925 2515 2994 guttam
2541 2919 2872 2990 instillavit,
2893 2935 3018 2991 qua;
3032 2920 3268 2992 quidem
3292 2921 3349 2990 (0
3371 2918 3722 2974 miraculum

2070 3009 2392 3082 singulare,
2417 3025 2449 3064 ο
2483 3009 2578 3065 Dei
2612 3009 3034 3081 benignitatem
3057 3009 3218 3064 omni
3249 3009 3515 3065 oratione
3537 3007 3726 3076 majo-

2070 3101 2216 3172 rem)
2249 3101 2308 3156 in
2341 3101 2540 3155 lumen
2581 3099 2780 3155 statim
2813 3115 3093 3154 conversa
3121 3104 3231 3164 est,
3255 3103 3314 3154 et
3343 3096 3554 3170 puellae
3587 3111 3726 3152 ocu-

2070 3191 2194 3246 lum
2225 3208 2437 3248 sanum
2469 3192 2677 3248 effecit.
2700 3195 2821 3248 Hoc
2849 3190 3151 3262 Epimachi
3173 3189 3444 3261 martyris
3469 3190 3726 3244 miracu-

309 3275 607 3349 Ἐπιμαχῳ
665 3279 761 3329 τοῦ
847 3275 1170 3350 μαρτυρίου,
1230 3273 1321 3328 καί
1385 3275 1563 3338 οὕτως
1639 3280 1806 3335 αὐτοῦ
1871 3279 1954 3333 καὶ

2072 3279 2192 3336 lum
2245 3281 2413 3351 quasi
2455 3283 2929 3353 pertranseuntes
2970 3279 3246 3347 diximus,
3288 3284 3351 3334 ut
3390 3275 3723 3333 ostendere-

313 3366 464 3439 ῥανὶς
509 3362 746 3436 α’ίματος
801 3363 936 3436 μόνη
980 3366 1248 3433 τοσαύτην
1289 3361 1509 3419 δύναται
1543 3367 1801 3441 παρέχειν
1859 3369 1958 3436 τήν

311 3453 527 3526 θεραπεί
539 3474 616 3510 αν.
955 3457 962 3460 ’

453 3543 465 3560 ι
519 3543 530 3563 9
653 3541 667 3561 \
725 3540 766 3558 ἡκ
831 3541 845 3558 9
993 3544 1007 3558 κ
1097 3541 1110 3556 ς
1184 3547 1206 3556 ν
1345 3541 1360 3562 ι
1417 3545 1441 3554 η
1627 3539 1643 3560 κ
1728 3539 1741 3555 ε
1847 3537 1861 3558 φ
1916 3538 1926 3554 ι

384 3545 486 3598 ΙΑ.
538 3544 669 3598 Επει
721 3557 779 3597 οε
821 3540 1049 3611 ακλινης
1094 3561 1299 3602 εκεινος
1329 3561 1510 3615 ωρατο
1554 3561 1644 3594 και
1683 3559 1783 3607 την
1813 3558 1965 3592 ευσε-

314 3626 463 3684 ϐειαν
520 3629 850 3702 ἀμετάθετος
909 3633 944 3699 ἡ
1003 3630 1285 3686 τελευταία
1348 3631 1467 3685 κατ’
1525 3630 1690 3684 αὺτοῦ
1756 3625 1964 3682 δίδοται

313 3720 514 3794 ψῆφος,
547 3719 636 3772 καὶ
695 3718 835 3797 ξίφει
885 3722 982 3788 τὴν
1048 3721 1196 3791 ἱερὰν
1248 3718 1454 3787 ἐκείνην
1489 3720 1516 3772 ὁ
1553 3718 1756 3793 μάρτυς
1794 3737 1967 3795 κεφα-

315 3805 418 3874 λὴν
459 3806 764 3882 ἀφαιρεῖται
797 3826 812 3840 ⁶
863 3810 925 3863 τὸ
971 3807 1152 3881 μέντοι
1213 3813 1375 3880 σῶμα
1404 3808 1599 3862 τούτου
1657 3808 1719 3860 τὸ
1783 3805 1966 3877 τίμιον

313 3901 522 3952 πιστῶν
583 3899 772 3972 χερσὶν
822 3899 983 3960 ὁσίως
1040 3898 1385 3972 περισταλὶν,
1445 3898 1556 3952 ἐκεῖ
1600 3899 1964 3965 κατατίθεται,

314 3983 452 4040 ὅπου
500 3986 590 4039 καὶ
633 3986 732 4054 τήν
796 3989 1134 4060 μαρτυρικὴν
1179 3986 1378 4054 ὑπέστη
1419 3985 1724 4042 τελείωσιν.
1759 3986 1966 4041 Τούτου

309 4076 410 4144 τήν
474 4074 770 4150 μαρτυρίαν
835 4075 1106 4149 ἐθαύμασε
1149 4077 1244 4148 μὲν
1313 4078 1403 4130 καὶ
1455 4078 1483 4131 ὁ
1543 4080 1649 4131 τῶν
1698 4071 1966 4145 Ἀλεξαν-

314 4162 484 4236 δρέων
536 4163 736 4237 δῆμος,
775 4166 866 4220 καὶ
903 4167 1022 4220 ὅσοι
1063 4172 1161 4234 τῆς
1212 4168 1510 4239 προσοίκου
1561 4166 1845 4242 Αἰγύπτου
1903 4166 1969 4220 τὰ

313 4253 545 4306 πιότατα
602 4256 880 4325 νέμονται,
912 4253 1291 4326 κατεκόσμησε
1349 4253 1404 4308 δὲ
1463 4255 1552 4309 καὶ
1603 4253 1766 4316 αὐτὸς
1827 4253 1966 4307 ἄνω-

316 4351 400 4402 θεν
458 4339 616 4394 αὐτὸν
665 4343 943 4419 στεφάνοις
999 4346 1281 4418 λαμπροῖς
1315 4345 1343 4397 ὁ
1377 4343 1782 4418 Ἀγωνοθέτης,
1811 4343 1881 4397 δι’
1912 4341 1971 4397 ὅν

315 4448 375 4482 τε
429 4433 616 4491 παθεῖν
678 4429 875 4503 ε’ίλετο,
907 4433 997 4487 καὶ
1057 4434 1119 4488 οὗ
1190 4435 1441 4507 μιμητὴς
1509 4430 1670 4508 ἐδίψα
1727 4431 1969 4508 γενέσθαι

313 4519 422 4570 τῶν
481 4519 820 4591 παθημάτων
857 4536 873 4552 ⁸
1027 4523 1218 4595 πρέπει
1279 4528 1423 4577 πᾶσα
1482 4520 1628 4595 δόξα,
1670 4524 1808 4596 τιμὴ
1879 4523 1965 4576 καὶ

317 4605 822 4678 προσκύνησις,νῦν
863 4609 953 4663 καὶ
1009 4609 1088 4662 ἀεὶ
1137 4612 1226 4664 καὶ

315 4694 549 4751 αἰώνων.
583 4699 780 4768 Ἀμην.

2075 3386 2208 3426 mus
2245 3386 2425 3426 unam
2451 3371 2582 3440 ejus
2611 3369 2716 3423 viri
2759 3368 3067 3440 sanguinis
3111 3373 3342 3439 guttam
3373 3367 3565 3423 subito
3596 3368 3728 3423 tan-

2076 3465 2197 3514 tam
2230 3459 2602 3515 curationem
2634 3458 2839 3514 atl'erre
2870 3458 3154 3530 potuisse.

2144 3548 2242 3604 XI.
2304 3549 2450 3603 Cum
2500 3563 2634 3602 vero
2665 3553 2887 3618 martyr
2915 3546 2976 3600 in
3025 3546 3318 3600 diversam
3379 3544 3733 3600 sententiam

2077 3637 2229 3692 ﬂecti
2253 3653 2368 3691 non
2403 3639 2622 3708 posset,
2656 3642 2710 3690 et
2730 3634 2835 3691 Dei
2866 3633 3203 3706 religionem
3237 3649 3608 3703 nequaquam
3641 3649 3736 3689 ne-

2075 3741 2214 3797 gare
2250 3723 2442 3794 vellet,
2466 3723 2675 3779 ultima
2705 3724 2766 3777 in
2805 3738 2932 3778 eum
2961 3722 3250 3778 sententia
3289 3722 3408 3776 lata
3439 3726 3548 3788 est,
3573 3729 3626 3776 et
3649 3738 3739 3776 sa-

2077 3829 2240 3869 crum
2273 3813 2417 3868 illud
2458 3811 2730 3882 martyris
2770 3820 2947 3883 caput
2986 3813 3175 3868 securi
3207 3826 3553 3883 percussum
3580 3809 3734 3865 fuit:

2077 3905 2134 3956 et
2163 3903 2287 3972 ejus
2317 3901 2560 3973 quidem
2599 3901 3001 3958 venerandum
3051 3918 3287 3971 corpus,
3328 3899 3596 3956 ﬁdelium
3628 3899 3738 3954 ho-

2078 3990 2307 4046 minum
2343 3990 2617 4046 manibus
2655 3989 2927 4062 religiose
2958 3997 3244 4056 curatum,
3277 3989 3400 4046 illic
3431 3989 3735 4045 conditum

2077 4083 2184 4150 est,
2220 4079 2320 4135 ubi
2370 4084 2429 4134 et
2475 4079 2742 4150 martyrii
2801 4079 3085 4136 sustinuit
3141 4078 3739 4136 consummationem.

2079 4167 2216 4238 Ejus
2259 4168 2367 4223 viri
2409 4172 2708 4224 certamen
2748 4184 2866 4225 non
2910 4167 3346 4224 Alexandrinus
3379 4173 3608 4224 tantum
3641 4182 3744 4240 po-

2078 4255 2275 4327 pulus,
2311 4257 2530 4328 quique
2562 4256 2846 4313 ﬁnitimas
2871 4274 2938 4313 ac
2979 4258 3372 4314 feracissimas
3401 4257 3634 4330 Egypti
3657 4274 3743 4312 re-

2077 4347 2279 4418 giones
2308 4347 2527 4415 colunt,
2559 4346 2728 4403 valde
2772 4347 3047 4404 admirati
3072 4365 3138 4405 ac
3172 4349 3400 4405 reveriti
3423 4357 3600 4404 sunt:
3633 4346 3736 4403 sed

2078 4434 2223 4490 illud
2255 4436 2512 4492 mundus
2571 4452 2728 4492 nunc
2770 4436 3025 4493 celebrat
3073 4439 3405 4494 universus.
3457 4436 3742 4492 Eumdem

2079 4539 2314 4595 quoque
2343 4526 2737 4580 certaminum
2787 4533 2990 4582 auctor
3021 4533 3074 4580 et
3118 4526 3298 4597 judex
3345 4530 3498 4582 Deus
3529 4542 3560 4581 θ
3591 4523 3737 4582 calo

1276 4611 1350 4673 si:
1409 4611 1538 4676 τοὺς
1596 4611 1792 4674 αἰῶνας
1858 4615 1954 4666 τῶι

2079 4612 2296 4669 illustri
2327 4630 2543 4670 corona
2573 4613 2830 4684 donavit,
2883 4619 3121 4686 propter
3160 4631 3338 4685 quem
3389 4613 3745 4686 Epimachus

2089 4704 2380 4761 cruciatus
2436 4722 2642 4762 omnes
2702 4720 3018 4776 perpessus
3069 4709 3179 4773 est,
3211 4706 3458 4777 ejusque
3488 4703 3746 4759 imitator

317 4800 448 4840 esse
476 4786 536 4840 in
573 4787 883 4843 tormentis
915 4788 1272 4858 perferendis
1319 4789 1573 4845 maxime
1622 4792 1953 4863 concupivit
2007 4809 2074 4850 ac
2106 4795 2350 4850 studuit.
2386 4793 2508 4865 ipsi
2539 4793 2791 4850 Creatori
2833 4801 2886 4849 et
2917 4793 3222 4863 Salvatori,
3255 4793 3504 4850 Domino
3533 4809 3598 4848 ac
3628 4793 3744 4848 Deo

317 4878 518 4930 nostro
551 4876 628 4931 sit
657 4876 864 4948 gloria,
896 4876 1085 4932 honor
1113 4881 1172 4933 et
1191 4878 1453 4934 adoratio
1476 4894 1608 4934 cum
1643 4879 1809 4935 Patre
1840 4883 2114 4955 principii
2140 4881 2395 4954 ﬁnisque
2416 4887 2675 4954 experte,
2709 4887 2767 4938 et
2796 4883 3171 4940 sanctissimo
3213 4887 3388 4954 atque
3417 4881 3747 4938 viviﬁcante

319 4960 562 5032 Spiritu,
596 4983 723 5037 quis
744 4972 834 5023 est
863 4983 982 5022 una
1010 4966 1281 5024 divinitas
1311 4969 1373 5024 in
1403 4968 1612 5040 aquati
1644 4974 1702 5025 et
1733 4970 2034 5026 individua
2074 4971 2382 5041 Trinitate,
2415 4973 2598 5029 vitam
2630 4973 2898 5044 praebens
2940 4973 3099 5030 omni
3133 4972 3388 5044 spiritui,
3412 4976 3470 5028 et
3493 4985 3747 5044 regnans

318 5066 476 5109 nunc
508 5060 565 5110 et
594 5071 846 5129 semper,
880 5061 938 5113 et
971 5057 1028 5112 in
1062 5056 1275 5115 saecula
1305 5058 1679 5115 saeculorum.
1713 5061 1923 5116 Amen.
