4180 6510
110 471 166 536 i3
1304 468 1485 533 Vl’l‘A
1526 467 1588 526 S.
1631 464 2151 526 THEOPHANIS.
3317 461 3384 528 Μ

107 592 374 657 ὁμωνυμος
416 585 598 656 αὐτῷ,
650 584 796 639 πάνυ
835 577 1133 651 βάρϐαρος
1172 581 1270 633 καὶ
1313 580 1588 652 θηριώδης
1618 581 1711 633 τὸν

1817 579 1976 635 minis
2007 577 2127 644 fuit,
2156 574 2421 632 barbarus
2448 576 2671 633 omnino
2704 582 2863 645 atque
2904 574 3086 633 eﬂeris
3120 575 3383 639 moribus,

109 678 300 748 τρόπον,
333 676 433 729 καὶ
460 675 560 729 τοῦ
595 675 698 746 τῆς
736 672 1017 744 αἱρέσεως
1045 671 1302 740 σμήνους
1346 670 1622 742 σύμφρων
1652 687 1710 724 τε

108 773 186 823 καὶ
227 770 611 841 ἀντιλήπτωρ·
656 767 715 829 ὃς
764 766 854 819 διὰ
906 765 1011 835 τὴν
1051 761 1329 834 τοιαύτην
1381 757 1709 818 δυσσέϐειαν

110 861 462 933 ὁμοτράπεζος
512 859 592 930 τῷ
644 859 859 931 βασιλεί
912 855 1284 925 καθεκάστην
1346 855 1566 927 ὑπῆρχε
1618 856 1712 909 καὶ

110 952 238 1018 φίλος
272 952 601 1022 περιδέξιος.
630 952 743 1004 Καὶ
778 950 843 1022 δὴ
880 946 1073 1021 μαθὼν
1100 946 1172 1001 τὰ
1214 946 1355 1017 περὶ
1384 948 1490 1017 τῆς
1526 945 1713 1009 οὐσίας

108 1044 187 1096 τοῦ
219 1046 505 1113 μακαρίου,
556 1044 807 1097 κελεύσει
877 1041 1126 1113 βασιλικῇ
1176 1038 1457 1109 συνεργῷ
1501 1039 1711 1111 χρησά-

111 1151 272 1203 μενος,
305 1135 562 1203 ζευγνύει
608 1135 686 1205 τῷ
725 1134 992 1204 Θεοφάνει
1026 1133 1126 1204 τὴν
1169 1131 1355 1184 αὑτοῦ
1387 1131 1707 1201 θυγατέρα·

109 1227 228 1297 ὅπερ
258 1224 345 1296 βία
384 1226 479 1279 καὶ
514 1227 673 1297 μόλις
713 1226 851 1296 τάχα
877 1242 941 1294 γε
984 1224 1072 1277 διά
1105 1222 1199 1275 τὸν
1228 1221 1333 1275 τοῦ
1368 1220 1711 1291 κρατοῦντος

113 1317 257 1385 φὸὀον
293 1318 539 1382 εἴξαντος
565 1318 661 1371 τοῦ
716 1317 1045 1386 Θεοφάνους,
1080 1313 1367 1382 ἐξήρτυτο
1415 1314 1492 1368 τὰ
1525 1312 1713 1381 tat-ci}-

110 1406 213 1460 δεια
242 1406 314 1477 τῷ
346 1407 578 1481 γαμικῷ
615 1408 864 1478 θαλάμῳ.
892 1406 1016 1461 Τῶν
1048 1404 1139 1459 οὖν
1166 1404 1381 1457 αἰσίων
1419 1403 1711 1457 τελεσθέν-

111 1516 223 1563 των,
274 1500 519 1573 ἑσπέρας
577 1499 1032 1569 καταλαϐούσης,
1094 1497 1305 1568 μόνους
1359 1497 1419 1548 ἐν
1484 1496 1713 1573 οἰκίσκῳ

110 1589 430 1660 τερπνῷ·τόν
463 1608 521 1645 τε
561 1592 761 1661 εὐσεϐῆ
788 1592 1004 1645 νεανίαν
1026 1592 1121 1644 καὶ
1152 1588 1262 1660 τὴν
1296 1587 1509 1641 εὐκλεᾶ
1544 1580 1713 1659 κόρην

112 1684 425 1751 εἰσάγουσιν,
458 1687 538 1750 ὡς
576 1687 644 1739 ἂν
671 1687 856 1748 αὐτοῖς
884 1682 1213 1751 ἐπιτηδείως
1254 1681 1375 1750 ἔχοι
1409 1680 1552 1750 πρὸς
1588 1680 1711 1750 ἠδο-

112 1773 198 1841 νῆς
226 1776 447 1844 τρόπον.
503 1776 670 1843 Σιγῆς
698 1776 753 1828 δὲ
802 1775 1127 1844 γενομένης,
1167 1773 1275 1827 καὶ
1309 1772 1539 1825 πάντων
1575 1771 1713 1838 ἀφυ-

116 1866 456 1932 πνωσάντων,
490 1867 690 1932 νυκτός
733 1884 794 1921 τε
848 1865 1073 1936 βαθείας
1105 1862 1501 1934 διαχυθείσης,
1546 1878 1710 1931 στρα⁸

110 1958 219 2023 (pel;
240 1960 268 2011 ὁ
311 1959 611 2031 μακάριος,
651 1959 785 2029 φησι
813 1956 892 2027 τῷ
923 1958 1164 2027 κορασίῳ
1196 1955 1337 2008 τάδε
1360 1970 1374 1985 ⁵

1816 671 2165 739 lnereticique
2190 669 2423 737 agminis
2469 668 2788 724 inﬁdelitate
2822 668 3023 736 socius,
3057 670 3388 725 auctoritate

1816 759 2112 815 defensor:
2153 774 2272 829 quae
2306 774 2428 815 eum
2474 759 2724 830 impietas
2767 758 2841 813 ita
2892 759 3203 829 imperatori
3252 774 3388 815 con—

1815 850 2038 915 ciliavit,
2072 861 2128 905 ut
2163 859 2218 904 et
2262 850 2543 904 convivam
2596 849 2972 919 quotidianum
3004 850 3070 905 ad
3118 864 3386 918 mensam,

1815 952 1869 997 et
1909 942 2141 996 amicqu
2194 942 2246 996 in
2287 941 2537 997 omnibus
2583 938 3089 1012 coniunctissimum
3141 942 3383 998 haberet.

1820 1032 1941 1096 Hic,
1968 1034 2057 1089 ubi
2100 1042 2299 1104 quanta
2333 1041 2480 1089 esset
2508 1032 2651 1088 beati
2680 1032 2895 1100 juvenis
2941 1034 3214 1102 opulentia
3247 1035 3387 1087 didi-

1817 1126 1911 1188 cit,
1971 1126 2130 1178 tiliam
2187 1140 2343 1180 suam
2393 1124 2710 1194 Theophani
2755 1125 2955 1192 iunxit,
3026 1125 3390 1194 imperatorias

1808 1216 2072 1284 jussionis
2102 1227 2309 1271 terrore
2345 1231 2474 1272 usus
2515 1217 2581 1271 ad
2614 1231 2707 1273 eas
2740 1220 2955 1286 nuptias
2983 1218 3350 1285 conciliandas
3372 1258 3386 1279 ,

1815 1306 2011 1375 quibus
2045 1321 2143 1377 pro
2181 1307 2461 1376 utriusque
2491 1306 2755 1377 dignitate
2784 1308 3078 1363 instructus
3104 1318 3187 1363 est
3215 1308 3389 1362 thala-

1816 1413 1937 1454 mus
1967 1398 2214 1469 genialis,
2246 1396 2577 1466 TlteOphane
2619 1411 2760 1466 aegre
2788 1398 3007 1468 quidem
3050 1407 3214 1468 atque
3250 1399 3387 1452 relu-

1816 1490 2048 1555 ctanter,
2081 1506 2145 1546 ex
2204 1500 2349 1545 metu
2395 1500 2574 1545 tamen
2619 1489 2960 1559 potentioris,
2997 1504 3059 1545 ea
3097 1499 3158 1543 ut
3201 1490 3394 1543 tierent

1817 1580 2183 1652 permittente.
2222 1581 2362 1651 Ergo
2394 1582 2707 1651 nuptiarum
2735 1581 3033 1637 'solemniis
3081 1582 3185 1635 rite
3214 1582 3395 1649 auspi-

1815 1683 2046 1741 catoque
2096 1672 2405 1737 celebratis,
2441 1686 2561 1725 cum
2606 1686 2802 1741 vesper
2852 1672 3213 1737 incubuisset,
3245 1674 3392 1741 pien-

1818 1764 2083 1819 tissimunt
2116 1763 2371 1833 juvenem
2429 1772 2593 1833 atque
2651 1763 3075 1820 illustrissimum
3127 1765 3391 1831 virginem

1818 1860 1962 1914 solos
2013 1859 2274 1915 inducunt
2331 1859 2383 1913 in
2446 1859 2721 1922 conclave.
2765 1861 2831 1917 ad
2886 1860 3107 1917 delicias
3151 1861 3395 1929 volupta-

1743 1940 1791 2000 B
1824 1962 2034 2021 temque
2072 1966 2136 2007 eo
2166 1968 2275 2022 quo
2312 1950 2560 2019 decebat,
2589 1961 2849 2023 apparatu
2901 1953 3247 2007 instructum.
3291 1952 3392 2010 Ubi

110 2048 221 2102 dum
250 2063 438 2104 ornnes
465 2064 629 2118 super
657 2048 798 2103 altus
819 2057 873 2103 et
904 2063 1005 2101 nox
1039 2047 1321 2116 profunda
1361 2048 1475 2100 late
1506 2046 1697 2101 dill'usa
1742 2054 1911 2111 tenet,
1949 2060 2047 2112 per
2115 2045 2206 2099 illa
2264 2045 2507 2100 consiliis
2555 2048 2669 2101 suis
2713 2058 3015 2119 opportuna
3058 2044 3271 2099 silentia
3326 2048 3392 2099 ad

108 2138 321 2207 puellam
372 2152 671 2195 conversus
708 2138 1043 2202 adolescens,
1098 2152 1226 2194 eam
1292 2149 1380 2193 est
1435 2139 1491 2193 in
1553 2140 1696 2192 hunc
1739 2138 1955 2192 modum
1993 2137 2315 2191 allocutus:

172 2230 244 2286 ε’.
285 2232 342 2285 ’0
402 2231 504 2302 μὲν
555 2229 749 2305 παρὼν
802 2231 937 2303 βίος,
995 2227 1040 2286 ὧ
1096 2233 1288 2301 γύναι,
1344 2232 1581 2304 βραχὺς,
1631 2234 1708 2297 ὡς

112 2325 266 2379 πᾶσιν
295 2322 543 2395 εῠδηλον,
586 2323 683 2377 καὶ
713 2324 908 2394 ἀδηλίᾳ
937 2324 1030 2378 τοῦ
1067 2325 1374 2395 μέλλοντος
1404 2324 1577 2378 πλέον
1611 2342 1704 2378 κε-

111 2415 465 2486 κρατημένος,
487 2415 599 2469 ’καὶ
630 2415 811 2486 κρίσις
840 2414 1139 2478 ἀδέκαστος
1174 2414 1313 2477 τοὺς
1350 2415 1409 2467 ἐν
1456 2414 1596 2494 trade
1625 2413 1705 2483 τῷ

112 2504 205 2575 βίῳ
240 2504 549 2570 διαδέξεται
594 2503 978 2577 εὐθηνοῦντας.
1033 2502 1350 2576 Τοιγαροῦν
1384 2503 1485 2558 καὶ
1532 2505 1569 2557 ὁ
1602 2504 1704 2572 γά-

114 2614 206 2667 μος
235 2598 332 2650 οὐκ
362 2595 675 2668 ἀπόϐλητος
701 2596 853 2668 παρά
878 2595 995 2669 Θεῷ
1014 2611 1029 2627 ·
1060 2596 1173 2650 ἀλλ’
1197 2598 1260 2651 αἱ
1286 2588 1578 2668 φροντίδες
1603 2596 1697 2650 τοῦ

116 2689 247 2759 βίον,
279 2689 596 2743 ἀλλοιοῦσαι
628 2690 718 2744 τὸν
748 2691 929 2744 ἔνθεον
956 2690 1238 2760 λογισμὸν,
1272 2690 1374 2744 οὐκ
1424 2691 1561 2744 ἐῶσι
1592 2708 1696 2744 καο

116 2781 290 2851 θαρῶς
327 2782 735 2852 ἀντοφθαλμεῖν
782 2782 917 2852 πρὸς
955 2781 1023 2833 τά
1072 2780 1356 2850 μέλλοντα.
1398 2782 1593 2850 Ἵσμεν
1637 2781 1698 2834 δὲ

116 2875 203 2926 καὶ
246 2875 337 2927 τὸν
387 2876 445 2927 ἐν
478 2874 834 2943 Εναγγελίοις
878 2872 1146 2942 Λάζαρον,
1198 2870 1292 2925 διὰ
1334 2871 1701 2942 στενοχωρίας

116 2963 214 3033 τῆς
252 2966 466 3018 ἐνθένδε
508 2965 606 3019 τοῦ
658 2967 914 3035 ’Δὸραάμ
958 2965 1084 3027 τοὺς
1118 2964 1361 3025 κόλπους
1420 2961 1711 3032 κληρωσά-

120 3071 299 3122 μενον,
355 3060 453 3109 καὶ
484 3058 579 3109 τὸν
631 3058 689 3109 ὲν
728 3058 921 3125 γεέννῃ
974 3055 1381 3125 φλογιζόμενον
1431 3057 1711 3123 πλούσιον,

123 3146 255 3217 μηδὲ
280 3148 382 3217 τῆς
416 3148 556 3219 πρὸς
582 3148 745 3202 αὐτὸν
772 3149 867 3200 τοῦ
893 3148 1144 3217 Λαζάρου
1176 3145 1422 3215 ἀφίξεως
1456 3148 1715 3218 ἀξιούμε-

122 3253 237 3301 νον,
290 3240 387 3292 καὶ
444 3240 710 3309 σταγόνος
769 3240 961 3306 ὓδατος
1013 3237 1425 3310 ἐστερημένον,
1482 3241 1578 3292 καὶ
1632 3242 1709 3305 τὸ,

126 3348 145 3381 ι
211 3332 499 3396 Απέλαὸες
539 3332 611 3388 τὰ
650 3334 830 3402 ἀγαθά
868 3352 963 3388 σου
992 3335 1048 3388 ἐν
1073 3336 1136 3404 τῇ
1169 3332 1285 3402 ζωῇ
1324 3351 1445 3399 σου,
1488 3352 1506 3385 ι
1550 3336 1716 3403 ἐγκα-

121 3422 403 3491 λούμενον.
438 3425 550 3478 Καὶ
594 3425 622 3475 ὁ
648 3426 1018 3495 Μακαρισμὸς
1062 3425 1364 3495 ὑπόσχεσιν
1405 3424 1625 3491 ἀγαθῶν
1653 3425 1714 3479 ού

1890 2230 1957 2287 ν.
2021 2231 2270 2287 Ρτωεεηε
2331 2231 2551 2301 quidem
2607 2233 2737 2298 vita,
2789 2233 2987 2305 conjux
3042 2233 3391 2302 charissima,

1812 2324 1993 2379 brevis
2029 2333 2132 2387 est,
2165 2330 2219 2376 ut
2271 2333 2455 2377 notum
2488 2323 2763 2390 omnibus,
2808 2334 2865 2381 et
2917 2340 3111 2394 magna
3160 2324 3396 2395 plerum-

1810 2428 1918 2483 que
1973 2411 2143 2467 futuri
2186 2412 2571 2469 incertitudine
2605 2422 2850 2481 tenetur;
2895 2414 3161 2485 judicium
3211 2427 3392 2471 autem

1809 2518 2062 2559 severum
2094 2509 2279 2558 manet
2312 2517 2407 2559 eos
2438 2504 2527 2574 qui
2569 2504 2622 2559 in
2655 2504 2759 2559 hac
2792 2504 2901 2559 vita
2943 2504 3102 2561 bonis
3141 2514 3197 2562 et
3242 2510 3394 2562 volu-

1805 2596 2054 2665 ptatibus
2084 2590 2333 2651 afﬂuunt.
2386 2596 2534 2661 ideo,
2574 2599 2824 2665 quamvis
2867 2599 3099 2670 coniugii
3130 2616 3258 2655 usus
3288 2601 3394 2656 nti-

1805 2685 1956 2741 uime
1995 2684 2279 2755 rejieiatur
2310 2702 2338 2741 a
2377 2686 2507 2750 Deo,
2557 2687 2686 2758 ipsas
2719 2699 2924 2755 tamen,
2955 2706 3075 2761 qua:
3128 2706 3253 2747 eum
3298 2708 3395 2748 cu-

1807 2777 2076 2832 miramur
2103 2779 2285 2834 saeculi
2316 2792 2483 2843 cura,
2515 2779 2729 2850 plenam
2774 2781 2960 2837 divino
3005 2784 3198 2853 spiritu
3243 2800 3394 2839 men-

1808 2874 1919 2921 tem
1950 2881 2223 2925 evacuunt
2249 2872 2620 2937 alienamque,
2653 2885 2751 2926 nec
2778 2874 2964 2927 sinunt
3016 2876 3166 2944 puris
3218 2877 3395 2933 oculis

1812 2960 2012 3016 intueri
2046 2961 2249 3018 futura.
2276 2964 2538 3019 Novimus
2563 2963 2831 3019 Lazarum
2868 2966 2920 3020 in
2956 2965 3264 3037 Evangeliis
3298 2986 3395 3039 per

1817 3068 1933 3119 eas,
1962 3070 2099 3126 quas
2126 3056 2214 3111 hic
2245 3056 2495 3113 toleravit
2542 3058 2810 3123 miserias,
2853 3059 2905 3112 in
2936 3056 3171 3114 Abrahae
3214 3061 3395 3115 sinum

1819 3146 1985 3201 fuisse
2035 3147 2303 3214 delatum;
2353 3158 2404 3204 et
2453 3150 2507 3204 in
2553 3150 2796 3219 gebeuna
2856 3150 3137 3205 ardentem
3170 3150 3391 3206 divitem

1819 3251 1886 3291 ne
1917 3237 2016 3292 hoc
2049 3237 2268 3310 quidem
2301 3242 2553 3297 obtinere
2581 3241 2843 3311 pctuisse,
2876 3251 2935 3296 ut
2972 3242 3039 3296 ad
3070 3256 3129 3298 se
3156 3242 3393 3299 dimitte-

1802 3322 1971 3382 retur
2005 3327 2244 3389 Lazarus
2278 3349 2291 3384 ε
2327 3333 2437 3398 cui,
2473 3348 2594 3386 cum
2642 3333 2807 3387 etiam
2850 3347 3006 3401 aqua:
3043 3340 3193 3403 gutta
3232 3347 3399 3402 nega-

1825 3430 1993 3485 retur,
2021 3422 2150 3476 iliud
2186 3421 2459 3481 funestum
2487 3426 2722 3481 insonuit
2754 3444 2766 3479 :
2798 3444 2815 3479 ι
2854 3425 3125 3497 Recepisti
3168 3427 3308 3484 bona
3343 3429 3401 3484 in

119 3519 230 3578 τοῖς
258 3520 317 3570 εν
340 3517 561 3586 πλούτῳ
587 3516 830 3585 κομῶσιν
857 3518 1218 3587 ὑπισχνεῖται,
1247 3515 1387 3569 ἀλλά
1414 3518 1526 3579 τοῖς
1554 3516 1711 3569 κλαύ-

1821 3511 1928 3563 vita
1958 3520 2043 3563 tua
2086 3513 2153 3563 ν.
2188 3531 2206 3565 ι
2243 3513 2431 3583 Neque
2468 3528 2595 3569 vero
2626 3530 2691 3570 ex
2738 3495 3066 3587 evangelicis
3112 3518 3402 3574 beatitudi-

123 3626 245 3662 σασι
274 3608 372 3661 νῦν
397 3610 481 3662 ὅτι
510 3610 628 3660 ἐκεῖ
653 3608 998 3674 γελάσουσιν,
1026 3609 1136 3668 τοῖς
1172 3609 1413 3673 πτωχοῖς
1443 3606 1521 3675 τῷ
1554 3607 1717 3660 πνεύο

122 3719 278 3768 ματι,
308 3702 424 3761 τοῖς
472 3698 857 3768 δεδιωγμένοις
887 3696 975 3750 διὰ
1016 3697 1397 3764 δικαιοσύνην,
1428 3698 1541 3757 τοῖς
1576 3700 1716 3749 ὀνει-

118 3794 429 3863 διζομένοις
456 3792 544 3845 διὰ
575 3792 843 3862 Χριστόν
874 3791 971 3844 καὶ
1002 3791 1149 3858 ἅπαξ
1179 3788 1392 3853 ἁπλῶς,
1425 3789 1588 3859 στενὴ
1620 3792 1715 3843 καὶ

122 3886 464 3956 τεθλιμμένη
495 3887 529 3955 ή
560 3885 735 3955 casu;
771 3886 1066 3953 ἀπάγουσα
1114 3884 1193 3945 εἰς
1225 3881 1328 3951 τῆν
1363 3880 1533 3951 ζωὴν,
1574 3880 1715 3933 πλα-

121 3980 238 4031 τεῖα
260 3978 321 4032 δὲ
348 3977 446 4031 καὶ
477 3976 790 4047 εὐρύχωρος
817 3977 850 4045 ή
873 3977 1165 4043 ἀπάγουσα
1189 3975 1267 4035 εἰς
1290 3973 1390 4042 τὴν
1413 3971 1709 4026 ἀπώλειαν.

122 4072 239 4125 Οὐκ
275 4070 427 4125 ἔστιν
471 4068 567 4123 οὖν
608 4068 741 4122 ἄνευ
795 4066 1030 4134 θλίψεως
1081 4051 1403 4129 ὑπεξελθεῖν
1450 4066 1629 4133 ἡμᾶς·
1664 4066 1714 4117 εἰ

123 4163 225 4232 μὲν
252 4164 366 4234 γὰρ
396 4163 455 4215 ὲν
484 4160 623 4232 τῷδε
662 4156 742 4228 τῷ
778 4156 876 4227 βίῳ
908 4155 1263 4226 χαρμονικῶς
1298 4153 1566 4221 διέξομεν,
1600 4153 1715 4206 θλί-

121 4255 214 4323 ψις
244 4258 309 4308 ὲν
338 4255 420 4324 τῷ
461 4253 712 4325 μέλλοντι
758 4250 1062 4316 διαδέξεται
1106 4248 1277 4320 ἡμᾶς.
1320 4246 1461 4299 Ἀλλ’
1503 4248 1551 4299 εἰ
1590 4246 1715 4315 βσύο

120 4346 225 4412 λε.,
257 4347 450 4415 γύναι,
489 4346 688 4417 μικρὸν
728 4344 794 4413 τῇ
829 4341 991 4411 φύσει
1022 4340 1459 4410 κοινωνήσαντες
1491 4337 1577 4390 διὰ
1616 4337 1715 4407 τὴν

120 4439 216 4491 τοῦ
252 4438 353 4492 σοῦ
409 4437 620 4507 πατρὸς
658 4433 973 4496 αὐθάδειαν,
1018 4432 1326 4503 ἀπάρωμεν
1358 4428 1585 4492 ἑαυτοὺς
1613 4429 1713 4499 τῆς

123 4528 505 4603 βορϐορώδους
538 4526 749 4594 ταύτης
795 4527 891 4577 καὶ
940 4524 1220 4596 συρφετῆς
1267 4522 1565 4592 διαγωγῆς,
1618 4522 1714 4572 καὶ

120 4623 217 4677 τὸν
276 4621 497 4693 μονήρη
553 4618 669 4689 βίον
720 4614 1229 4683 κατασπασώμεθα,
1284 4614 1432 4674 ὄπως
1490 4609 1712 4663 αἰωνίου

121 4716 563 4787 εὖμοιρήσωμεν
593 4708 973 4773 ἀπολαύσεως.

1820 3601 1977 3655 nibus
2012 3600 2115 3652 ulla
2154 3603 2399 3656 continet
2448 3603 2713 3660 bonorum
2764 3607 3179 3675 promissionem
3214 3609 3401 3665 diviti-

1819 3693 1918 3745 hus
1951 3693 2185 3758 factum;
2218 3695 2313 3748 sed
2340 3693 2593 3750 ﬂentibus
2620 3710 2785 3764 nunc,
2810 3697 2933 3766 quia
2962 3697 3087 3753 istic
3110 3700 3399 3771 ridebunt,

1820 3789 1914 3834 aut
1966 3785 2295 3851 pauperibus
2348 3786 2561 3855 spiritu,
2615 3797 2711 3841 aut
2760 3790 3192 3859 persecutionem
3238 3796 3404 3849 susti-

1820 3872 2080 3927 nentibus
2109 3876 2643 3943 propterjustitiaut,
2677 3878 2761 3933 vel
2808 3882 3131 3935 contumelia
3180 3897 3404 3954 propter

1818 3962 2094 4018 Christum
2128 3962 2358 4020 allectis.
2395 3967 2570 4035 Atque
2601 3978 2659 4021 ut
2694 3985 2802 4024 uno
2824 3972 2994 4025 semel
3027 3974 3192 4029 verbo
3222 3976 3404 4032 absol-

1819 4073 1938 4112 vam
1970 4075 1985 4115 :
2027 4078 2045 4112 ι
2082 4060 2323 4131 Angusta
2370 4072 2613 4131 porta-et
2644 4075 2792 4120 arcta
2823 4076 2908 4121 est
2941 4066 3049 4133 via,
3079 4082 3199 4137 qua:
3250 4071 3403 4127 ducit

1819 4150 1884 4203 ad
1914 4152 2078 4206 vitam
2106 4168 2120 4206 :
2155 4151 2261 4206 lata
2310 4166 2438 4208 vero
2466 4164 2517 4209 et
2549 4156 2811 4224 spatiOsa,
2844 4173 2966 4227 qua
2998 4160 3146 4213 ducit
3184 4161 3252 4216 ad
3274 4177 3402 4231 per-

1820 4242 2079 4296 ditionem
2105 4244 2145 4307 ³,
2183 4260 2201 4293 ι
2237 4244 2372 4298 adeo
2406 4256 2462 4299 ut
2511 4246 2848 4316 impossibile
2886 4252 3107 4306 omnino
3138 4253 3209 4306 sit
3243 4253 3401 4309 nobis

1822 4332 2222 4390 tribulationem
2264 4338 2514 4391 evadere.
2559 4335 2615 4393 Si
2657 4353 2893 4409 namque
2946 4342 2998 4410 in
3038 4342 3142 4399 hac
3176 4344 3284 4399 vita
3310 4344 3404 4413 ju-

1824 4427 1997 4481 cunde
2026 4427 2338 4492 vixerimus,
2374 4428 2430 4483 in
2475 4428 2654 4484 futura
2690 4446 2787 4486 nos
2829 4433 3106 4488 tribulatio
3138 4436 3398 4505 excipiet.

1823 4516 2188 4590 Quapropter,
2223 4521 2268 4575 si
2319 4521 2514 4590 placet,
2562 4523 2910 4589 charissima,
2960 4527 3281 4595 corporibus
3332 4532 3403 4583 ad

1826 4610 2094 4662 modicum
2126 4620 2336 4676 tempus
2373 4611 2643 4680 conjuncti
2670 4623 2889 4682 propter
2914 4617 3086 4684 patris
3130 4618 3205 4672 tui
3255 4618 3405 4674 inso-

1821 4701 2023 4755 lentem
2054 4700 2335 4767 ferociam,
2367 4702 2733 4760 subducemus
2782 4721 2883 4763 nos
2928 4708 3075 4777 ipsos
3106 4710 3402 4768 salebrosa)

124 4810 253 4861 huic
331 4817 499 4876 atque
553 4802 853 4871 inquinata:
902 4797 1271 4863 conversioni,
1315 4799 1590 4866 vitamque
1639 4796 1998 4851 monasticam
2070 4794 2484 4867 amplectemur,
2553 4809 2611 4853 ut
2653 4810 2858 4855 aeterna
2910 4794 3403 4874 requie‘perl‘rua-

121 4915 272 4953 mur.

197 4998 297 5063 ς’.
333 4996 399 5049 Τί
429 4990 524 5049 οὖν
556 4992 620 5047 τὸ
647 4989 871 5054 εὐσεδὲς
893 4988 1150 5059 γύναιονς
1181 4986 1281 5039 οὐκ
1308 4984 1561 5040 ἀνένευσε
1586 4987 1711 5057 πρὸς

1898 4986 1987 5043 Vl.
2022 4986 2161 5054 Quid
2192 4990 2257 5042 ad
2310 4988 2423 5042 lucc
2471 4988 2556 5058 pia
2592 4988 2825 5044 mulier?
2858 5005 2985 5047 num
3031 4994 3245 5049 renuit?
3272 5012 3399 5051 num

121 5089 337 5153 ταῦτας
371 5087 475 5141 οὐκ
505 5081 630 5139 εἷπε
654 5084 724 5137 τά
754 5084 830 5153 μὴ
856 5081 1165 5153 καθήκοντα
1183 5095 1198 5111 ο
1224 5077 1290 5131 Τί
1318 5079 1378 5131 τὸ
1404 5077 1599 5141 κάλλος
1618 5078 1719 5148 τῆς

123 5181 269 5249 ἐμῆς
309 5180 576 5251 νεότητος
606 5175 984 5246 ὴμαύρωσας;
1013 5173 1066 5225 τί
1117 5188 1220 5242 μου
1254 5169 1355 5239 τὴν
1387 5171 1556 5240 τύχην
1585 5168 1720 5222 ἀπέ-

125 5273 349 5338 κλεισας
376 5289 391 5340 ;
426 5271 484 5325 τι
513 5271 616 5340 τὴν
646 5268 788 5337 ἐμὴν
811 5267 984 5338 χαράν
1013 5265 1088 5328 εἰς
1113 5262 1310 5333 θρῆνον
1334 5260 1675 5331 μετήλλαξας
1700 5278 1717 5329 ;

128 5365 187 5417 Ei
214 5368 392 5431 οὕτως
423 5364 672 5437 ήρετὶσω
705 5360 775 5414 τὰ
810 5360 949 5413 κατὰ
988 5356 1203 5421 σαυτὸν,
1243 5355 1344 5409 οὐκ
1377 5349 1428 5407 εἴ
1469 5354 1630 5423 μόνος
1659 5355 1716 5405 ἐν

123 5459 379 5528 εὖγενέσι
440 5458 745 5525 νεώτερος·
782 5450 887 5504 ἔδει
945 5448 1076 5516 γοῦν
1129 5464 1208 5514 σε,
1260 5446 1367 5518 πρὸ
1408 5447 1502 5498 τοῦ
1533 5444 1713 5514 γάμου

120 5551 534 5625 ἀπαγορεῦσαι,
602 5547 701 5599 καὶ
757 5545 830 5614 μὴ
883 5540 1124 5614 μαρᾶναί
1183 5556 1286 5609 μου
1337 5538 1396 5592 τὸ
1446 5536 1716 5592 ὲιανθοῦν

121 5646 343 5709 καλλος.
383 5642 561 5696 Οὐδὲν
597 5635 846 5693 τοιοῦτον
865 5650 879 5664 ο
906 5632 1043 5687 ἀλλά
1066 5630 1151 5696 τίς
1192 5630 1361 5684 Ὤστιε
1372 5647 1402 5701 ρ
1427 5647 1509 5692 τις
1536 5628 1717 5700 ἀγαθὴ

122 5743 193 5808 γῆ
235 5740 334 5793 τὸν
383 5732 598 5804 σπόρον
649 5726 923 5799 δεξαμένη
970 5722 1237 5794 πολύχουν
1289 5721 1576 5791 βλαστάνει
1626 5723 1717 5776 τὸν

143 5862 171 5902 ¹’
222 5879 240 5895 ⁶
272 5873 414 5931 Luc.
448 5885 571 5936 xu,
598 5866 698 5922 Ξῖ).
778 5863 797 5895 ⁸
837 5859 1024 5917 Matth.
1060 5873 1156 5922 vn,
1188 5855 1273 5911 Η.

1822 5080 2024 5149 aliquid
2078 5090 2272 5149 praeter
2321 5081 2571 5136 decorem
2623 5081 2801 5139 locuta
2837 5084 2993 5139 :Cur
3044 5086 3280 5155 speciem
3309 5088 3401 5157 ju-

1825 5171 2067 5226 ventntis
2117 5186 2248 5224 uicae
2295 5173 2579 5234 obscuras,
2606 5172 2775 5238 dixit;
2813 5187 3006 5243 meque
3034 5185 3247 5244 sperata
3280 5174 3403 5233 feli-

1823 5268 1988 5317 citate
2012 5261 2331 5326 excludens,
2364 5264 2619 5331 gaudium
2671 5280 2846 5321 meum
2891 5265 2949 5322 in
2994 5266 3228 5324 lamenta
3267 5285 3402 5326 con-

1821 5355 2029 5410 vertis?
2062 5353 2118 5408 Si
2149 5364 2204 5407 tu
2232 5356 2353 5421 hac,
2386 5371 2505 5425 qua:
2535 5358 2674 5414 dicta
2716 5365 2819 5421 est,
2862 5358 3073 5414 ratione
3112 5361 3269 5416 saluti
3320 5362 3400 5416 tui

1824 5447 2105 5503 consulere
2157 5448 2514 5515 decreveras,
2566 5465 2674 5504 non
2733 5458 2790 5504 tu
2842 5451 2988 5507 solus
3018 5454 3160 5509 inter
3188 5455 3401 5511 nobiles

1825 5539 2229 5595 adolesccns’es
2249 5557 2262 5593 :
2285 5541 2571 5609 oportebat
2599 5554 2751 5610 ergo,
2776 5552 3061 5613 antequam
3091 5542 3399 5615 conjugium

1827 5634 2076 5697 iniretur,
2113 5631 2425 5686 renuntiare
2473 5634 2777 5700 sponsioni,
2828 5648 2927 5690 nec
2976 5650 3153 5690 meam
3211 5650 3401 5692 recens

1828 5720 2249 5777 eﬂlorescentem
2331 5721 2811 5789 pulchritudinem,
2890 5724 3037 5781 velut
3104 5726 3400 5783 marcidum
