4180 6464
752 400 810 458 l9
2011 393 2294 453 MENSIS
2328 390 2693 450 MARTlUS.
3945 386 4011 448 90

743 512 891 566 venit
925 509 1123 563 ostium
1164 527 1176 561 :
1211 523 1272 563 ac
1323 509 1558 577 demque
1592 509 1640 560 ei
1674 523 1792 576 quae
1819 510 1939 564 istic
1991 517 2076 564 est
2124 505 2325 578 regioni

2455 521 2559 556 ιιον
2585 520 2598 533 ο
2630 503 2723 556 καὶ
2748 502 2974 572 πλησίον
2997 501 3181 554 λᾱιπὸν
3205 500 3305 570 τῆς
3327 498 3539 552 ἐκεῖθεν
3561 513 3855 569 γενομενος
3890 500 4011 569 γῆς,

744 601 1214 672 appropinquans,
1273 600 1567 669 tranquillo
1629 615 1791 656 cursu
1851 604 1955 657 iter
2013 601 2332 658 conﬁciebat

745 709 928 755 suum,
965 690 1179 762 quando
1227 692 1466 746 lustrans
1517 701 1787 762 praerupta
1842 695 1977 762 eius,
2013 693 2105 763 qui
2151 693 2203 747 in
2241 691 2330 747 Si-

747 787 895 854 grina
928 793 1029 849 est,
1065 786 1262 839 montis
1288 783 1491 847 littora,
1520 783 1698 838 divina
1728 787 1957 856 quadam
1985 785 2327 855 providentia

747 875 995 942 profundi
1051 876 1332 944 cujusdam
1390 875 1669 945 praecipitii
1723 876 1901 932 lucum
1956 879 2183 944 invenit,
2226 875 2323 930 sil-

749 977 981 1022 vestram
1011 968 1167 1037 plane
1211 982 1271 1021 ac
1297 982 1694 1033 caveruosum;
1743 967 1810 1022 ad
1859 983 2018 1037 quem
2059 984 2088 1021 e
2120 966 2334 1037 navigio

752 1059 1113 1126 descendens,
1145 1069 1308 1129 atque
1361 1061 1721 1114 exscensione
1777 1059 1940 1125 facta,
1974 1059 2120 1113 solus
2175 1059 2334 1115 taedio

751 1145 968 1205 itineris
994 1151 1302 1222 compulsus
1329 1152 1481 1215 abiit,
1515 1152 1732 1206 caeteris
1766 1151 1818 1205 in
1871 1153 1993 1206 navi
2037 1153 2331 1220 imperans,

751 1260 872 1297 sese
902 1253 956 1298 ut
989 1244 1182 1298 ibidem
1216 1245 1380 1313 quieti
1412 1248 1814 1312 exspectarent.

826 1334 891 1390 Χ.
925 1333 1335 1405 Recognoscens
1371 1350 1496 1389 vero
1526 1335 1813 1404 diligenter
1843 1336 2040 1401 locum,
2075 1347 2236 1407 atque
2269 1341 2334 1392 ad

755 1427 1177 1482 exercitationes
1205 1427 1428 1494 spiritus
1461 1426 1810 1495 peridoneum
1860 1426 2153 1497 utilemque
2185 1431 2335 1484 iuvc-

755 1520 898 1578 nisse
959 1517 1196 1588 gavisus,
1248 1519 1299 1571 iu
1362 1528 1569 1587 partem
1621 1532 1741 1574 sese
1795 1530 2047 1576 oraturus
2109 1525 2334 1592 recepit,

757 1610 923 1663 Deum
975 1611 1290 1678 deprecans,
1330 1620 1404 1673 nt,
1438 1609 1576 1680 quod
1621 1611 1910 1681 expediens
1963 1625 2107 1666 esset
2148 1613 2198 1667 id
2235 1615 2338 1669 sibi

756 1700 1041 1757 revelarct.
1080 1700 1343 1755 Diuturna
1389 1713 1570 1758 autem
1607 1704 1897 1756 multarum
1948 1705 2200 1759 horarum
2247 1721 2340 1772 ge-

754 1791 1060 1847 nullexione
1090 1793 1348 1849 deficiens
1377 1808 1498 1848 cum
1533 1795 1808 1862 paululum
1846 1795 2161 1859 resedisset,
2193 1796 2336 1849 velut

758 1884 812 1938 in
865 1886 1063 1940 exstasi
1125 1885 1297 1939 factus
1353 1888 1761 1954 est,oculisque
1811 1886 2157 1956 vigilantibus
2203 1887 2338 1941 vidit

757 1989 905 2040 eum,
939 1975 1029 2043 qui
1061 1975 1211 2042 prius
1252 1975 1303 2028 in
1344 1976 1582 2031 thalamo
1631 1976 1729 2031 sibi
1761 1987 2112 2045 apparuerat,
2161 1979 2338 2046 splen-

758 2064 1100 2121 didissimum
1142 2067 1345 2132 virum;
1381 2067 1471 2137 qui
1520 2082 1710 2123 manus
1757 2075 1993 2122 extenta:
2050 2069 2218 2138 digito
2260 2070 2341 2124 lo-

758 2176 880 2215 cum
920 2161 1209 2232 designans
1243 2178 1257 2216 :
1293 2162 1440 2218 Tuus
1462 2163 1701 2234 quidem,
1729 2163 1925 2233 inquit,
1982 2178 2157 2223 socer,
2195 2162 2337 2230 ejus-

760 2252 990 2319 demque
1023 2267 1146 2308 cum
1204 2269 1268 2308 eo
1305 2256 1503 2310 mentis
1543 2255 1839 2323 imperator
1889 2255 2027 2306 intra
2083 2256 2337 2322 exiguum

761 2351 973 2412 tempus
1005 2357 1070 2399 ex
1115 2345 1216 2400 hac
1264 2345 1370 2400 vita
1414 2344 1742 2400 discedent:
1778 2353 1904 2397 tunc
1949 2349 2128 2397 autem
2187 2343 2342 2397 bonis

763 2433 892 2496 tuis,
942 2435 1156 2492 nemine
1185 2449 1243 2492 se
1267 2445 1590 2506 opponente,
1633 2435 1685 2487 in
1722 2449 1985 2505 pauperes
2023 2431 2192 2488 libere
2223 2433 2336 2488 dis-

766 2525 1004 2591 tributis,
1061 2529 1168 2582 huc
1223 2527 1518 2583 adveniens
1570 2537 1844 2597 acceptam
1901 2528 2006 2582 Deo
2049 2527 2211 2583 vitam
2261 2526 2344 2581 in-

765 2617 982 2674 stitues.
1015 2618 1128 2674 Hac
1162 2618 1327 2691 igitur
1359 2620 1695 2693 apparitione
1741 2621 1963 2676 edoctus
2008 2620 2199 2679 beatus
2225 2635 2344 2689 quae

766 2711 834 2766 ad
856 2725 1007 2766 suam
1035 2711 1409 2769 conducebant
1435 2714 1743 2775 utilitatem,
1777 2722 1937 2781 atque
1961 2714 2024 2763 ad
2049 2710 2344 2778 Cyzicenas

765 2811 946 2873 partes
976 2803 1137 2874 paulo
1188 2812 1309 2874 post
1362 2803 1640 2872 appulsus,
1684 2803 1928 2872 injuncto
1979 2802 2080 2856 sibi
2131 2801 2345 2873 negotio

767 2895 929 2966 quam
964 2896 1228 2951 citissime
1275 2893 1544 2960 c0nl'ecto,
1581 2905 1783 2950 rectum
1818 2892 2340 2967 Constantinopolim

768 3001 990 3043 cursum
1024 2986 1196 3044 tenuit
1227 3006 1240 3043 :
1274 2997 1329 3043 et
1359 2988 1710 3059 quasitorum
1738 3001 1768 3041 a
1808 3003 1866 3042 se
1899 3001 2190 3056 congruam
2230 2985 2348 3041 red-

769 3079 906 3137 deus
950 3080 1266 3150 imperatori
1313 3079 1602 3144 rationem,
1637 3080 1813 3133 altiori
1862 3079 2024 3135 etiam
2061 3080 2227 3148 gradu
2267 3086 2350 3132 est

2434 595 2838 666 γαληνοδρομίᾳ
2871 594 2970 663 τὴν
3013 591 3240 663 πορείαν
3272 593 3531 658 ἐποιεῖτο,
3578 590 4010 660 καταμανθάνων

2433 687 2500 740 τὰ
2551 687 2876 756 κρημνώδεα
2918 684 3012 738 τοῦ
3061 686 3159 754 τῆς
3203 683 3499 754 Σιγριανῆς
3533 681 3692 753 ὅρους
3743 682 4008 753 παράλια.

2435 783 2592 834 Κατὰ
2627 778 2718 832 οὖν
2766 778 2916 830 Θείαν
2958 777 3080 830 τινὰ
3114 777 3376 846 πρόνοιαν
3428 775 3842 844 καταλαμϐάνει
3897 777 4012 829 τινὰ

2438 871 2824 941 βαθύκρημνον
2855 871 3084 940 λόχμην,
3115 869 3332 938 ἀλσώδη
3365 885 3424 921 τε
3474 869 3569 921 καὶ
3601 868 3853 938 ἀντρώδη
3876 885 3890 898 ο
3924 869 4014 922 καὶ

2437 959 2649 1022 ἀποϐὰς
2679 962 2736 1011 ἐν
2763 956 2912 1026 αὐτῷ
2944 957 3050 1010 ἀπὸ
3077 956 3171 1009 τοῦ
3203 955 3410 1019 πλοίου,
3443 956 3601 1024 μόνος
3632 958 3698 1024 τῇ
3726 956 4013 1025 δυσχερείᾳ.

2440 1049 2796 1121 βεϐιασμένος
2843 1046 3063 1118 ἀνῆλθε,
3113 1047 3227 1108 τοῖς
3266 1043 3446 1107 ἄλλοις
3489 1045 3788 1116 ἐπιτρέψας
3845 1048 3902 1097 ἐν
3943 1045 4015 1114 τῷ

2440 1141 2610 1212 πλοίῳ
2642 1143 2820 1212 ἡσυχῆ
2850 1140 3056 1211 μένειν.

2512 1325 2568 1378 l'.
2601 1324 2890 1394 Διαμαθὼν
2939 1323 2994 1375 δὲ
3024 1325 3112 1377 τὸν
3162 1325 3324 1376 τόπον
3374 1324 3640 1393 ἀκριϐᾢς,
3687 1325 3779 1376 καὶ
3831 1323 4011 1388 ἡσθεὶς

2441 1417 2748 1486 ἐπιτήδειον
2780 1409 2921 1468 εἶναι
2964 1415 3098 1483 πρὸς
3135 1413 3373 1484 ψυχικὴν
3403 1415 3695 1484 ὠφέλειαν,
3723 1412 4016 1482 εὐξάμενος

2439 1510 2493 1561 δὲ
2528 1509 2646 1561 κατ’
2680 1509 2839 1574 ἰδίαν,
2876 1509 2969 1560 καὶ
3010 1508 3098 1560 τὸν
3134 1506 3265 1559 Θεὸν
3305 1506 3366 1560 τὸ
3414 1507 3698 1578 συμφέρον
3731 1508 4015 1569 ἱκετεύσας

2441 1601 2810 1670 ἀποκαλύψαι,
2837 1599 3132 1669 κεκμηκὼς
3158 1599 3212 1651 δὲ
3246 1600 3309 1650 ὲκ
3340 1600 3436 1667 τῆς
3461 1599 3553 1650 ἐπὶ
3584 1598 3844 1657 πλείστας
3873 1597 4015 1666 ὧρας

2444 1695 2750 1764 γενομένης
2782 1694 2872 1745 ὑπ’
2902 1692 3068 1745 αὑτοῦ
3100 1691 3470 1759 γονυκλισίας,
3515 1689 3608 1742 καὶ
3637 1695 3830 1758 μικρὸν
3863 1691 4017 1749 καθε-

2445 1789 2616 1846 σθεὶς,
2653 1787 2727 1848 ὼς
2768 1788 2824 1836 ὲν
2889 1785 3142 1837 ἐκστάσει
3179 1784 3390 1851 γέγονε,
3447 1783 3540 1834 καλ⁷
3578 1783 3678 1852 ὁρᾷ
3715 1783 4019 1860 γρηγορού-

2447 1898 2528 1932 σιν
2564 1879 2859 1946 όψθαλμοίς
2891 1878 2980 1929 τὸν
3026 1874 3376 1944 προφανέντα
3407 1875 3556 1944 αὐτῷ
3597 1878 3653 1926 ὲν
3681 1877 3745 1943 τῇ
3790 1875 4018 1927 παστάδι

2444 1971 2706 2042 φωτοειδῆ
2735 1969 2926 2038 ἄνδρα,
2956 1969 3054 2038 τὴν
3084 1969 3239 2037 χεῖρα
3282 1965 3653 2033 ὲκτεταμὲνην
3681 1962 3899 2033 ἔχοντα,
3929 1969 4019 2017 καὶ

2443 2064 2519 2133 τῷ
2553 2060 2803 2129 δακτύλῳ
2832 2059 2920 2112 τὸν
2942 2058 3108 2111 τόπον
3146 2052 3544 2109 ὑποδεικνύντα
3573 2055 3664 2106 καὶ
3691 2055 3828 2124 πρὸς
3860 2056 4021 2108 αὑτὸν

2443 2155 2669 2220 λέγοντα
2696 2170 2707 2181 ·
2750 2153 2809 2204 Ὀ
2846 2151 2942 2221 μὲν
2972 2150 3060 2208 σὸς
3086 2146 3376 2218 κηδεστὴς,
3403 2147 3541 2200 ἀλλὰ
3568 2146 3664 2200 καὶ
3697 2149 3722 2199 ό
3754 2146 4023 2214 σύμφρων

2445 2245 2613 2299 αὑτοῦ
2655 2244 2928 2314 βασιλεὺς,
2963 2243 3020 2294 ὲν
3047 2243 3255 2306 ὀλίγαις
3289 2239 3524 2307 ἡμέραις
3551 2238 3659 2289 τῶν
3691 2237 3814 2305 τῇδε
3838 2237 4021 2289 τελευ-

2447 2338 2713 2404 τήσαντες
2746 2329 3163 2401 ἀναχωροῦσιν·
3215 2328 3309 2381 καὶ
3353 2327 3542 2380 λοιπὸν
3588 2328 3869 2398 παρρησίᾳ
3916 2329 4028 2388 τοῖς

2449 2426 2767 2496 πενομένοις
2815 2422 2926 2475 τῶν
2966 2421 3319 2492 ὑπαρχόντων
3351 2436 3434 2472 σοι
3467 2419 3567 2489 τὴν
3614 2417 3875 2487 διανομὴν
3909 2434 4031 2470 ποι·

2447 2517 2742 2590 ησάμενος,
2775 2512 3010 2567 ἐνταῦθα
3062 2508 3541 2580 παραγεινάμενος
3579 2505 3697 2574 Θεῷ
3726 2505 4030 2574 εὐαρεστή-

2449 2627 2582 2672 σεις.
2635 2605 2740 2660 Τοῦ
2768 2604 2861 2657 οὖν
2900 2601 3174 2673 μακαρίου
3210 2599 3298 2652 διὰ
3324 2601 3417 2668 τῆς
3453 2596 3750 2667 ἐμφανείας
3785 2595 3850 2647 τὰ
3882 2592 4030 2662 αὐτῷ

2451 2700 2793 2754 συντείνοντα
2842 2695 2979 2767 πρὸς
3007 2693 3277 2763 ὠφέλειαν
3313 2689 3608 2751 συνιέντος,
3647 2687 3740 2741 καὶ
3783 2685 3852 2738 τὰ
3883 2686 4022 2754 μέρη

2453 2794 2694 2857 Κυζίκου
2735 2786 3159 2853 καταλαϐόντος,
3193 2785 3268 2849 ὡς
3295 2784 3527 2853 τάχιστα
3565 2781 3621 2833 δὲ
3651 2780 3712 2832 τὸ
3744 2777 3896 2847 αύτῷ
3933 2793 4026 2828 κε-

2450 2886 2675 2941 λευσθὲν
2727 2879 3171 2954 περατώσαντος,
3221 2875 3407 2930 εὐθεῖα
3438 2891 3521 2936 τις
3574 2872 3920 2940 συνήργησεν
3971 2870 4026 2920 ὲν

2453 2975 3026 3036 Κωνσταντινουπόλει
3068 2966 3449 3039 παλινδρομία.
3480 2965 3590 3019 Καὶ
3616 2963 3680 3033 δὴ
3708 2960 4027 3029 πρεπόντως

2453 3066 2939 3136 ἀπολογησάμενος
2973 3061 3050 3132 τῷ
3093 3059 3303 3130 βασιλεῖ
3329 3055 3459 3128 περὶ
3489 3054 3598 3108 τῶν
3635 3051 3781 3122 αύτῷ
3811 3053 4028 3120 ἑρωτωυ

770 3172 837 3227 ab
872 3186 938 3228 eo
965 3140 1288 3238 honoratus,
1319 3181 1479 3241 atque
1505 3172 1643 3225 inter
1677 3170 1984 3240 spatharios
2008 3140 2347 3239 (7lallectus,

2459 3161 2657 3230 μένων,
2701 3154 3016 3226 ὑψηλοτέρῳ
3049 3151 3106 3205 δὲ
3159 3147 3353 3220 βαθμῷ
3396 3149 3515 3218 ἦτοι
3556 3146 3663 3200 τῶν
3711 3140 4030 3210 σπαθαρὶων

774 3262 972 3320 ibidem
1008 3263 1207 3319 deinde
1237 3262 1390 3327 vixit,
1434 3276 1556 3316 cum
1580 3275 1778 3332 sponsa
1810 3261 2126 3328 praestolans
2143 3259 2354 3314 exitum

774 3354 1020 3423 visionis,
1048 3369 1210 3428 quem
1238 3363 1292 3410 et
1317 3355 1663 3417 subsecutum
1699 3355 1849 3410 vidit.

2455 3253 2532 3322 τῷ
2564 3249 2852 3318 καταλόγῳ
2881 3248 2985 3299 ὑπο
3013 3242 3107 3296 τοῦ
3143 3240 3407 3311 βασιλέως
3456 3237 3731 3306 τιμηθεὶς,
3759 3234 3910 3301 διῆγε
3939 3233 4032 3285 τὶν

2450 3344 2638 3399 λοιπὸν
2665 3338 2900 3412 (χρόνον)
2937 3333 3264 3408 προσμένων
3296 3332 3365 3384 τὰ
3391 3330 3491 3400 τῆς
3522 3327 3789 3390 ὀπτασίας
3824 3327 3901 3388 είς
3935 3325 4029 3376 πέ-

2455 3456 2553 3511 ρας
2583 3432 2930 3501 ὲληλακέναι,
2975 3429 3003 3482 ὃ
3027 3430 3122 3484 καὶ
3149 3428 3357 3497 γέγονε.

2274 3599 2496 3656 CAPUT
2535 3598 2595 3651 ll.

1533 3743 1861 3811 Theophanis
1888 3741 2236 3794 monacltalus
2267 3749 2314 3790 et
2343 3751 2436 3805 pro
2475 3734 2765 3803 imaginum
2809 3731 2954 3783 cultu
2995 3728 3281 3781 certamina

855 3891 946 3946 Xl.
972 3890 1157 3958 Neque
1203 3883 1347 3940 enim
1401 3881 1623 3936 multum
1663 3877 1870 3932 efﬂuxit
1919 3877 2198 3946 temporis,
2228 3877 2356 3945 quin

782 3987 942 4040 tinem
986 3987 1211 4048 uterque
1258 3970 1471 4029 vivendi
1506 3970 1728 4035 faciens,
1768 3969 1981 4039 plenam
2030 3968 2159 4037 ipsis
2193 3967 2357 4020 relin-

780 4084 972 4150 queret
1004 4072 1332 4131 libertatem,
1370 4066 1482 4121 suis
1534 4080 1631 4135 pro
1665 4064 1893 4119 arbitrio
1940 4063 2102 4116 rebus
2134 4060 2353 4125 utendi;

779 4183 918 4242 quas
950 4165 1207 4221 continuo
1261 4159 1402 4214 inter
1457 4169 1717 4226 pauperes
1770 4153 2088 4216 diviserunt,
2138 4150 2356 4204 famulis

780 4262 943 4317 etiam
984 4252 1297 4312 domesticis
1344 4249 1592 4306 libertate
1626 4246 1844 4303 donatis
1874 4265 1884 4300 :
1915 4244 2019 4316 ipsi
2050 4255 2174 4300 vero
2224 4258 2354 4313 pan-

786 4368 914 4408 noso
946 4347 1122 4405 induti
1162 4347 1350 4402 habitu
1393 4344 1498 4399 sibi
1544 4344 1773 4396 invicem
1821 4339 2163 4402 valedixere;
2198 4341 2357 4392 beato

785 4445 903 4502 viro
947 4443 1229 4500 mulierem
1271 4440 1416 4512 piam
1462 4437 1817 4494 conflrmante
1849 4433 2066 4489 monitis
2101 4428 2354 4486 salutari-

787 4545 907 4605 bus,
969 4545 1029 4591 ut
1075 4533 1254 4588 divina
1305 4534 1621 4587 observaret
1678 4527 1950 4589 mandata,
2009 4520 2352 4592 spiritualem

2533 3872 2634 3924 IA'.
2680 3871 2811 3924 Μετ’
2837 3871 2897 3922 ού
2944 3866 3077 3921 πολὺ
3123 3867 3231 3934 γὰρ
3274 3862 3499 3932 ἡμερῶν
3545 3861 3845 3926 διάστημα,
3891 3857 4040 3910 τέλει

2462 3963 2553 4014 τοῦ
2588 3960 2703 4030 βίον
2739 3959 3105 4029 χρησαμένων
3139 3954 3487 4023 ἀμφοτέρων,
3526 3950 3625 4022 ήδη
3651 3948 3836 4001 λοιπὸν
3865 3948 4039 4010 ἀδεῶς

2463 4057 2530 4109 τὰ
2572 4054 2888 4124 ὑπάρχοντα
2928 4049 3110 4111 αὐτοῖς
3151 4049 3263 4110 τοῖς
3294 4045 3618 4113 πενομένοις
3651 4040 4044 4110 διανενεμηκόο

2463 4165 2575 4212 τες,
2612 4142 2897 4215 ἐλευθερίᾳ
2927 4141 2983 4195 δὲ
3017 4140 3138 4203 τοὺς
3175 4139 3390 4200 οἰκέτας
3425 4133 3911 4204 ἁποπεμψάμενοι,
3958 4135 4044 4184 ὲν-

2465 4239 2683 4294 δύονται
2733 4237 2920 4291 λοιπὸν
2969 4233 3187 4306 ρακὼδη
3237 4233 3438 4301 ἄμφια,
3503 4231 3595 4283 καὶ
3649 4226 4046 4295 συνταξάμενοι

2465 4333 2748 4401 ἀλλήλοις..
2790 4325 3092 4387 νουθεσίαις
3125 4339 3180 4376 τε
3225 4321 3320 4373 τοῦ
3383 4320 3654 4390 μακαρίου
3704 4316 4064 4385 κατασττγρίο,

2469 4403 2655 4486 ama;
2678 4423 2776 4490 τὴν
2807 4419 3004 4486 εὐσεϐῆ
3035 4416 3285 4483 γυναῖκα,
3311 4415 3498 4484 τηρεῖν
3527 4413 3622 4474 τὰς
3649 4410 3800 4475 θείας
3823 4410 4047 4473 ἐντολὰς

2469 4516 2561 4570 καὶ
2593 4516 2816 4585 ἀγάπην
2849 4511 3223 4581 πνευματικὴν
3245 4509 3303 4562 ὲν
3330 4510 3439 4570 τοῖς
3469 4504 3694 4576 πλησίον
3719 4504 4042 4575 κεκτῆσθαι,

789 4597 914 4696 erga
946 4623 1249 4696 proximum
1279 4627 1556 4675 exerceret
1595 4616 1940 4678 charitatem,
1977 4610 2209 4667 orationi
2243 4609 2349 4664 siu-

2469 4609 2779 4682 προσευχήν
2828 4622 2886 4659 τε
2922 4601 3191 4674 εἰλικρινῆ
3240 4601 3335 4653 καὶ
3380 4598 3754 4669 ἀρὲμϐαστον,
3795 4600 3891 4650 καὶ
3932 4597 4048 4668 βίον

787 4733 930 4776 σεται
988 4726 1152 4784 atque
1221 4709 1622 4781 imperturbata:
1683 4715 1897 4761 vacaret
1973 4716 2070 4774 pro
2131 4701 2359 4768 viribus,

789 4810 956 4864 vitam
990 4803 1542 4877 irrepreliensibilem,
1573 4813 1948 4866 summamque
2003 4803 2212 4851 teneret
2257 4796 2359 4848 liu—

792 4903 1096 4967 militatem,
1149 4899 1310 4970 eique
1361 4896 1416 4953 in
1475 4907 1687 4950 recessu
1739 4890 1954 4948 dicente
1995 4907 2010 4944 :
2060 4906 2078 4940 ι
2136 4885 2365 4942 Salvans

790 4995 934 5050 salva
987 4993 1227 5048 animam
1288 4999 1454 5044 tuam.
1501 5003 1520 5038 ι
1570 4984 1648 5040 lta
1683 4983 1756 5038 illi
1814 4983 2064 5038 convictu
2123 4988 2252 5035 sunt
2300 4976 2369 5033 ab

795 5087 1022 5142 invicem
1081 5082 1316 5155 separati
1371 5099 1385 5134 :
1438 5078 1651 5146 qualem
1710 5085 1889 5132 autem
1933 5075 2098 5130 vitam
2151 5074 2368 5128 duxerit

794 5179 1131 5245 picutissima
1183 5176 1271 5230 illa
1325 5172 1520 5229 mulier
1580 5179 1777 5225 norunt
1828 5183 2037 5233 omnes,
2105 5177 2367 5238 quotquot

869 5320 946 5388 t7)
979 5320 1060 5373 lta
1089 5319 1216 5372 dicti
1266 5333 1296 5372 a
1345 5316 1576 5383 spathis,
1610 5315 1662 5388 id
1695 5322 1778 5388 est
1824 5313 2101 5388 latioribus
2161 5312 2373 5388 gladiis,

797 5384 937 5460 quos
982 5388 1302 5460 gestabant,
1322 5387 1631 5460 imperatori
1686 5385 1751 5439 ad
1796 5385 2092 5460 custpdiam
2134 5384 2377 5451 corporis

798 5453 1166 5535 circumpositi
1220 5453 1427 5513 nobiles
1471 5474 1484 5510 :
1519 5471 1747 5535 quorum
1781 5453 2377 5535 nprzefectihprptospa—

800 5530 960 5604 tbar_ii
1009 5523 1351 5604 nominantur
1438 5536 1515 5604 et_
1538 5523 1719 5596 plures
1778 5525 1944 5604 fuisse
1990 5523 2190 5604 colligit
2234 5523 2377 5604 βοει-

800 5615 867 5655 ex
899 5598 1175 5653 Eustratio
1222 5595 1274 5651 in
1308 5594 1441 5650 lure
1473 5593 1775 5650 Grecorum
1810 5602 2042 5663 quatuor
2086 5593 2376 5660 simulno-

802 5670 1042 5725 minante
1074 5688 1088 5722 :
1119 5682 1185 5750 ex
1241 5681 1349 5750 quo
1412 5678 1586 5721 tamen
1644 5679 1749 5750 non
1787 5674 1943 5745 .puto
1978 5674 2140 5750 ‘rec‘te
2186 5665 2373 5745 deduci

802 5752 993 5792 omnes
1040 5733 1346 5805 spatharios
1398 5733 2028 5805 nrotospathariirtitulo
2077 5734 2372 5787 liouestiori

807 5804 1151 5862 (insuevisse
1198 5805 1456 5876 appellari
1496 5822 1508 5858 :
1553 5805 1738 5874 quidni
1772 5804 1913 5858 enim
1965 5805 2228 5873 spatltarii
2261 5820 2375 5858 ma-

2470 4702 2938 4769 ἁκαταίσχυντον,
2991 4699 3087 4748 καὶ
3131 4695 3308 4763 ἄκραν
3368 4690 3718 4755 ταπείνωσιν,
3769 4691 4048 4743 ἀπέλυσεν

2473 4792 2643 4862 αὐτὴν
2672 4793 2730 4843 ὲν
2763 4787 3150 4860 είρήνῃείπών
3172 4801 3185 4816 ⁶
3222 4801 3240 4836 ι
3269 4781 3525 4848 Σώξουσα
3549 4782 3688 4846 σῶζε
3720 4782 3817 4852 τὴν
3841 4782 4050 4846 ἑαυτῆς

2471 4885 2669 4958 ψυχήν.
2711 4903 2730 4936 ι
2763 4878 3198 4952 ’Δλλοτριοῦνται
3229 4877 3410 4931 τοίνυν
3457 4877 3554 4944 τῆς
3588 4873 3725 4942 πρὸς
3781 4873 4050 4943 ἀλλήλους

2473 4975 2843 5048 ἀναστροφῆς.
2888 4974 3106 5028 Ὀποῖον
3145 4970 3200 5023 δὲ
3239 4970 3352 5039 βίον
3393 4966 3694 5038 ἐξήσκησεν
3740 4967 3773 5036 ἡ
3815 4963 4050 5035 εὐσεϐὴς

2475 5069 2616 5140 αὕτη
2645 5067 2805 5138 γυνὴ,
2843 5067 2993 5119 ῐσασι
3043 5064 3242 5124 πάντες
3279 5061 3328 5112 ol
3359 5060 3475 5130 τὴν.
3498 5058 3740 5112 Βιθυνῶν
3771 5056 4052 5118 οἳκοῢντες

2474 5163 2682 5236 χώραν,
2706 5159 2851 5223 ὅπως
2874 5155 3135 5218 ἑκουσίως
3160 5152 3394 5226 ἐπράθη,
3423 5152 3517 5205 καὶ
3538 5150 3788 5221 δουλικὴν
3816 5151 4053 5222 μετῆλθε

2478 5309 2582 5379 jnri
2615 5322 2839 5362 numero
2874 5304 3107 5379 fuerint;
3138 5299 3408 5379 quibusin
3441 5298 3714 5352 centurias
3744 5294 4055 5379 distributis

2475 5364 2556 5433 sui
2606 5382 2704 5432 sul)
2747 5392 2858 5430 uno
2912 5364 3099 5437 capite
3136 5364 3485 5426 centuriones
3524 5377 3724 5427 essent,
3758 5364 4052 5437 etiamipsi

2479 5432 2558 5502 vel
2613 5446 2889 5517 sparti-irit
2925 5432 3007 5498 vel
3044 5439 3479 5517 ⁸ιποιρεςρςιιιιειιετίί
3513 5435 3818 5517 nominati?
3863 5432 4050 5517 quidni

2475 5505 2657 5590 plures
2689 5533 2790 5572 non
2829 5505 3308 5590 ad_mi_i_ii's_t_er.ium,
3335 5508 3526 5590 sed_ad
3576 5507 3896 5585 dignitatem
3945 5505 4053 5583 fue-

2478 5573 2582 5644 i'iut
2611 5573 3028 5659 protospatltarii
3059 5581 3225 5659 dicti;
3276 5573 3398 5659 cum
3431 5577 3515 5659 his
3561 5573 3702 5659 saepe
3741 5573 4052 5659 provincias

2474 5643 2814 5715 commissas
2869 5652 3151 5725 legamus?
3189 5643 3258 5725 _ut
3328 5648 3581 5725 Sergium
3633 5647 3781 5725 illum
3851 5643 4056 5700 Sicilia:

2473 5732 2662 5787 ducem
2697 5732 2794 5785 sub
2825 5717 2999 5783 Leone
3033 5721 3270 5780 lsaurico
3300 5720 3439 5791 apud
3472 5717 3880 5786 Theophanem.
