  <div class='ocr_page' id='page_1' title='image "/cluster/home/n/w/nwhite01/storage/ocr_20150623/115/uva.x004215515/022.png"; bbox 0 0 4180 6506; ppageno 0'>
   <div class='ocr_carea' id='block_1_1' title="bbox 211 461 272 523">
    <p class='ocr_par' dir='ltr' id='par_1_1' title="bbox 211 461 272 523">
     <span class='ocr_line' id='line_1_1' title="bbox 211 461 272 523; baseline 0 0"><span class='ocrx_word' id='word_1_1' title='bbox 211 461 272 523; x_wconf 67' lang='grc'>25</span> 
     </span>
    </p>
   </div>
   <div class='ocr_carea' id='block_1_2' title="bbox 1382 445 2223 509">
    <p class='ocr_par' dir='ltr' id='par_1_2' title="bbox 1382 445 2223 509">
     <span class='ocr_line' id='line_1_2' title="bbox 1382 445 2223 509; baseline -0.006 0"><span class='ocrx_word' id='word_1_2' title='bbox 1382 449 1560 509; x_wconf 82' lang='lat' dir='ltr'><strong>Vl&#39;I‘A</strong></span> <span class='ocrx_word' id='word_1_3' title='bbox 1596 449 1667 508; x_wconf 90' lang='lat' dir='ltr'><strong>S.</strong></span> <span class='ocrx_word' id='word_1_4' title='bbox 1703 446 2118 506; x_wconf 76' lang='lat' dir='ltr'><strong>THEOPHAN</strong></span> <span class='ocrx_word' id='word_1_5' title='bbox 2134 447 2147 502; x_wconf 93' lang='lat' dir='ltr'><strong>l</strong></span> <span class='ocrx_word' id='word_1_6' title='bbox 2163 445 2223 504; x_wconf 90' lang='lat' dir='ltr'><strong>S.</strong></span> 
     </span>
    </p>
   </div>
   <div class='ocr_carea' id='block_1_3' title="bbox 3351 449 3421 508">
    <p class='ocr_par' dir='ltr' id='par_1_3' title="bbox 3351 449 3421 508">
     <span class='ocr_line' id='line_1_3' title="bbox 3351 449 3421 508; baseline -0.029 0"><span class='ocrx_word' id='word_1_7' title='bbox 3351 449 3421 508; x_wconf 71' lang='lat'><strong>‘26</strong></span> 
     </span>
    </p>
   </div>
   <div class='ocr_carea' id='block_1_4' title="bbox 206 555 1798 638">
    <p class='ocr_par' dir='ltr' id='par_1_4' title="bbox 206 558 1798 638">
     <span class='ocr_line' id='line_1_4' title="bbox 206 558 1798 638; baseline -0.006 -16"><span class='ocrx_word' id='word_1_8' title='bbox 206 573 317 638; x_wconf 76' lang='grc' dir='ltr'>τὴρ,</span> <span class='ocrx_word' id='word_1_9' title='bbox 364 563 452 620; x_wconf 72' lang='grc' dir='ltr'>οἷα</span> <span class='ocrx_word' id='word_1_10' title='bbox 493 565 703 636; x_wconf 76' lang='grc' dir='ltr'>πατὴρ,</span> <span class='ocrx_word' id='word_1_11' title='bbox 767 564 863 616; x_wconf 75' lang='grc' dir='ltr'><strong>σῦν</strong></span> <span class='ocrx_word' id='word_1_12' title='bbox 915 563 992 630; x_wconf 84' lang='grc' dir='ltr'>τῷ</span> <span class='ocrx_word' id='word_1_13' title='bbox 1040 559 1270 630; x_wconf 76' lang='grc' dir='ltr'>τριχίνῳ</span> <span class='ocrx_word' id='word_1_14' title='bbox 1321 559 1508 627; x_wconf 70' lang='grc' dir='ltr'>ἁμερίῳ</span> <span class='ocrx_word' id='word_1_15' title='bbox 1563 559 1657 610; x_wconf 70' lang='grc' dir='ltr'><strong>καὶ</strong></span> <span class='ocrx_word' id='word_1_16' title='bbox 1694 558 1798 625; x_wconf 57' lang='grc' dir='ltr'><strong>τῇε</strong></span> 
     </span>
    </p>
   </div>
   <div class='ocr_carea' id='block_1_5' title="bbox 1899 555 3440 638">
    <p class='ocr_par' dir='ltr' id='par_1_5' title="bbox 1901 555 3440 624">
     <span class='ocr_line' id='line_1_5' title="bbox 1901 555 3440 624; baseline 0.003 -16"><span class='ocrx_word' id='word_1_17' title='bbox 1901 573 2052 610; x_wconf 91' lang='lat' dir='ltr'><strong>orum</strong></span> <span class='ocrx_word' id='word_1_18' title='bbox 2091 556 2432 615; x_wconf 82' lang='lat' dir='ltr'><strong>multitudine</strong></span> <span class='ocrx_word' id='word_1_19' title='bbox 2481 555 2593 622; x_wconf 85' lang='grc'><strong>(18)</strong></span> <span class='ocrx_word' id='word_1_20' title='bbox 2632 557 2834 620; x_wconf 84' lang='lat' dir='ltr'><strong>;Paler</strong></span> <span class='ocrx_word' id='word_1_21' title='bbox 2881 569 3060 612; x_wconf 88' lang='lat' dir='ltr'><strong>autem</strong></span> <span class='ocrx_word' id='word_1_22' title='bbox 3113 570 3350 624; x_wconf 81' lang='lat' dir='ltr'><strong>sanctus,</strong></span> <span class='ocrx_word' id='word_1_23' title='bbox 3382 573 3440 614; x_wconf 82' lang='lat' dir='ltr'><strong>ut</strong></span> 
     </span>
    </p>
   </div>
   <div class='ocr_carea' id='block_1_6' title="bbox 211 648 1761 728">
    <p class='ocr_par' dir='ltr' id='par_1_6' title="bbox 211 648 1761 728">
     <span class='ocr_line' id='line_1_6' title="bbox 211 648 1761 728; baseline -0.007 -16"><span class='ocrx_word' id='word_1_24' title='bbox 211 659 528 728; x_wconf 75' lang='grc' dir='ltr'>ποιμαντικῇ</span> <span class='ocrx_word' id='word_1_25' title='bbox 566 655 859 726; x_wconf 76' lang='grc' dir='ltr'>βακτηρία.</span> <span class='ocrx_word' id='word_1_26' title='bbox 913 652 1289 722; x_wconf 79' lang='grc' dir='ltr'>Καθεσθείσης</span> <span class='ocrx_word' id='word_1_27' title='bbox 1331 652 1388 704; x_wconf 75' lang='grc' dir='ltr'><strong>δὲ</strong></span> <span class='ocrx_word' id='word_1_28' title='bbox 1434 651 1534 719; x_wconf 84' lang='grc' dir='ltr'>τῆς</span> <span class='ocrx_word' id='word_1_29' title='bbox 1575 648 1761 719; x_wconf 79' lang='grc' dir='ltr'><strong>τιμίας</strong></span> 
     </span>
    </p>
   </div>
   <div class='ocr_carea' id='block_1_7' title="bbox 211 742 1763 814">
    <p class='ocr_par' dir='ltr' id='par_1_7' title="bbox 211 742 1763 814">
     <span class='ocr_line' id='line_1_7' title="bbox 211 742 1763 814; baseline -0.007 -10"><span class='ocrx_word' id='word_1_30' title='bbox 211 751 432 814; x_wconf 77' lang='grc' dir='ltr'><strong>συνόδου,</strong></span> <span class='ocrx_word' id='word_1_31' title='bbox 469 749 720 814; x_wconf 79' lang='grc' dir='ltr'><strong>καίτοιγε</strong></span> <span class='ocrx_word' id='word_1_32' title='bbox 783 748 840 798; x_wconf 84' lang='grc' dir='ltr'>ὲν</span> <span class='ocrx_word' id='word_1_33' title='bbox 893 746 1102 798; x_wconf 74' lang='grc' dir='ltr'>εὐτελεί</span> <span class='ocrx_word' id='word_1_34' title='bbox 1146 745 1495 814; x_wconf 72' lang='grc' dir='ltr'><strong>προσχήματι</strong></span> <span class='ocrx_word' id='word_1_35' title='bbox 1528 742 1620 795; x_wconf 88' lang='grc' dir='ltr'><strong>τοῦ</strong></span> <span class='ocrx_word' id='word_1_36' title='bbox 1659 759 1763 811; x_wconf 85' lang='grc' dir='ltr'>μα-</span> 
     </span>
    </p>
   </div>
   <div class='ocr_carea' id='block_1_8' title="bbox 210 835 1765 912">
    <p class='ocr_par' dir='ltr' id='par_1_8' title="bbox 210 835 1765 912">
     <span class='ocr_line' id='line_1_8' title="bbox 210 835 1765 912; baseline -0.008 -16"><span class='ocrx_word' id='word_1_37' title='bbox 210 844 381 912; x_wconf 79' lang='grc' dir='ltr'>καρίου</span> <span class='ocrx_word' id='word_1_38' title='bbox 420 841 828 908; x_wconf 79' lang='grc' dir='ltr'>θεωρουμένου,</span> <span class='ocrx_word' id='word_1_39' title='bbox 859 837 1112 908; x_wconf 75' lang='grc' dir='ltr'>εὐσεϐείᾳ</span> <span class='ocrx_word' id='word_1_40' title='bbox 1144 837 1199 889; x_wconf 81' lang='grc' dir='ltr'><strong>δὲ</strong></span> <span class='ocrx_word' id='word_1_41' title='bbox 1233 836 1372 904; x_wconf 83' lang='grc' dir='ltr'>ὑπὲρ</span> <span class='ocrx_word' id='word_1_42' title='bbox 1403 835 1608 896; x_wconf 82' lang='grc' dir='ltr'><strong>πάντας</strong></span> <span class='ocrx_word' id='word_1_43' title='bbox 1639 835 1765 885; x_wconf 81' lang='grc' dir='ltr'>ἁπο-</span> 
     </span>
    </p>
   </div>
   <div class='ocr_carea' id='block_1_9' title="bbox 213 925 1763 1001">
    <p class='ocr_par' dir='ltr' id='par_1_9' title="bbox 213 925 1763 1001">
     <span class='ocr_line' id='line_1_9' title="bbox 213 925 1763 1001; baseline -0.009 -12"><span class='ocrx_word' id='word_1_44' title='bbox 213 936 524 997; x_wconf 78' lang='grc' dir='ltr'>στῐλὸοντος,</span> <span class='ocrx_word' id='word_1_45' title='bbox 560 935 620 987; x_wconf 81' lang='grc' dir='ltr'><strong>οὐ</strong></span> <span class='ocrx_word' id='word_1_46' title='bbox 651 933 1102 1001; x_wconf 78' lang='grc' dir='ltr'>παρελογίσαντο,</span> <span class='ocrx_word' id='word_1_47' title='bbox 1145 930 1260 983; x_wconf 80' lang='grc' dir='ltr'>ἀλλ’</span> <span class='ocrx_word' id='word_1_48' title='bbox 1291 927 1596 997; x_wconf 68' lang='grc' dir='ltr'>ἐπέτρεψαν</span> <span class='ocrx_word' id='word_1_49' title='bbox 1627 925 1763 993; x_wconf 73' lang='grc' dir='ltr'>πρὸς</span> 
     </span>
    </p>
   </div>
   <div class='ocr_carea' id='block_1_10' title="bbox 208 1014 1766 1091">
    <p class='ocr_par' dir='ltr' id='par_1_10' title="bbox 208 1014 1766 1091">
     <span class='ocr_line' id='line_1_10' title="bbox 208 1014 1766 1091; baseline -0.008 -14"><span class='ocrx_word' id='word_1_50' title='bbox 208 1026 298 1090; x_wconf 76' lang='grc' dir='ltr'>τὴν</span> <span class='ocrx_word' id='word_1_51' title='bbox 333 1022 422 1076; x_wconf 86' lang='grc' dir='ltr'><strong>τοῦ</strong></span> <span class='ocrx_word' id='word_1_52' title='bbox 454 1023 727 1091; x_wconf 83' lang='grc' dir='ltr'>δόγματος</span> <span class='ocrx_word' id='word_1_53' title='bbox 748 1021 1111 1091; x_wconf 61' lang='grc' dir='ltr'>δημηγορίαν</span> <span class='ocrx_word' id='word_1_54' title='bbox 1211 1036 1362 1071; x_wconf 89' lang='grc' dir='ltr'>εισαν</span> <span class='ocrx_word' id='word_1_55' title='bbox 1387 1020 1490 1085; x_wconf 78' lang='grc' dir='ltr'><strong>γὰρ</strong></span> <span class='ocrx_word' id='word_1_56' title='bbox 1522 1014 1766 1086; x_wconf 79' lang='grc' dir='ltr'>ἀκριϐῶς</span> 
     </span>
    </p>
   </div>
   <div class='ocr_carea' id='block_1_11' title="bbox 208 1107 1768 1184">
    <p class='ocr_par' dir='ltr' id='par_1_11' title="bbox 208 1107 1768 1184">
     <span class='ocr_line' id='line_1_11' title="bbox 208 1107 1768 1184; baseline -0.006 -16"><span class='ocrx_word' id='word_1_57' title='bbox 208 1119 290 1168; x_wconf 83' lang='grc' dir='ltr'>τὸν</span> <span class='ocrx_word' id='word_1_58' title='bbox 312 1116 456 1178; x_wconf 79' lang='grc' dir='ltr'>ἄξιον</span> <span class='ocrx_word' id='word_1_59' title='bbox 479 1115 578 1166; x_wconf 85' lang='grc' dir='ltr'><strong>τοῦ</strong></span> <span class='ocrx_word' id='word_1_60' title='bbox 612 1116 924 1184; x_wconf 87' lang='grc' dir='ltr'>Πνεύματος</span> <span class='ocrx_word' id='word_1_61' title='bbox 953 1113 1194 1182; x_wconf 76' lang='grc' dir='ltr'><strong>ἐργάτην</strong></span> <span class='ocrx_word' id='word_1_62' title='bbox 1233 1112 1290 1162; x_wconf 84' lang='grc'><strong>’0</strong></span> <span class='ocrx_word' id='word_1_63' title='bbox 1310 1110 1364 1161; x_wconf 79' lang='grc' dir='ltr'><strong>δὲ</strong></span> <span class='ocrx_word' id='word_1_64' title='bbox 1393 1109 1460 1161; x_wconf 80' lang='grc' dir='ltr'>δι’</span> <span class='ocrx_word' id='word_1_65' title='bbox 1475 1108 1668 1173; x_wconf 78' lang='grc' dir='ltr'>ὀλίγων</span> <span class='ocrx_word' id='word_1_66' title='bbox 1700 1107 1768 1159; x_wconf 81' lang='grc' dir='ltr'>τὰ</span> 
     </span>
    </p>
   </div>
   <div class='ocr_carea' id='block_1_12' title="bbox 207 1198 1768 1275">
    <p class='ocr_par' dir='ltr' id='par_1_12' title="bbox 207 1198 1768 1275">
     <span class='ocr_line' id='line_1_12' title="bbox 207 1198 1768 1275; baseline -0.004 -18"><span class='ocrx_word' id='word_1_67' title='bbox 207 1208 365 1258; x_wconf 78' lang='grc' dir='ltr'>πολλὰ</span> <span class='ocrx_word' id='word_1_68' title='bbox 385 1205 747 1275; x_wconf 77' lang='grc' dir='ltr'>ῥητορεύσας.</span> <span class='ocrx_word' id='word_1_69' title='bbox 770 1206 862 1257; x_wconf 77' lang='grc' dir='ltr'><strong>καὶ</strong></span> <span class='ocrx_word' id='word_1_70' title='bbox 880 1205 965 1257; x_wconf 77' lang='grc' dir='ltr'><strong>διὰ</strong></span> <span class='ocrx_word' id='word_1_71' title='bbox 985 1203 1232 1273; x_wconf 78' lang='grc' dir='ltr'>φυσικῶν</span> <span class='ocrx_word' id='word_1_72' title='bbox 1250 1204 1343 1254; x_wconf 76' lang='grc' dir='ltr'><strong>καὶ</strong></span> <span class='ocrx_word' id='word_1_73' title='bbox 1357 1199 1644 1272; x_wconf 80' lang='grc' dir='ltr'>γραφικῶν</span> <span class='ocrx_word' id='word_1_74' title='bbox 1672 1198 1768 1251; x_wconf 76' lang='grc' dir='ltr'>καὶ</span> 
     </span>
    </p>
   </div>
   <div class='ocr_carea' id='block_1_13' title="bbox 206 1288 1771 1364">
    <p class='ocr_par' dir='ltr' id='par_1_13' title="bbox 206 1288 1771 1364">
     <span class='ocr_line' id='line_1_13' title="bbox 206 1288 1771 1364; baseline -0.003 -16"><span class='ocrx_word' id='word_1_75' title='bbox 206 1296 544 1364; x_wconf 64' lang='grc' dir='ltr'>δ›γματικῶν</span> <span class='ocrx_word' id='word_1_76' title='bbox 604 1294 928 1358; x_wconf 76' lang='grc' dir='ltr'>ἀποδείξεων</span> <span class='ocrx_word' id='word_1_77' title='bbox 959 1294 1088 1356; x_wconf 78' lang='grc' dir='ltr'>τοὺς</span> <span class='ocrx_word' id='word_1_78' title='bbox 1139 1292 1408 1356; x_wconf 75' lang='grc' dir='ltr'><strong>ἀλαζόνας</strong></span> <span class='ocrx_word' id='word_1_79' title='bbox 1445 1290 1542 1343; x_wconf 75' lang='grc' dir='ltr'>καὶ</span> <span class='ocrx_word' id='word_1_80' title='bbox 1563 1288 1771 1358; x_wconf 81' lang='grc' dir='ltr'><strong>δυσφή-</strong></span> 
     </span>
    </p>
   </div>
   <div class='ocr_carea' id='block_1_14' title="bbox 209 1381 1770 1458">
    <p class='ocr_par' dir='ltr' id='par_1_14' title="bbox 209 1381 1770 1458">
     <span class='ocr_line' id='line_1_14' title="bbox 209 1381 1770 1458; baseline -0.003 -18"><span class='ocrx_word' id='word_1_81' title='bbox 209 1407 332 1455; x_wconf 88' lang='grc' dir='ltr'>μους</span> <span class='ocrx_word' id='word_1_82' title='bbox 377 1389 786 1458; x_wconf 80' lang='grc' dir='ltr'>Εἰκονομάχους</span> <span class='ocrx_word' id='word_1_83' title='bbox 837 1386 1059 1454; x_wconf 75' lang='grc' dir='ltr'><strong>ἐλέγξας</strong></span> <span class='ocrx_word' id='word_1_84' title='bbox 1127 1403 1186 1438; x_wconf 88' lang='grc' dir='ltr'><strong>τε</strong></span> <span class='ocrx_word' id='word_1_85' title='bbox 1238 1385 1333 1439; x_wconf 77' lang='grc' dir='ltr'>καὶ</span> <span class='ocrx_word' id='word_1_86' title='bbox 1390 1381 1770 1454; x_wconf 72' lang='grc' dir='ltr'>ἐπιστομίσας,</span> 
     </span>
    </p>
   </div>
   <div class='ocr_carea' id='block_1_15' title="bbox 205 1473 1772 1548">
    <p class='ocr_par' dir='ltr' id='par_1_15' title="bbox 205 1473 1772 1548">
     <span class='ocr_line' id='line_1_15' title="bbox 205 1473 1772 1548; baseline -0.003 -19"><span class='ocrx_word' id='word_1_87' title='bbox 205 1478 439 1531; x_wconf 81' lang='grc' dir='ltr'>ἀπέδωκε</span> <span class='ocrx_word' id='word_1_88' title='bbox 476 1479 574 1530; x_wconf 83' lang='grc' dir='ltr'>τὸν</span> <span class='ocrx_word' id='word_1_89' title='bbox 621 1479 827 1546; x_wconf 84' lang='grc' dir='ltr'>κόσμον</span> <span class='ocrx_word' id='word_1_90' title='bbox 864 1480 928 1545; x_wconf 81' lang='grc' dir='ltr'>τῇ</span> <span class='ocrx_word' id='word_1_91' title='bbox 974 1476 1290 1548; x_wconf 78' lang='grc' dir='ltr'>Ἐκκλησῐᾳ.</span> <span class='ocrx_word' id='word_1_92' title='bbox 1327 1475 1392 1527; x_wconf 84' lang='grc' dir='ltr'><strong><em>Ὠ</em></strong></span> <span class='ocrx_word' id='word_1_93' title='bbox 1430 1474 1523 1527; x_wconf 92' lang='grc' dir='ltr'><strong>τοῦ</strong></span> <span class='ocrx_word' id='word_1_94' title='bbox 1557 1473 1772 1541; x_wconf 83' lang='grc' dir='ltr'>θαύμα-</span> 
     </span>
    </p>
   </div>
   <div class='ocr_carea' id='block_1_16' title="bbox 204 1563 1774 1638">
    <p class='ocr_par' dir='ltr' id='par_1_16' title="bbox 204 1563 1774 1638">
     <span class='ocr_line' id='line_1_16' title="bbox 204 1563 1774 1638; baseline -0.003 -18"><span class='ocrx_word' id='word_1_95' title='bbox 204 1570 323 1628; x_wconf 82' lang='grc' dir='ltr'><strong>τοςί</strong></span> <span class='ocrx_word' id='word_1_96' title='bbox 388 1568 439 1620; x_wconf 84' lang='grc' dir='ltr'><strong>τι</strong></span> <span class='ocrx_word' id='word_1_97' title='bbox 505 1568 700 1622; x_wconf 84' lang='grc' dir='ltr'>τούτου</span> <span class='ocrx_word' id='word_1_98' title='bbox 765 1569 1389 1638; x_wconf 85' lang='grc' dir='ltr'>μεγαλοπρεπέστερον;</span> <span class='ocrx_word' id='word_1_99' title='bbox 1460 1567 1647 1635; x_wconf 84' lang='grc' dir='ltr'>Ὅμως</span> <span class='ocrx_word' id='word_1_100' title='bbox 1713 1563 1774 1616; x_wconf 77' lang='grc' dir='ltr'>τὸ</span> 
     </span>
    </p>
   </div>
   <div class='ocr_carea' id='block_1_17' title="bbox 207 1654 1774 1728">
    <p class='ocr_par' dir='ltr' id='par_1_17' title="bbox 207 1654 1774 1728">
     <span class='ocr_line' id='line_1_17' title="bbox 207 1654 1774 1728; baseline -0.004 -16"><span class='ocrx_word' id='word_1_101' title='bbox 207 1661 419 1728; x_wconf 80' lang='grc' dir='ltr'>Πνεῦμα</span> <span class='ocrx_word' id='word_1_102' title='bbox 451 1661 511 1713; x_wconf 82' lang='grc' dir='ltr'><strong>τὸ</strong></span> <span class='ocrx_word' id='word_1_103' title='bbox 534 1661 692 1725; x_wconf 74' lang='grc' dir='ltr'>ἅγιον</span> <span class='ocrx_word' id='word_1_104' title='bbox 733 1659 861 1711; x_wconf 82' lang='grc' dir='ltr'>ἔνθα</span> <span class='ocrx_word' id='word_1_105' title='bbox 928 1659 1174 1728; x_wconf 83' lang='grc' dir='ltr'>βούλεται</span> <span class='ocrx_word' id='word_1_106' title='bbox 1207 1659 1349 1721; x_wconf 78' lang='grc' dir='ltr'>πνεῖ,</span> <span class='ocrx_word' id='word_1_107' title='bbox 1386 1657 1480 1710; x_wconf 73' lang='grc' dir='ltr'><strong>καὶ</strong></span> <span class='ocrx_word' id='word_1_108' title='bbox 1519 1657 1620 1708; x_wconf 83' lang='grc' dir='ltr'><strong>ὅσα</strong></span> <span class='ocrx_word' id='word_1_109' title='bbox 1651 1654 1774 1724; x_wconf 86' lang='grc' dir='ltr'>βού-</span> 
     </span>
    </p>
   </div>
   <div class='ocr_carea' id='block_1_18' title="bbox 206 1747 1775 1817">
    <p class='ocr_par' dir='ltr' id='par_1_18' title="bbox 206 1747 1775 1817">
     <span class='ocr_line' id='line_1_18' title="bbox 206 1747 1775 1817; baseline -0.002 -16"><span class='ocrx_word' id='word_1_110' title='bbox 206 1751 366 1804; x_wconf 82' lang='grc' dir='ltr'>λεται.</span> <span class='ocrx_word' id='word_1_111' title='bbox 398 1750 625 1804; x_wconf 85' lang='grc' dir='ltr'>Τούτων</span> <span class='ocrx_word' id='word_1_112' title='bbox 657 1750 800 1802; x_wconf 71' lang='grc' dir='ltr'>οὕτω</span> <span class='ocrx_word' id='word_1_113' title='bbox 851 1750 1236 1814; x_wconf 77' lang='grc' dir='ltr'>τελεσθέντων,</span> <span class='ocrx_word' id='word_1_114' title='bbox 1262 1751 1358 1802; x_wconf 75' lang='grc' dir='ltr'><strong>καὶ</strong></span> <span class='ocrx_word' id='word_1_115' title='bbox 1385 1749 1494 1802; x_wconf 82' lang='grc' dir='ltr'>τῶν</span> <span class='ocrx_word' id='word_1_116' title='bbox 1518 1747 1775 1817; x_wconf 85' lang='grc' dir='ltr'>Πατέρων</span> 
     </span>
    </p>
   </div>
   <div class='ocr_carea' id='block_1_19' title="bbox 209 1837 1772 1910">
    <p class='ocr_par' dir='ltr' id='par_1_19' title="bbox 209 1837 1772 1910">
     <span class='ocr_line' id='line_1_19' title="bbox 209 1837 1772 1910; baseline -0.003 -15"><span class='ocrx_word' id='word_1_117' title='bbox 209 1837 403 1905; x_wconf 45' lang='grc' dir='ltr'>ἐντοῖς</span> <span class='ocrx_word' id='word_1_118' title='bbox 437 1844 679 1895; x_wconf 78' lang='grc' dir='ltr'><strong>ἑκάστου</strong></span> <span class='ocrx_word' id='word_1_119' title='bbox 712 1842 896 1904; x_wconf 83' lang='grc' dir='ltr'>τόποις</span> <span class='ocrx_word' id='word_1_120' title='bbox 929 1841 1466 1910; x_wconf 76' lang='grc' dir='ltr'>παλινοστησάντων.</span> <span class='ocrx_word' id='word_1_121' title='bbox 1493 1837 1772 1904; x_wconf 81' lang='grc' dir='ltr'>καταλαμ-</span> 
     </span>
    </p>
   </div>
   <div class='ocr_carea' id='block_1_20' title="bbox 1869 646 3434 716">
    <p class='ocr_par' dir='ltr' id='par_1_20' title="bbox 1869 646 3434 716">
     <span class='ocr_line' id='line_1_20' title="bbox 1869 646 3434 716; baseline 0.004 -18"><span class='ocrx_word' id='word_1_122' title='bbox 1869 662 1992 701; x_wconf 90' lang='lat' dir='ltr'><strong>vere</strong></span> <span class='ocrx_word' id='word_1_123' title='bbox 2025 647 2204 712; x_wconf 87' lang='lat' dir='ltr'><strong>Pater,</strong></span> <span class='ocrx_word' id='word_1_124' title='bbox 2237 646 2453 700; x_wconf 88' lang='lat' dir='ltr'><strong>cilicino</strong></span> <span class='ocrx_word' id='word_1_125' title='bbox 2500 647 2663 716; x_wconf 84' lang='lat' dir='ltr'><strong>pallio</strong></span> <span class='ocrx_word' id='word_1_126' title='bbox 2698 662 2794 701; x_wconf 91' lang='lat' dir='ltr'><strong>suo</strong></span> <span class='ocrx_word' id='word_1_127' title='bbox 2829 663 2890 702; x_wconf 86' lang='lat' dir='ltr'><strong>ac</strong></span> <span class='ocrx_word' id='word_1_128' title='bbox 2926 650 3114 702; x_wconf 85' lang='lat' dir='ltr'><strong>baculo</strong></span> <span class='ocrx_word' id='word_1_129' title='bbox 3159 652 3434 716; x_wconf 72' lang='lat' dir='ltr'><strong>pastorali.</strong></span> 
     </span>
    </p>
   </div>
   <div class='ocr_carea' id='block_1_21' title="bbox 1869 739 3435 809">
    <p class='ocr_par' dir='ltr' id='par_1_21' title="bbox 1869 739 3435 809">
     <span class='ocr_line' id='line_1_21' title="bbox 1869 739 3435 809; baseline 0.001 -16"><span class='ocrx_word' id='word_1_130' title='bbox 1869 739 2130 793; x_wconf 80' lang='lat' dir='ltr'><strong>Czcterutn</strong></span> <span class='ocrx_word' id='word_1_131' title='bbox 2161 755 2280 792; x_wconf 95' lang='lat' dir='ltr'><strong>cum</strong></span> <span class='ocrx_word' id='word_1_132' title='bbox 2315 739 2617 792; x_wconf 86' lang='lat' dir='ltr'><strong>veneranda</strong></span> <span class='ocrx_word' id='word_1_133' title='bbox 2665 739 2899 809; x_wconf 80' lang='lat' dir='ltr'><strong>synodus</strong></span> <span class='ocrx_word' id='word_1_134' title='bbox 2933 741 3284 805; x_wconf 79' lang='lat' dir='ltr'><strong>consedisset,</strong></span> <span class='ocrx_word' id='word_1_135' title='bbox 3329 758 3435 795; x_wconf 90' lang='lat' dir='ltr'><strong>non</strong></span> 
     </span>
    </p>
   </div>
   <div class='ocr_carea' id='block_1_22' title="bbox 1872 829 3442 901">
    <p class='ocr_par' dir='ltr' id='par_1_22' title="bbox 1872 829 3442 901">
     <span class='ocr_line' id='line_1_22' title="bbox 1872 829 3442 901; baseline -0.001 -15"><span class='ocrx_word' id='word_1_136' title='bbox 1872 835 2163 900; x_wconf 77' lang='lat' dir='ltr'><strong>despexere</strong></span> <span class='ocrx_word' id='word_1_137' title='bbox 2210 829 2401 884; x_wconf 85' lang='lat' dir='ltr'><strong>Patres</strong></span> <span class='ocrx_word' id='word_1_138' title='bbox 2451 830 2638 884; x_wconf 85' lang='lat' dir='ltr'><strong>humili</strong></span> <span class='ocrx_word' id='word_1_139' title='bbox 2691 832 2938 898; x_wconf 81' lang='lat' dir='ltr'><strong>quamvis</strong></span> <span class='ocrx_word' id='word_1_140' title='bbox 2990 833 3169 886; x_wconf 83' lang='lat' dir='ltr'><strong>habitu</strong></span> <span class='ocrx_word' id='word_1_141' title='bbox 3216 849 3442 901; x_wconf 78' lang='lat' dir='ltr'><strong>conspe-</strong></span> 
     </span>
    </p>
   </div>
   <div class='ocr_carea' id='block_1_23' title="bbox 1871 923 3440 993">
    <p class='ocr_par' dir='ltr' id='par_1_23' title="bbox 1871 923 3440 993">
     <span class='ocr_line' id='line_1_23' title="bbox 1871 923 3440 993; baseline 0.001 -14"><span class='ocrx_word' id='word_1_142' title='bbox 1871 935 2015 979; x_wconf 84' lang='lat' dir='ltr'><strong>ctum</strong></span> <span class='ocrx_word' id='word_1_143' title='bbox 2063 924 2300 986; x_wconf 83' lang='lat' dir='ltr'><strong>Patrem,</strong></span> <span class='ocrx_word' id='word_1_144' title='bbox 2335 938 2455 977; x_wconf 92' lang='lat' dir='ltr'><strong>cum</strong></span> <span class='ocrx_word' id='word_1_145' title='bbox 2489 939 2596 990; x_wconf 66' lang='lat' dir='ltr'><strong>pra:</strong></span> <span class='ocrx_word' id='word_1_146' title='bbox 2645 923 2897 978; x_wconf 92' lang='lat' dir='ltr'><strong>omnibus</strong></span> <span class='ocrx_word' id='word_1_147' title='bbox 2929 926 3126 993; x_wconf 90' lang='lat' dir='ltr'><strong>pietate</strong></span> <span class='ocrx_word' id='word_1_148' title='bbox 3158 940 3440 980; x_wconf 86' lang='lat' dir='ltr'><strong>coruscas-</strong></span> 
     </span>
    </p>
   </div>
   <div class='ocr_carea' id='block_1_24' title="bbox 1873 1014 3436 1082">
    <p class='ocr_par' dir='ltr' id='par_1_24' title="bbox 1873 1014 3436 1082">
     <span class='ocr_line' id='line_1_24' title="bbox 1873 1014 3436 1082; baseline -0.001 -11"><span class='ocrx_word' id='word_1_149' title='bbox 1873 1026 1988 1081; x_wconf 88' lang='lat' dir='ltr'><strong>set;</strong></span> <span class='ocrx_word' id='word_1_150' title='bbox 2038 1017 2130 1069; x_wconf 88' lang='lat' dir='ltr'><strong>sed</strong></span> <span class='ocrx_word' id='word_1_151' title='bbox 2161 1016 2227 1068; x_wconf 87' lang='lat' dir='ltr'><strong>ad</strong></span> <span class='ocrx_word' id='word_1_152' title='bbox 2273 1014 2585 1068; x_wconf 87' lang='lat' dir='ltr'><strong>edicendam</strong></span> <span class='ocrx_word' id='word_1_153' title='bbox 2627 1014 2836 1082; x_wconf 78' lang='lat' dir='ltr'><strong>publice</strong></span> <span class='ocrx_word' id='word_1_154' title='bbox 2880 1015 3202 1072; x_wconf 84' lang='lat' dir='ltr'><strong>sentemiam</strong></span> <span class='ocrx_word' id='word_1_155' title='bbox 3239 1016 3436 1071; x_wconf 85' lang='lat' dir='ltr'><strong>invita-</strong></span> 
     </span>
    </p>
   </div>
   <div class='ocr_carea' id='block_1_25' title="bbox 1875 1105 3436 1176">
    <p class='ocr_par' dir='ltr' id='par_1_25' title="bbox 1875 1105 3436 1176">
     <span class='ocr_line' id='line_1_25' title="bbox 1875 1105 3436 1176; baseline 0 -15"><span class='ocrx_word' id='word_1_156' title='bbox 1875 1118 2018 1161; x_wconf 87' lang='lat' dir='ltr'><strong>runt.</strong></span> <span class='ocrx_word' id='word_1_157' title='bbox 2075 1105 2343 1160; x_wconf 83' lang='lat' dir='ltr'><strong>Noverant</strong></span> <span class='ocrx_word' id='word_1_158' title='bbox 2387 1106 2557 1172; x_wconf 88' lang='lat' dir='ltr'><strong>enim,</strong></span> <span class='ocrx_word' id='word_1_159' title='bbox 2604 1116 2659 1161; x_wconf 89' lang='lat' dir='ltr'><strong>et</strong></span> <span class='ocrx_word' id='word_1_160' title='bbox 2702 1108 2902 1176; x_wconf 87' lang='lat' dir='ltr'><strong>optime</strong></span> <span class='ocrx_word' id='word_1_161' title='bbox 2941 1119 3228 1172; x_wconf 79' lang='lat' dir='ltr'><strong>noverant,</strong></span> <span class='ocrx_word' id='word_1_162' title='bbox 3277 1125 3436 1176; x_wconf 86' lang='lat' dir='ltr'><strong>quam</strong></span> 
     </span>
    </p>
   </div>
   <div class='ocr_carea' id='block_1_26' title="bbox 1875 1203 3443 1274">
    <p class='ocr_par' dir='ltr' id='par_1_26' title="bbox 1875 1203 3443 1274">
     <span class='ocr_line' id='line_1_26' title="bbox 1875 1203 3443 1274; baseline 0.001 -16"><span class='ocrx_word' id='word_1_163' title='bbox 1875 1204 2065 1274; x_wconf 78' lang='lat' dir='ltr'><strong>dignus</strong></span> <span class='ocrx_word' id='word_1_164' title='bbox 2104 1203 2336 1273; x_wconf 80' lang='lat' dir='ltr'><strong>Spiritus</strong></span> <span class='ocrx_word' id='word_1_165' title='bbox 2385 1205 2557 1258; x_wconf 90' lang='lat' dir='ltr'><strong>sancti</strong></span> <span class='ocrx_word' id='word_1_166' title='bbox 2619 1203 2900 1272; x_wconf 81' lang='lat' dir='ltr'><strong>operarius</strong></span> <span class='ocrx_word' id='word_1_167' title='bbox 2950 1213 3113 1259; x_wconf 90' lang='lat' dir='ltr'><strong>esset.</strong></span> <span class='ocrx_word' id='word_1_168' title='bbox 3171 1205 3262 1258; x_wconf 86' lang='lat' dir='ltr'><strong>Ille</strong></span> <span class='ocrx_word' id='word_1_169' title='bbox 3314 1222 3443 1260; x_wconf 86' lang='lat' dir='ltr'><strong>vero</strong></span> 
     </span>
    </p>
   </div>
   <div class='ocr_carea' id='block_1_27' title="bbox 1876 1295 3442 1364">
    <p class='ocr_par' dir='ltr' id='par_1_27' title="bbox 1876 1295 3442 1364">
     <span class='ocr_line' id='line_1_27' title="bbox 1876 1295 3442 1364; baseline -0.001 -14"><span class='ocrx_word' id='word_1_170' title='bbox 1876 1297 2059 1364; x_wconf 84' lang='lat' dir='ltr'><strong>paucis</strong></span> <span class='ocrx_word' id='word_1_171' title='bbox 2131 1295 2294 1349; x_wconf 90' lang='lat' dir='ltr'><strong>multa</strong></span> <span class='ocrx_word' id='word_1_172' title='bbox 2353 1295 2685 1364; x_wconf 78' lang='lat' dir='ltr'><strong>complexus,</strong></span> <span class='ocrx_word' id='word_1_173' title='bbox 2733 1295 3034 1351; x_wconf 87' lang='lat' dir='ltr'><strong>rationibus</strong></span> <span class='ocrx_word' id='word_1_174' title='bbox 3098 1312 3161 1350; x_wconf 80' lang='lat' dir='ltr'><strong>ex</strong></span> <span class='ocrx_word' id='word_1_175' title='bbox 3224 1308 3442 1360; x_wconf 80' lang='lat' dir='ltr'><strong>natura,</strong></span> 
     </span>
    </p>
   </div>
   <div class='ocr_carea' id='block_1_28' title="bbox 1878 1387 3442 1458">
    <p class='ocr_par' dir='ltr' id='par_1_28' title="bbox 1878 1387 3442 1458">
     <span class='ocr_line' id='line_1_28' title="bbox 1878 1387 3442 1458; baseline 0.001 -16"><span class='ocrx_word' id='word_1_176' title='bbox 1878 1389 2157 1458; x_wconf 71' lang='lat' dir='ltr'><strong>Scriptura</strong></span> <span class='ocrx_word' id='word_1_177' title='bbox 2190 1403 2252 1441; x_wconf 89' lang='lat' dir='ltr'><strong>ac</strong></span> <span class='ocrx_word' id='word_1_178' title='bbox 2291 1387 2590 1456; x_wconf 75' lang='lat' dir='ltr'><strong>disciplina&#39;</strong></span> <span class='ocrx_word' id='word_1_179' title='bbox 2613 1388 2792 1455; x_wconf 88' lang='lat' dir='ltr'><strong>petitis</strong></span> <span class='ocrx_word' id='word_1_180' title='bbox 2825 1389 3099 1453; x_wconf 77' lang='lat' dir='ltr'><strong>redarguit</strong></span> <span class='ocrx_word' id='word_1_181' title='bbox 3155 1399 3206 1443; x_wconf 92' lang='lat' dir='ltr'><strong>et</strong></span> <span class='ocrx_word' id='word_1_182' title='bbox 3249 1389 3442 1443; x_wconf 85' lang='lat' dir='ltr'><strong>obmu-</strong></span> 
     </span>
    </p>
   </div>
   <div class='ocr_carea' id='block_1_29' title="bbox 1881 1479 3437 1549">
    <p class='ocr_par' dir='ltr' id='par_1_29' title="bbox 1881 1479 3437 1549">
     <span class='ocr_line' id='line_1_29' title="bbox 1881 1479 3437 1549; baseline -0.002 -15"><span class='ocrx_word' id='word_1_183' title='bbox 1881 1491 2088 1535; x_wconf 79' lang='lat' dir='ltr'><strong>tesccre</strong></span> <span class='ocrx_word' id='word_1_184' title='bbox 2132 1479 2260 1535; x_wconf 83' lang='lat' dir='ltr'><strong>fecit</strong></span> <span class='ocrx_word' id='word_1_185' title='bbox 2298 1490 2613 1549; x_wconf 80' lang='lat' dir='ltr'><strong>arrogantes</strong></span> <span class='ocrx_word' id='word_1_186' title='bbox 2642 1480 3110 1549; x_wconf 77' lang='lat' dir='ltr'><strong>exsecrabilesque</strong></span> <span class='ocrx_word' id='word_1_187' title='bbox 3153 1481 3437 1534; x_wconf 67' lang='lat' dir='ltr'><strong>lcouoma.</strong></span> 
     </span>
    </p>
   </div>
   <div class='ocr_carea' id='block_1_30' title="bbox 1878 1573 3446 1642">
    <p class='ocr_par' dir='ltr' id='par_1_30' title="bbox 1878 1573 3446 1642">
     <span class='ocr_line' id='line_1_30' title="bbox 1878 1573 3446 1642; baseline 0.001 -15"><span class='ocrx_word' id='word_1_188' title='bbox 1878 1574 2032 1632; x_wconf 86' lang='lat' dir='ltr'><strong>chos.</strong></span> <span class='ocrx_word' id='word_1_189' title='bbox 2095 1573 2451 1642; x_wconf 67' lang='lat' dir='ltr'><strong>Ecclesitrque</strong></span> <span class='ocrx_word' id='word_1_190' title='bbox 2520 1573 2807 1640; x_wconf 85' lang='lat' dir='ltr'><strong>pristinum</strong></span> <span class='ocrx_word' id='word_1_191' title='bbox 2877 1574 3111 1626; x_wconf 80' lang='lat' dir='ltr'><strong>restituit</strong></span> <span class='ocrx_word' id='word_1_192' title='bbox 3163 1576 3348 1629; x_wconf 87' lang='lat' dir='ltr'><strong>decus.</strong></span> <span class='ocrx_word' id='word_1_193' title='bbox 3403 1575 3446 1628; x_wconf 94' lang='grc' dir='ltr'><strong>Ο</strong></span> 
     </span>
    </p>
   </div>
   <div class='ocr_carea' id='block_1_31' title="bbox 1881 1663 3449 1733">
    <p class='ocr_par' dir='ltr' id='par_1_31' title="bbox 1881 1663 3449 1733">
     <span class='ocr_line' id='line_1_31' title="bbox 1881 1663 3449 1733; baseline -0.001 -16"><span class='ocrx_word' id='word_1_194' title='bbox 1881 1663 2229 1718; x_wconf 80' lang='lat' dir='ltr'><strong>miraculum!</strong></span> <span class='ocrx_word' id='word_1_195' title='bbox 2297 1663 2423 1731; x_wconf 90' lang='lat' dir='ltr'><strong>quid</strong></span> <span class='ocrx_word' id='word_1_196' title='bbox 2468 1678 2533 1716; x_wconf 91' lang='lat' dir='ltr'><strong>eo</strong></span> <span class='ocrx_word' id='word_1_197' title='bbox 2585 1663 2692 1717; x_wconf 89' lang='lat' dir='ltr'><strong>dici</strong></span> <span class='ocrx_word' id='word_1_198' title='bbox 2747 1664 3179 1733; x_wconf 80' lang='lat' dir='ltr'><strong>magniﬁcentius</strong></span> <span class='ocrx_word' id='word_1_199' title='bbox 3239 1666 3449 1733; x_wconf 80' lang='lat' dir='ltr'><strong>potest?</strong></span> 
     </span>
    </p>
   </div>
   <div class='ocr_carea' id='block_1_32' title="bbox 1882 1755 3447 1823">
    <p class='ocr_par' dir='ltr' id='par_1_32' title="bbox 1882 1755 3447 1823">
     <span class='ocr_line' id='line_1_32' title="bbox 1882 1755 3447 1823; baseline 0.001 -15"><span class='ocrx_word' id='word_1_200' title='bbox 1882 1770 2073 1820; x_wconf 82' lang='lat' dir='ltr'><strong>nempe</strong></span> <span class='ocrx_word' id='word_1_201' title='bbox 2094 1756 2260 1823; x_wconf 83' lang='lat' dir='ltr'><strong>spirat</strong></span> <span class='ocrx_word' id='word_1_202' title='bbox 2280 1755 2393 1817; x_wconf 89' lang='lat' dir='ltr'><strong>ubi,</strong></span> <span class='ocrx_word' id='word_1_203' title='bbox 2421 1763 2472 1809; x_wconf 90' lang='lat' dir='ltr'><strong>et</strong></span> <span class='ocrx_word' id='word_1_204' title='bbox 2503 1764 2760 1823; x_wconf 86' lang='lat' dir='ltr'><strong>quantum</strong></span> <span class='ocrx_word' id='word_1_205' title='bbox 2791 1756 2907 1806; x_wconf 87' lang='lat' dir='ltr'><strong>vult</strong></span> <span class='ocrx_word' id='word_1_206' title='bbox 2942 1755 3176 1822; x_wconf 78' lang='lat' dir='ltr'><strong>Spiritus</strong></span> <span class='ocrx_word' id='word_1_207' title='bbox 3207 1766 3447 1810; x_wconf 79' lang='lat' dir='ltr'><strong>sanctus.</strong></span> 
     </span>
    </p>
   </div>
   <div class='ocr_carea' id='block_1_33' title="bbox 1881 1844 3450 1914">
    <p class='ocr_par' dir='ltr' id='par_1_33' title="bbox 1881 1844 3450 1914">
     <span class='ocr_line' id='line_1_33' title="bbox 1881 1844 3450 1914; baseline 0.001 -19"><span class='ocrx_word' id='word_1_208' title='bbox 1881 1844 2084 1911; x_wconf 86' lang='lat' dir='ltr'><strong>Quibus</strong></span> <span class='ocrx_word' id='word_1_209' title='bbox 2111 1844 2181 1898; x_wconf 90' lang='lat' dir='ltr'><strong>ita</strong></span> <span class='ocrx_word' id='word_1_210' title='bbox 2207 1846 2390 1914; x_wconf 82' lang='lat' dir='ltr'><strong>gestis,</strong></span> <span class='ocrx_word' id='word_1_211' title='bbox 2426 1844 2782 1914; x_wconf 86' lang='lat' dir='ltr'><strong>Patribusque</strong></span> <span class='ocrx_word' id='word_1_212' title='bbox 2806 1845 2871 1900; x_wconf 84' lang='lat' dir='ltr'><strong>ad</strong></span> <span class='ocrx_word' id='word_1_213' title='bbox 2905 1861 2999 1897; x_wconf 85' lang='lat' dir='ltr'><strong>sua</strong></span> <span class='ocrx_word' id='word_1_214' title='bbox 3029 1846 3450 1908; x_wconf 85' lang='lat' dir='ltr'><strong>revertentibus,</strong></span> 
     </span>
    </p>
   </div>
   <div class='ocr_carea' id='block_1_34' title="bbox 208 1908 1798 2004">
    <p class='ocr_par' dir='ltr' id='par_1_34' title="bbox 208 1908 1772 2004">
     <span class='ocr_line' id='line_1_34' title="bbox 208 1908 1772 2004; baseline -0.004 -17"><span class='ocrx_word' id='word_1_215' title='bbox 208 1936 349 1989; x_wconf 74' lang='grc' dir='ltr'>ϐάντι</span> <span class='ocrx_word' id='word_1_216' title='bbox 381 1923 548 1988; x_wconf 66' lang='grc' dir='ltr'>πάλιν</span> <span class='ocrx_word' id='word_1_217' title='bbox 597 1937 625 1988; x_wconf 84' lang='grc' dir='ltr'><strong><em>ὁ</em></strong></span> <span class='ocrx_word' id='word_1_218' title='bbox 675 1935 940 2004; x_wconf 81' lang='grc' dir='ltr'>μακάριος</span> <span class='ocrx_word' id='word_1_219' title='bbox 969 1933 1030 1985; x_wconf 74' lang='grc' dir='ltr'>τὸ</span> <span class='ocrx_word' id='word_1_220' title='bbox 1062 1908 1401 2001; x_wconf 21' lang='grc' dir='ltr'>παρ’ναύτοῦ</span> <span class='ocrx_word' id='word_1_221' title='bbox 1441 1947 1536 1984; x_wconf 64' lang='lat' dir='ltr'><strong>vce</strong></span> <span class='ocrx_word' id='word_1_222' title='bbox 1572 1928 1772 2000; x_wconf 83' lang='grc' dir='ltr'>ργηθὲν</span> 
     </span>
    </p>
   </div>
   <div class='ocr_carea' id='block_1_35' title="bbox 1899 1908 3453 2004">
    <p class='ocr_par' dir='ltr' id='par_1_35' title="bbox 1899 1936 3453 2004">
     <span class='ocr_line' id='line_1_35' title="bbox 1899 1936 3453 2004; baseline 0.002 -14"><span class='ocrx_word' id='word_1_223' title='bbox 1899 1951 2071 1993; x_wconf 80' lang='lat' dir='ltr'><strong>&#39;ursus</strong></span> <span class='ocrx_word' id='word_1_224' title='bbox 2095 1951 2149 1990; x_wconf 90' lang='lat' dir='ltr'><strong>se</strong></span> <span class='ocrx_word' id='word_1_225' title='bbox 2198 1937 2386 1991; x_wconf 80' lang='lat' dir='ltr'><strong>beatus</strong></span> <span class='ocrx_word' id='word_1_226' title='bbox 2428 1938 2634 2004; x_wconf 86' lang='lat' dir='ltr'><strong>recepit</strong></span> <span class='ocrx_word' id='word_1_227' title='bbox 2673 1939 2724 1990; x_wconf 90' lang='lat' dir='ltr'><strong>in</strong></span> <span class='ocrx_word' id='word_1_228' title='bbox 2772 1936 3153 1993; x_wconf 84' lang='lat' dir='ltr'><strong>monasterium</strong></span> <span class='ocrx_word' id='word_1_229' title='bbox 3205 1953 3393 1990; x_wconf 79' lang='lat' dir='ltr'><strong>recens</strong></span> <span class='ocrx_word' id='word_1_230' title='bbox 3423 1955 3453 1993; x_wconf 86' lang='lat' dir='ltr'><strong>a</strong></span> 
     </span>
    </p>
   </div>
   <div class='ocr_carea' id='block_1_36' title="bbox 207 2016 1780 2092">
    <p class='ocr_par' dir='ltr' id='par_1_36' title="bbox 207 2016 1780 2092">
     <span class='ocr_line' id='line_1_36' title="bbox 207 2016 1780 2092; baseline -0.004 -17"><span class='ocrx_word' id='word_1_231' title='bbox 207 2024 645 2092; x_wconf 75' lang='grc' dir='ltr'>οὐρανομίμητον</span> <span class='ocrx_word' id='word_1_232' title='bbox 689 2023 1067 2090; x_wconf 76' lang='grc' dir='ltr'>μοναστήριον.</span> <span class='ocrx_word' id='word_1_233' title='bbox 1106 2022 1317 2089; x_wconf 82' lang='grc' dir='ltr'>Ὠσπερ</span> <span class='ocrx_word' id='word_1_234' title='bbox 1341 2022 1454 2090; x_wconf 76' lang='grc' dir='ltr'>γὰρ</span> <span class='ocrx_word' id='word_1_235' title='bbox 1477 2023 1536 2072; x_wconf 81' lang='grc' dir='ltr'><strong>ὲν</strong></span> <span class='ocrx_word' id='word_1_236' title='bbox 1567 2016 1780 2088; x_wconf 82' lang='grc' dir='ltr'>οὐρανῷ</span> 
     </span>
    </p>
   </div>
   <div class='ocr_carea' id='block_1_37' title="bbox 205 2108 1780 2182">
    <p class='ocr_par' dir='ltr' id='par_1_37' title="bbox 205 2108 1780 2182">
     <span class='ocr_line' id='line_1_37' title="bbox 205 2108 1780 2182; baseline -0.002 -20"><span class='ocrx_word' id='word_1_237' title='bbox 205 2113 348 2180; x_wconf 72' lang='grc' dir='ltr'>ἥλιος</span> <span class='ocrx_word' id='word_1_238' title='bbox 385 2114 482 2165; x_wconf 82' lang='grc' dir='ltr'>σὺν</span> <span class='ocrx_word' id='word_1_239' title='bbox 533 2112 758 2182; x_wconf 77' lang='grc' dir='ltr'><strong>ἄστροις</strong></span> <span class='ocrx_word' id='word_1_240' title='bbox 807 2109 1072 2180; x_wconf 71' lang='grc' dir='ltr'>δᾳδουχεῐ,</span> <span class='ocrx_word' id='word_1_241' title='bbox 1115 2108 1212 2180; x_wconf 81' lang='grc' dir='ltr'>τὴν</span> <span class='ocrx_word' id='word_1_242' title='bbox 1251 2111 1555 2179; x_wconf 78' lang='grc' dir='ltr'>σύμπασαν</span> <span class='ocrx_word' id='word_1_243' title='bbox 1608 2124 1780 2160; x_wconf 85' lang='grc' dir='ltr'>κατα-</span> 
     </span>
    </p>
   </div>
   <div class='ocr_carea' id='block_1_38' title="bbox 207 2198 1781 2274">
    <p class='ocr_par' dir='ltr' id='par_1_38' title="bbox 207 2198 1781 2274">
     <span class='ocr_line' id='line_1_38' title="bbox 207 2198 1781 2274; baseline -0.003 -19"><span class='ocrx_word' id='word_1_244' title='bbox 207 2205 438 2268; x_wconf 73' lang='grc' dir='ltr'>γλαῖζιυν</span> <span class='ocrx_word' id='word_1_245' title='bbox 479 2203 559 2274; x_wconf 79' lang='grc' dir='ltr'><strong>τῷ</strong></span> <span class='ocrx_word' id='word_1_246' title='bbox 617 2202 756 2271; x_wconf 67' lang='grc' dir='ltr'>φωτὶ</span> <span class='ocrx_word' id='word_1_247' title='bbox 801 2202 899 2272; x_wconf 80' lang='grc' dir='ltr'><strong>τῆς</strong></span> <span class='ocrx_word' id='word_1_248' title='bbox 943 2201 1259 2270; x_wconf 75' lang='grc' dir='ltr'>ὲλλάμψεως</span> <span class='ocrx_word' id='word_1_249' title='bbox 1286 2217 1299 2231; x_wconf 79' lang='lat'>&#39;</span> <span class='ocrx_word' id='word_1_250' title='bbox 1347 2201 1440 2253; x_wconf 78' lang='grc' dir='ltr'><strong>τὸν</strong></span> <span class='ocrx_word' id='word_1_251' title='bbox 1500 2200 1665 2254; x_wconf 64' lang='grc' dir='ltr'>αὐτὸν</span> <span class='ocrx_word' id='word_1_252' title='bbox 1715 2198 1781 2267; x_wconf 80' lang='grc' dir='ltr'><strong>δὴ</strong></span> 
     </span>
    </p>
   </div>
   <div class='ocr_carea' id='block_1_39' title="bbox 207 2291 1782 2366">
    <p class='ocr_par' dir='ltr' id='par_1_39' title="bbox 207 2291 1782 2366">
     <span class='ocr_line' id='line_1_39' title="bbox 207 2291 1782 2366; baseline -0.003 -17"><span class='ocrx_word' id='word_1_253' title='bbox 207 2299 396 2362; x_wconf 77' lang='grc' dir='ltr'>τρόπον</span> <span class='ocrx_word' id='word_1_254' title='bbox 428 2297 488 2362; x_wconf 77' lang='grc' dir='ltr'>ἐξ</span> <span class='ocrx_word' id='word_1_255' title='bbox 524 2297 694 2366; x_wconf 79' lang='grc' dir='ltr'>αὐτῆς</span> <span class='ocrx_word' id='word_1_256' title='bbox 722 2299 749 2348; x_wconf 77' lang='grc' dir='ltr'>ὁ</span> <span class='ocrx_word' id='word_1_257' title='bbox 803 2296 1088 2364; x_wconf 79' lang='grc' dir='ltr'>μακάριος,</span> <span class='ocrx_word' id='word_1_258' title='bbox 1125 2296 1217 2349; x_wconf 82' lang='grc' dir='ltr'><strong>σὺν</strong></span> <span class='ocrx_word' id='word_1_259' title='bbox 1248 2296 1358 2356; x_wconf 85' lang='grc' dir='ltr'>τοῖς</span> <span class='ocrx_word' id='word_1_260' title='bbox 1398 2295 1523 2347; x_wconf 82' lang='grc' dir='ltr'>κατ’</span> <span class='ocrx_word' id='word_1_261' title='bbox 1555 2291 1782 2362; x_wconf 66' lang='grc' dir='ltr'>ἐκλογὴν</span> 
     </span>
    </p>
   </div>
   <div class='ocr_carea' id='block_1_40' title="bbox 206 2384 1783 2458">
    <p class='ocr_par' dir='ltr' id='par_1_40' title="bbox 206 2384 1783 2458">
     <span class='ocr_line' id='line_1_40' title="bbox 206 2384 1783 2458; baseline -0.003 -19"><span class='ocrx_word' id='word_1_262' title='bbox 206 2389 295 2442; x_wconf 87' lang='grc' dir='ltr'><strong>τοῦ</strong></span> <span class='ocrx_word' id='word_1_263' title='bbox 336 2388 664 2458; x_wconf 87' lang='grc' dir='ltr'>Πνεύματος</span> <span class='ocrx_word' id='word_1_264' title='bbox 716 2385 865 2454; x_wconf 79' lang='grc' dir='ltr'><strong>αὺτῷ</strong></span> <span class='ocrx_word' id='word_1_265' title='bbox 915 2387 1204 2454; x_wconf 82' lang='grc' dir='ltr'>μονασταῖς</span> <span class='ocrx_word' id='word_1_266' title='bbox 1244 2384 1340 2436; x_wconf 80' lang='grc' dir='ltr'><strong>καὶ</strong></span> <span class='ocrx_word' id='word_1_267' title='bbox 1387 2385 1783 2453; x_wconf 81' lang='grc' dir='ltr'>συνασκηταίς,</span> 
     </span>
    </p>
   </div>
   <div class='ocr_carea' id='block_1_41' title="bbox 208 2473 1786 2549">
    <p class='ocr_par' dir='ltr' id='par_1_41' title="bbox 208 2473 1786 2549">
     <span class='ocr_line' id='line_1_41' title="bbox 208 2473 1786 2549; baseline -0.005 -17"><span class='ocrx_word' id='word_1_268' title='bbox 208 2480 298 2549; x_wconf 77' lang='grc' dir='ltr'><strong>τὴν</strong></span> <span class='ocrx_word' id='word_1_269' title='bbox 324 2479 657 2548; x_wconf 76' lang='grc' dir='ltr'>οἰκουμένην</span> <span class='ocrx_word' id='word_1_270' title='bbox 698 2475 1073 2544; x_wconf 76' lang='grc' dir='ltr'>καταυγάζων,</span> <span class='ocrx_word' id='word_1_271' title='bbox 1108 2475 1228 2536; x_wconf 88' lang='grc' dir='ltr'>ταῖς</span> <span class='ocrx_word' id='word_1_272' title='bbox 1262 2475 1662 2543; x_wconf 79' lang='grc' dir='ltr'><strong>μαρμαρυγαῖς</strong></span> <span class='ocrx_word' id='word_1_273' title='bbox 1689 2473 1786 2539; x_wconf 82' lang='grc' dir='ltr'>τῆς</span> 
     </span>
    </p>
   </div>
   <div class='ocr_carea' id='block_1_42' title="bbox 211 2567 1171 2638">
    <p class='ocr_par' dir='ltr' id='par_1_42' title="bbox 211 2567 1171 2638">
     <span class='ocr_line' id='line_1_42' title="bbox 211 2567 1171 2638; baseline -0.003 -15"><span class='ocrx_word' id='word_1_274' title='bbox 211 2572 496 2638; x_wconf 69' lang='grc' dir='ltr'>ἰσιγγέλου</span> <span class='ocrx_word' id='word_1_275' title='bbox 537 2568 812 2631; x_wconf 83' lang='grc' dir='ltr'>πολιτείας</span> <span class='ocrx_word' id='word_1_276' title='bbox 834 2567 1171 2638; x_wconf 60' lang='grc' dir='ltr'>ὲταξδρυνεν.</span> 
     </span>
    </p>
   </div>
   <div class='ocr_carea' id='block_1_43' title="bbox 275 2657 1787 2731">
    <p class='ocr_par' dir='ltr' id='par_1_43' title="bbox 275 2657 1787 2731">
     <span class='ocr_line' id='line_1_43' title="bbox 275 2657 1787 2731; baseline -0.005 -15"><span class='ocrx_word' id='word_1_277' title='bbox 275 2665 373 2716; x_wconf 84' lang='lat' dir='ltr'><strong>lE&#39;.</strong></span> <span class='ocrx_word' id='word_1_278' title='bbox 407 2665 694 2731; x_wconf 79' lang='grc' dir='ltr'>Διέλαμπε</span> <span class='ocrx_word' id='word_1_279' title='bbox 732 2662 975 2730; x_wconf 77' lang='grc' dir='ltr'>τοίνυνή</span> <span class='ocrx_word' id='word_1_280' title='bbox 1026 2662 1128 2728; x_wconf 80' lang='grc' dir='ltr'><strong>τῆς</strong></span> <span class='ocrx_word' id='word_1_281' title='bbox 1167 2659 1484 2730; x_wconf 78' lang='grc' dir='ltr'>ὀρθοδοξίας</span> <span class='ocrx_word' id='word_1_282' title='bbox 1527 2659 1684 2721; x_wconf 73' lang='grc' dir='ltr'>ἀκτὶς</span> <span class='ocrx_word' id='word_1_283' title='bbox 1728 2657 1787 2710; x_wconf 64' lang='grc' dir='ltr'><strong>ἂν</strong></span> 
     </span>
    </p>
   </div>
   <div class='ocr_carea' id='block_1_44' title="bbox 208 2750 1791 2826">
    <p class='ocr_par' dir='ltr' id='par_1_44' title="bbox 208 2750 1791 2826">
     <span class='ocr_line' id='line_1_44' title="bbox 208 2750 1791 2826; baseline -0.004 -17"><span class='ocrx_word' id='word_1_284' title='bbox 208 2759 312 2820; x_wconf 81' lang='grc' dir='ltr'>τοῖς</span> <span class='ocrx_word' id='word_1_285' title='bbox 347 2756 575 2826; x_wconf 73' lang='grc' dir='ltr'>πέρασι.</span> <span class='ocrx_word' id='word_1_286' title='bbox 618 2753 841 2824; x_wconf 85' lang='grc' dir='ltr'><strong>Χρόνων</strong></span> <span class='ocrx_word' id='word_1_287' title='bbox 870 2753 927 2805; x_wconf 79' lang='grc' dir='ltr'><strong>δὲ</strong></span> <span class='ocrx_word' id='word_1_288' title='bbox 962 2750 1161 2804; x_wconf 83' lang='grc' dir='ltr'>ἱκανῶν</span> <span class='ocrx_word' id='word_1_289' title='bbox 1192 2751 1632 2814; x_wconf 82' lang='grc' dir='ltr'>διιππασάντων,</span> <span class='ocrx_word' id='word_1_290' title='bbox 1660 2750 1791 2802; x_wconf 80' lang='grc' dir='ltr'>ἁναο</span> 
     </span>
    </p>
   </div>
   <div class='ocr_carea' id='block_1_45' title="bbox 212 2841 1792 2917">
    <p class='ocr_par' dir='ltr' id='par_1_45' title="bbox 212 2841 1792 2917">
     <span class='ocr_line' id='line_1_45' title="bbox 212 2841 1792 2917; baseline -0.006 -14"><span class='ocrx_word' id='word_1_291' title='bbox 212 2851 403 2916; x_wconf 68' lang='grc' dir='ltr'>φύεται</span> <span class='ocrx_word' id='word_1_292' title='bbox 437 2847 584 2902; x_wconf 76' lang='grc' dir='ltr'>κατὰ</span> <span class='ocrx_word' id='word_1_293' title='bbox 618 2845 969 2917; x_wconf 77' lang='grc' dir='ltr'>συγχώρησιν</span> <span class='ocrx_word' id='word_1_294' title='bbox 993 2842 1126 2896; x_wconf 89' lang='grc' dir='ltr'>Θεοῦ</span> <span class='ocrx_word' id='word_1_295' title='bbox 1154 2843 1180 2894; x_wconf 78' lang='grc' dir='ltr'>ὁ</span> <span class='ocrx_word' id='word_1_296' title='bbox 1205 2841 1500 2912; x_wconf 83' lang='grc' dir='ltr'>ὁμώνυμος</span> <span class='ocrx_word' id='word_1_297' title='bbox 1528 2842 1623 2894; x_wconf 89' lang='grc' dir='ltr'><strong>τοῦ</strong></span> <span class='ocrx_word' id='word_1_298' title='bbox 1655 2858 1792 2912; x_wconf 85' lang='grc' dir='ltr'>προ-</span> 
     </span>
    </p>
   </div>
   <div class='ocr_carea' id='block_1_46' title="bbox 209 2934 1790 3014">
    <p class='ocr_par' dir='ltr' id='par_1_46' title="bbox 209 2934 1790 3014">
     <span class='ocr_line' id='line_1_46' title="bbox 209 2934 1790 3014; baseline -0.006 -17"><span class='ocrx_word' id='word_1_299' title='bbox 209 2947 366 3014; x_wconf 81' lang='grc' dir='ltr'>τέρου</span> <span class='ocrx_word' id='word_1_300' title='bbox 403 2945 583 3007; x_wconf 83' lang='grc' dir='ltr'>Λέων,</span> <span class='ocrx_word' id='word_1_301' title='bbox 613 2944 761 3004; x_wconf 85' lang='grc' dir='ltr'>ὅστις</span> <span class='ocrx_word' id='word_1_302' title='bbox 788 2939 1063 3011; x_wconf 80' lang='grc' dir='ltr'>παρευθὺς</span> <span class='ocrx_word' id='word_1_303' title='bbox 1097 2939 1197 3006; x_wconf 77' lang='grc' dir='ltr'>τῆς</span> <span class='ocrx_word' id='word_1_304' title='bbox 1244 2935 1664 3009; x_wconf 78' lang='grc' dir='ltr'>ἀναγορεύσεως</span> <span class='ocrx_word' id='word_1_305' title='bbox 1696 2934 1790 2988; x_wconf 83' lang='grc' dir='ltr'>αὑ·</span> 
     </span>
    </p>
   </div>
   <div class='ocr_carea' id='block_1_47' title="bbox 209 3028 1792 3104">
    <p class='ocr_par' dir='ltr' id='par_1_47' title="bbox 209 3028 1792 3104">
     <span class='ocr_line' id='line_1_47' title="bbox 209 3028 1792 3104; baseline -0.003 -17"><span class='ocrx_word' id='word_1_306' title='bbox 209 3036 300 3089; x_wconf 88' lang='grc' dir='ltr'><strong>τοῦ</strong></span> <span class='ocrx_word' id='word_1_307' title='bbox 336 3038 436 3099; x_wconf 76' lang='grc' dir='ltr'>τὰς</span> <span class='ocrx_word' id='word_1_308' title='bbox 480 3034 676 3104; x_wconf 85' lang='grc' dir='ltr'>τιμίας</span> <span class='ocrx_word' id='word_1_309' title='bbox 708 3031 952 3086; x_wconf 82' lang='grc' dir='ltr'>καθελὼν</span> <span class='ocrx_word' id='word_1_310' title='bbox 986 3031 1221 3095; x_wconf 78' lang='grc' dir='ltr'><strong>εἰκόνας,</strong></span> <span class='ocrx_word' id='word_1_311' title='bbox 1267 3031 1570 3100; x_wconf 74' lang='grc' dir='ltr'>ἠμαύρωσε</span> <span class='ocrx_word' id='word_1_312' title='bbox 1599 3028 1659 3083; x_wconf 82' lang='grc' dir='ltr'>τὸ</span> <span class='ocrx_word' id='word_1_313' title='bbox 1695 3028 1792 3098; x_wconf 85' lang='grc' dir='ltr'>τῆς</span> 
     </span>
    </p>
   </div>
   <div class='ocr_carea' id='block_1_48' title="bbox 222 3120 1796 3200">
    <p class='ocr_par' dir='ltr' id='par_1_48' title="bbox 222 3120 1796 3200">
     <span class='ocr_line' id='line_1_48' title="bbox 222 3120 1796 3200; baseline -0.005 -20"><span class='ocrx_word' id='word_1_314' title='bbox 222 3127 550 3200; x_wconf 75' lang='grc' dir='ltr'>Ἐκκλητίας</span> <span class='ocrx_word' id='word_1_315' title='bbox 581 3124 800 3186; x_wconf 75' lang='grc' dir='ltr'>κάλλος,</span> <span class='ocrx_word' id='word_1_316' title='bbox 835 3124 928 3177; x_wconf 87' lang='grc' dir='ltr'>ὲλυ</span> <span class='ocrx_word' id='word_1_317' title='bbox 940 3122 1145 3192; x_wconf 78' lang='grc' dir='ltr'>μήνατο</span> <span class='ocrx_word' id='word_1_318' title='bbox 1176 3120 1252 3179; x_wconf 81' lang='grc' dir='ltr'>ὥς</span> <span class='ocrx_word' id='word_1_319' title='bbox 1279 3139 1363 3185; x_wconf 91' lang='grc' dir='ltr'><strong>τις</strong></span> <span class='ocrx_word' id='word_1_320' title='bbox 1389 3123 1574 3189; x_wconf 75' lang='grc' dir='ltr'>μονιὸς</span> <span class='ocrx_word' id='word_1_321' title='bbox 1600 3120 1796 3191; x_wconf 75' lang='grc' dir='ltr'>ἄγριος</span> 
     </span>
    </p>
   </div>
   <div class='ocr_carea' id='block_1_49' title="bbox 211 3209 1794 3291">
    <p class='ocr_par' dir='ltr' id='par_1_49' title="bbox 211 3209 1794 3291">
     <span class='ocr_line' id='line_1_49' title="bbox 211 3209 1794 3291; baseline -0.004 -19"><span class='ocrx_word' id='word_1_322' title='bbox 211 3220 306 3291; x_wconf 81' lang='grc' dir='ltr'><strong>τὴν</strong></span> <span class='ocrx_word' id='word_1_323' title='bbox 333 3221 446 3274; x_wconf 83' lang='grc' dir='ltr'>τῶν</span> <span class='ocrx_word' id='word_1_324' title='bbox 476 3217 778 3290; x_wconf 80' lang='grc' dir='ltr'>ὀρθοδόξων</span> <span class='ocrx_word' id='word_1_325' title='bbox 814 3218 1108 3288; x_wconf 83' lang='grc' dir='ltr'>ὁμήγυριν,</span> <span class='ocrx_word' id='word_1_326' title='bbox 1141 3217 1233 3269; x_wconf 73' lang='grc' dir='ltr'><strong>καὶ</strong></span> <span class='ocrx_word' id='word_1_327' title='bbox 1263 3209 1332 3284; x_wconf 76' lang='grc' dir='ltr'><strong>ἦν</strong></span> <span class='ocrx_word' id='word_1_328' title='bbox 1372 3216 1574 3268; x_wconf 76' lang='grc' dir='ltr'>οἰκεῖον</span> <span class='ocrx_word' id='word_1_329' title='bbox 1607 3215 1794 3276; x_wconf 77' lang='grc' dir='ltr'>αὐτοῖς</span> 
     </span>
    </p>
   </div>
   <div class='ocr_carea' id='block_1_50' title="bbox 212 3305 1797 3381">
    <p class='ocr_par' dir='ltr' id='par_1_50' title="bbox 212 3305 1797 3381">
     <span class='ocr_line' id='line_1_50' title="bbox 212 3305 1797 3381; baseline -0.003 -17"><span class='ocrx_word' id='word_1_330' title='bbox 212 3314 270 3366; x_wconf 81' lang='grc' dir='ltr'><strong>τὸ</strong></span> <span class='ocrx_word' id='word_1_331' title='bbox 301 3315 516 3381; x_wconf 82' lang='grc' dir='ltr'>λέγειν·</span> <span class='ocrx_word' id='word_1_332' title='bbox 557 3331 575 3363; x_wconf 75' lang='grc' dir='ltr'>ί</span> <span class='ocrx_word' id='word_1_333' title='bbox 625 3313 682 3363; x_wconf 86' lang='grc' dir='ltr'>ὐ</span> <span class='ocrx_word' id='word_1_334' title='bbox 708 3310 861 3374; x_wconf 82' lang='grc' dir='ltr'>Θεὸς,</span> <span class='ocrx_word' id='word_1_335' title='bbox 898 3309 1134 3379; x_wconf 78' lang='grc' dir='ltr'>ἣλθοσαν</span> <span class='ocrx_word' id='word_1_336' title='bbox 1175 3307 1303 3376; x_wconf 79' lang='grc' dir='ltr'><strong>ἔθνη</strong></span> <span class='ocrx_word' id='word_1_337' title='bbox 1343 3309 1422 3371; x_wconf 80' lang='grc' dir='ltr'><strong>εἰς</strong></span> <span class='ocrx_word' id='word_1_338' title='bbox 1465 3307 1566 3377; x_wconf 79' lang='grc' dir='ltr'><strong>τὴν</strong></span> <span class='ocrx_word' id='word_1_339' title='bbox 1600 3305 1797 3377; x_wconf 81' lang='grc' dir='ltr'>κληρο-</span> 
     </span>
    </p>
   </div>
   <div class='ocr_carea' id='block_1_51' title="bbox 212 3396 1794 3473">
    <p class='ocr_par' dir='ltr' id='par_1_51' title="bbox 212 3396 1794 3473">
     <span class='ocr_line' id='line_1_51' title="bbox 212 3396 1794 3473; baseline -0.004 -17"><span class='ocrx_word' id='word_1_340' title='bbox 212 3405 404 3473; x_wconf 75' lang='grc' dir='ltr'>νομίαν</span> <span class='ocrx_word' id='word_1_341' title='bbox 441 3421 564 3470; x_wconf 88' lang='grc' dir='ltr'>σου,</span> <span class='ocrx_word' id='word_1_342' title='bbox 610 3422 629 3455; x_wconf 73' lang='grc' dir='ltr'><strong>ι</strong></span> <span class='ocrx_word' id='word_1_343' title='bbox 667 3402 762 3456; x_wconf 78' lang='grc' dir='ltr'>καὶ</span> <span class='ocrx_word' id='word_1_344' title='bbox 793 3403 858 3453; x_wconf 66' lang='grc' dir='ltr'>τὶ</span> <span class='ocrx_word' id='word_1_345' title='bbox 885 3400 1013 3471; x_wconf 78' lang='grc' dir='ltr'><strong>ἑξῆς</strong></span> <span class='ocrx_word' id='word_1_346' title='bbox 1036 3415 1053 3433; x_wconf 73' lang='grc' dir='ltr'><strong>ο</strong></span> <span class='ocrx_word' id='word_1_347' title='bbox 1084 3401 1211 3463; x_wconf 72' lang='grc' dir='ltr'>τοὺς</span> <span class='ocrx_word' id='word_1_348' title='bbox 1233 3399 1342 3470; x_wconf 83' lang='grc' dir='ltr'>γὰρ</span> <span class='ocrx_word' id='word_1_349' title='bbox 1379 3399 1481 3470; x_wconf 85' lang='grc' dir='ltr'><strong>τῆς</strong></span> <span class='ocrx_word' id='word_1_350' title='bbox 1513 3396 1794 3469; x_wconf 84' lang='grc' dir='ltr'>ὀρθοδὸξου</span> 
     </span>
    </p>
   </div>
   <div class='ocr_carea' id='block_1_52' title="bbox 214 3493 1798 3566">
    <p class='ocr_par' dir='ltr' id='par_1_52' title="bbox 214 3493 1798 3566">
     <span class='ocr_line' id='line_1_52' title="bbox 214 3493 1798 3566; baseline -0.004 -17"><span class='ocrx_word' id='word_1_351' title='bbox 214 3498 454 3559; x_wconf 75' lang='grc' dir='ltr'>πίστεως</span> <span class='ocrx_word' id='word_1_352' title='bbox 506 3496 828 3566; x_wconf 78' lang='grc' dir='ltr'>προμάχους</span> <span class='ocrx_word' id='word_1_353' title='bbox 877 3511 936 3546; x_wconf 86' lang='grc' dir='ltr'><strong>τε</strong></span> <span class='ocrx_word' id='word_1_354' title='bbox 987 3495 1080 3547; x_wconf 75' lang='grc' dir='ltr'>καί.</span> <span class='ocrx_word' id='word_1_355' title='bbox 1132 3494 1490 3564; x_wconf 79' lang='grc' dir='ltr'>ὑπερμάχους</span> <span class='ocrx_word' id='word_1_356' title='bbox 1546 3493 1798 3563; x_wconf 84' lang='grc' dir='ltr'>Πατέρας</span> 
     </span>
    </p>
   </div>
   <div class='ocr_carea' id='block_1_53' title="bbox 211 3585 1801 3658">
    <p class='ocr_par' dir='ltr' id='par_1_53' title="bbox 211 3585 1801 3658">
     <span class='ocr_line' id='line_1_53' title="bbox 211 3585 1801 3658; baseline -0.004 -12"><span class='ocrx_word' id='word_1_357' title='bbox 211 3595 439 3655; x_wconf 80' lang='grc' dir='ltr'>πολλαῖς</span> <span class='ocrx_word' id='word_1_358' title='bbox 473 3591 683 3654; x_wconf 76' lang='grc' dir='ltr'>αἰκίαις</span> <span class='ocrx_word' id='word_1_359' title='bbox 720 3592 812 3643; x_wconf 69' lang='grc' dir='ltr'><strong>καὶ</strong></span> <span class='ocrx_word' id='word_1_360' title='bbox 837 3589 1046 3658; x_wconf 73' lang='grc' dir='ltr'>θλίψεσι</span> <span class='ocrx_word' id='word_1_361' title='bbox 1077 3588 1501 3650; x_wconf 79' lang='grc' dir='ltr'>καθυποὸαλὼν,</span> <span class='ocrx_word' id='word_1_362' title='bbox 1530 3585 1801 3655; x_wconf 75' lang='grc' dir='ltr'>κακιγκά-</span> 
     </span>
    </p>
   </div>
   <div class='ocr_carea' id='block_1_54' title="bbox 211 3677 1800 3750">
    <p class='ocr_par' dir='ltr' id='par_1_54' title="bbox 211 3677 1800 3750">
     <span class='ocr_line' id='line_1_54' title="bbox 211 3677 1800 3750; baseline -0.004 -10"><span class='ocrx_word' id='word_1_363' title='bbox 211 3705 321 3750; x_wconf 90' lang='grc' dir='ltr'><strong>κως</strong></span> <span class='ocrx_word' id='word_1_364' title='bbox 354 3685 680 3739; x_wconf 81' lang='grc' dir='ltr'>ἀπώλεσεν·</span> <span class='ocrx_word' id='word_1_365' title='bbox 720 3687 776 3736; x_wconf 84' lang='grc' dir='ltr'><strong>ὲν</strong></span> <span class='ocrx_word' id='word_1_366' title='bbox 807 3677 887 3744; x_wconf 75' lang='grc' dir='ltr'>οἷς</span> <span class='ocrx_word' id='word_1_367' title='bbox 933 3683 1028 3736; x_wconf 68' lang='grc' dir='ltr'><strong>καὶ</strong></span> <span class='ocrx_word' id='word_1_368' title='bbox 1067 3681 1345 3750; x_wconf 86' lang='grc' dir='ltr'>Θεόδωρον</span> <span class='ocrx_word' id='word_1_369' title='bbox 1386 3682 1476 3734; x_wconf 74' lang='grc' dir='ltr'><strong>τὸν</strong></span> <span class='ocrx_word' id='word_1_370' title='bbox 1505 3680 1800 3734; x_wconf 85' lang='grc' dir='ltr'>ὁσιώτατον</span> 
     </span>
    </p>
   </div>
   <div class='ocr_carea' id='block_1_55' title="bbox 211 3772 1799 3849">
    <p class='ocr_par' dir='ltr' id='par_1_55' title="bbox 211 3772 1799 3849">
     <span class='ocr_line' id='line_1_55' title="bbox 211 3772 1799 3849; baseline -0.006 -16"><span class='ocrx_word' id='word_1_371' title='bbox 211 3780 524 3849; x_wconf 77' lang='grc' dir='ltr'>ἡγούμενον</span> <span class='ocrx_word' id='word_1_372' title='bbox 557 3776 666 3830; x_wconf 82' lang='grc' dir='ltr'>τῶν</span> <span class='ocrx_word' id='word_1_373' title='bbox 701 3775 977 3841; x_wconf 80' lang='grc' dir='ltr'>Στουδίου,</span> <span class='ocrx_word' id='word_1_374' title='bbox 1002 3774 1296 3841; x_wconf 75' lang='grc' dir='ltr'>ἐλέγξαντα</span> <span class='ocrx_word' id='word_1_375' title='bbox 1326 3772 1427 3844; x_wconf 82' lang='grc' dir='ltr'><strong>τὴν</strong></span> <span class='ocrx_word' id='word_1_376' title='bbox 1459 3774 1656 3824; x_wconf 85' lang='grc' dir='ltr'>τούτου</span> <span class='ocrx_word' id='word_1_377' title='bbox 1692 3789 1799 3842; x_wconf 89' lang='grc' dir='ltr'>μα-</span> 
     </span>
    </p>
   </div>
   <div class='ocr_carea' id='block_1_56' title="bbox 213 3862 1801 3941">
    <p class='ocr_par' dir='ltr' id='par_1_56' title="bbox 213 3862 1801 3941">
     <span class='ocr_line' id='line_1_56' title="bbox 213 3862 1801 3941; baseline -0.003 -18"><span class='ocrx_word' id='word_1_378' title='bbox 213 3871 621 3939; x_wconf 72' lang='grc' dir='ltr'>ταιογνωμίαν,</span> <span class='ocrx_word' id='word_1_379' title='bbox 660 3868 925 3941; x_wconf 82' lang='grc' dir='ltr'>χρονικῶς</span> <span class='ocrx_word' id='word_1_380' title='bbox 977 3867 1335 3938; x_wconf 76' lang='grc' dir='ltr'>αἰκισάμενος</span> <span class='ocrx_word' id='word_1_381' title='bbox 1385 3862 1577 3937; x_wconf 72' lang='grc' dir='ltr'>εξορίᾳ</span> <span class='ocrx_word' id='word_1_382' title='bbox 1622 3865 1801 3936; x_wconf 78' lang='grc' dir='ltr'>παρέ·</span> 
     </span>
    </p>
   </div>
   <div class='ocr_carea' id='block_1_57' title="bbox 210 3956 1802 4029">
    <p class='ocr_par' dir='ltr' id='par_1_57' title="bbox 210 3956 1802 4029">
     <span class='ocr_line' id='line_1_57' title="bbox 210 3956 1802 4029; baseline -0.002 -16"><span class='ocrx_word' id='word_1_383' title='bbox 210 3962 420 4029; x_wconf 73' lang='grc' dir='ltr'>πεμψε.</span> <span class='ocrx_word' id='word_1_384' title='bbox 489 3959 656 4027; x_wconf 78' lang='grc' dir='ltr'>Δολία</span> <span class='ocrx_word' id='word_1_385' title='bbox 703 3959 758 4010; x_wconf 76' lang='grc' dir='ltr'><strong>δὲ</strong></span> <span class='ocrx_word' id='word_1_386' title='bbox 809 3957 1002 4029; x_wconf 77' lang='grc' dir='ltr'>γνώμῃ</span> <span class='ocrx_word' id='word_1_387' title='bbox 1065 3958 1453 4028; x_wconf 81' lang='grc' dir='ltr'>χρησάμενος,</span> <span class='ocrx_word' id='word_1_388' title='bbox 1506 3956 1802 4028; x_wconf 81' lang='grc' dir='ltr'>γράμμασι</span> 
     </span>
    </p>
   </div>
   <div class='ocr_carea' id='block_1_58' title="bbox 211 4047 1804 4121">
    <p class='ocr_par' dir='ltr' id='par_1_58' title="bbox 211 4047 1804 4121">
     <span class='ocr_line' id='line_1_58' title="bbox 211 4047 1804 4121; baseline -0.003 -14"><span class='ocrx_word' id='word_1_389' title='bbox 211 4052 586 4113; x_wconf 79' lang='grc' dir='ltr'>θωπευτικοῖς</span> <span class='ocrx_word' id='word_1_390' title='bbox 648 4048 787 4117; x_wconf 75' lang='grc' dir='ltr'>πρὸς</span> <span class='ocrx_word' id='word_1_391' title='bbox 842 4050 932 4101; x_wconf 79' lang='grc' dir='ltr'>τὸν</span> <span class='ocrx_word' id='word_1_392' title='bbox 989 4049 1258 4119; x_wconf 86' lang='grc' dir='ltr'>μακάριον</span> <span class='ocrx_word' id='word_1_393' title='bbox 1312 4049 1631 4118; x_wconf 67' lang='grc' dir='ltr'>Θεοφάνην,</span> <span class='ocrx_word' id='word_1_394' title='bbox 1681 4047 1804 4121; x_wconf 70' lang='grc' dir='ltr'>ᾔτει</span> 
     </span>
    </p>
   </div>
   <div class='ocr_carea' id='block_1_59' title="bbox 211 4137 1804 4213">
    <p class='ocr_par' dir='ltr' id='par_1_59' title="bbox 211 4137 1804 4213">
     <span class='ocr_line' id='line_1_59' title="bbox 211 4137 1804 4213; baseline -0.001 -17"><span class='ocrx_word' id='word_1_395' title='bbox 211 4161 273 4196; x_wconf 87' lang='grc' dir='ltr'><strong>συ</strong></span> <span class='ocrx_word' id='word_1_396' title='bbox 283 4144 663 4213; x_wconf 65' lang='grc' dir='ltr'>μφωνήσοντα</span> <span class='ocrx_word' id='word_1_397' title='bbox 685 4141 752 4208; x_wconf 81' lang='grc' dir='ltr'>τῇ</span> <span class='ocrx_word' id='word_1_398' title='bbox 776 4137 966 4190; x_wconf 86' lang='grc' dir='ltr'>τούτου</span> <span class='ocrx_word' id='word_1_399' title='bbox 991 4140 1249 4208; x_wconf 73' lang='grc' dir='ltr'>κακονοίᾳ</span> <span class='ocrx_word' id='word_1_400' title='bbox 1274 4141 1413 4208; x_wconf 76' lang='grc' dir='ltr'>πρὸς</span> <span class='ocrx_word' id='word_1_401' title='bbox 1439 4141 1600 4194; x_wconf 67' lang='grc' dir='ltr'>αὐτὸν</span> <span class='ocrx_word' id='word_1_402' title='bbox 1625 4141 1804 4212; x_wconf 75' lang='grc' dir='ltr'>ἥκειν.</span> 
     </span>
    </p>
   </div>
   <div class='ocr_carea' id='block_1_60' title="bbox 222 4229 1639 4308">
    <p class='ocr_par' dir='ltr' id='par_1_60' title="bbox 222 4229 1639 4308">
     <span class='ocr_line' id='line_1_60' title="bbox 222 4229 1639 4308; baseline -0.006 -17"><span class='ocrx_word' id='word_1_403' title='bbox 222 4235 282 4291; x_wconf 81' lang='grc'><strong>’0</strong></span> <span class='ocrx_word' id='word_1_404' title='bbox 307 4237 366 4291; x_wconf 69' lang='grc' dir='ltr'><strong>δὲ</strong></span> <span class='ocrx_word' id='word_1_405' title='bbox 406 4236 688 4308; x_wconf 76' lang='grc' dir='ltr'>μακάριος</span> <span class='ocrx_word' id='word_1_406' title='bbox 721 4233 1078 4304; x_wconf 80' lang='grc' dir='ltr'>ἀντιγράφοις</span> <span class='ocrx_word' id='word_1_407' title='bbox 1107 4229 1382 4304; x_wconf 70' lang='grc' dir='ltr'>ἠμείψατο</span> <span class='ocrx_word' id='word_1_408' title='bbox 1418 4233 1596 4284; x_wconf 78' lang='grc' dir='ltr'>τοῖσδε</span> <span class='ocrx_word' id='word_1_409' title='bbox 1626 4249 1639 4261; x_wconf 90' lang='grc'><strong>·</strong></span> 
     </span>
    </p>
   </div>
   <div class='ocr_carea' id='block_1_61' title="bbox 283 4419 1808 4494">
    <p class='ocr_par' dir='ltr' id='par_1_61' title="bbox 283 4419 1808 4494">
     <span class='ocr_line' id='line_1_61' title="bbox 283 4419 1808 4494; baseline -0.005 -13"><span class='ocrx_word' id='word_1_410' title='bbox 283 4429 406 4494; x_wconf 69' lang='lat' dir='ltr'><strong>IC’.</strong></span> <span class='ocrx_word' id='word_1_411' title='bbox 456 4423 778 4490; x_wconf 78' lang='grc' dir='ltr'>Ἐπίγνωθι,</span> <span class='ocrx_word' id='word_1_412' title='bbox 826 4422 1069 4491; x_wconf 82' lang='grc' dir='ltr'>βασιλεῦ,</span> <span class='ocrx_word' id='word_1_413' title='bbox 1117 4421 1208 4473; x_wconf 78' lang='grc' dir='ltr'><strong>τόν</strong></span> <span class='ocrx_word' id='word_1_414' title='bbox 1253 4437 1336 4473; x_wconf 92' lang='grc' dir='ltr'><strong>σοι</strong></span> <span class='ocrx_word' id='word_1_415' title='bbox 1382 4419 1479 4489; x_wconf 78' lang='grc' dir='ltr'>τὴν</span> <span class='ocrx_word' id='word_1_416' title='bbox 1530 4419 1808 4490; x_wconf 75' lang='grc' dir='ltr'>βασιλείαν</span> 
     </span>
    </p>
   </div>
   <div class='ocr_carea' id='block_1_62' title="bbox 209 4506 1806 4590">
    <p class='ocr_par' dir='ltr' id='par_1_62' title="bbox 209 4506 1806 4590">
     <span class='ocr_line' id='line_1_62' title="bbox 209 4506 1806 4590; baseline -0.005 -16"><span class='ocrx_word' id='word_1_417' title='bbox 209 4518 621 4590; x_wconf 79' lang='grc' dir='ltr'>χαρισάμενον,</span> <span class='ocrx_word' id='word_1_418' title='bbox 671 4512 741 4566; x_wconf 83' lang='grc' dir='ltr'>δι’</span> <span class='ocrx_word' id='word_1_419' title='bbox 775 4506 837 4566; x_wconf 78' lang='grc' dir='ltr'><strong>οῦ</strong></span> <span class='ocrx_word' id='word_1_420' title='bbox 892 4513 1130 4583; x_wconf 75' lang='grc' dir='ltr'>βασιλεῖς</span> <span class='ocrx_word' id='word_1_421' title='bbox 1175 4511 1521 4579; x_wconf 80' lang='grc' dir='ltr'>βασιλεύουσι</span> <span class='ocrx_word' id='word_1_422' title='bbox 1576 4513 1670 4566; x_wconf 83' lang='grc' dir='ltr'><strong>καί</strong></span> <span class='ocrx_word' id='word_1_423' title='bbox 1712 4512 1806 4567; x_wconf 55' lang='lat' dir='ltr'><strong>to.</strong></span> 
     </span>
    </p>
   </div>
   <div class='ocr_carea' id='block_1_63' title="bbox 1882 2027 3454 2096">
    <p class='ocr_par' dir='ltr' id='par_1_63' title="bbox 1882 2027 3454 2096">
     <span class='ocr_line' id='line_1_63' title="bbox 1882 2027 3454 2096; baseline 0.001 -14"><span class='ocrx_word' id='word_1_424' title='bbox 1882 2043 1940 2082; x_wconf 89' lang='lat' dir='ltr'><strong>se</strong></span> <span class='ocrx_word' id='word_1_425' title='bbox 1972 2027 2275 2092; x_wconf 78' lang='lat' dir='ltr'><strong>fundatum,</strong></span> <span class='ocrx_word' id='word_1_426' title='bbox 2317 2028 2524 2096; x_wconf 78' lang='lat' dir='ltr'><strong>ipsique</strong></span> <span class='ocrx_word' id='word_1_427' title='bbox 2553 2028 2884 2081; x_wconf 87' lang='lat' dir='ltr'><strong>simillimum</strong></span> <span class='ocrx_word' id='word_1_428' title='bbox 2925 2030 3087 2083; x_wconf 74' lang='lat' dir='ltr'><strong>cmlo.</strong></span> <span class='ocrx_word' id='word_1_429' title='bbox 3118 2027 3188 2084; x_wconf 87' lang='lat' dir='ltr'><strong>Ut</strong></span> <span class='ocrx_word' id='word_1_430' title='bbox 3224 2032 3366 2085; x_wconf 87' lang='lat' dir='ltr'><strong>enim</strong></span> <span class='ocrx_word' id='word_1_431' title='bbox 3403 2032 3454 2084; x_wconf 88' lang='lat' dir='ltr'><strong>in</strong></span> 
     </span>
    </p>
   </div>
   <div class='ocr_carea' id='block_1_64' title="bbox 1881 2119 3457 2181">
    <p class='ocr_par' dir='ltr' id='par_1_64' title="bbox 1881 2119 3457 2181">
     <span class='ocr_line' id='line_1_64' title="bbox 1881 2119 3457 2181; baseline 0.001 -9"><span class='ocrx_word' id='word_1_432' title='bbox 1881 2119 2019 2172; x_wconf 71' lang='lat' dir='ltr'><strong>c&#39;uzlo</strong></span> <span class='ocrx_word' id='word_1_433' title='bbox 2067 2120 2144 2172; x_wconf 88' lang='lat' dir='ltr'><strong>sol</strong></span> <span class='ocrx_word' id='word_1_434' title='bbox 2188 2135 2308 2172; x_wconf 85' lang='lat' dir='ltr'><strong>cum</strong></span> <span class='ocrx_word' id='word_1_435' title='bbox 2341 2121 2501 2173; x_wconf 84' lang='lat' dir='ltr'><strong>astris</strong></span> <span class='ocrx_word' id='word_1_436' title='bbox 2548 2120 2712 2181; x_wconf 86' lang='lat' dir='ltr'><strong>lucet,</strong></span> <span class='ocrx_word' id='word_1_437' title='bbox 2760 2120 2946 2173; x_wconf 86' lang='lat' dir='ltr'><strong>orbem</strong></span> <span class='ocrx_word' id='word_1_438' title='bbox 2997 2123 3308 2174; x_wconf 87' lang='lat' dir='ltr'><strong>illuminans</strong></span> <span class='ocrx_word' id='word_1_439' title='bbox 3338 2125 3457 2175; x_wconf 87' lang='lat' dir='ltr'><strong>uni-</strong></span> 
     </span>
    </p>
   </div>
   <div class='ocr_carea' id='block_1_65' title="bbox 1885 2209 3456 2282">
    <p class='ocr_par' dir='ltr' id='par_1_65' title="bbox 1885 2209 3456 2282">
     <span class='ocr_line' id='line_1_65' title="bbox 1885 2209 3456 2282; baseline 0.002 -21"><span class='ocrx_word' id='word_1_440' title='bbox 1885 2226 2100 2263; x_wconf 87' lang='lat' dir='ltr'><strong>versum</strong></span> <span class='ocrx_word' id='word_1_441' title='bbox 2132 2209 2508 2265; x_wconf 87' lang='lat' dir='ltr'><strong>illnstrationis</strong></span> <span class='ocrx_word' id='word_1_442' title='bbox 2543 2225 2658 2282; x_wconf 70' lang='lat' dir='ltr'><strong>suae</strong></span> <span class='ocrx_word' id='word_1_443' title='bbox 2702 2211 2983 2279; x_wconf 86' lang='lat' dir='ltr'><strong>splendore</strong></span> <span class='ocrx_word' id='word_1_444' title='bbox 3017 2229 3030 2264; x_wconf 88' lang='lat'><strong>:</strong></span> <span class='ocrx_word' id='word_1_445' title='bbox 3066 2212 3252 2268; x_wconf 89' lang='lat' dir='ltr'><strong>eodem</strong></span> <span class='ocrx_word' id='word_1_446' title='bbox 3300 2217 3456 2267; x_wconf 87' lang='lat' dir='ltr'><strong>modo</strong></span> 
     </span>
    </p>
   </div>
   <div class='ocr_carea' id='block_1_66' title="bbox 1886 2303 3457 2368">
    <p class='ocr_par' dir='ltr' id='par_1_66' title="bbox 1886 2303 3457 2368">
     <span class='ocr_line' id='line_1_66' title="bbox 1886 2303 3457 2368; baseline -0.001 -10"><span class='ocrx_word' id='word_1_447' title='bbox 1886 2304 1937 2358; x_wconf 91' lang='lat' dir='ltr'><strong>in</strong></span> <span class='ocrx_word' id='word_1_448' title='bbox 1971 2315 2112 2358; x_wconf 85' lang='lat' dir='ltr'><strong>terra</strong></span> <span class='ocrx_word' id='word_1_449' title='bbox 2156 2305 2364 2368; x_wconf 87' lang='lat' dir='ltr'><strong>beatus,</strong></span> <span class='ocrx_word' id='word_1_450' title='bbox 2400 2319 2520 2357; x_wconf 90' lang='lat' dir='ltr'><strong>cum</strong></span> <span class='ocrx_word' id='word_1_451' title='bbox 2547 2304 2658 2357; x_wconf 88' lang='lat' dir='ltr'><strong>suis</strong></span> <span class='ocrx_word' id='word_1_452' title='bbox 2687 2303 2738 2356; x_wconf 90' lang='lat' dir='ltr'><strong>in</strong></span> <span class='ocrx_word' id='word_1_453' title='bbox 2768 2304 2958 2368; x_wconf 87' lang='lat' dir='ltr'><strong>spiritu</strong></span> <span class='ocrx_word' id='word_1_454' title='bbox 2993 2305 3219 2359; x_wconf 81' lang='lat' dir='ltr'><strong>delectis</strong></span> <span class='ocrx_word' id='word_1_455' title='bbox 3265 2322 3457 2358; x_wconf 88' lang='lat' dir='ltr'><strong>mona-</strong></span> 
     </span>
    </p>
   </div>
   <div class='ocr_carea' id='block_1_67' title="bbox 1884 2395 3456 2464">
    <p class='ocr_par' dir='ltr' id='par_1_67' title="bbox 1884 2395 3456 2464">
     <span class='ocr_line' id='line_1_67' title="bbox 1884 2395 3456 2464; baseline 0 -13"><span class='ocrx_word' id='word_1_456' title='bbox 1884 2398 2022 2459; x_wconf 82' lang='lat' dir='ltr'><strong>chis,</strong></span> <span class='ocrx_word' id='word_1_457' title='bbox 2057 2407 2109 2449; x_wconf 88' lang='lat' dir='ltr'><strong>et</strong></span> <span class='ocrx_word' id='word_1_458' title='bbox 2145 2397 2192 2448; x_wconf 91' lang='lat' dir='ltr'><strong>in</strong></span> <span class='ocrx_word' id='word_1_459' title='bbox 2227 2406 2416 2449; x_wconf 81' lang='lat' dir='ltr'><strong>sancto</strong></span> <span class='ocrx_word' id='word_1_460' title='bbox 2449 2410 2620 2462; x_wconf 77' lang='lat' dir='ltr'><strong>agone</strong></span> <span class='ocrx_word' id='word_1_461' title='bbox 2655 2395 2951 2458; x_wconf 76' lang='lat' dir='ltr'><strong>sodalibus,</strong></span> <span class='ocrx_word' id='word_1_462' title='bbox 2975 2398 3070 2450; x_wconf 85' lang='lat' dir='ltr'><strong>toti</strong></span> <span class='ocrx_word' id='word_1_463' title='bbox 3107 2398 3456 2464; x_wconf 82' lang='lat' dir='ltr'><strong>resplendens</strong></span> 
     </span>
    </p>
   </div>
   <div class='ocr_carea' id='block_1_68' title="bbox 1887 2487 3460 2561">
    <p class='ocr_par' dir='ltr' id='par_1_68' title="bbox 1887 2487 3460 2561">
     <span class='ocr_line' id='line_1_68' title="bbox 1887 2487 3460 2561; baseline 0 -17"><span class='ocrx_word' id='word_1_464' title='bbox 1887 2490 2027 2555; x_wconf 88' lang='lat' dir='ltr'><strong>orbi,</strong></span> <span class='ocrx_word' id='word_1_465' title='bbox 2070 2505 2191 2544; x_wconf 86' lang='lat' dir='ltr'><strong>eum</strong></span> <span class='ocrx_word' id='word_1_466' title='bbox 2243 2487 2497 2558; x_wconf 65' lang='lat' dir='ltr'><strong>angelicae</strong></span> <span class='ocrx_word' id='word_1_467' title='bbox 2543 2503 2651 2541; x_wconf 70' lang='lat' dir='ltr'><strong>sua:</strong></span> <span class='ocrx_word' id='word_1_468' title='bbox 2688 2489 3114 2544; x_wconf 82' lang='lat' dir='ltr'><strong>conversationis</strong></span> <span class='ocrx_word' id='word_1_469' title='bbox 3159 2488 3460 2561; x_wconf 79' lang='lat' dir='ltr'><strong>fulgoribus</strong></span> 
     </span>
    </p>
   </div>
   <div class='ocr_carea' id='block_1_69' title="bbox 1889 2584 2212 2637">
    <p class='ocr_par' dir='ltr' id='par_1_69' title="bbox 1889 2584 2212 2637">
     <span class='ocr_line' id='line_1_69' title="bbox 1889 2584 2212 2637; baseline -0.012 0"><span class='ocrx_word' id='word_1_470' title='bbox 1889 2584 2212 2637; x_wconf 68' lang='lat' dir='ltr'><strong>“lustrabat.</strong></span> 
     </span>
    </p>
   </div>
   <div class='ocr_carea' id='block_1_70' title="bbox 1967 2672 3460 2743">
    <p class='ocr_par' dir='ltr' id='par_1_70' title="bbox 1967 2672 3460 2743">
     <span class='ocr_line' id='line_1_70' title="bbox 1967 2672 3460 2743; baseline -0.001 -14"><span class='ocrx_word' id='word_1_471' title='bbox 1967 2675 2074 2729; x_wconf 68' lang='lat' dir='ltr'><strong>XV.</strong></span> <span class='ocrx_word' id='word_1_472' title='bbox 2115 2672 2560 2730; x_wconf 80' lang='lat' dir='ltr'><strong>DilTnudebantur</strong></span> <span class='ocrx_word' id='word_1_473' title='bbox 2595 2672 2757 2741; x_wconf 78' lang='lat' dir='ltr'><strong>igitur</strong></span> <span class='ocrx_word' id='word_1_474' title='bbox 2800 2688 3230 2743; x_wconf 89' lang='lat' dir='ltr'><strong>quaquaversum</strong></span> <span class='ocrx_word' id='word_1_475' title='bbox 3269 2677 3460 2728; x_wconf 81' lang='lat' dir='ltr'><strong>ortho-</strong></span> 
     </span>
    </p>
   </div>
   <div class='ocr_carea' id='block_1_71' title="bbox 1891 2767 3458 2835">
    <p class='ocr_par' dir='ltr' id='par_1_71' title="bbox 1891 2767 3458 2835">
     <span class='ocr_line' id='line_1_71' title="bbox 1891 2767 3458 2835; baseline -0.004 -9"><span class='ocrx_word' id='word_1_476' title='bbox 1891 2771 2064 2826; x_wconf 75' lang='lat' dir='ltr'><strong>doxitn</strong></span> <span class='ocrx_word' id='word_1_477' title='bbox 2125 2769 2446 2834; x_wconf 82' lang='lat' dir='ltr'><strong>radii:post</strong></span> <span class='ocrx_word' id='word_1_478' title='bbox 2522 2781 2785 2820; x_wconf 84' lang='lat' dir='ltr'><strong>annorum</strong></span> <span class='ocrx_word' id='word_1_479' title='bbox 2861 2783 2992 2822; x_wconf 86' lang='lat' dir='ltr'><strong>vcro</strong></span> <span class='ocrx_word' id='word_1_480' title='bbox 3063 2767 3458 2835; x_wconf 83' lang='lat' dir='ltr'><strong>aliquantorum</strong></span> 
     </span>
    </p>
   </div>
   <div class='ocr_carea' id='block_1_72' title="bbox 1891 2858 3467 2929">
    <p class='ocr_par' dir='ltr' id='par_1_72' title="bbox 1891 2858 3467 2929">
     <span class='ocr_line' id='line_1_72' title="bbox 1891 2858 3467 2929; baseline -0.001 -13"><span class='ocrx_word' id='word_1_481' title='bbox 1891 2863 2175 2916; x_wconf 84' lang='lat' dir='ltr'><strong>decursum</strong></span> <span class='ocrx_word' id='word_1_482' title='bbox 2203 2860 2380 2912; x_wconf 84' lang='lat' dir='ltr'><strong>divina</strong></span> <span class='ocrx_word' id='word_1_483' title='bbox 2413 2858 2772 2927; x_wconf 87' lang='lat' dir='ltr'><strong>permissione</strong></span> <span class='ocrx_word' id='word_1_484' title='bbox 2801 2861 3034 2913; x_wconf 76' lang='lat' dir='ltr'><strong>surrexit</strong></span> <span class='ocrx_word' id='word_1_485' title='bbox 3069 2861 3230 2929; x_wconf 87' lang='lat' dir='ltr'><strong>priori</strong></span> <span class='ocrx_word' id='word_1_486' title='bbox 3268 2875 3467 2928; x_wconf 68' lang='lat' dir='ltr'><strong>cogno-</strong></span> 
     </span>
    </p>
   </div>
   <div class='ocr_carea' id='block_1_73' title="bbox 1895 2951 3468 3021">
    <p class='ocr_par' dir='ltr' id='par_1_73' title="bbox 1895 2951 3468 3021">
     <span class='ocr_line' id='line_1_73' title="bbox 1895 2951 3468 3021; baseline -0.003 -13"><span class='ocrx_word' id='word_1_487' title='bbox 1895 2955 2056 3008; x_wconf 90' lang='lat' dir='ltr'><strong>minis</strong></span> <span class='ocrx_word' id='word_1_488' title='bbox 2103 2951 2232 3018; x_wconf 88' lang='lat' dir='ltr'><strong>Leo,</strong></span> <span class='ocrx_word' id='word_1_489' title='bbox 2260 2952 2352 3020; x_wconf 91' lang='lat' dir='ltr'><strong>qui</strong></span> <span class='ocrx_word' id='word_1_490' title='bbox 2401 2953 2586 3004; x_wconf 86' lang='lat' dir='ltr'><strong>statim</strong></span> <span class='ocrx_word' id='word_1_491' title='bbox 2631 2961 2688 3002; x_wconf 91' lang='lat' dir='ltr'><strong>ut</strong></span> <span class='ocrx_word' id='word_1_492' title='bbox 2720 2951 3025 3007; x_wconf 82' lang='lat' dir='ltr'><strong>declaratus</strong></span> <span class='ocrx_word' id='word_1_493' title='bbox 3050 2965 3129 3007; x_wconf 79' lang='lat' dir='ltr'><strong>est</strong></span> <span class='ocrx_word' id='word_1_494' title='bbox 3156 2955 3468 3021; x_wconf 86' lang='lat' dir='ltr'><strong>imperator,</strong></span> 
     </span>
    </p>
   </div>
   <div class='ocr_carea' id='block_1_74' title="bbox 1896 3043 3471 3113">
    <p class='ocr_par' dir='ltr' id='par_1_74' title="bbox 1896 3043 3471 3113">
     <span class='ocr_line' id='line_1_74' title="bbox 1896 3043 3471 3113; baseline -0.002 -12"><span class='ocrx_word' id='word_1_495' title='bbox 1896 3061 2083 3101; x_wconf 85' lang='lat' dir='ltr'><strong>sacras</strong></span> <span class='ocrx_word' id='word_1_496' title='bbox 2111 3044 2372 3113; x_wconf 79' lang='lat' dir='ltr'><strong>imagines</strong></span> <span class='ocrx_word' id='word_1_497' title='bbox 2403 3043 2643 3098; x_wconf 85' lang='lat' dir='ltr'><strong>snbverti</strong></span> <span class='ocrx_word' id='word_1_498' title='bbox 2691 3046 3031 3112; x_wconf 65' lang='lat' dir='ltr'><strong>praecipiens,</strong></span> <span class='ocrx_word' id='word_1_499' title='bbox 3069 3046 3324 3099; x_wconf 67' lang='lat' dir='ltr'><strong>Ecclesiae</strong></span> <span class='ocrx_word' id='word_1_500' title='bbox 3353 3046 3471 3111; x_wconf 65' lang='lat' dir='ltr'><strong>pulo</strong></span> 
     </span>
    </p>
   </div>
   <div class='ocr_carea' id='block_1_75' title="bbox 1897 3136 3473 3207">
    <p class='ocr_par' dir='ltr' id='par_1_75' title="bbox 1897 3136 3473 3207">
     <span class='ocr_line' id='line_1_75' title="bbox 1897 3136 3473 3207; baseline -0.001 -14"><span class='ocrx_word' id='word_1_501' title='bbox 1897 3137 2263 3193; x_wconf 85' lang='lat' dir='ltr'><strong>chritudiuem</strong></span> <span class='ocrx_word' id='word_1_502' title='bbox 2327 3136 2608 3202; x_wconf 75' lang='lat' dir='ltr'><strong>exsdnxit,</strong></span> <span class='ocrx_word' id='word_1_503' title='bbox 2669 3149 2723 3194; x_wconf 89' lang='lat' dir='ltr'><strong>et</strong></span> <span class='ocrx_word' id='word_1_504' title='bbox 2798 3148 3053 3205; x_wconf 89' lang='lat' dir='ltr'><strong>tanquam</strong></span> <span class='ocrx_word' id='word_1_505' title='bbox 3141 3137 3286 3190; x_wconf 81' lang='lat' dir='ltr'><strong>ferus</strong></span> <span class='ocrx_word' id='word_1_506' title='bbox 3343 3154 3473 3207; x_wconf 85' lang='lat' dir='ltr'><strong>aper</strong></span> 
     </span>
    </p>
   </div>
   <div class='ocr_carea' id='block_1_76' title="bbox 1903 3227 3473 3299">
    <p class='ocr_par' dir='ltr' id='par_1_76' title="bbox 1903 3227 3473 3299">
     <span class='ocr_line' id='line_1_76' title="bbox 1903 3227 3473 3299; baseline -0.001 -14"><span class='ocrx_word' id='word_1_507' title='bbox 1903 3231 2090 3290; x_wconf 79' lang='lat' dir='ltr'><strong>aﬂlixit</strong></span> <span class='ocrx_word' id='word_1_508' title='bbox 2147 3238 2343 3284; x_wconf 68' lang='lat' dir='ltr'><strong>caelum</strong></span> <span class='ocrx_word' id='word_1_509' title='bbox 2399 3227 2850 3294; x_wconf 76' lang='lat' dir='ltr'><strong>ertbodoxorum,</strong></span> <span class='ocrx_word' id='word_1_510' title='bbox 2908 3231 3104 3299; x_wconf 84' lang='lat' dir='ltr'><strong>quibus</strong></span> <span class='ocrx_word' id='word_1_511' title='bbox 3160 3245 3284 3284; x_wconf 89' lang='lat' dir='ltr'><strong>vere</strong></span> <span class='ocrx_word' id='word_1_512' title='bbox 3345 3241 3473 3283; x_wconf 90' lang='lat' dir='ltr'><strong>tunc</strong></span> 
     </span>
    </p>
   </div>
   <div class='ocr_carea' id='block_1_77' title="bbox 1901 3321 3473 3389">
    <p class='ocr_par' dir='ltr' id='par_1_77' title="bbox 1901 3321 3473 3389">
     <span class='ocr_line' id='line_1_77' title="bbox 1901 3321 3473 3389; baseline -0.001 -13"><span class='ocrx_word' id='word_1_513' title='bbox 1901 3325 2078 3377; x_wconf 84' lang='lat' dir='ltr'><strong>dicere</strong></span> <span class='ocrx_word' id='word_1_514' title='bbox 2133 3322 2326 3376; x_wconf 88' lang='lat' dir='ltr'><strong>licebat</strong></span> <span class='ocrx_word' id='word_1_515' title='bbox 2360 3338 2375 3375; x_wconf 88' lang='lat'><strong>:</strong></span> <span class='ocrx_word' id='word_1_516' title='bbox 2417 3340 2434 3371; x_wconf 80' lang='grc' dir='ltr'><strong>ι</strong></span> <span class='ocrx_word' id='word_1_517' title='bbox 2464 3322 2628 3385; x_wconf 79' lang='lat' dir='ltr'><strong>Deus,</strong></span> <span class='ocrx_word' id='word_1_518' title='bbox 2677 3331 2943 3375; x_wconf 88' lang='lat' dir='ltr'><strong>venerunt</strong></span> <span class='ocrx_word' id='word_1_519' title='bbox 2987 3332 3174 3389; x_wconf 82' lang='lat' dir='ltr'><strong>gentes</strong></span> <span class='ocrx_word' id='word_1_520' title='bbox 3216 3321 3266 3374; x_wconf 90' lang='lat' dir='ltr'><strong>in</strong></span> <span class='ocrx_word' id='word_1_521' title='bbox 3299 3323 3473 3378; x_wconf 72' lang='lat' dir='ltr'><strong>luere-</strong></span> 
     </span>
    </p>
   </div>
   <div class='ocr_carea' id='block_1_78' title="bbox 1899 3409 3474 3480">
    <p class='ocr_par' dir='ltr' id='par_1_78' title="bbox 1899 3409 3474 3480">
     <span class='ocr_line' id='line_1_78' title="bbox 1899 3409 3474 3480; baseline -0.001 -14"><span class='ocrx_word' id='word_1_522' title='bbox 1899 3413 2119 3468; x_wconf 85' lang='lat' dir='ltr'><strong>ditatem</strong></span> <span class='ocrx_word' id='word_1_523' title='bbox 2153 3420 2300 3465; x_wconf 87' lang='lat' dir='ltr'><strong>tuam</strong></span> <span class='ocrx_word' id='word_1_524' title='bbox 2325 3411 2368 3474; x_wconf 83' lang='grc'>⁸,</span> <span class='ocrx_word' id='word_1_525' title='bbox 2414 3431 2434 3462; x_wconf 75' lang='grc' dir='ltr'>ν</span> <span class='ocrx_word' id='word_1_526' title='bbox 2472 3421 2524 3464; x_wconf 88' lang='lat' dir='ltr'><strong>et</strong></span> <span class='ocrx_word' id='word_1_527' title='bbox 2554 3426 2616 3465; x_wconf 86' lang='lat' dir='ltr'><strong>ea</strong></span> <span class='ocrx_word' id='word_1_528' title='bbox 2645 3424 2765 3480; x_wconf 67' lang='lat' dir='ltr'><strong>quae</strong></span> <span class='ocrx_word' id='word_1_529' title='bbox 2791 3422 3113 3479; x_wconf 88' lang='lat' dir='ltr'><strong>sequuntur.</strong></span> <span class='ocrx_word' id='word_1_530' title='bbox 3144 3409 3474 3465; x_wconf 70' lang='lat' dir='ltr'><strong>Ortbodoxre</strong></span> 
     </span>
    </p>
   </div>
   <div class='ocr_carea' id='block_1_79' title="bbox 1900 3502 3475 3572">
    <p class='ocr_par' dir='ltr' id='par_1_79' title="bbox 1900 3502 3475 3572">
     <span class='ocr_line' id='line_1_79' title="bbox 1900 3502 3475 3572; baseline -0.001 -14"><span class='ocrx_word' id='word_1_531' title='bbox 1900 3505 2041 3558; x_wconf 90' lang='lat' dir='ltr'><strong>enim</strong></span> <span class='ocrx_word' id='word_1_532' title='bbox 2111 3503 2234 3557; x_wconf 81' lang='lat' dir='ltr'><strong>ﬁdei</strong></span> <span class='ocrx_word' id='word_1_533' title='bbox 2302 3502 2611 3558; x_wconf 79' lang='lat' dir='ltr'><strong>deiensores</strong></span> <span class='ocrx_word' id='word_1_534' title='bbox 2682 3511 3225 3572; x_wconf 82' lang='lat' dir='ltr'><strong>propugnatoresque</strong></span> <span class='ocrx_word' id='word_1_535' title='bbox 3289 3505 3475 3558; x_wconf 84' lang='lat' dir='ltr'><strong>Patres</strong></span> 
     </span>
    </p>
   </div>
   <div class='ocr_carea' id='block_1_80' title="bbox 1903 3593 3474 3664">
    <p class='ocr_par' dir='ltr' id='par_1_80' title="bbox 1903 3593 3474 3664">
     <span class='ocr_line' id='line_1_80' title="bbox 1903 3593 3474 3664; baseline 0.001 -18"><span class='ocrx_word' id='word_1_536' title='bbox 1903 3594 2038 3647; x_wconf 87' lang='lat' dir='ltr'><strong>mala</strong></span> <span class='ocrx_word' id='word_1_537' title='bbox 2076 3603 2250 3646; x_wconf 88' lang='lat' dir='ltr'><strong>morte</strong></span> <span class='ocrx_word' id='word_1_538' title='bbox 2289 3593 2524 3657; x_wconf 84' lang='lat' dir='ltr'><strong>sustulit,</strong></span> <span class='ocrx_word' id='word_1_539' title='bbox 2556 3594 2735 3647; x_wconf 78' lang='lat' dir='ltr'><strong>inultis</strong></span> <span class='ocrx_word' id='word_1_540' title='bbox 2763 3609 2857 3648; x_wconf 87' lang='lat' dir='ltr'><strong>eos</strong></span> <span class='ocrx_word' id='word_1_541' title='bbox 2891 3595 3202 3648; x_wconf 79' lang='lat' dir='ltr'><strong>verberibus</strong></span> <span class='ocrx_word' id='word_1_542' title='bbox 3250 3611 3474 3664; x_wconf 86' lang='lat' dir='ltr'><strong>pressu-</strong></span> 
     </span>
    </p>
   </div>
   <div class='ocr_carea' id='block_1_81' title="bbox 1903 3683 3480 3754">
    <p class='ocr_par' dir='ltr' id='par_1_81' title="bbox 1903 3683 3480 3754">
     <span class='ocr_line' id='line_1_81' title="bbox 1903 3683 3480 3754; baseline 0.001 -15"><span class='ocrx_word' id='word_1_543' title='bbox 1903 3693 2084 3754; x_wconf 82' lang='lat' dir='ltr'><strong>risque</strong></span> <span class='ocrx_word' id='word_1_544' title='bbox 2118 3684 2429 3754; x_wconf 76' lang='lat' dir='ltr'><strong>subiiciens,</strong></span> <span class='ocrx_word' id='word_1_545' title='bbox 2461 3685 2512 3736; x_wconf 88' lang='lat' dir='ltr'><strong>in</strong></span> <span class='ocrx_word' id='word_1_546' title='bbox 2543 3685 2738 3752; x_wconf 90' lang='lat' dir='ltr'><strong>quibus</strong></span> <span class='ocrx_word' id='word_1_547' title='bbox 2767 3695 2820 3738; x_wconf 89' lang='lat' dir='ltr'><strong>et</strong></span> <span class='ocrx_word' id='word_1_548' title='bbox 2865 3683 3210 3738; x_wconf 83' lang='lat' dir='ltr'><strong>Theodorum</strong></span> <span class='ocrx_word' id='word_1_549' title='bbox 3246 3690 3480 3741; x_wconf 85' lang='lat' dir='ltr'><strong>sanctis-</strong></span> 
     </span>
    </p>
   </div>
   <div class='ocr_carea' id='block_1_82' title="bbox 1903 3776 3479 3846">
    <p class='ocr_par' dir='ltr' id='par_1_82' title="bbox 1903 3776 3479 3846">
     <span class='ocr_line' id='line_1_82' title="bbox 1903 3776 3479 3846; baseline -0.001 -13"><span class='ocrx_word' id='word_1_550' title='bbox 1903 3779 2098 3833; x_wconf 83' lang='lat' dir='ltr'><strong>simum</strong></span> <span class='ocrx_word' id='word_1_551' title='bbox 2152 3776 2328 3832; x_wconf 87' lang='lat' dir='ltr'><strong>Studii</strong></span> <span class='ocrx_word' id='word_1_552' title='bbox 2363 3776 2861 3836; x_wconf 77' lang='lat' dir='ltr'><strong>archimandritznu.</strong></span> <span class='ocrx_word' id='word_1_553' title='bbox 2907 3777 3048 3846; x_wconf 85' lang='lat' dir='ltr'><strong>quod</strong></span> <span class='ocrx_word' id='word_1_554' title='bbox 3100 3778 3324 3832; x_wconf 91' lang='lat' dir='ltr'><strong>stultum</strong></span> <span class='ocrx_word' id='word_1_555' title='bbox 3361 3779 3479 3846; x_wconf 86' lang='lat' dir='ltr'><strong>ejus</strong></span> 
     </span>
    </p>
   </div>
   <div class='ocr_carea' id='block_1_83' title="bbox 1904 3867 3478 3936">
    <p class='ocr_par' dir='ltr' id='par_1_83' title="bbox 1904 3867 3478 3936">
     <span class='ocr_line' id='line_1_83' title="bbox 1904 3867 3478 3936; baseline -0.003 -9"><span class='ocrx_word' id='word_1_556' title='bbox 1904 3873 2140 3927; x_wconf 86' lang='lat' dir='ltr'><strong>edictum</strong></span> <span class='ocrx_word' id='word_1_557' title='bbox 2183 3871 2481 3930; x_wconf 86' lang='lat' dir='ltr'><strong>damnaret,</strong></span> <span class='ocrx_word' id='word_1_558' title='bbox 2526 3877 2646 3936; x_wconf 86' lang='lat' dir='ltr'><strong>post</strong></span> <span class='ocrx_word' id='word_1_559' title='bbox 2691 3867 3002 3922; x_wconf 86' lang='lat' dir='ltr'><strong>diuturnam</strong></span> <span class='ocrx_word' id='word_1_560' title='bbox 3050 3869 3393 3922; x_wconf 73' lang='lat' dir='ltr'><strong>vexationem</strong></span> <span class='ocrx_word' id='word_1_561' title='bbox 3425 3869 3478 3923; x_wconf 90' lang='lat' dir='ltr'><strong>in</strong></span> 
     </span>
    </p>
   </div>
   <div class='ocr_carea' id='block_1_84' title="bbox 1905 3957 3480 4028">
    <p class='ocr_par' dir='ltr' id='par_1_84' title="bbox 1905 3957 3480 4028">
     <span class='ocr_line' id='line_1_84' title="bbox 1905 3957 3480 4028; baseline -0.002 -13"><span class='ocrx_word' id='word_1_562' title='bbox 1905 3963 2153 4017; x_wconf 81' lang='lat' dir='ltr'><strong>exsilium</strong></span> <span class='ocrx_word' id='word_1_563' title='bbox 2171 3959 2375 4028; x_wconf 77' lang='lat' dir='ltr'><strong>expulit</strong></span> <span class='ocrx_word' id='word_1_564' title='bbox 2401 3976 2412 4010; x_wconf 93' lang='lat'>:</span> <span class='ocrx_word' id='word_1_565' title='bbox 2434 3957 2776 4010; x_wconf 80' lang='lat' dir='ltr'><strong>fraudulento</strong></span> <span class='ocrx_word' id='word_1_566' title='bbox 2792 3973 2919 4011; x_wconf 86' lang='lat' dir='ltr'><strong>vero</strong></span> <span class='ocrx_word' id='word_1_567' title='bbox 2937 3961 3117 4011; x_wconf 86' lang='lat' dir='ltr'><strong>animo</strong></span> <span class='ocrx_word' id='word_1_568' title='bbox 3143 3961 3206 4009; x_wconf 85' lang='lat' dir='ltr'><strong>ad</strong></span> <span class='ocrx_word' id='word_1_569' title='bbox 3227 3960 3283 4011; x_wconf 87' lang='grc' dir='ltr'><strong>Β.</strong></span> <span class='ocrx_word' id='word_1_570' title='bbox 3303 3959 3480 4013; x_wconf 83' lang='lat' dir='ltr'><strong>Theo-</strong></span> 
     </span>
    </p>
   </div>
   <div class='ocr_carea' id='block_1_85' title="bbox 1907 4044 3478 4122">
    <p class='ocr_par' dir='ltr' id='par_1_85' title="bbox 1907 4044 3478 4122">
     <span class='ocr_line' id='line_1_85' title="bbox 1907 4044 3478 4122; baseline -0.004 -16"><span class='ocrx_word' id='word_1_571' title='bbox 1907 4052 2134 4122; x_wconf 84' lang='lat' dir='ltr'><strong>phanem</strong></span> <span class='ocrx_word' id='word_1_572' title='bbox 2195 4049 2420 4103; x_wconf 82' lang='lat' dir='ltr'><strong>blandas</strong></span> <span class='ocrx_word' id='word_1_573' title='bbox 2479 4044 2767 4100; x_wconf 87' lang='lat' dir='ltr'><strong>destinavit</strong></span> <span class='ocrx_word' id='word_1_574' title='bbox 2830 4045 3300 4113; x_wconf 84' lang='lat' dir='ltr'><strong>litteras,qnilms</strong></span> <span class='ocrx_word' id='word_1_575' title='bbox 3353 4062 3478 4102; x_wconf 89' lang='lat' dir='ltr'><strong>eum</strong></span> 
     </span>
    </p>
   </div>
   <div class='ocr_carea' id='block_1_86' title="bbox 1912 4137 3480 4216">
    <p class='ocr_par' dir='ltr' id='par_1_86' title="bbox 1912 4137 3480 4216">
     <span class='ocr_line' id='line_1_86' title="bbox 1912 4137 3480 4216; baseline -0.003 -17"><span class='ocrx_word' id='word_1_576' title='bbox 1912 4144 2151 4216; x_wconf 83' lang='lat' dir='ltr'><strong>rogabat,</strong></span> <span class='ocrx_word' id='word_1_577' title='bbox 2188 4153 2245 4197; x_wconf 90' lang='lat' dir='ltr'><strong>ut</strong></span> <span class='ocrx_word' id='word_1_578' title='bbox 2270 4141 2516 4212; x_wconf 62' lang='lat' dir='ltr'><strong>pessimae</strong></span> <span class='ocrx_word' id='word_1_579' title='bbox 2552 4151 2662 4192; x_wconf 73' lang='lat' dir='ltr'><strong>suae</strong></span> <span class='ocrx_word' id='word_1_580' title='bbox 2697 4137 3042 4192; x_wconf 78' lang='lat' dir='ltr'><strong>subscribens</strong></span> <span class='ocrx_word' id='word_1_581' title='bbox 3080 4139 3384 4202; x_wconf 71' lang='lat' dir='ltr'><strong>sententiae,</strong></span> <span class='ocrx_word' id='word_1_582' title='bbox 3414 4140 3480 4194; x_wconf 86' lang='lat' dir='ltr'><strong>ad</strong></span> 
     </span>
    </p>
   </div>
   <div class='ocr_carea' id='block_1_87' title="bbox 1910 4230 3484 4300">
    <p class='ocr_par' dir='ltr' id='par_1_87' title="bbox 1910 4230 3484 4300">
     <span class='ocr_line' id='line_1_87' title="bbox 1910 4230 3484 4300; baseline -0.002 -10"><span class='ocrx_word' id='word_1_583' title='bbox 1910 4253 1967 4290; x_wconf 88' lang='lat' dir='ltr'><strong>se</strong></span> <span class='ocrx_word' id='word_1_584' title='bbox 1995 4237 2252 4288; x_wconf 86' lang='lat' dir='ltr'><strong>accedere</strong></span> <span class='ocrx_word' id='word_1_585' title='bbox 2311 4249 2377 4286; x_wconf 92' lang='lat' dir='ltr'><strong>ne</strong></span> <span class='ocrx_word' id='word_1_586' title='bbox 2426 4243 2764 4300; x_wconf 82' lang='lat' dir='ltr'><strong>gravaretur.</strong></span> <span class='ocrx_word' id='word_1_587' title='bbox 2802 4230 2881 4280; x_wconf 79' lang='lat' dir='ltr'><strong>Ad</strong></span> <span class='ocrx_word' id='word_1_588' title='bbox 2915 4244 3050 4298; x_wconf 85' lang='lat' dir='ltr'><strong>quas</strong></span> <span class='ocrx_word' id='word_1_589' title='bbox 3107 4230 3194 4283; x_wconf 84' lang='lat' dir='ltr'><strong>ille</strong></span> <span class='ocrx_word' id='word_1_590' title='bbox 3240 4233 3292 4284; x_wconf 93' lang='lat' dir='ltr'><strong>iu</strong></span> <span class='ocrx_word' id='word_1_591' title='bbox 3342 4235 3484 4288; x_wconf 82' lang='lat' dir='ltr'><strong>hanc</strong></span> 
     </span>
    </p>
   </div>
   <div class='ocr_carea' id='block_1_88' title="bbox 1912 4323 2493 4393">
    <p class='ocr_par' dir='ltr' id='par_1_88' title="bbox 1912 4323 2493 4393">
     <span class='ocr_line' id='line_1_88' title="bbox 1912 4323 2493 4393; baseline -0.009 -12"><span class='ocrx_word' id='word_1_592' title='bbox 1912 4326 2140 4381; x_wconf 78' lang='lat' dir='ltr'><strong>formam</strong></span> <span class='ocrx_word' id='word_1_593' title='bbox 2168 4323 2451 4393; x_wconf 81' lang='lat' dir='ltr'><strong>rescripsit</strong></span> <span class='ocrx_word' id='word_1_594' title='bbox 2480 4341 2493 4376; x_wconf 90' lang='lat'><strong>:</strong></span> 
     </span>
    </p>
   </div>
   <div class='ocr_carea' id='block_1_89' title="bbox 1981 4417 3482 4488">
    <p class='ocr_par' dir='ltr' id='par_1_89' title="bbox 1981 4417 3482 4488">
     <span class='ocr_line' id='line_1_89' title="bbox 1981 4417 3482 4488; baseline -0.002 -12"><span class='ocrx_word' id='word_1_595' title='bbox 1981 4418 2120 4476; x_wconf 79' lang='lat' dir='ltr'><strong>XVI.</strong></span> <span class='ocrx_word' id='word_1_596' title='bbox 2154 4417 2401 4486; x_wconf 81' lang='lat' dir='ltr'><strong>Noveris,</strong></span> <span class='ocrx_word' id='word_1_597' title='bbox 2435 4419 2748 4484; x_wconf 90' lang='lat' dir='ltr'><strong>imperator,</strong></span> <span class='ocrx_word' id='word_1_598' title='bbox 2795 4432 2916 4472; x_wconf 90' lang='lat' dir='ltr'><strong>eum</strong></span> <span class='ocrx_word' id='word_1_599' title='bbox 2945 4417 3032 4485; x_wconf 84' lang='lat' dir='ltr'><strong>qui</strong></span> <span class='ocrx_word' id='word_1_600' title='bbox 3072 4418 3164 4470; x_wconf 90' lang='lat' dir='ltr'><strong>tibi</strong></span> <span class='ocrx_word' id='word_1_601' title='bbox 3199 4417 3482 4488; x_wconf 88' lang='lat' dir='ltr'><strong>imperium</strong></span> 
     </span>
    </p>
   </div>
   <div class='ocr_carea' id='block_1_90' title="bbox 1915 4512 3482 4583">
    <p class='ocr_par' dir='ltr' id='par_1_90' title="bbox 1915 4512 3482 4583">
     <span class='ocr_line' id='line_1_90' title="bbox 1915 4512 3482 4583; baseline -0.003 -15"><span class='ocrx_word' id='word_1_602' title='bbox 1915 4514 2142 4583; x_wconf 82' lang='lat' dir='ltr'><strong>largitus</strong></span> <span class='ocrx_word' id='word_1_603' title='bbox 2193 4521 2298 4576; x_wconf 88' lang='lat' dir='ltr'><strong>est,</strong></span> <span class='ocrx_word' id='word_1_604' title='bbox 2347 4525 2442 4580; x_wconf 86' lang='lat' dir='ltr'><strong>per</strong></span> <span class='ocrx_word' id='word_1_605' title='bbox 2487 4524 2646 4578; x_wconf 86' lang='lat' dir='ltr'><strong>quem</strong></span> <span class='ocrx_word' id='word_1_606' title='bbox 2703 4523 2857 4576; x_wconf 86' lang='lat' dir='ltr'><strong>reges</strong></span> <span class='ocrx_word' id='word_1_607' title='bbox 2894 4519 3143 4577; x_wconf 72' lang='lat' dir='ltr'><strong>regnant,</strong></span> <span class='ocrx_word' id='word_1_608' title='bbox 3181 4519 3236 4563; x_wconf 91' lang='lat' dir='ltr'><strong>et</strong></span> <span class='ocrx_word' id='word_1_609' title='bbox 3270 4512 3482 4580; x_wconf 84' lang='lat' dir='ltr'><strong>tyranni</strong></span> 
     </span>
    </p>
   </div>
   <div class='ocr_carea' id='block_1_91' title="bbox 211 4600 1798 4684">
    <p class='ocr_par' dir='ltr' id='par_1_91' title="bbox 211 4601 1798 4684">
     <span class='ocr_line' id='line_1_91' title="bbox 211 4601 1798 4684; baseline -0.006 -17"><span class='ocrx_word' id='word_1_610' title='bbox 211 4630 407 4684; x_wconf 84' lang='grc' dir='ltr'>ραννοι</span> <span class='ocrx_word' id='word_1_611' title='bbox 466 4605 740 4678; x_wconf 84' lang='grc' dir='ltr'>κρατοῦσι</span> <span class='ocrx_word' id='word_1_612' title='bbox 787 4606 915 4675; x_wconf 77' lang='grc' dir='ltr'>γῆς,</span> <span class='ocrx_word' id='word_1_613' title='bbox 964 4605 1040 4667; x_wconf 83' lang='grc' dir='ltr'>ὡς</span> <span class='ocrx_word' id='word_1_614' title='bbox 1073 4603 1206 4664; x_wconf 72' lang='grc' dir='ltr'>Θεὸς</span> <span class='ocrx_word' id='word_1_615' title='bbox 1242 4601 1318 4656; x_wconf 82' lang='grc' dir='ltr'><strong>ὢν</strong></span> <span class='ocrx_word' id='word_1_616' title='bbox 1371 4605 1798 4676; x_wconf 74' lang='grc' dir='ltr'>ἀπερίγραπτος,</span> 
     </span>
    </p>
   </div>
   <div class='ocr_carea' id='block_1_92' title="bbox 1899 4600 3487 4684">
    <p class='ocr_par' dir='ltr' id='par_1_92' title="bbox 1917 4600 3487 4669">
     <span class='ocr_line' id='line_1_92' title="bbox 1917 4600 3487 4669; baseline -0.001 -11"><span class='ocrx_word' id='word_1_617' title='bbox 1917 4606 2263 4660; x_wconf 89' lang='lat' dir='ltr'><strong>dominantur</strong></span> <span class='ocrx_word' id='word_1_618' title='bbox 2306 4603 2358 4654; x_wconf 93' lang='lat' dir='ltr'><strong>in</strong></span> <span class='ocrx_word' id='word_1_619' title='bbox 2398 4603 2589 4662; x_wconf 89' lang='lat' dir='ltr'><strong>terris;</strong></span> <span class='ocrx_word' id='word_1_620' title='bbox 2634 4600 2872 4664; x_wconf 86' lang='lat' dir='ltr'><strong>noveris,</strong></span> <span class='ocrx_word' id='word_1_621' title='bbox 2915 4600 3159 4669; x_wconf 82' lang='lat' dir='ltr'><strong>inquam,</strong></span> <span class='ocrx_word' id='word_1_622' title='bbox 3213 4606 3487 4669; x_wconf 87' lang='lat' dir='ltr'><strong>quomodo</strong></span> 
     </span>
    </p>
   </div>
   <div class='ocr_carea' id='block_1_93' title="bbox 212 4698 1806 4777">
    <p class='ocr_par' dir='ltr' id='par_1_93' title="bbox 212 4698 1806 4777">
     <span class='ocr_line' id='line_1_93' title="bbox 212 4698 1806 4777; baseline -0.004 -20"><span class='ocrx_word' id='word_1_623' title='bbox 212 4707 615 4777; x_wconf 78' lang='grc' dir='ltr'>περιγραπτος</span> <span class='ocrx_word' id='word_1_624' title='bbox 670 4702 737 4771; x_wconf 78' lang='grc' dir='ltr'>τῇ</span> <span class='ocrx_word' id='word_1_625' title='bbox 784 4700 906 4753; x_wconf 82' lang='grc' dir='ltr'>καθ’</span> <span class='ocrx_word' id='word_1_626' title='bbox 943 4700 1088 4770; x_wconf 73' lang='grc' dir='ltr'>ἡμᾶς</span> <span class='ocrx_word' id='word_1_627' title='bbox 1137 4698 1437 4769; x_wconf 68' lang='grc' dir='ltr'>προσλήψει</span> <span class='ocrx_word' id='word_1_628' title='bbox 1494 4701 1806 4768; x_wconf 85' lang='grc' dir='ltr'>γενόμενος,</span> 
     </span>
    </p>
   </div>
   <div class='ocr_carea' id='block_1_94' title="bbox 209 4789 1812 4866">
    <p class='ocr_par' dir='ltr' id='par_1_94' title="bbox 209 4789 1812 4866">
     <span class='ocr_line' id='line_1_94' title="bbox 209 4789 1812 4866; baseline -0.004 -17"><span class='ocrx_word' id='word_1_629' title='bbox 209 4798 406 4865; x_wconf 79' lang='grc' dir='ltr'>εμοιος</span> <span class='ocrx_word' id='word_1_630' title='bbox 441 4794 582 4866; x_wconf 72' lang='grc' dir='ltr'>ἡμῖν</span> <span class='ocrx_word' id='word_1_631' title='bbox 613 4792 759 4844; x_wconf 81' lang='grc' dir='ltr'>κατὰ</span> <span class='ocrx_word' id='word_1_632' title='bbox 791 4791 972 4844; x_wconf 80' lang='grc' dir='ltr'>πάντα</span> <span class='ocrx_word' id='word_1_633' title='bbox 1000 4790 1141 4861; x_wconf 79' lang='grc' dir='ltr'>πλὴν</span> <span class='ocrx_word' id='word_1_634' title='bbox 1173 4789 1451 4861; x_wconf 79' lang='grc' dir='ltr'>ἁμαρτιας</span> <span class='ocrx_word' id='word_1_635' title='bbox 1474 4789 1812 4860; x_wconf 82' lang='grc' dir='ltr'>κεχρημάτι-</span> 
     </span>
    </p>
   </div>
   <div class='ocr_carea' id='block_1_95' title="bbox 213 4881 1812 4952">
    <p class='ocr_par' dir='ltr' id='par_1_95' title="bbox 213 4881 1812 4952">
     <span class='ocr_line' id='line_1_95' title="bbox 213 4881 1812 4952; baseline -0.005 -12"><span class='ocrx_word' id='word_1_636' title='bbox 213 4903 348 4942; x_wconf 78' lang='grc' dir='ltr'>κινο</span> <span class='ocrx_word' id='word_1_637' title='bbox 379 4887 542 4949; x_wconf 84' lang='grc' dir='ltr'>ὃπως</span> <span class='ocrx_word' id='word_1_638' title='bbox 573 4883 630 4937; x_wconf 71' lang='grc' dir='ltr'><strong>δὲ</strong></span> <span class='ocrx_word' id='word_1_639' title='bbox 659 4882 892 4948; x_wconf 82' lang='grc' dir='ltr'>νεκροὺς</span> <span class='ocrx_word' id='word_1_640' title='bbox 923 4881 1207 4952; x_wconf 82' lang='grc' dir='ltr'>ἀνέστησε,</span> <span class='ocrx_word' id='word_1_641' title='bbox 1237 4881 1331 4933; x_wconf 76' lang='grc' dir='ltr'><strong>καὶ</strong></span> <span class='ocrx_word' id='word_1_642' title='bbox 1360 4883 1593 4949; x_wconf 74' lang='grc' dir='ltr'>τυφλοὺς</span> <span class='ocrx_word' id='word_1_643' title='bbox 1612 4881 1812 4952; x_wconf 83' lang='grc' dir='ltr'>ὠμμά-</span> 
     </span>
    </p>
   </div>
   <div class='ocr_carea' id='block_1_96' title="bbox 210 4967 1815 5044">
    <p class='ocr_par' dir='ltr' id='par_1_96' title="bbox 210 4967 1815 5044">
     <span class='ocr_line' id='line_1_96' title="bbox 210 4967 1815 5044; baseline -0.004 -14"><span class='ocrx_word' id='word_1_644' title='bbox 210 4994 385 5044; x_wconf 80' lang='grc' dir='ltr'>τωσε,</span> <span class='ocrx_word' id='word_1_645' title='bbox 416 4975 522 5030; x_wconf 80' lang='grc' dir='ltr'><strong>καὶ</strong></span> <span class='ocrx_word' id='word_1_646' title='bbox 553 4971 793 5042; x_wconf 77' lang='grc' dir='ltr'>λεπροὺς</span> <span class='ocrx_word' id='word_1_647' title='bbox 826 4970 1143 5042; x_wconf 71' lang='grc' dir='ltr'>ικαθάρισε,</span> <span class='ocrx_word' id='word_1_648' title='bbox 1186 4971 1282 5024; x_wconf 70' lang='grc' dir='ltr'>καὶ</span> <span class='ocrx_word' id='word_1_649' title='bbox 1301 4970 1372 5022; x_wconf 77' lang='grc' dir='ltr'>τὰ</span> <span class='ocrx_word' id='word_1_650' title='bbox 1399 4967 1535 5023; x_wconf 80' lang='grc' dir='ltr'>ἄλλα</span> <span class='ocrx_word' id='word_1_651' title='bbox 1575 4971 1815 5041; x_wconf 77' lang='grc' dir='ltr'>καθεξῆς</span> 
     </span>
    </p>
   </div>
   <div class='ocr_carea' id='block_1_97' title="bbox 210 5061 1816 5136">
    <p class='ocr_par' dir='ltr' id='par_1_97' title="bbox 210 5061 1816 5136">
     <span class='ocr_line' id='line_1_97' title="bbox 210 5061 1816 5136; baseline -0.005 -14"><span class='ocrx_word' id='word_1_652' title='bbox 210 5069 326 5122; x_wconf 84' lang='grc' dir='ltr'><strong>τῶν</strong></span> <span class='ocrx_word' id='word_1_653' title='bbox 387 5064 699 5136; x_wconf 82' lang='grc' dir='ltr'>θαυμάτων</span> <span class='ocrx_word' id='word_1_654' title='bbox 753 5061 960 5116; x_wconf 76' lang='grc' dir='ltr'>αὐτοῦ’</span> <span class='ocrx_word' id='word_1_655' title='bbox 1001 5063 1149 5124; x_wconf 82' lang='grc' dir='ltr'>ὅπως</span> <span class='ocrx_word' id='word_1_656' title='bbox 1196 5078 1255 5115; x_wconf 89' lang='grc' dir='ltr'><strong>τε</strong></span> <span class='ocrx_word' id='word_1_657' title='bbox 1314 5061 1580 5132; x_wconf 74' lang='grc' dir='ltr'>Ἰουδαϊκῇ</span> <span class='ocrx_word' id='word_1_658' title='bbox 1633 5079 1816 5130; x_wconf 88' lang='grc' dir='ltr'>παρα-</span> 
     </span>
    </p>
   </div>
   <div class='ocr_carea' id='block_1_98' title="bbox 213 5151 1818 5232">
    <p class='ocr_par' dir='ltr' id='par_1_98' title="bbox 213 5151 1818 5232">
     <span class='ocr_line' id='line_1_98' title="bbox 213 5151 1818 5232; baseline -0.011 -18"><span class='ocrx_word' id='word_1_659' title='bbox 213 5158 481 5232; x_wconf 75' lang='grc' dir='ltr'>φροσύνῃ</span> <span class='ocrx_word' id='word_1_660' title='bbox 515 5157 692 5219; x_wconf 80' lang='grc' dir='ltr'>πάθος</span> <span class='ocrx_word' id='word_1_661' title='bbox 723 5154 1014 5223; x_wconf 80' lang='grc' dir='ltr'>ὑπέμεινεν</span> <span class='ocrx_word' id='word_1_662' title='bbox 1040 5151 1203 5218; x_wconf 73' lang='grc' dir='ltr'>ἑκὼν,</span> <span class='ocrx_word' id='word_1_663' title='bbox 1232 5154 1324 5207; x_wconf 75' lang='grc' dir='ltr'><strong>καὶ</strong></span> <span class='ocrx_word' id='word_1_664' title='bbox 1354 5157 1654 5226; x_wconf 83' lang='grc' dir='ltr'>τριήμερος</span> <span class='ocrx_word' id='word_1_665' title='bbox 1681 5155 1818 5207; x_wconf 74' lang='grc' dir='ltr'>ἀνα..</span> 
     </span>
    </p>
   </div>
   <div class='ocr_carea' id='block_1_99' title="bbox 213 5245 1817 5319">
    <p class='ocr_par' dir='ltr' id='par_1_99' title="bbox 213 5245 1817 5319">
     <span class='ocr_line' id='line_1_99' title="bbox 213 5245 1817 5319; baseline -0.004 -13"><span class='ocrx_word' id='word_1_666' title='bbox 213 5254 379 5319; x_wconf 75' lang='grc' dir='ltr'>στὰς,</span> <span class='ocrx_word' id='word_1_667' title='bbox 415 5252 505 5314; x_wconf 77' lang='grc' dir='ltr'><strong>εἰς</strong></span> <span class='ocrx_word' id='word_1_668' title='bbox 531 5247 802 5319; x_wconf 78' lang='grc' dir='ltr'>οὐρανοὺς</span> <span class='ocrx_word' id='word_1_669' title='bbox 822 5245 1140 5318; x_wconf 79' lang='grc' dir='ltr'>ἀνελήλυθε,</span> <span class='ocrx_word' id='word_1_670' title='bbox 1175 5248 1273 5317; x_wconf 78' lang='grc' dir='ltr'><strong>τῆς</strong></span> <span class='ocrx_word' id='word_1_671' title='bbox 1308 5249 1444 5317; x_wconf 80' lang='grc' dir='ltr'>πρὸς</span> <span class='ocrx_word' id='word_1_672' title='bbox 1471 5248 1563 5300; x_wconf 65' lang='grc' dir='ltr'>τὸν</span> <span class='ocrx_word' id='word_1_673' title='bbox 1599 5245 1817 5317; x_wconf 70' lang='grc' dir='ltr'>Πατέρα</span> 
     </span>
    </p>
   </div>
   <div class='ocr_carea' id='block_1_100' title="bbox 285 5387 798 5452">
    <p class='ocr_par' dir='ltr' id='par_1_100' title="bbox 285 5387 798 5452">
     <span class='ocr_line' id='line_1_100' title="bbox 285 5387 798 5452; baseline -0.012 -5"><span class='ocrx_word' id='word_1_674' title='bbox 285 5392 307 5423; x_wconf 85' lang='grc'><strong><em>⁸</em></strong></span> <span class='ocrx_word' id='word_1_675' title='bbox 337 5389 496 5446; x_wconf 85' lang='lat' dir='ltr'><strong>Psal.</strong></span> <span class='ocrx_word' id='word_1_676' title='bbox 523 5403 751 5452; x_wconf 77' lang='lat' dir='ltr'><strong>uxvm,</strong></span> <span class='ocrx_word' id='word_1_677' title='bbox 777 5387 798 5442; x_wconf 87' lang='grc'><strong>1</strong></span> 
     </span>
    </p>
   </div>
   <div class='ocr_carea' id='block_1_101' title="bbox 287 5534 1806 5616">
    <p class='ocr_par' dir='ltr' id='par_1_101' title="bbox 287 5534 1806 5616">
     <span class='ocr_line' id='line_1_101' title="bbox 287 5534 1806 5616; baseline -0.011 -10"><span class='ocrx_word' id='word_1_678' title='bbox 287 5553 411 5616; x_wconf 84' lang='lat' dir='ltr'><strong>(l8)</strong></span> <span class='ocrx_word' id='word_1_679' title='bbox 463 5545 577 5602; x_wconf 86' lang='lat' dir='ltr'><strong>llos</strong></span> <span class='ocrx_word' id='word_1_680' title='bbox 622 5554 949 5616; x_wconf 38' lang='lat' dir='ltr'><strong>essemequos</strong></span> <span class='ocrx_word' id='word_1_681' title='bbox 981 5537 1154 5616; x_wconf 65' lang='lat' dir='ltr'><strong>cursui</strong></span> <span class='ocrx_word' id='word_1_682' title='bbox 1189 5534 1450 5596; x_wconf 82' lang='lat' dir='ltr'><strong>velociori</strong></span> <span class='ocrx_word' id='word_1_683' title='bbox 1504 5534 1806 5616; x_wconf 73' lang='lat' dir='ltr'><strong>destinatos</strong></span> 
     </span>
    </p>
   </div>
   <div class='ocr_carea' id='block_1_102' title="bbox 215 5607 1810 5682">
    <p class='ocr_par' dir='ltr' id='par_1_102' title="bbox 215 5607 1810 5682">
     <span class='ocr_line' id='line_1_102' title="bbox 215 5607 1810 5682; baseline -0.013 -13"><span class='ocrx_word' id='word_1_684' title='bbox 215 5637 270 5678; x_wconf 70' lang='lat' dir='ltr'><strong>et</strong></span> <span class='ocrx_word' id='word_1_685' title='bbox 292 5607 595 5679; x_wconf 55' lang='grc' dir='ltr'>ἐξέπεισε,</span> <span class='ocrx_word' id='word_1_686' title='bbox 632 5607 886 5682; x_wconf 81' lang='lat' dir='ltr'><strong>qualibus</strong></span> <span class='ocrx_word' id='word_1_687' title='bbox 909 5607 1101 5680; x_wconf 79' lang='lat' dir='ltr'><strong>publici</strong></span> <span class='ocrx_word' id='word_1_688' title='bbox 1124 5621 1371 5682; x_wconf 73' lang='lat' dir='ltr'><strong>cursores</strong></span> <span class='ocrx_word' id='word_1_689' title='bbox 1407 5616 1660 5682; x_wconf 35' lang='lat' dir='ltr'><strong>“tumuli,</strong></span> <span class='ocrx_word' id='word_1_690' title='bbox 1683 5607 1810 5659; x_wconf 73' lang='lat' dir='ltr'><strong>hinc</strong></span> 
     </span>
    </p>
   </div>
   <div class='ocr_carea' id='block_1_103' title="bbox 215 5676 1811 5750">
    <p class='ocr_par' dir='ltr' id='par_1_103' title="bbox 215 5676 1811 5750">
     <span class='ocr_line' id='line_1_103' title="bbox 215 5676 1811 5750; baseline -0.013 -2"><span class='ocrx_word' id='word_1_691' title='bbox 215 5676 490 5750; x_wconf 63' lang='lat' dir='ltr'><strong>veredarii</strong></span> <span class='ocrx_word' id='word_1_692' title='bbox 530 5676 1136 5750; x_wconf 76' lang='lat' dir='ltr'><strong>noiniuati.qui_tamen</strong></span> <span class='ocrx_word' id='word_1_693' title='bbox 1165 5692 1190 5750; x_wconf 82' lang='lat' dir='ltr'><strong>a</strong></span> <span class='ocrx_word' id='word_1_694' title='bbox 1219 5677 1479 5750; x_wconf 60' lang='lat' dir='ltr'><strong>uehendi;</strong></span> <span class='ocrx_word' id='word_1_695' title='bbox 1509 5676 1689 5730; x_wconf 84' lang='lat' dir='ltr'><strong>rhedis</strong></span> <span class='ocrx_word' id='word_1_696' title='bbox 1718 5691 1811 5728; x_wconf 83' lang='lat' dir='ltr'><strong>no—</strong></span> 
     </span>
    </p>
   </div>
   <div class='ocr_carea' id='block_1_104' title="bbox 220 5745 1815 5824">
    <p class='ocr_par' dir='ltr' id='par_1_104' title="bbox 220 5745 1815 5824">
     <span class='ocr_line' id='line_1_104' title="bbox 220 5745 1815 5824; baseline -0.01 -12"><span class='ocrx_word' id='word_1_697' title='bbox 220 5745 346 5818; x_wconf 46' lang='lat' dir='ltr'><strong>iis&quot;</strong></span> <span class='ocrx_word' id='word_1_698' title='bbox 388 5756 728 5824; x_wconf 70' lang='lat' dir='ltr'><strong>acceperint,</strong></span> <span class='ocrx_word' id='word_1_699' title='bbox 767 5745 898 5824; x_wconf 66' lang='lat' dir='ltr'><strong>teste</strong></span> <span class='ocrx_word' id='word_1_700' title='bbox 935 5745 1317 5824; x_wconf 31' lang='lat' dir='ltr'><strong>Festongbitcr</strong></span> <span class='ocrx_word' id='word_1_701' title='bbox 1351 5749 1695 5824; x_wconf 77' lang='lat' dir='ltr'><strong>insinuatum</strong></span> <span class='ocrx_word' id='word_1_702' title='bbox 1733 5755 1815 5798; x_wconf 80' lang='lat' dir='ltr'><strong>est</strong></span> 
     </span>
    </p>
   </div>
   <div class='ocr_carea' id='block_1_105' title="bbox 221 5815 1814 5885">
    <p class='ocr_par' dir='ltr' id='par_1_105' title="bbox 221 5815 1814 5885">
     <span class='ocr_line' id='line_1_105' title="bbox 221 5815 1814 5885; baseline -0.011 -1"><span class='ocrx_word' id='word_1_703' title='bbox 221 5815 414 5885; x_wconf 20' lang='lat' dir='ltr'><strong>inrtG</strong></span> <span class='ocrx_word' id='word_1_704' title='bbox 481 5815 727 5883; x_wconf 72' lang='lat' dir='ltr'><strong>Januarii</strong></span> <span class='ocrx_word' id='word_1_705' title='bbox 789 5819 852 5873; x_wconf 87' lang='lat' dir='ltr'><strong>ad</strong></span> <span class='ocrx_word' id='word_1_706' title='bbox 911 5832 1051 5874; x_wconf 92' lang='lat' dir='ltr'><strong>num.</strong></span> <span class='ocrx_word' id='word_1_707' title='bbox 1110 5816 1172 5872; x_wconf 78' lang='grc'><strong>15</strong></span> <span class='ocrx_word' id='word_1_708' title='bbox 1235 5815 1512 5879; x_wconf 66' lang='lat' dir='ltr'><strong>Actorum</strong></span> <span class='ocrx_word' id='word_1_709' title='bbox 1576 5817 1814 5885; x_wconf 84' lang='lat' dir='ltr'><strong>priorum</strong></span> 
     </span>
    </p>
   </div>
   <div class='ocr_carea' id='block_1_106' title="bbox 1914 4688 3485 4758">
    <p class='ocr_par' dir='ltr' id='par_1_106' title="bbox 1914 4688 3485 4758">
     <span class='ocr_line' id='line_1_106' title="bbox 1914 4688 3485 4758; baseline -0.003 -11"><span class='ocrx_word' id='word_1_710' title='bbox 1914 4693 2053 4748; x_wconf 88' lang='lat' dir='ltr'><strong>Deus</strong></span> <span class='ocrx_word' id='word_1_711' title='bbox 2101 4688 2607 4758; x_wconf 89' lang='lat' dir='ltr'><strong>incircumscriptus</strong></span> <span class='ocrx_word' id='word_1_712' title='bbox 2632 4704 2753 4743; x_wconf 93' lang='lat' dir='ltr'><strong>cum</strong></span> <span class='ocrx_word' id='word_1_713' title='bbox 2787 4690 2876 4755; x_wconf 90' lang='lat' dir='ltr'><strong>sit,</strong></span> <span class='ocrx_word' id='word_1_714' title='bbox 2912 4699 3088 4746; x_wconf 85' lang='lat' dir='ltr'><strong>tamen</strong></span> <span class='ocrx_word' id='word_1_715' title='bbox 3116 4692 3485 4748; x_wconf 84' lang='lat' dir='ltr'><strong>circumscribi</strong></span> 
     </span>
    </p>
   </div>
   <div class='ocr_carea' id='block_1_107' title="bbox 1913 4786 3490 4859">
    <p class='ocr_par' dir='ltr' id='par_1_107' title="bbox 1913 4786 3490 4859">
     <span class='ocr_line' id='line_1_107' title="bbox 1913 4786 3490 4859; baseline 0.002 -19"><span class='ocrx_word' id='word_1_716' title='bbox 1913 4789 2163 4859; x_wconf 84' lang='lat' dir='ltr'><strong>dignatus</strong></span> <span class='ocrx_word' id='word_1_717' title='bbox 2192 4786 2282 4850; x_wconf 91' lang='lat' dir='ltr'><strong>sit,</strong></span> <span class='ocrx_word' id='word_1_718' title='bbox 2329 4797 2569 4840; x_wconf 87' lang='lat' dir='ltr'><strong>nostram</strong></span> <span class='ocrx_word' id='word_1_719' title='bbox 2616 4787 2940 4838; x_wconf 80' lang='lat' dir='ltr'><strong>assumenda</strong></span> <span class='ocrx_word' id='word_1_720' title='bbox 2991 4797 3266 4853; x_wconf 89' lang='lat' dir='ltr'><strong>naturam,</strong></span> <span class='ocrx_word' id='word_1_721' title='bbox 3297 4790 3490 4844; x_wconf 84' lang='lat' dir='ltr'><strong>similis</strong></span> 
     </span>
    </p>
   </div>
   <div class='ocr_carea' id='block_1_108' title="bbox 1918 4874 3488 4947">
    <p class='ocr_par' dir='ltr' id='par_1_108' title="bbox 1918 4874 3488 4947">
     <span class='ocr_line' id='line_1_108' title="bbox 1918 4874 3488 4947; baseline 0 -13"><span class='ocrx_word' id='word_1_722' title='bbox 1918 4882 2074 4934; x_wconf 90' lang='lat' dir='ltr'><strong>nobis</strong></span> <span class='ocrx_word' id='word_1_723' title='bbox 2131 4878 2307 4933; x_wconf 83' lang='lat' dir='ltr'><strong>factus</strong></span> <span class='ocrx_word' id='word_1_724' title='bbox 2365 4891 2460 4945; x_wconf 83' lang='lat' dir='ltr'><strong>per</strong></span> <span class='ocrx_word' id='word_1_725' title='bbox 2505 4876 2710 4937; x_wconf 90' lang='lat' dir='ltr'><strong>omnia,</strong></span> <span class='ocrx_word' id='word_1_726' title='bbox 2743 4874 2845 4927; x_wconf 90' lang='lat' dir='ltr'><strong>nisi</strong></span> <span class='ocrx_word' id='word_1_727' title='bbox 2877 4877 3020 4944; x_wconf 90' lang='lat' dir='ltr'><strong>quod</strong></span> <span class='ocrx_word' id='word_1_728' title='bbox 3071 4885 3351 4947; x_wconf 86' lang='lat' dir='ltr'><strong>peccatum</strong></span> <span class='ocrx_word' id='word_1_729' title='bbox 3383 4896 3488 4935; x_wconf 91' lang='lat' dir='ltr'><strong>non</strong></span> 
     </span>
    </p>
   </div>
   <div class='ocr_carea' id='block_1_109' title="bbox 1919 4967 3492 5037">
    <p class='ocr_par' dir='ltr' id='par_1_109' title="bbox 1919 4967 3492 5037">
     <span class='ocr_line' id='line_1_109' title="bbox 1919 4967 3492 5037; baseline -0.001 -12"><span class='ocrx_word' id='word_1_730' title='bbox 1919 4972 2187 5025; x_wconf 83' lang='lat' dir='ltr'><strong>habuerit.</strong></span> <span class='ocrx_word' id='word_1_731' title='bbox 2230 4967 2536 5023; x_wconf 83' lang='lat' dir='ltr'><strong>Secundum</strong></span> <span class='ocrx_word' id='word_1_732' title='bbox 2570 4982 2730 5037; x_wconf 89' lang='lat' dir='ltr'><strong>quam</strong></span> <span class='ocrx_word' id='word_1_733' title='bbox 2757 4975 3005 5021; x_wconf 87' lang='lat' dir='ltr'><strong>naturam</strong></span> <span class='ocrx_word' id='word_1_734' title='bbox 3034 4969 3314 5023; x_wconf 87' lang='lat' dir='ltr'><strong>suscitavit</strong></span> <span class='ocrx_word' id='word_1_735' title='bbox 3346 4985 3492 5024; x_wconf 84' lang='lat' dir='ltr'><strong>mor-</strong></span> 
     </span>
    </p>
   </div>
   <div class='ocr_carea' id='block_1_110' title="bbox 1919 5057 3490 5130">
    <p class='ocr_par' dir='ltr' id='par_1_110' title="bbox 1919 5057 3490 5130">
     <span class='ocr_line' id='line_1_110' title="bbox 1919 5057 3490 5130; baseline -0.003 -12"><span class='ocrx_word' id='word_1_736' title='bbox 1919 5072 2058 5130; x_wconf 90' lang='lat' dir='ltr'><strong>tuos,</strong></span> <span class='ocrx_word' id='word_1_737' title='bbox 2089 5059 2409 5115; x_wconf 89' lang='lat' dir='ltr'><strong>illuminavit</strong></span> <span class='ocrx_word' id='word_1_738' title='bbox 2441 5075 2633 5124; x_wconf 68' lang='lat' dir='ltr'><strong>caecos,</strong></span> <span class='ocrx_word' id='word_1_739' title='bbox 2658 5057 2936 5112; x_wconf 78' lang='lat' dir='ltr'><strong>inundavit</strong></span> <span class='ocrx_word' id='word_1_740' title='bbox 2969 5059 3232 5126; x_wconf 85' lang='lat' dir='ltr'><strong>leprosos,</strong></span> <span class='ocrx_word' id='word_1_741' title='bbox 3265 5072 3490 5114; x_wconf 75' lang='lat' dir='ltr'><strong>czetera-</strong></span> 
     </span>
    </p>
   </div>
   <div class='ocr_carea' id='block_1_111' title="bbox 1919 5149 3488 5224">
    <p class='ocr_par' dir='ltr' id='par_1_111' title="bbox 1919 5149 3488 5224">
     <span class='ocr_line' id='line_1_111' title="bbox 1919 5149 3488 5224; baseline -0.004 -14"><span class='ocrx_word' id='word_1_742' title='bbox 1919 5169 2025 5224; x_wconf 86' lang='lat' dir='ltr'><strong>que</strong></span> <span class='ocrx_word' id='word_1_743' title='bbox 2044 5169 2107 5208; x_wconf 80' lang='lat' dir='ltr'><strong>ex</strong></span> <span class='ocrx_word' id='word_1_744' title='bbox 2138 5153 2326 5206; x_wconf 89' lang='lat' dir='ltr'><strong>ordine</strong></span> <span class='ocrx_word' id='word_1_745' title='bbox 2350 5159 2601 5220; x_wconf 78' lang='lat' dir='ltr'><strong>operatus</strong></span> <span class='ocrx_word' id='word_1_746' title='bbox 2629 5158 2711 5202; x_wconf 88' lang='lat' dir='ltr'><strong>est</strong></span> <span class='ocrx_word' id='word_1_747' title='bbox 2742 5149 2996 5204; x_wconf 84' lang='lat' dir='ltr'><strong>miracula</strong></span> <span class='ocrx_word' id='word_1_748' title='bbox 3029 5163 3125 5202; x_wconf 74' lang='lat' dir='ltr'><strong>sua</strong></span> <span class='ocrx_word' id='word_1_749' title='bbox 3156 5167 3169 5202; x_wconf 89' lang='lat'>:</span> <span class='ocrx_word' id='word_1_750' title='bbox 3196 5151 3488 5204; x_wconf 86' lang='lat' dir='ltr'><strong>secundum</strong></span> 
     </span>
    </p>
   </div>
   <div class='ocr_carea' id='block_1_112' title="bbox 1920 5241 3492 5317">
    <p class='ocr_par' dir='ltr' id='par_1_112' title="bbox 1920 5241 3492 5317">
     <span class='ocr_line' id='line_1_112' title="bbox 1920 5241 3492 5317; baseline -0.001 -20"><span class='ocrx_word' id='word_1_751' title='bbox 1920 5261 2080 5317; x_wconf 89' lang='lat' dir='ltr'><strong>quam</strong></span> <span class='ocrx_word' id='word_1_752' title='bbox 2129 5244 2374 5298; x_wconf 89' lang='lat' dir='ltr'><strong>eamdem</strong></span> <span class='ocrx_word' id='word_1_753' title='bbox 2428 5251 2618 5309; x_wconf 82' lang='lat' dir='ltr'><strong>sponte</strong></span> <span class='ocrx_word' id='word_1_754' title='bbox 2672 5252 2897 5296; x_wconf 88' lang='lat' dir='ltr'><strong>mortem</strong></span> <span class='ocrx_word' id='word_1_755' title='bbox 2951 5241 3138 5306; x_wconf 86' lang='lat' dir='ltr'><strong>subiit,</strong></span> <span class='ocrx_word' id='word_1_756' title='bbox 3184 5241 3492 5298; x_wconf 68' lang='lat' dir='ltr'><strong>Iudaeorum</strong></span> 
     </span>
    </p>
   </div>
   <div class='ocr_carea' id='block_1_113' title="bbox 1917 5535 3496 5608">
    <p class='ocr_par' dir='ltr' id='par_1_113' title="bbox 1917 5535 3496 5608">
     <span class='ocr_line' id='line_1_113' title="bbox 1917 5535 3496 5608; baseline 0.006 -18"><span class='ocrx_word' id='word_1_757' title='bbox 1917 5537 1973 5590; x_wconf 88' lang='lat' dir='ltr'><strong>S.</strong></span> <span class='ocrx_word' id='word_1_758' title='bbox 2035 5535 2268 5593; x_wconf 68' lang='lat' dir='ltr'><strong>Marcelli</strong></span> <span class='ocrx_word' id='word_1_759' title='bbox 2314 5539 2485 5608; x_wconf 68' lang='lat' dir='ltr'><strong>Papm.</strong></span> <span class='ocrx_word' id='word_1_760' title='bbox 2537 5538 2680 5594; x_wconf 84' lang='lat' dir='ltr'><strong>Festi</strong></span> <span class='ocrx_word' id='word_1_761' title='bbox 2740 5541 3060 5599; x_wconf 77' lang='lat' dir='ltr'><strong>sententiam</strong></span> <span class='ocrx_word' id='word_1_762' title='bbox 3105 5543 3288 5598; x_wconf 87' lang='lat' dir='ltr'><strong>tnultis</strong></span> <span class='ocrx_word' id='word_1_763' title='bbox 3340 5546 3496 5599; x_wconf 78' lang='lat' dir='ltr'><strong>docte</strong></span> 
     </span>
    </p>
   </div>
   <div class='ocr_carea' id='block_1_114' title="bbox 1918 5609 3498 5677">
    <p class='ocr_par' dir='ltr' id='par_1_114' title="bbox 1918 5609 3498 5677">
     <span class='ocr_line' id='line_1_114' title="bbox 1918 5609 3498 5677; baseline 0.004 -16"><span class='ocrx_word' id='word_1_764' title='bbox 1918 5609 2204 5662; x_wconf 83' lang='lat' dir='ltr'><strong>conﬁrmat</strong></span> <span class='ocrx_word' id='word_1_765' title='bbox 2229 5611 2279 5662; x_wconf 91' lang='lat' dir='ltr'><strong>iu</strong></span> <span class='ocrx_word' id='word_1_766' title='bbox 2314 5624 2411 5661; x_wconf 92' lang='lat' dir='ltr'><strong>suo</strong></span> <span class='ocrx_word' id='word_1_767' title='bbox 2444 5609 2813 5677; x_wconf 72' lang='lat' dir='ltr'><strong>Etymoloqico</strong></span> <span class='ocrx_word' id='word_1_768' title='bbox 2841 5609 3079 5676; x_wconf 81' lang='lat' dir='ltr'><strong>Vossius,</strong></span> <span class='ocrx_word' id='word_1_769' title='bbox 3115 5613 3280 5667; x_wconf 84' lang='lat' dir='ltr'><strong>certis</strong></span> <span class='ocrx_word' id='word_1_770' title='bbox 3313 5625 3498 5668; x_wconf 83' lang='lat' dir='ltr'><strong>anetu-</strong></span> 
     </span>
    </p>
   </div>
   <div class='ocr_carea' id='block_1_115' title="bbox 1923 5679 3499 5749">
    <p class='ocr_par' dir='ltr' id='par_1_115' title="bbox 1923 5679 3499 5749">
     <span class='ocr_line' id='line_1_115' title="bbox 1923 5679 3499 5749; baseline 0.006 -19"><span class='ocrx_word' id='word_1_771' title='bbox 1923 5679 2069 5731; x_wconf 86' lang='lat' dir='ltr'><strong>ribus</strong></span> <span class='ocrx_word' id='word_1_772' title='bbox 2097 5679 2334 5748; x_wconf 85' lang='lat' dir='ltr'><strong>antiquis</strong></span> <span class='ocrx_word' id='word_1_773' title='bbox 2357 5680 2754 5742; x_wconf 82' lang='lat' dir='ltr'><strong>demonstrans,</strong></span> <span class='ocrx_word' id='word_1_774' title='bbox 2785 5681 3020 5749; x_wconf 88' lang='lat' dir='ltr'><strong>antiquis</strong></span> <span class='ocrx_word' id='word_1_775' title='bbox 3039 5686 3350 5740; x_wconf 86' lang='lat' dir='ltr'><strong>cursoribus</strong></span> <span class='ocrx_word' id='word_1_776' title='bbox 3371 5700 3499 5739; x_wconf 89' lang='lat' dir='ltr'><strong>cur-</strong></span> 
     </span>
    </p>
   </div>
   <div class='ocr_carea' id='block_1_116' title="bbox 1925 5749 2968 5816">
    <p class='ocr_par' dir='ltr' id='par_1_116' title="bbox 1925 5749 2968 5816">
     <span class='ocr_line' id='line_1_116' title="bbox 1925 5749 2968 5816; baseline 0.004 -14"><span class='ocrx_word' id='word_1_777' title='bbox 1925 5763 2040 5803; x_wconf 87' lang='lat' dir='ltr'><strong>sum</strong></span> <span class='ocrx_word' id='word_1_778' title='bbox 2079 5751 2348 5816; x_wconf 84' lang='lat' dir='ltr'><strong>publicutn</strong></span> <span class='ocrx_word' id='word_1_779' title='bbox 2386 5749 2746 5805; x_wconf 84' lang='lat' dir='ltr'><strong>vehicularem</strong></span> <span class='ocrx_word' id='word_1_780' title='bbox 2782 5749 2968 5806; x_wconf 80' lang='lat' dir='ltr'><strong>fuisse.</strong></span> 
     </span>
    </p>
   </div>
  </div>
