  <div class='ocr_page' id='page_1' title='image "/cluster/home/n/w/nwhite01/storage/ocr_20150623/115/uva.x004215515/028.png"; bbox 0 0 4180 6498; ppageno 0'>
   <div class='ocr_carea' id='block_1_1' title="bbox 218 427 287 486">
    <p class='ocr_par' dir='ltr' id='par_1_1' title="bbox 218 427 287 486">
     <span class='ocr_line' id='line_1_1' title="bbox 218 427 287 486; baseline -0.043 0"><span class='ocrx_word' id='word_1_1' title='bbox 218 427 287 486; x_wconf 83' lang='grc'>33</span> 
     </span>
    </p>
   </div>
   <div class='ocr_carea' id='block_1_2' title="bbox 1523 421 2200 486">
    <p class='ocr_par' dir='ltr' id='par_1_2' title="bbox 1523 421 2200 486">
     <span class='ocr_line' id='line_1_2' title="bbox 1523 421 2200 486; baseline 0.001 -2"><span class='ocrx_word' id='word_1_2' title='bbox 1523 424 1700 484; x_wconf 80' lang='lat' dir='ltr'><strong>VlTA</strong></span> <span class='ocrx_word' id='word_1_3' title='bbox 1745 426 1802 484; x_wconf 90' lang='lat' dir='ltr'><strong>S.</strong></span> <span class='ocrx_word' id='word_1_4' title='bbox 1851 421 2200 486; x_wconf 74' lang='lat' dir='ltr'><strong>LONGINI.</strong></span> 
     </span>
    </p>
   </div>
   <div class='ocr_carea' id='block_1_3' title="bbox 3444 431 3516 497">
    <p class='ocr_par' dir='ltr' id='par_1_3' title="bbox 3444 431 3516 497">
     <span class='ocr_line' id='line_1_3' title="bbox 3444 431 3516 497; baseline 0 0"><span class='ocrx_word' id='word_1_5' title='bbox 3444 431 3516 497; x_wconf 75' lang='grc'><strong>36</strong></span> 
     </span>
    </p>
   </div>
   <div class='ocr_carea' id='block_1_4' title="bbox 217 533 1808 619">
    <p class='ocr_par' dir='ltr' id='par_1_4' title="bbox 217 533 1808 606">
     <span class='ocr_line' id='line_1_4' title="bbox 217 533 1808 606; baseline -0.003 -14"><span class='ocrx_word' id='word_1_6' title='bbox 217 539 548 601; x_wconf 79' lang='grc' dir='ltr'>καθίστατο,</span> <span class='ocrx_word' id='word_1_7' title='bbox 595 535 1021 606; x_wconf 80' lang='grc' dir='ltr'>συκοφαντῆσαι</span> <span class='ocrx_word' id='word_1_8' title='bbox 1068 533 1308 605; x_wconf 72' lang='grc' dir='ltr'>Χριστὸν</span> <span class='ocrx_word' id='word_1_9' title='bbox 1350 535 1422 598; x_wconf 85' lang='grc' dir='ltr'>ὼς</span> <span class='ocrx_word' id='word_1_10' title='bbox 1447 535 1722 592; x_wconf 78' lang='grc' dir='ltr'><strong>κλαπέντα</strong></span> <span class='ocrx_word' id='word_1_11' title='bbox 1755 537 1808 606; x_wconf 66' lang='grc' dir='ltr'><strong>μί</strong></span> 
     </span>
    </p>
   </div>
   <div class='ocr_carea' id='block_1_5' title="bbox 1912 533 3514 619">
    <p class='ocr_par' dir='ltr' id='par_1_5' title="bbox 1936 538 3514 619">
     <span class='ocr_line' id='line_1_5' title="bbox 1936 538 3514 619; baseline 0.011 -31"><span class='ocrx_word' id='word_1_12' title='bbox 1936 538 2167 592; x_wconf 90' lang='lat' dir='ltr'><strong>tinuerit</strong></span> <span class='ocrx_word' id='word_1_13' title='bbox 2248 538 2570 595; x_wconf 84' lang='lat' dir='ltr'><strong>calumniari</strong></span> <span class='ocrx_word' id='word_1_14' title='bbox 2650 542 2960 612; x_wconf 73' lang='lat' dir='ltr'><strong>Christum,</strong></span> <span class='ocrx_word' id='word_1_15' title='bbox 3038 556 3294 619; x_wconf 85' lang='lat' dir='ltr'><strong>tanquam</strong></span> <span class='ocrx_word' id='word_1_16' title='bbox 3372 549 3514 604; x_wconf 81' lang='lat' dir='ltr'><strong>furto</strong></span> 
     </span>
    </p>
   </div>
   <div class='ocr_carea' id='block_1_6' title="bbox 213 627 1826 706">
    <p class='ocr_par' dir='ltr' id='par_1_6' title="bbox 213 627 1826 706">
     <span class='ocr_line' id='line_1_6' title="bbox 213 627 1826 706; baseline -0.004 -18"><span class='ocrx_word' id='word_1_17' title='bbox 213 637 629 706; x_wconf 75' lang='grc' dir='ltr'>ἀνασχόμενοςο</span> <span class='ocrx_word' id='word_1_18' title='bbox 671 630 976 700; x_wconf 76' lang='grc' dir='ltr'><strong>ἐλευθερίῳ</strong></span> <span class='ocrx_word' id='word_1_19' title='bbox 1009 627 1069 682; x_wconf 81' lang='grc' dir='ltr'>δὲ</span> <span class='ocrx_word' id='word_1_20' title='bbox 1102 628 1310 695; x_wconf 81' lang='grc' dir='ltr'>μᾶλλον</span> <span class='ocrx_word' id='word_1_21' title='bbox 1345 630 1437 683; x_wconf 71' lang='grc' dir='ltr'>καὶ</span> <span class='ocrx_word' id='word_1_22' title='bbox 1484 631 1697 701; x_wconf 77' lang='grc' dir='ltr'>γλώττῃ</span> <span class='ocrx_word' id='word_1_23' title='bbox 1731 632 1826 683; x_wconf 73' lang='grc' dir='ltr'><strong>καὶ</strong></span> 
     </span>
    </p>
   </div>
   <div class='ocr_carea' id='block_1_7' title="bbox 213 717 1826 800">
    <p class='ocr_par' dir='ltr' id='par_1_7' title="bbox 213 717 1826 800">
     <span class='ocr_line' id='line_1_7' title="bbox 213 717 1826 800; baseline -0.001 -23"><span class='ocrx_word' id='word_1_24' title='bbox 213 729 408 800; x_wconf 76' lang='grc' dir='ltr'>γνώμῃ</span> <span class='ocrx_word' id='word_1_25' title='bbox 469 728 641 780; x_wconf 73' lang='grc' dir='ltr'>αὑτὸν</span> <span class='ocrx_word' id='word_1_26' title='bbox 685 721 1045 793; x_wconf 78' lang='grc' dir='ltr'>ἀνακηρύξας</span> <span class='ocrx_word' id='word_1_27' title='bbox 1079 717 1339 790; x_wconf 68' lang='grc' dir='ltr'>ἀληθινὸν</span> <span class='ocrx_word' id='word_1_28' title='bbox 1387 723 1477 774; x_wconf 76' lang='grc' dir='ltr'><strong>καὶ</strong></span> <span class='ocrx_word' id='word_1_29' title='bbox 1511 725 1573 774; x_wconf 77' lang='grc' dir='ltr'>ὲκ</span> <span class='ocrx_word' id='word_1_30' title='bbox 1617 722 1826 792; x_wconf 82' lang='grc' dir='ltr'>νεκρῶν</span> 
     </span>
    </p>
   </div>
   <div class='ocr_carea' id='block_1_8' title="bbox 211 815 1828 893">
    <p class='ocr_par' dir='ltr' id='par_1_8' title="bbox 211 815 1828 893">
     <span class='ocr_line' id='line_1_8' title="bbox 211 815 1828 893; baseline -0.005 -19"><span class='ocrx_word' id='word_1_31' title='bbox 211 823 519 893; x_wconf 77' lang='grc' dir='ltr'>ἑγηγέρθαι</span> <span class='ocrx_word' id='word_1_32' title='bbox 581 818 1080 892; x_wconf 71' lang='grc' dir='ltr'>βεϐαιωσάμενοςο</span> <span class='ocrx_word' id='word_1_33' title='bbox 1135 815 1262 867; x_wconf 81' lang='grc' dir='ltr'>ὅθεν</span> <span class='ocrx_word' id='word_1_34' title='bbox 1291 816 1453 878; x_wconf 82' lang='grc' dir='ltr'>αὑτός</span> <span class='ocrx_word' id='word_1_35' title='bbox 1482 834 1540 868; x_wconf 88' lang='grc' dir='ltr'><strong>τε</strong></span> <span class='ocrx_word' id='word_1_36' title='bbox 1593 817 1828 877; x_wconf 74' lang='grc' dir='ltr'>Πιλᾶτος</span> 
     </span>
    </p>
   </div>
   <div class='ocr_carea' id='block_1_9' title="bbox 212 907 1828 982">
    <p class='ocr_par' dir='ltr' id='par_1_9' title="bbox 212 907 1828 982">
     <span class='ocr_line' id='line_1_9' title="bbox 212 907 1828 982; baseline -0.005 -14"><span class='ocrx_word' id='word_1_37' title='bbox 212 917 303 968; x_wconf 74' lang='grc' dir='ltr'>καὶ</span> <span class='ocrx_word' id='word_1_38' title='bbox 360 916 413 967; x_wconf 80' lang='grc' dir='ltr'><strong>οῖ</strong></span> <span class='ocrx_word' id='word_1_39' title='bbox 477 914 581 982; x_wconf 80' lang='grc' dir='ltr'>τῆς</span> <span class='ocrx_word' id='word_1_40' title='bbox 642 909 978 978; x_wconf 72' lang='grc' dir='ltr'>συναγωγῆς</span> <span class='ocrx_word' id='word_1_41' title='bbox 1041 907 1322 960; x_wconf 84' lang='grc' dir='ltr'>Ἰουδαίων</span> <span class='ocrx_word' id='word_1_42' title='bbox 1377 909 1702 976; x_wconf 79' lang='grc' dir='ltr'><strong>ἐξάρχοντες</strong></span> <span class='ocrx_word' id='word_1_43' title='bbox 1734 908 1828 960; x_wconf 84' lang='grc' dir='ltr'><strong>τὸν</strong></span> 
     </span>
    </p>
   </div>
   <div class='ocr_carea' id='block_1_10' title="bbox 212 998 1826 1074">
    <p class='ocr_par' dir='ltr' id='par_1_10' title="bbox 212 998 1826 1074">
     <span class='ocr_line' id='line_1_10' title="bbox 212 998 1826 1074; baseline -0.006 -14"><span class='ocrx_word' id='word_1_44' title='bbox 212 1007 428 1074; x_wconf 70' lang='grc' dir='ltr'>φθόνον,</span> <span class='ocrx_word' id='word_1_45' title='bbox 485 1004 546 1058; x_wconf 81' lang='grc' dir='ltr'>ὃν</span> <span class='ocrx_word' id='word_1_46' title='bbox 598 1003 870 1073; x_wconf 67' lang='grc' dir='ltr'>πρότερον</span> <span class='ocrx_word' id='word_1_47' title='bbox 935 998 1087 1070; x_wconf 70' lang='grc' dir='ltr'>εἶχον</span> <span class='ocrx_word' id='word_1_48' title='bbox 1138 1000 1285 1052; x_wconf 80' lang='grc' dir='ltr'>κατὰ</span> <span class='ocrx_word' id='word_1_49' title='bbox 1336 1000 1576 1072; x_wconf 78' lang='grc' dir='ltr'>Χριστοῦ</span> <span class='ocrx_word' id='word_1_50' title='bbox 1627 1001 1721 1053; x_wconf 77' lang='grc' dir='ltr'>καὶ</span> <span class='ocrx_word' id='word_1_51' title='bbox 1761 1003 1826 1069; x_wconf 74' lang='grc' dir='ltr'>ἧν</span> 
     </span>
    </p>
   </div>
   <div class='ocr_carea' id='block_1_11' title="bbox 211 1091 1827 1164">
    <p class='ocr_par' dir='ltr' id='par_1_11' title="bbox 211 1091 1827 1164">
     <span class='ocr_line' id='line_1_11' title="bbox 211 1091 1827 1164; baseline -0.006 -11"><span class='ocrx_word' id='word_1_52' title='bbox 211 1098 401 1153; x_wconf 58' lang='lat' dir='ltr'><strong>eoson</strong></span> <span class='ocrx_word' id='word_1_53' title='bbox 435 1097 557 1150; x_wconf 80' lang='grc' dir='ltr'>κατ’</span> <span class='ocrx_word' id='word_1_54' title='bbox 589 1094 758 1148; x_wconf 81' lang='grc' dir='ltr'>αὑτοῦ</span> <span class='ocrx_word' id='word_1_55' title='bbox 793 1094 1013 1164; x_wconf 89' lang='grc' dir='ltr'>μανίαν,</span> <span class='ocrx_word' id='word_1_56' title='bbox 1055 1091 1271 1160; x_wconf 87' lang='grc' dir='ltr'>ταύτην</span> <span class='ocrx_word' id='word_1_57' title='bbox 1295 1094 1376 1154; x_wconf 86' lang='grc' dir='ltr'>εὶς</span> <span class='ocrx_word' id='word_1_58' title='bbox 1407 1095 1680 1161; x_wconf 76' lang='grc' dir='ltr'><strong>Λογγῖνον</strong></span> <span class='ocrx_word' id='word_1_59' title='bbox 1730 1091 1827 1144; x_wconf 84' lang='grc' dir='ltr'>νῦν</span> 
     </span>
    </p>
   </div>
   <div class='ocr_carea' id='block_1_12' title="bbox 215 1183 1822 1258">
    <p class='ocr_par' dir='ltr' id='par_1_12' title="bbox 215 1183 1822 1258">
     <span class='ocr_line' id='line_1_12' title="bbox 215 1183 1822 1258; baseline -0.004 -16"><span class='ocrx_word' id='word_1_60' title='bbox 215 1189 650 1258; x_wconf 74' lang='grc' dir='ltr'><strong>μεταφέρουσιν,</strong></span> <span class='ocrx_word' id='word_1_61' title='bbox 689 1185 862 1248; x_wconf 70' lang='grc' dir='ltr'>οὕτως</span> <span class='ocrx_word' id='word_1_62' title='bbox 904 1184 1116 1254; x_wconf 86' lang='grc' dir='ltr'>ἀγρίως</span> <span class='ocrx_word' id='word_1_63' title='bbox 1165 1183 1327 1252; x_wconf 86' lang='grc' dir='ltr'>αύτῷ</span> <span class='ocrx_word' id='word_1_64' title='bbox 1371 1184 1822 1254; x_wconf 73' lang='grc' dir='ltr'><strong>χαλεπαίνοντες,</strong></span> 
     </span>
    </p>
   </div>
   <div class='ocr_carea' id='block_1_13' title="bbox 212 1273 1823 1352">
    <p class='ocr_par' dir='ltr' id='par_1_13' title="bbox 212 1273 1823 1352">
     <span class='ocr_line' id='line_1_13' title="bbox 212 1273 1823 1352; baseline -0.006 -16"><span class='ocrx_word' id='word_1_65' title='bbox 212 1284 284 1345; x_wconf 83' lang='grc' dir='ltr'>ὡς</span> <span class='ocrx_word' id='word_1_66' title='bbox 315 1281 444 1352; x_wconf 84' lang='grc' dir='ltr'>μηδ’</span> <span class='ocrx_word' id='word_1_67' title='bbox 474 1282 540 1334; x_wconf 75' lang='grc' dir='ltr'><strong>ἂν</strong></span> <span class='ocrx_word' id='word_1_68' title='bbox 562 1281 598 1350; x_wconf 71' lang='grc' dir='ltr'>ἦ</span> <span class='ocrx_word' id='word_1_69' title='bbox 623 1297 672 1333; x_wconf 78' lang='grc' dir='ltr'><strong>τι</strong></span> <span class='ocrx_word' id='word_1_70' title='bbox 698 1281 792 1333; x_wconf 67' lang='grc' dir='ltr'>καὶ</span> <span class='ocrx_word' id='word_1_71' title='bbox 819 1277 980 1331; x_wconf 81' lang='grc' dir='ltr'>πάθοι</span> <span class='ocrx_word' id='word_1_72' title='bbox 1009 1278 1280 1346; x_wconf 84' lang='grc' dir='ltr'>Λογγῖνος</span> <span class='ocrx_word' id='word_1_73' title='bbox 1320 1275 1486 1340; x_wconf 81' lang='grc' dir='ltr'>ἀξίαν</span> <span class='ocrx_word' id='word_1_74' title='bbox 1522 1273 1685 1328; x_wconf 75' lang='grc' dir='ltr'>αὑτὸν</span> <span class='ocrx_word' id='word_1_75' title='bbox 1710 1276 1823 1327; x_wconf 86' lang='grc' dir='ltr'>είσ-</span> 
     </span>
    </p>
   </div>
   <div class='ocr_carea' id='block_1_14' title="bbox 213 1365 1821 1446">
    <p class='ocr_par' dir='ltr' id='par_1_14' title="bbox 213 1365 1821 1446">
     <span class='ocr_line' id='line_1_14' title="bbox 213 1365 1821 1446; baseline -0.004 -20"><span class='ocrx_word' id='word_1_76' title='bbox 213 1373 532 1446; x_wconf 74' lang='grc' dir='ltr'>πράξασθαι</span> <span class='ocrx_word' id='word_1_77' title='bbox 562 1372 838 1444; x_wconf 81' lang='grc' dir='ltr'><strong>τιμωρίαν</strong></span> <span class='ocrx_word' id='word_1_78' title='bbox 863 1369 1198 1439; x_wconf 87' lang='grc' dir='ltr'>ποιούμενοι.</span> <span class='ocrx_word' id='word_1_79' title='bbox 1219 1365 1529 1420; x_wconf 79' lang='grc' dir='ltr'>Ἐντεῦθεν</span> <span class='ocrx_word' id='word_1_80' title='bbox 1556 1369 1632 1430; x_wconf 84' lang='grc' dir='ltr'><strong>είς</strong></span> <span class='ocrx_word' id='word_1_81' title='bbox 1652 1367 1821 1431; x_wconf 82' lang='grc' dir='ltr'>ἀκοὰς</span> 
     </span>
    </p>
   </div>
   <div class='ocr_carea' id='block_1_15' title="bbox 212 1455 1823 1534">
    <p class='ocr_par' dir='ltr' id='par_1_15' title="bbox 212 1455 1823 1534">
     <span class='ocr_line' id='line_1_15' title="bbox 212 1455 1823 1534; baseline -0.003 -20"><span class='ocrx_word' id='word_1_82' title='bbox 212 1466 334 1534; x_wconf 65' lang='grc' dir='ltr'>ἥκει</span> <span class='ocrx_word' id='word_1_83' title='bbox 373 1462 634 1532; x_wconf 78' lang='grc' dir='ltr'><strong>Λογγίνῳ</strong></span> <span class='ocrx_word' id='word_1_84' title='bbox 686 1463 746 1514; x_wconf 81' lang='grc' dir='ltr'><strong>τὸ</strong></span> <span class='ocrx_word' id='word_1_85' title='bbox 782 1463 1039 1529; x_wconf 76' lang='grc' dir='ltr'>πρᾶγμα,</span> <span class='ocrx_word' id='word_1_86' title='bbox 1089 1460 1182 1511; x_wconf 75' lang='grc' dir='ltr'><strong>καὶ</strong></span> <span class='ocrx_word' id='word_1_87' title='bbox 1214 1455 1368 1526; x_wconf 79' lang='grc' dir='ltr'>δῆλα</span> <span class='ocrx_word' id='word_1_88' title='bbox 1396 1457 1476 1510; x_wconf 80' lang='grc' dir='ltr'>τὰ</span> <span class='ocrx_word' id='word_1_89' title='bbox 1511 1455 1612 1525; x_wconf 84' lang='grc' dir='ltr'>τῆς</span> <span class='ocrx_word' id='word_1_90' title='bbox 1652 1458 1823 1528; x_wconf 83' lang='grc' dir='ltr'>ὀργῆς</span> 
     </span>
    </p>
   </div>
   <div class='ocr_carea' id='block_1_16' title="bbox 214 1548 1823 1625">
    <p class='ocr_par' dir='ltr' id='par_1_16' title="bbox 214 1548 1823 1625">
     <span class='ocr_line' id='line_1_16' title="bbox 214 1548 1823 1625; baseline -0.005 -16"><span class='ocrx_word' id='word_1_91' title='bbox 214 1560 479 1625; x_wconf 69' lang='grc' dir='ltr'>ἐγίνοντο,</span> <span class='ocrx_word' id='word_1_92' title='bbox 536 1553 751 1609; x_wconf 68' lang='grc' dir='ltr'>καὶδιὰ</span> <span class='ocrx_word' id='word_1_93' title='bbox 801 1553 961 1605; x_wconf 77' lang='grc' dir='ltr'>τοῦτο</span> <span class='ocrx_word' id='word_1_94' title='bbox 1028 1549 1562 1622; x_wconf 82' lang='grc' dir='ltr'>παραῤῥιπτεῖσθαι</span> <span class='ocrx_word' id='word_1_95' title='bbox 1619 1548 1823 1619; x_wconf 81' lang='grc' dir='ltr'>μᾶλλον</span> 
     </span>
    </p>
   </div>
   <div class='ocr_carea' id='block_1_17' title="bbox 214 1640 1820 1721">
    <p class='ocr_par' dir='ltr' id='par_1_17' title="bbox 214 1640 1820 1721">
     <span class='ocr_line' id='line_1_17' title="bbox 214 1640 1820 1721; baseline -0.005 -19"><span class='ocrx_word' id='word_1_96' title='bbox 214 1650 440 1721; x_wconf 70' lang='grc' dir='ltr'>Χριστῷ</span> <span class='ocrx_word' id='word_1_97' title='bbox 472 1649 506 1717; x_wconf 82' lang='grc' dir='ltr'>ἦ</span> <span class='ocrx_word' id='word_1_98' title='bbox 543 1651 659 1709; x_wconf 88' lang='grc' dir='ltr'>τοῖς</span> <span class='ocrx_word' id='word_1_99' title='bbox 689 1646 794 1699; x_wconf 90' lang='grc' dir='ltr'><strong>τῶν</strong></span> <span class='ocrx_word' id='word_1_100' title='bbox 828 1644 1098 1698; x_wconf 75' lang='grc' dir='ltr'>Ἰουδαίων</span> <span class='ocrx_word' id='word_1_101' title='bbox 1119 1643 1300 1695; x_wconf 83' lang='grc' dir='ltr'>οίκεῖν</span> <span class='ocrx_word' id='word_1_102' title='bbox 1327 1640 1662 1710; x_wconf 77' lang='grc' dir='ltr'>σκηνώμασι</span> <span class='ocrx_word' id='word_1_103' title='bbox 1686 1658 1820 1709; x_wconf 86' lang='grc' dir='ltr'>προ-</span> 
     </span>
    </p>
   </div>
   <div class='ocr_carea' id='block_1_18' title="bbox 215 1732 1821 1810">
    <p class='ocr_par' dir='ltr' id='par_1_18' title="bbox 215 1732 1821 1810">
     <span class='ocr_line' id='line_1_18' title="bbox 215 1732 1821 1810; baseline -0.006 -16"><span class='ocrx_word' id='word_1_104' title='bbox 215 1741 585 1810; x_wconf 78' lang='grc' dir='ltr'>θυμούμενος,</span> <span class='ocrx_word' id='word_1_105' title='bbox 605 1742 672 1807; x_wconf 80' lang='grc' dir='ltr'><strong>τῇ</strong></span> <span class='ocrx_word' id='word_1_106' title='bbox 691 1738 784 1788; x_wconf 84' lang='grc' dir='ltr'>τοῦ</span> <span class='ocrx_word' id='word_1_107' title='bbox 805 1736 1117 1804; x_wconf 81' lang='grc' dir='ltr'>ἀξιώματος</span> <span class='ocrx_word' id='word_1_108' title='bbox 1147 1732 1394 1802; x_wconf 75' lang='grc' dir='ltr'><strong>χλαμύδι</strong></span> <span class='ocrx_word' id='word_1_109' title='bbox 1433 1735 1533 1784; x_wconf 80' lang='grc' dir='ltr'><strong>καὶ</strong></span> <span class='ocrx_word' id='word_1_110' title='bbox 1561 1732 1705 1804; x_wconf 77' lang='grc' dir='ltr'><strong>ζώνῃ</strong></span> <span class='ocrx_word' id='word_1_111' title='bbox 1729 1734 1821 1785; x_wconf 75' lang='grc' dir='ltr'>καὶ</span> 
     </span>
    </p>
   </div>
   <div class='ocr_carea' id='block_1_19' title="bbox 211 1822 1816 1903">
    <p class='ocr_par' dir='ltr' id='par_1_19' title="bbox 211 1822 1816 1903">
     <span class='ocr_line' id='line_1_19' title="bbox 211 1822 1816 1903; baseline -0.006 -18"><span class='ocrx_word' id='word_1_112' title='bbox 211 1834 308 1903; x_wconf 78' lang='grc' dir='ltr'>τὴν</span> <span class='ocrx_word' id='word_1_113' title='bbox 359 1830 660 1901; x_wconf 81' lang='grc' dir='ltr'>στρατείαν</span> <span class='ocrx_word' id='word_1_114' title='bbox 694 1829 886 1893; x_wconf 68' lang='grc' dir='ltr'>αὐτὴν,</span> <span class='ocrx_word' id='word_1_115' title='bbox 920 1825 1081 1889; x_wconf 77' lang='grc' dir='ltr'>εὐθὺς</span> <span class='ocrx_word' id='word_1_116' title='bbox 1109 1826 1185 1889; x_wconf 83' lang='grc' dir='ltr'>ὡς</span> <span class='ocrx_word' id='word_1_117' title='bbox 1234 1822 1358 1894; x_wconf 74' lang='grc' dir='ltr'>εἶχε</span> <span class='ocrx_word' id='word_1_118' title='bbox 1389 1826 1816 1889; x_wconf 81' lang='grc' dir='ltr'>αυναποδύεται,</span> 
     </span>
    </p>
   </div>
   <div class='ocr_carea' id='block_1_20' title="bbox 1937 633 3514 703">
    <p class='ocr_par' dir='ltr' id='par_1_20' title="bbox 1937 633 3514 703">
     <span class='ocr_line' id='line_1_20' title="bbox 1937 633 3514 703; baseline 0.01 -23"><span class='ocrx_word' id='word_1_119' title='bbox 1937 640 2245 697; x_wconf 83' lang='lat' dir='ltr'><strong>surreptqu</strong></span> <span class='ocrx_word' id='word_1_120' title='bbox 2283 649 2294 683; x_wconf 88' lang='lat'>:</span> <span class='ocrx_word' id='word_1_121' title='bbox 2331 634 2423 686; x_wconf 85' lang='lat' dir='ltr'><strong>sed</strong></span> <span class='ocrx_word' id='word_1_122' title='bbox 2471 633 2648 703; x_wconf 77' lang='lat' dir='ltr'><strong>lingua</strong></span> <span class='ocrx_word' id='word_1_123' title='bbox 2675 647 2729 690; x_wconf 90' lang='lat' dir='ltr'><strong>et</strong></span> <span class='ocrx_word' id='word_1_124' title='bbox 2761 647 2936 694; x_wconf 90' lang='lat' dir='ltr'><strong>mente</strong></span> <span class='ocrx_word' id='word_1_125' title='bbox 2968 639 3132 695; x_wconf 90' lang='lat' dir='ltr'><strong>libera</strong></span> <span class='ocrx_word' id='word_1_126' title='bbox 3163 657 3287 696; x_wconf 89' lang='lat' dir='ltr'><strong>eum</strong></span> <span class='ocrx_word' id='word_1_127' title='bbox 3329 656 3514 696; x_wconf 86' lang='lat' dir='ltr'><strong>verum</strong></span> 
     </span>
    </p>
   </div>
   <div class='ocr_carea' id='block_1_21' title="bbox 1937 719 3516 792">
    <p class='ocr_par' dir='ltr' id='par_1_21' title="bbox 1937 719 3516 792">
     <span class='ocr_line' id='line_1_21' title="bbox 1937 719 3516 792; baseline 0.013 -22"><span class='ocrx_word' id='word_1_128' title='bbox 1937 733 2055 775; x_wconf 87' lang='lat' dir='ltr'><strong>esse</strong></span> <span class='ocrx_word' id='word_1_129' title='bbox 2108 719 2275 775; x_wconf 83' lang='lat' dir='ltr'><strong>Deum</strong></span> <span class='ocrx_word' id='word_1_130' title='bbox 2326 725 2653 792; x_wconf 58' lang='lat' dir='ltr'><strong>praedicarit,</strong></span> <span class='ocrx_word' id='word_1_131' title='bbox 2687 739 2736 782; x_wconf 89' lang='lat' dir='ltr'><strong>et</strong></span> <span class='ocrx_word' id='word_1_132' title='bbox 2768 745 2797 783; x_wconf 94' lang='lat' dir='ltr'><strong>e</strong></span> <span class='ocrx_word' id='word_1_133' title='bbox 2828 733 3053 787; x_wconf 84' lang='lat' dir='ltr'><strong>mortuis</strong></span> <span class='ocrx_word' id='word_1_134' title='bbox 3080 748 3198 788; x_wconf 87' lang='lat' dir='ltr'><strong>esse</strong></span> <span class='ocrx_word' id='word_1_135' title='bbox 3224 737 3516 791; x_wconf 76' lang='lat' dir='ltr'><strong>excitatum</strong></span> 
     </span>
    </p>
   </div>
   <div class='ocr_carea' id='block_1_22' title="bbox 1937 810 3517 893">
    <p class='ocr_par' dir='ltr' id='par_1_22' title="bbox 1937 810 3517 893">
     <span class='ocr_line' id='line_1_22' title="bbox 1937 810 3517 893; baseline 0.011 -30"><span class='ocrx_word' id='word_1_136' title='bbox 1937 810 2304 866; x_wconf 85' lang='lat' dir='ltr'><strong>aiIirmaverit.</strong></span> <span class='ocrx_word' id='word_1_137' title='bbox 2347 815 2463 880; x_wconf 87' lang='lat' dir='ltr'><strong>Quo</strong></span> <span class='ocrx_word' id='word_1_138' title='bbox 2508 818 2705 871; x_wconf 80' lang='lat' dir='ltr'><strong>factum</strong></span> <span class='ocrx_word' id='word_1_139' title='bbox 2737 830 2839 886; x_wconf 83' lang='lat' dir='ltr'><strong>est,</strong></span> <span class='ocrx_word' id='word_1_140' title='bbox 2889 830 2945 874; x_wconf 90' lang='lat' dir='ltr'><strong>ut</strong></span> <span class='ocrx_word' id='word_1_141' title='bbox 2977 831 3030 877; x_wconf 92' lang='lat' dir='ltr'><strong>et</strong></span> <span class='ocrx_word' id='word_1_142' title='bbox 3061 823 3174 893; x_wconf 81' lang='lat' dir='ltr'><strong>ipse</strong></span> <span class='ocrx_word' id='word_1_143' title='bbox 3202 824 3428 893; x_wconf 87' lang='lat' dir='ltr'><strong>Pilatus,</strong></span> <span class='ocrx_word' id='word_1_144' title='bbox 3463 835 3517 882; x_wconf 86' lang='lat' dir='ltr'><strong>et</strong></span> 
     </span>
    </p>
   </div>
   <div class='ocr_carea' id='block_1_23' title="bbox 1935 901 3516 987">
    <p class='ocr_par' dir='ltr' id='par_1_23' title="bbox 1935 901 3516 987">
     <span class='ocr_line' id='line_1_23' title="bbox 1935 901 3516 987; baseline 0.01 -31"><span class='ocrx_word' id='word_1_145' title='bbox 1935 901 2242 958; x_wconf 71' lang='lat' dir='ltr'><strong>Judteorum</strong></span> <span class='ocrx_word' id='word_1_146' title='bbox 2291 920 2575 978; x_wconf 62' lang='lat' dir='ltr'><strong>synagogas</strong></span> <span class='ocrx_word' id='word_1_147' title='bbox 2607 909 2904 980; x_wconf 85' lang='lat' dir='ltr'><strong>principes,</strong></span> <span class='ocrx_word' id='word_1_148' title='bbox 2939 908 3198 970; x_wconf 77' lang='lat' dir='ltr'><strong>invidiam</strong></span> <span class='ocrx_word' id='word_1_149' title='bbox 3235 932 3338 986; x_wconf 87' lang='lat' dir='ltr'><strong>qua</strong></span> <span class='ocrx_word' id='word_1_150' title='bbox 3368 919 3516 987; x_wconf 86' lang='lat' dir='ltr'><strong>prius</strong></span> 
     </span>
    </p>
   </div>
   <div class='ocr_carea' id='block_1_24' title="bbox 1936 997 3515 1073">
    <p class='ocr_par' dir='ltr' id='par_1_24' title="bbox 1936 997 3515 1073">
     <span class='ocr_line' id='line_1_24' title="bbox 1936 997 3515 1073; baseline 0.01 -25"><span class='ocrx_word' id='word_1_151' title='bbox 1936 997 2294 1050; x_wconf 80' lang='lat' dir='ltr'><strong>movebantur</strong></span> <span class='ocrx_word' id='word_1_152' title='bbox 2340 999 2393 1052; x_wconf 89' lang='lat' dir='ltr'><strong>in</strong></span> <span class='ocrx_word' id='word_1_153' title='bbox 2447 999 2746 1067; x_wconf 90' lang='lat' dir='ltr'><strong>Christum,</strong></span> <span class='ocrx_word' id='word_1_154' title='bbox 2773 1013 2827 1058; x_wconf 94' lang='lat' dir='ltr'><strong>et</strong></span> <span class='ocrx_word' id='word_1_155' title='bbox 2873 1021 3034 1073; x_wconf 87' lang='lat' dir='ltr'><strong>quem</strong></span> <span class='ocrx_word' id='word_1_156' title='bbox 3075 1008 3127 1062; x_wconf 91' lang='lat' dir='ltr'><strong>in</strong></span> <span class='ocrx_word' id='word_1_157' title='bbox 3167 1023 3288 1062; x_wconf 91' lang='lat' dir='ltr'><strong>eum</strong></span> <span class='ocrx_word' id='word_1_158' title='bbox 3335 1009 3515 1064; x_wconf 89' lang='lat' dir='ltr'><strong>animo</strong></span> 
     </span>
    </p>
   </div>
   <div class='ocr_carea' id='block_1_25' title="bbox 1934 1087 3510 1167">
    <p class='ocr_par' dir='ltr' id='par_1_25' title="bbox 1934 1087 3510 1167">
     <span class='ocr_line' id='line_1_25' title="bbox 1934 1087 3510 1167; baseline 0.009 -29"><span class='ocrx_word' id='word_1_159' title='bbox 1934 1087 2318 1155; x_wconf 87' lang='lat' dir='ltr'><strong>concipiebant</strong></span> <span class='ocrx_word' id='word_1_160' title='bbox 2375 1090 2652 1158; x_wconf 77' lang='lat' dir='ltr'><strong>furorem,</strong></span> <span class='ocrx_word' id='word_1_161' title='bbox 2712 1109 2836 1148; x_wconf 90' lang='lat' dir='ltr'><strong>eum</strong></span> <span class='ocrx_word' id='word_1_162' title='bbox 2888 1111 3037 1151; x_wconf 90' lang='lat' dir='ltr'><strong>nunc</strong></span> <span class='ocrx_word' id='word_1_163' title='bbox 3100 1099 3152 1151; x_wconf 89' lang='lat' dir='ltr'><strong>in</strong></span> <span class='ocrx_word' id='word_1_164' title='bbox 3216 1100 3510 1167; x_wconf 78' lang='lat' dir='ltr'><strong>Longinum</strong></span> 
     </span>
    </p>
   </div>
   <div class='ocr_carea' id='block_1_26' title="bbox 1936 1174 3513 1256">
    <p class='ocr_par' dir='ltr' id='par_1_26' title="bbox 1936 1174 3513 1256">
     <span class='ocr_line' id='line_1_26' title="bbox 1936 1174 3513 1256; baseline 0.009 -29"><span class='ocrx_word' id='word_1_165' title='bbox 1936 1174 2314 1242; x_wconf 76' lang='lat' dir='ltr'><strong>transferrent,</strong></span> <span class='ocrx_word' id='word_1_166' title='bbox 2342 1178 2389 1232; x_wconf 93' lang='lat' dir='ltr'><strong>ei</strong></span> <span class='ocrx_word' id='word_1_167' title='bbox 2429 1180 2565 1234; x_wconf 88' lang='lat' dir='ltr'><strong>adeo</strong></span> <span class='ocrx_word' id='word_1_168' title='bbox 2606 1181 2925 1248; x_wconf 81' lang='lat' dir='ltr'><strong>irascentes,</strong></span> <span class='ocrx_word' id='word_1_169' title='bbox 2961 1193 3018 1238; x_wconf 92' lang='lat' dir='ltr'><strong>ut</strong></span> <span class='ocrx_word' id='word_1_170' title='bbox 3062 1187 3318 1254; x_wconf 81' lang='lat' dir='ltr'><strong>quidquid</strong></span> <span class='ocrx_word' id='word_1_171' title='bbox 3347 1197 3513 1256; x_wconf 79' lang='lat' dir='ltr'><strong>pate-</strong></span> 
     </span>
    </p>
   </div>
   <div class='ocr_carea' id='block_1_27' title="bbox 1934 1265 3511 1336">
    <p class='ocr_par' dir='ltr' id='par_1_27' title="bbox 1934 1265 3511 1336">
     <span class='ocr_line' id='line_1_27' title="bbox 1934 1265 3511 1336; baseline 0.009 -20"><span class='ocrx_word' id='word_1_172' title='bbox 1934 1273 2084 1319; x_wconf 89' lang='lat' dir='ltr'><strong>retur</strong></span> <span class='ocrx_word' id='word_1_173' title='bbox 2128 1265 2430 1336; x_wconf 79' lang='lat' dir='ltr'><strong>Longinus,</strong></span> <span class='ocrx_word' id='word_1_174' title='bbox 2464 1270 2848 1326; x_wconf 80' lang='lat' dir='ltr'><strong>existimarent</strong></span> <span class='ocrx_word' id='word_1_175' title='bbox 2892 1288 3015 1329; x_wconf 89' lang='lat' dir='ltr'><strong>eum</strong></span> <span class='ocrx_word' id='word_1_176' title='bbox 3052 1290 3158 1328; x_wconf 90' lang='lat' dir='ltr'><strong>non</strong></span> <span class='ocrx_word' id='word_1_177' title='bbox 3187 1278 3322 1329; x_wconf 84' lang='lat' dir='ltr'><strong>satis</strong></span> <span class='ocrx_word' id='word_1_178' title='bbox 3355 1278 3511 1330; x_wconf 83' lang='lat' dir='ltr'><strong>datu-</strong></span> 
     </span>
    </p>
   </div>
   <div class='ocr_carea' id='block_1_28' title="bbox 1933 1360 3512 1429">
    <p class='ocr_par' dir='ltr' id='par_1_28' title="bbox 1933 1360 3512 1429">
     <span class='ocr_line' id='line_1_28' title="bbox 1933 1360 3512 1429; baseline 0.01 -21"><span class='ocrx_word' id='word_1_179' title='bbox 1933 1368 2052 1408; x_wconf 88' lang='lat' dir='ltr'><strong>rum</strong></span> <span class='ocrx_word' id='word_1_180' title='bbox 2097 1369 2218 1411; x_wconf 86' lang='lat' dir='ltr'><strong>esse</strong></span> <span class='ocrx_word' id='word_1_181' title='bbox 2267 1372 2574 1429; x_wconf 67' lang='lat' dir='ltr'><strong>pinnarum.</strong></span> <span class='ocrx_word' id='word_1_182' title='bbox 2623 1360 2761 1416; x_wconf 89' lang='lat' dir='ltr'><strong>Hinc</strong></span> <span class='ocrx_word' id='word_1_183' title='bbox 2804 1378 2865 1416; x_wconf 89' lang='lat' dir='ltr'><strong>ea</strong></span> <span class='ocrx_word' id='word_1_184' title='bbox 2919 1379 3007 1420; x_wconf 84' lang='lat' dir='ltr'><strong>res</strong></span> <span class='ocrx_word' id='word_1_185' title='bbox 3045 1367 3191 1420; x_wconf 83' lang='lat' dir='ltr'><strong>venit</strong></span> <span class='ocrx_word' id='word_1_186' title='bbox 3244 1369 3309 1422; x_wconf 88' lang='lat' dir='ltr'><strong>ad</strong></span> <span class='ocrx_word' id='word_1_187' title='bbox 3352 1383 3512 1424; x_wconf 84' lang='lat' dir='ltr'><strong>aures</strong></span> 
     </span>
    </p>
   </div>
   <div class='ocr_carea' id='block_1_29' title="bbox 1933 1444 3514 1527">
    <p class='ocr_par' dir='ltr' id='par_1_29' title="bbox 1933 1444 3514 1527">
     <span class='ocr_line' id='line_1_29' title="bbox 1933 1444 3514 1527; baseline 0.006 -27"><span class='ocrx_word' id='word_1_188' title='bbox 1933 1444 2181 1517; x_wconf 89' lang='lat' dir='ltr'><strong>Longini.</strong></span> <span class='ocrx_word' id='word_1_189' title='bbox 2207 1456 2259 1503; x_wconf 91' lang='lat' dir='ltr'><strong>et</strong></span> <span class='ocrx_word' id='word_1_190' title='bbox 2285 1464 2476 1504; x_wconf 90' lang='lat' dir='ltr'><strong>eorum</strong></span> <span class='ocrx_word' id='word_1_191' title='bbox 2511 1452 2591 1505; x_wconf 88' lang='lat' dir='ltr'><strong>ira</strong></span> <span class='ocrx_word' id='word_1_192' title='bbox 2623 1450 2791 1506; x_wconf 83' lang='lat' dir='ltr'><strong>fuitei</strong></span> <span class='ocrx_word' id='word_1_193' title='bbox 2823 1455 3148 1522; x_wconf 77' lang='lat' dir='ltr'><strong>significata.</strong></span> <span class='ocrx_word' id='word_1_194' title='bbox 3174 1457 3514 1527; x_wconf 79' lang='lat' dir='ltr'><strong>Quapropter</strong></span> 
     </span>
    </p>
   </div>
   <div class='ocr_carea' id='block_1_30' title="bbox 1932 1537 3509 1615">
    <p class='ocr_par' dir='ltr' id='par_1_30' title="bbox 1932 1537 3509 1615">
     <span class='ocr_line' id='line_1_30' title="bbox 1932 1537 3509 1615; baseline 0.007 -23"><span class='ocrx_word' id='word_1_195' title='bbox 1932 1538 2103 1607; x_wconf 88' lang='lat' dir='ltr'><strong>magis</strong></span> <span class='ocrx_word' id='word_1_196' title='bbox 2133 1537 2320 1594; x_wconf 86' lang='lat' dir='ltr'><strong>volens</strong></span> <span class='ocrx_word' id='word_1_197' title='bbox 2349 1540 2507 1609; x_wconf 83' lang='lat' dir='ltr'><strong>ahjici</strong></span> <span class='ocrx_word' id='word_1_198' title='bbox 2542 1557 2667 1597; x_wconf 90' lang='lat' dir='ltr'><strong>cum</strong></span> <span class='ocrx_word' id='word_1_199' title='bbox 2696 1542 2936 1607; x_wconf 87' lang='lat' dir='ltr'><strong>Christo.</strong></span> <span class='ocrx_word' id='word_1_200' title='bbox 2975 1561 3131 1615; x_wconf 88' lang='lat' dir='ltr'><strong>quam</strong></span> <span class='ocrx_word' id='word_1_201' title='bbox 3166 1548 3414 1603; x_wconf 85' lang='lat' dir='ltr'><strong>habitare</strong></span> <span class='ocrx_word' id='word_1_202' title='bbox 3454 1551 3509 1603; x_wconf 90' lang='lat' dir='ltr'><strong>in</strong></span> 
     </span>
    </p>
   </div>
   <div class='ocr_carea' id='block_1_31' title="bbox 1933 1634 3513 1716">
    <p class='ocr_par' dir='ltr' id='par_1_31' title="bbox 1933 1634 3513 1716">
     <span class='ocr_line' id='line_1_31' title="bbox 1933 1634 3513 1716; baseline 0.008 -31"><span class='ocrx_word' id='word_1_203' title='bbox 1933 1634 2297 1691; x_wconf 77' lang='lat' dir='ltr'><strong>tabernaculis</strong></span> <span class='ocrx_word' id='word_1_204' title='bbox 2324 1636 2655 1707; x_wconf 67' lang='lat' dir='ltr'><strong>Judzeorum,</strong></span> <span class='ocrx_word' id='word_1_205' title='bbox 2684 1655 2806 1694; x_wconf 91' lang='lat' dir='ltr'><strong>cum</strong></span> <span class='ocrx_word' id='word_1_206' title='bbox 2838 1651 2987 1698; x_wconf 86' lang='lat' dir='ltr'><strong>veste</strong></span> <span class='ocrx_word' id='word_1_207' title='bbox 3018 1653 3072 1697; x_wconf 94' lang='lat' dir='ltr'><strong>et</strong></span> <span class='ocrx_word' id='word_1_208' title='bbox 3097 1645 3313 1713; x_wconf 90' lang='lat' dir='ltr'><strong>cingulo</strong></span> <span class='ocrx_word' id='word_1_209' title='bbox 3336 1646 3513 1716; x_wconf 75' lang='lat' dir='ltr'><strong>digni-</strong></span> 
     </span>
    </p>
   </div>
   <div class='ocr_carea' id='block_1_32' title="bbox 1935 1725 3507 1801">
    <p class='ocr_par' dir='ltr' id='par_1_32' title="bbox 1935 1725 3507 1801">
     <span class='ocr_line' id='line_1_32' title="bbox 1935 1725 3507 1801; baseline 0.009 -25"><span class='ocrx_word' id='word_1_210' title='bbox 1935 1725 2084 1788; x_wconf 86' lang='lat' dir='ltr'><strong>tatis,</strong></span> <span class='ocrx_word' id='word_1_211' title='bbox 2117 1725 2286 1793; x_wconf 87' lang='lat' dir='ltr'><strong>ipsam</strong></span> <span class='ocrx_word' id='word_1_212' title='bbox 2315 1742 2528 1796; x_wconf 88' lang='lat' dir='ltr'><strong>quoque</strong></span> <span class='ocrx_word' id='word_1_213' title='bbox 2557 1731 2718 1783; x_wconf 85' lang='lat' dir='ltr'><strong>simul</strong></span> <span class='ocrx_word' id='word_1_214' title='bbox 2751 1733 3152 1801; x_wconf 84' lang='lat' dir='ltr'><strong>quamprimum</strong></span> <span class='ocrx_word' id='word_1_215' title='bbox 3183 1736 3332 1790; x_wconf 79' lang='lat' dir='ltr'><strong>exuit</strong></span> <span class='ocrx_word' id='word_1_216' title='bbox 3366 1739 3507 1790; x_wconf 85' lang='lat' dir='ltr'><strong>mili-</strong></span> 
     </span>
    </p>
   </div>
   <div class='ocr_carea' id='block_1_33' title="bbox 1931 1817 3508 1898">
    <p class='ocr_par' dir='ltr' id='par_1_33' title="bbox 1931 1817 3508 1898">
     <span class='ocr_line' id='line_1_33' title="bbox 1931 1817 3508 1898; baseline 0.008 -28"><span class='ocrx_word' id='word_1_217' title='bbox 1931 1817 2079 1872; x_wconf 86' lang='lat' dir='ltr'><strong>tiam.</strong></span> <span class='ocrx_word' id='word_1_218' title='bbox 2126 1818 2192 1872; x_wconf 88' lang='lat' dir='ltr'><strong>Et</strong></span> <span class='ocrx_word' id='word_1_219' title='bbox 2237 1825 2475 1890; x_wconf 89' lang='lat' dir='ltr'><strong>acceptis</strong></span> <span class='ocrx_word' id='word_1_220' title='bbox 2523 1824 2733 1878; x_wconf 87' lang='lat' dir='ltr'><strong>duobus</strong></span> <span class='ocrx_word' id='word_1_221' title='bbox 2781 1825 3066 1887; x_wconf 88' lang='lat' dir='ltr'><strong>militibus.</strong></span> <span class='ocrx_word' id='word_1_222' title='bbox 3116 1829 3206 1898; x_wconf 91' lang='lat' dir='ltr'><strong>qui</strong></span> <span class='ocrx_word' id='word_1_223' title='bbox 3237 1827 3508 1886; x_wconf 74' lang='lat' dir='ltr'><strong>habebant</strong></span> 
     </span>
    </p>
   </div>
   <div class='ocr_carea' id='block_1_34' title="bbox 210 1901 1808 1990">
    <p class='ocr_par' dir='ltr' id='par_1_34' title="bbox 210 1901 1808 1990">
     <span class='ocr_line' id='line_1_34' title="bbox 210 1901 1808 1990; baseline -0.006 -11"><span class='ocrx_word' id='word_1_224' title='bbox 210 1901 302 1979; x_wconf 68' lang='lat' dir='ltr'><strong>atati.</strong></span> <span class='ocrx_word' id='word_1_225' title='bbox 333 1924 431 1978; x_wconf 82' lang='grc' dir='ltr'><strong>δύο</strong></span> <span class='ocrx_word' id='word_1_226' title='bbox 462 1925 617 1985; x_wconf 70' lang='grc' dir='ltr'>τινᾶς</span> <span class='ocrx_word' id='word_1_227' title='bbox 641 1923 731 1975; x_wconf 73' lang='grc' dir='ltr'>τὸν</span> <span class='ocrx_word' id='word_1_228' title='bbox 758 1922 946 1990; x_wconf 85' lang='grc' dir='ltr'>ὅμοιον</span> <span class='ocrx_word' id='word_1_229' title='bbox 994 1918 1147 1988; x_wconf 84' lang='grc' dir='ltr'>αὑτῷ</span> <span class='ocrx_word' id='word_1_230' title='bbox 1171 1918 1345 1988; x_wconf 76' lang='grc' dir='ltr'>ζῆλον</span> <span class='ocrx_word' id='word_1_231' title='bbox 1382 1917 1530 1988; x_wconf 83' lang='grc' dir='ltr'>ὑπὲρ</span> <span class='ocrx_word' id='word_1_232' title='bbox 1579 1917 1808 1988; x_wconf 77' lang='grc' dir='ltr'>Χριστοῐ</span> 
     </span>
    </p>
   </div>
   <div class='ocr_carea' id='block_1_35' title="bbox 1912 1901 3508 1990">
    <p class='ocr_par' dir='ltr' id='par_1_35' title="bbox 1926 1912 3508 1986">
     <span class='ocr_line' id='line_1_35' title="bbox 1926 1912 3508 1986; baseline 0.008 -23"><span class='ocrx_word' id='word_1_233' title='bbox 1926 1913 2177 1966; x_wconf 90' lang='lat' dir='ltr'><strong>eumdem</strong></span> <span class='ocrx_word' id='word_1_234' title='bbox 2225 1912 2397 1968; x_wconf 81' lang='lat' dir='ltr'><strong>zelum</strong></span> <span class='ocrx_word' id='word_1_235' title='bbox 2443 1930 2541 1983; x_wconf 90' lang='lat' dir='ltr'><strong>pro</strong></span> <span class='ocrx_word' id='word_1_236' title='bbox 2593 1914 2816 1972; x_wconf 88' lang='lat' dir='ltr'><strong>Christo</strong></span> <span class='ocrx_word' id='word_1_237' title='bbox 2867 1929 2920 1972; x_wconf 88' lang='lat' dir='ltr'><strong>et</strong></span> <span class='ocrx_word' id='word_1_238' title='bbox 2966 1921 3218 1986; x_wconf 78' lang='lat' dir='ltr'><strong>veritate,</strong></span> <span class='ocrx_word' id='word_1_239' title='bbox 3276 1924 3508 1978; x_wconf 86' lang='lat' dir='ltr'><strong>declinat</strong></span> 
     </span>
    </p>
   </div>
   <div class='ocr_carea' id='block_1_36' title="bbox 212 2001 1818 2087">
    <p class='ocr_par' dir='ltr' id='par_1_36' title="bbox 212 2011 1818 2087">
     <span class='ocr_line' id='line_1_36' title="bbox 212 2011 1818 2087; baseline -0.004 -16"><span class='ocrx_word' id='word_1_240' title='bbox 212 2022 302 2072; x_wconf 73' lang='grc' dir='ltr'>καὶ</span> <span class='ocrx_word' id='word_1_241' title='bbox 332 2019 436 2086; x_wconf 76' lang='grc' dir='ltr'>τῆς</span> <span class='ocrx_word' id='word_1_242' title='bbox 462 2017 728 2087; x_wconf 79' lang='grc' dir='ltr'>ἀληθείας</span> <span class='ocrx_word' id='word_1_243' title='bbox 779 2013 1008 2084; x_wconf 73' lang='grc' dir='ltr'>ἔχοντας</span> <span class='ocrx_word' id='word_1_244' title='bbox 1077 2011 1425 2082; x_wconf 78' lang='grc' dir='ltr'>παραλαὸὼν</span> <span class='ocrx_word' id='word_1_245' title='bbox 1453 2011 1818 2080; x_wconf 77' lang='grc' dir='ltr'>στρατιώτας,</span> 
     </span>
    </p>
   </div>
   <div class='ocr_carea' id='block_1_37' title="bbox 211 2101 1816 2175">
    <p class='ocr_par' dir='ltr' id='par_1_37' title="bbox 211 2101 1816 2175">
     <span class='ocr_line' id='line_1_37' title="bbox 211 2101 1816 2175; baseline -0.002 -15"><span class='ocrx_word' id='word_1_246' title='bbox 211 2111 304 2171; x_wconf 72' lang='grc' dir='ltr'>τὰς</span> <span class='ocrx_word' id='word_1_247' title='bbox 339 2109 489 2162; x_wconf 83' lang='grc' dir='ltr'><strong>κατά</strong></span> <span class='ocrx_word' id='word_1_248' title='bbox 523 2107 727 2175; x_wconf 80' lang='grc' dir='ltr'>πλῆθος</span> <span class='ocrx_word' id='word_1_249' title='bbox 753 2104 994 2157; x_wconf 75' lang='grc' dir='ltr'>ἐκκλίνει</span> <span class='ocrx_word' id='word_1_250' title='bbox 1020 2101 1337 2171; x_wconf 75' lang='grc' dir='ltr'>διατριϐὰς,</span> <span class='ocrx_word' id='word_1_251' title='bbox 1375 2106 1470 2154; x_wconf 65' lang='grc' dir='ltr'><strong>καλ⁵</strong></span> <span class='ocrx_word' id='word_1_252' title='bbox 1494 2102 1629 2154; x_wconf 84' lang='grc' dir='ltr'>Θεοῦ</span> <span class='ocrx_word' id='word_1_253' title='bbox 1655 2103 1816 2172; x_wconf 86' lang='grc' dir='ltr'>μόνου</span> 
     </span>
    </p>
   </div>
   <div class='ocr_carea' id='block_1_38' title="bbox 211 2197 813 2265">
    <p class='ocr_par' dir='ltr' id='par_1_38' title="bbox 211 2197 813 2265">
     <span class='ocr_line' id='line_1_38' title="bbox 211 2197 813 2265; baseline -0.003 -15"><span class='ocrx_word' id='word_1_254' title='bbox 211 2201 305 2250; x_wconf 69' lang='grc' dir='ltr'><strong>καὶ</strong></span> <span class='ocrx_word' id='word_1_255' title='bbox 344 2197 548 2252; x_wconf 75' lang='grc' dir='ltr'>ἑαυτοῦ</span> <span class='ocrx_word' id='word_1_256' title='bbox 583 2197 813 2265; x_wconf 87' lang='grc' dir='ltr'>γίνεται.</span> 
     </span>
    </p>
   </div>
   <div class='ocr_carea' id='block_1_39' title="bbox 283 2305 1818 2377">
    <p class='ocr_par' dir='ltr' id='par_1_39' title="bbox 283 2305 1818 2377">
     <span class='ocr_line' id='line_1_39' title="bbox 283 2305 1818 2377; baseline -0.007 -15"><span class='ocrx_word' id='word_1_257' title='bbox 283 2311 354 2364; x_wconf 71' lang='lat' dir='ltr'><strong>l&quot;.</strong></span> <span class='ocrx_word' id='word_1_258' title='bbox 377 2311 458 2364; x_wconf 86' lang='grc' dir='ltr'>Οὑ</span> <span class='ocrx_word' id='word_1_259' title='bbox 481 2312 618 2363; x_wconf 73' lang='grc' dir='ltr'>πολὺ</span> <span class='ocrx_word' id='word_1_260' title='bbox 637 2311 694 2362; x_wconf 75' lang='grc' dir='ltr'>δὲ</span> <span class='ocrx_word' id='word_1_261' title='bbox 713 2309 771 2361; x_wconf 79' lang='grc' dir='ltr'><strong>τὸ</strong></span> <span class='ocrx_word' id='word_1_262' title='bbox 792 2311 850 2360; x_wconf 83' lang='grc' dir='ltr'>ὲν</span> <span class='ocrx_word' id='word_1_263' title='bbox 873 2309 1048 2376; x_wconf 80' lang='grc' dir='ltr'>μέσῳ,</span> <span class='ocrx_word' id='word_1_264' title='bbox 1066 2306 1160 2358; x_wconf 76' lang='grc' dir='ltr'>καὶ</span> <span class='ocrx_word' id='word_1_265' title='bbox 1180 2305 1285 2375; x_wconf 80' lang='grc' dir='ltr'><strong>τὴν</strong></span> <span class='ocrx_word' id='word_1_266' title='bbox 1302 2306 1664 2377; x_wconf 84' lang='grc' dir='ltr'>Ἰερουσαλὴμ</span> <span class='ocrx_word' id='word_1_267' title='bbox 1682 2307 1818 2361; x_wconf 78' lang='grc' dir='ltr'>ἀπο.</span> 
     </span>
    </p>
   </div>
   <div class='ocr_carea' id='block_1_40' title="bbox 212 2399 1815 2472">
    <p class='ocr_par' dir='ltr' id='par_1_40' title="bbox 212 2399 1815 2472">
     <span class='ocr_line' id='line_1_40' title="bbox 212 2399 1815 2472; baseline -0.003 -15"><span class='ocrx_word' id='word_1_268' title='bbox 212 2404 407 2465; x_wconf 80' lang='grc' dir='ltr'>λιπὼν,</span> <span class='ocrx_word' id='word_1_269' title='bbox 445 2406 528 2466; x_wconf 87' lang='grc' dir='ltr'><strong>είς</strong></span> <span class='ocrx_word' id='word_1_270' title='bbox 558 2406 661 2472; x_wconf 78' lang='grc' dir='ltr'><strong>την</strong></span> <span class='ocrx_word' id='word_1_271' title='bbox 690 2399 1080 2454; x_wconf 82' lang='grc' dir='ltr'>Καππαδοκῶν</span> <span class='ocrx_word' id='word_1_272' title='bbox 1104 2399 1445 2464; x_wconf 76' lang='grc' dir='ltr'>ἀφικνεῖται,</span> <span class='ocrx_word' id='word_1_273' title='bbox 1482 2399 1658 2466; x_wconf 76' lang='grc' dir='ltr'>κῆρυξ</span> <span class='ocrx_word' id='word_1_274' title='bbox 1680 2399 1815 2469; x_wconf 84' lang='grc' dir='ltr'><strong>ὀμοῦ</strong></span> 
     </span>
    </p>
   </div>
   <div class='ocr_carea' id='block_1_41' title="bbox 211 2490 1816 2560">
    <p class='ocr_par' dir='ltr' id='par_1_41' title="bbox 211 2490 1816 2560">
     <span class='ocr_line' id='line_1_41' title="bbox 211 2490 1816 2560; baseline -0.004 -10"><span class='ocrx_word' id='word_1_275' title='bbox 211 2500 303 2550; x_wconf 70' lang='grc' dir='ltr'>καὶ</span> <span class='ocrx_word' id='word_1_276' title='bbox 331 2494 639 2555; x_wconf 76' lang='grc' dir='ltr'>ἀπόστολος</span> <span class='ocrx_word' id='word_1_277' title='bbox 670 2493 779 2544; x_wconf 90' lang='grc' dir='ltr'><strong>τῶν</strong></span> <span class='ocrx_word' id='word_1_278' title='bbox 804 2491 900 2543; x_wconf 79' lang='grc' dir='ltr'>τοῦ</span> <span class='ocrx_word' id='word_1_279' title='bbox 935 2490 1173 2560; x_wconf 78' lang='grc' dir='ltr'>Χριστοῦ</span> <span class='ocrx_word' id='word_1_280' title='bbox 1209 2490 1544 2557; x_wconf 82' lang='grc' dir='ltr'>παραδόξων</span> <span class='ocrx_word' id='word_1_281' title='bbox 1570 2493 1661 2542; x_wconf 76' lang='grc' dir='ltr'>καὶ</span> <span class='ocrx_word' id='word_1_282' title='bbox 1685 2491 1816 2544; x_wconf 85' lang='grc' dir='ltr'>θαυ-</span> 
     </span>
    </p>
   </div>
   <div class='ocr_carea' id='block_1_42' title="bbox 213 2584 1814 2659">
    <p class='ocr_par' dir='ltr' id='par_1_42' title="bbox 213 2584 1814 2659">
     <span class='ocr_line' id='line_1_42' title="bbox 213 2584 1814 2659; baseline -0.005 -15"><span class='ocrx_word' id='word_1_283' title='bbox 213 2591 440 2657; x_wconf 87' lang='grc' dir='ltr'>μαστῶν</span> <span class='ocrx_word' id='word_1_284' title='bbox 473 2589 654 2659; x_wconf 75' lang='grc' dir='ltr'>ἔργων</span> <span class='ocrx_word' id='word_1_285' title='bbox 687 2587 902 2656; x_wconf 76' lang='grc' dir='ltr'>συνάμα</span> <span class='ocrx_word' id='word_1_286' title='bbox 934 2587 1047 2647; x_wconf 83' lang='grc' dir='ltr'>τοῖς</span> <span class='ocrx_word' id='word_1_287' title='bbox 1084 2585 1206 2637; x_wconf 80' lang='grc' dir='ltr'>δυσὶ</span> <span class='ocrx_word' id='word_1_288' title='bbox 1254 2584 1630 2654; x_wconf 76' lang='grc' dir='ltr'>στρατιώταις</span> <span class='ocrx_word' id='word_1_289' title='bbox 1662 2585 1814 2653; x_wconf 75' lang='grc' dir='ltr'>γινό-</span> 
     </span>
    </p>
   </div>
   <div class='ocr_carea' id='block_1_43' title="bbox 213 2676 1814 2756">
    <p class='ocr_par' dir='ltr' id='par_1_43' title="bbox 213 2676 1814 2756">
     <span class='ocr_line' id='line_1_43' title="bbox 213 2676 1814 2756; baseline -0.004 -18"><span class='ocrx_word' id='word_1_290' title='bbox 213 2702 394 2756; x_wconf 87' lang='grc' dir='ltr'>μενος.</span> <span class='ocrx_word' id='word_1_291' title='bbox 445 2686 536 2746; x_wconf 83' lang='grc' dir='ltr'>Ὦς</span> <span class='ocrx_word' id='word_1_292' title='bbox 566 2680 663 2735; x_wconf 84' lang='grc' dir='ltr'>οὖν</span> <span class='ocrx_word' id='word_1_293' title='bbox 691 2682 897 2734; x_wconf 87' lang='grc' dir='ltr'>τούτων</span> <span class='ocrx_word' id='word_1_294' title='bbox 927 2682 1080 2734; x_wconf 77' lang='grc' dir='ltr'>οὐδὲν</span> <span class='ocrx_word' id='word_1_295' title='bbox 1135 2676 1262 2742; x_wconf 78' lang='grc' dir='ltr'>τοὺς</span> <span class='ocrx_word' id='word_1_296' title='bbox 1327 2681 1619 2743; x_wconf 69' lang='grc' dir='ltr'>Ἰουδαίους</span> <span class='ocrx_word' id='word_1_297' title='bbox 1659 2682 1814 2736; x_wconf 78' lang='grc' dir='ltr'>ἐλάν-</span> 
     </span>
    </p>
   </div>
   <div class='ocr_carea' id='block_1_44' title="bbox 212 2775 1813 2846">
    <p class='ocr_par' dir='ltr' id='par_1_44' title="bbox 212 2775 1813 2846">
     <span class='ocr_line' id='line_1_44' title="bbox 212 2775 1813 2846; baseline -0.004 -14"><span class='ocrx_word' id='word_1_298' title='bbox 212 2779 392 2843; x_wconf 87' lang='grc' dir='ltr'>θανεν,</span> <span class='ocrx_word' id='word_1_299' title='bbox 453 2777 549 2831; x_wconf 70' lang='lat' dir='ltr'><strong>au</strong></span> <span class='ocrx_word' id='word_1_300' title='bbox 587 2777 687 2846; x_wconf 80' lang='grc' dir='ltr'>τῆς</span> <span class='ocrx_word' id='word_1_301' title='bbox 742 2775 932 2844; x_wconf 72' lang='grc' dir='ltr'>φήμης</span> <span class='ocrx_word' id='word_1_302' title='bbox 991 2775 1073 2836; x_wconf 82' lang='grc' dir='ltr'>εἰς</span> <span class='ocrx_word' id='word_1_303' title='bbox 1114 2775 1330 2834; x_wconf 85' lang='grc' dir='ltr'>πάντας</span> <span class='ocrx_word' id='word_1_304' title='bbox 1394 2775 1486 2826; x_wconf 84' lang='grc' dir='ltr'><strong>τὸν</strong></span> <span class='ocrx_word' id='word_1_305' title='bbox 1548 2777 1813 2840; x_wconf 45' lang='grc' dir='ltr'>Λογγῖνον</span> 
     </span>
    </p>
   </div>
   <div class='ocr_carea' id='block_1_45' title="bbox 210 2856 1812 2936">
    <p class='ocr_par' dir='ltr' id='par_1_45' title="bbox 210 2856 1812 2936">
     <span class='ocr_line' id='line_1_45' title="bbox 210 2856 1812 2936; baseline -0.002 -16"><span class='ocrx_word' id='word_1_306' title='bbox 210 2864 708 2936; x_wconf 71' lang='grc' dir='ltr'>παραπεμπούσης</span> <span class='ocrx_word' id='word_1_307' title='bbox 767 2864 856 2915; x_wconf 73' lang='grc' dir='ltr'><strong>καὶ</strong></span> <span class='ocrx_word' id='word_1_308' title='bbox 893 2856 985 2915; x_wconf 78' lang='grc' dir='ltr'><strong>οἷά</strong></span> <span class='ocrx_word' id='word_1_309' title='bbox 1041 2878 1186 2920; x_wconf 84' lang='grc' dir='ltr'>τινος</span> <span class='ocrx_word' id='word_1_310' title='bbox 1253 2861 1573 2931; x_wconf 76' lang='grc' dir='ltr'>ὑποπτέρου</span> <span class='ocrx_word' id='word_1_311' title='bbox 1632 2866 1812 2916; x_wconf 80' lang='grc' dir='ltr'>πᾶσαν</span> 
     </span>
    </p>
   </div>
   <div class='ocr_carea' id='block_1_46' title="bbox 212 2954 1811 3027">
    <p class='ocr_par' dir='ltr' id='par_1_46' title="bbox 212 2954 1811 3027">
     <span class='ocr_line' id='line_1_46' title="bbox 212 2954 1811 3027; baseline -0.002 -17"><span class='ocrx_word' id='word_1_312' title='bbox 212 2959 400 3027; x_wconf 74' lang='grc' dir='ltr'>σχεδὸν</span> <span class='ocrx_word' id='word_1_313' title='bbox 436 2955 836 3026; x_wconf 84' lang='grc' dir='ltr'>διατρεχούσης</span> <span class='ocrx_word' id='word_1_314' title='bbox 864 2954 962 3023; x_wconf 78' lang='grc' dir='ltr'>τὴν</span> <span class='ocrx_word' id='word_1_315' title='bbox 995 2954 1354 3023; x_wconf 76' lang='grc' dir='ltr'>οἰκουμένην,</span> <span class='ocrx_word' id='word_1_316' title='bbox 1374 2955 1456 3016; x_wconf 88' lang='grc' dir='ltr'><strong>είς</strong></span> <span class='ocrx_word' id='word_1_317' title='bbox 1485 2954 1646 3006; x_wconf 80' lang='grc' dir='ltr'><strong>ταὺτὸ</strong></span> <span class='ocrx_word' id='word_1_318' title='bbox 1683 2971 1811 3007; x_wconf 83' lang='grc' dir='ltr'>συν-</span> 
     </span>
    </p>
   </div>
   <div class='ocr_carea' id='block_1_47' title="bbox 209 3048 1812 3116">
    <p class='ocr_par' dir='ltr' id='par_1_47' title="bbox 209 3048 1812 3116">
     <span class='ocr_line' id='line_1_47' title="bbox 209 3048 1812 3116; baseline -0.001 -14"><span class='ocrx_word' id='word_1_319' title='bbox 209 3050 491 3113; x_wconf 77' lang='grc' dir='ltr'>ελθόντες,</span> <span class='ocrx_word' id='word_1_320' title='bbox 523 3049 776 3100; x_wconf 75' lang='grc' dir='ltr'>πείθουσι</span> <span class='ocrx_word' id='word_1_321' title='bbox 820 3048 1051 3100; x_wconf 82' lang='grc' dir='ltr'>Πιλάτου</span> <span class='ocrx_word' id='word_1_322' title='bbox 1084 3050 1376 3103; x_wconf 82' lang='grc' dir='ltr'>κατειπεῖν</span> <span class='ocrx_word' id='word_1_323' title='bbox 1412 3049 1679 3116; x_wconf 83' lang='grc' dir='ltr'>Λογγῐνου</span> <span class='ocrx_word' id='word_1_324' title='bbox 1717 3049 1812 3102; x_wconf 77' lang='grc' dir='ltr'>καὶ</span> 
     </span>
    </p>
   </div>
   <div class='ocr_carea' id='block_1_48' title="bbox 209 3138 1807 3210">
    <p class='ocr_par' dir='ltr' id='par_1_48' title="bbox 209 3138 1807 3210">
     <span class='ocr_line' id='line_1_48' title="bbox 209 3138 1807 3210; baseline 0.001 -19"><span class='ocrx_word' id='word_1_325' title='bbox 209 3142 462 3209; x_wconf 79' lang='grc' dir='ltr'>σημᾶναι</span> <span class='ocrx_word' id='word_1_326' title='bbox 521 3138 605 3208; x_wconf 85' lang='grc' dir='ltr'>τῷ</span> <span class='ocrx_word' id='word_1_327' title='bbox 656 3138 920 3206; x_wconf 77' lang='grc' dir='ltr'>Καίσαρι,</span> <span class='ocrx_word' id='word_1_328' title='bbox 954 3139 1035 3191; x_wconf 83' lang='grc' dir='ltr'><strong>ὅτι</strong></span> <span class='ocrx_word' id='word_1_329' title='bbox 1066 3154 1123 3190; x_wconf 89' lang='grc' dir='ltr'><strong>τε</strong></span> <span class='ocrx_word' id='word_1_330' title='bbox 1168 3139 1433 3209; x_wconf 82' lang='grc' dir='ltr'>ἀλλότρια</span> <span class='ocrx_word' id='word_1_331' title='bbox 1474 3141 1687 3210; x_wconf 82' lang='grc' dir='ltr'>φρονῶν</span> <span class='ocrx_word' id='word_1_332' title='bbox 1722 3141 1807 3210; x_wconf 80' lang='grc' dir='ltr'><strong>εἴη</strong></span> 
     </span>
    </p>
   </div>
   <div class='ocr_carea' id='block_1_49' title="bbox 205 3230 1880 3304">
    <p class='ocr_par' dir='ltr' id='par_1_49' title="bbox 205 3230 1880 3304">
     <span class='ocr_line' id='line_1_49' title="bbox 205 3230 1880 3304; baseline -0.001 -21"><span class='ocrx_word' id='word_1_333' title='bbox 205 3232 305 3302; x_wconf 81' lang='grc' dir='ltr'><strong>τῆς</strong></span> <span class='ocrx_word' id='word_1_334' title='bbox 346 3232 650 3301; x_wconf 84' lang='grc' dir='ltr'>Ῥωμαίων</span> <span class='ocrx_word' id='word_1_335' title='bbox 683 3230 979 3301; x_wconf 82' lang='grc' dir='ltr'>βασιλείας,</span> <span class='ocrx_word' id='word_1_336' title='bbox 1009 3230 1104 3283; x_wconf 73' lang='grc' dir='ltr'><strong>καὶ</strong></span> <span class='ocrx_word' id='word_1_337' title='bbox 1140 3231 1224 3282; x_wconf 79' lang='grc' dir='ltr'>ὅτι</span> <span class='ocrx_word' id='word_1_338' title='bbox 1251 3230 1363 3282; x_wconf 88' lang='grc' dir='ltr'><strong>τῶν</strong></span> <span class='ocrx_word' id='word_1_339' title='bbox 1394 3231 1576 3284; x_wconf 83' lang='grc' dir='ltr'>ὃπλων</span> <span class='ocrx_word' id='word_1_340' title='bbox 1604 3232 1810 3304; x_wconf 78' lang='grc' dir='ltr'>ἀμελή-</span> <span class='ocrx_word' id='word_1_341' title='bbox 1835 3243 1880 3302; x_wconf 70' lang='grc' dir='ltr'>ο</span> 
     </span>
    </p>
   </div>
   <div class='ocr_carea' id='block_1_50' title="bbox 208 3319 1804 3392">
    <p class='ocr_par' dir='ltr' id='par_1_50' title="bbox 208 3319 1804 3392">
     <span class='ocr_line' id='line_1_50' title="bbox 208 3319 1804 3392; baseline -0.001 -16"><span class='ocrx_word' id='word_1_342' title='bbox 208 3341 327 3388; x_wconf 83' lang='grc' dir='ltr'>σας,</span> <span class='ocrx_word' id='word_1_343' title='bbox 359 3323 608 3392; x_wconf 76' lang='grc' dir='ltr'>Χριστόν</span> <span class='ocrx_word' id='word_1_344' title='bbox 654 3339 776 3374; x_wconf 83' lang='grc' dir='ltr'>τινα</span> <span class='ocrx_word' id='word_1_345' title='bbox 831 3320 1103 3392; x_wconf 83' lang='grc' dir='ltr'>κηρύσσει</span> <span class='ocrx_word' id='word_1_346' title='bbox 1159 3319 1393 3390; x_wconf 82' lang='grc' dir='ltr'>βασιλέα</span> <span class='ocrx_word' id='word_1_347' title='bbox 1440 3322 1553 3384; x_wconf 83' lang='grc' dir='ltr'>τοῖς</span> <span class='ocrx_word' id='word_1_348' title='bbox 1602 3321 1804 3384; x_wconf 78' lang='grc' dir='ltr'>ἔθνεσι.</span> 
     </span>
    </p>
   </div>
   <div class='ocr_carea' id='block_1_51' title="bbox 207 3413 1808 3484">
    <p class='ocr_par' dir='ltr' id='par_1_51' title="bbox 207 3413 1808 3484">
     <span class='ocr_line' id='line_1_51' title="bbox 207 3413 1808 3484; baseline -0.001 -16"><span class='ocrx_word' id='word_1_349' title='bbox 207 3414 515 3468; x_wconf 74' lang='grc' dir='ltr'>κάντεῦθεν</span> <span class='ocrx_word' id='word_1_350' title='bbox 540 3415 752 3476; x_wconf 74' lang='grc' dir='ltr'>πάντας</span> <span class='ocrx_word' id='word_1_351' title='bbox 777 3413 1212 3483; x_wconf 79' lang='grc' dir='ltr'>ὑποποιούμενος</span> <span class='ocrx_word' id='word_1_352' title='bbox 1248 3413 1391 3481; x_wconf 80' lang='grc' dir='ltr'>πρὸς</span> <span class='ocrx_word' id='word_1_353' title='bbox 1421 3414 1521 3484; x_wconf 78' lang='grc' dir='ltr'>τὴν</span> <span class='ocrx_word' id='word_1_354' title='bbox 1562 3416 1640 3476; x_wconf 87' lang='grc' dir='ltr'><strong>είς</strong></span> <span class='ocrx_word' id='word_1_355' title='bbox 1665 3417 1808 3467; x_wconf 74' lang='grc' dir='ltr'>ἐκεῖ·</span> 
     </span>
    </p>
   </div>
   <div class='ocr_carea' id='block_1_52' title="bbox 204 3508 1805 3578">
    <p class='ocr_par' dir='ltr' id='par_1_52' title="bbox 204 3508 1805 3578">
     <span class='ocr_line' id='line_1_52' title="bbox 204 3508 1805 3578; baseline 0 -18"><span class='ocrx_word' id='word_1_356' title='bbox 204 3526 293 3562; x_wconf 87' lang='grc' dir='ltr'><strong>νον</strong></span> <span class='ocrx_word' id='word_1_357' title='bbox 322 3509 516 3562; x_wconf 83' lang='grc' dir='ltr'>πίστιν</span> <span class='ocrx_word' id='word_1_358' title='bbox 539 3508 834 3575; x_wconf 75' lang='grc' dir='ltr'>ἐφέλκεται</span> <span class='ocrx_word' id='word_1_359' title='bbox 857 3523 871 3537; x_wconf 80' lang='grc'><strong><em>⁸</em></strong></span> <span class='ocrx_word' id='word_1_360' title='bbox 897 3510 1220 3578; x_wconf 81' lang='grc' dir='ltr'>τεκμήριον,</span> <span class='ocrx_word' id='word_1_361' title='bbox 1256 3510 1417 3577; x_wconf 78' lang='grc' dir='ltr'>φασὶ,</span> <span class='ocrx_word' id='word_1_362' title='bbox 1451 3508 1560 3560; x_wconf 88' lang='grc' dir='ltr'><strong>τῶν</strong></span> <span class='ocrx_word' id='word_1_363' title='bbox 1579 3509 1805 3578; x_wconf 72' lang='grc' dir='ltr'>λεγομέ-</span> 
     </span>
    </p>
   </div>
   <div class='ocr_carea' id='block_1_53' title="bbox 205 3597 1804 3670">
    <p class='ocr_par' dir='ltr' id='par_1_53' title="bbox 205 3597 1804 3670">
     <span class='ocr_line' id='line_1_53' title="bbox 205 3597 1804 3670; baseline 0.001 -19"><span class='ocrx_word' id='word_1_364' title='bbox 205 3619 333 3664; x_wconf 90' lang='grc' dir='ltr'>νων,</span> <span class='ocrx_word' id='word_1_365' title='bbox 360 3599 450 3652; x_wconf 82' lang='grc' dir='ltr'>ὃτι</span> <span class='ocrx_word' id='word_1_366' title='bbox 505 3597 608 3651; x_wconf 74' lang='lat' dir='ltr'><strong>atai.</strong></span> <span class='ocrx_word' id='word_1_367' title='bbox 639 3598 739 3667; x_wconf 82' lang='grc' dir='ltr'><strong>τὴν</strong></span> <span class='ocrx_word' id='word_1_368' title='bbox 778 3599 1166 3653; x_wconf 82' lang='grc' dir='ltr'>Καππαδοκῶν</span> <span class='ocrx_word' id='word_1_369' title='bbox 1201 3601 1388 3653; x_wconf 80' lang='grc' dir='ltr'>πᾶσαν</span> <span class='ocrx_word' id='word_1_370' title='bbox 1417 3601 1518 3670; x_wconf 84' lang='grc' dir='ltr'><strong>τῆς</strong></span> <span class='ocrx_word' id='word_1_371' title='bbox 1548 3603 1804 3669; x_wconf 83' lang='grc' dir='ltr'>τοιαύτης</span> 
     </span>
    </p>
   </div>
   <div class='ocr_carea' id='block_1_54' title="bbox 199 3687 1804 3758">
    <p class='ocr_par' dir='ltr' id='par_1_54' title="bbox 199 3687 1804 3758">
     <span class='ocr_line' id='line_1_54' title="bbox 199 3687 1804 3758; baseline -0.001 -14"><span class='ocrx_word' id='word_1_372' title='bbox 199 3689 566 3749; x_wconf 79' lang='grc' dir='ltr'>διδασκαλίας</span> <span class='ocrx_word' id='word_1_373' title='bbox 603 3687 958 3757; x_wconf 80' lang='grc' dir='ltr'>πεπλήρωκε.</span> <span class='ocrx_word' id='word_1_374' title='bbox 994 3688 1220 3750; x_wconf 74' lang='grc' dir='ltr'>Τούτοις</span> <span class='ocrx_word' id='word_1_375' title='bbox 1245 3691 1358 3752; x_wconf 85' lang='grc' dir='ltr'>τοῖς</span> <span class='ocrx_word' id='word_1_376' title='bbox 1380 3692 1676 3758; x_wconf 83' lang='grc' dir='ltr'>γράμμασι</span> <span class='ocrx_word' id='word_1_377' title='bbox 1710 3692 1804 3744; x_wconf 81' lang='grc' dir='ltr'>καὶ</span> 
     </span>
    </p>
   </div>
   <div class='ocr_carea' id='block_1_55' title="bbox 203 3781 1804 3854">
    <p class='ocr_par' dir='ltr' id='par_1_55' title="bbox 203 3781 1804 3854">
     <span class='ocr_line' id='line_1_55' title="bbox 203 3781 1804 3854; baseline 0.001 -19"><span class='ocrx_word' id='word_1_378' title='bbox 203 3785 474 3853; x_wconf 80' lang='grc' dir='ltr'>χρήματα</span> <span class='ocrx_word' id='word_1_379' title='bbox 509 3781 983 3850; x_wconf 79' lang='grc' dir='ltr'>συνεκπέμπουσι,</span> <span class='ocrx_word' id='word_1_380' title='bbox 1038 3782 1237 3852; x_wconf 80' lang='grc' dir='ltr'>κλέψαι</span> <span class='ocrx_word' id='word_1_381' title='bbox 1291 3786 1392 3846; x_wconf 68' lang='grc' dir='ltr'>τὰς</span> <span class='ocrx_word' id='word_1_382' title='bbox 1423 3783 1590 3847; x_wconf 82' lang='grc' dir='ltr'>ἀκοὰς</span> <span class='ocrx_word' id='word_1_383' title='bbox 1618 3783 1804 3854; x_wconf 79' lang='grc' dir='ltr'>βουλό-</span> 
     </span>
    </p>
   </div>
   <div class='ocr_carea' id='block_1_56' title="bbox 201 3874 1800 3948">
    <p class='ocr_par' dir='ltr' id='par_1_56' title="bbox 201 3874 1800 3948">
     <span class='ocr_line' id='line_1_56' title="bbox 201 3874 1800 3948; baseline 0.003 -22"><span class='ocrx_word' id='word_1_384' title='bbox 201 3891 357 3942; x_wconf 78' lang='grc' dir='ltr'>μενοι</span> <span class='ocrx_word' id='word_1_385' title='bbox 426 3874 735 3943; x_wconf 83' lang='grc' dir='ltr'>Καίσαρος,</span> <span class='ocrx_word' id='word_1_386' title='bbox 791 3874 932 3928; x_wconf 85' lang='grc' dir='ltr'>ὥστε</span> <span class='ocrx_word' id='word_1_387' title='bbox 982 3877 1079 3930; x_wconf 77' lang='grc' dir='ltr'>καὶ</span> <span class='ocrx_word' id='word_1_388' title='bbox 1120 3877 1210 3929; x_wconf 67' lang='grc' dir='ltr'>τὸν</span> <span class='ocrx_word' id='word_1_389' title='bbox 1245 3877 1518 3948; x_wconf 74' lang='grc' dir='ltr'>Δογγίνου</span> <span class='ocrx_word' id='word_1_390' title='bbox 1573 3879 1800 3933; x_wconf 83' lang='grc' dir='ltr'>θάνατον</span> 
     </span>
    </p>
   </div>
   <div class='ocr_carea' id='block_1_57' title="bbox 199 3966 1801 4038">
    <p class='ocr_par' dir='ltr' id='par_1_57' title="bbox 199 3966 1801 4038">
     <span class='ocr_line' id='line_1_57' title="bbox 199 3966 1801 4038; baseline 0.003 -23"><span class='ocrx_word' id='word_1_391' title='bbox 199 3966 452 4028; x_wconf 77' lang='grc' dir='ltr'>εὐκόλως</span> <span class='ocrx_word' id='word_1_392' title='bbox 478 3966 825 4033; x_wconf 79' lang='grc' dir='ltr'>ὠνήσασθαι.</span> <span class='ocrx_word' id='word_1_393' title='bbox 856 3970 920 4020; x_wconf 85' lang='grc' dir='ltr'><strong>’Ὀ</strong></span> <span class='ocrx_word' id='word_1_394' title='bbox 950 3967 1014 4038; x_wconf 83' lang='grc' dir='ltr'>δὴ</span> <span class='ocrx_word' id='word_1_395' title='bbox 1045 3971 1138 4020; x_wconf 76' lang='grc' dir='ltr'><strong>καὶ</strong></span> <span class='ocrx_word' id='word_1_396' title='bbox 1191 3970 1334 4021; x_wconf 73' lang='grc' dir='ltr'>κατὰ</span> <span class='ocrx_word' id='word_1_397' title='bbox 1364 3973 1425 4021; x_wconf 77' lang='grc' dir='ltr'><strong>τὸ</strong></span> <span class='ocrx_word' id='word_1_398' title='bbox 1465 3969 1654 4022; x_wconf 74' lang='grc' dir='ltr'>δοκοῦν</span> <span class='ocrx_word' id='word_1_399' title='bbox 1691 3973 1801 4031; x_wconf 88' lang='grc' dir='ltr'>τοῖς</span> 
     </span>
    </p>
   </div>
   <div class='ocr_carea' id='block_1_58' title="bbox 209 4055 1802 4132">
    <p class='ocr_par' dir='ltr' id='par_1_58' title="bbox 209 4055 1802 4132">
     <span class='ocr_line' id='line_1_58' title="bbox 209 4055 1802 4132; baseline 0.004 -23"><span class='ocrx_word' id='word_1_400' title='bbox 209 4056 502 4119; x_wconf 81' lang='grc' dir='ltr'>Ἰουδαίοις</span> <span class='ocrx_word' id='word_1_401' title='bbox 538 4055 813 4124; x_wconf 72' lang='grc' dir='ltr'>ἐχώρησε,</span> <span class='ocrx_word' id='word_1_402' title='bbox 840 4059 932 4109; x_wconf 74' lang='grc' dir='ltr'><strong>καὶ</strong></span> <span class='ocrx_word' id='word_1_403' title='bbox 959 4060 1064 4110; x_wconf 86' lang='grc' dir='ltr'><strong>ἀπὸ</strong></span> <span class='ocrx_word' id='word_1_404' title='bbox 1097 4059 1317 4130; x_wconf 79' lang='grc' dir='ltr'>Ῥώμης</span> <span class='ocrx_word' id='word_1_405' title='bbox 1349 4061 1515 4125; x_wconf 76' lang='grc' dir='ltr'>εὐθὺς</span> <span class='ocrx_word' id='word_1_406' title='bbox 1551 4063 1649 4132; x_wconf 80' lang='grc' dir='ltr'>τῆς</span> <span class='ocrx_word' id='word_1_407' title='bbox 1671 4065 1802 4116; x_wconf 79' lang='grc' dir='ltr'>Ἰου-</span> 
     </span>
    </p>
   </div>
   <div class='ocr_carea' id='block_1_59' title="bbox 193 4148 1798 4224">
    <p class='ocr_par' dir='ltr' id='par_1_59' title="bbox 193 4148 1798 4224">
     <span class='ocr_line' id='line_1_59' title="bbox 193 4148 1798 4224; baseline 0.005 -23"><span class='ocrx_word' id='word_1_408' title='bbox 193 4150 354 4212; x_wconf 81' lang='grc' dir='ltr'>δαίας</span> <span class='ocrx_word' id='word_1_409' title='bbox 388 4150 536 4219; x_wconf 86' lang='grc' dir='ltr'>πρὸς</span> <span class='ocrx_word' id='word_1_410' title='bbox 589 4148 821 4201; x_wconf 84' lang='grc' dir='ltr'>Πιλάτον</span> <span class='ocrx_word' id='word_1_411' title='bbox 857 4149 1162 4203; x_wconf 79' lang='grc' dir='ltr'>στέλλονται</span> <span class='ocrx_word' id='word_1_412' title='bbox 1187 4155 1498 4222; x_wconf 80' lang='grc' dir='ltr'>γράμματα</span> <span class='ocrx_word' id='word_1_413' title='bbox 1534 4156 1798 4224; x_wconf 86' lang='grc' dir='ltr'>Λογγίνου</span> 
     </span>
    </p>
   </div>
   <div class='ocr_carea' id='block_1_60' title="bbox 195 4240 1798 4314">
    <p class='ocr_par' dir='ltr' id='par_1_60' title="bbox 195 4240 1798 4314">
     <span class='ocr_line' id='line_1_60' title="bbox 195 4240 1798 4314; baseline 0.006 -21"><span class='ocrx_word' id='word_1_414' title='bbox 195 4242 437 4297; x_wconf 78' lang='grc' dir='ltr'>θάνατον</span> <span class='ocrx_word' id='word_1_415' title='bbox 474 4240 993 4314; x_wconf 75' lang='grc' dir='ltr'>καταψηφιζόμενα.</span> <span class='ocrx_word' id='word_1_416' title='bbox 1027 4244 1345 4313; x_wconf 80' lang='grc' dir='ltr'>Δεξάμενος</span> <span class='ocrx_word' id='word_1_417' title='bbox 1383 4244 1475 4298; x_wconf 74' lang='grc' dir='ltr'>οὖν</span> <span class='ocrx_word' id='word_1_418' title='bbox 1509 4250 1535 4296; x_wconf 84' lang='grc' dir='ltr'><em>ὀ</em></span> <span class='ocrx_word' id='word_1_419' title='bbox 1569 4250 1798 4311; x_wconf 83' lang='grc' dir='ltr'>Πιλάτος</span> 
     </span>
    </p>
   </div>
   <div class='ocr_carea' id='block_1_61' title="bbox 195 4330 1798 4412">
    <p class='ocr_par' dir='ltr' id='par_1_61' title="bbox 195 4330 1798 4412">
     <span class='ocr_line' id='line_1_61' title="bbox 195 4330 1798 4412; baseline 0.006 -28"><span class='ocrx_word' id='word_1_420' title='bbox 195 4339 262 4387; x_wconf 69' lang='grc' dir='ltr'>τὰ</span> <span class='ocrx_word' id='word_1_421' title='bbox 288 4337 642 4412; x_wconf 78' lang='grc' dir='ltr'>γράμματα,</span> <span class='ocrx_word' id='word_1_422' title='bbox 662 4334 734 4398; x_wconf 82' lang='grc' dir='ltr'>ὡς</span> <span class='ocrx_word' id='word_1_423' title='bbox 755 4330 924 4406; x_wconf 75' lang='grc' dir='ltr'>εἶχεν,</span> <span class='ocrx_word' id='word_1_424' title='bbox 948 4339 1153 4400; x_wconf 77' lang='grc' dir='ltr'>εὐθέως</span> <span class='ocrx_word' id='word_1_425' title='bbox 1173 4338 1659 4408; x_wconf 73' lang='grc' dir='ltr'>ἐγχειρίζειταῦτα</span> <span class='ocrx_word' id='word_1_426' title='bbox 1687 4345 1798 4406; x_wconf 82' lang='grc' dir='ltr'>τοῖς</span> 
     </span>
    </p>
   </div>
   <div class='ocr_carea' id='block_1_62' title="bbox 206 4427 1798 4505">
    <p class='ocr_par' dir='ltr' id='par_1_62' title="bbox 206 4427 1798 4505">
     <span class='ocr_line' id='line_1_62' title="bbox 206 4427 1798 4505; baseline 0.008 -28"><span class='ocrx_word' id='word_1_427' title='bbox 206 4427 498 4487; x_wconf 78' lang='grc' dir='ltr'>Ἰουδαίοις</span> <span class='ocrx_word' id='word_1_428' title='bbox 519 4427 619 4476; x_wconf 76' lang='grc' dir='ltr'>καὶ</span> <span class='ocrx_word' id='word_1_429' title='bbox 647 4427 780 4494; x_wconf 77' lang='grc' dir='ltr'>πρὸς</span> <span class='ocrx_word' id='word_1_430' title='bbox 805 4429 896 4479; x_wconf 82' lang='grc' dir='ltr'><strong>τὸν</strong></span> <span class='ocrx_word' id='word_1_431' title='bbox 919 4429 1012 4480; x_wconf 82' lang='grc' dir='ltr'>τοῦ</span> <span class='ocrx_word' id='word_1_432' title='bbox 1045 4431 1319 4501; x_wconf 85' lang='grc' dir='ltr'>μακαρίου</span> <span class='ocrx_word' id='word_1_433' title='bbox 1341 4432 1501 4500; x_wconf 82' lang='grc' dir='ltr'>φόνον</span> <span class='ocrx_word' id='word_1_434' title='bbox 1519 4436 1798 4505; x_wconf 86' lang='grc' dir='ltr'>πρόθυμος</span> 
     </span>
    </p>
   </div>
   <div class='ocr_carea' id='block_1_63' title="bbox 195 4518 1796 4598">
    <p class='ocr_par' dir='ltr' id='par_1_63' title="bbox 195 4518 1796 4598">
     <span class='ocr_line' id='line_1_63' title="bbox 195 4518 1796 4598; baseline 0.008 -30"><span class='ocrx_word' id='word_1_435' title='bbox 195 4520 534 4590; x_wconf 79' lang='grc' dir='ltr'>προθύμους</span> <span class='ocrx_word' id='word_1_436' title='bbox 587 4518 900 4587; x_wconf 65' lang='grc' dir='ltr'>ἐκπέμπεν</span> <span class='ocrx_word' id='word_1_437' title='bbox 937 4522 985 4571; x_wconf 83' lang='grc' dir='ltr'><strong>οῖ</strong></span> <span class='ocrx_word' id='word_1_438' title='bbox 1026 4521 1081 4572; x_wconf 79' lang='grc' dir='ltr'>δὲ</span> <span class='ocrx_word' id='word_1_439' title='bbox 1115 4524 1216 4591; x_wconf 78' lang='grc' dir='ltr'>τὴν</span> <span class='ocrx_word' id='word_1_440' title='bbox 1243 4524 1447 4590; x_wconf 80' lang='grc' dir='ltr'>μεταξὺ</span> <span class='ocrx_word' id='word_1_441' title='bbox 1478 4529 1658 4580; x_wconf 80' lang='grc' dir='ltr'>πᾶσαν</span> <span class='ocrx_word' id='word_1_442' title='bbox 1691 4530 1796 4598; x_wconf 81' lang='grc' dir='ltr'><strong>γῆν</strong></span> 
     </span>
    </p>
   </div>
   <div class='ocr_carea' id='block_1_64' title="bbox 192 4608 1798 4687">
    <p class='ocr_par' dir='ltr' id='par_1_64' title="bbox 192 4608 1798 4687">
     <span class='ocr_line' id='line_1_64' title="bbox 192 4608 1798 4687; baseline 0.004 -24"><span class='ocrx_word' id='word_1_443' title='bbox 192 4612 430 4681; x_wconf 83' lang='grc' dir='ltr'>ἁπτέρῳ</span> <span class='ocrx_word' id='word_1_444' title='bbox 475 4608 638 4678; x_wconf 82' lang='grc' dir='ltr'>τάχει</span> <span class='ocrx_word' id='word_1_445' title='bbox 691 4609 1081 4681; x_wconf 83' lang='grc' dir='ltr'>διαδραμόντες</span> <span class='ocrx_word' id='word_1_446' title='bbox 1139 4614 1203 4682; x_wconf 76' lang='grc' dir='ltr'>τῇ</span> <span class='ocrx_word' id='word_1_447' title='bbox 1260 4614 1640 4669; x_wconf 81' lang='grc' dir='ltr'>Καππαδοκῶν</span> <span class='ocrx_word' id='word_1_448' title='bbox 1700 4620 1798 4687; x_wconf 76' lang='grc' dir='ltr'><strong>ἑφ-</strong></span> 
     </span>
    </p>
   </div>
   <div class='ocr_carea' id='block_1_65' title="bbox 194 4703 1796 4779">
    <p class='ocr_par' dir='ltr' id='par_1_65' title="bbox 194 4703 1796 4779">
     <span class='ocr_line' id='line_1_65' title="bbox 194 4703 1796 4779; baseline 0.006 -25"><span class='ocrx_word' id='word_1_449' title='bbox 194 4704 460 4757; x_wconf 87' lang='grc' dir='ltr'>ίστανται</span> <span class='ocrx_word' id='word_1_450' title='bbox 525 4703 625 4756; x_wconf 79' lang='grc' dir='ltr'>καὶ</span> <span class='ocrx_word' id='word_1_451' title='bbox 658 4704 922 4772; x_wconf 80' lang='grc' dir='ltr'>Λογγῖνον</span> <span class='ocrx_word' id='word_1_452' title='bbox 950 4706 1006 4757; x_wconf 77' lang='grc' dir='ltr'>ἐν</span> <span class='ocrx_word' id='word_1_453' title='bbox 1041 4721 1148 4758; x_wconf 82' lang='grc' dir='ltr'>τινι</span> <span class='ocrx_word' id='word_1_454' title='bbox 1174 4707 1282 4758; x_wconf 81' lang='grc' dir='ltr'><strong>τῶν</strong></span> <span class='ocrx_word' id='word_1_455' title='bbox 1311 4706 1582 4778; x_wconf 82' lang='grc' dir='ltr'>πατρῴων</span> <span class='ocrx_word' id='word_1_456' title='bbox 1607 4709 1796 4779; x_wconf 80' lang='grc' dir='ltr'>ἀγρῶν</span> 
     </span>
    </p>
   </div>
   <div class='ocr_carea' id='block_1_66' title="bbox 189 4794 1797 4875">
    <p class='ocr_par' dir='ltr' id='par_1_66' title="bbox 189 4794 1797 4875">
     <span class='ocr_line' id='line_1_66' title="bbox 189 4794 1797 4875; baseline 0.006 -28"><span class='ocrx_word' id='word_1_457' title='bbox 189 4796 281 4848; x_wconf 82' lang='grc' dir='ltr'><strong>τὸν</strong></span> <span class='ocrx_word' id='word_1_458' title='bbox 303 4797 668 4868; x_wconf 81' lang='grc' dir='ltr'>ἀπράγμονα</span> <span class='ocrx_word' id='word_1_459' title='bbox 703 4794 816 4863; x_wconf 83' lang='grc' dir='ltr'>βίον</span> <span class='ocrx_word' id='word_1_460' title='bbox 844 4798 1036 4849; x_wconf 83' lang='grc' dir='ltr'>ἀσκεῖν</span> <span class='ocrx_word' id='word_1_461' title='bbox 1071 4798 1392 4869; x_wconf 82' lang='grc' dir='ltr'>πυθόμενοι,</span> <span class='ocrx_word' id='word_1_462' title='bbox 1440 4801 1600 4864; x_wconf 83' lang='grc' dir='ltr'>εὐθὺς</span> <span class='ocrx_word' id='word_1_463' title='bbox 1637 4819 1694 4856; x_wconf 92' lang='grc' dir='ltr'><strong>εν</strong></span> <span class='ocrx_word' id='word_1_464' title='bbox 1719 4801 1797 4875; x_wconf 82' lang='grc' dir='ltr'>τῷ</span> 
     </span>
    </p>
   </div>
   <div class='ocr_carea' id='block_1_67' title="bbox 189 4889 1795 4967">
    <p class='ocr_par' dir='ltr' id='par_1_67' title="bbox 189 4889 1795 4967">
     <span class='ocr_line' id='line_1_67' title="bbox 189 4889 1795 4967; baseline 0.007 -27"><span class='ocrx_word' id='word_1_465' title='bbox 189 4890 353 4960; x_wconf 84' lang='grc' dir='ltr'>ἀγρῷ</span> <span class='ocrx_word' id='word_1_466' title='bbox 408 4891 691 4958; x_wconf 81' lang='grc' dir='ltr'>γίνονται,</span> <span class='ocrx_word' id='word_1_467' title='bbox 749 4889 822 4959; x_wconf 74' lang='grc' dir='ltr'>μὴ</span> <span class='ocrx_word' id='word_1_468' title='bbox 881 4890 1080 4953; x_wconf 80' lang='grc' dir='ltr'>εἰδότες</span> <span class='ocrx_word' id='word_1_469' title='bbox 1136 4892 1343 4946; x_wconf 79' lang='grc' dir='ltr'>ἐκεῖνον</span> <span class='ocrx_word' id='word_1_470' title='bbox 1383 4892 1545 4961; x_wconf 86' lang='grc' dir='ltr'>εἶναι,</span> <span class='ocrx_word' id='word_1_471' title='bbox 1583 4901 1710 4967; x_wconf 82' lang='grc' dir='ltr'><strong>περὶ</strong></span> <span class='ocrx_word' id='word_1_472' title='bbox 1735 4892 1795 4951; x_wconf 77' lang='grc' dir='ltr'>οὗ</span> 
     </span>
    </p>
   </div>
   <div class='ocr_carea' id='block_1_68' title="bbox 187 4979 1796 5059">
    <p class='ocr_par' dir='ltr' id='par_1_68' title="bbox 187 4979 1796 5059">
     <span class='ocr_line' id='line_1_68' title="bbox 187 4979 1796 5059; baseline 0.01 -30"><span class='ocrx_word' id='word_1_473' title='bbox 187 4981 317 5044; x_wconf 77' lang='grc' dir='ltr'>τοὺς</span> <span class='ocrx_word' id='word_1_474' title='bbox 361 4980 633 5050; x_wconf 79' lang='grc' dir='ltr'>μακροὺς</span> <span class='ocrx_word' id='word_1_475' title='bbox 689 4979 1001 5052; x_wconf 73' lang='grc' dir='ltr'>ὑπέστησαν</span> <span class='ocrx_word' id='word_1_476' title='bbox 1065 4983 1260 5048; x_wconf 78' lang='grc' dir='ltr'>πόνους</span> <span class='ocrx_word' id='word_1_477' title='bbox 1295 4986 1390 5038; x_wconf 72' lang='grc' dir='ltr'><strong>καὶ</strong></span> <span class='ocrx_word' id='word_1_478' title='bbox 1419 4986 1517 5056; x_wconf 84' lang='grc' dir='ltr'><strong>τὴν</strong></span> <span class='ocrx_word' id='word_1_479' title='bbox 1571 4991 1796 5059; x_wconf 88' lang='grc' dir='ltr'>πορείαν</span> 
     </span>
    </p>
   </div>
   <div class='ocr_carea' id='block_1_69' title="bbox 189 5072 1796 5153">
    <p class='ocr_par' dir='ltr' id='par_1_69' title="bbox 189 5072 1796 5153">
     <span class='ocr_line' id='line_1_69' title="bbox 189 5072 1796 5153; baseline 0.007 -29"><span class='ocrx_word' id='word_1_480' title='bbox 189 5073 442 5144; x_wconf 79' lang='grc' dir='ltr'>διήνυον,</span> <span class='ocrx_word' id='word_1_481' title='bbox 508 5073 638 5126; x_wconf 80' lang='grc' dir='ltr'>ὅθεν</span> <span class='ocrx_word' id='word_1_482' title='bbox 689 5072 782 5126; x_wconf 78' lang='grc' dir='ltr'><strong>καὶ</strong></span> <span class='ocrx_word' id='word_1_483' title='bbox 821 5074 984 5130; x_wconf 81' lang='grc' dir='ltr'>αὑτὸν</span> <span class='ocrx_word' id='word_1_484' title='bbox 1020 5078 1228 5129; x_wconf 77' lang='grc' dir='ltr'>ἐκεῖνον</span> <span class='ocrx_word' id='word_1_485' title='bbox 1285 5077 1546 5149; x_wconf 74' lang='grc' dir='ltr'>ἠρώτων,</span> <span class='ocrx_word' id='word_1_486' title='bbox 1580 5080 1664 5144; x_wconf 89' lang='grc' dir='ltr'><strong>τίς</strong></span> <span class='ocrx_word' id='word_1_487' title='bbox 1690 5083 1796 5153; x_wconf 86' lang='grc' dir='ltr'>ἄρα</span> 
     </span>
    </p>
   </div>
   <div class='ocr_carea' id='block_1_70' title="bbox 189 5165 1792 5242">
    <p class='ocr_par' dir='ltr' id='par_1_70' title="bbox 189 5165 1792 5242">
     <span class='ocr_line' id='line_1_70' title="bbox 189 5165 1792 5242; baseline 0.007 -26"><span class='ocrx_word' id='word_1_488' title='bbox 189 5165 472 5233; x_wconf 82' lang='grc' dir='ltr'>Λογγῖνος</span> <span class='ocrx_word' id='word_1_489' title='bbox 507 5166 599 5234; x_wconf 80' lang='grc' dir='ltr'><strong>είη</strong></span> <span class='ocrx_word' id='word_1_490' title='bbox 637 5167 731 5218; x_wconf 78' lang='grc' dir='ltr'><strong>καὶ</strong></span> <span class='ocrx_word' id='word_1_491' title='bbox 757 5169 907 5228; x_wconf 87' lang='grc' dir='ltr'>ποῖος</span> <span class='ocrx_word' id='word_1_492' title='bbox 936 5169 963 5219; x_wconf 84' lang='grc'>6</span> <span class='ocrx_word' id='word_1_493' title='bbox 989 5167 1249 5236; x_wconf 84' lang='grc' dir='ltr'>Λογγῖνον</span> <span class='ocrx_word' id='word_1_494' title='bbox 1274 5169 1412 5239; x_wconf 76' lang='grc' dir='ltr'>ἔχων</span> <span class='ocrx_word' id='word_1_495' title='bbox 1452 5172 1619 5242; x_wconf 79' lang='grc' dir='ltr'>ἀγρός</span> <span class='ocrx_word' id='word_1_496' title='bbox 1639 5188 1652 5202; x_wconf 83' lang='grc'>⁶</span> <span class='ocrx_word' id='word_1_497' title='bbox 1681 5177 1792 5236; x_wconf 86' lang='grc' dir='ltr'>τοῖς</span> 
     </span>
    </p>
   </div>
   <div class='ocr_carea' id='block_1_71' title="bbox 195 5252 1788 5332">
    <p class='ocr_par' dir='ltr' id='par_1_71' title="bbox 195 5252 1788 5332">
     <span class='ocr_line' id='line_1_71' title="bbox 195 5252 1788 5332; baseline 0.008 -23"><span class='ocrx_word' id='word_1_498' title='bbox 195 5257 297 5322; x_wconf 77' lang='grc' dir='ltr'>μὲν</span> <span class='ocrx_word' id='word_1_499' title='bbox 324 5259 443 5330; x_wconf 80' lang='grc' dir='ltr'>γὰρ</span> <span class='ocrx_word' id='word_1_500' title='bbox 483 5252 559 5328; x_wconf 79' lang='grc' dir='ltr'>ἦν</span> <span class='ocrx_word' id='word_1_501' title='bbox 610 5259 642 5326; x_wconf 78' lang='grc' dir='ltr'>ὴ</span> <span class='ocrx_word' id='word_1_502' title='bbox 677 5258 898 5330; x_wconf 81' lang='grc' dir='ltr'>σπουδὴ,</span> <span class='ocrx_word' id='word_1_503' title='bbox 954 5260 1203 5332; x_wconf 86' lang='grc' dir='ltr'>Λογγίνῳ</span> <span class='ocrx_word' id='word_1_504' title='bbox 1231 5263 1452 5331; x_wconf 83' lang='grc' dir='ltr'>ἀφανῶς</span> <span class='ocrx_word' id='word_1_505' title='bbox 1480 5266 1788 5331; x_wconf 82' lang='grc' dir='ltr'>ἐπιθέσθαι,</span> 
     </span>
    </p>
   </div>
   <div class='ocr_carea' id='block_1_72' title="bbox 191 5349 1784 5429">
    <p class='ocr_par' dir='ltr' id='par_1_72' title="bbox 191 5349 1784 5429">
     <span class='ocr_line' id='line_1_72' title="bbox 191 5349 1784 5429; baseline 0.009 -29"><span class='ocrx_word' id='word_1_506' title='bbox 191 5349 419 5414; x_wconf 77' lang='grc' dir='ltr'>δεδιόσι,</span> <span class='ocrx_word' id='word_1_507' title='bbox 465 5349 549 5420; x_wconf 76' lang='grc' dir='ltr'>μὴ</span> <span class='ocrx_word' id='word_1_508' title='bbox 613 5350 715 5418; x_wconf 79' lang='grc' dir='ltr'><strong>τὴν</strong></span> <span class='ocrx_word' id='word_1_509' title='bbox 771 5353 1049 5423; x_wconf 82' lang='grc' dir='ltr'>σωτηρίαν</span> <span class='ocrx_word' id='word_1_510' title='bbox 1084 5358 1226 5424; x_wconf 84' lang='grc' dir='ltr'>φυγῇ</span> <span class='ocrx_word' id='word_1_511' title='bbox 1265 5358 1784 5429; x_wconf 85' lang='grc' dir='ltr'>πραγματεύσηται.</span> 
     </span>
    </p>
   </div>
   <div class='ocr_carea' id='block_1_73' title="bbox 203 5437 1786 5521">
    <p class='ocr_par' dir='ltr' id='par_1_73' title="bbox 203 5437 1786 5521">
     <span class='ocr_line' id='line_1_73' title="bbox 203 5437 1786 5521; baseline 0.006 -30"><span class='ocrx_word' id='word_1_512' title='bbox 203 5437 478 5506; x_wconf 81' lang='grc' dir='ltr'>Ἧγνόουν</span> <span class='ocrx_word' id='word_1_513' title='bbox 532 5442 591 5494; x_wconf 78' lang='grc' dir='ltr'>δὲ</span> <span class='ocrx_word' id='word_1_514' title='bbox 629 5443 711 5494; x_wconf 76' lang='grc' dir='ltr'>ὅτι</span> <span class='ocrx_word' id='word_1_515' title='bbox 744 5444 943 5511; x_wconf 77' lang='grc' dir='ltr'>μᾶλλον</span> <span class='ocrx_word' id='word_1_516' title='bbox 976 5442 1179 5515; x_wconf 83' lang='grc' dir='ltr'>αὑτῷή</span> <span class='ocrx_word' id='word_1_517' title='bbox 1221 5449 1422 5517; x_wconf 81' lang='grc' dir='ltr'>σπουδὴ</span> <span class='ocrx_word' id='word_1_518' title='bbox 1453 5448 1722 5518; x_wconf 83' lang='grc' dir='ltr'>ληφθῆναι</span> <span class='ocrx_word' id='word_1_519' title='bbox 1755 5452 1786 5521; x_wconf 76' lang='grc' dir='ltr'>ἢ</span> 
     </span>
    </p>
   </div>
   <div class='ocr_carea' id='block_1_74' title="bbox 195 5532 1786 5606">
    <p class='ocr_par' dir='ltr' id='par_1_74' title="bbox 195 5532 1786 5606">
     <span class='ocr_line' id='line_1_74' title="bbox 195 5532 1786 5606; baseline 0.006 -21"><span class='ocrx_word' id='word_1_520' title='bbox 195 5532 434 5596; x_wconf 61' lang='grc' dir='ltr'>ἐκείνοις</span> <span class='ocrx_word' id='word_1_521' title='bbox 499 5532 727 5586; x_wconf 78' lang='grc' dir='ltr'>λαϐεῖν·</span> <span class='ocrx_word' id='word_1_522' title='bbox 787 5534 982 5605; x_wconf 73' lang='grc' dir='ltr'>ἐζήλου</span> <span class='ocrx_word' id='word_1_523' title='bbox 1026 5537 1134 5606; x_wconf 79' lang='grc' dir='ltr'>γὰρ</span> <span class='ocrx_word' id='word_1_524' title='bbox 1174 5539 1385 5592; x_wconf 78' lang='grc' dir='ltr'>ἐκείνου</span> <span class='ocrx_word' id='word_1_525' title='bbox 1420 5541 1510 5593; x_wconf 80' lang='grc' dir='ltr'><strong>τὸν</strong></span> <span class='ocrx_word' id='word_1_526' title='bbox 1541 5541 1786 5604; x_wconf 79' lang='grc' dir='ltr'>ἑκούσιον</span> 
     </span>
    </p>
   </div>
   <div class='ocr_carea' id='block_1_75' title="bbox 197 5624 1784 5704">
    <p class='ocr_par' dir='ltr' id='par_1_75' title="bbox 197 5624 1784 5704">
     <span class='ocr_line' id='line_1_75' title="bbox 197 5624 1784 5704; baseline 0.008 -28"><span class='ocrx_word' id='word_1_527' title='bbox 197 5624 458 5690; x_wconf 75' lang='grc' dir='ltr'>θάνατον,</span> <span class='ocrx_word' id='word_1_528' title='bbox 497 5627 560 5679; x_wconf 79' lang='grc' dir='ltr'>ὃν</span> <span class='ocrx_word' id='word_1_529' title='bbox 627 5625 753 5681; x_wconf 86' lang='grc' dir='ltr'>ἰδὼν</span> <span class='ocrx_word' id='word_1_530' title='bbox 780 5630 836 5679; x_wconf 86' lang='grc' dir='ltr'>ἐν</span> <span class='ocrx_word' id='word_1_531' title='bbox 875 5631 1090 5700; x_wconf 82' lang='grc' dir='ltr'>σταυρῴ</span> <span class='ocrx_word' id='word_1_532' title='bbox 1123 5630 1254 5684; x_wconf 84' lang='grc' dir='ltr'>Θεὸν</span> <span class='ocrx_word' id='word_1_533' title='bbox 1283 5631 1658 5704; x_wconf 76' lang='grc' dir='ltr'>ὡμολόγησεν,</span> <span class='ocrx_word' id='word_1_534' title='bbox 1691 5638 1784 5690; x_wconf 79' lang='grc' dir='ltr'><strong>καὶ</strong></span> 
     </span>
    </p>
   </div>
   <div class='ocr_carea' id='block_1_76' title="bbox 197 5717 1783 5797">
    <p class='ocr_par' dir='ltr' id='par_1_76' title="bbox 197 5717 1783 5797">
     <span class='ocr_line' id='line_1_76' title="bbox 197 5717 1783 5797; baseline 0.008 -28"><span class='ocrx_word' id='word_1_535' title='bbox 197 5717 382 5790; x_wconf 80' lang='grc' dir='ltr'>ῶσπερ</span> <span class='ocrx_word' id='word_1_536' title='bbox 408 5720 660 5788; x_wconf 81' lang='grc' dir='ltr'>Χριστὸς</span> <span class='ocrx_word' id='word_1_537' title='bbox 689 5720 755 5772; x_wconf 80' lang='grc' dir='ltr'>δι’</span> <span class='ocrx_word' id='word_1_538' title='bbox 787 5723 953 5791; x_wconf 71' lang='grc' dir='ltr'>ἡμᾶς,</span> <span class='ocrx_word' id='word_1_539' title='bbox 979 5723 1121 5777; x_wconf 80' lang='grc' dir='ltr'>οὕτω</span> <span class='ocrx_word' id='word_1_540' title='bbox 1152 5723 1236 5776; x_wconf 85' lang='grc' dir='ltr'>διὰ</span> <span class='ocrx_word' id='word_1_541' title='bbox 1267 5726 1501 5794; x_wconf 83' lang='grc' dir='ltr'>Χριστὸν</span> <span class='ocrx_word' id='word_1_542' title='bbox 1524 5731 1783 5797; x_wconf 86' lang='grc' dir='ltr'>Λογγῖνος</span> 
     </span>
    </p>
   </div>
   <div class='ocr_carea' id='block_1_77' title="bbox 194 5811 756 5884">
    <p class='ocr_par' dir='ltr' id='par_1_77' title="bbox 194 5811 756 5884">
     <span class='ocr_line' id='line_1_77' title="bbox 194 5811 756 5884; baseline 0.002 -20"><span class='ocrx_word' id='word_1_543' title='bbox 194 5811 287 5871; x_wconf 59' lang='grc' dir='ltr'>τὴν</span> <span class='ocrx_word' id='word_1_544' title='bbox 317 5815 551 5884; x_wconf 73' lang='grc' dir='ltr'>σφαγὴν</span> <span class='ocrx_word' id='word_1_545' title='bbox 578 5811 756 5876; x_wconf 61' lang='grc' dir='ltr'>ἑδίψα.</span> 
     </span>
    </p>
   </div>
   <div class='ocr_carea' id='block_1_78' title="bbox 1924 2004 3506 2076">
    <p class='ocr_par' dir='ltr' id='par_1_78' title="bbox 1924 2004 3506 2076">
     <span class='ocr_line' id='line_1_78' title="bbox 1924 2004 3506 2076; baseline 0.008 -21"><span class='ocrx_word' id='word_1_546' title='bbox 1924 2015 2044 2055; x_wconf 90' lang='lat' dir='ltr'><strong>cum</strong></span> <span class='ocrx_word' id='word_1_547' title='bbox 2095 2004 2291 2073; x_wconf 86' lang='lat' dir='ltr'><strong>populo</strong></span> <span class='ocrx_word' id='word_1_548' title='bbox 2336 2007 2798 2076; x_wconf 75' lang='lat' dir='ltr'><strong>congressionem,</strong></span> <span class='ocrx_word' id='word_1_549' title='bbox 2855 2021 2907 2064; x_wconf 90' lang='lat' dir='ltr'><strong>et</strong></span> <span class='ocrx_word' id='word_1_550' title='bbox 2962 2026 3082 2065; x_wconf 87' lang='lat' dir='ltr'><strong>cum</strong></span> <span class='ocrx_word' id='word_1_551' title='bbox 3141 2013 3249 2068; x_wconf 92' lang='lat' dir='ltr'><strong>Deo</strong></span> <span class='ocrx_word' id='word_1_552' title='bbox 3300 2015 3413 2070; x_wconf 90' lang='lat' dir='ltr'><strong>solo</strong></span> <span class='ocrx_word' id='word_1_553' title='bbox 3450 2024 3506 2068; x_wconf 91' lang='lat' dir='ltr'><strong>ct</strong></span> 
     </span>
    </p>
   </div>
   <div class='ocr_carea' id='block_1_79' title="bbox 1922 2105 2410 2150">
    <p class='ocr_par' dir='ltr' id='par_1_79' title="bbox 1922 2105 2410 2150">
     <span class='ocr_line' id='line_1_79' title="bbox 1922 2105 2410 2150; baseline 0.01 -5"><span class='ocrx_word' id='word_1_554' title='bbox 1922 2105 2104 2146; x_wconf 82' lang='lat' dir='ltr'><strong>secum</strong></span> <span class='ocrx_word' id='word_1_555' title='bbox 2137 2110 2293 2150; x_wconf 88' lang='lat' dir='ltr'><strong>versa</strong></span> <span class='ocrx_word' id='word_1_556' title='bbox 2303 2105 2410 2150; x_wconf 90' lang='lat' dir='ltr'><strong>tur.</strong></span> 
     </span>
    </p>
   </div>
   <div class='ocr_carea' id='block_1_80' title="bbox 1992 2291 3503 2368">
    <p class='ocr_par' dir='ltr' id='par_1_80' title="bbox 1992 2291 3503 2368">
     <span class='ocr_line' id='line_1_80' title="bbox 1992 2291 3503 2368; baseline 0.007 -22"><span class='ocrx_word' id='word_1_557' title='bbox 1992 2291 2078 2348; x_wconf 86' lang='lat' dir='ltr'><strong>ill.</strong></span> <span class='ocrx_word' id='word_1_558' title='bbox 2108 2291 2218 2348; x_wconf 82' lang='lat' dir='ltr'><strong>Nec</strong></span> <span class='ocrx_word' id='word_1_559' title='bbox 2249 2294 2477 2349; x_wconf 90' lang='lat' dir='ltr'><strong>multum</strong></span> <span class='ocrx_word' id='word_1_560' title='bbox 2513 2297 2814 2352; x_wconf 91' lang='lat' dir='ltr'><strong>intercessit</strong></span> <span class='ocrx_word' id='word_1_561' title='bbox 2867 2300 3146 2368; x_wconf 86' lang='lat' dir='ltr'><strong>temporis,</strong></span> <span class='ocrx_word' id='word_1_562' title='bbox 3195 2311 3250 2354; x_wconf 86' lang='lat' dir='ltr'><strong>et</strong></span> <span class='ocrx_word' id='word_1_563' title='bbox 3297 2303 3503 2359; x_wconf 82' lang='lat' dir='ltr'><strong>relictis</strong></span> 
     </span>
    </p>
   </div>
   <div class='ocr_carea' id='block_1_81' title="bbox 1923 2383 3503 2460">
    <p class='ocr_par' dir='ltr' id='par_1_81' title="bbox 1923 2383 3503 2460">
     <span class='ocr_line' id='line_1_81' title="bbox 1923 2383 3503 2460; baseline 0.008 -23"><span class='ocrx_word' id='word_1_564' title='bbox 1923 2383 2335 2454; x_wconf 84' lang='lat' dir='ltr'><strong>Hierosolymis,</strong></span> <span class='ocrx_word' id='word_1_565' title='bbox 2378 2387 2527 2441; x_wconf 85' lang='lat' dir='ltr'><strong>venit</strong></span> <span class='ocrx_word' id='word_1_566' title='bbox 2576 2388 2628 2441; x_wconf 89' lang='lat' dir='ltr'><strong>in</strong></span> <span class='ocrx_word' id='word_1_567' title='bbox 2675 2388 3095 2458; x_wconf 79' lang='lat' dir='ltr'><strong>Cappadociam,</strong></span> <span class='ocrx_word' id='word_1_568' title='bbox 3141 2408 3314 2460; x_wconf 79' lang='lat' dir='ltr'><strong>prch</strong></span> <span class='ocrx_word' id='word_1_569' title='bbox 3346 2397 3503 2449; x_wconf 76' lang='lat' dir='ltr'><strong>simul</strong></span> 
     </span>
    </p>
   </div>
   <div class='ocr_carea' id='block_1_82' title="bbox 1919 2477 3504 2555">
    <p class='ocr_par' dir='ltr' id='par_1_82' title="bbox 1919 2477 3504 2555">
     <span class='ocr_line' id='line_1_82' title="bbox 1919 2477 3504 2555; baseline 0.008 -25"><span class='ocrx_word' id='word_1_570' title='bbox 1919 2488 1970 2530; x_wconf 90' lang='lat' dir='ltr'><strong>et</strong></span> <span class='ocrx_word' id='word_1_571' title='bbox 2002 2478 2276 2544; x_wconf 78' lang='lat' dir='ltr'><strong>apostolus</strong></span> <span class='ocrx_word' id='word_1_572' title='bbox 2310 2477 2515 2533; x_wconf 82' lang='lat' dir='ltr'><strong>Christi</strong></span> <span class='ocrx_word' id='word_1_573' title='bbox 2571 2481 2970 2538; x_wconf 75' lang='lat' dir='ltr'><strong>admirabilium</strong></span> <span class='ocrx_word' id='word_1_574' title='bbox 3006 2499 3250 2551; x_wconf 87' lang='lat' dir='ltr'><strong>operum,</strong></span> <span class='ocrx_word' id='word_1_575' title='bbox 3293 2498 3346 2539; x_wconf 87' lang='lat' dir='ltr'><strong>et</strong></span> <span class='ocrx_word' id='word_1_576' title='bbox 3383 2503 3504 2555; x_wconf 67' lang='lat' dir='ltr'><strong>qua</strong></span> 
     </span>
    </p>
   </div>
   <div class='ocr_carea' id='block_1_83' title="bbox 1918 2568 3500 2636">
    <p class='ocr_par' dir='ltr' id='par_1_83' title="bbox 1918 2568 3500 2636">
     <span class='ocr_line' id='line_1_83' title="bbox 1918 2568 3500 2636; baseline 0.008 -20"><span class='ocrx_word' id='word_1_577' title='bbox 1918 2574 2043 2617; x_wconf 84' lang='lat' dir='ltr'><strong>sunt</strong></span> <span class='ocrx_word' id='word_1_578' title='bbox 2085 2575 2281 2633; x_wconf 69' lang='lat' dir='ltr'><strong>praeter</strong></span> <span class='ocrx_word' id='word_1_579' title='bbox 2321 2568 2629 2636; x_wconf 75' lang='lat' dir='ltr'><strong>opiniodem</strong></span> <span class='ocrx_word' id='word_1_580' title='bbox 2673 2583 2797 2623; x_wconf 90' lang='lat' dir='ltr'><strong>cum</strong></span> <span class='ocrx_word' id='word_1_581' title='bbox 2843 2570 2947 2625; x_wconf 90' lang='lat' dir='ltr'><strong>illis</strong></span> <span class='ocrx_word' id='word_1_582' title='bbox 2985 2571 3193 2627; x_wconf 88' lang='lat' dir='ltr'><strong>duobus</strong></span> <span class='ocrx_word' id='word_1_583' title='bbox 3239 2576 3500 2630; x_wconf 86' lang='lat' dir='ltr'><strong>militibus</strong></span> 
     </span>
    </p>
   </div>
   <div class='ocr_carea' id='block_1_84' title="bbox 1917 2653 3497 2733">
    <p class='ocr_par' dir='ltr' id='par_1_84' title="bbox 1917 2653 3497 2733">
     <span class='ocr_line' id='line_1_84' title="bbox 1917 2653 3497 2733; baseline 0.009 -25"><span class='ocrx_word' id='word_1_584' title='bbox 1917 2653 2163 2714; x_wconf 79' lang='lat' dir='ltr'><strong>eﬂ&#39;ectus.</strong></span> <span class='ocrx_word' id='word_1_585' title='bbox 2211 2656 2348 2710; x_wconf 90' lang='lat' dir='ltr'><strong>Cum</strong></span> <span class='ocrx_word' id='word_1_586' title='bbox 2395 2669 2576 2712; x_wconf 90' lang='lat' dir='ltr'><strong>autem</strong></span> <span class='ocrx_word' id='word_1_587' title='bbox 2626 2675 2816 2715; x_wconf 91' lang='lat' dir='ltr'><strong>eorum</strong></span> <span class='ocrx_word' id='word_1_588' title='bbox 2864 2662 2997 2716; x_wconf 86' lang='lat' dir='ltr'><strong>nihil</strong></span> <span class='ocrx_word' id='word_1_589' title='bbox 3032 2667 3222 2720; x_wconf 83' lang='lat' dir='ltr'><strong>lateret</strong></span> <span class='ocrx_word' id='word_1_590' title='bbox 3263 2665 3497 2733; x_wconf 64' lang='lat' dir='ltr'><strong>Juilmus,</strong></span> 
     </span>
    </p>
   </div>
   <div class='ocr_carea' id='block_1_85' title="bbox 1919 2747 3496 2823">
    <p class='ocr_par' dir='ltr' id='par_1_85' title="bbox 1919 2747 3496 2823">
     <span class='ocr_line' id='line_1_85' title="bbox 1919 2747 3496 2823; baseline 0.009 -26"><span class='ocrx_word' id='word_1_591' title='bbox 1919 2749 2101 2813; x_wconf 87' lang='lat' dir='ltr'><strong>utpote</strong></span> <span class='ocrx_word' id='word_1_592' title='bbox 2121 2748 2262 2812; x_wconf 91' lang='lat' dir='ltr'><strong>quod</strong></span> <span class='ocrx_word' id='word_1_593' title='bbox 2293 2747 2435 2802; x_wconf 83' lang='lat' dir='ltr'><strong>fama</strong></span> <span class='ocrx_word' id='word_1_594' title='bbox 2461 2751 2526 2803; x_wconf 88' lang='lat' dir='ltr'><strong>ad</strong></span> <span class='ocrx_word' id='word_1_595' title='bbox 2549 2765 2737 2804; x_wconf 89' lang='lat' dir='ltr'><strong>omnes</strong></span> <span class='ocrx_word' id='word_1_596' title='bbox 2757 2752 3058 2823; x_wconf 88' lang='lat' dir='ltr'><strong>Longiumn</strong></span> <span class='ocrx_word' id='word_1_597' title='bbox 3085 2757 3496 2820; x_wconf 78' lang='lat' dir='ltr'><strong>transmitteret,</strong></span> 
     </span>
    </p>
   </div>
   <div class='ocr_carea' id='block_1_86' title="bbox 1916 2837 3503 2916">
    <p class='ocr_par' dir='ltr' id='par_1_86' title="bbox 1916 2837 3503 2916">
     <span class='ocr_line' id='line_1_86' title="bbox 1916 2837 3503 2916; baseline 0.011 -32"><span class='ocrx_word' id='word_1_598' title='bbox 1916 2840 1970 2885; x_wconf 85' lang='lat' dir='ltr'><strong>et</strong></span> <span class='ocrx_word' id='word_1_599' title='bbox 2015 2837 2235 2903; x_wconf 83' lang='lat' dir='ltr'><strong>perinde</strong></span> <span class='ocrx_word' id='word_1_600' title='bbox 2271 2853 2335 2892; x_wconf 82' lang='lat' dir='ltr'><strong>uc</strong></span> <span class='ocrx_word' id='word_1_601' title='bbox 2387 2841 2526 2893; x_wconf 81' lang='lat' dir='ltr'><strong>alata</strong></span> <span class='ocrx_word' id='word_1_602' title='bbox 2580 2842 2873 2910; x_wconf 84' lang='lat' dir='ltr'><strong>perniciter</strong></span> <span class='ocrx_word' id='word_1_603' title='bbox 2917 2859 3131 2898; x_wconf 85' lang='lat' dir='ltr'><strong>omnem</strong></span> <span class='ocrx_word' id='word_1_604' title='bbox 3163 2859 3503 2916; x_wconf 74' lang='lat' dir='ltr'><strong>percurreret</strong></span> 
     </span>
    </p>
   </div>
   <div class='ocr_carea' id='block_1_87' title="bbox 1920 2925 3495 3002">
    <p class='ocr_par' dir='ltr' id='par_1_87' title="bbox 1920 2925 3495 3002">
     <span class='ocr_line' id='line_1_87' title="bbox 1920 2925 3495 3002; baseline 0.013 -30"><span class='ocrx_word' id='word_1_605' title='bbox 1920 2925 2221 2991; x_wconf 84' lang='lat' dir='ltr'><strong>regionem,</strong></span> <span class='ocrx_word' id='word_1_606' title='bbox 2258 2929 2292 2981; x_wconf 92' lang='lat' dir='ltr'><strong>ii</strong></span> <span class='ocrx_word' id='word_1_607' title='bbox 2325 2930 2485 2984; x_wconf 84' lang='lat' dir='ltr'><strong>simul</strong></span> <span class='ocrx_word' id='word_1_608' title='bbox 2524 2932 2910 2988; x_wconf 86' lang='lat' dir='ltr'><strong>convenientes</strong></span> <span class='ocrx_word' id='word_1_609' title='bbox 2943 2936 3268 3002; x_wconf 81' lang='lat' dir='ltr'><strong>persuadent</strong></span> <span class='ocrx_word' id='word_1_610' title='bbox 3299 2936 3495 3001; x_wconf 77' lang='lat' dir='ltr'><strong>Pilato,</strong></span> 
     </span>
    </p>
   </div>
   <div class='ocr_carea' id='block_1_88' title="bbox 1917 3013 3493 3096">
    <p class='ocr_par' dir='ltr' id='par_1_88' title="bbox 1917 3013 3493 3096">
     <span class='ocr_line' id='line_1_88' title="bbox 1917 3013 3493 3096; baseline 0.011 -31"><span class='ocrx_word' id='word_1_611' title='bbox 1917 3022 1973 3066; x_wconf 77' lang='lat' dir='ltr'><strong>ut</strong></span> <span class='ocrx_word' id='word_1_612' title='bbox 2023 3014 2091 3069; x_wconf 87' lang='lat' dir='ltr'><strong>de</strong></span> <span class='ocrx_word' id='word_1_613' title='bbox 2147 3013 2396 3089; x_wconf 76' lang='lat' dir='ltr'><strong>Longino</strong></span> <span class='ocrx_word' id='word_1_614' title='bbox 2439 3021 2578 3075; x_wconf 81' lang='lat' dir='ltr'><strong>male</strong></span> <span class='ocrx_word' id='word_1_615' title='bbox 2633 3024 2798 3087; x_wconf 87' lang='lat' dir='ltr'><strong>dicat,</strong></span> <span class='ocrx_word' id='word_1_616' title='bbox 2844 3034 2900 3078; x_wconf 89' lang='lat' dir='ltr'><strong>et</strong></span> <span class='ocrx_word' id='word_1_617' title='bbox 2953 3027 3224 3096; x_wconf 89' lang='lat' dir='ltr'><strong>signiticet</strong></span> <span class='ocrx_word' id='word_1_618' title='bbox 3273 3028 3493 3093; x_wconf 64' lang='lat' dir='ltr'><strong>Cesari,</strong></span> 
     </span>
    </p>
   </div>
   <div class='ocr_carea' id='block_1_89' title="bbox 1916 3106 3497 3185">
    <p class='ocr_par' dir='ltr' id='par_1_89' title="bbox 1916 3106 3497 3185">
     <span class='ocr_line' id='line_1_89' title="bbox 1916 3106 3497 3185; baseline 0.013 -31"><span class='ocrx_word' id='word_1_619' title='bbox 1916 3106 2059 3175; x_wconf 71' lang='lat' dir='ltr'><strong>quod</strong></span> <span class='ocrx_word' id='word_1_620' title='bbox 2103 3107 2277 3163; x_wconf 89' lang='lat' dir='ltr'><strong>aliena</strong></span> <span class='ocrx_word' id='word_1_621' title='bbox 2321 3111 2551 3167; x_wconf 87' lang='lat' dir='ltr'><strong>sentiret</strong></span> <span class='ocrx_word' id='word_1_622' title='bbox 2602 3113 2670 3167; x_wconf 87' lang='lat' dir='ltr'><strong>ab</strong></span> <span class='ocrx_word' id='word_1_623' title='bbox 2724 3114 2952 3182; x_wconf 89' lang='lat' dir='ltr'><strong>imperio</strong></span> <span class='ocrx_word' id='word_1_624' title='bbox 3004 3116 3395 3185; x_wconf 77' lang='lat' dir='ltr'><strong>Romanorum,</strong></span> <span class='ocrx_word' id='word_1_625' title='bbox 3442 3133 3497 3175; x_wconf 87' lang='lat' dir='ltr'><strong>ct</strong></span> 
     </span>
    </p>
   </div>
   <div class='ocr_carea' id='block_1_90' title="bbox 1915 3198 3490 3279">
    <p class='ocr_par' dir='ltr' id='par_1_90' title="bbox 1915 3198 3490 3279">
     <span class='ocr_line' id='line_1_90' title="bbox 1915 3198 3490 3279; baseline 0.01 -30"><span class='ocrx_word' id='word_1_626' title='bbox 1915 3198 2059 3265; x_wconf 91' lang='lat' dir='ltr'><strong>quod</strong></span> <span class='ocrx_word' id='word_1_627' title='bbox 2091 3199 2350 3266; x_wconf 77' lang='lat' dir='ltr'><strong>neglectis</strong></span> <span class='ocrx_word' id='word_1_628' title='bbox 2380 3204 2566 3268; x_wconf 87' lang='lat' dir='ltr'><strong>armis,</strong></span> <span class='ocrx_word' id='word_1_629' title='bbox 2608 3202 2886 3259; x_wconf 86' lang='lat' dir='ltr'><strong>Christum</strong></span> <span class='ocrx_word' id='word_1_630' title='bbox 2915 3208 3170 3276; x_wconf 66' lang='lat' dir='ltr'><strong>praedicet</strong></span> <span class='ocrx_word' id='word_1_631' title='bbox 3204 3213 3490 3279; x_wconf 86' lang='lat' dir='ltr'><strong>quemdam</strong></span> 
     </span>
    </p>
   </div>
   <div class='ocr_carea' id='block_1_91' title="bbox 1915 3292 3496 3372">
    <p class='ocr_par' dir='ltr' id='par_1_91' title="bbox 1915 3292 3496 3372">
     <span class='ocr_line' id='line_1_91' title="bbox 1915 3292 3496 3372; baseline 0.012 -34"><span class='ocrx_word' id='word_1_632' title='bbox 1915 3301 2094 3355; x_wconf 86' lang='lat' dir='ltr'><strong>regem</strong></span> <span class='ocrx_word' id='word_1_633' title='bbox 2135 3292 2421 3357; x_wconf 84' lang='lat' dir='ltr'><strong>gentibus,</strong></span> <span class='ocrx_word' id='word_1_634' title='bbox 2482 3304 2536 3347; x_wconf 92' lang='lat' dir='ltr'><strong>et</strong></span> <span class='ocrx_word' id='word_1_635' title='bbox 2582 3295 2660 3350; x_wconf 90' lang='lat' dir='ltr'><strong>sic</strong></span> <span class='ocrx_word' id='word_1_636' title='bbox 2702 3310 2891 3352; x_wconf 84' lang='lat' dir='ltr'><strong>omnes</strong></span> <span class='ocrx_word' id='word_1_637' title='bbox 2949 3299 3000 3351; x_wconf 91' lang='lat' dir='ltr'><strong>in</strong></span> <span class='ocrx_word' id='word_1_638' title='bbox 3047 3312 3200 3353; x_wconf 88' lang='lat' dir='ltr'><strong>suam</strong></span> <span class='ocrx_word' id='word_1_639' title='bbox 3249 3303 3496 3372; x_wconf 83' lang='lat' dir='ltr'><strong>redigens</strong></span> 
     </span>
    </p>
   </div>
   <div class='ocr_carea' id='block_1_92' title="bbox 1914 3385 3491 3456">
    <p class='ocr_par' dir='ltr' id='par_1_92' title="bbox 1914 3385 3491 3456">
     <span class='ocr_line' id='line_1_92' title="bbox 1914 3385 3491 3456; baseline 0.011 -27"><span class='ocrx_word' id='word_1_640' title='bbox 1914 3385 2262 3443; x_wconf 87' lang='lat' dir='ltr'><strong>potestatem,</strong></span> <span class='ocrx_word' id='word_1_641' title='bbox 2295 3385 2536 3437; x_wconf 82' lang='lat' dir='ltr'><strong>attrahat</strong></span> <span class='ocrx_word' id='word_1_642' title='bbox 2571 3388 2635 3437; x_wconf 90' lang='lat' dir='ltr'><strong>ad</strong></span> <span class='ocrx_word' id='word_1_643' title='bbox 2669 3385 2810 3438; x_wconf 86' lang='lat' dir='ltr'><strong>illius</strong></span> <span class='ocrx_word' id='word_1_644' title='bbox 2843 3386 3022 3441; x_wconf 83' lang='lat' dir='ltr'><strong>ﬁdem.</strong></span> <span class='ocrx_word' id='word_1_645' title='bbox 3059 3388 3258 3444; x_wconf 83' lang='lat' dir='ltr'><strong>Eorum</strong></span> <span class='ocrx_word' id='word_1_646' title='bbox 3289 3402 3491 3456; x_wconf 85' lang='lat' dir='ltr'><strong>autem,</strong></span> 
     </span>
    </p>
   </div>
   <div class='ocr_carea' id='block_1_93' title="bbox 1909 3467 3492 3550">
    <p class='ocr_par' dir='ltr' id='par_1_93' title="bbox 1909 3467 3492 3550">
     <span class='ocr_line' id='line_1_93' title="bbox 1909 3467 3492 3550; baseline 0.013 -32"><span class='ocrx_word' id='word_1_647' title='bbox 1909 3467 2148 3535; x_wconf 81' lang='lat' dir='ltr'><strong>aiebant,</strong></span> <span class='ocrx_word' id='word_1_648' title='bbox 2180 3485 2299 3540; x_wconf 62' lang='lat' dir='ltr'><strong>qua</strong></span> <span class='ocrx_word' id='word_1_649' title='bbox 2333 3473 2608 3539; x_wconf 89' lang='lat' dir='ltr'><strong>dicuntur,</strong></span> <span class='ocrx_word' id='word_1_650' title='bbox 2633 3477 2849 3546; x_wconf 85' lang='lat' dir='ltr'><strong>signum</strong></span> <span class='ocrx_word' id='word_1_651' title='bbox 2875 3487 2977 3546; x_wconf 87' lang='lat' dir='ltr'><strong>est,</strong></span> <span class='ocrx_word' id='word_1_652' title='bbox 3010 3481 3153 3550; x_wconf 88' lang='lat' dir='ltr'><strong>quod</strong></span> <span class='ocrx_word' id='word_1_653' title='bbox 3182 3483 3492 3538; x_wconf 78' lang='lat' dir='ltr'><strong>universam</strong></span> 
     </span>
    </p>
   </div>
   <div class='ocr_carea' id='block_1_94' title="bbox 1907 3554 3493 3633">
    <p class='ocr_par' dir='ltr' id='par_1_94' title="bbox 1907 3554 3493 3633">
     <span class='ocr_line' id='line_1_94' title="bbox 1907 3554 3493 3633; baseline 0.009 -22"><span class='ocrx_word' id='word_1_654' title='bbox 1907 3554 2302 3626; x_wconf 86' lang='lat' dir='ltr'><strong>Cappadociam</strong></span> <span class='ocrx_word' id='word_1_655' title='bbox 2337 3577 2398 3616; x_wconf 89' lang='lat' dir='ltr'><strong>ea</strong></span> <span class='ocrx_word' id='word_1_656' title='bbox 2435 3565 2677 3633; x_wconf 91' lang='lat' dir='ltr'><strong>implevit</strong></span> <span class='ocrx_word' id='word_1_657' title='bbox 2706 3568 2973 3623; x_wconf 79' lang='lat' dir='ltr'><strong>doctrina.</strong></span> <span class='ocrx_word' id='word_1_658' title='bbox 3007 3569 3142 3625; x_wconf 87' lang='lat' dir='ltr'><strong>Cum</strong></span> <span class='ocrx_word' id='word_1_659' title='bbox 3179 3572 3260 3626; x_wconf 89' lang='lat' dir='ltr'><strong>his</strong></span> <span class='ocrx_word' id='word_1_660' title='bbox 3297 3572 3493 3628; x_wconf 83' lang='lat' dir='ltr'><strong>litteris</strong></span> 
     </span>
    </p>
   </div>
   <div class='ocr_carea' id='block_1_95' title="bbox 1907 3647 3492 3724">
    <p class='ocr_par' dir='ltr' id='par_1_95' title="bbox 1907 3647 3492 3724">
     <span class='ocr_line' id='line_1_95' title="bbox 1907 3647 3492 3724; baseline 0.013 -25"><span class='ocrx_word' id='word_1_661' title='bbox 1907 3647 2067 3700; x_wconf 86' lang='lat' dir='ltr'><strong>simul</strong></span> <span class='ocrx_word' id='word_1_662' title='bbox 2113 3649 2276 3703; x_wconf 87' lang='lat' dir='ltr'><strong>etiam</strong></span> <span class='ocrx_word' id='word_1_663' title='bbox 2326 3653 2580 3706; x_wconf 89' lang='lat' dir='ltr'><strong>emittunt</strong></span> <span class='ocrx_word' id='word_1_664' title='bbox 2626 3657 2906 3724; x_wconf 88' lang='lat' dir='ltr'><strong>pecunias,</strong></span> <span class='ocrx_word' id='word_1_665' title='bbox 2955 3659 3008 3713; x_wconf 91' lang='lat' dir='ltr'><strong>in</strong></span> <span class='ocrx_word' id='word_1_666' title='bbox 3054 3676 3216 3716; x_wconf 84' lang='lat' dir='ltr'><strong>aures</strong></span> <span class='ocrx_word' id='word_1_667' title='bbox 3260 3663 3492 3719; x_wconf 71' lang='lat' dir='ltr'><strong>Caesaris</strong></span> 
     </span>
    </p>
   </div>
   <div class='ocr_carea' id='block_1_96' title="bbox 1907 3739 3484 3817">
    <p class='ocr_par' dir='ltr' id='par_1_96' title="bbox 1907 3739 3484 3817">
     <span class='ocr_line' id='line_1_96' title="bbox 1907 3739 3484 3817; baseline 0.011 -26"><span class='ocrx_word' id='word_1_668' title='bbox 1907 3739 2150 3797; x_wconf 86' lang='lat' dir='ltr'><strong>volentes</strong></span> <span class='ocrx_word' id='word_1_669' title='bbox 2185 3742 2447 3813; x_wconf 87' lang='lat' dir='ltr'><strong>irrepere,</strong></span> <span class='ocrx_word' id='word_1_670' title='bbox 2486 3753 2544 3800; x_wconf 92' lang='lat' dir='ltr'><strong>ut</strong></span> <span class='ocrx_word' id='word_1_671' title='bbox 2576 3744 2806 3817; x_wconf 89' lang='lat' dir='ltr'><strong>Longini</strong></span> <span class='ocrx_word' id='word_1_672' title='bbox 2851 3760 3079 3805; x_wconf 83' lang='lat' dir='ltr'><strong>mortem</strong></span> <span class='ocrx_word' id='word_1_673' title='bbox 3129 3749 3292 3806; x_wconf 75' lang='lat' dir='ltr'><strong>facile</strong></span> <span class='ocrx_word' id='word_1_674' title='bbox 3337 3770 3484 3809; x_wconf 79' lang='lat' dir='ltr'><strong>eme-</strong></span> 
     </span>
    </p>
   </div>
   <div class='ocr_carea' id='block_1_97' title="bbox 1907 3831 3482 3910">
    <p class='ocr_par' dir='ltr' id='par_1_97' title="bbox 1907 3831 3482 3910">
     <span class='ocr_line' id='line_1_97' title="bbox 1907 3831 3482 3910; baseline 0.012 -29"><span class='ocrx_word' id='word_1_675' title='bbox 1907 3841 2047 3883; x_wconf 91' lang='lat' dir='ltr'><strong>rent.</strong></span> <span class='ocrx_word' id='word_1_676' title='bbox 2088 3831 2240 3896; x_wconf 87' lang='lat' dir='ltr'><strong>Quod</strong></span> <span class='ocrx_word' id='word_1_677' title='bbox 2293 3838 2506 3903; x_wconf 87' lang='lat' dir='ltr'><strong>quidem</strong></span> <span class='ocrx_word' id='word_1_678' title='bbox 2557 3842 2826 3906; x_wconf 85' lang='lat' dir='ltr'><strong>processit</strong></span> <span class='ocrx_word' id='word_1_679' title='bbox 2864 3842 3050 3908; x_wconf 88' lang='lat' dir='ltr'><strong>etiam,</strong></span> <span class='ocrx_word' id='word_1_680' title='bbox 3090 3853 3146 3896; x_wconf 94' lang='lat' dir='ltr'><strong>ut</strong></span> <span class='ocrx_word' id='word_1_681' title='bbox 3179 3835 3482 3910; x_wconf 77' lang='lat' dir='ltr'><strong>videbatur,</strong></span> 
     </span>
    </p>
   </div>
   <div class='ocr_carea' id='block_1_98' title="bbox 1909 3918 3486 3994">
    <p class='ocr_par' dir='ltr' id='par_1_98' title="bbox 1909 3918 3486 3994">
     <span class='ocr_line' id='line_1_98' title="bbox 1909 3918 3486 3994; baseline 0.013 -20"><span class='ocrx_word' id='word_1_682' title='bbox 1909 3918 2128 3976; x_wconf 69' lang='lat' dir='ltr'><strong>Judwis.</strong></span> <span class='ocrx_word' id='word_1_683' title='bbox 2185 3921 2252 3977; x_wconf 84' lang='lat' dir='ltr'><strong>Et</strong></span> <span class='ocrx_word' id='word_1_684' title='bbox 2306 3924 2473 3980; x_wconf 81' lang='lat' dir='ltr'><strong>Roma</strong></span> <span class='ocrx_word' id='word_1_685' title='bbox 2523 3929 2702 3981; x_wconf 89' lang='lat' dir='ltr'><strong>statim</strong></span> <span class='ocrx_word' id='word_1_686' title='bbox 2752 3930 2806 3982; x_wconf 90' lang='lat' dir='ltr'><strong>in</strong></span> <span class='ocrx_word' id='word_1_687' title='bbox 2861 3931 3101 3987; x_wconf 69' lang='lat' dir='ltr'><strong>Judaram</strong></span> <span class='ocrx_word' id='word_1_688' title='bbox 3153 3936 3486 3994; x_wconf 71' lang='lat' dir='ltr'><strong>ad-Pilatum</strong></span> 
     </span>
    </p>
   </div>
   <div class='ocr_carea' id='block_1_99' title="bbox 1913 4014 3482 4104">
    <p class='ocr_par' dir='ltr' id='par_1_99' title="bbox 1913 4014 3482 4104">
     <span class='ocr_line' id='line_1_99' title="bbox 1913 4014 3482 4104; baseline 0.011 -38"><span class='ocrx_word' id='word_1_689' title='bbox 1913 4014 2201 4068; x_wconf 81' lang='lat' dir='ltr'><strong>mittuntur</strong></span> <span class='ocrx_word' id='word_1_690' title='bbox 2231 4014 2444 4083; x_wconf 68' lang='lat' dir='ltr'><strong>littem,</strong></span> <span class='ocrx_word' id='word_1_691' title='bbox 2465 4032 2584 4087; x_wconf 70' lang='lat' dir='ltr'><strong>quae</strong></span> <span class='ocrx_word' id='word_1_692' title='bbox 2613 4018 2914 4090; x_wconf 88' lang='lat' dir='ltr'><strong>Longinum</strong></span> <span class='ocrx_word' id='word_1_693' title='bbox 2940 4035 3114 4104; x_wconf 80' lang='lat' dir='ltr'><strong>utorte</strong></span> <span class='ocrx_word' id='word_1_694' title='bbox 3135 4029 3482 4085; x_wconf 80' lang='lat' dir='ltr'><strong>damnabunt.</strong></span> 
     </span>
    </p>
   </div>
   <div class='ocr_carea' id='block_1_100' title="bbox 1903 4100 3486 4176">
    <p class='ocr_par' dir='ltr' id='par_1_100' title="bbox 1903 4100 3486 4176">
     <span class='ocr_line' id='line_1_100' title="bbox 1903 4100 3486 4176; baseline 0.012 -21"><span class='ocrx_word' id='word_1_695' title='bbox 1903 4100 2107 4157; x_wconf 86' lang='lat' dir='ltr'><strong>Pilatus</strong></span> <span class='ocrx_word' id='word_1_696' title='bbox 2152 4119 2281 4175; x_wconf 91' lang='lat' dir='ltr'><strong>ergo</strong></span> <span class='ocrx_word' id='word_1_697' title='bbox 2320 4109 2556 4176; x_wconf 84' lang='lat' dir='ltr'><strong>acceptis</strong></span> <span class='ocrx_word' id='word_1_698' title='bbox 2591 4107 2810 4175; x_wconf 80' lang='lat' dir='ltr'><strong>litteris,</strong></span> <span class='ocrx_word' id='word_1_699' title='bbox 2844 4127 2937 4168; x_wconf 85' lang='lat' dir='ltr'><strong>eas</strong></span> <span class='ocrx_word' id='word_1_700' title='bbox 2975 4100 3156 4170; x_wconf 79' lang='lat' dir='ltr'><strong>statim</strong></span> <span class='ocrx_word' id='word_1_701' title='bbox 3193 4120 3355 4172; x_wconf 89' lang='lat' dir='ltr'><strong>tradit</strong></span> <span class='ocrx_word' id='word_1_702' title='bbox 3388 4119 3486 4174; x_wconf 82' lang='lat' dir='ltr'><strong>Ju-</strong></span> 
     </span>
    </p>
   </div>
   <div class='ocr_carea' id='block_1_101' title="bbox 1904 4194 3484 4267">
    <p class='ocr_par' dir='ltr' id='par_1_101' title="bbox 1904 4194 3484 4267">
     <span class='ocr_line' id='line_1_101' title="bbox 1904 4194 3484 4267; baseline 0.012 -19"><span class='ocrx_word' id='word_1_703' title='bbox 1904 4194 2053 4261; x_wconf 61' lang='grc' dir='ltr'><strong>(ἱείς,</strong></span> <span class='ocrx_word' id='word_1_704' title='bbox 2083 4203 2137 4249; x_wconf 92' lang='lat' dir='ltr'><strong>et</strong></span> <span class='ocrx_word' id='word_1_705' title='bbox 2162 4197 2228 4250; x_wconf 88' lang='lat' dir='ltr'><strong>ad</strong></span> <span class='ocrx_word' id='word_1_706' title='bbox 2259 4196 2399 4251; x_wconf 87' lang='lat' dir='ltr'><strong>beati</strong></span> <span class='ocrx_word' id='word_1_707' title='bbox 2436 4199 2536 4252; x_wconf 87' lang='lat' dir='ltr'><strong>viri</strong></span> <span class='ocrx_word' id='word_1_708' title='bbox 2570 4201 2768 4256; x_wconf 58' lang='lat' dir='ltr'><strong>eadem</strong></span> <span class='ocrx_word' id='word_1_709' title='bbox 2801 4204 2997 4259; x_wconf 84' lang='lat' dir='ltr'><strong>alacris</strong></span> <span class='ocrx_word' id='word_1_710' title='bbox 3029 4208 3238 4262; x_wconf 79' lang='lat' dir='ltr'><strong>alacres</strong></span> <span class='ocrx_word' id='word_1_711' title='bbox 3267 4214 3484 4267; x_wconf 89' lang='lat' dir='ltr'><strong>emittit.</strong></span> 
     </span>
    </p>
   </div>
   <div class='ocr_carea' id='block_1_102' title="bbox 1905 4275 3478 4372">
    <p class='ocr_par' dir='ltr' id='par_1_102' title="bbox 1905 4275 3478 4372">
     <span class='ocr_line' id='line_1_102' title="bbox 1905 4275 3478 4372; baseline 0.014 -36"><span class='ocrx_word' id='word_1_712' title='bbox 1905 4282 1985 4338; x_wconf 79' lang='lat' dir='ltr'><strong>liii</strong></span> <span class='ocrx_word' id='word_1_713' title='bbox 2016 4295 2194 4339; x_wconf 85' lang='lat' dir='ltr'><strong>autem</strong></span> <span class='ocrx_word' id='word_1_714' title='bbox 2235 4302 2356 4340; x_wconf 91' lang='lat' dir='ltr'><strong>cum</strong></span> <span class='ocrx_word' id='word_1_715' title='bbox 2394 4275 2560 4344; x_wconf 76' lang='lat' dir='ltr'><strong>totam</strong></span> <span class='ocrx_word' id='word_1_716' title='bbox 2617 4307 2738 4360; x_wconf 71' lang='lat' dir='ltr'><strong>qua:</strong></span> <span class='ocrx_word' id='word_1_717' title='bbox 2777 4295 3167 4364; x_wconf 82' lang='lat' dir='ltr'><strong>intercedebat,</strong></span> <span class='ocrx_word' id='word_1_718' title='bbox 3204 4304 3478 4372; x_wconf 83' lang='lat' dir='ltr'><strong>regionem</strong></span> 
     </span>
    </p>
   </div>
   <div class='ocr_carea' id='block_1_103' title="bbox 1902 4375 3481 4464">
    <p class='ocr_par' dir='ltr' id='par_1_103' title="bbox 1902 4375 3481 4464">
     <span class='ocr_line' id='line_1_103' title="bbox 1902 4375 3481 4464; baseline 0.015 -37"><span class='ocrx_word' id='word_1_719' title='bbox 1902 4375 2135 4428; x_wconf 83' lang='lat' dir='ltr'><strong>maxima</strong></span> <span class='ocrx_word' id='word_1_720' title='bbox 2173 4378 2537 4446; x_wconf 82' lang='lat' dir='ltr'><strong>pervasissent</strong></span> <span class='ocrx_word' id='word_1_721' title='bbox 2573 4383 2876 4451; x_wconf 84' lang='lat' dir='ltr'><strong>celeritate,</strong></span> <span class='ocrx_word' id='word_1_722' title='bbox 2920 4390 3142 4444; x_wconf 89' lang='lat' dir='ltr'><strong>veniunt</strong></span> <span class='ocrx_word' id='word_1_723' title='bbox 3184 4394 3235 4446; x_wconf 92' lang='lat' dir='ltr'><strong>in</strong></span> <span class='ocrx_word' id='word_1_724' title='bbox 3269 4395 3481 4464; x_wconf 56' lang='lat' dir='ltr'><strong>(lappa-</strong></span> 
     </span>
    </p>
   </div>
   <div class='ocr_carea' id='block_1_104' title="bbox 1901 4465 3476 4555">
    <p class='ocr_par' dir='ltr' id='par_1_104' title="bbox 1901 4465 3476 4555">
     <span class='ocr_line' id='line_1_104' title="bbox 1901 4465 3476 4555; baseline 0.017 -38"><span class='ocrx_word' id='word_1_725' title='bbox 1901 4465 2097 4520; x_wconf 87' lang='lat' dir='ltr'><strong>docum</strong></span> <span class='ocrx_word' id='word_1_726' title='bbox 2135 4469 2408 4539; x_wconf 87' lang='lat' dir='ltr'><strong>regionem</strong></span> <span class='ocrx_word' id='word_1_727' title='bbox 2448 4491 2461 4526; x_wconf 88' lang='lat'><strong>:</strong></span> <span class='ocrx_word' id='word_1_728' title='bbox 2495 4484 2548 4527; x_wconf 88' lang='lat' dir='ltr'><strong>et</strong></span> <span class='ocrx_word' id='word_1_729' title='bbox 2582 4490 2703 4529; x_wconf 86' lang='lat' dir='ltr'><strong>cum</strong></span> <span class='ocrx_word' id='word_1_730' title='bbox 2739 4479 3040 4535; x_wconf 88' lang='lat' dir='ltr'><strong>audiissent</strong></span> <span class='ocrx_word' id='word_1_731' title='bbox 3091 4482 3387 4555; x_wconf 86' lang='lat' dir='ltr'><strong>Longinum</strong></span> <span class='ocrx_word' id='word_1_732' title='bbox 3428 4492 3476 4543; x_wconf 85' lang='lat' dir='ltr'><strong>in</strong></span> 
     </span>
    </p>
   </div>
   <div class='ocr_carea' id='block_1_105' title="bbox 1822 4557 3476 4646">
    <p class='ocr_par' dir='ltr' id='par_1_105' title="bbox 1822 4557 3476 4646">
     <span class='ocr_line' id='line_1_105' title="bbox 1822 4557 3476 4646; baseline 0.018 -38"><span class='ocrx_word' id='word_1_733' title='bbox 1822 4575 1877 4635; x_wconf 71' lang='grc' dir='ltr'><strong>Ι)</strong></span> <span class='ocrx_word' id='word_1_734' title='bbox 1903 4557 2138 4624; x_wconf 89' lang='lat' dir='ltr'><strong>quodam</strong></span> <span class='ocrx_word' id='word_1_735' title='bbox 2167 4575 2296 4630; x_wconf 89' lang='lat' dir='ltr'><strong>agro</strong></span> <span class='ocrx_word' id='word_1_736' title='bbox 2331 4573 2557 4631; x_wconf 87' lang='lat' dir='ltr'><strong>paterno</strong></span> <span class='ocrx_word' id='word_1_737' title='bbox 2588 4580 2746 4633; x_wconf 83' lang='lat' dir='ltr'><strong>agere</strong></span> <span class='ocrx_word' id='word_1_738' title='bbox 2780 4569 2942 4622; x_wconf 86' lang='lat' dir='ltr'><strong>vitam</strong></span> <span class='ocrx_word' id='word_1_739' title='bbox 2981 4573 3048 4624; x_wconf 87' lang='lat' dir='ltr'><strong>ab</strong></span> <span class='ocrx_word' id='word_1_740' title='bbox 3089 4578 3235 4628; x_wconf 90' lang='lat' dir='ltr'><strong>omni</strong></span> <span class='ocrx_word' id='word_1_741' title='bbox 3263 4584 3476 4646; x_wconf 78' lang='lat' dir='ltr'><strong>negotio</strong></span> 
     </span>
    </p>
   </div>
   <div class='ocr_carea' id='block_1_106' title="bbox 1904 4654 3474 4732">
    <p class='ocr_par' dir='ltr' id='par_1_106' title="bbox 1904 4654 3474 4732">
     <span class='ocr_line' id='line_1_106' title="bbox 1904 4654 3474 4732; baseline 0.018 -34"><span class='ocrx_word' id='word_1_742' title='bbox 1904 4658 2187 4713; x_wconf 89' lang='lat' dir='ltr'><strong>remotam,</strong></span> <span class='ocrx_word' id='word_1_743' title='bbox 2223 4654 2403 4706; x_wconf 83' lang='lat' dir='ltr'><strong>statim</strong></span> <span class='ocrx_word' id='word_1_744' title='bbox 2450 4658 2669 4711; x_wconf 85' lang='lat' dir='ltr'><strong>veniunt</strong></span> <span class='ocrx_word' id='word_1_745' title='bbox 2709 4658 2763 4712; x_wconf 91' lang='lat' dir='ltr'><strong>in</strong></span> <span class='ocrx_word' id='word_1_746' title='bbox 2815 4673 3026 4732; x_wconf 88' lang='lat' dir='ltr'><strong>agrum,</strong></span> <span class='ocrx_word' id='word_1_747' title='bbox 3079 4675 3128 4720; x_wconf 90' lang='lat' dir='ltr'><strong>et</strong></span> <span class='ocrx_word' id='word_1_748' title='bbox 3176 4683 3295 4723; x_wconf 91' lang='lat' dir='ltr'><strong>cum</strong></span> <span class='ocrx_word' id='word_1_749' title='bbox 3333 4673 3474 4726; x_wconf 87' lang='lat' dir='ltr'><strong>Lon-</strong></span> 
     </span>
    </p>
   </div>
   <div class='ocr_carea' id='block_1_107' title="bbox 1897 4736 3474 4830">
    <p class='ocr_par' dir='ltr' id='par_1_107' title="bbox 1897 4736 3474 4830">
     <span class='ocr_line' id='line_1_107' title="bbox 1897 4736 3474 4830; baseline 0.015 -41"><span class='ocrx_word' id='word_1_750' title='bbox 1897 4736 2022 4804; x_wconf 89' lang='lat' dir='ltr'><strong>gino</strong></span> <span class='ocrx_word' id='word_1_751' title='bbox 2092 4753 2372 4797; x_wconf 89' lang='lat' dir='ltr'><strong>sermones</strong></span> <span class='ocrx_word' id='word_1_752' title='bbox 2429 4745 2736 4815; x_wconf 78' lang='lat' dir='ltr'><strong>conferunt,</strong></span> <span class='ocrx_word' id='word_1_753' title='bbox 2798 4755 3103 4810; x_wconf 84' lang='lat' dir='ltr'><strong>nescientes</strong></span> <span class='ocrx_word' id='word_1_754' title='bbox 3157 4775 3278 4814; x_wconf 89' lang='lat' dir='ltr'><strong>eum</strong></span> <span class='ocrx_word' id='word_1_755' title='bbox 3333 4777 3474 4830; x_wconf 77' lang='lat' dir='ltr'><strong>esse,</strong></span> 
     </span>
    </p>
   </div>
   <div class='ocr_carea' id='block_1_108' title="bbox 1895 4839 3473 4915">
    <p class='ocr_par' dir='ltr' id='par_1_108' title="bbox 1895 4839 3473 4915">
     <span class='ocr_line' id='line_1_108' title="bbox 1895 4839 3473 4915; baseline 0.017 -35"><span class='ocrx_word' id='word_1_756' title='bbox 1895 4839 2116 4899; x_wconf 88' lang='lat' dir='ltr'><strong>propter</strong></span> <span class='ocrx_word' id='word_1_757' title='bbox 2149 4847 2306 4900; x_wconf 90' lang='lat' dir='ltr'><strong>quem</strong></span> <span class='ocrx_word' id='word_1_758' title='bbox 2343 4846 2450 4890; x_wconf 87' lang='lat' dir='ltr'><strong>tam</strong></span> <span class='ocrx_word' id='word_1_759' title='bbox 2488 4853 2710 4907; x_wconf 87' lang='lat' dir='ltr'><strong>magnos</strong></span> <span class='ocrx_word' id='word_1_760' title='bbox 2753 4841 2964 4897; x_wconf 81' lang='lat' dir='ltr'><strong>labores</strong></span> <span class='ocrx_word' id='word_1_761' title='bbox 2998 4850 3385 4915; x_wconf 78' lang='lat' dir='ltr'><strong>suscepissent.</strong></span> <span class='ocrx_word' id='word_1_762' title='bbox 3419 4867 3473 4908; x_wconf 75' lang='lat' dir='ltr'><strong>et</strong></span> 
     </span>
    </p>
   </div>
   <div class='ocr_carea' id='block_1_109' title="bbox 1896 4922 3469 5012">
    <p class='ocr_par' dir='ltr' id='par_1_109' title="bbox 1896 4922 3469 5012">
     <span class='ocr_line' id='line_1_109' title="bbox 1896 4922 3469 5012; baseline 0.017 -39"><span class='ocrx_word' id='word_1_763' title='bbox 1896 4922 2001 4974; x_wconf 83' lang='lat' dir='ltr'><strong>iter</strong></span> <span class='ocrx_word' id='word_1_764' title='bbox 2039 4923 2417 4982; x_wconf 78' lang='lat' dir='ltr'><strong>cdnfecissent.</strong></span> <span class='ocrx_word' id='word_1_765' title='bbox 2445 4927 2597 4984; x_wconf 88' lang='lat' dir='ltr'><strong>Unde</strong></span> <span class='ocrx_word' id='word_1_766' title='bbox 2624 4932 2786 4987; x_wconf 86' lang='lat' dir='ltr'><strong>etiam</strong></span> <span class='ocrx_word' id='word_1_767' title='bbox 2818 4935 2966 4990; x_wconf 91' lang='lat' dir='ltr'><strong>illum</strong></span> <span class='ocrx_word' id='word_1_768' title='bbox 2993 4937 3164 5007; x_wconf 90' lang='lat' dir='ltr'><strong>ipsum</strong></span> <span class='ocrx_word' id='word_1_769' title='bbox 3187 4946 3469 5012; x_wconf 79' lang='lat' dir='ltr'><strong>rogabant,</strong></span> 
     </span>
    </p>
   </div>
   <div class='ocr_carea' id='block_1_110' title="bbox 1895 5013 3469 5100">
    <p class='ocr_par' dir='ltr' id='par_1_110' title="bbox 1895 5013 3469 5100">
     <span class='ocr_line' id='line_1_110' title="bbox 1895 5013 3469 5100; baseline 0.017 -37"><span class='ocrx_word' id='word_1_770' title='bbox 1895 5013 2145 5080; x_wconf 89' lang='lat' dir='ltr'><strong>quisnam</strong></span> <span class='ocrx_word' id='word_1_771' title='bbox 2195 5028 2338 5072; x_wconf 89' lang='lat' dir='ltr'><strong>esset</strong></span> <span class='ocrx_word' id='word_1_772' title='bbox 2380 5020 2674 5092; x_wconf 89' lang='lat' dir='ltr'><strong>Longinus,</strong></span> <span class='ocrx_word' id='word_1_773' title='bbox 2705 5034 2760 5080; x_wconf 91' lang='lat' dir='ltr'><strong>et</strong></span> <span class='ocrx_word' id='word_1_774' title='bbox 2794 5027 2847 5081; x_wconf 89' lang='lat' dir='ltr'><strong>in</strong></span> <span class='ocrx_word' id='word_1_775' title='bbox 2881 5045 3112 5098; x_wconf 87' lang='lat' dir='ltr'><strong>quonam</strong></span> <span class='ocrx_word' id='word_1_776' title='bbox 3141 5035 3346 5100; x_wconf 76' lang='lat' dir='ltr'><strong>praedio</strong></span> <span class='ocrx_word' id='word_1_777' title='bbox 3379 5038 3469 5089; x_wconf 82' lang='lat' dir='ltr'><strong>ha-</strong></span> 
     </span>
    </p>
   </div>
   <div class='ocr_carea' id='block_1_111' title="bbox 1895 5103 3466 5197">
    <p class='ocr_par' dir='ltr' id='par_1_111' title="bbox 1895 5103 3466 5197">
     <span class='ocr_line' id='line_1_111' title="bbox 1895 5103 3466 5197; baseline 0.017 -42"><span class='ocrx_word' id='word_1_778' title='bbox 1895 5103 2110 5160; x_wconf 86' lang='lat' dir='ltr'><strong>bitaret.</strong></span> <span class='ocrx_word' id='word_1_779' title='bbox 2156 5107 2459 5179; x_wconf 89' lang='lat' dir='ltr'><strong>Longinum</strong></span> <span class='ocrx_word' id='word_1_780' title='bbox 2503 5115 2648 5168; x_wconf 87' lang='lat' dir='ltr'><strong>enim</strong></span> <span class='ocrx_word' id='word_1_781' title='bbox 2701 5119 2991 5173; x_wconf 87' lang='lat' dir='ltr'><strong>studebant</strong></span> <span class='ocrx_word' id='word_1_782' title='bbox 3035 5121 3174 5176; x_wconf 90' lang='lat' dir='ltr'><strong>clam</strong></span> <span class='ocrx_word' id='word_1_783' title='bbox 3226 5129 3466 5197; x_wconf 85' lang='lat' dir='ltr'><strong>aggredi.</strong></span> 
     </span>
    </p>
   </div>
   <div class='ocr_carea' id='block_1_112' title="bbox 1894 5196 3467 5287">
    <p class='ocr_par' dir='ltr' id='par_1_112' title="bbox 1894 5196 3467 5287">
     <span class='ocr_line' id='line_1_112' title="bbox 1894 5196 3467 5287; baseline 0.017 -37"><span class='ocrx_word' id='word_1_784' title='bbox 1894 5196 2148 5256; x_wconf 86' lang='lat' dir='ltr'><strong>timentes</strong></span> <span class='ocrx_word' id='word_1_785' title='bbox 2174 5217 2242 5258; x_wconf 87' lang='lat' dir='ltr'><strong>ne</strong></span> <span class='ocrx_word' id='word_1_786' title='bbox 2266 5203 2494 5262; x_wconf 82' lang='lat' dir='ltr'><strong>salutem</strong></span> <span class='ocrx_word' id='word_1_787' title='bbox 2524 5209 2624 5264; x_wconf 90' lang='lat' dir='ltr'><strong>sibi</strong></span> <span class='ocrx_word' id='word_1_788' title='bbox 2659 5209 2781 5280; x_wconf 78' lang='lat' dir='ltr'><strong>fuga</strong></span> <span class='ocrx_word' id='word_1_789' title='bbox 2819 5227 3107 5282; x_wconf 61' lang='lat' dir='ltr'><strong>quaereret.</strong></span> <span class='ocrx_word' id='word_1_790' title='bbox 3144 5196 3467 5287; x_wconf 79' lang='lat' dir='ltr'><strong>Ignorahant</strong></span> 
     </span>
    </p>
   </div>
   <div class='ocr_carea' id='block_1_113' title="bbox 1892 5299 3464 5379">
    <p class='ocr_par' dir='ltr' id='par_1_113' title="bbox 1892 5299 3464 5379">
     <span class='ocr_line' id='line_1_113' title="bbox 1892 5299 3464 5379; baseline 0.014 -34"><span class='ocrx_word' id='word_1_791' title='bbox 1892 5301 2070 5347; x_wconf 85' lang='lat' dir='ltr'><strong>autem</strong></span> <span class='ocrx_word' id='word_1_792' title='bbox 2112 5309 2234 5349; x_wconf 88' lang='lat' dir='ltr'><strong>eum</strong></span> <span class='ocrx_word' id='word_1_793' title='bbox 2277 5299 2448 5368; x_wconf 88' lang='lat' dir='ltr'><strong>magis</strong></span> <span class='ocrx_word' id='word_1_794' title='bbox 2487 5303 2705 5355; x_wconf 88' lang='lat' dir='ltr'><strong>studere</strong></span> <span class='ocrx_word' id='word_1_795' title='bbox 2734 5313 2792 5358; x_wconf 92' lang='lat' dir='ltr'><strong>ut</strong></span> <span class='ocrx_word' id='word_1_796' title='bbox 2827 5315 3132 5376; x_wconf 86' lang='lat' dir='ltr'><strong>caperetur,</strong></span> <span class='ocrx_word' id='word_1_797' title='bbox 3168 5326 3328 5379; x_wconf 82' lang='lat' dir='ltr'><strong>quam</strong></span> <span class='ocrx_word' id='word_1_798' title='bbox 3368 5315 3464 5376; x_wconf 89' lang='lat' dir='ltr'><strong>illi,</strong></span> 
     </span>
    </p>
   </div>
   <div class='ocr_carea' id='block_1_114' title="bbox 1894 5389 3463 5458">
    <p class='ocr_par' dir='ltr' id='par_1_114' title="bbox 1894 5389 3463 5458">
     <span class='ocr_line' id='line_1_114' title="bbox 1894 5389 3463 5458; baseline 0.013 -20"><span class='ocrx_word' id='word_1_799' title='bbox 1894 5393 1952 5439; x_wconf 92' lang='lat' dir='ltr'><strong>ut</strong></span> <span class='ocrx_word' id='word_1_800' title='bbox 1983 5397 2261 5457; x_wconf 86' lang='lat' dir='ltr'><strong>caperent.</strong></span> <span class='ocrx_word' id='word_1_801' title='bbox 2299 5389 2617 5448; x_wconf 85' lang='lat' dir='ltr'><strong>lmitabatur</strong></span> <span class='ocrx_word' id='word_1_802' title='bbox 2649 5394 2793 5449; x_wconf 89' lang='lat' dir='ltr'><strong>enim</strong></span> <span class='ocrx_word' id='word_1_803' title='bbox 2835 5407 3063 5453; x_wconf 88' lang='lat' dir='ltr'><strong>mortem</strong></span> <span class='ocrx_word' id='word_1_804' title='bbox 3099 5400 3238 5454; x_wconf 88' lang='lat' dir='ltr'><strong>illius</strong></span> <span class='ocrx_word' id='word_1_805' title='bbox 3270 5402 3463 5458; x_wconf 84' lang='lat' dir='ltr'><strong>volun-</strong></span> 
     </span>
    </p>
   </div>
   <div class='ocr_carea' id='block_1_115' title="bbox 1891 5476 3463 5558">
    <p class='ocr_par' dir='ltr' id='par_1_115' title="bbox 1891 5476 3463 5558">
     <span class='ocr_line' id='line_1_115' title="bbox 1891 5476 3463 5558; baseline 0.014 -31"><span class='ocrx_word' id='word_1_806' title='bbox 1891 5476 2106 5540; x_wconf 87' lang='lat' dir='ltr'><strong>tariam,</strong></span> <span class='ocrx_word' id='word_1_807' title='bbox 2159 5492 2318 5547; x_wconf 91' lang='lat' dir='ltr'><strong>quem</strong></span> <span class='ocrx_word' id='word_1_808' title='bbox 2368 5498 2489 5537; x_wconf 90' lang='lat' dir='ltr'><strong>cum</strong></span> <span class='ocrx_word' id='word_1_809' title='bbox 2542 5484 2763 5543; x_wconf 88' lang='lat' dir='ltr'><strong>vidisset</strong></span> <span class='ocrx_word' id='word_1_810' title='bbox 2812 5488 2862 5542; x_wconf 92' lang='lat' dir='ltr'><strong>in</strong></span> <span class='ocrx_word' id='word_1_811' title='bbox 2914 5490 3113 5558; x_wconf 77' lang='lat' dir='ltr'><strong>cruce,’</strong></span> <span class='ocrx_word' id='word_1_812' title='bbox 3146 5491 3313 5548; x_wconf 88' lang='lat' dir='ltr'><strong>Deum</strong></span> <span class='ocrx_word' id='word_1_813' title='bbox 3362 5494 3463 5549; x_wconf 83' lang='lat' dir='ltr'><strong>fuit</strong></span> 
     </span>
    </p>
   </div>
   <div class='ocr_carea' id='block_1_116' title="bbox 1888 5567 3459 5654">
    <p class='ocr_par' dir='ltr' id='par_1_116' title="bbox 1888 5567 3459 5654">
     <span class='ocr_line' id='line_1_116' title="bbox 1888 5567 3459 5654; baseline 0.015 -33"><span class='ocrx_word' id='word_1_814' title='bbox 1888 5567 2170 5626; x_wconf 80' lang='lat' dir='ltr'><strong>confessus</strong></span> <span class='ocrx_word' id='word_1_815' title='bbox 2215 5591 2228 5628; x_wconf 93' lang='lat'><strong>:</strong></span> <span class='ocrx_word' id='word_1_816' title='bbox 2284 5583 2340 5629; x_wconf 89' lang='lat' dir='ltr'><strong>et</strong></span> <span class='ocrx_word' id='word_1_817' title='bbox 2389 5580 2658 5646; x_wconf 81' lang='lat' dir='ltr'><strong>quomodo</strong></span> <span class='ocrx_word' id='word_1_818' title='bbox 2701 5579 2950 5638; x_wconf 84' lang='lat' dir='ltr'><strong>Christus</strong></span> <span class='ocrx_word' id='word_1_819' title='bbox 2977 5595 3194 5654; x_wconf 85' lang='lat' dir='ltr'><strong>propter</strong></span> <span class='ocrx_word' id='word_1_820' title='bbox 3228 5603 3346 5654; x_wconf 86' lang='lat' dir='ltr'><strong>nos,</strong></span> <span class='ocrx_word' id='word_1_821' title='bbox 3386 5589 3459 5645; x_wconf 79' lang='lat' dir='ltr'><strong>ita</strong></span> 
     </span>
    </p>
   </div>
   <div class='ocr_carea' id='block_1_117' title="bbox 1887 5657 3226 5735">
    <p class='ocr_par' dir='ltr' id='par_1_117' title="bbox 1887 5657 3226 5735">
     <span class='ocr_line' id='line_1_117' title="bbox 1887 5657 3226 5735; baseline 0.016 -22"><span class='ocrx_word' id='word_1_822' title='bbox 1887 5657 2161 5728; x_wconf 85' lang='lat' dir='ltr'><strong>Longinus</strong></span> <span class='ocrx_word' id='word_1_823' title='bbox 2197 5676 2416 5735; x_wconf 91' lang='lat' dir='ltr'><strong>propter</strong></span> <span class='ocrx_word' id='word_1_824' title='bbox 2443 5666 2715 5724; x_wconf 87' lang='lat' dir='ltr'><strong>Christum</strong></span> <span class='ocrx_word' id='word_1_825' title='bbox 2751 5676 2949 5730; x_wconf 66' lang='lat' dir='ltr'><strong>caedem</strong></span> <span class='ocrx_word' id='word_1_826' title='bbox 2985 5677 3226 5735; x_wconf 86' lang='lat' dir='ltr'><strong>sitiebat.</strong></span> 
     </span>
    </p>
   </div>
  </div>
