4180 6510
202 422 263 485 37
1488 422 1665 481 VlTA
1709 422 1769 477 s.
1818 421 2169 483 LONGlNI.
3439 437 3512 499 33

206 526 457 597 πονηρὰν
488 527 733 600 ἀμοιϐὴν
766 530 941 586 ποιεῖν
971 530 1300 599 μέλλοντες;
1350 529 1417 584 Ὢ
1451 528 1671 583 δείπνου
1698 528 1819 581 δυσ-

1933 540 2114 585 essent
2166 532 2332 585 malas
2377 533 2639 587 reddituri
2682 536 2920 605 gratias?
2948 535 2993 593 0
3024 538 3324 607 infelicem,
3362 543 3511 603 dice-

204 619 439 690 τυχοῦςί
473 621 752 703 λέγοντες,
788 618 832 674 ὣ
861 620 1109 692 χαλεπῆς
1138 620 1357 685 ξενίαςί
1386 624 1439 673 τί
1475 638 1581 685 σοι,
1620 615 1665 673 ὧ
1701 621 1825 690 φῦ.ε

206 712 464 780 Λογγῖνε,
496 712 663 765 τοῦτο
689 712 904 777 ὲδόξατο
944 714 1289 782 ἐγχείρημα,
1326 713 1416 766 ἵνα
1452 715 1580 775 τοὺς
1613 715 1706 764 ἐπὶ
1734 711 1826 765 σὺν

208 804 368 871 φόνον
400 787 665 866 ἐλθόντας
691 806 718 856 ό
752 804 841 866 σὸς
872 809 990 856 οἱκο
1045 804 1300 873 ὲδέχετος
1335 802 1382 855 ῶ
1412 803 1613 863 ἀθλίας
1654 819 1826 855 κατα-

207 897 427 965 γωγῆςί
474 895 520 949 ὣ
554 898 759 964 πικρᾶς
795 897 1090 957 ἑστιάσεως
1121 897 1133 949 ι
1186 896 1428 958 θάνατος
1484 898 1519 961 ἡ
1560 896 1709 958 ξενία
1745 911 1825 946 τοι

205 988 425 1052 γίνεται
470 987 565 1038 καὶ
600 987 827 1038 σεαυτὸν
858 987 1137 1049 meum;
1184 989 1249 1057 τῇ
1276 985 1553 1055 τραπέζῃ
1579 1025 1592 1045 ,
1623 984 1825 1054 mna;

205 1080 541 1147 παραδόξως
577 1080 705 1140 τοὺς
739 1078 843 1130 ὑπὸ
874 1077 966 1129 σοῦ
1001 1078 1352 1142 ξενισθέντας
1406 1076 1623 1144 εὑρών.
1666 1076 1728 1126 Ἰί
1760 1077 1826 1129 ἂν

204 1168 381 1217 ποιῶν
412 1166 595 1227 οὕτως
628 1167 845 1228 ἐλύπεις
888 1169 1014 1230 τοὺς
1047 1166 1303 1237 ὲπιθῆναί
1340 1183 1428 1217 σοι
1465 1168 1576 1234 τὴν
1610 1166 1825 1233 aea-{hu

206 1255 555 1324 μέλλονταςς
618 1257 811 1310 Ἀπεθι
864 1260 1178 1327 τοιγαροῦν,
1245 1259 1447 1326 μισθὸν
1503 1259 1606 1325 τῆς
1646 1258 1825 1322 ξενίας

204 1344 393 1397 λαϐὼν
423 1348 522 1398 τοῦ
560 1349 801 1402 Θανάτου
834 1348 931 1416 τὴν
968 1350 1164 1417 ἄφεσιν
1190 1364 1206 1383 ο
1231 1350 1292 1401 οὐ
1330 1349 1654 1417 στέργομεν
1704 1352 1827 1400 ἐπι-

204 1436 384 1491 θεῖναί
416 1456 501 1491 σοι
537 1442 601 1493 τὸ
661 1442 831 1508 ξίφος,
863 1445 1019 1511 χεῖρα
1072 1442 1365 1511 μιαιφόνον
1400 1442 1733 1506 ἐπενεγκεῖν
1758 1445 1824 1511 τῇ

204 1533 271 1600 σῇ
299 1530 463 1601 δεξιᾷ
494 1531 819 1603 δεδοίκαμεν
842 1549 854 1563 ·
905 1533 1200 1603 αἰδούμεθα
1246 1535 1378 1593 τοὺς
1413 1534 1638 1593 κοινοὺς
1665 1532 1821 1595 ἃλας·

200 1622 565 1694 ὲρυθριῶμεν
616 1626 716 1695 την
752 1625 1057 1695 τράπεζαν,
1109 1624 1201 1677 τὸν
1235 1623 1333 1691 τῆς
1376 1622 1570 1685 ξενίας
1624 1612 1823 1693 ἔφορον

204 1716 625 1785 αίσχυνόμεθα-
665 1719 841 1788 ναρκᾷ
886 1718 1019 1787 πρδς
1051 1716 1141 1780 {by
1175 1716 1337 1784 φόνον
1361 1716 1396 1785 ἡ
1433 1714 1594 1785 χείρ.
1627 1716 1655 1766 ὁ
1700 1714 1823 1777 νὼς

201 1806 362 1858 ὀκνεῖ
396 1808 491 1859 τοῦ
521 1808 821 1877 εὐεργέτου
851 1808 939 1859 τὸν
976 1807 1209 1859 θάνατον
1232 1824 1244 1836 ·
1285 1806 1434 1877 ῥᾴων
1465 1808 1494 1858 ό
1528 1806 1679 1875 παρὰ
1728 1806 1825 1858 Πι-

203 1897 369 1968 λάτῳ,
390 1898 644 1961 κίνδυνος
678 1901 809 1969 ἡμῖν
840 1900 949 1951 τῶν
974 1902 1037 1951 ὲκ
1063 1899 1157 1951 τοῦ
1196 1899 1507 1960 συνειδότος
1554 1898 1781 1966 πληγῶν
1803 1915 1816 1928 ·

206 1990 394 2041 πάντα
456 1988 659 2041 παθεῖν
726 1993 893 2058 ἐσμεν
950 1989 1162 2058 ἕτοιμοι
1197 1990 1228 2058 ἦ
1261 1989 1523 2055 Λογγίνῳ
1560 1988 1817 2052 τοιαύτας

205 2081 531 2133 ἀντιδοῦναι
569 2082 672 2143 τὰς
706 2083 959 2149 χάριτας.

280 2171 378 2238 ς’.
412 2172 578 2225 Οὕτω
605 2172 789 2225 τοίνυν
824 2174 871 2224 οί
905 2169 1240 2241 στρατιῶται
1270 2168 1411 2241 πρὸς
1445 2168 1543 2222 τὸν
1563 2167 1657 2221 τοῦ
1686 2170 1819 2240 Χρι-

206 2265 338 2319 στοῦ
370 2268 641 2337 μάρτυρα
670 2265 767 2319 καὶ
796 2265 915 2317 λίαν
938 2263 1259 2335 περιπαθῶς
1288 2263 1501 2331 ἔλεγον.
1538 2262 1679 2315 Ἀλλ’
1696 2262 1821 2334 οὐχὶ

208 2357 306 2408 καὶ
332 2358 614 2424 Λογγῖνον
672 2354 936 2424 ἠδύναντο
996 2354 1230 2417 πείθειν,
1275 2353 1414 2407 ἀλλὰ
1451 2354 1592 2423 πρὸς
1623 2355 1818 2419 αὐτοὺς

205 2445 487 2513 γενναίως
541 2447 571 2498 ό
620 2446 871 2513 γενναῖος
922 2444 1143 2513 ἀληθῶς
1196 2442 1597 2511 ἀποκρίνεται·
1638 2445 1703 2496 Τί
1728 2462 1819 2515 μοι

206 2538 463 2606 φθονεῖτε
513 2538 775 2607 μεγάλων
836 2536 1082 2603 ἀγαθῶν,
1155 2529 1231 2588 ὧν
1264 2535 1359 2588 καὶ
1396 2534 1625 2598 ἄκοντες
1685 2538 1819 2604 ἡμῖν

209 2626 534 2680 ἀντιδοῦναι
566 2627 795 2696 μέλλετε
818 2641 833 2692 ;
860 2625 913 2677 τί
944 2642 1044 2695 μου
1071 2625 1165 2677 τὸν
1217 2626 1450 2678 θάνατον
1488 2620 1633 2677 οὕτω
1659 2625 1820 2677 πολυ-

210 2720 402 2779 παθῶς
436 2715 847 2771 ἁνακλαὶεσθετ
884 2715 969 2768 ἵνα
998 2715 1049 2767 τί
1082 2718 1388 2786 κατηφιᾶτε
1426 2716 1503 2785 τῷ
1531 2716 1727 2779 πάθεις
1758 2716 1819 2769 οὐ

210 2810 454 2869 θάνατος
497 2807 630 2874 ἐμοὶ
654 2806 715 2857 τὸ
746 2807 943 2875 παρὸν,
970 2808 1107 2860 ἀλλὰ
1131 2807 1275 2875 ζωῆς
1304 2809 1529 2876 ἀπαρχὴ
1557 2824 1567 2835 ·
1598 2810 1719 2876 ἐμοὶ
1744 2808 1821 2877 τῷ

202 2902 324 2955 δντι
356 2901 597 2962 θάνατος
660 2899 861 2968 μᾶλλον
891 2901 923 2969 ἠ
948 2900 1183 2952 ἐνταῦθα
1230 2900 1496 2968 διαγωγὴ,
1532 2900 1611 2951 ὅτι
1643 2900 1717 2969 μὴ
1743 2898 1820 2967 τῷ

205 2996 330 3065 ἐμῷ
353 2988 631 3063 ,δεσπότῃ
649 2992 1019 3060 παρίσταμαι,
1062 2992 1276 3060 καὶτῆς
1321 2990 1532 3043 ἐκεῖθεν
1562 2991 1821 3043 ἀπολαύω

204 3087 638 3155 μακαριότητος
676 3099 689 3112 ·
723 3083 784 3133 τὸ
818 3082 972 3144 τέλος
1014 3084 1121 3133 τῶν
1167 3083 1353 3134 κακῶν
1402 3083 1524 3151 οὐχὶ
1556 3084 1648 3135 καὶ
1670 3083 1821 3147 τέλος

1929 622 2079 688 bant,
2108 621 2353 683 umnam!
2382 642 2414 677 ο
2436 641 2598 694 grave
2637 626 2962 697 hospitiuml
2986 630 3249 700 Curnam,
3280 648 3314 689 o
3349 636 3516 693 citare

1931 712 2195 784 Longine,
2229 717 2328 770 hoc
2362 717 2454 771 tibi
2487 728 2725 786 coeptum
2761 721 2906 774 venit
2935 722 2986 774 in
3023 734 3281 789 mentem,
3314 736 3373 781 ut
3396 742 3513 795 eos,

1929 807 2018 873 qui
2058 820 2315 863 venerant
2347 812 2413 863 ad
2454 814 2529 865 tui
2568 817 2797 877 eadem,
2843 816 3034 872 domus
3069 828 3157 870 tua
3200 819 3515 887 acciperet?

1928 896 1973 951 Ο
2011 900 2265 953 miserunt
2326 906 2711 969 habitaculum,
2779 920 2811 959 0
2860 912 3113 962 acerbum
3159 913 3505 966 convivium!

1927 990 2072 1045 Mors
2115 995 2207 1046 tibi
2262 998 2441 1048 evadit
2483 998 2796 1065 ltoSpitinm,
2828 1010 2882 1053 et
2918 1004 3151 1068 reipsnm
3191 1020 3389 1058 mensa:
3417 1018 3511 1074 ap-

1928 1098 2116 1151 pones,
2164 1102 2259 1139 eos
2308 1098 2507 1155 praeter
2554 1092 2865 1157 opinionem
2920 1093 3202 1149 inveniens
3249 1097 3508 1161 latrones,

1928 1176 2016 1241 qni
2047 1178 2279 1246 hospitio
2319 1196 2346 1231 a
2396 1192 2445 1235 te
2480 1180 2700 1237 fuerunt
2742 1186 2971 1254 accepti.
3006 1186 3143 1252 Quid
3197 1190 3400 1244 faciens
3433 1191 3513 1245 sic

1930 1269 2170 1321 molestia
2200 1270 2425 1324 alTet-isti
2453 1288 2567 1335 eos,
2598 1275 2687 1341 qui
2715 1284 2765 1327 te
2792 1285 2916 1328 sunt
2938 1280 3209 1333 occisuri?
3233 1280 3331 1334 Abi
3357 1296 3508 1351 ergo,

1927 1368 2147 1427 accepta
2183 1364 2427 1417 mercede
2453 1366 2697 1432 hospitii,
2730 1381 2921 1433 nempe
2954 1369 3143 1421 mortis
3175 1371 3509 1426 remissione.

1929 1451 2043 1506 Non
2079 1458 2414 1511 sustinemus
2436 1474 2619 1513 ensem
2652 1463 2743 1513 tibi
2775 1462 2976 1516 inferre
3008 1481 3022 1515 :
3054 1464 3253 1517 caedem
3284 1466 3509 1518 molien-

1929 1552 2034 1596 tem
2062 1561 2276 1598 manum
2310 1558 2399 1601 tuo
2440 1551 2601 1619 capiti
2639 1550 2829 1605 afferre
2854 1552 3235 1621 formidamus,
3263 1568 3512 1607 commu-

1926 1649 2048 1687 nem
2096 1637 2260 1689 salem
2306 1654 2622 1693 reveremur
2656 1660 2669 1695 :
2706 1658 2802 1696 nos
2843 1642 3048 1710 pudore
3079 1644 3242 1699 allicit
3278 1663 3459 1701 mensa
3492 1664 3507 1700 :

1923 1731 1992 1781 ad
2022 1732 2221 1784 cmdem
2277 1740 2451 1798 torpet
2498 1751 2733 1790 manus:
2781 1736 3038 1789 abhorret
3084 1736 3299 1790 aninms
3336 1749 3510 1791 morte

1928 1822 2142 1876 allicere
2178 1825 2604 1878 benefactum-tn.
2639 1826 2877 1881 Facilius
2902 1835 2985 1880 est
3017 1827 3338 1894 perieulum,
3365 1831 3508 1895 quod

1930 1914 2087 1967 nobis
2120 1924 2197 1967 est
2226 1930 2253 1967 a
2279 1914 2454 1969 Pilato
2486 1927 2753 1985 paratum,
2778 1934 2941 1986 quam
2979 1918 3200 1973 vulnera
3231 1921 3511 1974 conscien-

1925 2006 2031 2056 tias.
2056 2003 2241 2063 Parati
2280 2025 2465 2061 sittnus
2494 2011 2674 2062 omnia
2708 2012 2816 2079 pati
2843 2012 3039 2079 potius,
3073 2028 3231 2080 quam
3265 2014 3509 2083 Longino

1922 2095 2053 2147 tales
2087 2098 2292 2151 referre
2320 2101 2547 2165 gratias.

1995 2184 2080 2239 Vl.
2106 2185 2197 2241 Sic
2223 2188 2443 2256 quidem
2483 2189 2685 2246 milites
2718 2192 2973 2245 dicebant
3022 2191 3224 2248 Christi
3276 2195 3504 2265 martyri

1922 2276 2079 2330 valde
2114 2278 2516 2335 miserabiliter.
2550 2280 2821 2336 Caeterum
2855 2297 2957 2336 non
2984 2294 3234 2351 poterant
3268 2285 3509 2353 Longino

1921 2371 2245 2437 persuadere
2297 2389 2311 2426 :
2374 2372 2469 2426 sed
2519 2374 2600 2427 eis
2650 2373 2863 2427 fortiter
2915 2379 3205 2445 respondet
3250 2378 3332 2431 vir
3383 2393 3509 2433 vero

1920 2474 2220 2527 generosus
2251 2476 2266 2514 :
2299 2460 2409 2516 Cur
2445 2477 2637 2532 magna
2674 2464 2803 2515 mibi
2835 2463 2973 2516 bona
3008 2466 3281 2528 invidetis,
3306 2468 3507 2534 quibus

1921 2563 2016 2603 vos
2051 2552 2197 2603 inviti
2243 2565 2329 2603 me
2358 2553 2489 2606 estis
2540 2554 2980 2608 remuneratnri?
3009 2554 3118 2609 Cur
3150 2572 3323 2610 meam
3359 2574 3505 2611 mor-

1923 2652 2029 2697 tem
2076 2640 2285 2695 delictis
2337 2653 2442 2696 tam
2488 2646 2917 2699 miserabiliter?
2969 2646 3082 2700 Cur
3137 2650 3322 2703 tristes
3374 2652 3507 2705 estis

1923 2738 2142 2801 propter
2189 2746 2363 2787 meam
2406 2734 2856 2803 perpeséionem?
2900 2736 3017 2789 Non
3059 2749 3140 2791 est
3200 2739 3305 2793 hoc
3367 2743 3504 2795 mibi

1925 2838 2092 2888 mors,
2128 2826 2221 2878 sed
2265 2825 2391 2881 vita:
2442 2828 2715 2894 primitiae.
2776 2827 2905 2882 Mihi
2960 2844 3143 2883 revera
3193 2831 3375 2900 potius
3421 2843 3507 2887 est

1924 2928 2091 2979 mors,
2118 2931 2238 2984 qua:
2265 2917 2353 2971 hic
2379 2914 2467 2971 est
2492 2919 2859 2982 conversatio,
2889 2924 3144 2988 quoniam
3171 2914 3504 2979 uon'assisto

1922 3018 2046 3058 meo
2082 3005 2330 3068 Domino,
2381 3023 2478 3061 nec
2525 3008 2676 3060 fruor
2718 3026 2803 3073 ea,
2834 3027 2956 3079 quae
2986 3023 3067 3065 est
3097 3014 3225 3079 illic,
3270 3017 3505 3070 beatitu-

1924 3096 2067 3151 dine.
2121 3098 2267 3153 Finis
2309 3097 2467 3153 tinem
2518 3099 2802 3165 malorum,
2841 3116 2947 3156 non
2980 3104 3143 3156 etiam
3182 3103 3341 3160 tinem
3378 3108 3505 3163 vita:

199 3181 303 3249 τῆς
334 3178 490 3243 ζωῆς
524 3172 862 3243 προξενήσει
918 3189 1034 3242 μοι,
1081 3170 1217 3224 ἀλλὰ
1260 3173 1397 3241 πρὸς
1427 3172 1528 3241 τὴν
1557 3173 1816 3244 ἀληθινὴν

1928 3191 2056 3243 mihi
2091 3191 2403 3245 conciliabit
2444 3210 2457 3246 :
2509 3192 2601 3246 sed
2643 3192 2707 3246 ad
2748 3206 2929 3247 veram
2964 3196 3294 3251 transmittet
3325 3198 3503 3253 beati-

198 3273 537 3329 διαὸιὸασει
594 3268 884 3337 ἀῖδιότητα
940 3264 1036 3318 καὶ
1084 3266 1379 3334 μετασχεῖν
1455 3266 1556 3335 τῆς
1607 3264 1818 3317 ἐκεῖθεν

194 3366 650 3439 παρασκευάσει
672 3358 1065 3429 λαμπρότητος
1087 3372 1100 3384 ⁸
1134 3354 1289 3424 ἔχετε
1312 3356 1413 3426 τὴν
1441 3356 1818 3424 παραμυθίαν,

190 3455 240 3512 ὦ
266 3461 454 3527 φίλοι,
490 3454 633 3526 παρ’
665 3454 878 3511 ἑαυτοῖς
916 3450 1106 3520 ἔχετε·
1141 3448 1311 3516 ἐγγὺς
1342 3448 1413 3500 τὰ
1448 3449 1548 3515 τῆς
1576 3465 1823 3519 παρηγο-

188 3554 326 3625 ρίας
369 3552 532 3619 ὑμῖν,
564 3548 625 3599 ὃν
660 3544 747 3596 διὰ
773 3542 834 3593 τὸ
863 3541 1015 3603 τέλος
1048 3539 1323 3610 θρηνεῖτε,
1360 3538 1557 3592 τοῦτον
1593 3542 1733 3610 μετὰ
1763 3541 1821 3593 τὸ

190 3647 358 3705 τέλος
400 3643 608 3711 ἣδιστα
650 3632 988 3705 μακαρίσετε
1013 3649 1025 3662 ·
1084 3631 1291 3702 ἀρκοῦν
1319 3632 1375 3685 δὲ
1406 3631 1569 3685 τοῦτο
1606 3632 1821 3696 πάντως

187 3737 339 3803 πρὸς
376 3729 665 3797 εὐθυμίαν
702 3726 1032 3796 μεταϐαλεῖν
1056 3725 1116 3777 τὸ
1142 3724 1234 3777 τὸν
1259 3725 1414 3793 φίλον
1444 3724 1649 3778 εἰδέναι
1688 3724 1819 3777 πολ-

184 3829 303 3880 λῶν
341 3822 583 3893 ἀγαθῶν
618 3818 888 3893 μέλλοντα
914 3818 1218 3882 κοινωνεῖν,
1250 3816 1443 3886 ῶσπερ
1481 3816 1820 3883 φθονούντων

184 3921 414 3990 μᾶλλον
453 3917 490 3982 ἢ
544 3916 645 3966 καὶ
699 3911 1005 3982 μισούντων
1064 3909 1124 3961 τὸ
1190 3907 1449 3961 σπεύδειν
1492 3909 1820 3979 ἀποστερεῖν

179 4012 368 4065 αὑτὸν
430 4009 537 4077 τῆς
580 4004 994 4073 λαμπρότητος.
1061 4001 1153 4071 Μὴ
1185 3997 1279 4055 οῦν
1318 4000 1584 4072 ὀδύρεσθε
1618 4001 1707 4053 τὸν
1727 4002 1819 4053 ὲκ-

177 4107 496 4161 λείποντα,
569 4097 689 4151 ἀλλ’
724 4096 1103 4165 εὐχαριστεῖτε
1151 4094 1230 4161 τῷ
1280 4094 1565 4164 δεχομένῳ
1621 4094 1721 4146 οὐκ
1754 4092 1818 4150 ἂν

176 4193 545 4268 ζημιώδητέ
576 4206 646 4260 με
673 4188 771 4255 τὴν
793 4187 952 4251 δόξαν
984 4184 1221 4252 ἐκείνην,
1258 4186 1326 4253 ῆν
1364 4184 1511 4237 εἶδον
1542 4184 1654 4251 ἐγὼ
1680 4201 1821 4237 στοι-

173 4293 306 4360 χεῖα
337 4284 709 4341 σαλεύουσαν
732 4292 746 4309 '
800 4278 903 4331 οὐκ
932 4276 997 4335 ἂν
1033 4274 1333 4347 ἀρνηθείην
1371 4275 1433 4328 ὃν
1498 4274 1649 4337 ἅπαξ
1681 4275 1817 4327 Θεοῦ

175 4381 319 4433 Tle
374 4375 769 4448 ὡμολόγητα-
821 4369 1039 4423 δέδοικα
1072 4367 1147 4437 μὴ
1193 4366 1512 4439 κατήγορον
1543 4364 1689 4437 εὕρω
1719 4366 1818 4437 τὴν

172 4476 419 4545 κτῆσιν,
474 4469 715 4523 ἄπιστος
754 4461 885 4531 περὶ
922 4458 1119 4512 τοῦτον
1156 4459 1347 4527 φανείς
1372 4475 1387 4489 ’
1427 4455 1494 4513 οὗ
1552 4460 1629 4529 τῷ
1656 4461 1816 4514 πάθει

1928 3282 2187 3344 tudinem,
2223 3290 2277 3336 et
2305 3281 2517 3345 etiiciet,
2562 3296 2619 3336 ut
2658 3286 2761 3338 sim
2806 3286 3074 3355 particeps
3110 3287 3257 3345 illius
3303 3291 3499 3347 aeterni

1924 3373 2247 3441 splendoris.
2282 3371 2527 3440 Habetis,
2569 3390 2603 3429 o
2632 3377 2813 3442 amici,
2870 3379 3078 3433 habetis
3124 3385 3263 3450 apud
3294 3400 3384 3437 vos
3414 3400 3505 3439 so-

1924 3463 2145 3530 latium,
2196 3480 2359 3535 prope
2408 3475 2492 3519 est
2545 3467 2699 3520 vobis
2754 3470 3075 3525 consolatio.
3126 3470 3298 3538 Quem
3354 3477 3501 3529 enim

1924 3567 2142 3624 propter
2185 3556 2344 3609 linem
2394 3557 2607 3623 lugetis,
2660 3572 2782 3612 eum
2815 3575 2909 3613 vos
2943 3572 3062 3630 post
3089 3562 3246 3617 linem
3280 3563 3499 3618 beatum

1925 3646 2260 3712 reputabitis.
2298 3646 2507 3701 SulIicit
2542 3656 2723 3702 autem
2753 3651 2855 3705 hoc
2878 3655 2945 3705 ad
2977 3652 3306 3708 aﬂ'erendam
3333 3656 3499 3709 animi

1926 3732 2391 3807 tranquillitatem,
2427 3741 2567 3795 scire
2597 3741 2833 3796 amicum
2859 3743 2975 3799 fore
3012 3746 3301 3801 multorum
3334 3751 3503 3804 hono-

1925 3847 2038 3883 rum
2079 3832 2392 3900 participem
2427 3851 2439 3885 :
2478 3835 2753 3902 quomodo
2781 3844 2865 3891 est
2901 3836 3228 3905 invidorum,
3264 3841 3343 3895 vel
3374 3844 3502 3898 odio

1924 3924 2101 3991 ponus
2142 3924 2455 3977 habentium
2502 3926 2807 3991 hominum,
2866 3930 3083 3984 studere
3118 3946 3238 3983 eum
3290 3935 3501 4001 privare

1922 4013 2231 4076 splendore.
2290 4013 2465 4066 Nolite
2524 4014 2724 4069 deﬂere
2798 4031 2920 4069 eum
2992 4022 3082 4086 qui
3136 4017 3319 4073 deﬁcit
3355 4038 3369 4073 :
3404 4025 3501 4075 sed

1920 4105 2124 4174 gratias
2150 4104 2293 4175 agile
2323 4105 2371 4161 ei
2415 4106 2507 4176 qui
2568 4107 2798 4185 accipit.
2829 4106 2945 4162 Non
2983 4110 3113 4163 mihi
3140 4110 3283 4165 illius
3316 4113 3501 4181 gloriae

1922 4196 2305 4251 detrimentum
2357 4197 2626 4263 aﬂeratis,
2683 4215 2843 4268 quam
2898 4213 2997 4267 ego
3060 4201 3168 4254 vidi
3232 4204 3510 4257 elementa.

1920 4297 2250 4342 moventem.
2307 4287 2422 4341 Non
2475 4289 2784 4357 negaverim
2829 4302 2974 4353 eum,
3019 4304 3180 4359 quem
3212 4291 3304 4345 Dei
3334 4294 3500 4346 semel

1924 4378 2117 4433 Filium
2147 4394 2265 4434 sum
2312 4378 2621 4436 confessus.
2656 4378 2846 4437 Timeo
2886 4396 2957 4436 ne
2987 4391 3221 4437 creatam
3250 4396 3499 4437 naturam

1924 4471 2193 4525 inveniam
2225 4474 2641 4536 accusatricein,
2675 4473 2721 4527 si
2750 4474 2803 4525 in
2838 4487 2960 4529 eum
2988 4488 3271 4543 appaream
3306 4476 3501 4529 intide-

170 4535 285 4622 καὶ.
339 4567 373 4619 ό
402 4557 656 4632 οὐρανὸς
720 4550 1124 4620 ἔπεστύγνασε,
1175 4552 1268 4602 καὶ
1298 4549 1397 4614 τὰς
1426 4552 1655 4613 ἀκτῖνας
1692 4568 1818 4603 συν-

1925 4562 2013 4629 lis,
2057 4571 2278 4633 propter
2313 4563 2471 4634 cujus
2508 4566 2815 4635 passionem
2842 4535 3282 4635 emtum'quoque
3321 4567 3497 4636 ipsum

168 4658 450 4714 ἑστειλεν
512 4654 691 4722 ηλιος,
736 4646 831 4700 καὶ
887 4644 949 4699 τὸ
986 4644 1111 4713 ’τῆς
1155 4642 1363 4713 ἡμέρας
1404 4644 1819 4713 ὲκαινοτομεῖτο

169 4755 433 4824 φέγγος,
486 4746 587 4798 καὶ
617 4744 699 4803 είς
726 4739 897 4792 νύκτα
932 4735 1253 4807 περιπαθῶς
1290 4735 1533 4790 εἵλκετο.

244 4843 330 4900 Ζν,
378 4841 524 4895 Ἐτι
566 4833 663 4887 τοῦ
715 4830 980 4898 Δογγίνου
1028 4826 1208 4880 ταῦτα
1229 4826 1531 4890 διεξιόντος
1564 4826 1657 4879 καὶ
1689 4827 1816 4891 τοὺς

170 4939 339 5009 παρὰ
370 4902 639 4989 Πιλάτου
668 4924 1019 4995 πεμφθέντας
1054 4924 1229 4974 ποιεῖν
1268 4923 1329 4975 τὸ
1361 4920 1666 4975 κελευσθὲν
1694 4921 1815 4973 πεί-

166 5035 415 5093 θοντος,
497 5025 549 5076 οί
615 5014 1155 5087 συγκατακριθέντες
1226 5013 1377 5083 αύτῷ
1430 5012 1529 5065 τὸν
1583 5014 1815 5067 θάνατον

167 5120 551 5196 στρατιῶται
596 5107 1139 5178 καταλαμϐάνουσιν.
1160 5106 1217 5159 ’0
1239 5106 1318 5170 δὲ,
1362 5105 1704 5175 γαννυμένῳ
1737 5105 1816 5176 τῷ

165 5214 490 5289 προσεξιττῳ
541 5206 643 5258 καὶ
695 5202 902 5271 φαιδρῴ
930 5202 1055 5260 τοὺς
1082 5198 1283 5268 ἄνδρας
1330 5198 1489 5258 ἰδὼν,
1548 5198 1730 5263 δεξιάν
1756 5217 1814 5253 τε

166 5276 371 5376 αξτοές
431 5276 748 5373 ἐμϐάλλει,
777 5294 870 5346 καὶ
901 5291 1219 5364 περιϐάλλει
1254 5292 1342 5345 τὸν
1373 5290 1683 5364 τράχηλον,
1722 5293 1815 5345 καὶ

166 5400 535 5476 oebaliae-3;
559 5430 575 5455 ,
610 5388 785 5460 ἡδέως
817 5387 980 5452 φιλεῖ,
1015 5385 1109 5438 καί
1162 5403 1174 5416 -
1204 5384 1472 5476 Χαίρετε,
1504 5376 1550 5436 ὧ
1583 5400 1818 5453 συστρα-

166 5475 374 5552 τιῶται
417 5481 690 5555 Χριστοῦ
721 5484 813 5533 καὶ
840 5477 1166 5548 κληρονόμοι
1194 5476 1292 5546 τῆς
1312 5475 1635 5545 βασιλείας,
1658 5478 1811 5546 φησι,

167 5590 408 5662 χαίρετε
429 5600 445 5613 ο
493 5578 612 5650 ἤδη
649 5573 759 5642 γὰρ
784 5573 815 5640 ἡ
840 5573 896 5623 ὲν
921 5570 1171 5641 οὐρανοῖς
1193 5569 1335 5635 πύλη
1370 5567 1687 5635 ἀνέῳκται,
1722 5568 1814 5621 καὶ

166 5658 413 5748 iniciat.
517 5668 629 5727 τὰς
698 5662 971 5733 ἡμετέρας
1028 5659 1278 5729 μέλλουσι
1338 5658 1814 5729 παραλαμϐάνειν

168 5772 359 5846 ψυχὰς
420 5764 535 5819 καὶ
600 5756 683 5823 τῷ
729 5756 1005 5823 μονογενεῖ
1052 5751 1347 5820 προσάξειν
1384 5748 1554 5816 Υἱῷο
1585 5751 1695 5803 ίδοὺ
1720 5754 1811 5802 καί

169 5844 281 5930 τὰς’
309 5852 641 5930 λαμπάδας
670 5847 803 5916 ὁρῶ,
830 5848 919 5899 καὶ
940 5846 1005 5899 τὰ
1027 5844 1255 5913 βραΰεῖά
1275 5863 1366 5914 μοι
1409 5850 1441 5900 ὑ
1459 5846 1808 5915 ποταίνεται,

1926 4662 2010 4709 est
2035 4654 2284 4709 affectum
2319 4655 2559 4719 tristitia,
2594 4662 2649 4709 et
2670 4655 2750 4709 sol
2781 4655 3054 4711 contraxit
3086 4654 3285 4721 radios,
3314 4667 3369 4712 et
3408 4657 3498 4711 lux

1926 4746 2032 4801 diei
2062 4743 2444 4800 miserabiliter
2468 4743 2697 4799 deducta
2729 4742 2831 4799 fuit
2861 4746 2927 4800 ad
2959 4753 3194 4800 noctem.

1996 4836 2109 4893 VII.
2146 4835 2273 4892 Haec
2298 4838 2474 4893 adhuc
2501 4838 2711 4893 dicente
2732 4835 2999 4907 Longino,
3032 4847 3087 4893 et
3106 4838 3206 4901 eis,
3234 4839 3323 4905 qui
3348 4839 3499 4893 missi

1926 4927 2144 4983 fuerunt
2185 4942 2215 4982 a
2260 4927 2428 4982 Pilato
2480 4929 2836 4996 persuadente
2875 4936 2933 4981 ιιι
2969 4926 3213 4983 facerent
3244 4930 3387 4997 quod
3416 4930 3499 4991 eis

1925 5019 2464 5087 fueratimperatum,
2489 5019 2717 5074 veniunt
2737 5020 2955 5085 milites,
2978 5022 3070 5087 qui
3096 5034 3217 5074 cum
3239 5036 3304 5075 eo
3324 5032 3499 5075 morte

1926 5110 2162 5165 damnati
2194 5111 2427 5165 fuerant.
2456 5109 2547 5165 Ille
2579 5119 2783 5172 autem,
2805 5109 2923 5163 laeto
2950 5120 3006 5165 et
3033 5111 3193 5164 alacri
3222 5110 3368 5165 vultu
3404 5126 3500 5166 eos

1924 5204 2160 5265 intuens,
2191 5212 2243 5257 et
2269 5203 2550 5258 dexteram
2575 5202 2654 5256 eis
2686 5202 2885 5273 injicit,
2916 5210 2970 5257 et
2998 5202 3189 5257 collum
3216 5203 3497 5271 aniplecti~

1926 5305 2030 5360 tur,
2078 5304 2133 5350 et
2182 5295 2367 5350 oculos
2424 5293 2666 5349 suaviter
2727 5292 3089 5357 dcosculatur,
3132 5302 3206 5357 et,
3258 5290 3491 5357 Salvete,

1923 5386 2117 5455 inquit,
2167 5400 2201 5440 0
2242 5383 2443 5439 Christi
2489 5384 2913 5451 connnilitones,
2962 5394 3017 5439 et
3050 5384 3288 5439 baeredes
3326 5388 3495 5453 regni,

1924 5478 2149 5535 salvete.
2170 5476 2289 5531 1am
2316 5478 2458 5532 enim
2488 5486 2673 5546 aperta
2696 5486 2776 5532 est
2802 5486 2977 5545 porta,
3001 5490 3119 5544 qua:
3144 5475 3298 5531 estin
3321 5476 3497 5541 cretis,

1922 5582 1974 5625 et
2000 5568 2174 5637 angeli
2202 5578 2327 5623 sunt
2359 5577 2576 5624 nostras
2606 5568 2884 5639 accepturi
2920 5567 3150 5629 animas,
3180 5574 3234 5620 et
3265 5566 3497 5620 oblaturi

1924 5661 2058 5716 Filio
2104 5662 2404 5733 unigenito.
2441 5662 2601 5727 Ecce,
2628 5671 2683 5716 et
2728 5660 3002 5730 lampades
3042 5660 3216 5726 video,
3244 5668 3300 5714 et
3329 5673 3493 5728 appa-

1923 5768 2038 5809 rent
2089 5756 2218 5809 mihi
2266 5756 2470 5819 bravin,
2504 5771 2626 5809 cum
2676 5753 2874 5825 quibus
2922 5753 3144 5809 sistendi
3195 5767 3383 5806 sumus
3428 5750 3500 5805 ad

1922 5846 2126 5902 Judicis
2174 5847 2430 5901 tribunal.
2474 5847 2577 5901 Sed
2620 5847 2762 5901 enim
2804 5848 2845 5899 si
2882 5846 3009 5918 quid
3039 5844 3188 5901 vobis
3217 5852 3301 5900 est
3331 5845 3499 5914 impe-
