4180 6494
709 406 782 468 39
1979 399 2264 459 MENSIS
2304 396 2683 460 MARTlUS.

3940 404 4008 468 60

709 536 918 582 ratum.
957 519 1169 576 dicebat
1211 518 1291 572 eis
1323 517 1414 587 qui
1465 516 1612 570 missi
1675 516 1909 579 fumant,
1955 515 2007 570 id
2065 515 2300 583 implete.

2412 515 2531 584 μεθ’
2559 508 2634 568 ὧν
2661 514 2738 585 τῷ
2764 515 2857 568 τοῦ
2882 515 3219 584 ἀγωνοθέτου
3250 518 3720 590 παραστησόμεθα
3753 520 3966 593 βήματι
3986 545 3997 558 ·

709 616 914 672 Deinde
962 613 1124 668 etiam
1174 625 1470 665 conversus
1501 608 1564 660 ad
1594 610 1783 662 domus
1813 618 2118 662 curatorem
2151 608 2304 676 jubet.

711 719 912 764 vestem
970 706 1229 760 mundam
1279 705 1344 756 ad
1395 717 1452 756 se
1497 700 1714 765 delerri,
1772 712 1828 755 ut
1879 704 1966 769 qui
2007 703 2118 772 jam
2159 709 2303 755 esset

709 813 934 855 vocatus
969 799 1035 853 ad
1089 796 1308 864 nuptias
1341 805 1394 848 et
1429 795 1748 856 thalamum,
1783 803 1833 848 et
1875 809 1940 847 eo
1989 794 2296 848 festinaret.

712 892 883 948 Porro
911 901 1091 944 autem
1123 905 1245 942 cum
1279 887 1536 940 induisset
1569 898 1794 945 vestem,
1832 893 1887 937 et
1921 900 2078 937 manu
2111 896 2298 938 osten-

709 986 876 1039 disset
932 980 1223 1047 tumulum,
1271 979 1322 1032 in
1376 993 1482 1046 quo
1536 978 1746 1030 volebat
1803 978 1928 1045 poni
1981 991 2200 1044 corpus,
2244 975 2298 1029 in

714 1091 888 1145 genua
921 1089 1042 1126 cum
1077 1075 1141 1125 iis
1170 1071 1400 1134 duobus,
1433 1070 1523 1136 qui
1555 1077 1711 1121 erant
1739 1084 1860 1120 cum
1898 1070 2033 1136 ipso,
2067 1067 2298 1120 inclina-

714 1176 799 1220 tus
827 1168 880 1236 (ο
911 1166 1122 1218 beatum
1152 1163 1402 1227 liuenti),
1429 1163 1636 1230 peregit
1674 1171 1948 1215 certamen
1980 1177 1994 1213 :
2027 1171 2079 1214 et
2110 1174 2300 1227 ampu-

715 1259 843 1312 tatis
894 1272 1080 1311 eorum
1138 1256 1427 1322 capitibus,
1479 1253 1552 1306 illi
1603 1255 1950 1306 ascribuntur
2004 1253 2055 1305 in
2098 1253 2297 1305 choros

720 1362 1017 1420 martyrum
1053 1359 1107 1402 et
1137 1347 1526 1416 apostolorum,
1577 1347 1789 1399 illorum
1835 1347 2050 1413 quidem
2082 1343 2296 1397 fortitu-

715 1445 919 1508 dinem,
951 1444 1142 1496 liormn
1181 1454 1307 1493 vero
1339 1439 1512 1492 zelum
1548 1454 1642 1507 pro
1669 1438 1888 1492 Christo
1919 1437 2296 1493 ostendentes.

795 1712 924 1768 Vlll.
964 1713 1102 1779 Quid
1151 1728 1276 1766 vero
1316 1720 1438 1781 post
1473 1712 1585 1766 hzcc
1617 1719 1695 1765 est
1737 1709 2129 1764 consecutum?
2156 1707 2297 1762 Mar-

721 1807 949 1877 tyricum
985 1805 1126 1857 illius
1151 1804 1374 1870 Longini
1403 1812 1563 1870 caput
1591 1819 1710 1855 etim
1741 1804 1922 1855 statim
1956 1803 2295 1870 accepissent

721 1900 779 1960 ii,
817 1896 906 1963 qui
956 1910 1072 1947 eum
1125 1895 1528 1954 interiecerant,
1562 1895 1625 1946 ad
1683 1894 1840 1946 (idem
1892 1895 2047 1962 plene
2093 1894 2298 1947 facien-

721 1991 844 2040 dam
900 1987 1044 2055 quod
1082 1985 1350 2052 Longinus
1390 1992 1536 2038 esset
1579 1994 1844 2045 mortuus,
1879 1984 1927 2036 id
1973 1991 2190 2067 portant
2237 1985 2301 2036 ad

726 2079 982 2140 Pilatum,
1020 2087 1075 2130 ιιι
1116 2077 1203 2144 qui
1239 2077 1442 2129 scirent
1474 2090 1530 2128 se
1565 2074 1709 2127 nullo
1735 2075 1841 2129 alio
1868 2076 2029 2154 donol
2056 2089 2214 2143 quam
2239 2088 2304 2128 eo

724 2169 897 2238 magis
937 2169 1007 2221 illi
1056 2167 1478 2238 gratificaturos.
1517 2165 1636 2234 Ipse
1677 2175 1855 2219 autem
1888 2166 2071 2219 statim
2104 2180 2303 2218 convo-

723 2264 867 2316 cavit
897 2259 1130 2322 Judzeos,
1184 2275 1374 2326 magna
1408 2274 1592 2311 secum
1647 2260 1920 2325 voluptate
1971 2256 2300 2324 alliciendos,

725 2364 785 2406 ut
817 2357 904 2420 qui
944 2350 1172 2418 Longini
1202 2351 1354 2402 valde
1379 2360 1608 2403 mortem
1647 2350 1883 2413 sitirent,
1915 2360 1969 2403 ct
2004 2364 2119 2402 eam
2144 2353 2305 2403 emis-

726 2450 848 2497 sent
895 2442 1160 2509 pecuniis.
1214 2437 1368 2505 Quod
1416 2440 1630 2507 quidem
1685 2455 1804 2510 cum
1859 2440 2054 2494 factum
2091 2439 2301 2507 fuisset,

729 2544 787 2584 ut
825 2533 906 2586 eis
958 2533 1220 2599 placebat,
1266 2531 1417 2598 jubet
1469 2544 1656 2584 rursus
1705 2530 1922 2598 indigna
1966 2531 2208 2587 Pilatus:
2248 2544 2302 2588 et

725 2630 852 2674 ante
896 2629 1104 2688 portam
1159 2619 1392 2672 civitatis
1438 2634 1532 2687 per
1578 2619 1926 2687 ignominiam
1983 2618 2085 2672 fuit
2124 2621 2306 2688 proje-

723 2725 871 2768 ctum
929 2711 1222 2780 pretiosum
1285 2711 1403 2776 ejus
1455 2717 1634 2778 caput.
1701 2709 1805 2761 Sed
1870 2710 1936 2770 is,
1989 2711 2072 2762 cui
2126 2710 2299 2764 visunt

728 2804 907 2856 fuerat
939 2803 1048 2870 pati
1081 2815 1176 2867 pro
1207 2800 1382 2860 nobis,
1422 2802 1558 2866 ejus,
1591 2800 1679 2865 qui
1715 2807 1935 2866 propter
1966 2798 2145 2868 ipsum
2186 2798 2302 2853 fue-

729 2904 816 2948 rat
844 2906 1056 2962 passus,
1091 2907 1155 2943 ne
1191 2906 1330 2943 nunc
1368 2887 1581 2958 quidem
1614 2899 1697 2942 cst
1733 2889 1933 2944 oblitus
1962 2906 1974 2941 :
2009 2892 2103 2945 sed
2139 2891 2301 2946 veluti

729 2998 986 3054 perpetuo
1025 2993 1376 3053 apparentem
1410 2985 1697 3052 quamdam
1724 2982 1895 3037 facem
1927 2985 2012 3046 iis,
2043 2983 2137 3052 qui
2180 2985 2305 3039 ade-

729 3089 875 3141 rant,
925 3076 1251 3130 eernendzun
1304 3077 1575 3142 praebebat
1618 3085 1744 3129 ante
1787 3075 2084 3140 civitatem,
2140 3083 2194 3128 et
2247 3076 2299 3129 in

732 3168 1071 3236 sterquilinio
1133 3165 1424 3234 jaceuteni,
1480 3167 1730 3233 tanquam
1794 3166 1844 3217 in
1917 3166 2076 3220 domo
2157 3168 2378 3262 regiac

733 3268 1136 3320 conservatam,
1167 3249 1284 3308 into
1327 3256 1661 3326 protegebat,
1699 3273 1802 3311 non
1841 3260 2014 3313 solum
2046 3273 2152 3312 non
2180 3272 2304 3326 per-

733 3353 973 3415 mittens,
1025 3363 1083 3402 ut
1138 3348 1342 3419 aliquid
1387 3356 1663 3418 pateretur
1716 3365 1744 3403 a
1797 3353 1944 3418 (imo,
1983 3352 2079 3406 sed
2137 3343 2300 3406 etiam

734 3446 969 3498 liberans
1000 3443 1157 3506 alios,
1211 3457 1279 3496 ne
1333 3441 1534 3509 aliquid
1590 3452 1810 3510 propter
1867 3445 1916 3496 id
1968 3453 2302 3511 paterentur.

731 3537 984 3602 Quaedam
1020 3549 1165 3587 enim
1201 3534 1390 3584 mulier
1441 3532 1623 3596 vidua,
1671 3547 1789 3601 quae
1833 3544 2005 3587 morte
2053 3535 2302 3589 maritum

733 3631 1015 3694 amiserat,
1048 3642 1170 3680 cum
1199 3625 1310 3679 ﬁlio
1355 3633 1533 3678 autem
1574 3625 1736 3680 unico
1783 3621 2214 3693 conﬂictabatur‘,
2253 3636 2307 3681 et

734 3723 931 3792 praeter
964 3721 1275 3773 viduitatem
1323 3719 1660 3772 sustinuerat
1705 3719 1867 3771 etiam
1899 3721 2174 3774 oculorum
2213 3738 2305 3776 or-

735 3816 981 3876 bitatem,
1014 3812 1154 3862 malo
1193 3811 1293 3863 (ide
1327 3819 1606 3877 snperato,
1643 3823 1766 3861 cum
1817 3809 1924 3863 (ilio
1973 3814 2115 3865 vadit
2152 3811 2308 3866 Jeru—

737 3904 930 3961 salem,
951 3909 1285 3961 sanctorum,
1317 3915 1433 3967 qua:
1464 3900 1532 3952 ibi
1559 3913 1737 3964 erant,
1766 3898 2004 3952 locorum
2058 3911 2308 3956 contactu

735 4005 792 4049 et
823 3994 1162 4057 adoratioue,
1196 4006 1332 4060 quos
1377 3993 1634 4045 amiserat
1687 3994 1936 4061 corporis
1973 3995 2153 4060 duces,
2186 4011 2309 4064 spe-

737 4104 867 4141 rans
899 4101 957 4139 se
983 4086 1452 4151 recuperaturum.
1481 4085 1614 4137 Cum
1659 4093 1837 4136 autem
1869 4102 1898 4136 a
1941 4084 2050 4138 lilio
2085 4087 2310 4141 deducta

739 4183 939 4235 terram
977 4188 1202 4250 caperet
1237 4187 1296 4230 et
1345 4177 1640 4246 pulverem.
1690 4187 1747 4231 et
1793 4176 2094 4247 imponeret
2119 4181 2309 4242 oculis,

737 4277 989 4345 adjicitur
1023 4272 1266 4326 viduitati
1294 4282 1346 4326 et
1379 4271 1654 4326 oculorum
1684 4272 1903 4327 orbitati
1950 4273 2146 4344 (qualia
2184 4288 2314 4330 sunt

741 4367 834 4421 Dei
865 4368 1082 4436 iudicia)
1138 4367 1242 4419 alia
1277 4381 1488 4433 quoque
1521 4365 1700 4432 gravis
1747 4364 2046 4422 calamitas.
2095 4368 2313 4422 Morbus

739 4461 886 4515 enim
937 4459 1154 4527 quidam
1207 4457 1468 4511 illVildellS
1522 4471 1775 4526 puertnn,
1817 4458 1908 4527 qui
1954 4472 2051 4527 pro
2097 4460 2313 4512 amissis

740 4555 914 4608 oculis
945 4555 1122 4606 fuerat
1162 4554 1208 4606 ei
1253 4553 1388 4606 alius
1425 4553 1638 4612 oculus,
1665 4562 1884 4622 repente
1910 4552 2068 4622 (prob
2093 4552 2241 4609 dolor
2271 4553 2310 4622 ί)
2338 4529 2391 4589 D

742 4647 941 4714 abripit
970 4661 999 4699 a
1034 4649 1151 4699 sinu
1189 4646 1400 4697 matris.

814 4735 906 4788 1X.
937 4735 1128 4787 Statim
1162 4748 1288 4802 ergo
1322 4730 1566 4800 duplices
1600 4733 1664 4783 ad
1699 4747 1821 4785 eum
1859 4736 2122 4786 accedunt
2155 4744 2308 4787 tene-

742 4829 875 4890 brae,
906 4837 961 4880 et
986 4828 1106 4878 vita:
1131 4826 1214 4878 lux
1247 4823 1402 4878 simul
1442 4823 1802 4894 exstinguitur
1831 4841 1950 4878 cum
1983 4824 2098 4879 luce
2129 4825 2313 4879 oculo-

742 4937 904 4975 rum:
942 4928 1161 4986 eratque
1191 4917 1413 4970 omnino
1453 4917 1636 4970 infelix
1686 4918 1774 4972 illa
1831 4918 2143 4983 immobilis,
2192 4928 2312 4972 tan-

745 5026 904 5082 quam
950 5010 1130 5078 aliquo
1186 5008 1432 5076 fulmine,
1487 5011 1733 5078 perculsa
1787 5011 2116 5066 calamitate.
2172 5012 2312 5066 Cum

745 5112 922 5159 autem
955 5102 1112 5173 paqu
1154 5112 1274 5175 post
1318 5118 1347 5157 a
1401 5103 1539 5157 malo
1572 5103 1639 5156 ad
1682 5118 1740 5158 se
1777 5105 2052 5165 rediisset,
2085 5101 2317 5156 deﬂebat

748 5196 1151 5260 miserabiliter,
1203 5205 1257 5250 et
1304 5195 1638 5250 miserandas
1690 5209 1852 5249 voces
1908 5195 2191 5249 emittebat
2247 5193 2314 5248 ad

751 5287 1077 5343 Dominum:
1106 5285 1150 5341 0
1180 5283 1426 5353 Domine,
1463 5286 1670 5348 dicens,
1719 5299 1816 5337 cur
1858 5287 1935 5339 sic
1979 5295 2201 5353 gravata
2231 5295 2315 5339 est

751 5394 944 5436 manus
993 5388 1082 5431 tua
1123 5393 1284 5449 super
1335 5395 1439 5444 me,
1474 5384 1528 5431 et
1565 5389 1725 5443 supra
1759 5376 1997 5429 dolorem
2035 5374 2312 5429 vulnerum

748 5485 996 5526 meorum
1064 5469 1404 5524 addidisti'?
1464 5467 1529 5521 Et
1587 5481 1734 5520 nunc
1792 5464 1976 5519 lumen
2036 5467 2313 5520 oculorum

750 5575 996 5615 meorum
1044 5567 1097 5611 et
1146 5559 1319 5628 ipsum
1379 5573 1482 5611 non
1537 5564 1619 5610 est
1671 5555 1943 5609 mecum‘.
1986 5553 2121 5610 Num
2175 5556 2319 5610 vires

753 5642 990 5708 lapidum
1041 5644 1179 5696 vires
1237 5644 1404 5699 meae?
1465 5641 1584 5710 Ipsa
1639 5657 1856 5710 quoque
1904 5643 2111 5708 dicam,
2172 5647 2319 5715 quod

759 5725 893 5779 Job'
927 5746 941 5781 :
975 5745 994 5777 ‹
1024 5727 1250 5784 Posuisti
1277 5744 1360 5780 me
1392 5729 1725 5797 parabolam,
1757 5731 2000 5798 Domine,
2034 5743 2084 5786 et
2118 5745 2320 5789 motum

836 5839 857 5871 ⁸
889 5837 1030 5891 Psal.
1058 5852 1244 5898 vam,
1274 5839 1363 5890 ‘27.
1439 5842 1458 5871 ⁸
1485 5839 1628 5892 Psal.
1651 5857 1856 5905 xxxv",
1887 5843 1974 5911 ii.

2409 608 2544 661 ἀλλὰ
2579 609 2688 677 γὰρ
2736 609 2790 660 εἴ
2833 627 2884 661 τι
2915 609 3013 662 xai.
3057 611 3494 680 προσετάχθητε,
3530 612 3666 682 πρὸς
3694 617 3825 677 τοὺς
3861 633 4000 686 πεμ-

2409 698 2885 767 φθένταςὲλεγεν,
2912 699 3278 769 ἐκπληροῦτε.
3311 695 3442 752 Εἶτα
3483 701 3578 752 καὶ
3609 703 3746 769 πρὸς
3775 703 3869 754 τὸν
3906 705 3999 772 τῆς

2405 789 2583 852 οἰκίας
2608 792 2968 862 ἐπιστραφεὶς
2992 789 3316 857 ἐπίτροπον,
3345 787 3540 856 στολὴν
3572 788 3723 857 αὐτῷ
3750 790 3997 860 καθαρὰν

2407 882 2737 951 κομισθῆναι
2768 880 3007 944 κελεύει,
3048 879 3123 942 ὡς
3149 881 3241 932 ἐπὶ
3274 881 3452 948 γάμον
3480 880 3581 950 ήδη
3616 883 3708 932 καὶ
3731 883 3996 949 νυμφῶνα

2405 972 2660 1041 κληθέντι
2696 973 2792 1026 καὶ
2843 974 2980 1043 πρὸς
3037 972 3203 1026 αὑτὸν
3233 973 3542 1026 σπεύδοντι.
3604 973 3806 1043 Καὶδὴ
3842 990 3998 1042 κομι-

2406 1065 2627 1118 σθεῖσαν
2651 1057 2815 1129 ’ἐνδὺς
2847 1066 2943 1118 καὶ
3001 1068 3067 1134 τῇ
3100 1067 3244 1136 χειρὶ
3279 1067 3459 1130 δείξας
3509 1068 3599 1119 τὸν
3648 1067 3836 1136 λόφον,
3871 1068 3996 1122 ἔνθα

2401 1158 2628 1226 τεθῆναι
2662 1159 2720 1210 τὸ
2748 1159 2908 1227 σῶμα
2940 1159 3228 1228 ἠϐούλετο,
3265 1161 3344 1222 είς
3378 1160 3509 1226 γόνυ
3552 1162 3690 1229 μετὰ
3746 1163 3859 1214 τῶν
3907 1164 3998 1216 civ

2403 1250 2553 1320 αὐτῷ
2614 1249 2938 1318 κλιθε“ις(ὣ
2999 1251 3276 1320 μακαρίου
3336 1251 3598 1320 τέλουςί)
3659 1252 3749 1308 τὸν
3809 1254 3996 1322 ἀγῶνα

2401 1340 2653 1408 διήνυσε·
2708 1339 2803 1391 xai.
2850 1341 2950 1402 τὰς
3005 1341 3246 1407 κεφαλὰς
3307 1342 3748 1410 ἀποτμηθέντες,
3812 1347 3996 1414 χοροῖς

2405 1432 2709 1502 μαρτύρων
2768 1434 2861 1484 καὶ
2907 1433 3234 1486 ἀποστόλων
3284 1436 3691 1505 ἐγγράφονται,
3749 1437 3864 1488 τῶν
3896 1437 3992 1506 μὲν

2399 1524 2499 1594 τὴν
2549 1523 2826 1593 ἀνδρείαν,
2868 1525 2977 1577 τῶν
3007 1525 3062 1577 δὲ
3093 1525 3183 1578 τὸν
3225 1527 3363 1597 ὑπὲρ
3392 1529 3633 1596 Χριστοῦ
3670 1528 3838 1596 ζῆλον
3875 1532 3996 1582 ἐπι-

2405 1616 2745 1686 δειξάμενοι.

2473 1712 2554 1764 H'.
2592 1711 2663 1764 Τὸ
2693 1711 2748 1763 δὲ
2778 1712 2917 1780 μετὰ
2949 1709 3146 1771 ταῦτα,
3179 1710 3232 1760 τί
3261 1726 3275 1776 ;
3308 1709 3421 1778 Τὴν
3470 1714 3815 1783 μαρτυρικὴν
3855 1716 3996 1767 ὲκεί-

2405 1821 2500 1872 νην
2528 1804 2796 1870 Λογγίνου
2829 1803 3074 1870 κεφαλὴν
3107 1806 3186 1864 είς
3207 1803 3476 1856 πίστωσιν
3500 1804 3704 1874 ἀκριϐῆ
3737 1805 3999 1868 λαϐόντες

2406 1897 2609 1948 αὐτίκα
2667 1898 2714 1947 οξ
2761 1896 3046 1957 ἀνελόντες
3103 1897 3185 1948 ὅτι
3219 1898 3485 1963 Λογγῖνος
3535 1897 3791 1968 τέθνηκε.
3843 1900 4000 1967 κομί-

2409 1987 2562 2050 ζουσι
2588 1986 2665 2056 τῷ
2697 1985 2937 2054 Πιλάτῳ,
2965 1985 3173 2048 εἰδότες
3203 1987 3283 2039 ὅτι
3317 1987 3512 2057 μηδενὶ
3541 1987 3684 2058 ἄλλῳ
3711 1989 3998 2059 δωρήματι

2406 2072 2680 2139 τοσοῦτον,
2707 2074 2780 2136 ὡς
2820 2074 3039 2143 ἐκείνῳ,
3082 2075 3160 2144 τῷ
3223 2075 3373 2146 αὐτῷ
3429 2076 3779 2146 χαριοῦνταιο
3817 2079 3915 2132 καὶ
3943 2080 3997 2140 ὃς

2408 2167 2694 2218 συνεκάλει
2720 2167 3069 2235 παραχρῆμα
3089 2171 3182 2218 καὶ
3218 2168 3497 2230 Ἰουδαίοις
3515 2170 3582 2221 τὰ
3610 2171 3823 2240 μεγάλα
3847 2171 3997 2240 αύτῴ

2408 2256 2936 2326 συνησθησομένοις,
2973 2259 3068 2311 ἀτε
3097 2258 3193 2310 καὶ
3222 2259 3410 2321 αὐτοῖς
3444 2259 3566 2312 λίαν
3608 2261 3700 2312 τὸν
3729 2263 3996 2330 Λογγίνου

2409 2348 2642 2401 θάνατον
2680 2347 2876 2415 διψῶσι
2917 2348 3013 2402 καὶ
3042 2349 3344 2418 χρημάτων
3372 2347 3534 2402 ὢνιον
3588 2349 3778 2404 τοῦτον
3843 2370 3973 2422 ποιη

2411 2440 2702 2509 σαμένοιςο
2753 2433 2815 2491 οὗ
2873 2440 2935 2510 δὴ
2989 2442 3080 2492 καὶ
3115 2441 3190 2503 ὼς
3231 2441 3420 2504 αὐτοῖς
3480 2441 3635 2509 φίλον
3696 2445 3999 2512 γενομένου

2409 2537 2740 2606 προστάττει
2787 2538 2883 2589 καὶ
2940 2536 3096 2598 αὖθις
3123 2537 3382 2600 unum,
3416 2537 3511 2590 καὶ
3549 2537 3654 2612 πρὸ
3688 2538 3787 2607 τῆς
3826 2538 3999 2607 πύλης

2405 2623 2618 2690 ἀτίμως
2647 2625 2679 2691 ἡ
2720 2623 2879 2691 τιμία
2905 2625 3119 2693 κεφαλὴ
3144 2628 3241 2693 τῆς
3273 2626 3486 2688 πόλεως
3527 2625 3758 2696 ἔρριπτο
3779 2644 3792 2658 ·
3828 2627 3947 2682 ἀλλ’
3973 2632 4000 2681 ό

2406 2715 2545 2785 ὑπὲρ
2576 2715 2732 2784 ἡμῶν
2751 2717 2950 2770 παθεῖν
2976 2717 3279 2786 εὐδοκήσας
3311 2719 3402 2771 τοῦ
3427 2721 3494 2771 δι’
3516 2721 3677 2772 αὐτὸν
3733 2722 3999 2782 παθοντος

2405 2807 2526 2861 οὐδὲ
2573 2807 2667 2860 νῦν
2719 2807 3038 2873 ἐπελάθετο,
3071 2810 3186 2862 ἀλλ’
3218 2805 3330 2863 οἷον
3348 2811 3593 2878 ἀειφανῆ
3627 2829 3750 2862 τινα
3789 2814 3997 2880 πυρσὸν

2404 2903 2518 2962 τοῖς
2575 2899 2836 2970 παριοῦσι
2887 2903 3149 2969 παρεῖχεν
3190 2903 3322 2971 όρᾷν
3387 2902 3494 2970 πρὸ
3533 2903 3631 2969 τῆς
3661 2901 3874 2966 πόλεως
3904 2904 3998 2956 καὶ

2405 2989 2470 3055 τῇ
2503 2985 2708 3057 κοπρίᾳ
2737 2984 3027 3054 κειμένην,
3067 2985 3141 3046 ὼς
3165 2987 3231 3037 ἐν
3266 2985 3535 3056 βασιλικῷ
3565 2989 3700 3056 οῐκῳ
3722 2987 3996 3054 φυλαττοο

2409 3077 2578 3148 μένην
2641 3079 2865 3147 ἀφανῶς
2929 3078 3161 3131 ἔσκεπεν
3187 3119 3201 3143 ,
3254 3080 3314 3131 οὐ
3349 3080 3515 3150 μόνον
3567 3081 3720 3134 οὐδὲν
3752 3081 3866 3134 άπὸ
3898 3084 3997 3150 τῆς

2408 3171 2640 3241 κοπρίας
2664 3171 2832 3234 ἐάσας
2862 3171 3072 3235 παθεῖν,
3104 3171 3240 3223 ἀλλὰ
3264 3173 3472 3225 καὶτοῦ
3516 3175 3747 3242 πάσχειν
3773 3175 3999 3239 ἐτέρους

2406 3260 2495 3315 διὰ
2543 3261 2746 3330 ταύτης
2801 3260 3202 3330 ἐλευθερώσας.
3268 3263 3428 3332 Χήρα
3460 3264 3567 3331 γάρ
3602 3281 3684 3326 τις
3738 3264 3876 3335 γυνὴ
3907 3246 3999 3317 καί

2409 3352 2622 3422 θανάτῳ
2656 3354 2753 3422 μὲν
2783 3353 2872 3405 τὸν
2899 3352 3064 3422 ἄνδρα
3091 3354 3450 3423 ζημιωθείσα,
3488 3355 3588 3424 υἱῷ
3608 3355 3665 3407 δέ
3695 3374 3798 3409 τινι
3838 3374 3996 3425 μονοο

2407 3446 2554 3512 γενεί
2583 3447 2674 3496 καὶ
2709 3444 2855 3514 μόνῳ
2901 3444 3203 3497 σαλεύουτα
3238 3447 3330 3498 καὶ
3370 3446 3505 3514 πρὸς
3537 3449 3601 3517 τῇ
3649 3449 3857 3518 χηρείᾳ
3906 3454 4001 3502 καὶ

2406 3543 2513 3594 τῶν
2551 3541 2846 3610 ὀφθαλμῶν
2879 3541 3125 3610 πήρωσιν
3183 3542 3484 3604 ὑποστᾶσα,
3513 3543 3692 3595 πίστει
3731 3543 3790 3596 τὸ
3825 3545 4000 3607 πάθος

2407 3638 2681 3704 νικήσασα
2739 3631 2875 3701 μετὰ
2932 3630 3027 3682 τοῦ
3079 3632 3268 3684 τέκνου
3329 3633 3466 3702 πρὸς
3497 3634 3594 3704 τὴν
3632 3635 3997 3705 Ἰερουσαλὴμ

2409 3727 2615 3789 ἄπεισι,
2671 3726 2736 3794 τῇ
2767 3723 2876 3776 τῶν
2904 3722 3072 3791 ἁγίων
3125 3726 3182 3776 ἐν
3215 3725 3354 3797 αὐτῇ
3381 3728 3564 3780 τόπων
3593 3731 3779 3799 ἐπαφῇ
3815 3746 3874 3782 τε
3902 3735 3997 3783 καὶ

2410 3819 2805 3891 προσκυνήσει,
2837 3816 2931 3880 οὒς
2955 3817 3298 3885 ἀποϐέϐληκε
3321 3818 3415 3870 τοῦ
3444 3820 3694 3889 σώματος
3723 3839 3999 3892 φωταγω-

2409 3911 2561 3974 γοὺς,
2601 3906 2896 3958 ἀπολαϐεῖν
2912 3906 3201 3958 ἐλπίσασα.
3270 3905 3359 3970 Ὠς
3417 3905 3510 3960 οὖν
3539 3910 3643 3962 ὑπὸ
3671 3913 3770 3967 τοῦ
3808 3915 4000 3977 παιδῦς

2411 3997 2900 4070 χειραγωγουμένη
2936 3996 3029 4049 τοῦ
3058 3997 3178 4066 χοὸς
3205 3998 3478 4068 ἐλάμϐανε
3511 4001 3606 4053 κα)⁸
3633 4001 3732 4072 τῆς
3770 4003 3998 4066 κόνεως,

2412 4092 2506 4143 καὶ
2529 4091 2642 4152 τοῖς
2667 4088 2968 4158 ὀφθαλμοῖς
3002 4089 3264 4155 ἐπετίθει,
3311 4092 3663 4162 προστίθεται
3701 4099 3768 4164 τῇ
3798 4098 4001 4166 χηρείᾳ

2413 4182 2510 4235 καὶ
2560 4182 2625 4251 τῇ
2669 4181 2914 4252 πηρώσει
2959 4181 3068 4234 τῶν
3119 4182 3439 4252 ὀφθαλμῶν,
3500 4178 3589 4237 οία
3623 4186 3690 4237 τὰ
3728 4186 3828 4239 τοῦ
3860 4189 4001 4240 Θεοῦ

2414 4276 2679 4347 κρίματα,
2704 4279 2798 4328 καὶ
2825 4276 2960 4344 άλλη
2997 4275 3210 4344 χαλεπὴ
3236 4282 3492 4347 συμφορά
3516 4292 3529 4307 ο
3555 4280 3710 4338 νόσος
3753 4282 3865 4351 γάρ
3920 4301 4004 4345 τις

2414 4367 2802 4420 καταλαϐοῦσα
2841 4367 2932 4417 τὸν
2988 4368 3177 4429 παῖδα,
3232 4367 3324 4419 τὸν
3362 4369 3483 4420 ἀντὶ
3531 4369 3628 4438 τῆς
3660 4364 3867 4441 ζημίας
3893 4376 4005 4427 τῶν

2417 4456 2708 4527 ὀφθαλμῶν
2734 4456 3014 4527 ὀφθαλμὸν
3048 4457 3205 4511 ἄλλον
3248 4461 3385 4531 αὐτῇ
3423 4462 3735 4532 γενόμενον,
3775 4442 4002 4537 ἅθ’ρὸον,

2416 4549 2582 4620 οἶμοι,
2625 4551 2730 4604 τῶν
2753 4550 3009 4619 ἀγκαλῶν
3034 4552 3132 4621 τῆς
3171 4553 3378 4622 μητρὸς
3403 4555 3639 4623 ἁρπάζει

2485 4727 2562 4780 Θ’.
2598 4727 2769 4788 Εὐθὺς
2801 4726 2894 4780 οὖν
2939 4726 3159 4780 διπλοῦν
3201 4731 3338 4802 αὐτῇ
3389 4733 3450 4786 τὸ
3492 4735 3684 4799 σκότος
3711 4738 4002 4814 ἐπιφοιτᾷ,

2419 4816 2511 4868 καὶ
2545 4817 2604 4869 τὸ
2627 4817 2717 4869 τοῦ
2746 4816 2862 4887 βίου
2896 4818 3012 4888 φῶς
3044 4819 3119 4890 τῷ
3163 4821 3272 4874 τῶν
3322 4823 3591 4893 ὀμμάτων
3624 4834 3993 4886 συναποσϐἐνι

2419 4927 2592 4975 νυται,
2626 4911 2718 4963 καὶ
2744 4907 2810 4980 ἦν
2830 4913 2966 4973 ὅλως
2999 4914 3252 4984 ἀκίνητος
3280 4917 3311 4985 ἡ
3342 4916 3522 4982 ἀθλία,
3545 4918 3735 4993 ῶσπερ
3767 4926 4005 4994 σκηπτῷ

2419 5017 2524 5053 τινι
2549 5002 2808 5070 βληθεῖσα
2857 5005 2923 5071 τῇ
2966 5007 3244 5076 συμφορᾷ.
3287 5009 3442 5062 Μετά
3488 5009 3659 5081 βραχὺ
3689 5012 3744 5064 δὲ
3776 5016 4003 5084 νήψασα

2425 5093 2622 5160 μικρὸν
2641 5093 2733 5144 τοῦ
2766 5093 2959 5157 κακοῦ,
3002 5093 3234 5147 ἐλεεινὸν
3284 5100 3616 5168 ἀποδύρεται
3647 5105 3739 5154 καὶ
3767 5107 4003 5176 οἰκτρὰς

2419 5184 2569 5252 ἠφίει
2599 5183 2731 5257 πρὸς
2749 5185 2840 5237 τὸν
2861 5188 3137 5257 Δεσπότην
3161 5189 3347 5256 φωνάς
3370 5209 3382 5220 ·
3413 5188 3485 5244 Ὠ
3511 5193 3701 5263 Κύριε,
3734 5196 4000 5262 λέγουσα,

2425 5275 2563 5328 ίνατί
2596 5275 2766 5338 οὕτως
2794 5276 3065 5348 ἐϐαρύνθη
3089 5278 3178 5333 ἔπ’
3207 5281 3306 5348 ἐμὲ
3340 5283 3372 5350 ἠ
3399 5283 3520 5353 χείρ
3552 5301 3668 5346 σου,
3701 5286 3795 5338 καὶ
3818 5291 3917 5341 ἐπὶ
3943 5290 4004 5340 τὸ

2424 5369 2586 5436 ἄλγος
2617 5368 2723 5420 τῶν
2759 5369 3087 5438 τραυμάτων
3137 5389 3238 5441 μου
3281 5375 3649 5444 προσέθηκας,
3682 5379 3776 5431 καὶ
3811 5379 3910 5436 νῦν
3943 5381 4005 5434 τὸ

2427 5463 2541 5530 φῶς
2565 5461 2669 5514 τῶν
2699 5459 2994 5532 ὀφθαλμῶν
3021 5481 3122 5533 μου
3149 5465 3240 5516 καὶ
3270 5466 3519 5520 aimber
3544 5468 3660 5522 ἐστι
3687 5471 3804 5538 μετ’
3836 5473 4003 5542 ἐμοῦς

2427 5553 2520 5624 Μὴ
2558 5554 2947 5625 ίσχὺςλίθωνὴ
2988 5556 3139 5626 ἰσχύς
3177 5574 3315 5625 μου;
3345 5559 3418 5612 Τὸ
3441 5561 3533 5613 τοῦ
3586 5562 3704 5614 ’ῐὼϐ
3736 5567 3828 5617 καὶ
3863 5568 4008 5632 αὐτὴ

2429 5647 2537 5715 ἐρῶ
2557 5664 2569 5677 ·
2598 5647 2840 5717 Ἐθηκάς
2877 5665 2940 5717 με
2997 5648 3328 5721 παραϐολὴν,
3360 5651 3622 5720 Δέσποτα,
3662 5656 3758 5712 καὶ
3784 5658 4010 5726 κίνησιν

2431 5740 2673 5808 κεφαλῆς
2707 5743 2762 5790 ἐν
2787 5743 2938 5803 πᾶσι,
2973 5745 3062 5795 καὶ
3095 5743 3424 5817 ίσχύνθησαν
3453 5749 3536 5798 ἐπ’
3564 5748 3660 5817 ἐμὲ
3712 5751 3760 5799 οἱ
3797 5749 4010 5815 ὑπομέ-

2061 5845 2078 5873 ⁷
2108 5844 2230 5900 Job.
2267 5864 2340 5911 Vl,
2377 5851 2466 5901 22.
