4180 6494
187 493 257 559 ιδ
1464 483 1647 547 VITA
1690 478 1749 541 S.

1857 481 2141 539 BRAMII.
3365 482 3432 545 46

168 609 294 677 ἡμῖν
323 610 420 660 καὶ
445 606 567 659 κατ’
601 609 744 676 ἴχνος
786 602 933 673 αὐτῷ
966 602 1063 669 τῆς
1097 596 1300 668 ἀρετῆς
1335 596 1627 667 πορευτέον
1660 594 1752 647 καὶ

1857 606 1885 645 a
1912 591 2067 645 nobis
2096 590 2381 646 narrandae
2422 599 2665 659 suntpro
2726 591 2964 659 viribus,
3007 602 3067 649 ut
3119 606 3429 664 sequamur,

167 700 441 770 μιμητέον
472 700 552 763 εἰς
574 699 827 767 δύναμιν.

230 872 307 927 B’.
340 866 517 935 Οὗτος
535 875 715 927 τοίνυν
734 874 759 924 ό
780 872 1032 943 δεύτερος
1068 870 1319 939 Ἀὅραάμ
1338 867 1430 921 καὶ
1456 866 1527 935 τῷ
1556 864 1754 935 πρώτῳ

165 966 537 1034 παράμιλλος,
606 965 665 1029 ἐξ
720 964 982 1032 εὐγενοῦς
1033 964 1132 1030 μὲν
1192 960 1292 1029 τῆς
1336 959 1493 1027 ῥίζης
1527 955 1755 1023 εὐγενὴς

164 1057 470 1125 ἰόλάστησε
499 1058 728 1120 κλάδος’
770 1058 1005 1127 πατέρες
1046 1056 1151 1125 γάρ
1186 1050 1337 1121 αὑτῷ
1381 1049 1623 1118 λαμπροὶ
1656 1047 1754 1116 μὲν

164 1148 220 1200 τὸ
246 1149 431 1215 γένος,
464 1150 714 1220 λαμπροὶ
746 1149 802 1203 δὲ
843 1150 935 1201 τὸν
958 1148 1071 1216 βίον
1103 1146 1196 1199 καὶ
1242 1141 1457 1209 πλούτῳ
1511 1142 1602 1192 καὶ
1626 1139 1754 1208 δόξῃ

162 1240 222 1305 τῇ
257 1238 404 1288 κατὰ
429 1240 644 1307 κόσμον
669 1239 929 1299 επιεικῶς
960 1255 1015 1289 σε
1028 1235 1371 1306 μνυνόμενοι.
1407 1230 1671 1301 Ὀρῶντες
1696 1229 1751 1280 δὲ

162 1330 246 1378 τὸν
293 1331 473 1384 παῖδα
534 1334 719 1384 πᾶσαν
767 1334 829 1383 ἐκ
883 1333 983 1398 τῆς
1028 1328 1252 1399 πρώτης
1288 1327 1502 1396 ἡλικίας
1551 1323 1751 1393 ἀρετὴν

164 1422 443 1487 μετιόντα,
478 1424 699 1492 σφοδρῷ
737 1424 874 1476 πάνυ
910 1422 1047 1491 πυρὶ
1078 1422 1171 1473 τοῦ
1200 1419 1339 1489 πρὸς
1373 1418 1536 1471 αὐτὸν
1566 1414 1750 1467 κατεί-

164 1526 317 1578 χοντο
366 1512 541 1563 πόθου
570 1531 584 1544 ·
622 1513 844 1565 τοιαῦτα
900 1513 1009 1580 γάρ
1063 1512 1129 1565 τὰ
1173 1511 1281 1563 τῶν
1342 1506 1751 1577 γεγεννηκότων

162 1602 451 1672 σπλάγχνα
484 1605 581 1658 καὶ
622 1606 866 1675 πέφυκεν
901 1606 1073 1664 οὕτως
1113 1604 1282 1673 ἁρετὴ
1348 1602 1576 1663 παίδων,
1632 1597 1749 1667 μεί-

161 1692 285 1754 ζονα
312 1695 410 1759 τῆς
444 1696 685 1762 φυσικῆς
728 1697 959 1762 στοργῆς
995 1710 1050 1744 τε
1092 1695 1184 1744 καὶ
1226 1691 1525 1751 διαθέσεως
1565 1690 1749 1747 αὐτοῖς

160 1786 255 1852 τὴν
282 1787 473 1854 πυρὰν
522 1787 888 1850 ὑπανάπτειν,
941 1783 1019 1835 διὸ
1049 1783 1113 1852 δὴ
1146 1784 1239 1835 καὶ
1280 1783 1404 1834 λίαν
1432 1780 1749 1849 ἁκορέστως

160 1877 323 1928 αὑτοῦ
359 1880 456 1930 καὶ
478 1879 756 1946 περικαῶς
777 1880 1008 1947 ἔχοντες,
1036 1878 1269 1929 ἐπόθουν
1300 1874 1470 1928 καλοῦ
1503 1871 1747 1927 τοιούτου

162 1966 395 2035 βλαστοῦ
430 1972 527 2021 καὶ
579 1969 829 2038 καρποὺς
882 1968 1030 2029 ἰδεῖν,
1064 1968 1230 2029 ὅπως,
1264 1966 1360 2018 καὶ
1417 1965 1494 2028 ὡς
1535 1963 1753 2023 εἰκόνας

160 2057 252 2111 τοῦ
279 2058 399 2111 υἱοῦ
420 2059 493 2111 τὰ
520 2061 722 2127 ἔγγονα
750 2059 1062 2129 βλέποντες,
1091 2058 1149 2109 τὸ
1179 2058 1313 2111 πολὺ
1343 2057 1438 2109 τοῦ
1482 2054 1619 2124 πρὸς
1657 2053 1754 2104 αὑ-

158 2152 246 2201 τειν
267 2152 497 2220 φίλτρον
526 2152 919 2210 διαναπνέωσι,
949 2150 1043 2202 καὶ
1066 2149 1176 2215 ἅμα
1198 2148 1457 2216 τοιαύτην
1485 2146 1752 2213 βουλόμε-

156 2260 235 2295 νοι
257 2248 325 2313 τῇ
360 2244 587 2314 διαδοχῇ
620 2242 714 2294 τοῦ
759 2241 947 2309 γένους
982 2240 1256 2293 ὑποθεῖναι
1285 2239 1530 2309 κρηπῖδα
1566 2235 1749 2288 τοιοῦ-

155 2351 248 2387 τον
289 2334 569 2405 θεμέλιον,
602 2334 794 2402 ἀμέλει
831 2334 924 2385 καὶ
948 2331 1245 2400 ἀγαγέσθαι
1281 2330 1503 2400 νύμφην
1540 2326 1749 2381 ἐσπού-

156 2423 320 2487 δαζον
372 2425 453 2495 τῷ
505 2428 608 2495 υἱῷ
640 2427 728 2479 καὶ
772 2424 960 2494 γάμου,
1001 2424 1157 2493 δῆσαι
1202 2424 1417 2492 δεσμοῖς
1484 2423 1581 2473 καὶ
1631 2420 1747 2472 τῶν

158 2519 443 2586 κοσμικῶν
498 2520 825 2590 ἀξιωμάτων
873 2519 965 2571 ἐπὶ
1021 2519 1089 2568 τὰ
1145 2515 1312 2587 μείζω
1365 2515 1747 2583 προσαγαγεῖν

157 2610 320 2662 αὐτὸν
344 2612 442 2662 καὶ
473 2616 943 2682 περιφανέστερα.
994 2607 1279 2677 Ἀϐραμίῳ
1315 2606 1372 2657 δὲ
1423 2605 1535 2673 ἄρα
1573 2603 1751 2657 ταῦτα

160 2704 387 2771 φροντὶς
453 2704 721 2772 οὐδεμία,
765 2701 1024 2754 τάναντία
1068 2699 1125 2749 δὲ
1183 2695 1443 2759 καθάπαξ
1496 2695 1595 2761 τῆς
1642 2693 1752 2746 τῶν

156 2799 363 2861 γονέων
449 2799 736 2867 προῄρητο
818 2796 1045 2865 γνώμης
1110 2796 1206 2849 καὶ
1288 2793 1386 2862 τὴν
1463 2791 1560 2860 μὲν
1626 2790 1752 2842 Ἐκ-

158 2888 414 2960 κλησίαν,
440 2887 534 2943 οἷά
564 2907 688 2942 τινα
708 2889 950 2961 νύμφην,
976 2889 1153 2958 ἑαυτῷ
1172 2885 1560 2955 ἐμνηστεύετο,
1583 2899 1755 2954 προς·

158 2982 402 3051 εδρεύων
431 2983 575 3052 αὐτῇ
602 2982 745 3034 κατὰ
765 2984 887 3043 τοὺς
912 2982 1152 3053 θερμοὺς
1174 2977 1281 3030 τῶν
1304 2977 1554 3045 νυμφίων
1583 2975 1769 3047 νύκτα

158 3078 253 3128 καὶ
286 3078 413 3145 μεθ’
442 3078 687 3146 ἡμέραν,
722 3079 813 3129 καὶ
836 3076 1017 3144 ψυχὴν
1053 3075 1167 3143 ἅμα
1214 3075 1311 3126 καὶ
1344 3073 1513 3141 ἀκοὴν
1544 3072 1655 3131 τοῖς
1695 3071 1750 3119 ἐν

156 3169 295 3235 αὐτῇ
325 3170 463 3236 πρὸς
496 3170 589 3219 τδν
625 3168 758 3221 Θεὸν
789 3168 981 3236 ὕμνοις
1006 3169 1100 3219 καὶ
1134 3170 1256 3229 ταῖς
1302 3166 1599 3235 μελῳδίαις
1632 3164 1749 3215 θελο

154 3260 391 3331 γόμενος
414 3278 429 3291 ·
464 3261 599 3328 μίαν
630 3260 683 3312 δὲ
717 3264 879 3328 τιμὴν
911 3260 1085 3329 ἀληθῆ
1118 3259 1217 3328 τὴν
1273 3259 1415 3311 κατᾶ
1454 3256 1584 3308 Θεὸν
1633 3257 1751 3308 ἑνό-

156 3354 286 3421 μιζε
320 3354 649 3422 προκοπήν·
671 3353 843 3423 ἀρχὰς
866 3354 942 3413 δὲ,
974 3354 1066 3404 καὶ
1092 3350 1432 3412 δυναστείας,
1455 3349 1552 3401 καὶ
1575 3349 1749 3413 τιμῶν

155 3446 293 3514 ὕψη,
323 3448 419 3497 καὶ
454 3445 671 3515 μεγέθη
707 3447 1060 3511 ἀξιωμάτων,
1096 3442 1190 3497 καὶ
1226 3444 1279 3495 εἴ
1305 3460 1356 3495 τι
1390 3442 1517 3494 ἄλλο
1557 3458 1752 3511 κοσμι-

152 3538 248 3588 κδν
282 3540 380 3589 καὶ
411 3538 723 3607 περίγειον,
774 3538 1023 3605 παίγνιον
1054 3540 1243 3606 ἠγεῖτο
1280 3536 1461 3587 πάντα
1498 3536 1592 3587 καὶ
1620 3551 1752 3603 σκη-

153 3628 252 3695 νὴν
294 3627 389 3679 καί
460 3629 783 3694 ὑπόκρισιν,
832 3627 1110 3695 ὀνείρατος
1169 3628 1321 3678 οὐδὲν
1375 3627 1605 3679 ἄμεινον
1658 3626 1753 3677 καὶ

154 3722 325 3779 σκιᾶς
362 3719 720 3785 διακείμενα.

222 3812 304 3863 Γ.
370 3811 510 3860 Επεὶ
545 3808 604 3859 δὲ
635 3809 685 3859 oi
717 3807 968 3872 τεκόντες
999 3809 1273 3862 ἐνέκειντο
1309 3808 1403 3861 καὶ
1456 3810 1593 3877 μετὰ
1623 3810 1749 3860 no}.-

149 3903 249 3971 λῆς
282 3902 449 3954 αυτόν
480 3900 584 3969 τῆς
619 3901 980 3972 σφοδρότητος
1004 3901 1265 3971 ὁμιλῆσαι
1286 3902 1485 3970 γάμοις
1506 3902 1754 3971 ⁴ιγνοὶγκα-

145 3998 266 4058 ζον,
304 3997 338 4065 ἡ
371 3994 431 4047 δὲ
488 3997 681 4062 μήτηρ
714 3994 1155 4065 ἀναϐαλλόμενον
1208 3995 1397 4065 ὁρῶσα
1426 3996 1519 4045 καὶ
1548 3995 1757 4064 δάκρυα.

146 4089 422 4148 πολλάκις
459 4088 615 4152 ἠφίει
649 4086 757 4136 τῶν
789 4088 1110 4157 ὀφθαλμῶν,
1140 4088 1207 4137 τὰ
1261 4090 1357 4155 τῆς
1406 4086 1511 4136 ἔσω
1559 4085 1754 4153 φλογὸς

142 4180 361 4251 ἀψευδῆ
400 4176 678 4247 σύμῦηλα,
713 4182 803 4229 καὶ
835 4178 907 4238 ὡς
936 4180 1096 4231 οὐδὲν
1130 4179 1260 4231 ἄλλο
1299 4177 1476 4248 ψυχὴν
1515 4177 1632 4230 υἱοῦ
1659 4194 1756 4231 και

141 4272 425 4325 τακλάσαι
454 4271 761 4337 δυνάμενα,
791 4270 888 4319 οὐκ
910 4269 1052 4339 ἔχων
1074 4272 1101 4320 ὁ
1137 4272 1300 4332 καλὸς
1340 4271 1636 4341 ῩΑόράμιος
1658 4272 1757 4323 ὅτι

141 4369 236 4415 καὶ
264 4361 463 4423 πάθοι,
508 4362 713 4431 μητρός
747 4377 803 4411 τε
832 4360 1008 4424 λιταῖς
1032 4363 1127 4413 καὶ
1160 4363 1365 4429 πατρὸς
1398 4364 1537 4412 εἴκει
1562 4362 1754 4414 mss.

141 4470 341 4523 σμασι,
372 4454 473 4504 καὶ
505 4452 600 4503 τὸν
627 4452 723 4503 τοῦ
765 4454 940 4521 γάμου
974 4454 1144 4521 ζυγὸν
1185 4453 1579 4523 καταδέχεται,
1620 4455 1748 4525 μίαν

137 4546 253 4599 τῶν
296 4544 544 4598 ἐντολῶν
579 4546 677 4595 καὶ
710 4545 869 4596 τοῦτο
904 4545 1067 4610 εἰδὼς
1100 4547 1164 4599 τὺ
1203 4546 1295 4598 καὶ
1329 4548 1499 4618 πατρὶ
1531 4548 1625 4598 καὶ
1649 4565 1754 4615 μη-

1860 696 1915 737 et
1947 684 2123 753 quoad
2160 682 2276 754 ejus
2314 683 2429 738 neri
2467 684 2684 754 poterit,
2732 684 3007 741 imitemur
3063 686 3290 758 vestigia
3321 687 3433 757 ejus

1859 778 2091 833 virtutis.

1934 870 2001 924 il.
2036 870 2133 925 llic
2156 887 2286 941 ergo
2321 873 2594 928 secundus
2647 872 2944 939 Abraham,
2973 882 3025 927 et
3077 888 3199 928 cum
3259 874 3432 943 primo

1857 964 2239 1029 conferendas,
2273 982 2336 1019 ex
2376 966 2542 1019 nobili
2606 966 2820 1034 quidem
2871 966 3053 1021 radice
3110 968 3435 1037 germinavit

1860 1071 2043 1109 ramus
2100 1056 2313 1110 nobilis.
2359 1056 2497 1110 Nam
2567 1054 2785 1111 fuerunt
2828 1056 3045 1126 quidem
3100 1058 3149 1112 ei
3180 1064 3434 1125 parentes

1855 1146 1989 1199 clari
2019 1162 2240 1216 genere,
2275 1148 2383 1201 vita
2411 1157 2592 1199 autem
2618 1147 2876 1212 illustres,
2906 1155 2961 1201 et
3008 1148 3099 1216 qui
3150 1149 3354 1203 divitiis
3381 1159 3436 1204 et

1855 1238 2023 1306 gloria
2050 1240 2315 1292 mundana
2350 1239 2452 1294 sibi
2482 1252 2819 1306 summopere
2843 1241 3147 1308 placebant.
3178 1244 3311 1297 Cum
3336 1260 3433 1299 au-

1842 1338 1961 1383 tem
2013 1331 2254 1384 viderent
2289 1347 2512 1398 puerum
2538 1333 2605 1390 ab
2638 1335 2852 1385 ineunte
2881 1343 3039 1386 aetate
3067 1349 3283 1389 omnem
3325 1339 3437 1390 vir.

1854 1430 2021 1477 tutem
2050 1430 2416 1487 exercentem,
2472 1424 2796 1476 tenebantur
2848 1425 3063 1493 quidem
3126 1428 3433 1481 vehementi

1854 1516 1979 1586 igne
2004 1517 2055 1569 in
2088 1531 2210 1571 eum
2237 1518 2437 1571 amoris
2468 1516 2813 1572 etdesiderii.
2843 1517 2981 1571 Sunt
3008 1519 3151 1572 enim
3185 1521 3310 1573 talia
3345 1535 3438 1574 eo-

1856 1607 2106 1675 rum,qui
2138 1618 2459 1675 genuerunt,
2491 1610 2731 1671 viscera,
2764 1618 2819 1662 et
2840 1620 3033 1662 natura
3075 1621 3158 1663 est
3204 1612 3284 1664 eis
3307 1611 3433 1665 insi-

1855 1708 2048 1758 tum,nt
2066 1702 2233 1753 virtus
2250 1701 2481 1753 ﬁliorum
2505 1700 2760 1766 majorem
2783 1704 2832 1754 in
2850 1702 2930 1755 eis
2948 1703 3147 1757 excitet
3161 1701 3431 1757 ﬂammam

1853 1789 2117 1843 naturalis
2148 1789 2428 1843 charitatis
2466 1797 2520 1843 et
2555 1788 2874 1843 aliectionis.
2902 1786 3269 1855 Quamobrem
3303 1808 3425 1845 cum

1855 1892 1998 1933 esset
2025 1897 2214 1935 eorum
2243 1883 2298 1936 lu
2325 1898 2444 1936 eum
2481 1898 2632 1936 amor
2670 1886 2728 1936 et
2769 1884 3116 1949 insatiabilis,
3177 1893 3231 1938 et
3273 1884 3431 1953 longe

1860 1973 2296 2038 ardentissimus,
2344 1977 2727 2030 desiderabant
2760 1976 2944 2029 videre
2977 1975 3185 2029 fructus
3219 1978 3431 2045 pulchri

1862 2064 2020 2131 hujus
2051 2066 2310 2133 germinis
2344 2089 2355 2121 ;
2394 2076 2450 2120 ut
2508 2078 2797 2121 cernentes
2857 2080 3111 2135 tanquam
3171 2070 3433 2138 imagines

1860 2153 1954 2208 lilii
1991 2167 2235 2225 nepotes,
2268 2160 2351 2211 sui
2386 2160 2439 2213 in
2468 2175 2589 2213 eum
2628 2160 2831 2213 amoris
2863 2162 3427 2215 sedarentvehemeu-

1860 2248 2011 2308 tiam,
2045 2259 2100 2301 et
2125 2249 2282 2301 simul
2314 2251 2639 2313 successiOui
2671 2252 2887 2319 generis
2914 2252 3279 2320 hocjacerent
3306 2252 3431 2307 fun-

1859 2339 2408 2410 damentum.ltaque
2443 2342 2756 2408 studebant,
2808 2352 2953 2397 utet
3012 2344 3155 2400 ﬁlius
3210 2346 3434 2403 duceret

1859 2444 2105 2495 uxorem,
2140 2439 2198 2484 et
2247 2432 2561 2499 alligaretur
2608 2432 2833 2487 vinculis
2888 2436 3215 2489 matrimonii
3258 2448 3313 2490 et
3362 2438 3433 2491 ad

1857 2521 2157 2592 praecipuas
2184 2531 2237 2575 et
2262 2523 2492 2576 maxime
2540 2524 2778 2579 illustres
2826 2528 3008 2581 mundi
3042 2529 3432 2595 proveheretur

1857 2614 2170 2684 dignitates.
2199 2613 2456 2667 Abramio
2486 2625 2666 2668 autem
2709 2614 2841 2669 nihil
2877 2617 3068 2670 horum
3095 2630 3212 2671 erat
3237 2634 3383 2673 cura:
3412 2638 3425 2672 ε

1859 2722 1981 2757 nam
2028 2720 2091 2758 ea
2157 2705 2452 2775 delegerat,
2509 2722 2628 2776 qua:
2691 2718 2974 2778 parentum
3037 2711 3221 2763 animo
3276 2712 3432 2780 plane

1854 2796 2277 2850 adversabantur
2330 2817 2342 2852 :
2400 2808 2454 2853 et
2503 2798 2800 2853 Ecclesiam
2870 2801 3108 2868 quidem,
3169 2812 3429 2872 tanquam

1856 2903 2111 2956 sponsam
2147 2891 2458 2957 quamdam,
2505 2890 2608 2944 sibi
2644 2890 3029 2959 desponderat,
3062 2894 3134 2955 ei,
3164 2907 3223 2947 ut
3255 2896 3434 2949 solent

1854 2983 2040 3048 Sponsi
2070 2983 2343 3048 ardentes,
2386 2992 2546 3036 noctu
2578 2994 2629 3037 et
2666 2984 2901 3037 interdiu
2935 2986 3203 3049 assidens,
3235 2997 3283 3040 et
3311 2990 3433 3041 ani-

1856 3086 2001 3123 nium
2032 3072 2191 3125 simul
2215 3083 2269 3126 et
2304 3088 2464 3125 aures
2491 3074 2803 3126 demulcens
2836 3074 2923 3137 iis,
2952 3076 3043 3143 qui
3079 3076 3132 3127 in
3156 3077 3271 3144 ipsa
3298 3078 3433 3129 fiunt

1854 3162 1921 3215 ad
1954 3161 2140 3227 Deum,
2172 3162 2387 3232 hymnis
2409 3170 2457 3216 et
2491 3162 2777 3227 melodiis;
2838 3179 3003 3215 unum
3060 3180 3186 3217 vero
3244 3182 3431 3220 verum

1858 3252 2139 3320 honorem,
2166 3255 2230 3307 ad
2254 3254 2419 3308 Deum
2444 3255 2788 3307 existimabat
2811 3252 3132 3323 profectum.
3155 3255 3435 3325 Magistra-

1859 3353 1946 3398 tus
1978 3354 2157 3399 autem
2200 3356 2255 3399 et
2283 3356 2581 3414 potestates
2636 3356 2691 3400 et
2746 3346 3009 3400 honorum
3064 3348 3430 3412 altitudinem,

1856 3445 1910 3486 et
1933 3435 2254 3503 dignitatum
2289 3437 2737 3505 magnitudinem,
2768 3438 2885 3489 etsi
2912 3440 3037 3503 quid
3086 3439 3230 3492 aliud
3276 3456 3432 3492 mun-

1855 3524 2053 3578 danum
2085 3536 2139 3581 et
2171 3529 2861 3591 terrenum,.existimabat
2911 3532 3090 3583 omnia
3136 3530 3431 3586 iudibritnn

1855 3620 2197 3673 etscenicam
2220 3622 2509 3685 actionem,
2531 3637 2650 3690 qua:
2675 3622 2840 3675 nihilo
2858 3622 3048 3678 melius
3072 3634 3195 3677 sunt
3214 3624 3431 3695 uirecta,

1858 3726 2021 3777 quam
2050 3714 2317 3763 somnium
2342 3714 2405 3763 ‘et
2434 3718 2642 3766 umbra.

1933 3800 2020 3853 Ill.
2049 3802 2181 3854 Cum
2215 3812 2391 3856 autem
2423 3815 2675 3871 parentes
2704 3804 2967 3859 instarent
2988 3815 3042 3860 et
3068 3807 3435 3863 vehementis-

1859 3894 1993 3948 sime
2021 3904 2296 3964 urgerent,
2331 3906 2389 3950 ut
2419 3912 2640 3954 uxorem
2677 3898 2915 3959 duceret.
2959 3900 3253 3967 quinetiam
3309 3914 3431 3953 ma-

1861 3994 1942 4039 ter
1981 3988 2167 4040 videus
2196 4002 2319 4039 eum
2351 3988 2710 4051 dill'erentem,
2749 4004 2890 4058 saepe
2921 3990 3193 4061 lacrymas
3215 3990 3433 4046 emitte-

1862 4086 1944 4128 ret
1974 4091 2037 4127 εκ
2070 4076 2263 4139 oculis,
2300 4091 2420 4144 qua:
2444 4088 2566 4130 sunt
2589 4088 2735 4131 certa
2763 4080 2911 4145 signa
2934 4080 3162 4133 ﬂammae
3186 4085 3431 4147 internae,

1861 4178 1921 4221 et
1950 4183 2090 4235 quaa,
2123 4168 2167 4223 si
2196 4170 2327 4238 quid
2358 4171 2525 4235 aliud,
2554 4170 2651 4225 lilii
2703 4175 2858 4225 valde
2913 4180 3138 4241 possunt
3189 4174 3432 4227 animum

1862 4259 2161 4334 infringere
2201 4278 2217 4329 ;
2254 4263 2488 4317 nesciret
2512 4278 2642 4317 vero
2674 4264 2923 4333 egregius
2957 4264 3249 4319 Abramius
3305 4267 3434 4335 quid

1859 4352 2091 4418 faceret,
2121 4354 2266 4407 cedit
2305 4356 2496 4407 matris
2532 4356 2853 4419 precibuset
2898 4356 3068 4421 tussis
3129 4356 3321 4422 patris,
3379 4369 3437 4410 et

1854 4444 2041 4514 jugum
2074 4446 2267 4520 accipit
2311 4447 2665 4508 matrimonii.
2701 4456 2759 4500 ut
2792 4446 2885 4515 qui
2942 4458 3107 4502 sciret
3154 4450 3256 4504 hoc
3312 4463 3435 4504 esse

1863 4554 2025 4592 unum
2054 4556 2117 4594 ex
2171 4538 2385 4595 Domini
2414 4543 2715 4611 praeceptis,
2749 4541 2886 4611 patri
2922 4552 2975 4597 et
3004 4542 3159 4595 matri
3219 4558 3431 4612 parere.

139 4639 230 4710 τρὶ
262 4636 565 4691 πείθεσθαι
591 4653 604 4667 ·
634 4636 755 4685 ἐπεὶ
779 4637 873 4687 καὶ
905 4640 1046 4707 πρὸς
1076 4640 1289 4689 ἐκεῖνον
1317 4638 1431 4707 ᾔδει
1468 4638 1565 4707 τὴν
1588 4640 1752 4709 τιμὴν

1862 4627 1995 4680 Nam
2018 4631 2085 4680 ad
2137 4629 2289 4682 illum
2343 4645 2559 4699 quoque
2618 4634 2849 4685 transire
2893 4633 3151 4685 honorem
3209 4634 3435 4700 pulchre

136 4730 475 4792 ὁιαδαίνειν,
506 4726 644 4797 παρ’
674 4720 736 4781 οὗ
766 4730 859 4782 καὶ
884 4731 915 4801 ἡ
946 4728 1173 4799 ἐντολὴ,
1202 4729 1293 4780 καὶ
1323 4728 1395 4791 ὡς
1424 4729 1538 4781 ἔστι
1573 4732 1752 4793 κοινὸς

136 4824 427 4886 ἁπάντων,
461 4824 563 4874 καὶ
599 4820 815 4889 πρῶτος
865 4822 1077 4891 πατὴρ,
1130 4824 1225 4874 καὶ
1272 4818 1627 4889 δημιουργὸς,
1659 4822 1754 4873 καὶ

135 4915 227 4969 τοῦ
262 4910 421 4969 εἶναι
448 4915 552 4966 καὶ
581 4909 678 4964 τοῦ
710 4911 808 4981 ζῇν
840 4912 1199 4972 αἰτιώτατος.
1254 4909 1414 4962 Ἀλλά
1446 4926 1537 4979 μοι
1572 4911 1754 4963 διαναο

137 5008 323 5075 στήτω
378 5004 528 5074 ἀκοὴ
588 5004 739 5055 πᾶσα
781 5002 915 5070 πρὸς
968 5004 1076 5068 τὴν
1140 5002 1443 5071 ἀκρόασιν·
1492 5002 1594 5071 ἤδη
1644 5002 1753 5071 γὰρ

136 5099 388 5167 ἀνίσχειν
450 5095 550 5147 ἐπὶ
609 5092 711 5161 τὴν
750 5093 1060 5165 Ἀδραμὶου
1097 5092 1281 5166 ψυχὴν
1311 5093 1367 5145 αἱ
1401 5093 1497 5161 τῆς
1531 5094 1755 5164 χάριτος

135 5193 357 5253 ἀκτῖνες
395 5186 745 5255 ιπάρχονται
769 5202 782 5217 ⁸
811 5188 1061 5240 ἐτελεῖτο
1099 5185 1204 5257 μὲν
1257 5184 1423 5253 ἕκτην
1454 5184 1668 5253 ἡμέραν
1718 5183 1751 5251 ἡ

136 5284 361 5352 εὐωχία,
427 5284 525 5332 καὶ
588 5279 658 5331 τὰ
691 5280 933 5347 γαμήλια
993 5278 1309 5353 ἐκροτεῖτο,
1358 5278 1452 5329 καὶ
1501 5277 1753 5347 ὑμέναιοι

135 5375 318 5445 ᾔδοντο
339 5391 353 5404 ·
384 5371 539 5425 κατὰ
571 5368 630 5423 δὲ
656 5370 752 5438 τὴν
784 5370 1053 5441 ἑϐδόμην,
1082 5375 1148 5451 ἐν
1182 5364 1215 5440 ἦ
1248 5369 1343 5420 καὶ
1369 5366 1624 5419 λελῡσθαι
1651 5368 1751 5437 ἤδη

136 5470 315 5532 αὐτοῖς
369 5462 582 5537 ἔμελλε
632 5462 700 5514 τὰ
738 5463 846 5514 τῶν
891 5465 1131 5534 γάμων,
1169 5459 1667 5531 θαυματουργεῖταί
1699 5476 1754 5511 τι

136 5564 391 5634 πρᾶγμα,
432 5556 582 5629 μηδὲ
638 5557 934 5627 ὀφθαλμοῖς
996 5557 1429 5624 πιστευόμενον.
1472 5551 1755 5620 Ἒκὰθητο

137 5656 227 5722 μὲν
255 5655 373 5726 γάρ
399 5650 558 5724 μετὰ
590 5648 688 5716 τῆς
726 5651 942 5724 νύμφης
978 5652 1142 5721 μάλα
1193 5648 1444 5717 λαμπρὸς
1478 5648 1505 5698 ό
1550 5646 1752 5715 Ἀϐρά-

138 5761 271 5813 μιος,
332 5746 410 5805 ὡς
452 5740 699 5812 νυμφίος
751 5740 971 5810 άληθῶς
1019 5742 1119 5796 ἐπὶ
1168 5739 1263 5791 τοῦ
1314 5735 1519 5791 παστοῦ
1543 5735 1707 5789 αὑτοῦ
1738 5751 1749 5764 -

135 5838 357 5909 θορύϐου
386 5837 448 5892 δὲ
482 5835 586 5888 καὶ
614 5832 806 5903 κρότου
830 5835 919 5893 τὸν
952 5831 1149 5900 οἷκον,
1187 5833 1262 5895 ὼς
1296 5835 1462 5898 εἰκός,
1492 5830 1751 5899 κατεχόν-

134 5945 250 6001 των,
278 5937 376 5986 καὶ
417 5928 551 5998 περὶ
579 5930 677 5997 τὴν
702 5932 993 5999 τράπεζαν
1024 5931 1262 5988 πάντων
1294 5928 1532 5989 καὶτοὺς
1564 5926 1750 5979 δαιτυ-

1858 4718 2087 4783 sciebat,
2119 4733 2147 4772 a
2174 4736 2284 4791 quo
2310 4720 2611 4791 profectum
2642 4729 2727 4777 est
2760 4734 3117 4792 praeceptum,
3153 4733 3206 4777 et
3228 4725 3319 4793 qui
3350 4736 3437 4777 εει

1858 4813 2164 4866 communis
2221 4816 2464 4869 omnium
2496 4825 2546 4868 et
2569 4814 2775 4883 primus
2834 4826 3007 4884 pater,
3054 4822 3110 4869 et
3144 4816 3344 4883 opifex,
3378 4828 3437 4872 et

1857 4904 2358 4971 praecipua-causa,
2392 4914 2448 4958 ut
2490 4906 2664 4958 simus
2696 4915 2750 4959 et
2817 4907 3082 4959 vivamus.
3144 4906 3249 4960 Sed
3302 4907 3431 4959 mihi

1858 4996 2165 5062 arrigantur
2191 5009 2383 5051 omnes
2412 5010 2576 5051 aures
2621 4998 2685 5051 ad
2726 4996 3053 5053 audiendum
3087 5014 3102 5052 :
3141 4997 3251 5066 iam
3285 4997 3429 5051 enim

1857 5085 1910 5138 in
1944 5085 2123 5140 animo
2148 5088 2390 5142 Abramii
2425 5090 2685 5157 incipiunt
2714 5090 2841 5144 oriri
2900 5092 3031 5145 radii
3062 5095 3267 5160 gratiae.
3322 5093 3429 5147 Sex

1855 5180 2070 5250 quidem
2126 5181 2502 5250 prasterierant
2577 5184 2727 5248 dies,
2784 5198 2849 5238 ex
2917 5198 3026 5251 quo
3077 5186 3432 5253 peragebatur

1858 5272 2161 5325 convivium
2184 5282 2237 5326 et
2268 5273 2687 5329 celebrabantur
2750 5276 2971 5344 nuptiae,
3037 5285 3090 5331 et
3136 5279 3431 5331 cauebatur

1857 5362 2210 5431 hymenaeus;
2254 5367 2484 5433 septimo
2508 5375 2710 5429 autem,
2763 5365 2814 5420 in
2844 5380 2952 5434 quo
3002 5377 3125 5420 erat
3180 5368 3259 5421 eis
3318 5368 3429 5420 sol-

1857 5456 2089 5508 vendum
2124 5457 2551 5519 matrimonium,
2581 5455 2638 5509 fit
2670 5472 2756 5510 res
2786 5457 3032 5523 quaedam
3068 5456 3423 5521 admirabilis,

1855 5557 1908 5598 et
1932 5562 2051 5615 qum
2078 5546 2163 5600 vix
2197 5548 2339 5603 credi
2394 5551 2581 5616 possit.
2616 5546 2748 5602 Nam
2801 5547 3026 5603 sedebat
3088 5548 3305 5617 quidem
3360 5550 3430 5603 ad

1859 5654 2099 5693 mensam
2116 5654 2239 5696 cum
2260 5655 2453 5711 sponsa
2472 5639 2786 5708 splendidus
2804 5641 3092 5695 admodum
3110 5642 3428 5704 Abramius,

1856 5740 2110 5803 tanquam
2154 5748 2384 5804 sponsus
2410 5748 2598 5788 revera
2627 5733 2681 5788 in
2724 5734 2966 5789 thalamo
3003 5746 3125 5798 suo,
3188 5736 3425 5788 tumultu

1857 5840 2038 5884 auram
2070 5839 2129 5882 et
2160 5830 2346 5898 plausu
2378 5837 2488 5884 tota
2518 5828 2711 5883 domus
2754 5828 3147 5897 perstrepebat,
3197 5843 3427 5885 mensev

1856 5940 1961 5999 que
2003 5933 2054 5977 et
2091 5922 2333 5977 convivis
2367 5931 2520 5978 erant
2551 5936 2737 5978 omnes
2780 5922 2971 5977 intenti
3015 5938 3029 5989 ;
3059 5919 3304 5977 occultus
3336 5938 3431 5975 au-
