4180 6486
173 423 242 486 69
1461 421 1639 484 νΙΤΑ
1677 422 1738 484 S.

1871 419 2133 481 .RAMII.
3368 419 3442 479 50

173 551 241 604 με
268 532 366 586 καὶ
397 533 476 604 μὴ
510 534 572 586 τὸ
603 534 824 604 φορτίον
863 534 1027 588 αὑτοῦ
1058 537 1117 588 τὸ
1158 533 1392 603 ἐλαφρὸν
1428 532 1757 603 ἀπορρίψω,

1871 533 2043 587 ciam:
2081 532 2173 586 sed
2207 545 2423 601 semper
2465 543 2661 599 sequar
2687 528 2880 599 legem,
2923 535 2977 583 et
3008 527 3149 582 illius
3178 539 3454 599 prmccpta.

167 624 281 678 ἀλλ’
317 625 408 679 ἀεὶ
440 625 516 694 τῷ
542 626 697 694 νόμῳ
728 626 822 678 καὶ
848 629 971 689 ταῖς
1003 627 1244 689 ἐντολαῖς
1284 628 1493 680 ἐκείνου
1528 625 1622 679 καὶ
1649 627 1761 689 τοῖς

167 717 479 788 θελήμασιν
497 717 756 769 ἕπεσθαι.
788 713 921 773 Εἶτα
949 718 1044 770 καὶ
1068 718 1221 788 ἠξίου
1249 719 1393 788 μάλα
1419 719 1638 787 θερμῶς
1666 717 1761 770 τοῦ

172 807 242 875 μέι
305 806 554 874 συνεχῶς
591 809 770 858 ἐκεῖσε
809 807 1241 876 ἀφικνουμένους
1269 805 1368 875 τὴν
1419 805 1762 874 ποθουμένην

169 898 404 968 ἡσυχίαν
436 899 831 966 ἐπιταράττειν
866 901 962 950 καὶ
983 898 1174 968 ῶσπερ
1205 897 1456 967 ἐμποδῶν
1479 895 1626 963 αύτῷ
1664 897 1762 974 τῆς

167 991 260 1042 ἐπὶ
295 990 368 1042 τὰ
409 989 654 1058 κρείττω
679 991 930 1057 γίνεσθαι
981 989 1291 1059 προκοπῆς.
1348 987 1534 1043 Ταῦτα
1565 989 1760 1041 ἐκεῖνοι

173 1082 268 1150 μὲν
296 1079 648 1142 ἀκούσαντες
683 1081 778 1134 καὶ
827 1081 1048 1144 ίδόντες,
1090 1080 1425 1150 ἀνέστρεφον
1448 1097 1461 1109 ο
1518 1082 1545 1133 ὁ
1575 1079 1631 1132 δὲ
1663 1078 1760 1149 τὴν

168 1171 257 1226 τοῦ
311 1173 570 1225 οίκίσκου
630 1175 836 1227 εἴσοδον
888 1175 1217 1243 ἀποφράξας
1267 1175 1362 1227 καί
1393 1191 1512 1227 τινα
1566 1173 1761 1244 θυρίδα

169 1262 434 1332 βραχεῖαν
485 1264 827 1328 καταλιπὼν,
879 1265 948 1318 δι’
1006 1262 1073 1337 ἦς
1130 1264 1196 1318 ἂν
1227 1265 1392 1334 ἄρτος
1422 1266 1572 1336 αύτῴ
1602 1266 1764 1334 μόνον

167 1352 259 1404 καὶ
297 1353 450 1422 ὕδωρ
489 1357 812 1424 παρέχοιτο,
848 1357 980 1425 εὐχῇ
1016 1357 1108 1409 τοῦ
1152 1357 1344 1408 λοιποῦ
1395 1357 1491 1408 καὶ
1537 1359 1762 1427 νηστείᾳ

167 1446 519 1514 προσέκειτο.
601 1448 691 1498 Ἑν
735 1449 946 1510 τούτοις
1006 1449 1060 1501 δὲ
1115 1449 1268 1511 όντος
1310 1447 1631 1516 Ἀδραμίου,
1665 1448 1760 1500 καὶ

167 1538 394 1605 ἀγωγὴν
446 1539 710 1607 τοιαύτην
740 1540 1031 1608 φιλόσοψον
1063 1540 1363 1608 μετιόντος,
1415 1541 1584 1598 πολὺς
1615 1557 1757 1590 παν-

167 1629 332 1698 ταχοῦ
361 1630 528 1695 λόγος
564 1631 759 1697 ἐφοίτα
791 1634 917 1700 περὶ
942 1632 1106 1684 αὑτοῦ
1143 1633 1238 1684 καὶ
1273 1631 1410 1684 πολύ
1451 1649 1504 1682 τι
1557 1629 1758 1700 πλῆθος

165 1721 473 1789 ἀνθρώπων
517 1723 614 1773 ἐπὶ
677 1723 774 1792 τὴν
832 1723 1043 1775 ἐκείνου
1075 1724 1203 1776 θέαν
1259 1726 1533 1794 συνέρρει,
1577 1726 1761 1792 τυχεῖν

166 1830 306 1875 τινος
333 1813 470 1883 παρ’
498 1814 714 1866 ἐκείνου
747 1815 842 1882 τῆς
873 1815 1127 1882 εὐλογίας
1182 1816 1502 1876 ποθοῦντες.
1538 1817 1761 1884 Δεκάτῳ

1870 639 1922 681 et
1952 627 2310 679 voluntatem.
2341 623 2548 678 Deinde
2618 621 2780 677 etiam
2815 621 3164 676 vehementer
3218 622 3447 690 rogavit,

1870 735 1936 773 ne
1967 718 2093 772 illuc
2120 718 2332 772 assidue
2353 717 2657 776 venientes,
2681 729 2837 768 suum
2859 713 3223 768 desideratum
3255 713 3448 767 obtur-

1870 809 2061 864 barent
2093 810 2395 873 silentium,
2427 819 2478 862 et
2508 808 2832 878 impedirent
2864 804 3163 876 profectum
3223 804 3342 872 ejus
3379 805 3445 858 ad

1869 901 2117 955 meliora.
2142 900 2217 954 llli
2242 900 2460 970 quidem
2477 915 2598 954 cum
2618 900 2730 954 haec
2752 898 3050 953 audiissent
3071 903 3126 949 et
3157 896 3442 958 vidissent,

1870 1002 1996 1047 sunt
2032 993 2256 1047 reversi.
2283 991 2375 1045 Ille
2406 1005 2535 1045 vero
2594 991 2874 1043 obstructo
2909 988 3053 1041 aditu
3089 983 3446 1046 domuncula,

1869 1092 1923 1136 et
1960 1082 2142 1136 relicta
2177 1098 2341 1151 parva
2378 1081 2609 1149 quadam
2644 1079 2904 1142 fenestra,
2945 1092 3042 1146 per
3076 1089 3235 1144 quam
3292 1072 3447 1141 panis

1868 1172 2039 1225 solum
2067 1178 2120 1225 et
2149 1186 2284 1238 aqua
2322 1171 2368 1224 ei
2399 1167 2878 1239 praeberetur..eoli
2908 1166 2972 1220 de
3002 1175 3198 1221 caetero
3215 1161 3448 1218 orationi

1869 1265 2100 1322 vacabat
2129 1262 2425 1332 etjejunio.
2477 1262 2621 1321 Cum
2645 1263 2695 1314 in
2732 1260 2815 1314 his
2843 1270 3020 1314 autem
3078 1268 3224 1311 esset
3277 1254 3453 1311 Abra-

1871 1357 2032 1419 mius,
2068 1363 2120 1409 et
2155 1355 2291 1408 hanc
2326 1353 2755 1424 philosophicain
2790 1361 3072 1406 exerceret
3110 1349 3323 1406 vivendi
3367 1363 3454 1401 ra-

1871 1447 2094 1509 tionem,
2124 1446 2189 1499 de
2215 1461 2279 1499 eo
2312 1447 2668 1515 Spargebatur
2693 1442 2834 1497 fama
2867 1443 2920 1496 in
2948 1457 3139 1498 omnes
3174 1451 3371 1509 partes,
3399 1450 3457 1492 et

1869 1554 2056 1606 magna
2083 1539 2362 1592 hominum
2389 1538 2678 1590 multitudo
2711 1537 3022 1590 confluebat
3065 1537 3131 1588 ad
3163 1534 3308 1587 illum
3328 1546 3451 1598 spe-

1867 1628 2145 1692 ctauduin,
2185 1629 2501 1682 desiderans
2539 1627 2720 1681 abillo
2753 1627 2990 1695 aliquam
3045 1624 3304 1693 consequi
3355 1625 3449 1674 be-

1871 1718 2252 1775 nedictionem.
2293 1720 2508 1775 Decimo
2536 1728 2715 1772 autem
2762 1733 2904 1770 anno
2939 1721 3226 1787 postquam
3275 1728 3452 1769 seces-

1870 1814 2048 1876 sisset,
2087 1810 2351 1864 decedunt
2399 1813 2614 1878 quidem
2669 1811 2786 1879 ejus
2847 1819 3143 1878 parentes:
3198 1805 3266 1858 ad
3329 1819 3452 1859 eutn

163 1903 219 1955 δέ
271 1906 413 1970 μετὰ
451 1906 551 1972 τὴν
581 1903 932 1973 ἀναχώρησιν
957 1905 1070 1957 ἔτει
1098 1907 1396 1960 τελευτῶσι
1428 1907 1530 1975 μὲν
1557 1907 1608 1959 οἱ
1635 1906 1762 1959 τού-

1871 1911 2050 1955 autem
2078 1903 2394 1962 deferuntur
2422 1902 2632 1956 illorum
2661 1901 2884 1965 divitiae,
2913 1907 2970 1952 et
2993 1897 3234 1950 omnium
3269 1905 3454 1966 pater-

163 2010 257 2045 του
285 1996 468 2059 γονεῖς
496 2009 509 2021 ’
543 1993 722 2044 ὁδεύει
753 1993 806 2044 δέ
838 1995 972 2062 πρὸς
1004 1995 1167 2046 αὑτὸν
1202 1999 1228 2047 ό
1252 1997 1484 2048 ἐκείνων
1527 1995 1764 2056 πλοῦτος

1861 2010 2053 2047 narum
2090 1995 2404 2048 facultatum
2436 1995 2490 2048 fit
2535 1995 2711 2050 haeres
2776 1993 3089 2047 Abramius.
3146 1989 3240 2046 Ille
3297 2003 3450 2053 vero,

164 2084 255 2135 καὶ
287 2082 636 2153 κληρονόμος
671 2083 887 2154 ἀπάσης
918 2085 1015 2152 τῆς
1050 2088 1325 2157 πατρικῆς
1375 2088 1571 2151 οὐσίας
1627 2086 1767 2139 καθ-

1871 2101 1981 2139 cum
2008 2088 2116 2154 jam
2148 2087 2276 2139 olim
2306 2087 2440 2139 tales
2464 2101 2623 2138 curas
2674 2086 2922 2153 jussisset
2976 2083 3174 2137 valere.
3235 2081 3450 2134 cuidam

168 2174 387 2226 ίσταται
445 2175 472 2226 ὁ
515 2174 839 2244 Ἀδράμιος.
886 2175 944 2229 '0
997 2175 1051 2230 δὲ
1098 2178 1264 2231 πάλαι
1294 2181 1417 2241 ταῖς
1469 2177 1763 2242 τοιαύταις

167 2264 418 2333 φροντίσι
481 2265 699 2335 χαίρειν
731 2265 921 2328 εἰπὼν,
954 2268 1059 2319 τινὶ
1092 2268 1196 2320 τῶν
1247 2269 1412 2322 αὐτοῦ
1447 2271 1622 2339 φίλων
1660 2270 1763 2342 τὴν

165 2351 256 2405 τοῦ
288 2353 534 2406 τοιούτου
569 2355 774 2424 κλήρου
805 2354 1050 2407 πιστεύει
1078 2356 1356 2425 πρόνοιαν,
1393 2360 1760 2426 ἀναλωθῆναι

166 2445 227 2496 τὸ
253 2444 440 2497 πλεῖον
483 2445 654 2498 αὐτοῦ
689 2446 850 2515 μέρος
885 2447 962 2506 είς
991 2446 1186 2508 ἐνδεεῖς
1220 2447 1532 2518 ἐπισκήψας
1558 2467 1568 2479 ·
1599 2446 1660 2503 οὗ
1693 2451 1760 2520 δὴ

169 2536 310 2588 κατά
339 2537 438 2596 τὰς
475 2536 688 2588 ἐκείνου
723 2537 941 2598 ἐντολὰς
964 2540 1258 2607 γενομένου
1285 2541 1378 2590 καὶ
1406 2540 1504 2594 τοῦ
1527 2541 1764 2597 πλούτου

168 2626 350 2689 καλῶς
385 2627 542 2697 αὐτῷ
575 2627 907 2690 κενωθέντος
945 2629 1041 2682 καὶ
1090 2629 1198 2681 τῶν
1237 2633 1491 2698 πενήτων
1552 2633 1771 2698 πολλοῖς

167 2720 612 2790 ἐπαρκέσαντος,
651 2722 933 2788 φροντίδος
968 2723 1270 2775 ἀπολέλυτο
1302 2724 1483 2792 πάσης
1520 2728 1546 2778 ό
1570 2727 1770 2796 Ἀῦρά-

170 2826 292 2875 μιος
313 2826 325 2837 ·
366 2812 496 2862 ἐπεὶ
535 2816 631 2862 καί
657 2811 814 2862 τοῦτο
841 2813 1067 2884 φροντὶς
1123 2813 1323 2883 ἐκείνῳ
1361 2815 1562 2885 μᾶλλον
1589 2816 1772 2883 διηνε-

169 2901 292 2967 κὴς,
322 2901 479 2963 ὅπως
512 2901 580 2952 ἂν
610 2902 801 2970 μηδενὶ
824 2905 924 2970 τὴν
953 2903 1132 2971 ψυχὴν
1153 2904 1262 2956 τῶν
1291 2906 1564 2972 βιωτικῶν
1595 2923 1652 2958 τε
1679 2908 1775 2961 καὶ

1864 2194 1928 2232 ex
1963 2180 2076 2234 suis
2121 2179 2314 2234 aUllClS
2343 2178 2662 2241 committit,
2695 2188 2958 2231 uteuram
2979 2185 3132 2247 gerat
3165 2174 3455 2228 haeredita-

1869 2273 1959 2335 tis,
1988 2275 2271 2335 mandans,
2308 2282 2363 2324 ut
2393 2287 2518 2340 pars
2569 2271 2685 2338 ejus
2717 2271 2950 2324 maxima
3018 2276 3372 2322 consumatur
3403 2264 3456 2318 in

1865 2380 2085 2432 egenos.
2121 2365 2272 2431 Quod
2307 2365 2524 2433 quidem
2550 2380 2670 2417 eum
2709 2362 2916 2416 factum
2955 2362 3164 2424 fuisset,
3200 2362 3456 2427 utjusse-

1868 2466 1972 2519 rat,
2005 2465 2062 2508 et
2106 2457 2324 2521 pulchre
2385 2455 2621 2522 profusa:
2685 2455 2917 2508 fuissent
2943 2452 3060 2521 ejus
3121 2451 3343 2514 divitiae,
3402 2457 3458 2501 et

1867 2559 2022 2609 opem
2060 2545 2274 2601 tulisset
2298 2546 2480 2597 multis
2513 2547 2855 2615 pauperibus,
2897 2545 3104 2598 solutus
3141 2543 3289 2597 omni
3323 2557 3455 2594 cura

1867 2637 1975 2697 fuit
1990 2638 2298 2693 Abramius.
2323 2634 2524 2689 Namin
2547 2636 2648 2688 hoc
2677 2636 2763 2689 ille
2804 2645 3064 2704 perpetuo
3088 2635 3455 2694 incumbebat,

1872 2740 1932 2784 ut
1950 2730 2070 2800 ejus
2099 2731 2311 2784 animus
2358 2738 2716 2797 occuparetur
2754 2729 2805 2780 in
2835 2729 2981 2780 nulla
3014 2742 3074 2780 re
3101 2726 3369 2779 mundana
3399 2734 3459 2778 et

1874 2832 2116 2886 terrena,
2143 2825 2234 2877 sed
2259 2837 2380 2876 eum
2409 2831 2580 2875 totum
2604 2822 2824 2874 haberet
2849 2820 2915 2874 ad
2935 2820 3127 2874 coelum
3147 2828 3453 2884 extensum,

1874 2912 2389 2979 seniperquelevem
2417 2921 2472 2962 et
2519 2909 2803 2962 sublimem
2839 2911 2903 2962 ad
2958 2908 3243 2978 spiritalia.

167 2992 376 3058 γηΐνων
437 2993 827 3060 ἀπολειφθείη.
886 2994 1026 3044 ἀλλά
1059 2995 1242 3047 πᾶσαν
1273 2997 1442 3067 αὐτὴν
1471 2998 1581 3066 ἔχοι
1620 3000 1754 3068 πρὸς
1802 3001 1892 3054 τὸν
1915 3003 2141 3080 οὐρανὸν
2177 3003 2485 3077 τεταμένην
2537 3003 2631 3054 καὶ
2667 3003 2874 3072 κονφὴν
2903 3000 2992 3058 ἀεὶ
3032 3003 3166 3070 πρὸς
3197 3003 3265 3052 τὰ
3296 3018 3458 3052 πνευ-

170 3081 385 3147 ματικά
419 3082 517 3135 καὶ
555 3082 856 3152 μετέωρον.

241 3175 335 3239 ς’.
368 3175 629 3243 Ποθήσας
680 3175 858 3230 τοίνυν
923 3177 998 3242 ὼς
1046 3179 1374 3250 τιμιώτατον
1428 3183 1615 3250 κτῆμα
1667 3183 1764 3251 τὴν
1795 3197 1835 3251 c

165 3267 468 3336 ἀκτησίαν,
503 3267 660 3321 οὐδὲν
688 3269 875 3340 ἕτερον
926 3271 1071 3340 ἔχειν
1102 3274 1364 3342 ἠνέσχετο
1390 3314 1402 3338 ,
1437 3275 1578 3343 πλὴν
1610 3277 1768 3345 μόνον

164 3357 275 3408 τῶν
312 3356 643 3422 ἀναγκαίως
674 3360 904 3428 ἐχόντων
933 3361 1011 3429 τῷ
1040 3361 1280 3431 σώματι,
1324 3363 1391 3414 τὰ
1439 3364 1495 3415 δὲ
1527 3361 1594 3431 ἦν
1631 3367 1770 3418 πάλ-

163 3448 282 3500 λιον
319 3447 415 3499 καὶ.
447 3448 621 3515 ῥάκος
651 3465 700 3498 τι
730 3448 990 3516 τρίχινον,
1024 3449 1058 3502 ἃ
1091 3449 1426 3520 περιέκειτο,
1455 3451 1673 3517 ψιάθιόν
1709 3471 1768 3504 τε

164 3539 308 3608 προς
336 3538 681 3607 κατακλησιν
706 3537 971 3614 βραχεῖαν
1024 3541 1121 3594 τοῦ
1162 3542 1415 3612 σώματος
1447 3546 1542 3597 καὶ
1598 3548 1776 3616 ποτή-

164 3647 307 3696 ριον,
457 3628 556 3679 τοῦ
611 3631 1034 3701 μεμετρημένου
1081 3633 1295 3687 ἐκείνου
1356 3635 1770 3705 μετελάμϐανεν

163 3721 397 3782 ὓδατος·
464 3718 587 3774 ἀλλ’
643 3721 754 3790 ὅσῳ
809 3723 915 3775 τῶν
967 3724 1096 3794 περὶ
1151 3726 1211 3777 τὸ
1257 3727 1418 3796 σῶμα
1448 3728 1770 3799 ἐπιτηδείων

160 3809 389 3876 ἠπόρει,
444 3808 694 3878 τοσούτῳ
745 3814 857 3875 τοῖς
883 3813 983 3883 τῆς
1016 3815 1197 3886 ψυχῆς
1232 3817 1416 3880 καλοῖς
1451 3817 1641 3870 ἔϐαλλε
1674 3820 1769 3870 καὶ

159 3904 344 3978 ἐκόμα
381 3907 785 3974 ἐκλάμπονσαν
816 3909 900 3962 ἀεὶ
931 3909 1028 3962 τοῦ
1060 3911 1189 3979 περὶ
1235 3911 1397 3962 αὑτὸν
1432 3910 1635 3962 κύκλου
1661 3910 1768 3961 τῶν

158 3996 406 4068 ἀρετῶν,
465 4000 570 4068 τὴν
599 3999 928 4052 ταπείνωσιν
965 4000 1109 4071 ἔχων
1142 4003 1237 4054 καὶ
1283 4002 1384 4073 τὴν
1416 4003 1664 4072 ἀγάπην,
1702 4001 1769 4064 ἃς

156 4089 222 4158 δὴ
256 4091 354 4143 καὶ
383 4091 638 4159 μητέρας
667 4091 873 4157 ἀγαθοῦ
910 4094 1119 4156 παντὸς
1140 4089 1415 4163 ὁρίζονται
1437 4089 1598 4148 εἶναι.
1668 4093 1768 4145 Ev-

156 4180 355 4234 τεῦθεν
386 4181 664 4251 ὁμότιμον
694 4182 792 4250 μὲν
822 4183 919 4251 τὴν
953 4184 1182 4252 ἀγάπην
1215 4187 1371 4251 κοινῇ
1403 4185 1538 4254 πρὸς
1588 4185 1767 4236 ἃπαν-

156 4289 256 4336 τας
292 4272 682 4335 ἐπεδείκνυτο,
738 4272 836 4341 τὴν
880 4274 936 4328 δὲ
976 4274 1072 4327 τοῦ
1105 4273 1335 4342 πλησίον
1366 4275 1454 4329 ἀεὶ
1490 4275 1770 4345 σωτηρίαν

152 4365 255 4433 τῆς
304 4364 510 4418 ἑαυτοῦ
573 4365 873 4433 προετίθει.
921 4368 1009 4419 Τὰ
1049 4367 1109 4420 δέ
1160 4367 1268 4419 τῶν
1328 4367 1492 4420 αὑτοῦ
1546 4368 1770 4436 γειλέων

154 4458 610 4536 ἐκπορευόμενα.
672 4458 831 4520 ποίας
865 4460 961 4528 οὐχ
1007 4459 1176 4512 ἱκανὰ
1227 4459 1407 4528 ψυχὰς
1436 4459 1768 4524 καταθέλξαι

1948 3189 2035 3242 \‘l.
2071 3190 2202 3246 Cum
2232 3204 2360 3258 ergo
2400 3199 2656 3258 tanquam
2692 3188 3088 3254 possessionem
3123 3183 3460 3255 pretiosissi-

1875 3295 2014 3334 mam
2066 3281 2427 3335 desiderasset
2459 3283 2534 3334 nil
2567 3280 2864 3348 possidere,
2897 3279 3027 3330 nihil
3060 3276 3207 3332 aliud
3263 3276 3459 3330 habere

1874 3373 2155 3434 sustinuit,
2193 3385 2386 3445 prater
2415 3386 2476 3428 ea
2502 3372 2638 3437 sola,
2663 3385 2782 3438 quae
2806 3379 2938 3426 sunt
2967 3369 3183 3438 corpori
3207 3383 3462 3426 necessa-

1872 3466 1975 3523 ria.
1996 3464 2068 3518 Ea
2095 3477 2274 3521 autem
2307 3476 2483 3531 erant,
2505 3465 2721 3534 pallium
2741 3472 2796 3517 et
2822 3464 3088 3528 cilicium,
3113 3461 3309 3533 quibus
3338 3469 3459 3520 erat

1875 3557 2119 3620 indutus,
2147 3567 2201 3609 et
2232 3567 2413 3611 storea
2439 3557 2507 3613 ad
2547 3558 2765 3610 brevem
2824 3554 3070 3624 corporis
3121 3553 3457 3617 accubitum,

1874 3657 1931 3701 et
1953 3647 2229 3714 poculum,
2257 3662 2366 3718 quo
2390 3647 2654 3702 modicam
2689 3648 2936 3702 sumebat
2971 3659 3185 3716 aquam.
3216 3643 3324 3704 Sed
3352 3661 3461 3715 quo

1878 3740 2050 3808 magis
2069 3740 2504 3813 egebatiis,'qua3
2536 3740 2882 3808 pertinebant
2913 3737 2978 3791 ad
3003 3753 3159 3792 usum
3192 3739 3458 3809 corporis.

1877 3841 1940 3884 eo
1969 3831 2140 3899 magis
2166 3831 2478 3884 abundabat
2506 3830 2660 3884 bonis
2693 3828 2906 3892 animm,
2933 3827 2982 3879 iu
3016 3828 3146 3881 orbe
3174 3828 3459 3890 virtutum,

1875 3913 1968 3982 qui
1989 3929 2112 3968 eum
2145 3917 2539 3979 circumdabat,
2569 3932 2783 3983 semper
2818 3915 3246 3985 resplendentem
3279 3916 3459 3970 humi-

1876 4003 2079 4059 litatem
2171 4006 2397 4070 habens,
2469 4016 2525 4061 et
2585 4007 2933 4072 charitatem,
2987 4023 3124 4077 quas
3171 4009 3461 4078 cujuslibet

1876 4092 1998 4146 boni
2037 4105 2239 4149 matres
2259 4111 2381 4151 esse
2405 4097 2759 4152 definiuntur.
2783 4096 2919 4150 Hine
2938 4099 3204 4166 mqualem
3240 4099 3458 4166 quidem

1875 4185 2240 4236 communiter
2271 4185 2322 4235 in
2358 4198 2547 4237 omnes
2582 4185 2902 4238 ostendebat
2936 4187 3279 4240 charitatein.
3311 4189 3459 4241 Pro-

1875 4273 2002 4326 ximi
2031 4283 2214 4329 autem
2241 4275 2474 4330 salutem
2506 4291 2720 4346 semper
2756 4291 2867 4332 suae
2926 4278 3293 4348 praeponebat.
3327 4280 3459 4348 Quae

1877 4379 2003 4420 vero
2033 4383 2096 4421 ex
2132 4367 2435 4432 ejuslabris
2465 4372 2853 4440 procedebant,
2879 4385 3042 4441 quam
3072 4387 3176 4426 non
3207 4381 3460 4440 poterant

1876 4456 2110 4509 animam
2143 4442 2471 4519 demulcere,
2497 4468 2552 4513 et
2581 4461 2858 4516 attrahere
2893 4460 2958 4512 ad
2990 4462 3284 4515 virtutem?
3316 4460 3451 4514 Nam

154 4553 247 4605 καὶ
303 4548 630 4620 ὑφελκύσαι
705 4550 800 4603 καὶ
853 4553 995 4622 πρὸς
1056 4551 1266 4622 ἀρετὴν
1316 4551 1764 4617 ἐπισπάσασθαι;

1879 4549 2030 4601 valde
2065 4550 2284 4620 quidem
2316 4552 2474 4604 docte
2525 4551 2918 4605 adhortabatur
2949 4569 2965 4607 :
3023 4553 3458 4622 reprehendebat

162 4643 481 4711 Ἐπήνειμα
538 4641 650 4709 γὰρ
691 4643 785 4694 καὶ
829 4642 953 4696 λίαν
1011 4642 1406 4705 παιδευτικῶς,
1442 4645 1680 4713 ἐπετίμα
1709 4644 1765 4695 δὲ

1871 4649 2046 4693 autem
2074 4651 2296 4710 paterue
2314 4651 2370 4694 et
2392 4653 2638 4696 amanter
2665 4661 2678 4696 :
2712 4643 3178 4711 mansuetudoque
3202 4654 3255 4698 et
3283 4646 3456 4713 gratia

150 4733 444 4804 πατρικῶς
476 4747 536 4784 τε
562 4734 659 4784 καὶ
693 4733 1072 4805 φιλοστόργως
1097 4751 1108 4762 ·
1145 4734 1179 4802 ἦ
1229 4750 1287 4784 τε
1320 4734 1566 4805 πραότης
1615 4733 1766 4804 αὐτῷ

1871 4734 2106 4800 undique
2137 4726 2185 4784 in
2213 4747 2276 4786 eo
2310 4731 2556 4795 ﬂorebat,
2612 4734 2880 4789 internarn
2915 4734 3077 4785 animi
3107 4719 3456 4788 constitutio‘

148 4825 436 4896 πανταχοῦ
471 4826 574 4877 καὶ
603 4825 634 4892 ἡ
663 4825 821 4892 χάρις
847 4824 1107 4894 ἐπήνθει,
1147 4825 1247 4892 τὴν
1282 4823 1430 4878 ἔνδον
1465 4826 1563 4894 τῆς
1586 4825 1765 4894 ψυχῆς

1871 4839 1994 4877 nem
2025 4822 2265 4890 perfecte
2306 4825 2574 4892 aperiens.
2614 4821 2808 4879 Merito
2865 4834 3042 4878 autem
3096 4823 3456 4878 admirabitur

147 4919 496 4971 κατάστασιν
527 4913 778 4983 ἀκριϐῶς
828 4915 1251 4986 διαφαίνουσαι.
1285 4914 1600 4983 Θαυμάσειε
1629 4915 1675 4966 δ’
1698 4914 1765 4968 ἀν

1871 4916 2136 4985 quispiam
2172 4915 2291 4982 ejus
2313 4914 2369 4969 in
2399 4917 2790 4971 certaminibus
2821 4914 3213 4978 fortitudinem,
3241 4926 3292 4968 et
3320 4931 3450 4970 con-

143 5027 222 5072 τις
291 5008 533 5070 εἰκότως
581 5006 678 5058 καὶ
711 5006 769 5058 τδ
827 5013 970 5076 πρὸς
1021 5012 1158 5069 τοὺς
1187 5007 1405 5074 ἀγῶνας
1445 5007 1542 5061 τού
1573 5007 1766 5077 ἀνδρὸς

1871 5008 2148 5061 stantiam.
2177 5005 2311 5060 Nam
2343 5022 2466 5061 cum
2505 5017 2630 5063 ante
2680 5017 2906 5060 mortem
2956 5007 3245 5061 continuos
3296 5008 3454 5076 quin-

146 5101 490 5170 καρτερικὸν
524 5115 584 5149 τε
618 5100 714 5153 καὶ
740 5098 1000 5153 σύντονον
1027 5117 1040 5131 ο
1075 5101 1457 5166 πεντηκοστὸν
1507 5099 1614 5169 γὰρ
1644 5100 1764 5160 ἔτος

1871 5101 2123 5173 quaginta
2155 5113 2328 5154 annos
2360 5101 2688 5170 transegerit
2747 5101 2799 5152 in
2845 5101 3264 5179 exercitatione,
3317 5114 3453 5154 nun-

144 5193 197 5242 ἐν
230 5194 478 5262 ἀσκήσει
506 5190 848 5254 διατελέσας,
898 5193 1180 5247 οὐδέποτε
1232 5191 1480 5260 μαλακὸν
1514 5194 1591 5253 εἰς
1641 5192 1766 5260 τοὺς

1871 5208 2032 5263 quam
2065 5193 2299 5246 molliter
2335 5202 2427 5247 aut
2461 5193 2699 5262 segniter
2751 5207 3040 5262 aggressus
3075 5203 3154 5248 est
3215 5193 3450 5259 labores,

145 5285 342 5346 πόνους
377 5283 503 5336 οὐδὲ
542 5282 788 5354 ῥᾴθυμον
815 5283 1050 5353 ἔϐλεψεν
1087 5282 1215 5336 οὐδὲ
1250 5281 1535 5352 καθυφῆκέ
1575 5299 1627 5336 τι
1671 5281 1766 5333 τοῦ

1871 5301 2048 5355 neque
2084 5285 2378 5355 quidquam
2408 5281 2618 5339 remisit
2653 5285 2718 5342 de
2746 5284 2795 5341 ei
2847 5284 2916 5339 ab
2948 5284 3106 5340 initio
3139 5284 3332 5341 tradita
3362 5299 3452 5339 re-

145 5376 604 5446 παραδεδομένου
670 5375 767 5442 τὴν
817 5377 1007 5447 ἀρχὴν
1055 5374 1217 5443 αὐτῷ
1283 5375 1382 5444 τῆς
1441 5373 1764 5443 ἐγκρατείας

1871 5379 1989 5445 gula
2018 5378 2360 5430 abstinentim
2391 5395 2403 5430 :
2435 5378 2527 5431 sed
2555 5377 2777 5445 perinde
2811 5391 2876 5432 ac
2909 5379 2953 5434 si
2991 5361 3442 5444 spiritales'labo-

146 5467 400 5529 κανόνοςο
459 5463 585 5518 ἀλλ’
653 5462 842 5536 ῶσπερ
898 5471 1040 5538 ἄρτι
1100 5463 1495 5533 πνευματικῶν
1528 5463 1766 5531 ἱδρώτων

1875 5482 1960 5519 res
1990 5481 2183 5520 recens
2216 5468 2534 5534 attingeret,
2563 5468 2633 5520 ita
2669 5470 2733 5520 ad
2791 5470 3092 5530 certamina
3159 5472 3451 5525 accedebat

145 5558 475 5626 ἁπτόμενος,
504 5555 681 5614 οὕτως
704 5550 768 5625 ἦν
797 5560 916 5611 καθ’
952 5561 1217 5624 ἑκάστην
1240 5559 1373 5624 πρὸς
1401 5555 1614 5620 ἀγῶνας
1647 5557 1765 5607 ἐπι-

1871 5557 2128 5627 qvoﬂdie,
2157 5559 2393 5626 seipsuin
2431 5563 2483 5612 in
2523 5561 2637 5614 dies
2666 5575 2952 5630 superans.
2980 5559 3096 5616 Non
3129 5571 3246 5617 erat
3266 5569 3446 5617 autem

143 5651 308 5717 διδοὺς
343 5651 442 5702 καὶ
478 5649 648 5710 αὐτὸς
698 5648 888 5704 ἐαυτὸν
926 5648 1312 5722 ὑπερὸἀλλων
1346 5652 1409 5717 τῇ
1466 5649 1760 5718 καρτερίᾳο

1871 5650 2208 5713 Dciomnino
2242 5652 2577 5722 permittere,
2614 5662 2672 5707 ut
2713 5654 2833 5709 talis
2861 5654 2946 5708 lux
2989 5656 3088 5709 sub
3113 5654 3291 5709 modio
3321 5657 3452 5708 late-

144 5742 233 5797 οὐκ
290 5740 359 5812 ἦν
417 5742 479 5794 δέ
521 5741 660 5810 πρὸς
719 5742 870 5805 Θεοῦ,
910 5744 1160 5804 πάντως
1210 5740 1455 5793 τοιοῦτον
1505 5741 1632 5794 ὄντα
1672 5744 1764 5794 καὶ

1873 5754 1990 5810 ret;
2044 5758 2217 5812 neque
2252 5743 2362 5797 fieri
2399 5755 2631 5815 poterat,
2664 5755 2723 5799 ut
2757 5748 2847 5817 qui
2883 5760 3003 5802 erat
3038 5748 3341 5814 huiusmodi
3400 5756 3454 5798 et

146 5832 304 5899 οὔτως
367 5830 462 5887 οἷα
535 5833 690 5886 πόλιν
724 5836 1019 5905 περιφανῆ
1081 5837 1181 5888 καὶ
1214 5834 1477 5912 λαμπρὰν
1511 5833 1760 5903 καθάπερ

1871 5833 2097 5900 perinde
2125 5849 2190 5888 ac
2225 5836 2368 5892 clara
2399 5838 2645 5904 quzedam
2671 5846 2723 5893 et
2755 5839 2982 5908 illustris
3039 5841 3252 5905 civitas,
3305 5839 3451 5896 velut
