4180 6486
771 403 838 463 51
2043 405 2332 462 MENSIS
2374 402 2740 465 MARTIUS.
3966 405 4026 471 52

765 515 818 570 ἱη
843 521 1075 586 quodam
1103 528 1281 573 monte
1312 534 1492 572 rerum
1522 518 1878 571 t‘uaximarum
1910 527 1960 570 et
1986 518 2335 586 pulcherrime

2452 517 2542 567 ἐπί
2571 520 2713 582 τινος
2744 520 2902 590 ὅρους
2935 522 3041 572 τῶν
3063 521 3334 589 μεγίστων
3360 520 3808 592 κατορθωμάτων
3839 524 4019 591 κείμε-

766 616 1056 680 gestarum,
1088 612 1294 680 positus
1316 620 1454 674 erat,
1480 611 1923 665 absconderetur.
1957 609 2067 664 Nec
2093 623 2224 677 ergo
2253 610 2350 661 fuit

766 701 1086 756 absconsus.
1126 704 1233 758 Sed
1273 702 1539 771 quomodo
1561 718 1727 771 nuper
1750 704 1866 772 ipse
1898 702 2152 756 Dominus
2182 701 2346 754 discr-

764 793 928 858 pulis,
957 796 1025 848 ita
1056 797 1219 849 etiam
1255 809 1398 848 nunc
1430 794 1641 848 illorum
1675 794 1930 847 imitatori
1959 793 2189 861 desuper
2218 805 2347 858 apo-

763 885 1011 940 stolicum
1034 886 1323 940 committit
1346 886 1725 948 ministerium,
1761 896 1813 938 et
1844 886 1959 953 ejus
1988 883 2345 938 lionoratvir-

764 985 931 1030 tutem
957 977 1250 1032 chrismate
1282 978 1594 1040 sacerdotii,
1631 987 1683 1031 et
1708 975 1997 1031 sudoribus
2032 976 2343 1033 monasticte

764 1069 1170 1122 exercitationis
1217 1070 1473 1124 athletica
1515 1069 1674 1123 etiam
1699 1069 1992 1122 certamina
2021 1069 2258 1138 adjungit
2288 1075 2343 1120 et

764 1158 1043 1214 laboribus
1077 1160 1420 1214 abstinentiae
1443 1171 1640 1230 praeter
1670 1161 1977 1229 opinionem
2003 1171 2058 1213 et
2107 1160 2341 1211 admira-

761 1246 943 1302 biliter
995 1253 1236 1306 adnectit
1284 1266 1510 1306 coronas
1562 1252 1826 1324 martyrii.
1899 1252 2139 1318 Quonam
2183 1251 2340 1305 modo

763 1351 966 1407 autem,
998 1343 1255 1414 deinceps
1280 1359 1564 1412 exponam.

841 1429 950 1485 Vll.
983 1432 1289 1502 Lampsaci,
1320 1436 1460 1503 quod
1491 1445 1578 1488 est
1628 1433 1882 1503 oppidum
1916 1435 1980 1486 ad
2017 1432 2334 1502 Hellespon-

764 1531 898 1587 tum,
963 1532 1083 1577 erat
1119 1525 1334 1591 quidam
1370 1540 1594 1594 magnus
1629 1526 1802 1588 vicus,
1835 1535 1889 1578 et
1923 1524 2180 1592 frequens
2241 1540 2336 1593 po-

762 1612 910 1680 pulo,
943 1614 1034 1680 qui
1069 1627 1291 1669 vocatur
1317 1614 1520 1671 Ttenia.
1560 1616 1825 1680 Quoniam
1860 1627 2037 1670 autem
2069 1617 2157 1686 qui
2192 1617 2241 1668 in
2269 1630 2332 1670 eo

760 1703 884 1758 vico
903 1705 1242 1773 habitabant,
1267 1708 1587 1761 tenebantur
1609 1724 1636 1759 a
1657 1711 1803 1776 gravi
1827 1723 2011 1761 errore
2029 1705 2330 1775 gentilium,

761 1811 955 1864 magna
981 1799 1195 1867 quidem
1235 1799 1519 1853 multitudo
1571 1800 1915 1855 sacerdotum
1972 1809 2022 1852 et
2080 1799 2333 1852 diacono-

2457 626 2545 660 νον
2572 609 2673 661 ὑπὸ
2712 611 2876 680 μοδίῳ
2902 613 2994 663 καί
3023 611 3175 682 κλίνῃ
3219 610 3612 668 καλύπτεσθαι.
3647 611 3863 665 Οὔκουν
3909 614 4022 664 οὐδὲ

2457 701 2824 753 κεκάλυπται·
2896 703 3009 754 ἀλλ’
3057 701 3248 774 ὥσπερ
3301 703 3492 774 πρώην
3549 705 3660 766 τοῖς
3725 703 4020 773 μαθηταῖς,

2455 787 2626 853 οὕτως
2662 792 2755 843 καὶ
2787 790 2880 844 νῦν
2931 792 3008 861 τῷ
3042 794 3264 846 ἐκείνων
3308 796 3518 862 μιμητῇ
3550 795 3788 863 Χριστὸς
3822 793 4024 846 ἄνωθεν

2453 879 2816 952 ἀποστολικὴν
2841 885 3136 952 ἐγχειρίζει
3174 883 3454 937 διακονίαν
3487 884 3585 954 τήν
3617 902 3674 936 τε
3707 883 3803 936 τοῦ
3833 883 4023 954 ἀνδρὸς

2451 970 2652 1041 ἀρετὴν
2687 974 2985 1044 ἱερωσύνης
3015 977 3149 1044 τιμᾷ
3199 976 3463 1044 χρίσματι
3501 977 3593 1026 καὶ
3622 976 3817 1036 κόποις
3847 976 4019 1043 ἀσκη-

2449 1065 2619 1122 τικοῖς
2658 1063 2982 1132 ἀθλητικοὺς
3017 1065 3242 1127 εἰκότως
3276 1067 3469 1126 πόνους
3507 1065 3870 1117 ἐπισυνάπτει
3932 1065 4020 1116 καὶ

2451 1153 2736 1218 στεφάνοις
2789 1156 3114 1223 ἐγκρατείας
3154 1158 3453 1225 στεφάνους
3483 1157 3806 1226 παραδόξως
3854 1156 4025 1210 ἐπιτίο

2448 1241 2572 1310 θησι
2611 1247 2951 1314 μαρτυρίας’
2989 1249 3136 1308 ὅπως
3171 1247 3226 1299 δὲ
3281 1248 3388 1318 ἄρα
3425 1249 3515 1300 καὶ
3554 1250 3675 1300 τίνα
3699 1248 3790 1301 τὸν
3815 1249 4021 1319 τρόπον

2445 1335 2512 1386 τά
2537 1336 2628 1388 τοῦ
2661 1336 2819 1404 λόγου
2848 1338 3076 1408 δηλώσει
3111 1358 3220 1410 μοι.

2514 1424 2585 1480 Ζ’.
2637 1429 2724 1480 Ἐν
2754 1433 2818 1499 τῇ
2845 1432 3152 1501 Λαμψάκῳ,
3182 1435 3247 1502 τῇ
3276 1433 3408 1504 πρὸς
3433 1432 3825 1502 Ἑλλήσποντον
3857 1433 4017 1503 κώμη

2440 1534 2523 1578 τις
2546 1512 2612 1589 ἦν
2636 1519 2848 1588 μεγάλη
2879 1521 2972 1574 καὶ
3000 1523 3424 1592 πολυάνθρωπος
3453 1524 3768 1593 καλουμένη
3801 1524 4016 1577 Ταινία⁶

2440 1608 2564 1660 ἐπεὶ
2591 1609 2648 1661 δὲ
2684 1611 2732 1662 οἰ
2766 1612 2864 1680 τὴν
2889 1612 3145 1683 τοιαύτην
3174 1613 3371 1684 κώμην
3403 1616 3679 1678 οἰκοῦντες
3712 1618 3779 1685 τῇ
3806 1616 4014 1686 χαλεπῇ

2437 1700 2545 1752 τῶν
2587 1702 2856 1771 Ἑλλήνων
2887 1703 3025 1775 ἦσαν
3056 1708 3238 1777 ἀπάτῃ
3266 1708 3713 1777 κατειλημμένοι,
3747 1708 3887 1760 πολὺ
3920 1709 4016 1777 μὲν

2441 1790 2700 1846 ἑκάστοτε
2733 1795 2936 1859 πλῆθος
2958 1799 3138 1860 αὐτοῖς
3165 1799 3352 1868 ἱερέων
3381 1800 3473 1850 καὶ
3499 1799 3764 1852 διακόνων
3791 1800 3899 1850 ὑπδ
3921 1800 4011 1851 τοῦ

763 1903 885 1941 rum
917 1890 983 1942 ab
1028 1891 1279 1959 episcopo
1309 1891 1374 1943 ad
1437 1906 1530 1947 eos
1567 1891 1883 1944 mittebatur
1920 1907 1934 1943 :
1966 1889 2178 1959 plurimi
2200 1905 2319 1959 quo-

2436 1884 2535 1952 τῆς
2569 1886 2877 1958 ἐπισκοπῆς
2933 1892 3273 1958 προεστῶτος
3337 1895 3650 1961 ἐπέμπετο’
3719 1893 3912 1946 πολλοί
3960 1893 4014 1945 δὲ

760 1994 868 2048 que
899 1996 960 2033 ex
989 1981 1056 2034 iis
1081 1984 1174 2051 qui
1209 1982 1377 2036 vitam
1416 1992 1773 2052 susceperant
1829 1984 2204 2046 monasticam,
2265 1982 2332 2035 ab

761 2085 828 2123 eo
858 2071 1136 2125 constituti
1166 2079 1324 2127 erant
1352 2073 1453 2126 vici
1489 2073 1756 2139 magistri.
1794 2070 1899 2124 Sed
1934 2085 2093 2125 nemo
2122 2087 2214 2123 eos
2241 2086 2333 2137 po-

762 2170 902 2215 terat
931 2172 1246 2217 convertere
1262 2166 1329 2217 ab
1359 2178 1546 2217 errore
1578 2181 1591 2216 :
1624 2165 1730 2216 imo
1761 2164 1862 2230 piis
1888 2162 2064 2230 potius
2090 2161 2163 2214 illi
2199 2162 2334 2216 infe-

763 2253 957 2305 rebant
984 2263 1248 2308 tormenta
1299 2262 1353 2308 et
1409 2254 1697 2322 supplicia,
1757 2268 1928 2321 neque
1993 2263 2110 2307 erat
2164 2254 2332 2306 ullum

760 2357 937 2411 preme
961 2359 1147 2414 genus,
1171 2346 1314 2415 quod
1355 2362 1460 2400 non
1492 2345 1806 2399 terribiliter
1835 2346 1914 2399 eis
1941 2346 2329 2400 intentaretur.

762 2434 899 2489 Cum
929 2451 1058 2505 ergo
1082 2437 1357 2490 dubitaret
1412 2436 1696 2506 episcopus
1748 2437 2004 2506 quidnam
2059 2445 2331 2506 oporteret

761 2529 964 2591 facere,
998 2537 1055 2583 ut
1087 2529 1178 2596 qui
1211 2528 1489 2593 errabant,
1537 2544 1778 2584 errorem
1841 2539 2218 2596 agnoscerent,
2279 2539 2334 2582 et

763 2635 878 2672 rem
911 2619 1195 2688 aliquando
1226 2636 1346 2675 cum
1379 2622 1492 2676 suis
1541 2621 1989 2685 communicaret,
2050 2621 2196 2672 venit
2254 2623 2332 2673 eis

762 2711 979 2763 interitu
1017 2712 1067 2763 in
1099 2723 1332 2766 mentem
1356 2713 1646 2768 Abramius
1674 2712 2031 2766 admirabilis.
2053 2711 2185 2764 Tum
2222 2727 2328 2766 non

763 2813 1085 2870 exspectans
1111 2804 1220 2873 ipse
1251 2803 1482 2858 aliorum
1514 2804 1579 2857 de
1601 2819 1667 2859 eo
1697 2804 2021 2868 testimonia,
2046 2804 2124 2857 eis
2145 2803 2329 2857 statim

761 2893 1016 2957 ostendit,
1055 2895 1184 2965 quid
1214 2894 1281 2948 de
1302 2895 1391 2948 illo
1417 2897 1681 2950 essetsibi
1717 2911 2059 2968 persuasum,
2095 2896 2277 2950 dicens
2311 2914 2325 2950 :

763 2982 982 3038 Credite
1012 2987 1164 3052 mihi,
1191 2987 1306 3053 lilii,
1343 2989 1554 3042 dicturo
1590 2999 1726 3043 teste
1776 2992 2026 3052 veritate,
2073 2991 2217 3057 quod
2276 2988 2328 3040 in

763 3078 872 3126 tota
908 3072 1013 3129 ﬁde
1045 3089 1317 3142 nunquam
1354 3077 1482 3128 mihi
1507 3078 1738 3146 contigit
1760 3078 1937 3131 videre
1972 3079 2129 3130 talem
2154 3077 2328 3128 virum

2433 1975 2540 2027 τῶν
2571 1978 2662 2029 τὸν
2694 1981 2902 2050 μονήρη
2962 1982 3075 2050 βίον
3121 1985 3487 2054 ἀνῃρημένων
3532 1985 3848 2038 διδάσκαλοι
3881 1989 4010 2056 παρ’

2434 2067 2598 2120 αὑτοῦ
2626 2072 2690 2138 τῇ
2719 2069 2880 2141 κώμῃ
2912 2074 3238 2127 καθίσταντο
3259 2091 3271 2103 ·
3306 2075 3511 2126 τούτων
3541 2077 3595 2126 δὲ
3634 2077 3790 2144 ὅμως
3837 2077 4014 2135 066:1;

2438 2157 2765 2224 μεταϐαλεῖν
2800 2162 2997 2223 αὐτοὺς
3030 2163 3126 2231 τῆς
3154 2164 3370 2234 ἀπάτης
3418 2163 3690 2231 ἠδύνατοο
3752 2163 3892 2215 ἀλλὰ
3927 2165 4014 2215 καὶ

2436 2248 2657 2318 βάσανοι
2713 2254 2913 2322 μᾶλλον
2973 2257 3116 2308 κατὰ
3171 2259 3278 2309 τῶν
3317 2258 3556 2311 εὐσεϐῶν
3607 2259 3702 2311 καὶ
3746 2258 4012 2328 τιμωρίαι

2434 2342 2563 2408 παρ’
2597 2343 2818 2394 ἐκείνων
2849 2345 3145 2414 ὴπείληντο
3207 2347 3300 2399 καὶ
3349 2348 3623 2408 κολάσεως
3663 2343 3803 2408 εἶδος
3861 2347 4011 2399 οὐδὲν

2432 2429 2568 2495 ὅλως
2591 2428 2678 2502 ἦν,
2713 2434 2738 2485 ὃ
2773 2435 2846 2503 μὴ
2878 2436 3084 2497 τούτοις
3109 2439 3353 2507 φοϐερῶς
3396 2438 3696 2491 ἐπεσείετο.
3740 2438 4010 2506 Ἀπορου-

2437 2524 2596 2591 μένου
2634 2527 2812 2576 τοίνυν
2837 2527 2929 2578 τοῦ
2969 2531 3062 2596 τῆς
3097 2530 3400 2596 ἐπισκοπῆς
3445 2529 3808 2598 προεστῶτος,
3845 2530 3900 2580 τί
3948 2531 4014 2582 ἂν

2431 2615 2538 2667 δέοι
2571 2621 2742 2668 ποιεῖν
2775 2619 2910 2689 πρὸς
2940 2620 3036 2690 τὴν
3066 2621 3174 2672 τῶν
3218 2621 3652 2692 πεπλανημένων
3685 2624 4009 2688 ἐπίγνωσιν,

2433 2708 2527 2757 καὶ
2565 2706 2758 2777 δήποτε
2788 2709 2845 2760 τὸ
2870 2712 3100 2779 πρᾶγμα
3138 2714 3249 2774 τοῖς
3281 2715 3405 2780 περί
3441 2713 3599 2763 αὑτὸν
3629 2715 4011 2781 κοινουμένου,

2436 2800 2622 2869 μνήμη
2685 2819 2765 2863 τις
2822 2801 3204 2870 παρεμπίπτει
3252 2803 3454 2870 μεταξῦ
3523 2804 3613 2854 τοῦ
3688 2803 4012 2871 θαυμαστοῦ

2445 2889 2743 2961 Ἀϐραμίου
2771 2912 2783 2923 ·
2818 2893 2910 2944 καί
2933 2893 3029 2955 τὰς
3060 2893 3211 2964 παρὰ
3241 2893 3347 2946 τῶν
3381 2895 3556 2947 ἄλλων
3603 2893 3764 2956 αὐτος
3798 2911 4012 2963 μαρτυο

2437 2983 2558 3051 ρίας
2591 2983 2690 3034 οὐκ
2720 2983 3040 3050 ἀναμείνας,
3069 2981 3282 3054 πρῶτος
3315 2983 3478 3046 εὐθὺς
3504 2985 3600 3046 τὰς
3632 2983 3845 3044 οἰκείας
3883 2985 4014 3053 περὶ

2433 3075 2598 3129 αὐτοῦ
2654 3076 2865 3138 πίστεις
2925 3077 3265 3145 παρέσχετο·
3303 3076 3636 3128 Πιστεύσατέ
3672 3092 3785 3143 μοι,
3820 3075 4012 3140 τέκνα,

764 3173 824 3217 et
848 3165 936 3233 qui
967 3164 1016 3218 in
1049 3174 1196 3218 tanta
1223 3166 1420 3220 virtute
1475 3169 1679 3221 viveret
1708 3177 1763 3220 et
1815 3170 2060 3234 pietate.-
2091 3167 2225 3222 Cum
2294 3167 2327 3221 ii

2436 3169 2623 3232 εἰπὼν,
2654 3167 2758 3218 ὑπὸ
2793 3167 3030 3235 μάρτυρι
3059 3165 3302 3234 μέλλοντι
3331 3166 3510 3232 λέγειν
3542 3170 3606 3233 τῇ
3650 3166 3904 3235 ἀληθείᾳ,
3939 3166 4013 3228 ὡς

762 3265 968 3320 autem,
1007 3271 1125 3325 qum
1145 3259 1211 3312 ab
1240 3259 1356 3328 ipso
1384 3259 1522 3313 dicta
1560 3261 1795 3326 fuerant,
1825 3277 1930 3315 una
1958 3276 2086 3316 voce
2131 3261 2331 3316 conﬁr-

765 3355 1032 3414 massent,
1065 3350 1180 3422 ipse
1213 3365 1400 3404 rursus
1429 3371 1441 3404 :
1477 3349 1659 3415 Venit,
1695 3353 1893 3420 inquit,
1924 3354 2055 3405 mihi
2091 3354 2141 3406 iu
2177 3369 2331 3406 men~

765 3447 872 3490 tem
913 3441 1156 3506 quedam
1182 3441 1483 3519 cogitatio:
1518 3456 1579 3495 ea
1620 3453 1702 3497 est
1732 3454 1936 3508 autem,
1963 3451 2021 3497 ut
2072 3445 2331 3507 arbitror,

762 3525 1042 3582 divinloris
1073 3529 1350 3599 cujusdam
1373 3533 1744 3600 providentiae,
1770 3548 1892 3586 eum
1921 3533 2132 3586 initiare
2164 3534 2334 3586 chris-

763 3623 908 3670 mate
940 3621 1254 3681 sacerdotii,
1288 3630 1340 3673 et
1368 3621 1416 3672 ei
1461 3623 1672 3674 tradere
1719 3624 1919 3682 vicum,
1977 3621 2069 3689 qui
2126 3630 2209 3673 est
2265 3619 2329 3672 ad

764 3705 1192 3776 Hellespontum.
1223 3709 1386 3764 Forte
1438 3712 1656 3780 poterit,
1691 3725 1844 3780 opem
1878 3725 2108 3779 superna
2143 3709 2191 3764 ei
2253 3709 2332 3761 fe-

765 3809 923 3854 rente
955 3801 1164 3871 gratia,
1224 3802 1422 3858 multos
1474 3803 1734 3857 deducere
1759 3802 1826 3856 ad
1860 3801 2188 3872 agnitionem
2239 3814 2332 3854 ve-

762 3898 964 3952 ritatis.
995 3898 1118 3952 llaec
1160 3899 1315 3965 dixit,
1349 3909 1406 3954 et
1461 3914 1492 3954 ο
1560 3889 1817 3953 cathedra
1880 3899 2058 3952 statim
2107 3910 2332 3965 surgens

762 3988 1073 4061 episcopus,
1102 3991 1245 4043 vadit
1273 3990 1342 4041 ad
1369 3988 1681 4040 Abramlum
1704 4004 1826 4041 cum
1869 3989 2122 4040 universo
2160 3987 2327 4040 clero.

763 4077 832 4134 Et
857 4079 966 4147 jam
991 4079 1166 4136 solitis
1193 4079 1353 4134 dictis
1377 4078 1628 4148 precibus
1657 4085 1937 4148 postquam
1960 4091 2080 4131 eum
2106 4077 2157 4131 in
2176 4076 2333 4130 Chri-

761 4178 848 4223 sto
880 4171 1184 4234 salutasset,
1218 4170 1526 4225 etosculum
1554 4170 1806 4235 dedisset,
1840 4171 1904 4224 de
1955 4170 2072 4224 vico
2136 4169 2186 4223 ei
2237 4183 2332 4223 ex-

763 4259 1138 4326 ponitomnia.
1183 4260 1446 4314 Praeterea
1479 4269 1658 4313 autem
1710 4275 1835 4313 eum
1909 4275 2122 4329 quoque
2177 4260 2332 4313 valde

760 4349 994 4418 rogavit,
1025 4359 1084 4402 ut
1114 4349 1324 4404 illorum
1339 4349 1634 4419 susciperet
1658 4348 2056 4418 prtefecturam.
2090 4347 2181 4404 Ille
2204 4363 2330 4403 vero

761 4456 884 4495 cum
920 4443 1154 4509 primum
1207 4443 1421 4511 quidem
1476 4441 1792 4516 episcopum
1856 4442 2138 4497 advenisse
2190 4457 2330 4513 a’gre

2434 3259 2686 3310 οὐδέποτέ
2723 3267 2810 3326 μοι
2842 3255 2927 3308 oti
2966 3257 3145 3326 πάσης
3175 3256 3391 3324 ἐγένετο
3444 3256 3540 3323 τῆς
3576 3255 3717 3326 ζωῆς
3766 3258 4015 3310 τοιοῦτον

2434 3347 2601 3418 ἄνδρα
2636 3348 2760 3398 ίδεῖν
2795 3346 2887 3398 καὶ
2926 3345 3098 3409 οὕτως
3135 3350 3190 3399 ἐν
3221 3349 3391 3417 αρετῇ
3430 3345 3669 3416 τοσαύτῃ
3709 3348 3890 3409 ζῶντα
3922 3351 4016 3400 καὶ

2434 3439 2709 3508 εὐλαϐείᾳ.
2735 3439 2856 3490 Τῶν
2882 3439 3029 3492 δὲτὰ
3051 3441 3183 3508 παρ’
3217 3439 3382 3490 αὐτοῦ
3414 3443 3681 3510 εἰρημένα
3723 3443 3878 3506 φωνῇ
3913 3441 4014 3511 μία

2433 3533 2964 3601 ὲπισφραγισάντων,
2993 3531 3155 3582 πάλιν
3186 3532 3344 3592 αὑτός
3363 3551 3375 3561 ·
3411 3533 3626 3584 Ἕννοιά
3649 3531 3717 3599 μέ
3746 3547 3832 3593 τις
3854 3527 4012 3600 ἦλθε,

2434 3621 2599 3690 φησί·
2651 3620 2930 3693 θειοτέρας
2975 3621 3032 3673 δὲ
3057 3616 3209 3690 οἶμαι
3254 3621 3348 3672 καὶ
3403 3622 3657 3687 προνοίας·
3725 3620 3867 3691 αὕτη
3917 3622 4014 3675 καὶ

2433 3711 2764 3778 οἰκονομίας,
2805 3710 2881 3777 τῷ
2932 3712 3028 3780 τῆς
3057 3711 3355 3780 ἱερωσύνης
3413 3711 3576 3762 αὐτὸν
3626 3710 3893 3777 χρίσματι
3924 3728 4014 3764 τι·

2433 3801 2654 3853 λειῶσαι
2682 3802 2774 3852 καὶ
2796 3801 2892 3869 τὴν
2923 3798 3116 3870 κώμην
3141 3800 3287 3867 αὐτῷ
3314 3799 3411 3866 τὴν
3438 3800 3574 3864 πρὸς
3612 3799 4017 3870 Ἑλλήσποντον

2431 3895 2772 3965 ἐγχειρίσαι·
2806 3895 2931 3956 ίσως
2960 3893 3267 3961 δυνήσεται,
3303 3890 3704 3962 συναιρομένης
3736 3893 3892 3966 αὑτῷ
3922 3895 4019 3946 καὶ

2430 3989 2527 4054 τῆς
2549 3986 2751 4038 ἀνωθεν
2772 3986 3012 4053 χάριτος,
3049 3988 3128 4046 είς
3167 3985 3462 4051 ἐπίγνωσιν
3484 3984 3582 4052 τῆς
3604 3983 3863 4052 ἀληθείας
3887 3987 4014 4047 τοὺς

2433 4078 2660 4138 πολλοὺς
2685 4075 2972 4144 ὸδηγῆσαι.
3004 4075 3191 4128 Ταῦτα
3225 4075 3354 4143 ἔφη,
3386 4076 3484 4127 καὶ
3514 4077 3586 4138 ώς
3623 4070 3770 4146 εἶχεν
3795 4076 3959 4138 εὐθὺς
3979 4080 4007 4130 ό

2430 4169 2723 4228 ἐπίσκοπος
2750 4169 2846 4235 τῆς
2878 4167 3148 4237 καθέδρας
3178 4167 3504 4231 ἐξαναστὰς,
3531 4167 3646 4234 ἅμα
3675 4167 3749 4234 τῷ
3802 4168 4002 4238 κλήρῳ

2433 4262 2593 4312 παντὶ
2615 4260 2747 4327 πρὸς
2778 4259 2868 4308 τὸν
2903 4259 3174 4324 μακάριον
3212 4257 3401 4308 ἄπεισι
3471 4256 3564 4308 καὶ
3605 4257 3704 4325 τῆς
3735 4260 4011 4328 συνήθους

2432 4350 2596 4418 εὐχῆς
2627 4348 2726 4418 ἤδη
2753 4346 3127 4419 γεγενημένης
3160 4347 3297 4415 μετά
3332 4346 3421 4398 τὸν
3457 4348 3516 4401 ἐν
3555 4349 3778 4419 Χριστῷ
3831 4354 4018 4405 ἀσπα-

2435 4440 2592 4509 σμὸν,
2611 4440 2828 4507 τάτερί
2851 4438 2949 4507 τῆς
2979 4438 3170 4507 κώμης
3195 4437 3413 4492 ἅπαντα
3439 4437 3574 4509 πρὸς
3593 4439 3756 4494 αὑτὸν
3783 4439 4014 4513 διεξῄει·

765 4533 1000 4594 tulisset,
1025 4542 1084 4585 ut
1108 4535 1197 4604 qui
1228 4543 1443 4601 putaret
1467 4549 1527 4588 se
1556 4549 1676 4589 esse
1721 4535 2020 4605 indignum,
2059 4537 2123 4590 ad
2169 4551 2326 4602 quem

2436 4532 2569 4605 πρὸς
2597 4532 2651 4585 δὲ
2681 4532 2775 4584 καί⁵
2801 4531 2951 4600 ἠξίου
2980 4530 3123 4597 μάλα
3149 4530 3366 4596 θερμῶς
3391 4531 3483 4580 τοῦ
3506 4529 3603 4599 τὴν
3629 4531 3856 4583 ἐκείνων
3878 4535 4017 4588 ἀνα..

765 4634 950 4679 tantus
987 4626 1070 4678 vir
1100 4625 1382 4680 accederet
1413 4642 1428 4679 :
1466 4626 1657 4680 deinde
1716 4629 1878 4678 etiam
1926 4641 2044 4695 quae
2098 4628 2328 4690 dixerat,

767 4718 1005 4785 graviter
1030 4717 1346 4784 accepisset,
1386 4727 1602 4786 propter
1654 4732 1902 4786 magnam
1961 4717 2105 4771 illam
2152 4719 2331 4772 cordis

765 4810 1148 4864 contritionem
1183 4818 1234 4862 et
1267 4810 1712 4877 moderationem,
1746 4820 1802 4865 et
1859 4810 2001 4879 quod
2054 4825 2112 4864 se
2184 4811 2330 4866 nullo

765 4910 1046 4970 reputaret
1073 4914 1194 4954 esse
1218 4902 1455 4971 dignum,
1510 4918 1572 4955 ea
1628 4905 1920 4972 respondit,
1949 4919 2069 4972 quas
2119 4914 2172 4955 et
2239 4904 2328 4958 tali

765 4993 886 5046 vita:
915 4993 1404 5056 convcniebant,et
1450 5005 1613 5051 tanta:
1660 4995 1987 5048 humilitati:
2042 4996 2173 5060 Quis
2233 5011 2332 5062 ego

766 5097 907 5149 sum,
940 5084 1156 5139 domine
1202 5085 1298 5149 mi,
1337 5085 1542 5147 dicens,
1575 5095 1628 5141 ut
1661 5085 1947 5139 sacerdotii
1976 5095 2180 5138 tantam
2204 5087 2330 5138 sub-

768 5191 884 5235 eam
911 5175 1358 5243 magnitudinem,
1378 5185 1433 5231 et
1463 5178 1642 5244 gravis
1667 5178 1892 5247 populus
1926 5176 2056 5230 mihi
2080 5177 2327 5229 commit-

767 5274 907 5318 tatur
928 5264 1242 5322 docendus?
1275 5266 1400 5320 Sine
1430 5284 1524 5336 per
1558 5266 1852 5332 Christum,
1883 5269 1999 5323 sine
2025 5283 2109 5322 me
2138 5267 2333 5322 acerbe

769 5371 887 5411 mea
913 5357 1109 5412 deﬂere
1143 5367 1390 5427 peccata.

2429 4622 2688 4685 δέξασθαι
2706 4618 3128 4689 προστασίαν·.ό
3152 4617 3206 4669 δὲ
3231 4618 3422 4688 πρῶτα
3452 4617 3550 4685 μὲν
3576 4618 3673 4690 τὴν
3705 4621 4018 4677 ἐπισκόπου

2433 4713 2765 4779 δυσχεράνας
2825 4707 3139 4779 ἐπιδημίαν,
3173 4709 3424 4777 καθάπερ
3457 4709 3556 4778 οὐχ
3590 4710 3776 4763 ἰκανὸν
3819 4715 4020 4766 ἑαυτὸν

2433 4804 2622 4874 ἀνδρὸς
2662 4801 2983 4872 τηλικούτου
3022 4801 3325 4871 παρουσίας
3377 4804 3658 4870 οἰόμενος,
3704 4802 3904 4858 ἔπειτα
3959 4805 4016 4858 δὲ

2435 4894 2526 4948 καὶ
2553 4895 2762 4966 βαρέως
2796 4896 2917 4955 τοὺς
2942 4895 3072 4963 παρ’
3130 4892 3293 4944 αὑτοῦ
3346 4892 3639 4961 δεξάμενος
3693 4894 3888 4961 λόγους
3925 4898 4016 4950 διὰ

2432 4990 2531 5058 τὴν
2561 4990 2754 5056 πολλὴν
2790 4988 3005 5055 ἐκείνην
3035 4985 3326 5056 ωντριὸὴν
3365 4988 3465 5054 τῆς
3493 4988 3743 5055 καρδίας,
3777 4991 3874 5040 καὶ
3914 5007 4017 5056 με-

2431 5083 2708 5150 τριότητα,
2743 5081 2835 5131 καὶ
2859 5079 2917 5130 τὸ
2953 5078 3047 5130 τοῦ
3077 5077 3304 5147 μηδενὸς
3335 5078 3485 5143 ἄξιον
3508 5080 3700 5133 ἑαυτὸν
3726 5081 4014 5148 ἡγεῖσθαι,

2433 5173 2500 5227 τὰ
2541 5173 2632 5224 καὶ
2666 5172 2764 5241 βίῳ
2789 5169 3017 5240 τοιούτῳ
3052 5171 3144 5221 καὶ
3177 5171 3505 5222 ταπεινώσει
3559 5171 3798 5240 τοσαύτη
3830 5189 4012 5237 προσ-

2431 5266 2653 5332 ήκοντα,
2686 5265 2819 5331 πρὸς
2859 5262 3020 5315 αὑτὸν
3057 5262 3423 5331 ἀπεκρίνατο’
3451 5264 3547 5325 Τίς
3580 5265 3696 5331 εἰμὶ
3729 5265 3860 5330 ἐγὼ,
3899 5267 4014 5320 Κύ-

2437 5358 2515 5427 ριέ
2547 5375 2669 5424 μου,
2714 5355 2905 5423 Κύριε,
2961 5355 3153 5420 λέγων,
3181 5353 3317 5406 ὥστε
3347 5355 3666 5425 τηλικοῦτον
3703 5356 4012 5428 ἱερωσύνης

769 5454 998 5524 μέγεθος
1035 5454 1286 5512 ὑπελθεῖν
1354 5454 1446 5506 καὶ
1499 5452 1627 5505 λαοῦ
1695 5454 1901 5525 βαρέως
1967 5442 2317 5506 διδασκαλίαν
2370 5453 2815 5525 ὲγχειρισθῆναις
2878 5452 3077 5504 ’Ἑασον
3136 5452 3222 5507 διά
3272 5453 3525 5522 Χριστὸν,
3588 5454 3748 5505 ἔασον
3795 5459 4013 5527 πικρῶς

765 5545 1209 5602 ἅποκλαύσασθαι
1235 5549 1332 5612 τάς
1360 5548 1599 5618 ἐμαυτοῦ
1629 5549 2024 5619 πλημμελείας.

837 5637 968 5691 Vill.
998 5639 1098 5691 Cui
1166 5658 1353 5696 rursus
1409 5644 1692 5710 episcopus
1742 5645 2068 5712 respondens
2106 5665 2116 5699 :
2156 5646 2320 5701 Recte

768 5724 902 5787 κιο,
947 5725 1139 5792 inquit,
1176 5741 1206 5780 0
1237 5730 1398 5779 cbare
1435 5729 1504 5780 ﬁli
1533 5729 1774 5790 Abrami,
1807 5734 1945 5796 quod
1981 5735 2170 5799 gratia,
2204 5749 2322 5801 qua:

770 5811 863 5869 tibi
892 5815 1011 5869 data
1052 5822 1130 5866 est
1160 5830 1186 5868 a
1207 5816 1425 5880 Spiritu,
1451 5825 1641 5888 potens
1703 5833 1756 5871 cs
1789 5830 1842 5872 ct
1864 5823 2040 5874 verbis
2071 5833 2122 5875 et
2147 5825 2320 5878 iactis.

2503 5643 2580 5694 [Γ.
2617 5640 2758 5708 Πρὸς
2791 5640 2847 5691 ὃν
2900 5640 2926 5689 ὁ
2955 5639 3252 5702 ἐπίσκοπος
3313 5637 3468 5704 αὖθις
3497 5640 3584 5692 τὸν
3616 5640 3772 5706 λόγον
3804 5641 4014 5694 ἀναλα-

2435 5735 2576 5785 6ών⁸
2617 5730 2746 5786 Οἶδα
2786 5733 2994 5800 σαφῶς,
3029 5731 3167 5795 οἴδα,
3189 5735 3378 5786 τέκνον
3412 5733 3684 5794 ποθεινὸν.
3711 5734 4009 5804 ’Δὸράμιε,

2434 5820 2608 5890 εἶπεν,
2647 5825 2723 5886 ώς
2740 5827 2808 5897 τῇ
2839 5823 3094 5894 δεδομένῃ
3135 5842 3214 5877 σοι
3243 5826 3393 5892 παρὰ
3434 5824 3522 5877 τοῦ
3557 5826 3879 5899 Πνεύματος
3912 5829 4010 5898 χάκ
