4180 6480
164 390 238 450 53
1461 412 1636 471 VITA
1679 415 1734 474 S.

1845 420 2128 486 BRAMII.
3366 448 3435 511 54

171 519 279 566 ριτι
347 501 589 568 δυνατὸς
623 502 672 558 εἴ
700 507 789 560 καὶ
817 508 996 576 λόγοις
1050 513 1142 566 καὶ
1197 519 1521 588 πράγμασι·
1563 525 1637 592 μὴ
1671 520 1739 578 οὗ·

1871 531 1943 587 Ne
1967 551 2094 604 ergo
2126 536 2459 596 dubitavcris

171 594 506 665 ὰποκνήσης
565 596 712 668 ἔργῳ
757 598 1005 656 καθεῖναι
1059 608 1278 669 σαυτὸν,
1327 613 1595 682 τοσαύτης
1661 618 1759 687 μιν

170 684 364 754 ψυχῶν
409 686 688 755 ὡφελείας
717 689 896 762 αἰτίῳ,
943 697 1192 764 μεγάλας
1240 701 1298 754 δι
1333 704 1429 756 καί
1482 723 1564 760 σοι
1609 684 1760 777 παρά

171 777 310 832 θεοῦ
343 779 708 850 προξενοῦντι
755 786 854 847 τὰς
889 787 1209 851 ἀντιδόσεις.
1250 792 1310 849 '0
1340 796 1396 849 δὲ
1423 801 1534 861 τοῖς
1563 802 1758 870 προτέ-

175 885 312 937 ρσις,
333 872 620 940 ἐπιμένων
641 875 733 927 καὶ
754 875 832 929 ἔτι
854 893 868 908 ο
891 880 1112 943 Ἐασον,
1136 878 1291 947 αὖθις
1309 889 1635 957 παρακαλῶ,
1665 895 1758 946 ἔα-

171 977 284 1025 σον,
309 962 493 1030 ἔλεγε,
513 963 582 1017 τὰ
599 966 774 1020 οἰκεῖα
795 967 1062 1040 θρηνῆσαι
1080 976 1245 1030 κακά.
1269 978 1378 1030 Καὶ
1395 979 1449 1042 ὃς
1465 981 1756 1037 ὑπολαϐὼν

167 1053 531 1125 δριμυτέροις
550 1057 712 1110 αὑτὸν
737 1060 998 1127 ἠμείϐετο
1028 1064 1212 1131 λόγοις
1236 1082 1247 1097 ⁸
1286 1068 1415 1121 Ἰδοὺ
1447 1071 1508 1141 δὴ
1532 1075 1753 1143 κόσμον,

167 1144 368 1211 λέγων,
430 1148 529 1199 καὶ
583 1151 650 1203 τὰ
685 1150 776 1202 τοῦ
805 1153 1016 1222 κόσμου
1076 1157 1415 1223 καταλιπὼν,
1450 1164 1542 1215 καὶ
1569 1167 1618 1218 τί
1655 1169 1753 1235 μὲν

164 1236 267 1289 οὐκ
301 1237 565 1308 ἀσκήσας
595 1241 908 1310 ἐπαινετὸν,
945 1248 1106 1311 ποίας
1143 1248 1198 1302 δὲ
1235 1249 1341 1303 τῶν
1380 1253 1473 1306 τοῦ
1506 1254 1640 1309 Θεοῦ
1671 1260 1753 1310 ὲν-

163 1327 336 1379 τολῶν
368 1329 447 1398 μὴ
481 1331 658 1398 φύλαξ
698 1334 998 1403 ἀναφανεὶς
1025 1339 1444 1410 ἀκριϐέστατος,
1483 1347 1543 1398 τὸ
1582 1351 1752 1417 κεφᾶ-

163 1418 313 1472 )αιον
340 1422 446 1474 οὐκ
471 1419 569 1475 οἷδ’
594 1425 744 1490 ὅπως
779 1427 971 1493 ἔλαθες
985 1434 1314 1500 παραλιπὼν
1344 1436 1442 1508 τὴν
1479 1438 1749 1512 ὑπακοήν.

159 1510 383 1563 Τούτων
402 1514 647 1580 ἀκούσας
669 1519 695 1569 6
717 1520 1150 1590 μακάριος,τοὺς
1173 1525 1486 1598 ὀφθαλμοὺς
1504 1510 1752 1602 δακρύων

158 1605 540 1676 ὑποπλησθεὶς
572 1611 666 1661 καὶ
699 1610 760 1680 δή
808 1629 860 1663 τι
888 1616 1154 1678 στενάξας
1187 1617 1326 1686 βαθὺ
1388 1621 1483 1673 καὶ
1517 1624 1749 1697 ὑπόθερ-

155 1699 258 1762 μον
279 1711 296 1727 ο
324 1697 439 1748 Kal.
474 1697 558 1758 τίς
590 1699 707 1765 είμι
731 1699 861 1766 ἐγὼ,
900 1702 1058 1772 κύριέ
1087 1723 1212 1775 μου,
1241 1710 1420 1780 κύριε.
1453 1715 1609 1782 φησὶ,
1663 1717 1750 1772 ι’να

152 1787 251 1838 καὶ
281 1782 445 1850 αὖθις
463 1789 724 1842 ἀναλάϐω
747 1792 815 1844 τά
841 1793 1136 1863 εἰρημένα,
1169 1800 1252 1852 ὅτι
1286 1805 1559 1869 τοιούτοις
1589 1806 1750 1878 ἔσχες

155 1880 283 1948 περὶ
315 1880 459 1948 ἐμοῦ
495 1880 792 1952 λογισμοὺς
817 1887 910 1938 καὶ
960 1887 1134 1954 οὕτως
1167 1892 1320 1959 ὅλαις
1363 1897 1556 1967 χερσὶν
1585 1901 1746 1955 ἀνελ-

151 1970 319 2022 κύσαι
380 1988 450 2039 με
483 1973 809 2040 φιλονεικεῖς
851 1978 988 2046 πρὸς
1029 1982 1350 2050 τηλικοῦτον
1379 1988 1515 2058 ὕψος
1541 1992 1745 2062 ἀρχῆς,

151 2062 246 2112 τὸν
265 2062 465 2131 εὐτελῆ
497 2062 592 2114 καὶ
617 2064 1026 2136 ἀπερριμένονς
1054 2071 1161 2124 Καὶ
1193 2074 1221 2125 6
1251 2076 1563 2144 ἐπίσκοπος
1589 2097 1603 2112 ο
1663 2083 1746 2134 Δι’

148 2154 254 2216 δτι,
292 2155 487 2224 φησὶν,
521 2156 548 2208 6
579 2157 679 2225 μὲν
709 2157 882 2226 ἐαυτῷ
918 2160 1064 2232 μόνῳ
1100 2164 1205 2227 ζῶν
1238 2169 1332 2221 καὶ
1384 2171 1529 2238 μόνα
1558 2173 1747 2239 καλῶς

145 2249 300 2310 ὅπως
333 2248 450 2317 ἔχοι
496 2250 564 2302 τά
607 2251 728 2304 καθ’
765 2254 956 2307 ἑαυτὸν
994 2262 1294 2329 μεριμνῶν,
1358 2267 1544 2339 ἐαυτῷ
1582 2272 1742 2343 μόνῳ

148 2343 435 2410 περιποιεῖ
470 2341 570 2414 τὴν
630 2343 930 2413 ὠφέλειανς
989 2349 1084 2400 Τὸ·
1111 2351 1167 2404 δὲ
1198 2356 1289 2407 καὶ
1316 2358 1382 2410 τὰ
1413 2361 1528 2414 τῶν
1553 2341 1740 2419 ἄλλων

147 2431 495 2502 ιπανορθοῦν
525 2435 619 2488 καὶ
637 2435 820 2506 ψυχῶν
837 2439 1151 2506 ἐπιμέλειαν
1168 2448 1582 2515 πεπιστεῦσθαι,
1605 2455 1742 2509 ὅσον

140 2512 262 2591 ἲχει
303 2526 363 2576 τὸ
395 2525 591 2595 κέρδος
637 2529 728 2580 καὶ
771 2529 954 2582 ὁποῖον
980 2532 1199 2603 ἀγάπης
1239 2536 1436 2608 δεῖγμα
1461 2512 1739 2617 τῆςνπρδς

145 2616 308 2682 Θεὸν,
347 2618 443 2671 καὶ
467 2621 619 2676 ὅπως
660 2623 876 2693 ἁπάσης
910 2627 1028 2679 ἐστὶ
1071 2629 1251 2695 μεῖζον
1281 2631 1383 2700 τῆς
1413 2635 1550 2702 πρὸς
1577 2616 1742 2694 αύτὶν

146 2708 480 2779 θεραπείας,
507 2712 674 2766 αὑτὸν
702 2717 906 2769 ἐκεῖνόν
931 2735 1016 2772 σοι
1043 2721 1232 2773 τούτου
1258 2726 1571 2796 παρέξομαι
1600 2733 1742 2803 μάρ-

143 2816 318 2870 τυραο
360 2822 379 2854 ι
424 2803 489 2855 Εἰ
527 2804 636 2876 γὰρ
667 2807 839 2874 φιλεῖς
897 2826 988 2878 με,
1055 2811 1250 2884 Πέτρε,
1287 2815 1443 2883 φησι,
1485 2820 1741 2888 ποίμαινε

146 2894 211 2942 τὰ
264 2895 526 2963 πρόϐατά
561 2915 685 2965 μου.
722 2918 739 2950 ι
793 2901 958 2954 "arce
991 2904 1253 2959 τοσοῦτον
1288 2908 1446 2977 μέλει
1489 2913 1609 2982 Θεῷ
1641 2917 1741 2985 τῆς

142 2983 252 3032 τῶν
307 2987 592 3051 ποιμνίων
621 2988 958 3054 ἐπιμελείας,
996 2993 1070 3055 ὡς
1107 2997 1200 3046 καὶ
1244 2999 1501 3067 μέγιστον
1533 3005 1630 3076 τῆς
1662 3009 1740 3071 είς

141 3073 307 3126 αὑτὸν
339 3075 574 3144 ἀγάπης
606 3083 831 3147 σημεῖον
854 3083 950 3150 τὴν
979 3086 1107 3155 περὶ
1139 3088 1312 3141 ταῦτα
1340 3093 1547 3147 τιθέναι
1579 3100 1741 3164 κηδε-

147 3167 360 3234 μονίαν.
424 3170 723 3235 Τοιαύταις
778 3175 1113 3245 συμϐουλαῖς
1179 3197 1236 3231 τε
1281 3183 1374 3234 καὶ
1409 3182 1734 3257 ὑποθήκαις,

139 3261 408 3324 τοιούτοις
443 3264 874 3336 ύποφωνήματι,
908 3270 1152 3335 πεισθείς
1183 3275 1209 3324 6
1246 3274 1566 3345 Ἀϐράμιος,
1611 3282 1744 3351 ἡκο-

143 3351 321 3404 λούθει
355 3356 495 3421 πρὸς
527 3358 627 3424 τὴν
659 3358 811 3409 πόλιν
851 3360 926 3428 τῷ
953 3363 1263 3436 ὲπισκόπῳ,
1301 3371 1558 3425 κάκείνου
1588 3375 1740 3428 τελέ-

143 3457 338 3504 σαντος
376 3444 467 3494 ἐπ’
503 3447 657 3514 αὐτῷ
697 3451 762 3500 τὰ
811 3452 997 3504 εἰκότα
1032 3455 1124 3507 καὶ
1150 3456 1295 3510 οὕτω
1346 3461 1550 3513 τέλειον
1580 3467 1742 3520 αὐτὸν

140 3533 533 3599 ἀναδείξαντος
587 3539 760 3606 ἱερέα,
823 3538 942 3593 εἶτα
983 3546 1076 3595 καὶ
1129 3549 1226 3600 σὺν
1286 3552 1403 3618 ἅμα
1437 3555 1514 3622 τῷ
1552 3557 1740 3628 κλήρῳ

141 3628 307 3677 παντί
353 3630 448 3679 καὶ
483 3629 566 3698 τῷ
605 3629 720 3700 λαῴ
756 3633 946 3687 τοῦτον
994 3639 1446 3708 προπέμψαντος,
1485 3645 1583 3715 τὴν
1613 3666 1741 3718 προ-

139 3724 408 3794 κειμένην
444 3726 662 3780 ὲκεῖθεν
689 3729 803 3784 ὁδὸν
838 3733 1056 3806 ἤρχετο,
1090 3738 1259 3793 πολλά
1289 3743 1492 3811 μεταξὺ

136 3819 512 3889 καλούμενος.

206 3911 286 3965 Θ⁹.
325 3915 634 3982 Γενόμενος
665 3917 721 3970 δὲ
746 3921 887 3975 κατά
921 3922 1020 3992 τήν
1046 3925 1240 3998 κώμην
1277 3930 1372 3983 καὶ
1404 3933 1609 4005 ταύτην
1630 3937 1734 3992 ὑπὸ

139 4006 295 4075 βαθεί
327 4005 521 4076 σκότῳ
555 4007 655 4075 τῆς
687 4011 944 4077 ἀσεϐείας
973 4019 1234 4092 κειμένην
1261 4025 1607 4091 καταλαϐὼν,
1638 4033 1733 4084 καὶ

136 4103 160 4151 ἡ
186 4116 322 4172 φησι
359 4100 387 4152 6
430 4099 579 4162 θεῖος
604 4099 835 4169 Παῦλος,
876 4122 893 4155 ι
931 4106 1043 4176 Τὴν
1070 4109 1164 4161 τοῦ
1195 4115 1536 4182 Μονογενοῦς
1572 4120 1730 4185 δόξαν

137 4181 200 4243 ἐν’
223 4193 547 4264 ὁμοιώματι
597 4195 836 4262 γλυπτοῦ
874 4201 1274 4275 ἀλλαξαμένην,
1335 4226 1354 4258 s
1398 4209 1732 4284 τοιαῦτα·τῷ

134 4285 252 4353 Θεῷ
315 4288 376 4338 ἐν
447 4289 709 4359 συντριϐῇ
762 4296 995 4363 καρδίας
1041 4300 1424 4371 προσηύχετοο
1484 4306 1727 4360 Δέσποτα

2517 547 2581 600 ad
2616 563 2815 604 munus
2855 553 3133 622 accedere,
3159 559 3300 627 quod
3331 564 3439 614 erit

1861 625 2073 692 quidem
2105 644 2264 686 causa
2315 642 2479 690 tanta
2533 639 2834 695 animarum
2891 625 3186 712 utilitatis,
3217 667 3438 719 magnas

1863 726 2040 769 autem
2072 724 2210 788 apud
2241 722 2404 779 Deum
2463 728 2554 782 tibi
2609 733 2915 788 conciliabit
2950 743 3434 799 remunerationes.

1862 806 1953 861 llle
1989 824 2113 865 vero
2143 828 2494 880 perseverans
2528 822 2578 874 in
2608 824 2878 892 prioribus
2912 845 2925 882 :
2967 828 3094 885 Sine
3119 849 3267 901 rogo,
3307 853 3430 891 rur-

1860 914 1952 955 sus
1979 902 2209 971 dicebat,
2235 907 2352 962 sine
2385 926 2470 964 me
2489 913 2622 966 mala
2657 920 2871 987 propria
2907 921 3122 977 deﬂere.
3157 924 3250 978 Ille
3282 942 3429 994 vero,

1861 994 2210 1061 respondens,
2245 1000 2548 1057 acrioribus
2605 1019 2727 1059 eum
2765 1010 2944 1066 verbis
2995 1016 3231 1084 excepit,
3266 1018 3408 1073 Ecce

1857 1081 2063 1148 dicens,
2100 1099 2288 1142 cumet
2319 1094 2598 1160 mundum,
2634 1106 2685 1151 et
2710 1114 2829 1167 qua:
2861 1103 3047 1155 mundi
3089 1115 3214 1160 sunt
3245 1108 3427 1162 omnia

1857 1172 2164 1243 reliqueris,
2197 1190 2250 1233 et
2289 1184 2419 1251 quid
2453 1201 2559 1240 non
2601 1187 2869 1248 laudabile
2911 1195 3130 1262 quidem
3167 1214 3428 1256 exercue-

1858 1264 1952 1329 ris,
1978 1270 2248 1336 quodnam
2297 1285 2477 1330 autem
2532 1278 2624 1334 Dei
2675 1295 3000 1354 pra'ceptum
3042 1303 3144 1342 non
3180 1303 3431 1349 accurato

1856 1363 2176 1428 servaveris,
2211 1367 2262 1420 id
2287 1370 2428 1438 quod
2457 1381 2536 1426 est
2559 1376 2907 1445 praecipuum,
2942 1383 3124 1437 nescio
3159 1387 3430 1453 quomodo

1856 1453 2167 1523 imprudens
2198 1465 2613 1532 praetermisisti,
2651 1485 2844 1540 nempe
2885 1473 3268 1531 obedientiam.
3302 1471 3427 1533 Hac

1854 1558 1976 1598 cum
2013 1547 2099 1602 ille
2128 1552 2387 1609 audiisset
2419 1555 2478 1612 Β.
2507 1559 2796 1616 Abramius
2817 1602 2830 1626 ,
2863 1567 3050 1621 oculos
3084 1566 3322 1622 sull‘usus
3352 1569 3430 1624 la-

1851 1636 2072 1705 crymis,
2129 1649 2183 1694 et
2227 1657 2294 1698 ex
2339 1646 2450 1700 imo
2499 1653 2734 1718 graviter
2791 1655 3109 1721 suspirans:
3148 1657 3278 1724 Quis
3329 1673 3428 1728 ego

1852 1737 1992 1788 sum,
2037 1727 2274 1796 domine,
2319 1734 2535 1794 domine
2573 1740 2666 1806 mi,
2700 1743 2872 1814 inquit
2925 1748 3009 1816 (ut
3049 1763 3238 1804 rursus
3268 1765 3427 1819 repe-

1858 1823 1963 1868 tam
2024 1832 2111 1884 ea,
2150 1836 2270 1891 quae
2323 1825 2464 1882 dicta
2529 1832 2696 1902 sunt),
2746 1843 2806 1888 ut
2837 1837 2904 1889 de
2941 1853 3024 1892 me
3055 1838 3213 1893 talem
3243 1854 3428 1897 susce-

1853 1906 1994 1972 peris
2015 1911 2417 1984 cogitationem,
2457 1928 2512 1974 et
2532 1936 2635 1985 me.
2672 1925 2762 1993 qui
2796 1941 2914 1980 sum
2940 1929 3061 1984 vilis
3089 1930 3424 1998 etabjectus.

1849 1995 1929 2049 sic
1962 2008 2069 2053 rota
2103 2017 2268 2059 manu
2295 2013 2594 2068 contendas
2618 2017 2892 2072 attrahere
2918 2022 2985 2074 ad
3019 2031 3220 2077 tantam
3257 2025 3427 2079 virtu-

1853 2090 1918 2144 tis
1971 2093 2356 2155 altitudinem?
2383 2102 2680 2176 Episcopus
2735 2122 2916 2165 autem
2951 2114 3281 2180 :Quoniam,
3342 2118 3427 2171 in-

1848 2182 1984 2252 quit,
2018 2187 2109 2254 qui
2139 2189 2242 2244 sibi
2285 2194 2506 2262 quidem
2534 2199 2635 2253 soli
2676 2201 2826 2267 vivit,
2866 2215 2926 2258 et
2951 2208 3121 2260 solum
3156 2219 3332 2273 curat,
3367 2220 3426 2264 ut

1850 2290 1936 2329 res
1966 2293 2078 2333 suae
2114 2293 2262 2339 recte
2292 2301 2354 2342 se
2381 2288 2643 2358 habeant,
2676 2295 2778 2350 sibi
2809 2297 2905 2352 soli
2929 2306 3083 2367 parat
3109 2301 3420 2360 utilitatem.

1848 2367 1995 2421 Alios
2047 2380 2226 2427 autem
2283 2379 2558 2446 corrigere
2606 2393 2660 2437 et
2690 2385 2994 2441 animarum
3040 2390 3143 2442 sibi
3184 2391 3423 2445 credita-

1851 2475 1964 2514 rum
2001 2476 2187 2519 curam
2219 2483 2428 2537 gerere,
2463 2483 2724 2542 quantum
2767 2479 2926 2533 habet
2969 2482 3418 2550 emolumentum,

1846 2562 1899 2606 et
1933 2567 2196 2622 quantum
2247 2561 2530 2618 charitatis
2580 2567 2630 2619 in
2679 2567 2840 2622 Deum
2876 2573 3155 2637 indicium,
3189 2584 3242 2630 et
3279 2579 3422 2644 quod

1847 2645 1898 2698 id
1927 2646 1996 2699 sit
2029 2648 2201 2717 majus
2234 2653 2427 2720 quovis
2477 2656 2581 2711 alio
2620 2659 2763 2714 cultu
2798 2661 3076 2720 Creatoris
3104 2677 3155 2720 et
3181 2666 3415 2732 Domini,

1845 2737 2108 2794 adducam
2145 2743 2240 2797 tibi
2275 2744 2418 2801 illius
2464 2747 2631 2818 ipsius
2680 2752 3044 2810 testimonium
3081 2775 3093 2810 :
3137 2774 3155 2808 t
3188 2756 3244 2811 Si
3273 2759 3416 2813 enim

1844 2830 2023 2899 diligis
2078 2850 2184 2901 me,
2244 2838 2422 2907 Petre,
2462 2844 2657 2911 inquit,
2718 2863 2877 2915 pasce
2935 2864 3066 2904 oves
3099 2865 3246 2905 meas
3286 2853 3347 2904 “.
3393 2871 3410 2903 ι

1843 2922 2208 2988 Quamobrem
2234 2928 2339 2985 Deo
2363 2941 2526 2988 tantas
2557 2947 2684 2991 sunt
2733 2955 2876 2994 curae
2923 2958 3131 3012 greges,
3169 2944 3420 2999 utmaxi-

1844 3031 1990 3072 mum
2027 3019 2242 3090 signum
2310 3023 2364 3079 in
2422 3027 2596 3095 ipsum
2639 3030 2964 3100 dileCtionis,
3012 3050 3197 3090 eorum
3228 3052 3415 3090 curam

1842 3121 1967 3163 esse
1995 3121 2216 3168 statuat.
2246 3116 2467 3174 Talibus
2484 3121 2748 3190 consiliis,
2789 3127 3009 3182 monitis
3038 3140 3092 3183 et
3155 3129 3420 3183 sermoni-

1766 3210 1808 3265 ε
1843 3199 1943 3253 bus
1975 3219 2270 3270 persuasus
2321 3211 2631 3279 Abramius,
2668 3218 2976 3287 episcopum
3023 3220 3088 3274 ad
3122 3221 3305 3274 urbem
3337 3231 3433 3274 est-

1840 3303 2077 3348 secutus.
2099 3294 2366 3368 Cumque,
2395 3303 2481 3356 ille
2502 3305 2554 3357 in
2577 3305 2714 3373 ipso,
2759 3322 2878 3377 quae
2901 3324 2996 3378 par
3013 3321 3148 3374 erat,
3178 3313 3417 3381 peregis-

1842 3394 1944 3448 set,
1972 3396 2025 3438 et
2060 3387 2140 3443 sic
2165 3405 2290 3444 eum
2322 3393 2622 3462 perfectum
2673 3411 2910 3460 creasset
2967 3404 3331 3468 sacerdotem,
3364 3415 3418 3460 et

1844 3472 2038 3532 deinde
2087 3496 2208 3538 cum
2262 3495 2372 3540 toto
2400 3488 2547 3545 clero
2573 3501 2629 3546 et
2657 3496 2855 3563 papula
2900 3510 3022 3550 eum
3078 3498 3415 3562 deduxisset,

1843 3572 2175 3633 propositam
2208 3576 2354 3630 illinc
2387 3580 2526 3632 viam
2562 3581 2702 3645 iniit,
2730 3585 2924 3643 multas
2949 3587 3161 3641 interim
3184 3587 3416 3645 fundens

1843 3655 2138 3730 laeryinas,
2175 3676 2230 3720 et
2262 3684 2554 3737 supernum
2580 3674 2839 3730 invocans
2870 3679 3150 3733 auxilium.

1550 3745 1762 3820 δάκρυα
1807 3753 1946 3825 χέων
1983 3759 2078 3812 καὶ
2128 3761 2227 3830 τὴν
2252 3764 2457 3820 ἄνωθεν
2488 3770 2664 3839 ῥοπήν
2691 3787 2748 3822 τε
2782 3771 2874 3823 καὶ
2907 3770 3224 3841 συμμαχίαν
3291 3773 3411 3826 ἑπι-

1911 3942 1998 3997 ΙΧ.
2029 3945 2165 4002 Cum
2198 3959 2380 4006 autem
2415 3953 2651 4010 venisset
2685 3958 2736 4011 in
2772 3957 2976 4024 vicum,
3023 3969 3074 4016 et
3115 3975 3235 4017 eum
3261 3971 3412 4020 inve-

1843 4037 2307 4107 nissetjacenlem
2346 4045 2397 4098 in
2458 4048 2742 4115 profundis
2805 4052 3043 4108 tenebris
3093 4053 3407 4125 impietatis,

1838 4138 1971 4182 etut
1987 4128 2117 4184 dicit
2137 4134 2348 4189 divinus
2371 4135 2565 4193 Paulus
2595 4139 2662 4203 ",
2691 4159 2709 4190 ι
2732 4139 2968 4194 Gloriam
3000 4142 3269 4214 Unigeniti
3297 4165 3410 4204 mtt-

1837 4225 2002 4270 tatam
2029 4219 2082 4273 in
2113 4222 2521 4278 similitudinem
2562 4227 2891 4300 sculptilis,»
2921 4233 3001 4286 sic
3032 4235 3194 4288 Deum
3225 4253 3411 4307 preca-

1839 4309 1996 4364 batur
2049 4312 2102 4365 in
2157 4315 2486 4371 contritione
2534 4319 3021 4392 cordiszBeuigne
3070 4335 3122 4380 et
3174 4328 3410 4387 clemens

135 4378 518 4448 φιλέινθριυττε⁹
546 4380 751 4449 Χριστὲ
798 4385 825 4435 6
865 4387 1023 4455 Θεὸς,
1065 4393 1095 4444 6
1138 4393 1294 4461 μόνος
1326 4398 1550 4462 ἀγαθὸς.
1580 4402 1606 4453 ὁ
1634 4401 1728 4469 μό-

1845 4403 2060 4460 Domine
2089 4406 2308 4462 Christe
2341 4408 2501 4474 Deus,
2540 4413 2629 4481 qui
2675 4427 2734 4468 es
2790 4415 2938 4472 solus
2979 4419 3171 4482 bonus,
3215 4425 3304 4492 qui
3353 4440 3410 4480 es

133 4488 218 4529 νος
269 4470 612 4534 ἀνεξίκακος
650 4471 678 4523 6
734 4476 896 4544 μόνος
943 4479 1219 4551 ἐλεήμων,
1257 4487 1284 4537 6
1322 4487 1412 4538 τὸν
1443 4489 1731 4563 ἄνθρωπον

132 4563 328 4634 ἁφὰτφ
374 4561 757 4639 εύσπλαγχνίᾳ
802 4571 1247 4647 δημιουργήσας,
1307 4578 1334 4629 6
1386 4561 1587 4645 συνιείς
1650 4590 1728 4647 εἰς

133 4654 311 4707 παντα
349 4656 419 4707 τὰ
458 4655 602 4725 ἔργα
638 4659 803 4713 αὑτοῦ
832 4667 924 4718 καὶ
963 4670 1193 4739 καρδίας
1222 4673 1312 4725 καὶ
1343 4678 1572 4742 νεφροὺς
1604 4679 1727 4731 ἐτά-

131 4747 237 4809 ζων
270 4750 370 4803 καὶ
393 4748 686 4816 γινώσκων
713 4756 839 4820 τοὺς
860 4759 1250 4832 διαλογισμοὺς
1271 4769 1458 4830 αὐτοῦ.
1485 4772 1558 4843 μὴ
1591 4791 1731 4846 παρ-

132 4843 242 4912 ίὸης
277 4845 343 4896 τὸ
379 4845 472 4896 σὺν
499 4845 750 4914 πλάσμα,
780 4851 840 4902 τὸ
868 4853 971 4920 τῆς
1004 4857 1105 4926 σῆς
1128 4858 1306 4927 χειρὸς
1335 4843 1727 4935 δημιούργημα

133 4935 320 4999 κακῶς
378 4936 486 4989 ὑπὸ
544 4935 639 4989 τοῦ
673 4942 862 5011 νοητοῦ
902 4946 1076 5016 θηρὸς
1134 4949 1550 5020 ἀπολλύμενον·
1613 4960 1728 5013 ἀλλ’

131 5027 314 5091 ἐξελοῦ
349 5028 558 5092 αὐτοὺς
603 5028 701 5096 τῆς
733 5033 827 5085 τοῦ
870 5036 1076 5105 ἐχθροῦ
1132 5043 1452 5110 τυραννίδος
1497 5049 1590 5099 καὶ
1641 5049 1729 5114 δὸς

132 5119 309 5180 agger;
353 5119 456 5185 τὴν
495 5120 600 5185 τῆς
638 5119 738 5186 σῆς
789 5122 1055 5195 ἀληθείας
1125 5129 1455 5197 ἐπίγνωσιν·
1513 5139 1577 5190 σὺ
1619 5140 1727 5212 γὰρ

131 5206 294 5277 οἱὸας,
329 5211 416 5263 ὅτι
463 5211 531 5263 οὐ
561 5209 720 5282 δόξης
751 5213 940 5271 ἕνεκεν
979 5219 1354 5294 ἀνθρωπίνης,
1380 5226 1517 5280 ἀλλὰ
1551 5206 1726 5303 σωτηξ

134 5304 248 5364 ρίας
278 5303 502 5371 ψυχῶν.
545 5303 644 5370 τὴν
666 5307 919 5374 φροντίδα
952 5313 1166 5382 ταύτην
1196 5317 1290 5366 καὶ
1320 5317 1419 5385 τὴν
1447 5318 1726 5377 διακονίαν

133 5393 494 5463 ἀνεδεξάμην.
558 5392 742 5447 Ταῦτα
801 5402 1106 5472 τοιγαροῦν
1145 5409 1592 5479 προσευξάμενος
1632 5419 1724 5470 καί

131 5504 245 5540 τινα
274 5487 386 5540 τῶν
424 5485 867 5555 ὑπολειφθέντων
891 5495 1063 5551 αὑτοῦ
1096 5500 1398 5570 χρημάτων
1433 5506 1583 5574 πάρᾶ
1629 5511 1723 5564 τοῦ

134 5579 300 5650 φίλου,
335 5576 379 5646 ᾧ
424 5583 519 5651 τὴν
547 5582 750 5635 τοίτων
783 5586 1007 5642 ἀνέθετο
1043 5593 1304 5660 πρόνοιαν
1328 5600 1720 5672 κομισάμενος,

134 5669 268 5726 οἰκον
301 5674 369 5726 δι’
401 5672 590 5726 αὐτῶν
617 5677 902 5748 εὐκτήριον
933 5682 1215 5755 ἀνεγείρει
1248 5688 1717 5758 ἐπιτερπέστατόν

206 5837 239 5864 ¹¹
279 5836 412 5889 Joan
478 5853 596 5899 XXI,
637 5840 716 5892 17.
801 5844 839 5871 ¹¹
874 5847 1032 5903 Rom.
1071 5866 1108 5915 l,
1143 5854 1220 5907 95.

1837 4496 1985 4548 solus
2017 4500 2247 4563 patiens,
2279 4503 2369 4568 qui
2402 4518 2462 4556 es
2503 4505 2651 4558 solus
2685 4506 3014 4574 misericors,
3070 4515 3161 4581 qui
3208 4518 3407 4570 creasti

1837 4586 2116 4644 hominem
2146 4591 2484 4664 benignitate
2519 4596 2798 4664 ineffabili,
2825 4602 2917 4672 qui
2941 4603 3196 4676 intelligis
3227 4609 3408 4664 omnis

1835 4694 1997 4749 Opera
2030 4684 2165 4753 ejus,
2199 4697 2256 4740 et
2285 4692 2449 4742 corda
2478 4702 2533 4745 et
2565 4707 2722 4747 renes
2747 4696 3046 4762 examinas,
3073 4711 3131 4753 et
3154 4699 3407 4770 intelligis

1835 4774 1952 4840 ejus
2007 4779 2366 4848 cogitationes
2398 4795 2412 4833 :
2443 4798 2511 4836 ne
2561 4785 2830 4853 despicias
2880 4797 3028 4842 tuum
3072 4791 3405 4861 ﬁgmentum,

1833 4883 1968 4933 opus
1999 4879 2205 4928 uiarum
2234 4887 2518 4942 manuum,
2547 4878 2689 4946 quod
2718 4880 2853 4934 male
2885 4891 3108 4938 necatur
3144 4901 3171 4939 a
3208 4887 3403 4950 bellua.

1833 4974 1952 5026 qua:
1984 4961 2280 5030 percipitur
2313 4967 2669 5038 intelligentia
2704 4990 2717 5026 :
2756 4973 2850 5028 sed
2884 4974 3050 5030 libera
3081 4993 3197 5032 eos
3244 4995 3273 5032 a
3325 4992 3404 5051 ty.

1835 5053 2057 5106 rannide
2082 5053 2308 5120 inimici,
2341 5066 2394 5111 et
2426 5060 2491 5111 da
2517 5060 2597 5113 eis
2624 5063 2867 5116 veritatis
2900 5073 3004 5117 tum
3048 5067 3400 5136 agnitionem.

1830 5139 1909 5194 Tu
1936 5147 2080 5198 enim
2107 5149 2235 5210 scis,
2272 5152 2414 5217 quod
2445 5164 2547 5204 non
2589 5163 2808 5222 propter
2833 5153 3119 5209 humanam
3149 5159 3403 5229 gloriam,

1830 5239 1921 5290 sed
1948 5249 2168 5307 propter
2201 5242 2503 5298 animarum
2541 5246 2772 5301 salutem
2804 5250 3014 5317 suscepi
3050 5252 3188 5306 hanc
3213 5271 3397 5309 curam

1829 5337 1888 5380 et
1922 5331 2022 5382 hoc
2055 5331 2434 5390 ministerium.
2461 5336 2598 5390 Cum
2631 5339 2710 5391 sic
2772 5352 2899 5408 ergo
2927 5352 3074 5396 esset
3123 5355 3396 5412 precatus,

1828 5430 1885 5472 et
1909 5423 2116 5488 aliquas
2161 5427 2458 5496 accepisset
2519 5431 2799 5497 pecunias,
2853 5449 2971 5503 qute
3027 5449 3392 5492 remanserant

1830 5515 1968 5583 apud
1993 5517 2249 5577 amicum.
2290 5521 2376 5574 cui
2430 5536 2620 5576 curans
2653 5527 3010 5580 commiserat
3058 5526 3396 5598 facultatum,

1830 5625 1893 5664 ex
1925 5611 2052 5679 ipsis
2077 5613 2243 5667 aedem
2269 5617 2502 5670 exstruit
2540 5620 2834 5674 oratoriam
2861 5620 3017 5690 longe
3051 5621 3391 5692 elegantissi-

1833 5717 1990 5759 mam.
2032 5701 2313 5775 Postquam
2347 5719 2523 5763 autem
2554 5709 2759 5766 finitum
2813 5712 2912 5769 fuit
2970 5714 3274 5781 aedificium,
3313 5717 3398 5771 in-
