4180 6490
193 422 260 486 57
1487 427 1679 487 VITA‘
1706 428 1766 487 S.

1883 429 2069 491 38AM
2082 435 2104 491 l
2116 433 2137 492 Ι
2148 480 2166 495 .
3403 435 3471 498 58

254 539 357 595 IA'.
392 538 498 602 Είς
538 537 598 592 δι
632 537 736 609 τὴν
764 534 1033 591 imo-361v
1067 533 1164 588 καὶ
1209 535 1259 587 oi
1296 541 1652 611 χριστομάχοι
1684 540 1780 609 θῆ-

1957 543 2049 598 XI.
2085 545 2177 600 Die
2209 556 2387 601 autem
2430 549 2680 617 sequenti
2729 546 2923 603 bellua:
2972 547 3075 603 illa:
3124 547 3324 603 Christi
3370 549 3473 604 ini-

190 650 279 706 ρες
330 632 544 685 ὶκεῐνοι
596 630 768 683 πάλιν
819 630 881 681 ἐν
911 625 1069 696 αὐτῷ
1113 627 1424 699 γενόμενοι,
1461 634 1558 686 καὶ
1602 632 1792 687 τοῦτον

190 724 349 795 εὐχῆς
377 723 646 793 εὑρόντες
679 723 801 775 ἐκεῖ
852 721 948 774 καί⁸
978 718 1170 788 ὕμνων
1201 723 1517 793 εὐχόμενον,
1569 726 1671 780 οὐκ
1711 726 1792 779 ἔτι

190 818 375 887 πράως
411 818 673 884 ἐνεγκεῖν
730 815 1108 885 ἠδυνήθησαν,
1136 814 1280 868 ἀλλά
1311 818 1524 887 πληγάς
1551 837 1609 873 τε
1641 820 1792 891 αὑτῷ

188 909 281 972 τὰς
300 907 644 979 προτέραςῆ
693 905 875 975 πολλῷ
904 908 1003 958 καὶ
1060 904 1323 975 μείζονας
1362 910 1663 975 ἐπιθέντες,
1703 911 1791 963 δε-

191 1000 343 1067 σμοῖς
370 1014 433 1050 τε
456 1001 579 1060 τοῖς
609 998 820 1068 ὁμοίοις
849 996 1252 1061 ὐποὸαλόντες,
1307 1000 1500 1071 τιόρρω
1532 1019 1634 1054 που
1691 1003 1790 1070 τῆς

189 1088 375 1158 κώμης
396 1090 669 1160 φέροντες
716 1089 971 1160 ἔρριψαν.
1008 1087 1240 1151 Τούτοις
1292 1084 1389 1143 οὖν
1419 1094 1604 1160 τρίτον
1659 1092 1791 1161 ἑξῆς

189 1181 538 1250 ἔνεκαρτέρει
567 1184 762 1251 χρόνον
796 1182 1114 1252 Ἀϐράμιος,
1138 1181 1241 1237 οὐκ
1268 1181 1537 1247 ὀκλάσας,
1566 1184 1627 1236 ού
1661 1184 1793 1236 καθ-

190 1273 357 1341 υφεὶς,
382 1274 445 1325 οὺ
474 1274 883 1343 καθευξάμενος
908 1274 1300 1336 ούδενὸς,ἀλλά
1327 1274 1411 1345 τῷ
1438 1277 1595 1342 μίσει
1620 1291 1791 1346 προσ-

188 1361 352 1424 τιθεὶς
397 1360 499 1433 τὴν
550 1365 800 1432 ἀγάπην,
854 1365 931 1433 τῷ
964 1364 1121 1434 θυμῷ
1179 1364 1278 1435 τὴν
1321 1366 1643 1437 πραότητα,
1675 1367 1795 1429 ταῖς

189 1451 477 1522 λοιδορίαις
534 1454 640 1517 τὰς
699 1454 973 1523 εὐλογίας,
1025 1453 1320 1520 νουθετῶν,
1372 1456 1790 1526 συμὸουλεύων,

188 1544 526 1613 παρακαλῶν
577 1544 709 1608 τοὺς
764 1545 1101 1616 πρεσϐύτας,
1155 1547 1285 1609 τοὺς
1342 1547 1547 1613 νέους,
1610 1550 1793 1603 πᾶσαν

188 1633 369 1696 ἁπλῶς
400 1634 650 1702 ἡλικίαν,
681 1635 756 1697 ὡς
780 1637 1048 1705 πατέρας,
1079 1636 1155 1699 ώς
1177 1638 1370 1701 τέκνα,
1393 1639 1477 1700 ὡς
1502 1638 1787 1707 ἀδελφοὺς,

185 1721 335 1774 ούδὶν
352 1723 496 1784 ὅλως
527 1724 758 1791 ἀγεννὲς
784 1725 906 1777 οὐδὲ
933 1726 1276 1797 μικρόψυχον
1332 1726 1787 1797 ἐνδεικνύμενος,

1896 642 2069 703 micae,
2103 655 2228 694 cum
2270 639 2378 694 illic
2441 657 2631 696 rursus
2669 642 2966 707 venissent,
2997 649 3051 695 et
3073 657 3194 696 eum
3224 649 3468 696 orantem

1896 735 2246 798 invenissent,
2278 749 2344 790 ne
2402 743 2531 787 tunc
2585 733 2799 802 quidem
2856 740 3149 802 potuerunt
3212 733 3261 786 id
3330 730 3471 785 ferre

1895 827 2337 882 moderate:sed
2392 841 2514 879 cum
2567 827 2613 879 ei
2669 826 2855 894 plagas
2915 824 3144 893 priores,
3179 833 3270 877 aut
3302 823 3466 876 etiam

1896 920 2066 974 multo
2089 919 2326 989 majores
2359 919 2769 987 imposuissent,
2801 927 2858 970 et
2886 933 3009 971 eum
3040 916 3304 970 similibus
3349 916 3467 969 vin-

1895 1013 2030 1068 culis
2061 1012 2370 1081 alligassent
2401 1022 2456 1066 et
2487 1011 2802 1072 traxissent,
2841 1010 3079 1079 procula
3134 1009 3251 1062 vico
3287 1007 3464 1077 proje-

1895 1115 2105 1160 cet-unt.
2140 1104 2195 1157 In
2224 1105 2307 1158 bis
2337 1119 2466 1174 ergo
2509 1118 2567 1156 se
2611 1111 2721 1155 tres
2753 1116 2922 1154 annos
2971 1101 3229 1167 deinceps
3254 1099 3467 1153 fortiter

1895 1198 2060 1267 gessit
2092 1197 2403 1259 Abramius,
2438 1210 2541 1248 non
2567 1193 2792 1261 fractus,
2838 1208 2944 1247 non
2983 1192 3204 1256 cedens,
3242 1206 3341 1243 nec
3371 1188 3465 1241 ulli

1898 1289 2037 1343 male
2073 1290 2418 1357 imprecans:
2457 1285 2551 1340 sed
2585 1285 2712 1340 odio
2756 1285 3080 1339 cliaritatem
3143 1284 3462 1350 adiungens,

1896 1380 1991 1435 ira
2023 1378 2512 1441 mansuetudinem,
2543 1375 2844 1429 maledicus
2888 1372 3313 1434 benedictiones,
3366 1369 3464 1422 ad-

1897 1485 2140 1534 monens,
2164 1469 2471 1533 consulens,
2502 1468 2818 1529 adhortans,
2843 1479 3023 1528 senes,
3070 1463 3460 1522 adolescentes,

1895 1580 2140 1627 omnem,
2189 1575 2249 1617 ut
2292 1560 2457 1616 semel
2491 1560 2693 1623 dicam,
2725 1568 2964 1623 aetatem,
2999 1565 3054 1610 ut
3088 1568 3289 1623 patres,
3321 1563 3377 1607 ut
3405 1550 3467 1604 li-

1894 1655 2014 1720 lios,
2038 1654 2348 1715 ut'l'ratres,
2377 1650 2618 1718 nihilque
2649 1651 2875 1702 omnino
2895 1648 3202 1706 ostendens,
3224 1644 3367 1712 quod
3391 1644 3464 1696 sit

1895 1750 2071 1818 pusilli
2120 1756 2175 1803 et
2229 1746 2422 1816 abiecti
2477 1746 2683 1798 animi:
2718 1744 2811 1798 sed
2855 1744 3029 1811 reipsa
3063 1740 3313 1810 implens,
3344 1751 3463 1813 quat

186 1811 294 1916 ἀλλ’
318 1812 472 1883 ιργῳ
502 1813 567 1867 τὸ
602 1814 697 1867 τοῦ
737 1813 883 1868 θείου
923 1814 1087 1870 Δαυτδ
1116 1817 1447 1888 ἐκπληρῶν,
1486 1818 1585 1870 καὶ
1616 1820 1780 1886 ἀναγ-

1896 1851 2023 1896 sunt
2071 1839 2236 1893 divini
2293 1836 2531 1900 Davidis,
2573 1846 2630 1890 et
2685 1836 2824 1889 inter
2854 1833 3206 1889 necessitates
3237 1839 3292 1883 et
3322 1811 3460 1883 ainio

184 1904 293 1956 κῶν
325 1905 537 1974 μεταξὺ
580 1906 675 1959 καὶ
704 1905 934 1975 θλίψεων
961 1909 1061 1971 τάς
1086 1909 1312 1973 ἐντολὰς
1366 1910 1589 1980 Κυρίου
1626 1909 1788 1980 μελέ-

182 2011 278 2063 την
331 1995 703 2066 ποιούμενος⁶
762 1999 849 2051 διὰ
905 1998 1081 2053 ταῦτα
1113 2001 1177 2072 δὴ
1211 2004 1309 2055 καὶ
1345 2002 1666 2072 ἐξήνθησεν
1696 2004 1786 2056 ἐπ’

181 2088 340 2142 αὑτὸν
360 2089 422 2143 τὸ
455 2090 712 2161 ἀγίασμα
741 2090 908 2144 αὐτοῦ
942 2092 1037 2145 καὶ
1090 2095 1538 2165 συνεληλυθότες
1581 2095 1787 2165 ἀθρόον

179 2182 227 2234 oi
255 2183 451 2255 πρώην
476 2184 701 2248 άσεὸεἰς
727 2186 920 2240 ἐκεῖνοι
950 2185 1043 2239 καὶ
1073 2186 1320 2242 ἄπιστοι·
1346 2189 1495 2242 Θεοῦ
1526 2188 1586 2243 δὲ
1619 2190 1787 2243 τοῦτο

182 2276 397 2339 πάντως
453 2275 554 2330 τοῦ
590 2277 932 2342 παιδεύοντος
965 2279 1252 2350 ἄνθρωπον
1302 2284 1517 2350 γνῶσιν
1544 2286 1645 2337 καὶ
1680 2285 1784 2353 τῆς

178 2368 385 2421 ἑκείνου
426 2369 563 2439 περὶ
619 2371 709 2423 τὸν
772 2370 1064 2441 ’Ᾱύράμιον
1102 2372 1361 2441 χάριτοςο
1394 2376 1782 2446 συναχθέντες

180 2457 270 2515 οὗν
298 2462 510 2524 πάντες
534 2464 587 2514 oi
618 2461 712 2531 τὴν
732 2463 923 2532 κώμην
952 2463 1166 2533 ἐκείνην
1193 2463 1499 2531 οίκοῦντες·,
1546 2468 1649 2522 καὶ
1682 2464 1777 2522 οἷα

181 2554 322 2617 sive;
351 2556 411 2606 ἐν
444 2556 740 2624 συναγωγῇ
770 2554 1007 2625 πλήθους
1055 2558 1269 2625 ὁμιλίας
1303 2575 1361 2610 τε
1399 2559 1608 2630 πολλῆς
1669 2563 1776 2616 καὶ

180 2645 354 2715 λόγων
384 2645 658 2699 πάντοθεν
687 2648 1013 2717 κινουμένων
1037 2650 1102 2699 τὰ
1134 2648 1224 2701 τοῦ
1258 2650 1452 2719 ἀνδρὸς
1479 2653 1560 2712 είς
1595 2654 1772 2721 μέσον

182 2740 489 2809 παρήγετο,
524 2739 624 2792 καὶ
644 2738 826 2808 θαῦμα
872 2741 969 2801 τὰς
1004 2740 1252 2792 ἁπάντων
1288 2741 1531 2809 ἐπλήρου
1558 2742 1768 2809 ψυχὰς,

184 2832 275 2884 καὶ
309 2832 508 2893 δεινῶς
532 2830 752 2899 ὑπὸτῆς
783 2830 1090 2899 ὲκπλήξεως
1114 2830 1480 2901 ἀπορούμενοι
1505 2846 1519 2860 ·
1544 2830 1771 2901 Ὁρᾶτε,

186 2922 318 2993 πρὸς
353 2923 631 2992 ἀλλήλους
656 2917 979 2988 ﬂavom-cia
1011 2923 1153 2974 κατά
1181 2923 1273 2975 τοῦ
1310 2924 1614 2992 Ἀὖραμίου
1644 2914 1777 2996 ἡμίν

1894 1933 2104 1989 etiones
2136 1931 2403 1985 meditans
2432 1936 2696 1998 praecepta
2746 1926 2956 1983 Domini
2995 1924 3061 1977 “.
3096 1922 3321 1991 PrOpter
3349 1922 3462 1974 haec

1891 2023 1946 2077 in
2003 2023 2170 2090 ipsum
2228 2019 2407 2073 ﬂoruit
2471 2022 2587 2086 ejus
2635 2018 3013 2077 sanctiﬁcatio.
3048 2014 3180 2069 Nam
3217 2027 3339 2068 eum
3372 2024 3461 2065 re-

1889 2120 2051 2181 pente
2082 2111 2465 2165 convenissent
2494 2109 2589 2172 illi,
2624 2108 2713 2176 qui
2739 2118 2912 2172 nuper
2932 2110 3088 2159 erant
3118 2100 3262 2167 impii
3293 2109 3347 2150 et
3377 2098 3461 2149 in-

1889 2202 2077 2258 ﬁdeles
2099 2204 2205 2267 (cst
2232 2210 2409 2255 autem
2433 2201 2534 2253 hoc
2556 2196 2649 2250 Dei
2678 2195 2919 2256 omnino,
2946 2192 3037 2260 qui
3083 2193 3233 2246 docet
3279 2188 3458 2242 homi-

1887 2310 2016 2349 nem
2085 2292 2392 2352 scientiam,
2432 2298 2487 2343 et
2547 2288 2692 2342 illius
2743 2286 2929 2355 gratia:
2983 2285 3037 2337 in
3093 2277 3453 2347 Abramium),

1887 2398 2187 2453 omnesque
2218 2382 2305 2449 qui
2345 2382 2493 2437 illum
2527 2380 2702 2434 vicum
2762 2378 3100 2439 habitabant,
3145 2369 3455 2442 congregati

1883 2489 2093 2546 essent,
2124 2485 2202 2539 et,
2223 2484 2282 2530 ut
2298 2486 2388 2531 est
2406 2477 2827 2529 consentaneum
2848 2471 2900 2524 in
2914 2476 3052 2523 cmtu
3070 2465 3449 2527 multitudinis,

1880 2582 2169 2628 sermones
2210 2567 2353 2624 omni
2405 2581 2468 2620 ex
2504 2575 2656 2635 parte
2704 2565 3049 2624 haberentur,
3082 2574 3170 2614 res
3212 2554 3456 2613 Abramii

1879 2664 1932 2718 in
1986 2662 2225 2715 medium
2282 2657 2671 2718 adducebatur,
2710 2662 2764 2707 et
2794 2652 3036 2706 omnium
3068 2648 3232 2702 animi
3266 2644 3458 2714 imple-

1880 2756 2082 2810 bantur
2114 2751 2491 2806 admiratione.
2525 2746 2710 2817 Itaque
2736 2760 2859 2799 cum
2881 2758 2989 2811 pra
3011 2749 3231 2810 stupore
3258 2738 3309 2793 in
3342 2751 3457 2789 ma-

1880 2862 2040 2915 gnam
2073 2848 2295 2902 addueti
2334 2850 2520 2906 essent
2572 2837 2959 2893 dubitationem
2995 2851 3013 2887 :
3051 2830 3278 2895 \‘idetis,
3312 2830 3454 2885 dice-

1883 2937 2013 2992 bant
2064 2938 2204 2990 inter
2257 2950 2316 2989 se
2369 2934 2619 2995 invicem,
2680 2929 2857 2994 qualia
2893 2942 2923 2979 a
2967 2925 3124 2979 nobis
3162 2924 3301 2974 [acta
3328 2925 3458 2974 sunt

187 3016 481 3083 εἴργασται
511 3016 523 3065 l
552 3016 579 3065 ὁ
609 3013 666 3065 δὲ
700 3014 836 3083 πρὸς
884 3014 1035 3079 ἡμᾶς
1063 3014 1212 3074 ὅπως
1262 3014 1521 3083 χρηστῶς
1549 3015 1663 3086 ἔχει
1689 3017 1780 3070 καὶ

1887 3031 2146 3083 adversus
2178 3026 2488 3082 Abramium
2517 3042 2529 3077 :
2560 3023 2648 3077 ille
2694 3029 2871 3073 autem
2925 3030 3085 3086 quam
3119 3013 3346 3082 benigne
3400 3018 3457 3064 et

186 3106 622 3179 φιλανθρώπως,
650 3107 745 3157 καὶ
777 3106 895 3175 μεθ’
921 3107 1054 3176 ὅσης
1082 3106 1347 3176 εὐψυχίας
1383 3107 1483 3157 καὶ
1537 3112 1780 3172 γενναιό-

1886 3124 2181 3178 clementer
2216 3125 2270 3177 in
2300 3140 2397 3178 nos
2423 3137 2482 3178 se
2520 3121 2678 3191 gerit,
2709 3129 2979 3187 quamque
3022 3111 3236 3165 fortiter
3266 3122 3329 3160 ac
3358 3119 3455 3173 ge-

183 3215 348 3267 τητος
388 3200 494 3267 τὴν
540 3198 815 3267 τοσαύτην
869 3198 1184 3266 ὑπήνεγκεν
1224 3197 1495 3267 ἐπιφοράν
1539 3198 1646 3249 τῶν
1676 3198 1780 3251 δει-

1888 3226 2081 3265 ncrose
2108 3214 2229 3265 tulit
2265 3214 2425 3278 mala,
2458 3227 2578 3281 qute
2609 3218 2729 3265 sunt
2765 3208 2815 3262 ei
2848 3204 3036 3260 illata?
3066 3202 3296 3257 Omnino
3351 3194 3456 3251 nisi

184 3292 330 3358 νῶν;
367 3294 614 3355 Πάντως
662 3292 711 3343 εἱ
753 3294 826 3361 μή
860 3309 945 3355 τις
976 3287 1045 3361 ἦν
1074 3292 1206 3354 Θεὸς
1239 3292 1410 3354 ἀΐδιος
1436 3290 1659 3358 ἀληθῶς
1690 3294 1784 3346 καὶ

182 3386 463 3446 ἀθάνατος
490 3385 655 3448 ἀξίας
677 3385 784 3437 τῶν
838 3386 1016 3438 πόνων
1052 3386 1149 3440 καὶ
1202 3385 1437 3456 ἀμοιϐὰς
1474 3386 1783 3441 ἀποδιδόναι

182 3477 514 3543 δυνάμενος,
557 3475 659 3526 οὐκ
705 3475 769 3543 ἀν
826 3474 1165 3545 τηλικαύτην
1211 3474 1277 3529 δι’
1310 3476 1475 3530 αὑτὸν
1502 3477 1782 3546 ὑπομονὴν

183 3570 538 3633 ἐπεδείξατο.
574 3566 687 3617 Καὶ
732 3564 994 3635 τάθεῶν
1058 3567 1114 3617 δὲ
1143 3565 1431 3634 ἡμετέρων
1482 3566 1779 3634 ἀγάλματα

180 3661 353 3714 εἴδετε
395 3661 478 3721 ὡς
517 3656 752 3726 ἀπονητὶ
807 3660 982 3710 πάντα
1032 3658 1129 3723 κα).
1176 3657 1379 3727 ῥᾳδίως
1437 3657 1776 3726 κατέστρεψε

182 3757 276 3809 καὶ
305 3755 498 3818 οὐδεὶς
531 3752 777 3823 ἠδυνήθη
812 3752 923 3806 τῶν
946 3752 1205 3807 τοιούτων
1230 3751 1367 3808 θεῶν
1397 3752 1521 3806 οὐδὲ
1546 3752 1648 3807 κᾶν
1676 3756 1773 3808 αὖ·

181 3845 271 3909 τδς
303 3845 499 3914 ἑαυτῷ
532 3844 818 3911 ἐπαμῦναι
845 3843 945 3914 τὴν
973 3843 1137 3907 ’ύὸριν
1161 3861 1176 3908 ;

249 3939 358 3992 IB'.
406 3938 606 3989 Ταῦτα
657 3938 857 3989 ἐκεῖνοι
926 3939 1026 4005 μδν
1084 3936 1223 4007 πρὸς
1267 3935 1531 4004 ἀλλήλους
1568 3934 1774 4003 ελεγον.

181 4033 317 4099 Θεὸς
348 4034 410 4087 δὲ
443 4032 608 4093 τέλος
643 4032 753 4092 τοῖς
784 4030 1030 4101 ῥήμασιν
1070 4032 1308 4099 ἐπέθηκε
1326 4030 1521 4097 δεξιὸν,
1560 4031 1653 4084 καὶ
1679 4030 1776 4091 τὰς

179 4126 363 4197 ψυχὰς
434 4123 609 4186 εὐθὺς
665 4120 1194 4194 διαθερμανθέντεςο
1254 4122 1417 4174 Δεῦτε
1447 4120 1778 4191 πάντες,τῷ

179 4219 413 4291 χρηστῷ
438 4218 605 4288 ἀνδρὶ
628 4216 800 4285 τούτῳ
834 4215 1257 4288 προσπέσωμεν,
1309 4208 1482 4274 εἷπον,
1515 4212 1778 4282 συνθέμε-

180 4328 261 4364 νοι
293 4310 381 4380 τῷ
408 4311 509 4363 ὑπ’
541 4308 711 4361 αὑτοῦ
748 4307 1145 4378 κηρυσσομένῳ
1200 4306 1340 4376 Θεῷ.
1399 4307 1510 4359 Καὶ
1560 4305 1674 4374 ἅμα
1697 4304 1777 4375 τῷ

177 4404 325 4473 λόγῳ
358 4402 766 4470 συντρέχουσιν
795 4398 995 4452 αὐτίκα
1044 4398 1180 4468 πρὸς
1212 4399 1303 4451 τὸν
1334 4401 1484 4460 ναὸν,
1524 4396 1776 4467 καθάπερ

180 4496 288 4550 ὑπὸ
340 4496 453 4567 μιᾷ
495 4495 567 4562 τῇ
613 4490 829 4563 γλώττῃ
865 4490 959 4543 καὶ
991 4492 1056 4561 τῇ
1089 4490 1233 4561 ψυχῇ
1271 4489 1600 4560 κράζοντες*
1638 4490 1776 4555 Δόξα

181 4608 285 4655 σοι,
312 4590 399 4660 τῷ
443 4585 733 4655 πέμψαντι
758 4584 847 4637 τὸν
897 4582 1084 4637 δοῦλον
1111 4582 1279 4639 αὐτοῦ
1320 4581 1619 4653 Ἀσράμιον
1653 4582 1775 4652 Θεῷ
1810 4580 1851 4607 υ
1879 4580 2025 4647 caeli,

178 4681 275 4736 τοῦ
304 4676 560 4753 ούρανοῦ
585 4692 602 4729 f
644 4675 846 4741 ἐξελεῖν
875 4677 1021 4742 ἡμᾶς
1041 4676 1140 4743 τὴν
1162 4674 1269 4728 τῶν
1292 4673 1525 4727 εἰδώλων
1552 4670 1771 4741 ἀχλύος.

184 4774 366 4844 Ὅπερ
391 4775 423 4825 ὁ
459 4766 740 4840 μακάριος
784 4766 993 4827 ἐκεῖνος
1025 4765 1159 4832 παρ’
1187 4764 1381 4818 ἐλπίδα
1412 4766 1591 4817 πᾶσαν
1625 4761 1771 4828 ίδὼν,

179 4866 273 4920 καί
296 4880 451 4926 τινος
475 4862 696 4931 ἀφάτου
718 4860 813 4930 τὴν
833 4856 1060 4929 καρδίαν
1078 4855 1384 4927 πληρωθεὶς
1408 4856 1771 4928 εὐφροσύνης,

180 4958 431 5028 ἁρπάζει
514 4953 864 5022 παραχρῆμα
910 4952 1007 5004 τὸν
1067 4948 1257 5020 καιρὸν
1297 4947 1393 5001 καί
1434 4963 1450 4979 ν
1485 4943 1557 4999 Ὦ
1607 4950 1770 5001 πατέ-

182 5060 271 5110 ρες
304 5046 367 5096 ὲν
405 5038 638 5111 Κυρίῳ,
676 5038 768 5091 καὶ
797 5037 982 5101 τέκνα,
1011 5036 1107 5090 καὶ
1126 5036 1363 5105 ἀδελφοὶ,
1391 5037 1555 5106 φησι,
1586 5036 1768 5102 δεῦτε,

1885 3311 2028 3357 esset
2072 3316 2198 3356 vere
2244 3303 2388 3360 Deus
2435 3304 2628 3370 aliquis
2653 3310 2883 3354 aeternus
2910 3304 2962 3351 et
2999 3291 3336 3353 immortalis,
3364 3286 3455 3357 qui

1884 3410 2059 3470 potest
2092 3416 2190 3469 pro
2214 3399 2457 3453 laborum
2491 3395 2700 3449 meritis
2726 3391 2949 3445 reddere
2970 3384 3455 3444 remuneratioiics,

1883 3491 1989 3547 non
2012 3491 2339 3547 ostendisset
2367 3498 2569 3543 tantam
2616 3501 2714 3554 pro
2747 3484 2861 3551 ipso
2908 3476 3263 3535 tolerantiam.
3289 3472 3456 3526 Porro

1882 3593 2060 3640 autem
2096 3584 2319 3635 deorum
2351 3588 2655 3633 nostrorum
2682 3573 2942 3642 imagines
2968 3569 3157 3622 videtis
3178 3579 3338 3634 quam
3371 3561 3455 3617 ia-

1880 3676 1983 3741 cile
2022 3684 2077 3730 et
2106 3675 2239 3728 citra
2272 3672 2437 3726 ullum
2468 3671 2706 3726 laborem
2758 3664 2971 3723 evertit,
3001 3675 3179 3736 neque
3220 3659 3360 3714 ullus
3388 3672 3453 3711 es

1882 3769 1950 3825 iis
1975 3769 2079 3823 diis
2112 3766 2297 3839 potuit
2319 3781 2348 3820 a
2374 3780 2431 3821 se
2459 3761 2776 3835 propulsare
2808 3756 3056 3825 iniuriam
3082 3753 3105 3807 2

1952 3942 2069 3998 XII.
2100 3940 2223 3995 Haec
2251 3940 2325 3993 illi
2353 3937 2569 4007 quidem
2602 3937 2742 3989 inter
2778 3947 2839 3987 se
2867 3930 3141 3984 dicebant.
3196 3926 3333 4007 Deus
3351 3940 3451 3979 au-

1884 4046 1988 4091 tem
2044 4033 2223 4089 verbis
2265 4032 2424 4087 linem
2478 4028 2735 4097 imposuit
2783 4022 3216 4080 convenientem.
3248 4006 3289 4072 li
3309 4017 3450 4073 enim

1880 4126 2129 4196 protinus
2162 4124 2372 4179 incitati
2406 4120 2623 4184 animis,
2670 4118 2921 4173 dixerunt
2949 4129 2964 4167 :
2996 4113 3199 4166 Adeste
3242 4123 3455 4174 omnes,

1879 4217 1947 4270 ad
1968 4215 2127 4284 huius
2158 4214 2283 4267 boni
2319 4213 2419 4266 viri
2444 4226 2615 4280 genua
2646 4208 3011 4278 procidauius,
3041 4202 3447 4257 consentientes

1878 4305 2009 4369 Deo,
2041 4306 2133 4374 qui
2162 4304 2229 4358 ab
2257 4305 2371 4371 ipso
2397 4302 2742 4372 praedicatur.
2780 4297 2911 4366 Quae
2965 4293 3123 4351 simul
3159 4302 3322 4361 atque
3373 4291 3455 4345 di-

1880 4399 2104 4460 xissent,
2135 4404 2466 4450 concurrunt
2495 4392 2741 4463 protinus
2768 4392 2833 4443 ad
2863 4388 3147 4456 templum,
3196 4394 3449 4452 tanquam

1879 4503 1983 4542 una
2026 4488 2209 4554 lingua
2268 4496 2322 4539 et
2382 4488 2562 4539 anima
2616 4484 2915 4537 clamantes
2946 4496 2963 4533 :
2990 4477 3171 4531 Gloria
3210 4475 3304 4529 tibi
3344 4476 3453 4529 Deo

2083 4580 2175 4651 qui
2227 4578 2423 4634 misisti
2450 4590 2665 4632 servum
2706 4584 2856 4629 tuum
2892 4569 3228 4634 Abratnium,
3261 4576 3319 4620 ut
3352 4578 3451 4621 nos

1879 4674 2353 4730 asimulacrorum
2410 4671 2668 4725 liberaret
2729 4667 2979 4735 caligine.
3028 4661 3179 4729 Quod
3230 4658 3449 4729 quidem

1876 4780 1997 4819 cum
2026 4764 2113 4819 ille
2139 4764 2328 4819 beatus
2357 4762 2577 4815 vidisset
2597 4768 2791 4827 praeter
2819 4769 3033 4810 omnem
3059 4768 3233 4822 spem,
3259 4748 3449 4805 ineffa-

1879 4856 1971 4911 bili
1997 4856 2049 4909 in
2078 4857 2245 4909 corde
2293 4852 2533 4922 repletus
2564 4844 2770 4915 laetitia,
2815 4857 3035 4916 repente
3078 4854 3289 4912 tempus
3317 4855 3451 4911 quo-

1874 4963 1982 5018 que
2027 4949 2239 5016 arripit.
2288 4954 2344 4999 et
2373 4941 2458 4998 :0
2509 4953 2693 5013 patres
2744 4942 2797 4995 in
2852 4938 3114 4999 Domino.
3154 4944 3209 4991 et
3247 4933 3364 4997 lilii,
3395 4939 3451 4987 et

1867 5044 2081 5104 fratres,
2113 5039 2302 5109 inquit,
2337 5039 2542 5102 adeste,
2568 5047 2623 5091 et
2654 5034 2767 5088 Deo
2796 5032 2958 5088 simul
3007 5030 3297 5086 reddamus
3328 5024 3445 5097 glo-

182 5137 338 5205 κοινῇ
386 5130 698 5199 ἀποδῶμεν
755 5129 912 5193 δόξαν
968 5127 1087 5197 Θεῷ
1131 5128 1211 5197 τῷ
1243 5127 1575 5198 θαυμαστῶς
1627 5129 1770 5183 οὕτω

1883 5133 2029 5197 -iam,
2088 5132 2180 5202 quj
2207 5140 2316 5185 tam
2346 5129 2739 5185 admirabiliter
2773 5138 2826 5183 et
2873 5139 3073 5179 arcane
3122 5117 3447 5176 illuminavit

182 5232 275 5284 καὶ
302 5229 663 5302 ἀπορρήτοις
702 5225 768 5279 τὰ
807 5225 905 5296 τῆς
944 5222 1125 5293 ψυχῆς
1154 5222 1310 5293 ὑμῶν
1339 5221 1633 5291 φωτίσαντι
1666 5222 1770 5293 δμη-

183 5339 351 5391 μιτα,
412 5323 521 5373 καὶ
582 5316 775 5371 λάϐετε
815 5317 910 5388 τὴν
962 5314 1235 5386 σφραγῖδα
1278 5314 1372 5367 τοῦ
1411 5314 1765 5383 Πνεύματος·

187 5411 530 5484 προσέλθετε
595 5407 733 5478 πρὸς
786 5409 966 5472 αὐτὸν,
1010 5406 1108 5463 καὶ
1157 5404 1507 5473 φωτίσθητε,
1558 5406 1652 5458 καὶ
1702 5407 1771 5460 τά

188 5506 472 5579 πρόσωπα
520 5500 680 5573 ὑμῶν
733 5500 791 5553 οὐ
830 5501 902 5572 μὴ
954 5498 1356 5570 καταισχυνθῇ.
1393 5498 1617 5561 Τούτοις
1662 5502 1774 5565 τοῖς

187 5599 367 5667 λόγοις
400 5596 507 5651 καὶ
559 5595 663 5664 τὴν
693 5593 786 5664 τῆς
835 5594 1083 5658 πίστεως
1136 5590 1375 5663 συνείρει
1398 5592 1769 5657 διδασκαλίαν,

186 5692 277 5747 καὶ
308 5693 471 5754 ὅπως
499 5683 611 5759 χρὴ
639 5684 907 5741 πιστεύειν
944 5684 1267 5752 διεξελθὼν,
1296 5685 1395 5755 τῆς
1428 5684 1516 5739 διὰ
1542 5684 1637 5740 τοῦ
1671 5686 1768 5755 βα-

1870 5235 2083 5282 vestros
2109 5227 2302 5279 animat
2331 5224 2519 5280 oculos
2551 5238 2565 5275 :
2599 5230 2660 5277 et
2678 5220 2909 5289 accipite
2965 5214 3303 5286 signaculum
3334 5212 3445 5281 spi-

1870 5318 2027 5374 ritus.
2051 5317 2303 5371 Accedite
2332 5317 2401 5369 ad
2430 5315 2626 5384 ipsum,
2659 5323 2713 5367 et
2739 5306 3118 5365 illuminamini
3142 5324 3155 5360 :
3175 5316 3231 5359 et
3277 5300 3444 5356 vestri

1870 5409 2051 5464 vultus
2074 5410 2274 5477 pudore
2319 5421 2656 5476 nequaquam
2689 5403 2986 5459 adicientur
3019 5402 3084 5452 ¹⁸.
3113 5396 3209 5452 His
3262 5394 3442 5452 verbis

1872 5502 2152 5571 coniungit
2183 5503 2344 5556 etiam
2381 5500 2682 5555 doctrinam
2718 5496 2980 5550 veritatis.
3014 5491 3080 5547 Et
3120 5504 3264 5553 cum,
3309 5501 3443 5559 quo-

1872 5596 2031 5650 modo
2063 5594 2285 5649 credere
2317 5600 2583 5667 oporteat,
2609 5588 2791 5645 verbis
2812 5594 2955 5643 esset
2980 5592 3321 5657 persecutus,
3347 5593 3441 5636 eos

1870 5686 1923 5739 in
1952 5686 2183 5740 ﬁliorum
2213 5684 2551 5753 adoptionem
2571 5680 2787 5736 asciscit
2815 5694 2907 5749 per
2936 5676 3286 5747 baptismum,
3315 5685 3437 5726 cum

251 5854 293 5887 τι
325 5851 481 5911 Psal.
520 5864 707 5917 cum,
743 5848 823 5918 77,
851 5861 904 5909 et
943 5849 1081 5909 alibi
1136 5848 1356 5919 passim.
1438 5849 1480 5883 "
1531 5846 1669 5904 Psal.
1720 5862 1908 5915 sxxur,
1942 5847 1996 5903 6.
