4180 6478
720 404 790 466 59
1989 402 2276 463 MENSIS
2317 401 2687 461 MAR'I‘IUS.
3902 394 3969 455 60

718 525 896 570 essent
928 529 1153 568 nurnero
1182 516 1324 569 circa
1373 517 1534 569 mille.
1568 516 1629 570 Et
1670 518 1920 586 deinceps
1943 527 2058 573 erat
2092 516 2290 570 multus

2406 515 2700 584 κτίσματος
2746 512 2944 575 αὐτοὺς
2974 512 3249 574 υἱοθεσίας
3309 509 3557 578 καταξιοί
3588 509 3714 579 περί
3752 528 3857 562 που
3889 531 3973 578 χι-

721 611 769 662 in
797 608 878 662 eis
906 607 1144 675 quotidie
1172 609 1523 662 admonendis
1562 618 1615 663 et
1653 611 1932 664 docendis.
1971 609 2049 665 Illi
2105 625 2286 668 autem

722 709 975 764 tanquam
1030 698 1168 750 bona
1207 706 1370 762 terra,
1395 710 1454 758 et
1503 701 1739 769 pinguis.
1773 711 1826 755 et
1857 704 2012 770 aquis
2061 705 2287 773 irrigua,

718 793 1067 845 reddiderunt
1121 790 1327 844 fructus
1372 792 1755 859 multiplicatos
1793 793 2094 847 divinorum
2126 798 2291 849 serui-

720 897 871 933 num.
934 882 1109 949 Atque
1159 897 1334 937 annus
1389 883 1604 952 quidem
1657 885 1819 939 iubis
1845 899 2193 956 consumptus
2224 887 2292 941 ab

720 973 994 1028 Abramio.

791 1152 934 1210 XIII.
963 1155 1164 1208 Deinde
1195 1157 1410 1219 timens,
1446 1171 1532 1219 ne.
1565 1157 1691 1210 dum
1732 1157 1782 1210 in
1805 1157 1905 1211 vici
1942 1159 2089 1211 curis
2116 1174 2295 1213 versa-

723 1249 878 1295 retur
900 1251 954 1295 et
985 1244 1323 1307 tumultibus,
1350 1246 1456 1305 sibi
1508 1247 1688 1315 aliqua
1721 1261 1779 1299 re
1807 1247 2110 1314 indulgeret
2132 1263 2196 1300 ex
2229 1249 2294 1302 iis

717 1346 838 1400 quae
865 1333 932 1385 ad
966 1333 1166 1387 victum
1194 1334 1466 1403 pertinent
1495 1351 1510 1389 :
1544 1351 1776 1404 cumque
1805 1337 1915 1405 jam
1947 1338 2152 1392 videret
2174 1355 2295 1406 gre-

726 1436 845 1488 gem
880 1421 1181 1490 perfectum
1215 1434 1267 1476 et
1315 1427 1616 1480 absolutum
1648 1426 1700 1478 in
1755 1425 1953 1480 divinis
2005 1429 2292 1495 mandatis,

721 1510 908 1562 statuit
938 1511 1000 1562 ad
1037 1511 1269 1579 priorem
1302 1513 1502 1566 reverti
1557 1514 1929 1569 solitudinem.
1962 1516 2098 1570 Cum
2130 1530 2292 1572 noctu

724 1602 904 1668 itaque
964 1603 1316 1664 surrexisset,
1350 1604 1602 1660 dicebat:
1641 1603 1885 1668 Domine,
1916 1610 2007 1674 qui
2056 1623 2115 1661 es
2147 1611 2296 1664 solus

725 1694 920 1755 bonus,
949 1694 1042 1758 qui
1080 1695 1229 1747 solus
1257 1710 1316 1748 es
1342 1697 1627 1749 immemor
1658 1709 1891 1764 acceptae
1941 1699 2169 1766 injuria,
2204 1703 2294 1769 qui

724 1783 862 1836 hanc
890 1798 1075 1837 recens
1100 1785 1378 1838 collectam
1405 1785 1801 1840 multitudinem
1829 1789 2034 1844 solvisti
2061 1805 2090 1842 a
2109 1791 2294 1845 vincu-

2391 604 2538 666 λίους
2569 604 2660 657 τὸν
2684 602 2916 671 ἀριθμὸν
2961 605 3307 672 ὑπάρχοντας
3329 620 3344 634 ο
3380 603 3478 654 xui
3521 603 3580 654 τὸ
3626 602 3724 653 ἀπ’
3758 601 3971 655 ἐκείνου

2393 693 2557 756 πολὺς
2573 689 2640 764 ἦν
2665 693 2957 762 παραινῶν
2992 692 3115 744 καθ’
3157 693 3417 758 ἑκάστην,
3448 692 3542 742 xui.
3572 690 3846 742 διδάσκων
3873 690 3969 742 αὐ-

2392 786 2538 847 τοὺς,
2569 787 2662 838 xui
2691 783 3092 853 διαλεγόμενος.
3121 783 3182 835 Οἱ
3216 782 3294 844 δὲ,
3332 782 3524 849 ῶσπερ
3555 780 3736 846 ἀγαθή
3763 796 3850 840 τις
3880 780 3970 845 γῆ,

2394 878 2486 929 καὶ
2524 876 2683 941 πίων,
2741 878 2835 930 xui
2867 876 3113 944 εὕυδρος,
3166 873 3608 932 πολλαπλασίους
3665 871 3776 922 τῶν
3811 869 3972 920 θείων

2394 971 2728 1038 σπερμάτων
2748 969 2874 1029 τοὺς
2902 967 3150 1036 καρποὺς
3181 963 3526 1017 ἀπεδίδοσαν.
3564 961 3852 1014 Ἐνιαυτὸν
3879 961 3975 1029 μὲν

2392 1056 2486 1112 οὖν
2516 1061 2573 1111 ὲν
2600 1058 2811 1120 τούτοις
2831 1057 2907 1124 τῷ
2947 1055 3230 1124 ’Δὸραμίῳ
3260 1052 3478 1123 ἠνύετο.

2462 1152 2562 1205 II”.
2600 1151 2832 1202 Ἔπειτα
2865 1147 3045 1208 δείσας
3082 1146 3156 1216 μὴ
3187 1147 3245 1196 ἐν
3297 1145 3442 1214 μέσῃ
3474 1142 3635 1212 κώμῃ
3663 1129 3760 1195 viui
3802 1158 3972 1208 φρονο

2393 1242 2504 1295 τίσι
2535 1242 2630 1294 xui
2663 1238 2915 1308 θορύόοις
2948 1237 3319 1306 στρεφόμενος
3350 1233 3677 1303 προσηλωθῇ
3721 1249 3833 1283 τινι
3865 1232 3972 1282 τῶν

2398 1331 2689 1403 βιωτικῶν,
2721 1330 2896 1391 ἀλλως
2923 1329 2980 1380 δὲ
3011 1328 3106 1380 xui
3133 1325 3233 1397 τὴν
3265 1325 3502 1393 ποίμνην
3528 1322 3627 1392 ἠδη
3654 1326 3771 1382 ταῖς
3797 1322 3975 1380 θείαις

2397 1422 2638 1482 ἐντολαῖς
2700 1419 3146 1490 κατηρτισμένην
3200 1414 3344 1477 ἰδὼν,
3400 1416 3478 1476 εἰς
3533 1413 3631 1478 τὴν
3691 1412 3975 1481 προτέραν

2396 1515 2538 1580 ἔγνω
2569 1514 2662 1565 xui
2727 1511 2890 1564 πάλιν
2944 1508 3260 1562 ἐπανελθεῖν
3317 1505 3574 1574 ἐρημίαν,
3617 1502 3832 1561 Νυκτὸς
3865 1518 3976 1553 τοι-

2396 1603 2606 1674 γαροῦν
2658 1602 2937 1661 ἀναστάς·
3004 1600 3177 1666 Κύριε
3229 1599 3256 1647 ὁ
3304 1598 3463 1663 μόνος
3487 1595 3712 1661 ἀγαθὸς,
3753 1594 3781 1644 ὁ
3814 1593 3974 1658 μόνος

2400 1694 2803 1763 ἀμνησίκακος,
2829 1691 3039 1756 ἔλεγεν,
3071 1692 3098 1741 ὁ
3136 1689 3232 1757 τὴν
3271 1688 3550 1739 νεόλεκτον
3587 1684 3795 1749 ταύτην
3835 1682 3974 1751 πλη-

2402 1783 2498 1836 θὺν
2519 1783 2629 1833 τῶν
2657 1781 2750 1833 τοῦ
2775 1778 3157 1844 ἀντικειμένου
3186 1777 3350 1838 λύσας
3374 1774 3613 1841 δεσμῶν,
3639 1773 3736 1824 xui
3766 1773 3857 1822 διὰ
3875 1773 3973 1837 τῆς

727 1871 792 1922 lis
825 1875 1141 1937 adversarii,
1177 1888 1227 1926 et
1253 1891 1351 1943 per
1377 1890 1519 1940 eam,
1540 1891 1701 1945 quam
1735 1880 1786 1931 in
1812 1889 1861 1932 te
1887 1880 2104 1943 habent,
2133 1883 2291 1936 iidem

2406 1876 2477 1938 είς
2516 1877 2575 1927 σὲ
2607 1875 2840 1934 πίστεως
2867 1872 3015 1940 πόοῳ
3043 1868 3324 1930 συνδείσας
3349 1868 3426 1936 τῷ
3457 1866 3534 1934 σῷ
3563 1866 3723 1928 αὐτὸς
3751 1865 3974 1917 ἐπιδου-

726 1972 816 2016 tuo
845 1962 1109 2032 colligasti
1146 1964 1358 2016 vinculo
1391 1983 1406 2019 :
1437 1981 1694 2020 conserva
1731 1969 1869 2022 Ituuc
1898 1988 2117 2038 parvum
2145 1983 2293 2029 tuum

727 2067 943 2121 gregem
972 2054 1230 2108 invictum
1258 2056 1324 2108 ab
1349 2056 1559 2109 insidiis
1579 2060 1904 2123 daemonum,
1926 2078 2019 2116 eos
2041 2074 2294 2133 tanquam

728 2143 894 2196 armis
949 2146 1095 2195 muni
1133 2152 1220 2195 tua
1256 2149 1610 2210 protectione,
1646 2159 1699 2201 et
1739 2166 1859 2202 cum
1905 2153 2124 2219 accinge
2175 2153 2296 2209 forti

730 2244 818 2284 tua
847 2235 1081 2300 potentia
1110 2253 1125 2288 :
1156 2243 1208 2289 te
1244 2245 1422 2289 autem
1449 2239 1736 2306 propitium
1766 2255 1863 2308 ego
1889 2255 2103 2310 quoque
2138 2249 2300 2297 miser

731 2324 1027 2388 inveniam,
1061 2327 1275 2392 quando
1297 2327 1559 2393 judicium
1584 2344 1752 2398 pones
1785 2331 1835 2385 in
1867 2347 2038 2400 spem,
2066 2343 2118 2387 et
2138 2336 2298 2390 mise'

732 2415 1021 2468 ricordiam
1062 2429 1205 2470 tuam
1269 2419 1320 2473 iu
1372 2422 1608 2477 trutinis.
1642 2425 1722 2478 Ad
1781 2429 1987 2493 peccati
2037 2431 2296 2484 rationem

732 2506 865 2557 nihil
907 2506 1036 2560 mihi
1074 2509 1365 2577 imputetur
1407 2528 1437 2566 a
1481 2525 1566 2567 tua
1624 2517 1954 2586 benignitate
2013 2521 2098 2574 hic
2151 2538 2300 2576 meus

729 2609 998 2651 recessus.
1055 2597 1131 2650 Tn
1166 2603 1307 2654 enim
1341 2619 1398 2656 es
1438 2606 1769 2660 occultorum
1798 2612 2072 2676 cognitor,
2097 2622 2152 2664 et
2183 2629 2303 2665 ror-

732 2687 878 2739 dium
912 2690 1275 2754 examinator,
1309 2704 1365 2744 et
1389 2705 1442 2745 tu
1471 2709 1499 2746 e
1531 2696 1823 2763 longinquo
1856 2703 2152 2768 cognovisti
2207 2719 2301 2756 co-

736 2776 1026 2842 girationes
1079 2793 1248 2840 meas,
1302 2782 1443 2846 quod
1510 2795 1729 2852 propter
1784 2797 1835 2840 te
1873 2799 1925 2842 et
1957 2791 2298 2849 tui-amorem

737 2870 951 2936 Suscepi
983 2869 1119 2922 hanc
1157 2872 1644 2940 peregrinationem
1679 2895 1692 2929 :
1724 2886 1778 2931 et
1802 2893 1928 2934 ecce
1951 2897 2032 2935 me
2061 2885 2302 2939 subduco

734 2958 892 3012 abiis
921 2961 1191 3024 omnibus,
1219 2977 1340 3029 quae
1378 2963 1444 3015 ad
1484 2965 1683 3017 victum
1726 2969 2016 3034 pertinent,
2061 2984 2125 3022 ne
2161 2974 2204 3025 si
2237 2974 2302 3025 ad

733 3049 931 3129 aliquid
965 3051 1180 3113 borum,
1220 3062 1472 3119 tanquam
1511 3055 1575 3106 ad
1611 3057 1885 3122 scopulum
1918 3057 2208 3130 impegero,
2249 3065 2302 3117 in

2396 1965 2512 2026 λαῖς
2533 1962 2803 2033 δαιμόνων
2828 1961 3126 2022 ἀνάλωτον,
3154 1959 3216 2011 τὸ
3246 1958 3442 2026 μικρόν
3472 1973 3565 2008 σου
3589 1957 3742 2008 τουτὶ
3774 1953 3972 2021 συντή-

2402 2072 2565 2126 ρησον
2597 2055 2878 2120 ποίμνιον·
2914 2050 3152 2117 τείχισον
3182 2048 3381 2108 αὐτοὺς
3417 2046 3491 2106 ώς
3521 2046 3671 2112 ὅπλῳ
3697 2047 3764 2111 τῇ
3793 2049 3975 2109 σκέπῃ

2403 2163 2519 2208 σου,
2551 2146 2644 2196 xui.
2676 2147 2740 2210 τῇ
2775 2142 3014 2209 κραταιᾷ
3052 2157 3143 2190 σου
3180 2138 3474 2206 δυναστείᾳ
3508 2135 3818 2204 περίζωσον
3847 2150 3858 2164 ·
3889 2134 3977 2182 sd—

2403 2238 2540 2308 μενῆ
2574 2235 2630 2288 δέ
2660 2250 2717 2286 σε
2752 2234 2847 2285 xui
2881 2235 2909 2284 ὁ
2940 2230 3286 2296 ταλαίπωρος
3316 2227 3427 2292 ἐγὼ
3465 2225 3705 2293 εὕροιμι,
3755 2227 3847 2277 ὅτε
3881 2224 3977 2292 θή-

2402 2346 2513 2391 σεις
2537 2327 2716 2395 κρίσιν
2747 2327 2826 2384 είς
2862 2321 3052 2374 ἐλπίδα
3089 2321 3181 2372 xui
3211 2319 3310 2386 τὴν
3358 2311 3734 2386 ἐλεημοσύνην
3764 2331 3861 2364 σου
3900 2317 3976 2375 είς

2403 2416 2673 2485 σταθμούς
2696 2433 2707 2446 ο
2740 2413 2906 2482 μηδὲν
2939 2411 3335 2480 ἁμαρτήματος
3358 2408 3501 2475 λόγῳ
3531 2406 3605 2477 τῷ
3632 2406 3729 2473 τῆς
3762 2408 3980 2473 ὕποχω-

2405 2511 2614 2590 ρήσεως
2667 2505 2871 2572 ταύτης
2929 2503 3077 2570 παρὰ
3107 2506 3172 2571 τῇ
3210 2504 3274 2572 σῇ
3317 2502 3647 2571 χρηστότητι
3701 2497 3980 2564 λογισθείη

2407 2589 2496 2668 μοι
2518 2615 2530 2626 ·
2558 2599 2620 2651 σὺ
2643 2598 2750 2667 γὰρ
2775 2592 2825 2648 εἴ
2856 2594 3102 2663 γνώστης
3129 2595 3375 2662 κρυφίων
3402 2594 3494 2643 xui
3519 2589 3760 2658 καρδιῶν
3797 2590 3981 2651 ἐξετα-

2407 2694 2554 2762 στὴς,
2607 2695 2700 2745 xui
2753 2692 2816 2741 σὺ
2852 2688 3092 2752 συνῆκας
3127 2686 3255 2746 τοὺς
3290 2682 3676 2749 διαλογισμούς
3732 2698 3836 2748 μου
3877 2682 3982 2732 ἀπὸ

2407 2785 2698 2856 μακρόθεν,
2727 2780 2912 2832 ὅτιδιά
2942 2779 3002 2829 σὲ
3037 2778 3131 2829 xui
3163 2776 3222 2828 τὸ
3258 2775 3348 2826 σὸν
3376 2774 3596 2842 φίλτρον
3637 2774 3736 2841 τὴν
3772 2772 3978 2840 ἀποδηο

2408 2879 2535 2946 μίαν
2569 2876 2772 2942 ταύτην
2797 2873 3019 2940 εἱλόμην
3043 2887 3055 2899 ·
3119 2870 3214 2922 xui
3248 2867 3358 2920 τῶν
3396 2864 3670 2935 βιωτικῶν
3705 2864 3816 2916 ἰδοὺ
3853 2865 3984 2916 πάν-

2404 2987 2510 3022 των
2535 2969 2768 3038 ἐμαυτὸν
2794 2964 3070 3028 ύπεξάγω,
3119 2961 3192 3031 μή
3227 2959 3325 3013 πού
3359 2976 3464 3011 τινι
3503 2957 3704 3010 τούτων
3729 2951 3818 3007 υἷα
3853 2971 3980 3007 σκο-

2409 3064 2554 3130 πέλῳ
2587 3058 2923 3130 προσράξας.
2962 3057 3018 3106 ὲν
3053 3054 3280 3118 πελάγει
3323 3053 3475 3118 μέσῳ
3529 3050 3636 3098 τῶν
3698 3047 3983 3115 κοσμικῶν

735 3140 915 3194 medio
939 3143 1072 3192 mari
1100 3157 1350 3194 curarum
1381 3145 1768 3198 mundanorum
1817 3148 2035 3202 subeam
2079 3152 2292 3206 naufra-

2406 3154 2695 3225 φροντίδων
2730 3147 2946 3200 ὑποστῶ
2971 3147 3060 3197 τὸν
3082 3145 3363 3209 ναυάγιον.
3408 3137 3533 3208 Εἶχε
3580 3141 3676 3209 μὲν
3707 3139 3802 3191 οὖν
3835 3138 3985 3205 αὑτῴ

732 3232 898 3302 gium.
923 3234 1099 3304 Atque
1123 3238 1201 3290 sic
1230 3238 1444 3304 quidem
1482 3238 1638 3291 tinem
1677 3251 2006 3306 acceperunt
2039 3241 2155 3307 ejus
2182 3259 2301 3310 pre-

732 3337 864 3375 ces:
899 3333 951 3376 et
1011 3338 1133 3376 cum
1191 3327 1467 3378 Dominico
1500 3330 1653 3394 signo
1701 3329 1878 3381 vicum
1914 3332 2216 3395 muniissel,
2253 3347 2305 3386 et

734 3427 858 3465 eum
887 3412 998 3466 Deo
1044 3416 1502 3484 commendasset,
1536 3432 1592 3470 se
1625 3417 1922 3473 clanculum
1976 3425 2202 3491 proripit
2239 3427 2303 3478 ad

735 3520 1034 3559 secessum.

809 3593 945 3652 χιν.
980 3597 1132 3653 Mane
1173 3616 1302 3670 ergo
1347 3617 1468 3656 cum
1507 3602 1572 3656 de
1619 3620 1769 3657 more
1817 3609 2090 3660 venissent
2132 3609 2305 3662 vicani

739 3687 806 3741 nd
833 3688 1086 3754 templum
1121 3690 1482 3752 Dominicum,
1517 3701 1575 3742 ut
1608 3692 2038 3745 benedictionem
2072 3694 2309 3749 Pastoris

742 3788 1185 3846 assequereutur,
1219 3795 1448 3848 cumque
1499 3795 1620 3833 eum
1681 3782 1752 3835 ibi
1804 3797 1907 3836 non
1957 3783 2305 3852 invenissent,

742 3867 862 3924 illos
891 3871 1088 3925 invasit
1117 3873 1387 3938 confusio,
1425 3889 1732 3943 mmrorque
1760 3888 1810 3929 et
1836 3877 1997 3932 animi
2026 3881 2307 3949 aegritudo.

741 3959 877 4014 Eum
913 3965 1075 4030 igitur
1123 3965 1406 4032 diligenter
1457 3978 1726 4031 quierunt,
1765 3982 1868 4018 non
1906 3984 2123 4034 parvam
2155 3980 2310 4027 terra:

743 4063 952 4118 partem
985 4053 1268 4108 obeuntes.
1303 4055 1406 4108 Sed
1437 4056 1637 4108 reversi
1683 4057 1861 4109 vacuis
1893 4058 2160 4124 manibus,
2187 4075 2308 4115 cum

740 4142 933 4197 calidis
974 4143 1227 4215 Iacrymis
1275 4150 1538 4201 accedunt
1586 4148 1649 4201 ad
1711 4148 2044 4219 episcopum,
2078 4162 2130 4206 et
2169 4153 2310 4222 apud

741 4253 864 4291 eum
897 4238 1114 4300 deﬂent,
1146 4252 1203 4290 se
1239 4254 1358 4290 esse
1399 4240 1635 4305 privatos
1663 4256 1762 4293 suo
1819 4253 2049 4306 pastore.
2084 4242 2178 4299 Ille
2211 4262 2310 4298 au-

746 4336 852 4379 tem
878 4325 1149 4378 sauciatus
1181 4327 1400 4394 paribus
1426 4326 1542 4380 telis
1564 4328 1918 4396 aegritudinis,
1945 4344 2069 4382 eum
2097 4347 2312 4402 quoque

741 4416 937 4486 quaerit
965 4416 1233 4470 similiter.
1260 4415 1550 4486 Postquam
1583 4432 1708 4473 vero
1745 4427 1798 4472 et
1833 4419 1946 4489 ipse
1977 4426 2224 4491 cognovit
2251 4440 2310 4480 se

2402 3250 2553 3307 τέλος
2576 3245 2641 3295 τὰ
2663 3243 2760 3310 τῆς
2786 3239 2972 3307 εὐχῆς,
3015 3237 3108 3288 xui
3137 3238 3255 3304 τρὶς
3287 3233 3362 3302 τῷ
3415 3231 3733 3299 Δεσποτικῴ
3769 3232 3984 3299 σημείῳ

2405 3335 2502 3403 τὴν
2530 3332 2719 3399 κώμην
2757 3325 3160 3395 διασφραγίσας
3195 3325 3288 3375 xui
3312 3323 3518 3391 ταύτην
3543 3321 3660 3390 Θεῷ
3692 3322 3981 3390 παραθεὶς,

2408 3426 2570 3495 ἐξόδῳ
2608 3425 2712 3476 τινὶ
2739 3419 2973 3490 λαθραία
3007 3417 3229 3468 κλέπτει
3259 3418 3357 3483 τὴν
3390 3416 3763 3483 ὑποχώρησιν.

2481 3606 2580 3662 ῐΔ’.
2608 3604 2816 3658 Ἔωθεν
2843 3602 2936 3655 οὖν
2971 3601 3095 3661 τοὺς
3147 3599 3246 3668 τῆς
3273 3595 3467 3664 κώμης
3493 3595 3551 3644 τι
3585 3601 3877 3661 κυριακὸν,
3913 3593 3984 3651 ώς

2409 3701 2548 3758 ἔθος,
2577 3696 3004 3754 καταλαϐόντας,
3045 3692 3186 3743 ῶστε
3237 3693 3334 3756 τῆς
3391 3687 3540 3754 παρὰ
3592 3683 3686 3735 τοῦ
3731 3685 3987 3752 ποιμένος

2410 3786 2657 3854 εὐλογίας
2687 3784 3012 3850 ἀξιωθῆναι,
3042 3782 3135 3832 xui
3160 3779 3348 3830 τοῦτον
3391 3779 3448 3828 ἐν
3499 3775 3647 3843 αὐτῷ
3681 3775 3754 3844 μὴ
3804 3776 3987 3843 εὑρόν-

2409 3895 2529 3941 τας,
2567 3875 2828 3943 σύγχυσις
2851 3868 2987 3941 εἶχε,
3025 3870 3119 3923 xui
3147 3867 3316 3936 λύπη,
3343 3870 3438 3919 xu".
3471 3865 3680 3932 ἀθυμία
3709 3882 3721 3895 °
3757 3867 3986 3933 ἔρευναν

2409 3968 2586 4020 τοίνυν
2625 3963 2719 4019 τοῦ
2769 3963 2962 4033 ἀνδρὸς
3028 3961 3234 4031 ἀκριϐῆ
3285 3959 3667 4028 ποιησάμενοι,
3720 3957 3887 4025 μέρος
3930 3974 3984 4006 τε

2410 4061 2511 4126 γῆς
2541 4059 2641 4110 οὐκ
2675 4057 2857 4124 ὀλίγον
2890 4054 3034 4107 κατά
3081 4055 3311 4122 ζήτησιν
3343 4053 3556 4102 ἐκείνου
3607 4047 3986 4116 περιελθόντες

2411 4153 2504 4204 xui
2560 4152 2743 4209 κεναῖς
2796 4151 2986 4217 χερσὶν
3041 4144 3529 4212 ὑποστρέψαντες,
3586 4141 3986 4209 προσέρχονται

2416 4239 2554 4305 μετά
2586 4237 2804 4306 θερμῶν
2825 4236 3079 4301 δακρύων
3105 4234 3181 4300 τῷ
3207 4235 3303 4302 τῆς
3338 4231 3649 4300 ἐπισκοπῆς
3680 4233 3986 4301 προεστῶτι

2413 4331 2507 4381 xui
2560 4327 2658 4397 τὴν
2705 4325 2800 4381 τοῦ
2863 4326 2995 4379 ίδίου
3055 4325 3310 4393 ποιμένος
3369 4325 3628 4393 στέρησιν
3654 4323 3790 4392 πρὸς
3830 4323 3988 4377 αὑτὸν

2413 4419 2794 4488 ἀποδύρονται.
2839 4420 2897 4472 Ὀ
2932 4420 2986 4472 δὲ
3017 4421 3129 4480 τοῖς
3161 4419 3295 4478 ἴσοις
3327 4416 3429 4484 τῆς
3454 4415 3691 4485 ἀθυμίας
3719 4415 3814 4468 καὶ
3830 4417 3988 4476 αὐτὸς

742 4523 803 4560 ea
866 4505 1065 4569 facere,
1109 4523 1226 4573 qua:
1275 4519 1432 4561 erant
1485 4511 1692 4563 inutilia
1745 4513 1883 4578 (tuto
1915 4512 2057 4566 enim
2090 4527 2300 4584 propter

2411 4508 2642 4580 τρωθεὶς
2680 4508 2911 4579 βέλεσιν.
2947 4509 3067 4575 ῐσην
3101 4506 3268 4558 αὑτοῦ
3315 4509 3551 4557 ποιεῖται
3587 4505 3682 4558 xui
3734 4504 3986 4573 ζήτησιν.

743 4598 941 4663 quietis
987 4611 1048 4649 ac
1093 4597 1288 4651 silentii
1324 4600 1670 4666 cupiditatem
1724 4600 1923 4657 latebat
1968 4603 2301 4676 Abramius),

746 4696 890 4748 tunc,
928 4689 1011 4743 sui
1045 4688 1172 4743 cleri
1202 4701 1420 4758 accepta
1460 4701 1612 4758 parte
1655 4691 1854 4760 aliqua,
1905 4709 2025 4748 cum
2075 4697 2310 4751 venisset

745 4775 813 4827 ad
846 4776 1044 4841 vicum,
1088 4779 1320 4845 primum
1366 4781 1578 4846 quidem
1633 4781 1841 4834 illorum
1907 4785 2115 4840 animos
2175 4787 2308 4840 satis

744 4866 1077 4929 consolatur,
1107 4869 1196 4934 qui
1232 4885 1373 4939 agre
1403 4870 1650 4924 ferebant
1695 4873 1928 4941 pastoris
1973 4877 2298 4934 absentiam.

749 4957 952 5012 Deinde
975 4974 1095 5011 cum
1121 4975 1213 5013 eos
1236 4962 1506 5027 elegisset,
1528 4964 1617 5029 qui
1655 4976 1807 5018 erant
1833 4967 2027 5020 virtute
2048 4969 2308 5038 insignio-

748 5046 835 5104 i-cs
859 5068 871 5104 :
896 5053 1096 5108 etalios
1124 5056 1339 5122 quidem
1364 5058 1728 5127 presbyteros,
1767 5058 1897 5113 alios
1920 5069 2097 5114 autem
2125 5062 2312 5117 diaco-

751 5158 850 5197 nos
889 5145 1286 5211 constituisset,
1311 5157 1365 5200 et
1398 5147 1531 5200 alios
1562 5159 1868 5216 cooiitasset
1897 5155 1948 5205 in
1971 5152 2101 5203 alios
2126 5168 2311 5209 sacros

749 5235 949 5302 gradus
980 5253 993 5288 :
1034 5245 1086 5288 et
1114 5235 1180 5289 iis
1209 5239 1371 5292 veluti
1405 5242 1690 5303 quamdam
1716 5241 2023 5297 tradidisset
2053 5245 2309 5312 regulam,

753 5339 806 5380 et
839 5326 1066 5381 formam
1105 5328 1540 5398 gloriﬁcationis,
1563 5348 1682 5400 quae
1710 5333 1766 5386 lit
1795 5333 1844 5384 in
1875 5332 2135 5398 Ecclesia,
2155 5346 2208 5389 et
2235 5339 2314 5393 eis

754 5429 1004 5486 precatus
1039 5432 1180 5474 esset
1197 5423 1356 5476 vitam
1381 5433 1622 5491 pacatam
1651 5435 1702 5476 et
1737 5441 1765 5475 a
1801 5425 2039 5478 molestia
2065 5428 2308 5492 liberam,

758 5512 977 5566 recedit.
1010 5513 1141 5578 Quae
1168 5514 1379 5580 quidem
1415 5528 1512 5568 nec
1536 5517 1774 5570 divinum
1805 5517 2018 5586 quidem
2043 5519 2314 5574 latuerunt

757 5604 1093 5658 Abramium.
1115 5605 1218 5661 Sed
1243 5606 1356 5678 ipse
1388 5624 1627 5674 quoque,
1657 5625 1778 5662 cum
1813 5611 1865 5662 in
1903 5625 1987 5675 eo,
2019 5611 2069 5663 iu
2104 5628 2207 5680 quo
2245 5613 2318 5666 la-

758 5696 922 5756 tebat,
959 5694 1074 5751 loco
1099 5697 1208 5754 haec
1257 5714 1353 5768 per
1388 5699 1645 5768 Spiritum
1680 5703 2037 5769 cognovisset,
2070 5705 2136 5757 ab
2171 5705 2310 5761 illius

762 5786 860 5841 vici
910 5787 1053 5843 curis
1111 5791 1346 5852 animum
1402 5792 1668 5846 liberavit.
1704 5792 1837 5848 Nam
1873 5795 1970 5849 etsi
2009 5797 2317 5851 trahebatur

2421 4605 2577 4656 Ἐπεὶ
2609 4601 2666 4654 δὲ
2689 4603 2783 4652 καὶ
2808 4593 2964 4661 οὗτος
2991 4598 3238 4668 ἀνήνυτα
3265 4595 3406 4662 ἔγνω
3433 4597 3612 4648 πονῶν
3642 4599 3661 4665 (
3685 4595 3994 4664 ἐκρύπτετο

2407 4695 2515 4762 γὰρ
2566 4689 2824 4755 ἀσφαλῶς
2884 4690 3152 4761 ἐπιθυμία
3210 4687 3305 4741 τοῦ
3353 4687 3454 4755 τῆς
3488 4687 3720 4757 ἡσυχίας
3768 4685 3992 4739 καλοῦὸ

2419 4783 2760 4854 ’Λὸράμιος),
2795 4782 2959 4852 μέρος
2989 4782 3082 4834 τοῦ
3116 4782 3209 4833 ὑπ’
3247 4779 3411 4833 αύτδν
3436 4779 3641 4849 κλήρου
3689 4778 3991 4845 τηνικαῦτα

2410 4875 2746 4945 παραλαϐὼν
2775 4875 2867 4926 xui
2928 4874 3008 4934 είς
3057 4873 3156 4940 τὴν
3186 4873 3378 4940 κώμην
3437 4873 3754 4940 γενόμενος,
3800 4870 3993 4939 πρῶτα

2412 4970 2510 5035 μὲν
2563 4963 2764 5026 ἱκανῶς
2802 4962 3214 5033 παραμυθεῖται
3257 4962 3354 5023 τὰς
3392 4963 3620 5013 ἐκείνων
3652 4960 3832 5028 ψυχὰς
3872 4962 3992 5013 ὀδυ-

2412 5041 2591 5127 νηρῶς
2648 5058 2788 5124 ἀιγαν
2841 5057 3072 5125 ἐχούσας
3129 5059 3195 5124 τῇ
3249 5054 3340 5108 τοῦ
3367 5058 3629 5125 ποιμένος
3684 5054 3988 5124 ἀποδημίᾳ,

2413 5150 2481 5200 ἐπ
2516 5167 2605 5202 ιτα
2640 5150 2766 5211 τοὺς
2801 5150 2868 5201 δι⁹
2901 5150 3103 5216 ἀρετὴν
3147 5148 3611 5216 ἑπιφανεστέρους
3644 5146 3990 5213 ἀπολεξάμε-

2413 5260 2523 5304 νος,
2576 5243 2703 5304 τοὺς
2745 5244 2843 5309 μὲν
2875 5241 3302 5309 πρεσϐυτέρους,
3340 5240 3464 5298 τοὺς
3490 5239 3544 5290 δὲ
3589 5239 3871 5301 διακόνους
3898 5239 3993 5289 καὶ

2413 5333 2604 5394 ἄλλους
2646 5333 2824 5395 ἀλλοις
2864 5332 2970 5384 τῶν
3001 5333 3162 5402 ιερῶν
3190 5328 3562 5398 ὲγκαταλέξας
3591 5330 3820 5398 βαθμῶν
3848 5371 3862 5393 ,
3898 5331 3992 5383 xui

2413 5426 2618 5488 τούτοις
2651 5425 2815 5477 οἱονεί
2844 5443 2964 5478 τινα
3013 5425 3290 5493 παραδοὺς
3321 5423 3525 5475 κανόνα
3558 5424 3651 5475 xui
3683 5422 3858 5474 τύπον
3895 5421 4014 5488 τῆς.

2419 5521 2560 5573 κατά
2600 5518 2699 5586 τῆν
2758 5516 3085 5586 Ἐκκλησίαν
3140 5513 3449 5582 δοξολογίας
3507 5517 3601 5568 xui
3629 5513 3774 5585 ζωὴν
3807 5515 3992 5575 αὐτοῖς

2419 5605 2701 5682 εἰρηνικήν
2748 5627 2805 5662 τε
2861 5610 2954 5661 xui
2983 5607 3182 5661 ἄλυπον
3226 5605 3619 5676 ἐπευξάμενος,
3652 5603 3996 5657 ἀπαλλάττεη

2420 5721 2530 5759 ται.
2586 5703 2760 5770 “Amp
2803 5697 2893 5752 οὖν
2943 5700 3059 5752 οὐδὲ
3092 5700 3180 5751 riu
3215 5700 3355 5751 θεῖον
3397 5698 3698 5767 ’Λὸράμεον
3725 5696 3990 5766 ἐλελήθει.

2425 5795 2556 5849 ἀλλὰ
2605 5794 2695 5846 xui
2752 5793 2908 5856 αὐτὸς
2970 5792 3025 5844 ὲν
3063 5785 3104 5859 ᾧ
3160 5791 3435 5862 κέκρυπτο
3463 5793 3609 5858 τόπῳ
3669 5791 3737 5842 τὰ
3771 5789 3995 5841 τοιαῦτα
