4180 6486
173 427 235 487 61
1465 423 1646 484 VITA
1689 425 1749 484 S.
1795 421 2155 484 ABRAMII.
3383 425 3452 487 62

178 535 368 606 μαθὼν
396 535 496 588 καὶ
539 534 653 587 τῶν
681 531 810 599 περὶ
836 531 933 598 τῆς
987 530 1180 599 κώμης
1239 530 1454 601 ἐκείνης
1485 533 1783 602 φροντίδων

1891 547 2076 586 amore
2117 530 2443 594 solitudinis,
2491 530 2637 584 curis
2691 536 2868 585 tamen
2923 531 3100 601 gregis
3127 546 3313 588 rursus
3335 547 3455 591 erat

173 633 273 700 τὴν
311 627 505 699 ψυχὴν
533 626 821 685 ἀπολύσας
878 623 949 692 (εί
989 620 1100 691 γάρ
1138 621 1218 690 τῷ
1253 621 1350 690 τῆς
1409 625 1641 692 ἐρημίας
1671 624 1781 676 εῑλ-

173 738 302 775 κετο
332 721 537 790 ἔρωτι,
577 717 718 772 ἀλλά
753 716 846 769 καὶ
892 717 1017 775 ταῖς
1045 714 1174 783 περὶ
1205 713 1302 766 τοῦ
1343 716 1594 783 ποιμνίου
1620 733 1781 782 φρον-

171 813 282 866 τίσι
314 812 488 865 πάλιν
523 811 750 878 δεσμοῖς
777 826 920 860 τισιν
956 806 1180 868 ἀλύτοις
1235 808 1484 876 ἐδέδετο),
1547 809 1647 878 τὴν
1675 809 1782 876 ψυ-

173 907 275 975 χὴν
337 905 528 957 τοίνυν
589 905 684 956 ἐπὶ
741 901 956 964 τούτοις
998 900 1400 967 διαναπαύσας,
1458 901 1578 970 Θεῷ
1605 919 1664 954 τε
1712 901 1783 953 τὰ

177 997 369 1050 εἰκότα
444 996 892 1064 εὐχαριστήσας,
953 994 1033 1053 είς
1075 993 1138 1044 τὸ
1187 991 1419 1044 παλαιὸν
1474 995 1654 1046 ἐκεῖνο
1688 994 1783 1046 καὶ

176 1091 344 1142 πάλιν
387 1089 682 1142 ἐπάνεισιν
707 1089 1024 1155 οἰκητήριον
1074 1084 1317 1154 ἐχόμενά
1348 1102 1406 1138 τε
1438 1084 1606 1139 αὑτοῦ
1641 1087 1784 1138 οἱκίο

177 1200 305 1234 σκον
331 1182 532 1252 ἓτερον
579 1181 1017 1248 ἐποικοδομήσας
1045 1180 1138 1231 καὶ
1164 1178 1266 1244 τὴν
1296 1179 1506 1230 εἴσοδον
1533 1179 1782 1246 ἀποφράο

177 1276 296 1338 ξας,
353 1277 421 1342 τῇ
462 1273 716 1342 προτέρᾳ
772 1271 957 1324 δίδωσι
988 1270 1081 1322 καὶ
1133 1269 1292 1330 αὖθις
1321 1270 1518 1321 ἐαυτὸν
1553 1270 1780 1338 ἐρημία,

176 1364 311 1417 Τίνα
346 1366 407 1417 δὲ
434 1364 505 1416 τὰ
535 1363 792 1414 ἐντεῦθεν
830 1361 923 1412 καὶ
946 1360 1134 1421 ὁποίας
1155 1357 1304 1426 αὑτῷ
1333 1357 1524 1425 τίθησι
1550 1356 1782 1424 παγίδας

171 1458 201 1509 ὁ
237 1458 354 1518 τοῖς
385 1454 666 1516 τοιούτοις
702 1456 787 1504 ἀεὶ
830 1451 1140 1520 βασκαίνων
1169 1448 1397 1517 ἐχθρὸς,
1441 1448 1514 1517 μὴ
1547 1449 1782 1517 παραλι-

174 1550 298 1600 πεῖν
323 1547 504 1613 ἇξιον.
546 1546 730 1600 Μέσαι
762 1545 859 1613 μὲν
885 1540 948 1611 δὴ
981 1541 1175 1603 νύκτες
1203 1536 1352 1610 ἦσαν
1383 1539 1482 1602 τὰς
1534 1539 1784 1608 συνήθεις

177 1637 346 1706 εὐχὰς
395 1635 719 1704 ποιουμένῳ
749 1633 823 1702 τῷ
887 1631 1179 1701 Ἀϐραμίῳ
1219 1630 1314 1683 καὶ
1354 1631 1384 1681 ὁ
1431 1628 1527 1682 τοῦ
1561 1630 1783 1692 σκότους

176 1728 503 1798 προστάτης
529 1728 876 1793 προσωπεῖον
899 1725 1074 1792 φωτὸς
1100 1724 1305 1786 ὑποδὺς
1342 1724 1442 1775 καὶ
1469 1723 1601 1775 αὑτὸ
1628 1721 1786 1774 τοῦτο

176 1819 289 1885 φῶς
317 1814 466 1870 εἶναι
506 1817 970 1886 ὑποκρινάμενος,
1003 1817 1187 1885 φωνὴν
1221 1815 1362 1882 πρὸς
1387 1815 1550 1866 αὑτὸν
1580 1814 1655 1876 ὡς
1681 1813 1788 1865 ἀπὸ

1885 627 2098 679 vinctus
2152 623 2381 678 vinculis
2438 623 2838 678 insolubilibus.
2879 623 3010 679 Cum
3033 640 3182 694 ergo,
3206 626 3350 694 quod
3386 630 3453 683 ad

1885 716 1998 770 haec
2035 716 2319 780 attinebat,
2349 715 2534 785 quieto
2583 723 2725 768 esset
2760 715 2964 779 animo,
2997 727 3051 770 et
3099 718 3222 781 Deo,
3253 728 3310 772 ut
3358 734 3456 786 par

1884 821 2022 874 erat,
2073 812 2271 880 egisset
2293 811 2522 879 gratias,
2558 825 2748 864 rursus
2783 813 3076 865 revertitur
3112 815 3176 866 ad
3207 824 3360 867 vetus
3386 812 3454 866 il-

1885 902 1972 954 lud
2005 902 2391 955 habitaculum.
2429 902 2635 957 Etcum
2669 902 2716 956 ei
2773 905 3081 972 contiguam
3132 903 3454 960 adiﬁcasset

1885 994 2291 1055 domunculam,
2317 1006 2371 1048 et
2402 996 2764 1049 obsuuxisset
2795 997 3020 1059 aditum,
3054 999 3221 1065 priori
3254 1012 3311 1051 se
3342 1007 3453 1051 tra-

1887 1084 1963 1135 dit
1981 1084 2280 1138 soiitudini.
2307 1088 2565 1152 Qua-nam
2589 1095 2767 1138 autem
2790 1096 2913 1139 sunt
2935 1086 3126 1139 deinde
3139 1096 3451 1154 consecuta,

1885 1182 1940 1227 et
1971 1189 2232 1240 quosnam
2274 1177 2320 1229 ei
2357 1175 2525 1228 "tendit
2572 1176 2795 1242 laqueos
2825 1176 2914 1243 qui
2972 1176 3131 1230 rebus
3188 1175 3455 1246 ejusmodi

1888 1265 2090 1328 invidet
2118 1266 2387 1325 inimicus.
2431 1283 2536 1319 non
2590 1276 2675 1320 est
2729 1269 3271 1336 pra-termittcndum.
3315 1270 3448 1324 Erat

1886 1356 2102 1422 quidem
2145 1373 2249 1410 uox
2287 1357 2483 1421 media,
2514 1373 2637 1410 cum
2668 1369 2955 1412 consuetas
2983 1375 3172 1428 preces
3203 1359 3458 1415 funderet

1885 1448 2180 1500 Abramius
2207 1465 2219 1500 :
2249 1464 2451 1516 prteses
2471 1457 2651 1502 autem
2679 1451 3045 1512 tenebrarum,
3070 1462 3316 1518 suscepta
3338 1467 3460 1520 per-

1883 1553 2015 1593 sona
2036 1539 2275 1602 luminis,
2312 1550 2364 1590 et
2387 1555 2505 1593 eam
2535 1543 2701 1608 ipsam
2735 1544 2911 1595 lucem
2932 1557 3052 1594 esse
3078 1543 3363 1605 simulans,
3389 1544 3455 1598 ad

1885 1645 2008 1684 eum
2039 1631 2239 1684 emittit
2270 1645 2487 1693 vocem.
2511 1642 2766 1701 tanquam
2790 1647 2857 1686 ex
2882 1647 3076 1703 magna
3106 1634 3456 1689 multitudine

1887 1721 2151 1776 dicentem
2177 1739 2190 1776 :
2215 1721 2411 1778 Beatus
2429 1739 2510 1786 es,
2542 1739 2704 1779 senex
2733 1723 2975 1790 Abrami,
3001 1741 3128 1780 vere
3149 1742 3207 1779 es
3229 1726 3456 1793 beatus;

1889 1824 1942 1867 et
1971 1831 2128 1869 nemo
2169 1817 2220 1869 in
2275 1819 2435 1871 rebus
2479 1818 2678 1873 divinis
2715 1818 2816 1872 fuit
2853 1829 2966 1872 tam
2994 1819 3285 1888 perfectus,
3317 1820 3459 1875 sicut

133 1917 141 1928 '
177 1883 424 1973 πλήθους
481 1883 672 1976 δῆθεν⁷
709 1883 860 1976 ἠφίει
893 1883 1154 1958 πολλοῦ-ν
1181 1907 1482 1974 Μακάριος
1515 1902 1582 1969 εί,
1622 1906 1783 1973 γέρον

1892 1915 1964 1959 tu.
2004 1906 2096 1959 ille
2123 1917 2304 1961 autem
2338 1924 2458 1962 cum
2498 1925 2610 1964 rem
2640 1910 2861 1966 minime
2888 1911 3182 1980 ignoraret.
3209 1915 3302 1964 sed
3333 1926 3456 1964 eum

185 2000 483 2069 ’Δϐράμιε.
532 1999 822 2063 λέγουσαν,
857 1997 1028 2058 ὅντως
1063 1996 1340 2070 μακάριος
1380 1991 1452 2056 εἴ,
1489 1997 1582 2047 καὶ
1612 1995 1786 2056 οὐδεὶς

171 2091 313 2144 οὕτω
339 2091 414 2141 τὰ
440 2089 565 2141 θεῖα
609 2088 812 2150 τέλειος
843 2086 1062 2154 ἐγένετο
1085 2087 1228 2139 κατὰ
1251 2085 1334 2140 σέ.
1379 2085 1440 2137 Ὀ
1470 2086 1526 2138 δὲ
1551 2085 1611 2136 τὸ
1638 2085 1782 2152 πρᾶο

1882 1997 2032 2049 illum
2062 2013 2183 2051 esse
2209 2011 2582 2068 cognosceret,
2619 2003 2710 2068 qui
2761 2003 2973 2070 decepit
3008 2003 3240 2068 primum
3280 2002 3458 2055 homi-

1883 2097 2024 2144 nem,
2055 2084 2102 2136 ei
2129 2085 2486 2154 suggerendo.
2518 2089 2661 2156 quod
2693 2091 2902 2143 futurus
2923 2099 3064 2142 esset
3101 2091 3206 2142 Deo
3238 2090 3454 2152 similis,

171 2202 283 2253 γμα
323 2184 401 2252 μὴ
467 2182 773 2249 ἀγνοήσας,
827 2178 964 2232 ἀλλὰ
1004 2180 1196 2231 τοῦτον
1227 2181 1448 2232 ἐκεῖνον
1477 2173 1619 2230 εἶναι
1657 2178 1783 2229 ὑπο-

1887 2183 1933 2228 et
1967 2175 2130 2230 sciret
2168 2175 2307 2231 hanc
2337 2177 2509 2232 lucem
2537 2195 2657 2234 esse
2709 2180 2869 2234 veluti
2924 2182 3214 2249 quamdam
3274 2195 3456 2235 escam

170 2274 261 2340 νοή
277 2288 397 2331 τας,
427 2270 521 2320 τὸν
551 2271 647 2320 καὶ
679 2269 867 2338 πρώην
900 2270 1135 2331 ίσοοεῖας
1169 2269 1414 2337 ὑποϐολῇ
1444 2268 1536 2320 τὸν
1567 2267 1783 2337 ἄνθρω-

169 2381 271 2415 πον
307 2363 689 2430 ἀπατήσαντα
745 2361 838 2412 καὶ
869 2362 926 2411 τὸ
955 2361 1072 2426 φῶς
1103 2362 1263 2412 τοῦτο
1322 2360 1495 2412 πάλιν
1525 2360 1693 2410 οἱονεί
1731 2375 1783 2410 τι

167 2452 361 2522 δέλεαρ
394 2448 542 2503 εἶναι
581 2450 884 2514 κενοδοξίας
934 2449 1222 2501 ὑπολαϐών
1245 2467 1260 2481 ·
1301 2450 1633 2515 ΙΙεφίμωσο,
1668 2448 1782 2498 ἑλε-

166 2562 261 2610 γεν
287 2563 300 2574 ο
339 2544 584 2611 ἐπιτιμᾷ
609 2559 690 2592 σοι
711 2540 943 2609 Χριστὸς
972 2541 998 2592 ὀ
1031 2541 1182 2604 Θεὸς,
1214 2543 1423 2609 πονηρέ
1450 2559 1462 2570 ⁸
1501 2542 1782 2605 ἀφίστασο

167 2637 364 2688 θᾶττον
404 2635 502 2686 ἀπ’
540 2633 699 2700 ἐμοῦ,
737 2632 1010 2702 ὑποχώρει
1044 2637 1176 2702 μοιῐ
1217 2634 1374 2687 οὐδὲν
1405 2634 1516 2704 γὰρ
1547 2631 1618 2686 ἂν
1657 2633 1786 2685 Etsi

173 2747 262 2796 ρον
291 2727 545 2797 ἐμαυτὸν
570 2728 745 2795 ἔγωγε
777 2726 1037 2796 οἰηθείην,
1066 2727 1146 2778 ὃτι
1177 2727 1249 2795 μὴ
1274 2725 1380 2793 γῆν
1413 2727 1507 2777 καὶ
1541 2725 1782 2778 σποδόν.

172 2821 361 2873 ,ταῦτα
423 2815 576 2882 εἷπε,
638 2820 731 2872 καὶ
761 2814 837 2881 εἷς
869 2819 1074 2870 καπνὸν
1107 2818 1262 2879 εὐθὺς
1289 2819 1323 2884 ἡ
1369 2817 1650 2883 φαντασία
1689 2817 1784 2868 τοῦ

173 2914 355 2980 φωτὸς
384 2913 647 2979 διελύθη,
699 2913 790 2962 καὶ
822 2912 881 2961 τὶ)
924 2911 1107 2976 δρᾶμα
1138 2907 1363 2994 ἡλὲχθη,
1411 2909 1509 2961 καὶ
1531 2912 1568 2978 ἡ
1605 2909 1787 2981 σκηνὴ

176 3005 234 3054 τὸ
263 3003 631 3071 προσωπεῖον
665 2997 990 3068 ἀπέρριψεν.
1035 2997 1193 3049 Οὑτω
1231 2998 1532 3066 τοιγαροῦν
1561 3001 1788 3068 αἰσχυν-

1881 2280 2036 2321 vana:
2109 2268 2293 2346 gloria:
2332 2285 2347 2323 :
2384 2269 2744 2340 Compescere
2773 2313 2788 2336 .
2841 2273 2978 2326 dixit
3023 2289 3037 2324 :

3087 2281 3142 2327 te
3208 2274 3458 2339 increpat

1884 2359 2137 2414 Christus
2200 2363 2364 2425 Deus,
2397 2377 2430 2416 ο
2466 2365 2720 2434 maligne.
2749 2366 2794 2417 Δ
2836 2381 2920 2418 me
2951 2366 3060 2418 cito
3093 2363 3284 2418 recede
3318 2379 3334 2417 :
3368 2361 3463 2416 ab-

1889 2450 1955 2502 sit
1987 2452 2152 2514 enim,
2188 2460 2244 2503 ut
2281 2467 2366 2504 me
2401 2453 2606 2520 aliquid
2656 2457 2802 2518 aliud
2835 2471 2956 2511 esse
3006 2465 3183 2524 putem
3216 2455 3316 2512 nisi
3350 2459 3462 2508 tero

1892 2555 2005 2592 ram
2036 2549 2090 2593 et
2118 2540 2376 2595 cinerem.
2415 2541 2538 2598 Haec
2566 2545 2718 2610 dixit,
2749 2555 2802 2600 et
2830 2547 2882 2598 in
2918 2549 3122 2597 fumum
3159 2547 3339 2598 statim
3362 2544 3464 2600 fuit

1885 2630 2144 2685 dissoluta
2185 2632 2466 2701 phantasia
2493 2634 2733 2697 luminis,
2757 2643 2810 2687 et
2840 2634 3157 2687 manifestus
3183 2633 3281 2686 iuit
3305 2645 3461 2688 actus

1888 2726 2175 2779 simulatus
2236 2736 2289 2780 et
2316 2742 2476 2780 scena
2506 2727 2706 2796 abjecit
2741 2741 3052 2794 personam.
3087 2724 3180 2779 Sic
3210 2739 3340 2793 ergo
3365 2740 3463 2796 pu-

1886 2816 2018 2870 dore
2048 2817 2289 2880 aﬂ'tsctus,
2323 2835 2445 2870 eum
2496 2823 2766 2872 contraria
2824 2820 3037 2872 ratione
3097 2818 3409 2887 aggreditur
3443 2833 3458 2870 :

1885 2907 2027 2962 sicut
2082 2909 2191 2960 illic
2238 2923 2332 2975 per
2387 2909 2773 2974 adulationem,
2823 2911 2894 2962 ita
2945 2911 3033 2962 hic
3085 2923 3179 2976 per
3204 2910 3454 2962 timorem

1891 3015 2014 3055 eum
2044 3015 2248 3055 conans
2279 3003 2647 3071 supplantare.

177 3095 310 3154 θεὶς,
348 3092 447 3143 διὰ
482 3091 596 3142 τῶν
627 3092 886 3143 ἐναντίων
927 3089 1284 3160 προσϐάλλει,
1351 3089 1545 3158 ὥσπερ
1580 3093 1697 3142 ἐκεῖ
1759 3093 1848 3144 διὰ
1888 3095 2202 3160 κολακείας,
2261 3094 2434 3158 οὑτως
2489 3095 2728 3150 ἐνταῦθα
2771 3097 2860 3149 διὰ
2898 3095 3052 3157 δέους
3108 3091 3465 3148 ὑποσκελίσας

177 3185 562 3254 πειρώμενος.

246 3275 349 3329 ιε’.
388 3277 474 3329 Οὑ
510 3274 648 3328 πολὺ
673 3275 778 3344 γὰρ
829 3274 884 3326 τὸ
924 3277 980 3326 ἐν
1022 3275 1172 3345 μέσῳ
1197 3277 1291 3330 καὶ
1332 3277 1532 3346 ὁρᾶται
1558 3275 1776 3348 νύκτωρ

1952 3274 2067 3330 XV.
2091 3271 2205 3328 Non
2227 3278 2450 3328 multum
2464 3276 2606 3329 enim
2632 3275 2937 3330 intercessit
2963 3272 3238 3342 temporis,
3270 3283 3323 3325 et
3344 3288 3465 3326 rur-

178 3369 328 3437 αύτῷ
364 3368 540 3420 πάλιν
571 3366 760 3433 ἀξίνην
787 3367 1038 3435 κατέχων
1069 3371 1134 3436 τῇ
1159 3368 1310 3436 δεξιᾷ
1344 3372 1442 3419 καὶ
1475 3370 1652 3438 μέσην
1688 3371 1786 3436 μὲν

177 3459 374 3518 ἐοικὼς
419 3456 527 3524 τὴν
571 3455 669 3524 τῆς
705 3456 903 3526 στέγης
937 3457 1094 3510 δοκὸν
1138 3459 1479 3527 διατέμνειν,
1517 3459 1786 3512 συσσείων

1892 3385 1983 3422 sus
2030 3369 2096 3422 ab
2129 3384 2194 3422 eo
2230 3377 2387 3422 noctu
2426 3368 2670 3422 cernitur
2697 3383 2856 3422 manu
2894 3377 3080 3422 tenens
3100 3365 3336 3420 securim
3376 3371 3470 3420 :et

1893 3461 2177 3514 videbatur
2205 3461 2420 3529 quidem
2467 3459 2700 3515 mediam
2739 3461 2864 3515 tecti
2908 3461 3115 3514 trabem
3172 3458 3468 3522 dissecare,

175 3549 230 3600 δέ
260 3546 466 3610 δεινῶς
498 3547 596 3600 καὶ
644 3547 849 3599 κλονῶν
875 3549 967 3600 τὸν
1016 3549 1286 3613 οἰκίσκον,
1328 3549 1516 3620 πλήθη
1547 3567 1607 3602 τε
1643 3553 1786 3604 κατά

177 3641 272 3692 τοῦ
315 3641 642 3710 Ἀϐραμίου
693 3641 827 3708 μετὰ
881 3640 1121 3707 σπουδῆς
1167 3641 1334 3692 οἱονεὶ
1364 3641 1658 3708 συγκαλῶν
1694 3643 1784 3695 καὶ

179 3737 313 3797 ὅλως
371 3731 637 3802 θορυϐῶν
685 3731 774 3784 τον
835 3732 1004 3801 ἄνδρα
1061 3733 1152 3784 καὶ
1186 3733 1564 3800 ἐκταράττων.
1640 3732 1697 3786 '0
1729 3735 1784 3787 δὲ

180 3825 485 3878 κάνταῦθα
542 3822 708 3875 πάλιν
739 3825 766 3875 ὁ
796 3823 953 3884 αὐτὸς
987 3819 1076 3891 ἦν,
1109 3823 1208 3876 οὑκ
1256 3825 1472 3891 ἀγνοῶν
1501 3825 1592 3876 τὸν
1627 3826 1786 3879 πολέ-

181 3936 302 3985 μιον
327 3932 339 3944 ⁸
379 3915 594 3982 ἀμέλει
635 3914 728 3963 καὶ
759 3914 890 3980 πρὸς
916 3914 1011 3981 τὴν
1044 3913 1166 3980 ὑψιν
1195 3915 1348 3966 οὐδὲν
1373 3913 1784 3985 διαταραχθείςο

185 4029 200 4060 ι
233 4009 427 4062 Πάντα
452 4004 526 4058 τὰ
555 4003 686 4072 ἔθνη
713 4002 1029 4056 ἐκύκλωσαν
1060 4021 1148 4072 με,
1183 4023 1199 4053 t
1232 4005 1418 4072 ἡρέμα
1443 4005 1566 4058 καθ’
1597 4006 1787 4058 ἑαυτὸν

175 4100 498 4168 ὑπεςρώνει,
537 4113 556 4146 ι
595 4097 689 4146 καὶ
723 4093 799 4162 τῷ
820 4093 1050 4161 ὀνόματι
1107 4094 1318 4162 Κυρίου
1351 4095 1654 4163 ἠμυνάμην
1687 4095 1788 4147 αὑ-

1896 3554 2141 3622 graviter
2173 3560 2352 3605 autem
2384 3560 2678 3605 concutere
2704 3562 2760 3603 et
2795 3565 3012 3603 movere
3061 3550 3467 3614 domunculam,

1892 3655 1950 3698 et
1972 3645 2365 3699 multitudinem
2396 3644 2449 3697 in
2473 3642 2790 3698 Abramium
2814 3642 2970 3710 quasi
3013 3658 3208 3711 magno
3239 3643 3469 3708 quodam

1894 3740 2074 3793 studio
2109 3755 2438 3801 convocate,
2473 3747 2532 3792 et
2553 3741 2618 3792 ad
2652 3753 2915 3791 summam
2937 3751 3056 3790 eum
3077 3736 3310 3804 graviter
3341 3750 3467 3803 per-

1897 3832 2133 3887 turbare.
2169 3832 2262 3886 llle
2293 3840 2471 3884 autem
2510 3830 2599 3883 hic
2632 3844 2846 3897 quoque
2887 3844 3074 3882 rursus
3143 3829 3282 3882 idem
3326 3837 3467 3891 crat,

1893 3923 2100 3975 hostem
2120 3924 2343 3976 minime
2359 3919 2860 3992 ignorans.Visione
2879 3920 3060 3988 itaque
3075 3919 3202 3972 nihil
3222 3920 3466 3973 territus:

1896 4031 1914 4065 ι
1945 4012 2148 4069 Omnes
2180 4025 2372 4088 gentes
2397 4032 2483 4070 me
2511 4012 3004 4075 circumdederunt,
3048 4031 3065 4064 ι
3101 4011 3300 4066 sensim
3323 4008 3466 4078 apud

1891 4121 1946 4158 se
1971 4107 2205 4174 diccbat,
2245 4130 2264 4162 ι
2303 4117 2356 4162 et
2379 4109 2432 4161 in
2457 4107 2672 4162 nomine
2701 4106 2904 4159 Domini
2932 4105 3072 4155 ultus
3091 4120 3208 4155 sum
3230 4119 3324 4158 eos
3348 4104 3412 4157 “.
3439 4121 3460 4157 θ

174 4193 323 4254 τούς.
357 4212 377 4244 ι
426 4187 736 4249 Τοιαύταις
759 4188 878 4238 κατ’
915 4184 1114 4256 ἐχθροῦ
1142 4186 1384 4253 ἐπῳδαῖς
1407 4189 1433 4238 ὁ
1463 4185 1782 4256 Ἀϐράμιος,

174 4284 454 4343 τοιούτοις
522 4280 715 4341 ὅπλοις
775 4280 1063 4348 ἐκέχρητο.
1110 4278 1176 4330 Τί
1209 4277 1302 4330 οὖν
1348 4279 1591 4344 ἐκεῖνος;
1632 4277 1785 4330 Ἐπι-

177 4374 484 4444 στρατεύει
514 4372 614 4422 καὶ
644 4367 798 4430 αὖθις
831 4369 981 4437 αὐτῷ
1005 4371 1144 4436 μετά
1171 4370 1366 4435 ταῦτα,
1393 4370 1611 4440 σφοδρῷ
1644 4372 1784 4422 πάνυ

175 4469 312 4537 πυρὶ
347 4462 777 4531 καταπιμπρᾷν
823 4460 998 4513 δοκῶν
1044 4459 1106 4512 τὸ
1138 4459 1357 4528 quid.va
1379 4477 1392 4489 '
1429 4462 1521 4512 καὶ
1548 4461 1605 4523 δς
1634 4461 1785 4512 οὐδὲν

176 4561 312 4627 πρὸς
349 4557 462 4626 τὴν
530 4554 712 4622 φλόγα
745 4550 934 4606 παθὼν
989 4553 1229 4625 ἐκείνην,
1291 4554 1556 4622 ἀταράχφ
1605 4552 1782 4622 ψυχῆς

173 4650 485 4703 ἐπέϐαινεν
522 4645 702 4710 αὑτῆς
750 4644 1138 4708 καταστήματι
1163 4660 1175 4673 ·
1217 4663 1235 4695 ‹
1289 4644 1414 4696 Ἐπὶ
1443 4645 1664 4708 ἀσπίδα,
1699 4645 1782 4697 λέ-

175 4761 307 4810 γων,
370 4744 479 4795 καὶ
522 4736 842 4807 βασιλίσκον
904 4735 1144 4804 ἐπιϐήσῃ
1217 4737 1312 4787 καὶ
1368 4738 1786 4807 καταπατήσας

176 4837 370 4888 λέοντα
402 4832 510 4884 καὶ
545 4829 840 4897 δράκοντα.
879 4846 896 4877 ι
933 4822 1066 4879 Εἶτα
1093 4825 1510 4894 καταλαμϐάνει
1537 4828 1723 4880 λοιπον
1750 4829 1782 4899 ἡ

175 4929 272 4995 τῆς
311 4925 544 4996 τροφῆς
572 4919 887 4990 προθεσμία
911 4918 1005 4971 καὶ
1033 4921 1060 4971 ὁ
1092 4919 1190 4988 μὲν
1220 4919 1363 4989 ὕδωρ
1398 4918 1557 4990 μόνον
1605 4921 1784 4990 ἐαυτῷ

176 5021 568 5092 παρατίθεται
595 5034 609 5047 ·
643 5013 960 5083 μεταϐαλὼν
982 5013 1038 5065 δέ
1058 5015 1137 5075 είς
1161 5013 1444 5065 νεανίσκον
1467 5015 1493 5066 ὁ
1527 5016 1780 5083 πονηρζς,

176 5121 239 5186 τῇ
274 5116 430 5185 χειρὶ
458 5109 637 5176 ψαύει
662 5106 754 5159 τοῦ
792 5107 1079 5176 ποτηρίου,
1123 5105 1423 5174 ἀνατρέψαι
1474 5106 1632 5158 τοῦτο
1661 5123 1781 5158 πει-

182 5211 464 5279 ρώμενος,
520 5199 831 5268 Ἀϐραμιος
859 5199 915 5252 δὲ
954 5202 982 5250 ὁ
1020 5199 1162 5260 θεῖος
1202 5197 1364 5268 μηδὲν
1398 5197 1782 5262 ὑποδειλιάτας

183 5304 320 5371 μετὰ
374 5293 786 5354 καταστάσεως
833 5292 1019 5359 ὑγιοῦς
1063 5291 1122 5342 τὸ
1167 5291 1308 5359 ὓδωρ
1353 5289 1642 5357 προσίετο’
1685 5291 1779 5342 καὶ

183 5400 277 5465 ὁρᾶ
305 5413 399 5464 μοι
422 5390 525 5444 τοῦ
569 5386 808 5454 πονηροῦ
840 5387 938 5453 τὴν
967 5385 1239 5437 ἀναίδειαν
1267 5387 1357 5436 καὶ
1400 5386 1549 5446 ὅπως
1577 5383 1780 5435 πολλά-

186 5509 264 5552 κις
290 5480 716 5553 ἀποκρουσθεὶς
749 5479 867 5532 οὑδέ
896 5477 1066 5540 οὕτως
1096 5481 1389 5546 ἀφίστατο·
1427 5479 1542 5530 ἀλλ’
1575 5479 1655 5540 εἰς
1680 5478 1779 5530 ἕνα

184 5587 283 5637 τῶν
320 5577 805 5648 ὑπηρετουμένων
835 5573 910 5641 τῷ
941 5572 1078 5642 ἁγίῳ
1127 5573 1220 5625 καὶ
1254 5571 1413 5644 στολῇ
1443 5574 1538 5626 καὶ
1587 5575 1778 5644 μορφῇ

187 5679 373 5729 ἑαυτὸν
408 5668 739 5741 δ.α;ιείίζιας,
765 5664 985 5736 λυχνίαν
1018 5683 1070 5718 τε
1098 5666 1376 5733 παρετίθει
1406 5690 1417 5703 ·
1454 5667 1649 5728 ἔπειτα
1684 5669 1779 5722 καὶ

260 5839 299 5868 ’⁸
331 5835 481 5891 Paul.
529 5844 709 5894 exva,
747 5829 827 5882 10.
910 5829 1111 5885 "Psal.
1148 5842 1226 5891 xc,
1269 5826 1354 5881 13.

1889 4195 2113 4251 Talibus
2173 4201 2440 4253 adversus
2477 4198 2752 4250 inimicum
2794 4193 3124 4249 carminibus
3156 4192 3463 4261 Abramius,

1891 4287 2086 4342 mlibus
2119 4289 2293 4344 armis
2321 4297 2406 4341 est
2444 4300 2589 4340 usus.
2625 4285 2761 4352 Quid
2798 4283 2885 4337 ille
2924 4298 3052 4354 ergo
3076 4283 3101 4338 τ
3126 4283 3179 4338 In
3207 4299 3464 4338 eumrur-

1887 4395 1980 4434 sus
2029 4381 2229 4437 bellum
2282 4381 2428 4449 gerit
2463 4389 2668 4450 postea,
2703 4389 2763 4430 ut
2786 4379 2875 4446 qui
2902 4377 3202 4432 vehementi
3229 4379 3350 4448 igne
3379 4378 3462 4434 vi-

1889 4475 2109 4526 deretur
2139 4475 2466 4527 comburere
2481 4483 2733 4525 stoream.
2762 4469 2852 4522 Ille
2871 4481 3051 4522 autem
3077 4470 3207 4523 nihil
3239 4471 3462 4527 aﬂectus

1887 4579 1948 4616 ea
2009 4564 2236 4628 visione,
2293 4563 2545 4617 interrito
2604 4561 2750 4616 vultu
2814 4577 2936 4615 eum
2987 4560 3204 4622 invasit,
3231 4561 3456 4616 dicens:

1895 4675 1912 4706 ι
1952 4655 2125 4724 Super
2149 4654 2390 4720 aspidem
2431 4665 2486 4709 et
2535 4655 2812 4708 basilicum
2853 4654 3197 4723 iugredieris,
3242 4665 3298 4708 et
3331 4667 3460 4708 con-

1884 4748 2125 4803 culcabis
2186 4746 2395 4801 leonem
2457 4759 2511 4800 et
2567 4748 2856 4801 draconem
2889 4747 2957 4798 ".
3000 4765 3018 4796 ι
3059 4745 3258 4798 Deinde
3316 4744 3459 4799 venit

1886 4850 2096 4906 tempus
2120 4836 2436 4891 comedendi
2467 4856 2480 4892 :
2505 4847 2555 4892 et
2589 4838 2678 4890 ille
2703 4839 2920 4904 quidem
2946 4836 3113 4890 solam
3134 4834 3234 4888 sibi
3263 4849 3460 4905 aquam

1886 4912 2109 4999 apponit
2141 4943 2156 4981 :
2183 4928 2449 4998 malignus
2482 4938 2659 4983 autem
2686 4940 2924 4983 mutatus
2951 4928 3004 4982 in
3035 4927 3458 4991 adolescentem.

1885 5035 2046 5075 manu
2101 5019 2269 5088 tangit
2315 5019 2587 5086 poculum,
2625 5020 2751 5071 illttd
2815 5035 3020 5073 conans
3060 5031 3324 5073 evertere.
3363 5017 3460 5072 Di-

1881 5113 2042 5165 vinus
2072 5122 2253 5163 autem
2284 5110 2576 5164 Abramius
2633 5111 2766 5165 nihil
2817 5111 3161 5180 perterritus,
3188 5112 3458 5167 constanti

1881 5203 2036 5257 vultu
2064 5217 2259 5271 aquam
2294 5203 2525 5270 accepit.
2553 5200 2690 5256 Vide
2737 5213 2914 5256 autem
2947 5201 3077 5256 mihi
3113 5202 3330 5272 maligni
3357 5203 3458 5256 im-

1881 5295 2216 5364 pudentiam.
2237 5294 2394 5363 Saepe
2427 5295 2699 5364 repulsus,
2724 5309 2790 5347 ne
2813 5295 2894 5348 sic
2909 5293 3124 5361 quidem
3151 5292 3455 5356 recedebat,

1881 5387 1975 5441 sed
2009 5400 2195 5440 rursus
2221 5385 2273 5439 in
2303 5402 2468 5440 unum
2503 5402 2572 5441 ex
2603 5386 2689 5451 iis,
2721 5385 2812 5454 qui
2844 5396 3033 5440 sancto
3053 5385 3454 5451 ministrabant,

1889 5489 2035 5532 veste
2061 5487 2115 5531 et
2142 5476 2311 5533 forma
2355 5480 2590 5548 seipsum
2631 5491 2857 5542 mutans,
2916 5494 3035 5533 cum
3068 5487 3288 5532 sanctus
3334 5488 3458 5532 tunc

1891 5572 2218 5634 comederet,
2269 5572 2542 5626 lucernam
2574 5573 2622 5626 ei
2676 5573 2999 5640 apponebat.
3057 5571 3259 5626 Deinde
3295 5573 3454 5625 etiam

1897 5665 2174 5720 videbatur
2212 5663 2336 5719 talia
2373 5678 2568 5720 canere
2603 5681 2615 5718 :
2657 5682 2674 5715 ι
2721 5663 2867 5720 Beati
2899 5664 3226 5721 itnrnaculati
3264 5665 3316 5718 in
3343 5663 3451 5727 via,
