4180 6462
736 416 803 474 63
2041 404 2317 466 ΜΕΝΞΙΞ

2421 406 2700 466 ARTIUS
3925 399 3989 459 64

739 532 831 599 qui
889 526 1166 579 ambulant
1205 540 1256 576 tn
1290 524 1404 591 lege
1433 520 1636 574 domini
1674 522 1738 575 ".
1780 539 1797 572 ι
1833 517 1931 574 Hic
1956 528 2158 578 autem,
2188 528 2312 568 vere

2421 512 2561 566 ἄδειν
2593 531 2658 566 τα
2688 513 2914 566 τοιαῦτα
2958 511 3160 564 ἐδόκει·
3209 536 3229 566 ι
3263 511 3540 578 Μακάριοι
3571 511 3619 562 oi
3675 511 3904 579 ἄμωμοι
3935 513 3991 560 ὲν

742 618 950 678 beatus,
981 622 1099 670 erat
1123 614 1283 682 plane
1328 612 1551 669 surdus,
1595 620 1651 664 ut
1685 610 1776 678 qui
1808 624 1966 664 aures
1989 610 2054 662 ad
2081 608 2192 661 haec
2212 605 2309 660 ob-

741 714 996 769 strueret,
1054 705 1228 759 donec
1279 704 1508 771 sumpsit
1559 702 1686 756 illud
1730 701 1997 755 modicum
2028 698 2154 753 cibi.
2187 697 2313 751 Post

743 801 883 855 hanc
911 808 1092 853 autem
1123 811 1345 867 parvam
1380 795 1624 866 corporis
1647 795 2007 856 curationem,
2031 791 2209 845 crucis
2241 790 2313 844 si-

741 908 846 962 gno
872 894 1110 946 munitus
1135 910 1149 946 :
1177 890 1231 945 Si
1267 891 1474 954 beatos,
1513 888 1706 958 inquit,
1747 886 1889 941 nosti
1943 900 2058 947 eos,
2092 884 2181 952 qui
2228 884 2309 936 di-

742 985 915 1054 ligunt
953 985 1256 1044 Dominum.
1311 997 1408 1035 cur
1437 998 1543 1035 non
1602 995 1785 1035 cessas
1814 979 2029 1032 assidue
2053 977 2133 1031 eis
2163 974 2316 1029 exhi-

745 1077 877 1131 bere
906 1075 1242 1130 molestiam?
1270 1075 1363 1128 Ille
1399 1084 1580 1128 autem
1615 1073 1966 1141 respondens,
2001 1069 2085 1124 vel
2118 1069 2317 1122 invitus

748 1182 900 1224 suam
958 1166 1247 1222 conﬁtetur
1279 1165 1562 1230 malitiam,
1592 1173 1646 1219 et
1699 1164 1828 1217 dicit
1859 1181 1872 1215 :
1909 1161 2175 1227 Quoniam
2221 1173 2316 1215 eos

746 1260 944 1313 bonum
977 1274 1236 1313 exercere
1272 1258 1447 1320 video,
1481 1268 1579 1311 nec
1607 1271 1822 1325 possum
1853 1254 1963 1326 pati
2012 1254 2064 1309 id
2109 1253 2312 1308 videre.

745 1349 870 1407 Haec
898 1368 1024 1410 cum
1052 1351 1301 1415 dixisset,
1334 1351 1517 1404 statim
1542 1347 1700 1404 abiit.

816 1610 955 1665 XVI.
985 1609 1234 1664 Nondum
1261 1619 1440 1664 autem
1465 1610 1705 1677 quinque
1734 1608 1848 1663 dies
1872 1608 2312 1672 intercesserant,

745 1717 866 1756 cum
900 1702 1077 1755 denuo
1101 1716 1222 1755 eum
1257 1701 1568 1770 aggreditur
1615 1700 1699 1751 hic
1730 1712 1903 1753 saevus
1971 1699 2140 1752 hostis
2191 1713 2312 1753 cum

748 1794 1003 1863 maligna,
1033 1807 1153 1860 qua:
1173 1801 1293 1846 erat
1327 1791 1470 1845 circa
1500 1790 1697 1856 ipsum,
1730 1801 1970 1853 caterva,
1994 1797 2048 1842 et
2091 1804 2315 1843 consue-

747 1886 816 1938 tis
843 1885 956 1940 suis
978 1883 1248 1937 machinis
1280 1893 1335 1937 et
1373 1881 1802 1950 importunitate.
1843 1878 2177 1934 Videbantur
2215 1894 2315 1934 au-

746 1987 854 2030 tem
908 1977 1130 2031 funibus
1176 1975 1554 2030 domunculam
1611 1975 1756 2029 omni
1788 1990 1852 2029 ex
1890 1985 2043 2043 parte
2073 1990 2312 2043 compre-

747 2069 1026 2132 hendisse,
1053 2078 1108 2121 et
1128 2069 1253 2122 totis
1285 2068 1533 2125 manibus
1571 2082 1696 2120 eam
1739 2069 1977 2131 trahere,
2010 2077 2063 2119 et
2096 2082 2152 2121 se
2183 2069 2318 2120 invio

745 2176 864 2215 cent
896 2161 1194 2226 adhortari,
1236 2170 1295 2214 ut
1317 2159 1433 2213 ﬁeri
1456 2161 1590 2214 solet
1615 2160 1668 2212 itt
1692 2158 2036 2211 multitudine
2063 2174 2077 2211 :
2107 2156 2318 2221 Videte,

746 2254 1017 2313 dicentes.
1046 2265 1102 2306 ut
1127 2268 1248 2308 eum
1285 2253 1351 2305 de
1402 2252 1704 2319 propinquo
1741 2250 2094 2319 projiciamus
2121 2252 2320 2318 praeci-

747 2347 898 2413 pitio.
942 2345 1032 2397 Ille
1067 2355 1248 2397 autem
1283 2342 1350 2408 (Ο
1379 2343 1685 2396 interritum
1714 2343 1974 2402 animum,
2013 2341 2057 2397 Ο
2088 2357 2320 2412 genero-

746 2450 867 2491 sum
898 2435 1172 2503 spiritum)
1207 2449 1275 2487 ne
1311 2436 1391 2490 sic
1418 2434 1632 2501 quidem
1660 2433 2316 2502 pertimuitimportunum

747 2529 1025 2582 inventum
1057 2544 1073 2580 :
1105 2527 1200 2582 sed
1237 2527 1454 2581 dicebat
1484 2541 1497 2580 :
1528 2545 1547 2578 ι
1580 2527 2070 2581 Circumdederunt
2109 2540 2215 2588 me,
2248 2527 2321 2579 si-

745 2629 835 2678 cut
863 2637 990 2690 apes
1010 2620 1192 2674 favum
1222 2640 1234 2675 :
1263 2630 1318 2675 et
1339 2631 1666 2675 exarserunt
1689 2621 1828 2674 sicut
1857 2621 1998 2688 ignis
2022 2619 2074 2672 in
2099 2619 2269 2688 spinis
2303 2635 2318 2672 :

745 2723 800 2768 et
835 2713 886 2767 in
952 2714 1168 2766 nomine
1199 2713 1409 2766 Domini
1445 2713 1591 2766 ultus
1623 2728 1740 2765 sum
1783 2728 1878 2766 eos
1917 2714 1982 2765 ¹⁹.
2023 2730 2041 2762 ι
2081 2709 2204 2764 Haec
2234 2710 2320 2764 ille

745 2803 961 2880 quidem
996 2803 1134 2870 apud
1169 2815 1227 2853 se
1260 2801 1497 2854 dicebat.
1530 2800 1610 2852 Illi
1656 2810 1834 2853 autem
1862 2814 1982 2851 cum
2014 2812 2210 2865 magno
2243 2796 2323 2848 {uo

750 2896 858 2964 gati
886 2903 1011 2948 sunt
1043 2896 1256 2955 timore,
1293 2903 1548 2961 tanquam
1577 2893 1780 2966 egregii
1827 2892 2057 2959 alicujus
2085 2891 2320 2959 impera-

750 2987 904 3045 toris.
942 3003 1007 3041 ne
1037 2986 1209 3039 minas
1238 2986 1453 3053 quidem
1483 2985 1625 3038 solas
1662 2987 2013 3039 sustinentes.
2037 2984 2209 3050 Atque
2241 2981 2320 3035 sic

750 3079 968 3145 quidem
1018 3085 1400 3132 sacrosanctus
1452 3075 1765 3138 Ahramius,
1805 3076 1895 3140 qui
1941 3076 2006 3126 ad
2063 3072 2322 3140 spiritalis

750 3169 1110 3236 philosotihiaa
1133 3177 1337 3221 tantam
1374 3170 1693 3221 ascenderat
1726 3166 2085 3219 altitudinem.

819 3344 985 3399 XVII.
1013 3343 1183 3398 Porro
1215 3352 1393 3397 autem
1447 3344 1497 3396 in
1530 3343 1613 3405 iis,
1649 3358 1766 3412 quae
1797 3345 1859 3399 de
1894 3343 1982 3397 illo
2011 3352 2317 3406 narrantur,

750 3437 864 3491 hac
895 3450 1112 3505 quoque
1147 3436 1345 3488 addere
1375 3443 1613 3503 Oportet,
1680 3450 1820 3502 qum,
1862 3435 2001 3502 quod
2034 3435 2222 3487 attinet
2257 3436 2321 3487 ad

750 3529 1188 3587 admirationem,
1223 3527 1354 3578 nulli
1393 3528 1592 3578 cedunt
1616 3541 1678 3579 ex
1716 3526 2009 3596 prioribus,
2046 3527 2183 3593 quod
2217 3527 2323 3581 sci-

752 3622 877 3674 licet
902 3634 1008 3671 non
1037 3619 1210 3671 solum
1246 3618 1422 3671 lsetnm
1448 3619 1657 3676 radium
1693 3634 1907 3685 semper
1932 3632 1961 3669 e
1985 3618 2130 3670 vultu
2164 3618 2322 3671 emit-

752 3719 910 3772 teret,
946 3710 1049 3764 etsi
1087 3726 1192 3762 non
1218 3721 1366 3765 esset
1388 3709 1615 3762 robusto
1650 3724 1896 3776 corpore,
1928 3711 2034 3763 imo
2067 3727 2095 3760 a
2133 3723 2318 3778 magna

751 3801 1084 3855 abstinentia
1143 3802 1420 3852 videretur
1449 3810 1826 3865 consumptus,
1859 3810 1911 3851 et
1949 3799 2271 3866 liquefactus
2305 3817 2318 3852 :

753 3893 846 3949 sed
870 3891 1058 3956 etiam,
1089 3892 1229 3959 quod
1260 3901 1502 3965 tempore
1545 3891 1745 3944 ultimae
1779 3891 2113 3960 migrationis
2147 3901 2201 3946 et
2234 3907 2322 3945 re-

751 3983 1042 4036 solutionis
1064 3983 1111 4035 is
1143 3983 1327 4046 rubor,
1352 3998 1514 4049 quem
1549 3982 1737 4034 habuit
1768 3982 1820 4033 in
1844 3983 2145 4048 juventme,
2171 3997 2324 4038 suam

754 4091 864 4130 non
891 4075 1166 4141 ignoraret
1223 4083 1496 4137 naturam,
1537 4087 1659 4125 cum
1691 4075 1866 4127 adhuc
1898 4075 2121 4141 vigeret,
2151 4087 2204 4128 et
2227 4075 2325 4130 ﬂo-

753 4168 905 4222 ridus
930 4169 979 4220 in
1005 4169 1159 4236 genis
1193 4168 1452 4221 insideret
1485 4183 1500 4220 :
1527 4175 1583 4220 et
1612 4166 1753 4234 quod
1780 4175 1861 4220 est
1887 4167 1969 4221 his
2003 4166 2160 4238 longe
2208 4166 2326 4238 piti-

753 4259 961 4321 chrius,
1019 4257 1203 4326 panni,
1254 4259 1452 4325 quibus
1481 4267 1601 4313 erat
1650 4257 1889 4322 indutus,
1921 4269 2032 4314 toto
2063 4261 2153 4314 illo
2188 4269 2324 4312 tem-

753 4366 906 4420 pore,
939 4366 1044 4419 quo
1071 4365 1127 4402 se
1151 4351 1394 4406 exercuit
1430 4351 1505 4418 (in
1536 4352 1921 4403 exercitatione
1972 4360 2151 4404 autem
2193 4352 2329 4404 vixit

753 4443 1048 4498 Abramius
1078 4444 1466 4512 quinquaginta
1502 4446 1694 4511 annos)
1732 4457 1835 4496 non
1883 4455 2165 4499 cesserunt
2203 4460 2324 4511 [ιι-ο-

755 4534 949 4586 Iixitati
978 4535 1258 4598 temporis,
1291 4549 1390 4586 nec
1430 4532 1783 4596 eIIqucrunt,
1816 4535 1908 4588 sed
1944 4547 2198 4603 perpetuo
2225 4535 2324 4589 ﬂo-

757 4625 860 4677 ridi
892 4639 959 4679 ac
1005 4635 1251 4678 recentes
1283 4625 1535 4692 tegebant
1579 4626 1751 4676 sancti
1803 4639 2022 4694 corpus.
2057 4626 2208 4680 Nunc
2235 4645 2322 4679 au-

759 4722 866 4768 tem
903 4722 1115 4781 tempus
1157 4724 1241 4767 est
1301 4713 1613 4768 transeundi
1651 4714 1717 4771 ad
1753 4714 2123 4771 admirabilem
2180 4719 2325 4772 illam

759 4805 1155 4870 narrationem,
1182 4820 1300 4874 quae
1328 4806 1444 4873 ejus
1479 4823 1547 4861 ex
1605 4807 1710 4862 Deo
1763 4808 1884 4871 zeli.
1917 4819 1971 4863 et
2005 4811 2328 4875 apostolico~

759 4909 879 4947 rum
905 4896 1193 4958 viscerum,
1217 4905 1270 4948 et
1297 4895 1448 4950 bona:
1478 4896 1779 4954 aﬂ‘ecﬁonis
1820 4910 1903 4953 est
1931 4900 2164 4954 maxime
2198 4903 2329 4956 insi-

759 4998 886 5054 gne.
917 4985 972 5040 Id
1001 4995 1177 5039 autem
1222 4987 1491 5057 principio
1536 4989 1754 5059 quidem
1784 4994 1999 5050 tristitia
2045 5005 2099 5049 et
2145 4997 2329 5050 dolore

763 5076 960 5132 aﬂiciet
990 5079 1302 5135 auditores:
1335 5093 1607 5148 postremo
1639 5094 1817 5140 autem
1844 5087 2010 5141 multa
2035 5088 2328 5159 voluptate,

763 5177 1002 5231 etanimi
1028 5178 1418 5248 tranquillitate
1442 5180 1657 5234 animas
1687 5181 1932 5252 implebit
1967 5203 1980 5240 :
2009 5195 2065 5239 et
2097 5202 2327 5254 persua-

763 5265 914 5320 debit
962 5284 1028 5324 ne
1062 5269 1356 5336 desperent
1399 5273 1665 5335 homines,
1707 5277 1915 5333 etiamsi
1948 5280 2013 5332 ad
2067 5295 2329 5336 summam

764 5357 984 5413 deducti
1018 5358 1219 5415 fuerint
1249 5361 1670 5429 improbitatem.
1700 5366 1771 5419 Ita
1805 5380 1981 5422 autem
2016 5370 2175 5425 habet
2210 5391 2220 5424 :

837 5530 1025 5587 XVIII.
1058 5531 1301 5589 Mortuus
1344 5548 1425 5594 est
1461 5540 1702 5594 Abramii
1765 5543 2062 5595 secundum
2111 5557 2326 5599 carnem

764 5621 971 5681 frater:
1008 5637 1252 5682 mortuus
1297 5641 1380 5684 est
1429 5634 1633 5692 autem,
1668 5635 1826 5688 unica
1888 5634 2069 5688 relicta
2097 5637 2222 5691 tilia.
2259 5637 2332 5690 lia

839 5783 880 5812 "
922 5784 1063 5838 Psal.
1090 5801 1280 5852 cxvm,
1321 5788 1366 5840 I.
1450 5792 1491 5821 "
1523 5786 1663 5842 Psal.
1693 5802 1898 5855 curti,
1940 5789 2022 5841 I2.

2413 609 2534 679 ὁδῷ,
2574 611 2622 662 oi
2651 609 3007 680 πορευόμενοι
3043 610 3097 660 ὲν
3119 608 3269 676 νόμῳ
3288 607 3516 676 Κυρίου.
3555 625 3573 657 ι
3610 609 3719 659 Καὶ
3747 608 3776 656 ὁ
3810 605 3991 674 μακά-

2416 719 2529 771 ριος
2562 703 2728 764 ὅντως
2761 703 2969 763 ἐκεῖνος
3032 700 3211 768 κωφὸς
3257 695 3326 769 ἦν
3355 700 3490 768 πρὸς
3528 697 3700 751 ταῦτα
3738 697 3886 766 βύων
3924 698 3990 750 τὰ

2414 786 2551 855 ὦτα,
2601 794 2705 855 ἕως
2736 796 2835 862 τῆς
2865 793 3123 862 βραχείας
3174 790 3389 859 ἐκείνης
3435 790 3730 859 μετείληφε
3755 789 3987 860 τροφῆς.

2415 887 2567 938 Μετὰ
2593 885 2648 937 δὲ
2680 885 2776 956 τὴν
2804 885 3004 953 μικρὰν
3036 883 3240 952 ταύτην
3269 883 3364 934 τοῦ
3397 883 3652 951 σώματος
3688 882 3989 950 θεραπείαν

2417 977 2494 1046 τῷ
2523 978 2613 1030 τοῦ
2646 976 2881 1046 σταυροῦ
2917 976 3128 1045 σημείῳ
3155 975 3534 1044 φραξάμενος·
3572 973 3632 1025 Εί
3680 973 3989 1043 μακαρίους

2417 1064 2585 1130 οἶδας,
2615 1069 2768 1138 φησι,
2799 1067 2925 1129 τοὺς
2952 1068 3286 1133 ἀγαπῶντας
3327 1065 3421 1118 τὸν
3453 1065 3678 1133 Κύριον,
3709 1066 3764 1118 τί
3786 1066 3989 1133 δήποτε

2420 1160 2676 1229 παρέχων
2702 1159 2760 1210 οὐ
2787 1158 2934 1227 παύῃ
2972 1157 3182 1216 τούτοις
3208 1155 3456 1226 ὀχλήσεις
3479 1156 3564 1207 ἀεὶ
3607 1158 3700 1211 καὶ
3728 1160 3992 1223 πράγμα-

2417 1266 2516 1312 τα;
2551 1250 2814 1308 Κάκεῖνος
2837 1247 3123 1300 ὑπολαϐὼν
3153 1247 3250 1313 τὴν
3269 1244 3464 1296 ἑαυτοῦ
3494 1244 3696 1297 κακίαν
3723 1247 3819 1297 καὶ
3844 1246 3992 1298 ἄκων

2417 1339 2670 1407 ὁμολογεῖ
2700 1339 2793 1389 καί
2821 1355 2984 1406 φησιν
3011 1356 3023 1369 ·
3056 1339 3288 1404 ’Ότιπερ
3320 1337 3517 1399 αὐτοὺς
3551 1337 3661 1405 ὁρῶ
3695 1338 3754 1388 τὸ
3786 1337 3992 1403 ἀγαθὸν

2422 1432 2728 1499 μετιόντας,
2778 1432 2874 1483 καὶ
2935 1429 3076 1501 ὁρῶν
3112 1429 3210 1480 οὐκ
3255 1427 3542 1495 ἀνέχομαι.
3578 1428 3766 1481 Ταῦτα
3797 1429 3990 1491 εἰπὼν,

2418 1523 2578 1584 εὐθὺς
2610 1521 2800 1594 ᾤχετο.

2489 1614 2605 1682 ΚΤ.
2640 1615 2798 1670 Οὕτω
2827 1614 2884 1667 δὲ
2921 1614 3148 1684 πέμπτη
3181 1615 3385 1684 μεταξὺ
3418 1614 3630 1683 διῆλθεν
3681 1613 3866 1682 ἡμέρα
3907 1614 3996 1664 καὶ

2419 1706 2747 1777 προσϐάλλει
2779 1707 2938 1758 πάλιν
2969 1708 2996 1757 ὁ
3026 1709 3260 1776 χαλεπὸς
3286 1701 3443 1768 οὗτος
3469 1706 3540 1776 τῷ
3566 1707 3705 1772 ἁγίῳ
3733 1704 3997 1771 πολέμιος

2424 1799 2561 1867 μετὰ
2589 1800 2682 1851 τοῦ
2716 1799 2952 1868 πονηροῦ
2984 1800 3112 1861 περὶ
3145 1799 3308 1851 αὑτὸν
3353 1799 3578 1866 στίφους
3613 1797 3836 1862 καὶτῆς
3869 1813 3996 1846 συν-

2423 1891 2585 1958 ήθους
2613 1891 2827 1958 ἐκείνης
2862 1891 3109 1959 μηχανῆς
3148 1890 3245 1942 καὶ
3278 1890 3632 1957 σκαιότητος·
3680 1886 3906 1938 ἐδόκουν
3940 1886 3994 1938 δὲ

2421 1982 2674 2049 σχοινίοις
2702 1979 2966 2031 πάντοθεν
2997 1980 3088 2030 τὸν
3128 1979 3372 2031 οἰκίσκον
3403 1977 3775 2039 διαλαϐόντες,
3813 1976 3998 2029 ἕλκειν

2418 2089 2477 2124 τε
2521 2072 2683 2126 αὑτὸν
2734 2072 2882 2133 ὅλαις
2936 2073 3092 2140 χερσὶ
3135 2071 3230 2122 καὶ
3261 2069 3512 2139 ἀλλήλοις
3555 2069 3997 2132 ἐπικελεύεσθαι,

2421 2163 2673 2231 καθάπερ
2710 2163 2767 2214 ὲν
2800 2162 2992 2230 πλήθει
3029 2161 3174 2228 φιλεῖ
3224 2160 3514 2226 γίνεσθαι’
3558 2161 3779 2227 Ὁρᾶτε,
3812 2160 4002 2226 λέγον-

2419 2271 2532 2317 τες,
2566 2254 2709 2306 κατὰ
2756 2253 2847 2306 τοῦ
2898 2253 3311 2321 παρακειμένου
3345 2250 3596 2320 κρημνοῦ
3625 2250 3878 2319 ῥίψωμεν
3909 2251 3999 2302 τὸν

2432 2343 2751 2412 Ἀὁράμιον.
2799 2343 2855 2396 Ὀ
2887 2342 2941 2394 δὲ
2980 2342 3060 2413 (ὣ
3103 2342 3280 2410 ψυχῆς
3310 2342 3617 2409 ἀπτοήτουι
3666 2341 3710 2392 ὢ
3742 2341 3996 2407 γενναίου

2421 2437 2764 2503 φρονήματος
2790 2435 2802 2485 i
2831 2434 2849 2504 )
2881 2434 3001 2487 οὐδὲ
3034 2431 3168 2501 πρὸς
3212 2431 3353 2483 οὕτω
3389 2432 3719 2499 σκαιοτάτην
3752 2433 4002 2484 ἐπίνοιαν

2423 2525 2607 2576 ἐδεδίει
2641 2525 2733 2576 καὶ
2767 2525 3218 2593 καταπέπληκτο,
3247 2525 3363 2577 ἀλλ’
3387 2539 3401 2553 '
3459 2545 3476 2574 ι
3562 2522 3902 2576 Εκύκλωσὰν
3933 2539 3997 2592 με

2420 2615 2550 2669 ὡσεὶ
2599 2616 2849 2683 μέλισσαι
2918 2617 3134 2684 κηρίον,
3189 2638 3204 2666 ι
3273 2617 3459 2685 ἠρέμα
3502 2615 3799 2684 ύπέψειλλε,
3860 2635 3879 2666 ι
3912 2617 4000 2668 καὶ

2422 2710 2792 2777 ἐξεκαύθησαν
2854 2709 2928 2769 ὡς
2959 2707 3069 2776 πῦρ
3101 2710 3157 2759 ὲν
3190 2708 3476 2772 ἀκάνθαις,
3529 2708 3622 2761 καὶ
3655 2707 3729 2775 τῷ
3769 2708 4002 2775 ὀνόματι

2423 2803 2629 2871 Κυρίου
2657 2801 2951 2870 ἠμυνάμην
2987 2800 3205 2860 αὐτούς.
3251 2820 3267 2849 υ
3307 2801 3490 2851 Ταῦτα
3529 2802 3556 2851 ὁ
3591 2800 3686 2867 μὲν
3709 2800 3835 2852 καθ’
3868 2801 4002 2852 ἐαυ-

2424 2897 2514 2948 τὶν
2552 2895 2859 2962 ύττεφὼνει·
2908 2893 2957 2945 οξ
2989 2893 3043 2945 δὲ
3080 2891 3217 2960 μετὰ
3270 2891 3469 2944 πολλοῦ
3507 2891 3600 2943 τοῦ
3639 2892 3793 2953 δέους
3831 2892 4001 2961 ἠλαύ-

2424 3002 2600 3048 νοντο,
2658 2985 2910 3052 καθάπερ
2968 2984 3112 3046 τινὸς
3164 2983 3475 3053 στρατηγοῦ
3525 2983 3800 3051 γενναίου.
3865 2985 4000 3051 μηδὲ

2425 3077 2585 3146 ψιλὴν
2613 3076 2838 3148 ἀπειλὴν
2869 3079 3284 3146 ὑπομείναντες.
3334 3075 3519 3137 Οὕτως
3552 3077 3648 3142 μὲν
3675 3075 3768 3127 οὖν
3791 3077 3816 3127 ὁ
3859 3076 3998 3144 ἱερὸς

2349 3169 2392 3229 C
2426 3165 2580 3232 οὗτος
2618 3170 2915 3240 Ἀὃρὰμιος
2945 3170 3039 3221 καὶ
3074 3168 3208 3235 πρὸς
3247 3167 3501 3218 τοσοῦτον
3539 3165 3669 3232 ὕψος
3699 3167 3792 3235 τῆς
3832 3184 3997 3219 πνευ-

2426 3263 2659 3333 ματικῆς
2698 3262 2903 3328 ἀνέπτη
2945 3257 3290 3326 φιλοσοφίας.

2497 3351 2590 3403 ΙΖ”.
2621 3352 2860 3402 Κάκείνα
2891 3349 2943 3400 δὲ
2974 3365 3079 3417 χρη
3128 3348 3237 3407 τοῖς
3274 3343 3400 3414 περὶ
3456 3342 3620 3395 αὑτοῦ
3657 3343 3845 3395 λοιπὸν
3880 3346 3997 3398 ὲττι-

2426 3441 2770 3511 σημήνασθαι
2801 3440 3154 3508 διηγήμασιν,
3185 3435 3396 3496 οὐδενὸς
3432 3437 3510 3495 είς
3540 3433 3816 3501 θαύματος
3843 3434 4000 3495 λόγον

2427 3535 2539 3588 τῶν
2593 3533 2977 3603 προλαϐόντων
3012 3530 3330 3596 λειπόμενα,
3377 3527 3453 3588 ὡς
3488 3527 3547 3576 ού
3590 3525 3749 3593 μόνον
3804 3527 4000 3577 ἀκτῖνα

2425 3627 2633 3692 πέμποι
2679 3625 2766 3677 ἀεὶ
2813 3622 3046 3691 φαιδρὰν
3085 3621 3192 3674 ἀπὸ
3238 3619 3334 3672 τοῦ
3355 3617 3675 3689 προσώπου,
3708 3615 3893 3667 καίτοι
3927 3618 3998 3683 μὴ

2425 3716 2753 3789 ἐρρωμένως
2787 3714 2924 3786 ἔχων
2957 3713 3051 3766 τοῦ
3086 3712 3358 3782 σώματος,
3404 3710 3521 3762 ἀλλ’
3581 3709 3684 3763 ὑπὸ
3732 3711 3828 3778 τῆς
3864 3709 4002 3775 ἄγαν

2427 3809 2751 3876 ἐγκρατείας
2790 3807 3038 3874 τακερῶς
3102 3823 3160 3856 τε
3215 3807 3307 3856 καὶ
3362 3801 3751 3869 ταλαιπώρως,
3782 3802 4002 3855 ἀλλ’ὅτι

2426 3900 2528 3954 κάν
2554 3899 2631 3966 τῷ
2659 3897 2834 3966 καιρῷ
2871 3898 2969 3964 τῆς
2994 3895 3228 3966 ἐσχάτης
3251 3893 3524 3963 ἐκδημίας
3559 3896 3652 3947 καὶ
3686 3894 4006 3957 ἀναλύσεως

2427 3991 2485 4043 τὸ
2510 3989 2752 4043 τοιοῦτον
2777 3988 3028 4060 ἐρύθημα
3060 3989 3158 4058 τὴν
3188 3988 3398 4041 οίκείαν
3426 3989 3528 4040 οὐκ
3553 3988 3787 4056 ἠγνόησε
3818 3988 4004 4057 φύσιν,

2423 4084 2541 4138 ἀλλ’
2569 4086 2803 4154 ἀκμαῖον
2827 4083 2906 4136 ἔτι
2941 4084 3034 4136 καὶ
3067 4081 3301 4152 ἀνθηρὸν
3330 4082 3454 4144 ταῖς
3491 4083 3750 4150 παρειαῖς
3800 4081 4004 4132 ἐπεκά-

2427 4173 2558 4245 θητο
2575 4192 2590 4207 ⁸
2617 4179 2711 4227 καὶ
2739 4176 2801 4227 τὸ
2827 4175 2890 4243 δὴ
2913 4173 3118 4227 τούτων
3150 4173 3328 4242 πολλῷ
3353 4172 3730 4242 χαριέστερον,
3751 4172 3833 4223 ὅτι
3854 4171 3951 4224 καὶ
3972 4171 4005 4224 ἃ

2426 4267 2788 4338 περιϐέϐλητο
2847 4267 2989 4336 ῥάκη
3046 4267 3170 4333 παρ’
3211 4265 3331 4316 ὅλον
3371 4263 3524 4330 αὐτῷ
3561 4264 3654 4314 τὸν
3707 4262 4006 4332 ἀσκητικὸν

2426 4359 2632 4409 ἐκεῖνον
2667 4358 3087 4426 ὑπηρετήσαντα
3143 4355 3260 4427 βίον
3293 4355 3450 4425 (ἔτος
3497 4356 3553 4410 δὲ
3587 4357 3955 4424 πεντηκοστὸν
3979 4359 4004 4406 ὁ

2441 4449 2739 4520 Ἀὄράμιος
2766 4449 3015 4520 ἤσκητο)
3072 4451 3171 4503 ούκ
3203 4447 3313 4513 εἶξε
3349 4449 3427 4518 τῷ
3467 4449 3562 4502 τοῦ
3596 4450 3791 4518 χρόνον
3837 4430 4004 4519 μήκει

2431 4543 2522 4593 καὶ
2547 4541 2793 4612 διερρύη,
2813 4541 2926 4594 ἀλλ’
2949 4542 3006 4594 ὲν
3033 4543 3120 4609 ἴση
3152 4540 3238 4592 διὰ
3261 4539 3462 4600 παντὸς
3492 4535 3560 4609 ἦν
3583 4541 3733 4608 ἀκμῇ
3767 4541 3865 4592 καὶ⁵
3889 4539 4005 4591 νεό-

2423 4652 2566 4704 τητι,
2599 4635 2660 4689 τὸ
2692 4635 2851 4702 σῶμα
2888 4633 2966 4700 τῷ
2998 4632 3136 4701 ἁγίῳ
3170 4629 3672 4701 περικαλύπτοντα.
3717 4631 3924 4699 Καιρδς
3952 4629 4006 4682 δέ

2424 4727 2612 4779 λοιπὸν
2650 4726 2740 4778 ἐπὶ
2768 4725 2829 4778 τὸ
2863 4724 3004 4794 μέγα
3034 4724 3127 4776 καὶ
3153 4722 3469 4793 θαυμαστὸν
3494 4725 3670 4775 ὲκεῖνο
3702 4722 4007 4791 μεταϐῆναι

2424 4816 2688 4889 διήγημα,
2746 4816 2838 4869 καὶ
2881 4816 2907 4867 ὃ
2931 4815 3025 4868 τοῦ
3057 4812 3200 4867 κατὰ
3231 4812 3364 4864 Θεὸν
3389 4812 3579 4882 ζήλου,
3619 4814 3714 4866 και
3745 4813 3854 4866 τῶν
3879 4814 4008 4867 ἀπο·

2426 4910 2690 4962 στολικῶν
2752 4905 2918 4958 αὑτοῦ
2955 4906 3304 4973 σπλάγχνων,
3366 4905 3462 4956 καὶ
3487 4905 3586 4973 τῆς
3622 4905 4006 4974 φιλοστοργίας

2429 5001 2522 5053 ἐπὶ
2579 5001 2641 5052 τὸ
2687 4999 3127 5068 ἐπισημότατον
3186 4997 3343 5047 τοῦτο
3373 4995 3431 5047 δὲ
3495 4997 3586 5047 καὶ
3622 4997 3783 5063 μόνον
3817 4995 4006 5064 λεχθὲν

2427 5091 2730 5161 κατηφείας
2763 5090 2859 5160 μὲν
2895 5089 3011 5158 ἃμα
3047 5088 3138 5141 καὶ
3172 5086 3378 5147 πάθους
3427 5088 3695 5158 πρότερον
3753 5086 3853 5151 τὰς
3886 5087 4002 5155 φιλ-

2428 5184 2751 5256 ανθρώπους
2787 5181 3070 5251 πληρώσει
3107 5178 3309 5249 ψυχὰς,
3345 5179 3540 5247 ἡδονῆς
3570 5178 3626 5232 δὲ
3678 5181 3842 5232 πάλιν
3896 5177 4004 5231 ἀπὸ

2427 5276 2522 5329 τοῦ
2558 5275 2742 5336 τέλους
2774 5275 2866 5327 καὶ
2919 5271 3155 5340 εὐθυμία
3195 5311 3209 5332 ,
3245 5272 3337 5322 καὶ
3392 5270 3574 5321 πείσει
3622 5271 3694 5338 μὴ
3728 5269 4001 5336 ἀπογινὼο

2433 5383 2584 5419 σκειν
2609 5364 2816 5416 ἑαυτῶν
2851 5364 2954 5416 κᾶν
2986 5365 3065 5425 εἱς
3091 5361 3320 5429 ἔσχατον
3344 5360 3546 5420 κακίας
3580 5359 4000 5428 κατενεχθῶσιν.

2436 5458 2589 5526 Ἔχει
2613 5455 2670 5507 δὲ
2699 5453 2869 5516 οὕτως
2897 5471 2909 5484 ·

2507 5549 2615 5601 ιιιι.
2661 5546 3040 5614 Ἐτελεύτησεν
3069 5544 3294 5610 ἀδελφὸς
3327 5542 3468 5592 κατὰ
3503 5541 3680 5609 σάρκα
3701 5540 3778 5610 τῷ
3806 5539 4003 5608 Ἀϐρα-

2442 5640 2546 5710 μίῳ
2568 5655 2580 5669 ο
2610 5639 2926 5706 ἐτελεύτησε
2967 5637 3020 5689 δὲ
3046 5639 3136 5688 ἐπι
3170 5635 3399 5702 θυγατρὶ
3434 5637 3526 5686 καὶ
3623 5637 3743 5694 παῖς
3780 5631 4008 5701 κομιδὴν
