4180 6472
716 415 783 477 67
1992 410 2280 470 MENSIS
2323 409 2679 470 MARTIUS
3922 413 3989 475 (ιδ

712 542 1050 600 corporeque
1102 525 1305 596 polluta
1359 536 1413 581 et
1471 526 1697 581 animo?
1729 525 1825 580 llei
1877 526 2031 591 milii,
2067 527 2195 595 quid
2231 529 2296 580 de

2414 526 2615 597 ρυχήνς
2659 525 2841 595 Οῐμοι,
2869 525 2949 586 τίς
3001 524 3280 596 γένωμαις
3308 529 3400 581 ποῖ
3449 530 3788 599 spinarum;
3849 533 3987 585 ίνατῐ

716 637 803 677 me
838 619 967 674 flet?
991 619 1110 685 Quo
1137 635 1223 673 me
1244 630 1449 672 vertam
1474 617 1496 669 ?
1518 617 1626 671 Cur
1650 632 1767 670 sum
1789 616 1964 671 adhuc
1979 618 2295 686 superstes?

717 715 925 769 utinam
961 726 1107 765 mors
1134 713 1199 763 ad
1224 727 1307 765 me
1336 712 1571 765 venisset
1594 722 1717 767 ante
1741 710 2039 764 libidinem.
2077 709 2293 764 Utinam

714 810 871 879 prius
930 814 1079 875 rapta
1114 805 1339 860 fuissem
1394 820 1458 858 ex
1498 820 1744 873 corpore,
1788 815 1845 857 ut
1874 804 2064 857 mortis
2094 807 2294 859 donum

716 900 971 954 haberem
1009 897 1304 968 puritatem
1348 898 1613 965 corporis.
1646 895 1801 950 Nunc
1844 906 2023 950 autem
2073 898 2295 965 quinam

716 992 895 1047 fontes
963 990 1326 1061 lacrymarum
1394 990 1523 1042 mihi
1584 997 1840 1057 poterunt
1895 999 2071 1043 tantas
2104 990 2295 1043 sordes

715 1085 939 1139 abluere
963 1084 1137 1138 iEam
1170 1084 1249 1138 sic
1303 1082 1500 1135 acerbe
1530 1081 1837 1144 deﬂentem,
1869 1097 1965 1151 per
1998 1097 2123 1136 eum
2150 1083 2297 1135 dolo-

716 1190 831 1229 rem
879 1177 1150 1245 malignus
1196 1176 1389 1244 arripit
1436 1177 1501 1228 ad
1535 1177 1992 1243 desperationem,
2023 1176 2185 1229 veluti
2225 1177 2296 1230 ti—

716 1282 895 1329 mens,
927 1278 983 1319 ut
1017 1263 1276 1331 arbitror,
1318 1281 1384 1319 ne
1420 1280 1516 1335 per
1545 1268 1921 1335 paenitentiam
1943 1266 2095 1320 fieret
2118 1281 2301 1334 prom-

715 1361 879 1432 ptiori
937 1371 987 1419 et
1020 1360 1275 1415 alacriori
1325 1361 1530 1423 animo,
1560 1368 1615 1413 et
1651 1360 1811 1429 longe
1840 1360 2013 1427 magis
2043 1370 2098 1413 et
2133 1360 2297 1414 velte-

717 1456 958 1511 mentius
1016 1455 1309 1518 reluccret,
1373 1468 1537 1521 qnam
1586 1453 1758 1519 prius.
1816 1450 2118 1521 Desperans
2171 1466 2299 1520 ergo

716 1562 872 1604 suam
901 1548 1154 1609 salutem,
1184 1546 1391 1614 aufugit
1424 1547 1475 1598 in
1496 1546 1775 1599 civitatem
1811 1546 2100 1613 quamdam
2129 1546 2298 1598 Asum

719 1639 957 1703 nomine,
986 1654 1104 1705 QINB
1130 1640 1320 1692 aberat
1361 1639 1594 1693 duorum
1628 1638 1841 1692 dierum
1872 1637 2096 1690 itinere:
2131 1646 2183 1689 et
2220 1637 2300 1691 di-

719 1746 946 1786 versans
988 1733 1039 1783 in
1065 1731 1300 1795 quodam
1337 1730 1662 1790 diversorio,
1692 1744 1813 1781 cum
1847 1738 2117 1781 mutasset
2140 1728 2299 1781 habi-

721 1832 857 1887 tum,
890 1831 945 1876 et
996 1832 1200 1877 vestem
1236 1820 1556 1889 sumpsisset
1614 1820 1954 1884 saecularem,
1982 1830 2099 1873 erat
2128 1820 2300 1875 cuivis

721 1917 923 1971 volenti
956 1918 1204 1985 prompta
1231 1916 1476 1968 ministra
1510 1915 1723 1969 acerbae
1747 1912 2064 1981 voluptatis.

793 2005 912 2063 XX.
942 2008 1076 2061 Cum
1108 2006 1197 2061 illa
1226 2020 1357 2073 ergo
1386 2005 1467 2058 sic
1497 2019 1555 2057 se
1578 2006 1821 2065 haberet,
1871 2004 1973 2056 etsi
2014 2011 2156 2056 esset
2180 2015 2303 2069 ρτοο

723 2100 897 2170 posita
950 2100 1017 2152 ad
1048 2098 1283 2151 lascivos
1312 2096 1615 2150 illiciendos
1655 2093 1864 2159 oculos,
1898 2094 2157 2148 Abramio
2180 2094 2304 2163 qui-

722 2190 937 2247 escenti
963 2191 1017 2243 in
1046 2188 1309 2243 interiore
1331 2186 1464 2243 cella
1498 2188 1719 2243 exsistit
1738 2186 1842 2240 tale
1870 2188 2145 2241 somnium
2175 2203 2187 2239 :
2214 2184 2304 2241 Vi-

727 2283 959 2337 debatur
979 2282 1027 2336 ei
1052 2283 1218 2336 draco
1270 2280 1505 2349 ingentis
1555 2281 1967 2349 magnitudinis,
1999 2291 2053 2333 et
2083 2288 2303 2349 aspectu

724 2373 1023 2437 horribilis,
1059 2387 1088 2425 a
1122 2388 1214 2427 sua
1242 2387 1471 2426 caverna
1509 2372 1863 2442 prorepsisse,
1892 2380 1945 2426 et
1984 2373 2209 2426 veniens
2241 2372 2305 2423 ad

728 2468 849 2537 eius
875 2467 1283 2531 domunculam,
1311 2480 1432 2533 quae
1462 2465 1608 2518 intus
1636 2472 1776 2524 erat,
1798 2462 2108 2517 columbam
2143 2463 2306 2515 devo-

728 2576 929 2614 rasse:
968 2560 1163 2612 deinde
1210 2572 1400 2611 rursus
1427 2567 1580 2609 suam
1636 2556 1921 2625 repetiisse
1970 2554 2303 2623 speluncam.

729 2652 825 2708 llle
873 2666 1005 2720 ergo
1062 2648 1337 2705 excitatus
1371 2663 1480 2718 prae
1514 2649 1730 2713 timore,
1770 2646 1912 2701 tristi
1946 2646 2131 2700 animo
2171 2654 2307 2709 erat,

727 2755 788 2800 et
813 2744 1138 2801 conturbata
1173 2761 1186 2797 :
1219 2754 1274 2797 et
1318 2744 1599 2810 suspicans
1630 2741 1777 2794 illam
1814 2740 2076 2813 visionem
2106 2737 2312 2803 signiti-

730 2849 860 2893 care
917 2837 1355 2906 persecutionem
1413 2834 1649 2902 aliquam
1681 2833 1943 2885 adversus
1988 2830 2307 2893 Ecclesium,

732 2930 800 2984 de
828 2941 1029 2984 ctetero
1072 2939 1193 2981 erat
1250 2928 1627 2982 vehementius
1669 2925 1913 2979 intentus
1944 2919 2199 2991 orationi,
2225 2938 2311 2979 ro-

731 3037 868 3093 gans
918 3032 976 3077 ut
1008 3021 1057 3077 ei
1096 3028 1283 3090 aperte
1308 3020 1643 3075 revelarelur
1662 3019 1820 3074 visio.
1840 3016 1958 3071 Non
1988 3019 2077 3071 diu
2128 3028 2309 3071 autem

734 3110 1224 3169 tardaviteventus
1260 3133 1274 3170 :
1308 3115 1401 3169 sed
1448 3115 1609 3169 tertio
1654 3114 1741 3169 die
1802 3119 1990 3183 postea
2033 3111 2315 3164 videbatur

2399 622 2478 675 ἔτι
2504 620 2781 689 περίειμι;
2808 620 3000 687 ὀφελον
3026 619 3231 688 ἐπῆλθέ
3266 637 3355 687 μοι
3404 622 3505 689 πρὸ
3539 623 3637 690 τῆς
3682 623 3987 689 ἐπιθυμίας

2398 717 2425 767 ὁ
2465 716 2725 777 θάνατοςί
2760 714 2953 780 ὄφελον
3004 712 3475 783 προανηρπὰσθην
3534 713 3624 765 τοῦ
3658 716 3981 782 πτώματος,

2401 808 2489 860 ἵνα
2520 807 2620 859 κᾶν
2649 806 2878 859 θανάτου
2932 805 3105 873 δῶρον
3154 800 3322 874 εἶχον,
3363 806 3463 872 τὴν
3493 806 3717 872 ἁγνείαν
3754 806 3853 859 τοῦ
3884 812 3984 857 σω-

2404 902 2605 970 ματοςί
2642 899 2754 952 Νῦν
2785 898 2841 949 δὲ
2873 900 3021 951 ποῖαί
3075 916 3165 967 μοι
3214 899 3391 966 πηγαὶ
3440 898 3692 967 δακρύων
3730 899 3985 951 τοσοῦτον

2400 992 2707 1046 ἀποπλῦναι
2763 991 2937 1061 ρῦπον
2979 991 3339 1058 δυνήσονταις
3396 988 3585 1041 Ταῦτα
3631 990 3727 1041 καὶ
3758 991 3983 1042 τοιαῦτα

2401 1088 2613 1157 πικρῶς
2648 1086 3061 1156 ἀποδυρομένην
3096 1085 3442 1155 προαρπάζει
3486 1084 3572 1135 διὰ
3606 1084 3700 1135 τοῦ
3739 1084 3985 1136 τοιοῦτον

2402 1181 2610 1243 πάθους
2668 1180 2839 1249 αὑτὴν
2890 1180 2919 1230 ὁ
2948 1179 3181 1247 πονηρὸς
3217 1180 3296 1237 είς
3334 1178 3672 1243 ἀπόγνωσιν,
3731 1178 3988 1246 καθάπερ

2402 1273 2831 1344 οἷμαιδιδοικὼς
2863 1272 2937 1343 μὴ
2970 1274 3301 1342 σφοδροτέρᾳ
3328 1272 3599 1340 χρήσηται
3640 1270 3730 1321 διὰ
3762 1272 3864 1338 τῆς
3897 1286 3989 1338 με·

2401 1367 2620 1429 τανοίας
2652 1370 2717 1433 τῇ
2756 1366 3037 1436 προθυμία
3076 1368 3169 1417 καὶ
3222 1366 3405 1433 μεῖζον
3439 1363 3627 1432 λάμψῃ
3657 1362 3753 1414 τοῦ
3788 1362 3987 1431 προτέ⁴

2405 1477 2501 1530 ρου
2536 1460 2687 1528 παρᾶ
2720 1459 2853 1510 πολὺ
2894 1459 2987 1510 καὶ
3027 1458 3412 1527 σφοδρότερον·
3445 1455 3762 1521 ἀπογνοῦσα
3810 1454 3990 1506 τοίνυν

2400 1552 2505 1621 τὴν
2536 1550 2740 1619 ἑαυτῆς
2775 1548 3073 1619 σωτηρίαν,
3100 1551 3178 1609 είς
3234 1547 3389 1599 ’Δσόν
3443 1562 3565 1597 τινα
3609 1545 3767 1597 πόλιν
3801 1544 3988 1596 ἀποδι-

2400 1645 2651 1715 δράσκει,
2699 1644 2847 1695 δυεῖν
2883 1642 3001 1694 ὁδὸν
3060 1642 3285 1711 ἡμερῶν
3337 1639 3657 1707 ἀπέχουσαν
3684 1654 3697 1667 ·
3729 1638 3829 1689 καὶ
3856 1636 3991 1703 πρός

2402 1755 2511 1790 τινι
2549 1736 2905 1791 καταλύσασα
2930 1734 3231 1805 πανδοκείῳ
3259 1736 3317 1784 τὸ
3342 1732 3529 1799 σχῆμά
3560 1748 3618 1782 τε
3648 1730 3992 1799 διαμείψασα

2404 1832 2501 1884 καὶ
2532 1831 2805 1899 κοσμικὴν
2864 1828 3071 1896 ἔσθῆτα
3126 1824 3533 1894 μεταϐαλοῦσα,
3591 1822 3892 1893 πρόχειρος
3928 1816 3994 1891 ἦν

2405 1922 2483 1991 τῷ
2519 1922 2827 1991 βουλομένῳ
2854 1921 3042 1979 παντὶ,
3078 1918 3283 1985 πικρᾶς
3316 1915 3510 1985 ἡδονῆς
3538 1914 3836 1982 ὑπηρέτις.

2479 2014 2564 2065 Κ’.
2596 2010 2786 2083 Ταύτῃ
2828 2010 3009 2064 τοίνυν
3058 2009 3278 2077 ἐκείνης
3313 2005 3545 2076 ἐχούσης
3582 2007 3677 2058 καὶ
3710 2004 3991 2073 θήρατρον

2409 2103 2551 2158 οὕτω
2580 2104 2780 2174 λίχνοις
2824 2102 3122 2171 ὀφθαλμοῖς
3158 2098 3555 2169 προκειμένης,
3614 2097 3833 2163 γίνεται
3860 2095 3994 2163 δναρ

2407 2200 2489 2260 εἰς
2539 2196 2631 2247 τὸν
2694 2195 2958 2264 ἐνδοτέρω
3020 2191 3264 2244 οἰκίσκον
3315 2187 3649 2260 ἡσυχάζοντι.
3700 2186 3991 2256 ’Δϐραμίῳ

2407 2287 2686 2339 τοιοῦτον·
2750 2286 2924 2338 ἐδόκει
2981 2285 3198 2353 δράκων
3230 2287 3379 2353 αὑτῷ
3448 2288 3671 2354 μεγέθει
3732 2286 3992 2355 μέγιστος

2412 2380 2505 2432 καὶ
2532 2377 2702 2430 δεινὸν
2736 2376 3057 2429 ὑποϐλέπων
3095 2377 3206 2428 τῶν
3248 2378 3466 2429 οἰκείων
3497 2377 3720 2445 φωλεῶν
3752 2380 3994 2449 ἀνερπύ-

2412 2486 2511 2532 σας
2544 2468 2639 2521 καί⁵
2666 2468 2818 2539 παρὰ
2851 2468 2939 2519 τὸν
2972 2466 3138 2521 αὑτοῦ
3169 2465 3413 2518 οἰκίσκον
3439 2465 3611 2517 ἐλθὼν
3656 2467 3995 2535 περιστερὰν

2413 2562 2559 2615 ἔνδον
2594 2558 2761 2615 οῦσαν
2811 2564 3104 2613 καταπιεῖν
3126 2575 3138 2587 '
3192 2554 3310 2610 εἶτα
3342 2558 3478 2629 πρὸς
3508 2560 3795 2627 χηραμοίις
3838 2554 3995 2617 αὖθις

2410 2659 2539 2716 τοὺς
2565 2654 2760 2707 ἑαυτοῦ
2793 2653 3130 2705 καταδῦναι·
3167 2653 3506 2714 διυπνισθεὶς
3530 2646 3622 2704 οῦν
3655 2653 3865 2713 ἐκεῖνος
3894 2649 3995 2702 ὑπὸ

2414 2742 2509 2795 τοῦ
2564 2742 2879 2811 δείγματος,
2922 2742 3129 2809 ἄθυμος
3162 2740 3228 2811 ἧν
3292 2748 3383 2794 καὶ
3416 2743 3852 2811 τεταραγμένος,
3904 2741 3996 2792 καὶ

2415 2836 2513 2906 τὴν
2540 2835 2664 2905 Mdv
2693 2835 2933 2905 διωγμόν
2959 2851 3079 2887 τινα
3142 2836 3539 2905 προσημαίνειν
3575 2836 3713 2887 κατὰ
3735 2836 3834 2903 τῆς
3880 2834 3999 2886 Ἑκ-

2415 2926 2644 2996 κλησίας
2696 2923 3006 2990 ὑπολαϐὼν,
3039 2925 3172 2993 εὑχῇ
3221 2924 3316 2975 τοῦ
3373 2924 3565 2975 λοιποῦ
3617 2923 3998 2991 συντονωτέρᾳ

2416 3020 2759 3089 προσέκειτο,
2787 3019 3198 3087 ἔκκαλυφθῆναι
3250 3018 3436 3085 σαφῶς
3471 3016 3725 3083 δεόμενος
3751 3014 3903 3084 αὑτῷ
3933 3015 3999 3065 τὰ

2414 3112 2515 3182 τῆς
2534 3112 2708 3182 ὂψεως
2731 3127 2744 3141 ⁸
2772 3114 2863 3165 καὶ
2884 3115 2916 3181 ἡ
2944 3112 3167 3175 ἔκϐασις
3197 3112 3295 3164 οὑκ
3328 3110 3617 3181 ἐϐράδυνεν
3640 3124 3652 3137 ·
3694 3107 3833 3162 ἀλλὰ
3862 3109 4000 3176 μετὰ

734 3223 924 3262 rursus
962 3208 1146 3260 videre
1176 3206 1322 3281 illum
1348 3206 1642 3257 draconem
1667 3204 1959 3256 emersisse
1987 3214 2051 3253 ex
2078 3214 2144 3253 eo
2172 3199 2309 3263 loco,

2416 3209 2605 3278 τρίτην
2654 3207 2712 3275 ἐξ
2759 3209 2965 3261 ἐκείνου
3025 3207 3242 3277 ἡμέραν
3292 3205 3467 3257 ἐδόκει
3524 3203 3794 3273 δράκοντα
3838 3201 4000 3253 πάλιν

734 3309 896 3364 quem
961 3294 1204 3347 subierat
1244 3302 1345 3346 :et
1395 3308 1515 3346 cum
1568 3293 1634 3345 ad
1682 3305 1803 3344 eum
1856 3290 2316 3361 prorepsisset,et

734 3388 852 3457 ejus
883 3388 1108 3457 pedibus
1130 3398 1291 3456 caput
1323 3386 1692 3449 submisisset,
1728 3386 1875 3440 illum
1905 3386 2125 3455 quidem
2150 3384 2318 3454 proti-

735 3494 837 3533 nus
856 3494 975 3533 esse
1002 3480 1307 3545 disruptum
1337 3496 1349 3531 :
1385 3477 1691 3532 columbam
1728 3488 1928 3539 autem,
1959 3493 2121 3547 quam
2146 3476 2316 3530 fuisse

735 3569 879 3623 abeo
909 3570 1218 3623 devoratam
1242 3571 1553 3635 praecedens
1572 3567 1887 3621 ostenderat
1914 3569 2206 3625 somnium,
2237 3577 2317 3617 to-

737 3664 845 3718 lam
880 3675 1067 3727 puram
1124 3669 1178 3712 et
1224 3659 1626 3712 immaculatam
1684 3672 1715 3712 e
1751 3657 1928 3712 medio
1972 3658 2087 3725 ejus
2128 3667 2317 3710 ventre

736 3749 1002 3804 evolasse.
1026 3749 1283 3804 Hzeccum
1313 3751 1556 3816 vidisset,
1582 3750 2023 3805 etexistimasset
2052 3750 2312 3803 visionem

737 3843 1049 3913 significare
1074 3844 1308 3909 aliquem
1351 3843 1561 3908 lapsum
1605 3843 1798 3893 anima:
1838 3841 1960 3893 lilia:
1999 3841 2178 3892 fratris
2207 3841 2313 3905 sui,

737 3935 1174 3994 conturbatus.et
1203 3933 1371 3986 animi
1397 3932 1715 4001 aegritudine
1737 3932 1964 3985 allectus
1984 3931 2318 3999 prospiciens

740 4040 769 4079 e
800 4025 1079 4081 fenestra:
1116 4023 1309 4092 Maria,
1362 4025 1529 4079 Maria
1572 4040 1717 4091 mea,
1766 4026 1959 4094 inquit,
1997 4026 2124 4093 quid
2152 4031 2254 4086 est,
2286 4035 2319 4076 ο

740 4118 874 4183 lilia,
906 4121 1049 4186 quod
1106 4120 1200 4174 tibi
1257 4128 1464 4171 tantam
1517 4118 1704 4170 attulit
1728 4118 2055 4182 socordiam,
2089 4128 2147 4169 ut
2179 4126 2320 4170 totos

741 4211 841 4264 bos
881 4211 1015 4265 duos
1046 4210 1160 4264 dies
1187 4225 1290 4263 non
1321 4208 1553 4264 moveris
1578 4224 1639 4263 os
1664 4208 1728 4262 ad
1768 4208 1975 4271 laudes,
2005 4225 2108 4261 non
2147 4208 2321 4261 reddi-

741 4298 887 4354 deris
914 4312 1201 4355 consuetas
1244 4300 1691 4371 gloriﬁcationes,
1732 4314 1837 4353 non
1877 4298 2093 4367 petieris
2122 4298 2322 4353 doctri-

740 4407 891 4455 nam,
924 4408 1030 4444 non
1062 4391 1405 4460 eloquiorum
1438 4391 1650 4443 illorum
1675 4391 2029 4445 auditionem.
2052 4405 2170 4459 qua:
2206 4390 2321 4444 fue-

742 4490 873 4535 runt
900 4480 1058 4533 melle
1091 4490 1147 4533 et
1178 4480 1299 4532 favo
1327 4481 1407 4533 ori
1440 4488 1532 4533 tuo
1558 4480 1842 4533 dulciora?

2419 3304 2625 3355 ἐκεῖνον
2681 3303 2835 3371 ὁρᾷν,
2897 3299 3103 3351 ἐκεῖθεν
3145 3299 3279 3349 ὅπου
3331 3296 3527 3347 κατέδυ
3567 3295 3837 3363 πρότερον
3873 3294 4003 3343 ἁνα-

2416 3394 2585 3447 δύντα
2619 3397 2712 3445 καὶ
2750 3392 2879 3460 παρ’
2900 3392 3063 3442 αὐτὴν
3095 3388 3411 3456 ἑρπύσαντα
3444 3390 3554 3445 τοῖς
3594 3383 3761 3437 αὑτοῦ
3790 3400 3851 3434 τε
3876 3383 4003 3433 ποσὶ

2419 3482 2662 3553 κεφαλὴν
2714 3480 3045 3549 ὑποσχόντα,
3075 3478 3166 3528 τὸν
3225 3475 3324 3545 μὲν
3357 3475 3561 3526 αὐτίκα
3597 3474 3743 3542 μάλα
3774 3474 4003 3543 διαρρα-

2420 3575 2605 3640 γῆναι,
2639 3572 2735 3641 τὴν
2786 3570 2842 3623 δὲ
2902 3567 3257 3639 περιστερὰν,
3316 3566 3381 3636 ἣν
3433 3566 3729 3618 καταπιεῖν
3778 3566 3945 3615 αὑτὸν
3977 3565 4003 3613 ὁ

2419 3666 2709 3734 προλαϐὼν
2772 3662 3049 3725 ὑπέδειξεν
3108 3664 3337 3730 ὄνειρος,
3399 3662 3646 3731 apsum
3724 3658 3858 3727 ὅλην
3908 3657 4003 3709 καὶ

2419 3757 2667 3824 καθαρὰν
2714 3759 2777 3807 ἔκ
2834 3756 3003 3821 μέσης
3039 3752 3203 3804 αὑτοῦ
3253 3753 3351 3820 τῆς
3384 3752 3624 3820 γαστρὸς
3652 3749 3999 3813 ἀναπτῆναι*

2418 3850 2594 3903 ταῦτα
2630 3847 2750 3900 ἰδὼν
2777 3846 2868 3897 καί
2900 3861 3017 3896 τινα
3052 3843 3246 3911 κρίνας
3278 3846 3375 3909 τῆς
3403 3842 3627 3907 ἀνεψιᾶς
3656 3838 3872 3889 ὄλισθον
3906 3838 4007 3907 ψυ-

2418 3944 2520 4012 κῆς
2543 3942 2867 4009 ὑποφαίνειν
2896 3940 2993 4011 τὴν
3048 3938 3201 3998 θέαν,
3249 3933 3480 4003 θορύϐου
3513 3948 3569 3983 τε
3614 3931 3708 3983 καὶ
3765 3931 4004 4003 ἀθυμίας

2422 4034 2623 4095 εὐθέως
2656 4032 3026 4101 ὑποπλησθεὶς
3068 4030 3163 4083 καὶ
3187 4026 3359 4091 οὑτως
3388 4026 3462 4090 ὡς
3498 4021 3610 4095 εἷχε
3648 4025 4003 4094 τεταραγμέ-

2422 4140 2527 4186 νως
2576 4124 2674 4191 τῆς
2724 4121 2939 4188 θυρίδος
3001 4120 3290 4190 προκύψας
3388 4117 3574 4186 Μαρία
3629 4133 3754 4185 μου,
3814 4113 4005 4182 Μαρία

2426 4230 2552 4285 μου,
2596 4214 2749 4285 φησὶ,
2777 4216 2829 4268 τί
2858 4232 2959 4279 σοι,
2988 4211 3033 4269 ὧ
3067 4213 3276 4280 τέκνον,
3335 4216 3450 4266 ἐστὶ
3482 4214 3541 4265 τδ
3573 4208 3852 4281 ῥᾳθυμίαν
3903 4210 4005 4277 ἔμ-

2424 4308 2661 4376 ποιῆσαν
2694 4307 3076 4377 τοσαύτην,ὡς
3114 4308 3240 4376 παρ’
3273 4307 3401 4367 ὅλας
3425 4305 3518 4356 δύο
3547 4301 3749 4361 ταύτας
3786 4300 4003 4369 ἡμέρας

2426 4403 2501 4472 μὴ
2540 4403 2715 4467 στόμα
2749 4401 2965 4467 κινῆσαι
3011 4400 3148 4469 πρὸς
3196 4398 3428 4461 αἴνεσιν,
3491 4395 3564 4467 μὴ
3614 4395 3711 4456 τὰς
3751 4395 4007 4464 συνήθεις

2424 4491 2718 4544 ἀποδοῦναι
2743 4490 3075 4559 δοξολογίας,
3108 4491 3183 4562 μὴ
3208 4488 3532 4563 προσελθεῖν
3572 4489 3637 4559 τῇ
3673 4485 3877 4557 θυρίδιο
3933 4483 4008 4554 μὴ

739 4574 1093 4632 διδασκαλίαν
1121 4578 1363 4648 αἰτῆσαι,
1415 4575 1492 4647 μὴ
1536 4575 1735 4645 λογίων
1768 4578 1998 4635 ἐκείνων
2029 4583 2319 4655 ἀκρόασιν,
2360 4587 2395 4643 ἃ
2425 4590 2518 4643 καὶ
2582 4589 2893 4661 γλυκύτερα
2958 4590 3099 4661 ὑπὲρ
3127 4588 3252 4661 μέλι
3302 4589 3396 4643 καὶ
3429 4585 3620 4657 κηρίον
3662 4582 3740 4653 τῷ
3777 4580 4007 4651 στόματι

743 4686 839 4725 σου
873 4670 1199 4724 καθίσταντο
1222 4688 1237 4736 ;

816 4763 960 4819 XXI.
986 4764 1123 4819 Cum
1159 4766 1272 4819 haec
1325 4766 1556 4821 dixisset
1599 4767 1787 4823 fratris
1821 4770 1963 4837 tiliae,
2002 4782 2054 4827 et
2087 4772 2221 4827 nihil
2253 4774 2311 4831 alt

2498 4777 2627 4830 KA'.
2662 4773 2849 4827 Ταῦτα
2899 4772 3037 4843 πρὸς
3099 4772 3197 4842 τὴν
3252 4766 3480 4837 ἀνεψιὰν
3517 4765 3680 4835 δῆθεν
3709 4766 3883 4818 εἰπὼν
3914 4765 4008 4817 καὶ

742 4868 807 4909 ea
838 4855 1137 4910 audivisset
1168 4858 1461 4928 (quomodo
1498 4861 1665 4925 enim,
1693 4876 1817 4916 cum
1861 4862 1951 4917 illa
1994 4865 2048 4919 in
2081 4867 2326 4921 diverso-

744 4943 830 5001 rio
885 4956 1199 5003 versaretur
1255 4951 1307 5003 in
1366 4953 1643 5007 amoribus
1692 4961 1746 5007 et
1776 4958 2322 5030 comessationibus?)

742 5046 933 5108 aperte
961 5044 1216 5107 cognovit
1240 5042 1506 5097 visionem
1536 5046 1601 5098 de
1632 5060 1694 5099 ea
1729 5048 2041 5116 significare
2076 5068 2089 5105 :
2118 5063 2169 5105 et
2203 5068 2327 5122 pro-

742 5130 891 5185 tinus
939 5132 1265 5203 gravissimo
1324 5135 1512 5192 dolore
1567 5136 1815 5203 affectus,
1861 5149 1915 5197 et
1944 5142 1995 5194 in
2028 5141 2328 5197 visceribus

743 5237 906 5292 supra
972 5226 1191 5279 modum
1235 5228 1533 5294 cruciatus,
1586 5229 1820 5297 suspirio
1868 5233 2031 5286 veluti
2083 5237 2317 5300 quodam

748 5314 897 5372 fumo
919 5331 983 5371 ex
1048 5318 1262 5372 interna
1292 5317 1508 5374 ﬂamma
1540 5323 1760 5387 emisso,
1794 5323 1957 5378 Deum
1987 5326 2236 5393 rogabat,
2262 5337 2322 5381 ut

750 5422 813 5462 ca
867 5410 1219 5477 resipiscere!
1240 5424 1297 5466 et
1318 5425 1651 5483 exsurgeret,
1685 5423 1739 5469 et
1760 5418 1961 5471 rediret
1992 5418 2057 5468 ad
2083 5417 2316 5485 priorem

747 5500 931 5567 proba:
961 5500 1081 5554 vita:
1104 5500 1518 5561 institutionem.
1558 5504 1692 5561 Nam
1732 5509 1833 5562 etsi
1870 5518 1997 5563 tunc
2024 5510 2325 5578 ignorabat,

747 5594 1021 5675 quomodo
1051 5595 1429 5663 abscessisset,
1454 5608 1508 5652 et
1541 5598 1739 5666 locum,
1774 5599 1825 5653 in
1864 5618 1971 5669 quo
1998 5602 2166 5656 Maria
2210 5619 2331 5658 ver-

748 5686 1183 5756 sabatnr:quod
1243 5698 1423 5745 tatnen
1477 5689 1709 5747 latenter
1757 5694 2099 5755 recessisset.
2130 5704 2332 5763 etpro-

748 5784 871 5847 pter
892 5777 1154 5835 visionem
1188 5779 1355 5848 illam,
1400 5800 1521 5854 qua».
1573 5795 1931 5855 apparuerat,
1971 5800 2077 5839 non
2137 5786 2327 5840 bonam

745 5886 900 5946 spent
928 5874 994 5929 de
1022 5888 1085 5929 ea
1128 5887 1471 5944 conceperat.
1502 5877 1646 5934 Duos
1703 5877 1887 5947 itaque
1932 5892 2102 5932 annos
2163 5877 2326 5933 Deum

2426 4868 2596 4939 μηδὲν
2655 4865 2789 4938 παρ’
2842 4865 3015 4935 αὑτῆς
3050 4864 3289 4924 ἀκούσας
3342 4860 3361 4931 (
3388 4860 3497 4924 πῶς
3528 4861 3670 4929 γάρ;
3701 4859 3921 4927 ἔκείνης
3949 4858 4005 4908 ὲν

2424 4959 2504 5029 τῷ
2535 4960 2837 5029 πανδοκείῳ
2866 4956 2997 5026 περὶ
3030 4956 3240 5024 ἔρωτας
3266 4954 3359 5006 καὶ
3394 4951 3611 5021 κώμους
3652 4947 4003 5019 ἁσχαλουμί-

2426 5052 2569 5123 νης),
2621 5052 2761 5120 ἔγνω
2801 5050 3010 5116 σαφῶς,
3036 5047 3135 5115 τὴν
3165 5046 3288 5115 ὄψιν
3318 5045 3449 5115 περὶ
3486 5043 3653 5113 αὑτῆς
3688 5041 4008 5095 ὑπαινίττε-

2428 5144 2551 5196 σθαι
2603 5144 2701 5194 καὶ
2764 5138 3136 5210 ὀδυνηρότατα
3196 5137 3540 5207 παραχρῆμα
3603 5132 3878 5194 διατεθεὶς
3940 5132 4006 5185 τὰ

2431 5235 2716 5303 σπλάγχνα
2780 5249 2837 5284 τε
2890 5232 3277 5301 ὑπεραλγήσας
3336 5230 3431 5284 καὶ
3482 5227 3809 5295 στεναγμὸν,
3843 5224 4005 5279 οἱονεί

2425 5342 2548 5382 τινα
2578 5326 2787 5380 καπνὸν
2821 5326 2918 5393 τῆς
2958 5324 3169 5377 ἔνδοθεν
3202 5323 3418 5393 φλογὸς,
3451 5320 3806 5389 ἀναπέμψας,
3838 5319 4006 5372 ἐδεῖτο

2424 5422 2517 5475 τοῦ
2552 5420 2687 5474 Θεοῦ
2721 5420 2781 5471 τὸ
2830 5419 3038 5483 λοιπὸν,
3078 5419 3216 5471 ὥστε
3279 5416 3553 5484 ἀνανῆψαι
3588 5414 3748 5467 πάλιν
3808 5413 4002 5480 αὑτὴν,

2424 5512 2520 5565 καὶ
2542 5508 2916 5577 διαναστῆναι,
2947 5512 3041 5561 καὶ
3094 5510 3174 5572 εἰς
3226 5508 3323 5579 τὴν
3360 5506 3631 5578 προτέραν
3684 5504 4004 5559 ἐπανελθεῖν

2425 5602 2781 5671 εὐδοκίμησιν
2803 5616 2815 5629 ο
2847 5602 2896 5651 el
2924 5603 3031 5669 γὰρ
3062 5604 3153 5652 καὶ
3203 5602 3293 5651 τὸν
3321 5601 3520 5668 τρόπον
3554 5599 3692 5656 τέως
3737 5600 3839 5666 τῆς
3870 5595 4005 5647 ἀκο-

2426 5694 2625 5763 δημίας
2652 5692 2860 5763 ἠγνόει,
2886 5695 2979 5744 καὶ
3006 5693 3095 5744 τὸν
3124 5692 3313 5756 τόπον,
3340 5693 3395 5743 ὲν
3416 5685 3459 5758 ᾧ
3484 5690 3787 5759 τηνικαῦτα
3816 5687 4004 5756 Μαρῖα

2426 5786 2721 5856 διέτριϐεν,
2755 5786 2889 5838 ἀλλὰ
2917 5786 2977 5837 τὸ
3022 5785 3249 5855 λεληθὸς
3283 5787 3379 5854 τῆς
3412 5786 3820 5855 ὑποχωρήσεως
3850 5784 4004 5851 καὶὴ

2429 5880 2663 5947 φανεῖσα
2682 5877 2801 5947 bitt;
2832 5876 3017 5947 ἐκείνη
3042 5878 3139 5928 οὐκ
3170 5876 3381 5945 ἀγαθὰς
3416 5878 3677 5947 παρεῖχεν
3699 5876 3851 5947 αὑτῷ
3884 5876 4007 5945 περὶ
