4180 6488
184 445 254 506 69
1473 428 1654 489 VITA
1692 429 1753 489 S.
1793 475 1797 485 .

1902 422 2149 484 RAMII.
3407 421 3479 483 70

183 555 357 624 αὐτῆς
383 551 492 614 τὰς
526 551 776 610 ἐλπίδας.
819 547 943 601 Ἐπὶ
978 546 1098 598 δυσὶ
1137 543 1235 613 μὲν
1274 537 1365 594 οῦν
1400 542 1576 594 ἐτεσιν
1628 539 1796 591 ἐδεῖτο

1903 549 2000 603 pro
2024 548 2086 586 ea
2117 528 2346 601 rogavit.
2379 527 2590 582 Somnii
2617 525 2758 581 enim
2786 526 2975 596 duplex
3007 518 3164 596 visio,
3209 529 3478 587 biennium

185 649 316 718 περὶ
365 644 553 713 αὐτῆς
613 643 706 696 τοῦ
742 640 878 693 Θεοῦ
902 657 916 673 ο
967 639 999 710 ἡ
1034 640 1143 705 γὶιρ
1177 635 1340 704 διπλῆ
1377 632 1468 686 τοῦ
1519 630 1799 702 ὀνείρατος

184 741 306 809 Mt;
341 738 409 789 τὸ
442 737 544 788 τοῦ
571 735 768 806 χρόνου
804 731 978 793 διετὲς
1009 730 1358 797 ὑπεσήμαινε
1381 743 1394 756 ο
1451 725 1579 794 περὶ
1620 724 1676 775 δέ
1699 723 1799 792 τὴν

182 830 278 884 τοῦ
312 828 593 899 δευτέρου
620 827 768 887 ἔτους
793 823 1054 888 τελευτὴν
1080 819 1330 873 ἐπάνεισί
1350 835 1434 880 τις
1459 815 1568 868 τῶν
1603 813 1796 882 φίλων.

183 922 242 982 ὃς
275 919 562 988 ἐτύγχανε
606 916 735 984 παρ’
787 910 949 964 αὐτοῦ
983 909 1126 963 κατά
1157 909 1385 976 ζήτησιν
1425 906 1640 975 ἐκείνης
1692 907 1798 956 ἀπο

184 1011 559 1078 εσταλμένος,
629 1009 751 1059 ὅποι
804 1021 864 1056 τε
897 1005 929 1072 ἡ
987 999 1184 1070 ἀνεψιὰ
1217 998 1486 1068 διατρίϐει
1519 999 1615 1050 καὶ
1651 995 1800 1064 παρὰ

183 1103 290 1156 τίνι
318 1103 423 1154 καὶ
446 1102 628 1161 ὅπως,
670 1095 857 1164 σαφῶς
911 1095 1093 1149 πάντα
1125 1091 1347 1162 μηνύων
1371 1090 1448 1159 τῷ
1482 1088 1793 1160 Ἀὁραμίῳ·

185 1196 278 1245 καὶ
315 1191 685 1261 παραχρῆμα
739 1185 813 1256 μὴ
870 1187 1148 1255 μελλήσας
1189 1186 1397 1244 ἐκεῖνος
1441 1181 1631 1261 μηδὲν,
1676 1180 1799 1249 μηδ’

184 1283 670 1350 ἀναϐαλλόμενος,
701 1279 835 1332 ἀλλὰ
867 1279 1058 1348 μακρᾶ
1091 1278 1305 1351 χαὲρειν
1323 1273 1490 1326 εἰπὼν
1514 1275 1608 1325 καὶ
1631 1275 1796 1343 γήρᾳ,

183 1381 276 1431 καὶ
301 1376 540 1445 ἡσυχίᾳ,
578 1375 675 1427 καὶ
708 1371 990 1442 μοναχικῷ
1019 1373 1112 1424 καὶ
1139 1371 1378 1439 σχήματι
1405 1366 1499 1419 καὶ
1529 1367 1796 1434 μνήματι,

181 1468 332 1528 ὅπως
374 1464 568 1535 ψυχὴν
625 1463 733 1516 τῶν
785 1462 1021 1514 δικτύων
1074 1459 1342 1530 ἐξελκύσῃ
1381 1455 1476 1508 τοῦ
1517 1456 1797 1519 διαϐόλου,

182 1559 279 1612 καὶ
311 1559 708 1628 στρατιωτικῇ
749 1555 848 1625 μέν
881 1557 1231 1624 χρησάμενος
1255 1555 1320 1621 τῇ
1357 1549 1541 1619 στολῇ,
1574 1548 1802 1616 ἐνθέμε-

179 1666 270 1711 νος
317 1649 378 1701 δέ
443 1648 524 1716 τῶ
589 1648 777 1715 κόλπῳ
820 1648 916 1698 καὶ
965 1645 1208 1714 νόμισμα
1263 1642 1320 1693 ἐν
1365 1639 1656 1709 (τοσούτου
1691 1639 1799 1708 γὰρ

179 1740 495 1809 ἐτύγχανεν
545 1739 856 1808 εὐπορῶν).
921 1737 1092 1788 ἵππον
1118 1752 1176 1786 τε
1210 1717 1652 1803 μισθωσάμενος,
1703 1734 1799 1783 καὶ

178 1834 384 1885 τούτου
414 1833 482 1883 τὸ
513 1833 682 1900 τάχος
715 1831 933 1893 ἐπιϐὰς,
968 1828 1109 1882 κατά
1136 1828 1228 1880 τὸν
1253 1826 1474 1898 πρῶτον
1508 1827 1602 1880 καὶ
1638 1821 1797 1887 οὗτος

190 1926 460 1995 Ἀϐραὰμ
485 1925 591 1993 τῆς
617 1924 708 1975 ἐπὶ
736 1923 797 1975 τὸ
832 1923 1148 1990 πανδοχεῖον
1183 1919 1460 1988 φερούσης
1497 1919 1692 1990 ἥψατο.
1737 1921 1795 1972 ’0

179 2019 280 2086 μὲν
317 2020 440 2088 γὰρ
493 2015 642 2068 κατά
697 2015 804 2067 τῶν
857 2015 1021 2066 πέντε
1080 2012 1350 2082 βασιλέων
1380 2011 1793 2080 ἐκστρατεύσας

174 2107 298 2159 Λὼτ
328 2111 429 2160 τὶν
463 2106 663 2157 τούτου
693 2105 1010 2172 ἀδελφιδοῦν
1035 2103 1350 2156 ἀνεσώσατο
1375 2104 1472 2166 τῆς
1505 2104 1796 2172 αίχμαλω-

177 2199 318 2260 σίας,
355 2199 386 2250 ὀ
413 2198 476 2249 δὲ
512 2196 654 2266 πρὸς
684 2195 862 2264 πάλην
897 2194 976 2262 τῷ
1001 2193 1370 2262 ἀντικειμένῳ
1402 2197 1663 2263 χωρήσας
1698 2198 1797 2248 καὶ

1907 624 2166 692 temporis
2198 620 2559 690 significabat.
2591 619 2752 673 Circa
2789 619 2948 673 linem
3017 631 3194 674 autem
3256 627 3480 678 secundi

1905 716 2031 771 anni
2059 714 2350 769 revertitur
2373 711 2589 780 quidam
2627 711 2858 773 amicus,
2891 710 2979 778 qui
3003 711 3067 763 ad
3092 727 3208 764 eam
3234 729 3486 781 quaeren-

1903 809 2022 863 dam
2055 807 2229 861 fuerat
2255 807 2323 859 ab
2357 805 2474 873 ipso
2507 804 2730 868 missus,
2763 804 2980 858 ubinam
3030 818 3338 860 versaretur
3373 807 3485 860 l'ra-

1905 900 2003 954 tris
2037 899 2170 961 lilia,
2197 907 2253 952 et
2282 896 2422 964 apud
2453 910 2641 964 quem,
2675 903 2730 947 et
2758 896 3048 963 quomodo,
3082 896 3260 948 omnia
3296 908 3483 966 aperte

1902 991 2216 1061 signiﬁcans
2252 989 2532 1041 Abramio.
2575 986 2666 1040 ille
2697 1001 2826 1040 vero
2851 987 3040 1040 statim
3069 988 3203 1040 nihil
3255 992 3483 1045 cuncta-

1903 1091 2010 1146 tus,
2035 1080 2128 1136 sed
2146 1080 2370 1134 multum
2397 1079 2578 1132 valere
2601 1079 2792 1146 iubens
2816 1087 2868 1131 et
2885 1078 3119 1144 senium,
3148 1089 3203 1133 et
3228 1082 3484 1134 exercita-

1904 1175 2131 1238 tionem,
2164 1185 2218 1226 et
2251 1173 2552 1236 silentium,
2606 1170 3077 1238 monasticnmque
3135 1174 3379 1226 habitum
3433 1185 3486 1228 ct

1903 1267 2201 1328 incessum,
2243 1275 2300 1316 nt
2356 1265 2613 1316 liberaret
2669 1263 2906 1314 animam
2939 1276 2967 1314 a
3004 1262 3214 1330 laqueis
3261 1265 3485 1330 diaboli,

1903 1375 2026 1416 cum
2067 1368 2272 1412 vestem
2299 1357 2562 1409 induisset
2595 1355 2909 1420 militarem,
2946 1365 2999 1408 et
3032 1357 3082 1408 in
3114 1355 3288 1408 sinum
3327 1372 3486 1409 num-

1905 1467 2053 1507 mum
2081 1465 2244 1504 unum
2283 1448 2601 1502 immisisset
2645 1448 2875 1516 (tantum
2905 1449 3048 1500 enim
3097 1456 3214 1503 erat
3245 1448 3294 1502 ei
3329 1449 3487 1520 opus)

1903 1553 1958 1596 et
2013 1558 2212 1608 equum
2265 1541 2635 1605 conduxisset,
2687 1549 2740 1593 et
2768 1554 2890 1593 eum
2925 1540 3325 1606 quamprimum
3355 1555 3492 1594 con-

1901 1633 2225 1696 scendisset,
2286 1631 2402 1698 ipse
2427 1646 2646 1700 quoque
2674 1632 2848 1684 instar
2871 1629 3029 1698 primi
3066 1629 3317 1694 Abrahae,
3346 1631 3487 1683 viam

1903 1727 2044 1787 iniit,
2097 1740 2217 1794 qua
2257 1723 2491 1777 ducebat
2537 1725 2602 1775 ad
2656 1726 3042 1778 diversorium.
3082 1723 3216 1778 Nam
3257 1724 3345 1779 ille
3370 1726 3492 1793 qui-

1903 1821 2022 1874 dem
2047 1819 2392 1887 expeditione
2420 1827 2671 1885 suscepta
2719 1820 2982 1870 adversus
3021 1817 3264 1884 quinque
3311 1829 3486 1885 reges,

1903 1916 2007 1970 ιω
2044 1917 2230 1968 fratris
2266 1913 2434 1966 lilium
2467 1911 2699 1964 servavit
2723 1928 2750 1963 a
2779 1911 3114 1978 captivitate.
3153 1910 3252 1964 Hic
3284 1921 3490 1976 autem,

1905 2020 2026 2062 cum
2071 2008 2123 2059 in
2153 2012 2430 2058 certamen
2464 2003 2828 2072 processisset
2875 2013 3064 2056 contra
3096 2003 3488 2064 adversarium.

1903 2111 1957 2155 et
1991 2117 2112 2152 eum
2149 2101 2195 2151 vi
2227 2108 2610 2167 expugnasset,
2656 2097 2870 2150 reduxit
2901 2096 2984 2151 sui
3020 2094 3206 2150 fratris
3234 2096 3398 2149 liliatn
3422 2097 3490 2150 ad

1905 2195 2139 2263 priorem
2165 2192 2383 2242 virtutis
2419 2189 2898 2243 exercitationem.

176 2289 318 2340 κατᾶ
357 2286 572 2358 κράτος
625 2283 811 2338 τοῦτον
869 2283 1028 2352 ἐλὼν,
1075 2282 1176 2354 τὴν
1235 2283 1447 2336 οἰκείαν
1496 2284 1790 2356 ἀδελφιδῆν
1832 2287 1969 2362 πρὸς
2033 2282 2130 2353 τὴν
2159 2279 2433 2350 προτέραν
2491 2277 2668 2348 αὐτῆς
2738 2280 2945 2350 ἀρετῆς
3011 2279 3248 2350 ἄσκησιν
3310 2281 3480 2332 ἐπαν-

175 2384 411 2448 ἠγαγεν.

247 2473 378 2528 KB’.
425 2471 777 2526 Καταλαδὼν
831 2471 1012 2524 τοίνυν
1066 2471 1127 2523 τὸ
1169 2473 1515 2541 πανδοχεῖον,
1570 2468 1660 2527 οἷά
1713 2494 1795 2540 τις

175 2571 452 2639 ἔμπειρος
496 2564 753 2635 θηρατὴς
784 2566 878 2615 καὶ
933 2562 1196 2625 πολλάκις
1226 2563 1490 2630 τοιαύτης
1539 2564 1713 2633 θήρας
1745 2584 1797 2617 τι

176 2660 379 2728 τυχὼν,
418 2657 736 2726 παρετήρει
772 2654 898 2722 τῇδε
929 2653 1174 2714 κάκεῖσε,
1209 2652 1266 2703 εί
1291 2670 1398 2705 που
1430 2653 1632 2723 μικρὸν
1665 2654 1798 2705 ὑπο-

177 2752 376 2820 δλέψαι
412 2747 684 2815 δυνηθείη
717 2745 774 2796 τὸ
809 2744 1067 2813 θήραμα’
1104 2743 1225 2796 ἐπεὶ
1256 2745 1312 2796 δέ
1340 2745 1514 2806 πολὺς
1549 2744 1799 2814 ἐτρίϐετο

179 2842 373 2911 χρόνος
403 2837 591 2905 αὐτῷ,
629 2837 718 2886 καὶ
768 2835 868 2888 οὐκ
930 2832 1101 2905 εἶχεν,
1145 2837 1290 2900 ὅπως
1323 2836 1426 2906 τὴν
1454 2836 1800 2907 ζητουμένην

178 2935 458 3000 θεάσηται
500 2947 513 2959 ο
549 2928 930 2996 τοσουτῳὛὰρ
963 2928 1145 2997 ἐκείνη
1170 2927 1457 2998 σώφρονας
1487 2927 1805 2996 ὀφθαλμοὺς

177 3024 558 3094 ἐφυλάττετο,
594 3021 706 3089 ὅσῳ
735 3019 1051 3071 τούναντίον
1098 3017 1302 3087 λίχνοις
1334 3019 1428 3071 καὶ
1476 3017 1800 3080 ἀκολάστοις

179 3122 529 3189 ἐπέτρεχεν·
611 3116 732 3165 ἐπεὶ
792 3113 978 3162 τοίνυν
1016 3111 1191 3173 οὕτως
1227 3107 1342 3180 εἷχε
1389 3113 1488 3164 καὶ
1539 3114 1667 3183 περὶ
1703 3113 1800 3184 την

177 3209 308 3262 θέαν
337 3206 529 3273 αὐτῆς
564 3201 869 3264 ἀδυνάτως,
922 3199 1224 3253 ἐπινοεῖταί
1263 3217 1315 3253 τι
1352 3205 1605 3271 πρᾶγμα,
1653 3204 1681 3256 δ
1709 3205 1801 3256 καὶ

1972 2470 2138 2527 XXII.
2187 2468 2321 2525 Cum
2358 2469 2692 2539 pervenisset
2751 2468 2933 2536 itaque
2984 2468 3050 2523 ad
3102 2469 3491 2527 diversorium.

1899 2581 2005 2618 non
2027 2579 2186 2618 secus
2210 2578 2274 2615 ac
2298 2571 2526 2615 venator
2543 2563 2776 2630 peritus,
2803 2563 2908 2616 huc
2933 2563 3126 2617 etilluc
3148 2565 3492 2628 observabat,

1897 2657 2070 2713 sicubi
2121 2661 2307 2722 posset
2363 2655 2600 2722 praedam
2653 2669 2947 2724 parumper
2979 2659 3248 2725 aspicere.
3293 2655 3492 2712 Verum

1901 2757 2113 2816 tempus
2149 2743 2216 2798 ab
2246 2759 2311 2799 eo
2355 2745 2658 2805 terebatur,
2709 2751 2763 2797 ct
2810 2759 2954 2808 eam,
2997 2761 3158 2810 quam
3193 2749 3488 2812 quaerebat,

1903 2854 2008 2893 non
2038 2847 2250 2908 poterat
2281 2838 2546 2906 aspicere.
2581 2834 2678 2890 Illa
2738 2836 2880 2891 enim
2919 2837 3142 2906 pudicos
3173 2848 3379 2891 tantum
3412 2839 3490 2890 vi-

1903 2933 2054 2985 tabat
2083 2931 2293 2995 oculos,
2325 2941 2588 3000 quantum
2621 2938 2808 2986 contra
2841 2931 3167 2985 accurrebat
3209 2933 3274 2986 ad
3323 2933 3489 2988 lasci-

1902 3035 1994 3074 vos
2019 3031 2073 3074 et
2100 3022 2423 3088 impudicos.
2457 3019 2591 3072 Cum
2633 3035 2762 3088 ergo
2789 3019 2868 3072 sic
2898 3034 3017 3074 eam
3054 3038 3162 3074 non
3189 3033 3372 3090 posset
3411 3026 3492 3077 in-

1904 3112 2062 3176 tueri,
2127 3112 2401 3180 excogitat
2443 3125 2553 3164 rem
2602 3110 2919 3179 quamdam,
2966 3126 3086 3180 qua:
3121 3113 3202 3166 vel
3248 3115 3360 3165 sola
3397 3129 3492 3181 po-

1903 3214 2011 3259 test
2078 3204 2366 3258 ostendere
2422 3219 2675 3273 magnum
2708 3190 2853 3258 illius
2886 3205 3088 3266 zelum,
3122 3212 3176 3258 et
3227 3205 3489 3273 quemad-

183 3301 348 3368 μόνον
421 3294 628 3348 ἱκανὸν
689 3291 1047 3361 παραστῆσαι
1090 3291 1182 3344 τὸν
1217 3290 1387 3344 πολὺν
1416 3293 1585 3344 αὑτοῦ
1637 3292 1797 3360 ζῆλον

1906 3298 2145 3362 modum,
2173 3305 2228 3350 ut
2266 3306 2510 3350 servaret
2539 3297 2799 3361 animam,
2831 3311 2859 3349 a
2893 3296 3039 3350 nulla
3071 3312 3129 3350 re
3148 3300 3372 3352 omnino
3393 3297 3486 3350 ab-

177 3394 395 3444 ἐκείνον
422 3390 523 3441 καὶ
557 3387 710 3448 ὅπως
747 3385 887 3454 ὑπὲρ
921 3384 1018 3436 τοῦ
1063 3383 1238 3437 σῶσαι
1285 3382 1466 3454 ψυχὴν
1496 3384 1710 3447 οὐδενὸς
1741 3385 1801 3436 τὸ

177 3480 463 3549 παράπαν
498 3476 797 3544 ἀπείχετοο
839 3476 1134 3528 πλάττεται
1176 3476 1276 3544 μέν
1307 3477 1415 3546 γὰρ
1441 3474 1673 3546 ἐραστοῦ
1707 3476 1801 3528 καὶ

175 3575 370 3645 σχῆμα
405 3573 511 3624 καὶ
539 3569 769 3635 τρόπον,
807 3570 835 3619 ὀ
867 3567 1069 3636 μικροῦ
1103 3570 1200 3635 τῆς
1235 3567 1345 3620 τῶν
1404 3569 1657 3635 ἀγγέλων
1699 3587 1803 3620 πα-

176 3665 547 3736 ραπτόμενος
575 3658 798 3722 ἀῡλίας,
833 3657 1014 3727 ἔρωτά
1035 3673 1093 3707 τε
1132 3656 1394 3727 σαρκικὸν
1416 3659 1547 3728 ἐρᾷν
1568 3659 1801 3727 ὑπτικρι.

171 3775 328 3811 νεται
359 3773 375 3787 ο
418 3756 524 3806 καὶ
555 3751 744 3820 ἡρέμα
776 3750 855 3821 τῷ
895 3750 1154 3819 πανδοχεῖ
1197 3749 1548 3820 προσελθώνο
1593 3751 1803 3802 Ἀκοοᾶω

171 3851 350 3919 κόρην
387 3844 530 3899 τινὰ
558 3845 710 3914 παρὰ
763 3843 870 3907 σοὶ,
902 3846 1060 3913 φησὶ,
1109 3842 1295 3896 κάλλει
1330 3845 1653 3915 περιφανῶς
1685 3845 1802 3898 δια-

170 3942 520 4010 πρέπουσαν
555 3937 652 3990 τοῦ
681 3934 1001 4006 πανδοκείου
1040 3935 1475 4006 προῖσταμένηδν,
1505 3936 1800 4007 ἑταιρικῶς

165 4035 298 4096 τοὺς
362 4030 748 4103 βουλομένους
803 4027 1056 4096 δέχεσθαι
1088 4043 1101 4058 ⁸
1153 4027 1360 4095 ταύτης
1420 4028 1577 4096 κάγὼ
1624 4029 1799 4080 τοίων

167 4128 313 4197 ἱρῶν
347 4126 681 4194 ἀφικόμην.
740 4122 848 4172 Καὶ
874 4122 901 4171 ό
937 4121 1242 4190 πανδοχεῦς
1278 4122 1416 4190 πρὸς
1469 4122 1568 4191 τὴν
1602 4121 1798 4173 πολιὰν

166 4217 382 4288 βλέψας
452 4213 562 4268 τοῦ
610 4210 936 4281 Ἀϐραμίου,
1005 4212 1230 4278 ἄγνοιαν
1272 4211 1329 4264 δέ
1379 4210 1472 4264 τοῦ
1522 4211 1797 4283 δράματος

164 4311 304 4379 ἔχων
337 4311 446 4363 καὶ
483 4307 592 4360 οὐκ
619 4305 775 4364 εἰδὼς
812 4306 863 4356 τί
900 4304 1232 4372 βουλόμενος
1287 4305 1421 4372 ἐρᾷν
1449 4304 1794 4372 ὑπεκρίνετο,

161 4403 538 4470 ἐμυσάττετο
579 4397 681 4467 μέν
713 4395 878 4448 αὑτὸν
930 4397 997 4464 τῇ
1029 4393 1176 4464 ψυχῇ
1212 4393 1308 4447 καὶ
1343 4393 1548 4463 πολλὴν
1595 4395 1798 4448 ἀκολαο

164 4497 290 4546 σίαν
352 4492 543 4546 αὑτοῦ
590 4491 688 4542 καὶ
741 4488 1040 4555 ἀσέλγειαν
1101 4486 1532 4555 κατεγίνωσκεν,
1565 4489 1647 4541 ὅτι
1676 4487 1798 4558 μηδ’

1903 3386 2159 3440 stiuebat.
2210 3386 2483 3438 Amatoris
2535 3387 2754 3453 quidem
2795 3387 3020 3438 simulat
3049 3398 3104 3441 et
3140 3389 3407 3456 habitum,
3434 3400 3489 3442 et

1905 3493 2105 3542 mores,
2153 3478 2243 3546 qui
2276 3490 2342 3530 eo
2389 3486 2732 3544 pervenerat,
2770 3485 2827 3528 ut
2872 3485 3054 3547 .esset,
3112 3480 3251 3531 sicut
3285 3481 3484 3549 angeli,

1905 3585 2072 3640 prope
2116 3583 2315 3639 expers
2377 3567 2618 3621 materia:
2651 3577 2746 3622 :et
2777 3567 2928 3638 lingit
2975 3582 3034 3624 se
3083 3583 3268 3624 atnare
3299 3585 3486 3625 arnore

1903 3663 2128 3716 carnali.
2154 3661 2343 3729 Itaque
2381 3662 2580 3714 sensim
2615 3661 2884 3715 accedens
2909 3663 2976 3715 ad
2995 3662 3275 3716 dominum
3310 3664 3491 3718 diver-

1903 3753 2034 3806 sorii
2076 3769 2088 3805 :
2131 3753 2327 3816 Audio,
2362 3752 2556 3820 inquit,
2594 3754 2735 3822 apud
2765 3763 2816 3806 te
2856 3769 2977 3807 esse
3005 3755 3236 3822 puellam
3289 3757 3487 3826 insigni

1905 3844 2325 3914 pulchritudine,
2376 3859 2498 3913 qua:
2546 3854 2748 3914 prteest
2779 3844 3104 3911 diversorio,
3135 3854 3190 3900 et
3241 3849 3487 3903 volentes

1904 3938 2142 3992 admittit
2159 3947 2456 3992 amatores.
2475 3935 2623 3992 Illius
2646 3938 2808 4007 igitur
2827 3954 3040 4008 quoque
3061 3951 3250 4008 captus
3276 3957 3484 4003 amore.

1905 4030 2011 4083 ltuc
2045 4028 2273 4082 accessi.
2328 4027 2623 4081 Praalectus
2679 4040 2859 4083 autem
2920 4031 3213 4086 diversorii
3266 4033 3486 4088 intuens

1904 4122 1969 4173 ad
2003 4134 2170 4174 canos
2191 4119 2454 4187 Abramii,
2499 4136 2610 4175 rem
2647 4137 2774 4178 vero
2827 4122 3109 4193 ignorans,
3135 4133 3190 4179 et
3235 4125 3486 4182 nesciens

1900 4213 2163 4283 quidnam
2222 4213 2325 4268 sibi
2369 4213 2552 4269 volens
2603 4229 2663 4269 se
2716 4231 2902 4269 amare
2961 4216 3265 4284 simularet,
3299 4218 3485 4273 animo

1901 4305 2123 4374 quidem
2154 4319 2276 4357 eum
2312 4306 2749 4369 abominabatur,
2779 4315 2834 4358 et
2858 4323 2981 4359 eum
3021 4321 3228 4375 magna:
3254 4309 3483 4362 danma-

1903 4395 1995 4450 bat
2031 4395 2376 4467 impudicitia‘.
2400 4405 2454 4452 et
2476 4397 2929 4466 intemperantiae,
2951 4398 3092 4466 quod
3124 4411 3225 4452 nec
3257 4401 3309 4452 in
3333 4402 3480 4453 tanta

1903 4487 2126 4558 quidem
2160 4499 2438 4542 senectute
2464 4497 2517 4540 et
2547 4489 2746 4542 canitie
2790 4488 3085 4542 sustineret
3123 4503 3244 4544 esse
3277 4499 3484 4559 tempe-

161 4589 219 4639 ἐν
248 4587 410 4656 γήρᾳ
474 4579 728 4649 τοσούτῳ
783 4581 878 4633 καί
940 4580 1104 4648 πολιᾷ
1159 4582 1466 4648 σωφρονεῖν
1526 4581 1794 4650 ἀνέχοιτο,

1903 4595 2050 4647 rans,
2101 4580 2198 4636 sed
2246 4581 2364 4649 ejus
2411 4593 2590 4634 mores
2623 4581 2760 4634 adeo
2795 4579 3177 4647 discreparent
3200 4580 3270 4632 ab
3295 4590 3475 4634 artare.

160 4677 277 4729 ἀλλ’
340 4674 546 4736 οὕτως
607 4670 832 4740 ἀπᾴδων
891 4669 1028 4722 πολὺ
1091 4669 1190 4740 τῆς
1250 4669 1471 4738 ἡλικίας
1511 4672 1538 4722 ὁ
1568 4674 1793 4741 τρόπος.

162 4767 370 4828 Ὀιως
422 4765 491 4817 δὲ
541 4762 622 4830 μὴ
660 4763 767 4814 τῶν
800 4761 893 4814 ἐπὶ
944 4764 1009 4830 τῇ
1043 4760 1182 4831 κόρῃ
1218 4760 1432 4829 μισθῶν
1477 4761 1795 4833 ἀποστερη-

162 4858 311 4926 eam,
368 4852 726 4925 διερεθίζειν
786 4850 953 4919 δῆθεν
989 4850 1169 4902 ἐδόκει
1202 4850 1298 4901 καὶ
1326 4849 1664 4916 ὑποκνίζειν,
1702 4850 1796 4903 καὶ

162 4955 238 5013 εἰς
279 4949 535 5002 πλείονα
601 4945 696 4995 τὸν
752 4941 906 5012 ἅγιον
931 4943 1032 5014 τὴν
1068 4940 1368 5009 ἐπιθυμίαν
1407 4944 1670 5005 ἐκκαίειν,
1697 4941 1796 5013 τὴν

162 5045 340 5114 κόρην
407 5039 497 5110 μὴ
554 5035 749 5097 ἁπλῶς
805 5035 1018 5106 ὡραίαν
1077 5034 1172 5086 καὶ
1202 5033 1375 5104 καλὴν
1424 5029 1564 5086 εἶναι
1597 5033 1794 5101 λέγων,

165 5137 301 5186 ἀλλα
346 5133 455 5185 καὶ
496 5129 614 5180 τῶν
649 5125 824 5180 ἀλλων
883 5125 1165 5192 γυναικῶν
1222 5123 1478 5178 τοσοῦτον
1508 5126 1792 5195 ἀμείνονα,

165 5228 273 5293 ὅτῳ
310 5225 414 5278 καὶ
451 5221 574 5273 τῶν
609 5218 815 5270 λοιπῶν
844 5217 1055 5271 ἀνθέων
1104 5217 1163 5270 τὸ
1210 5219 1363 5286 ῥόδον
1394 5219 1756 5288 φαιδρότερον
1779 5235 1791 5247 ·

165 5320 339 5387 δνομα
371 5319 434 5368 δέ
475 5313 629 5380 αὐτῇ
663 5310 872 5378 Μαρία.

243 5414 374 5465 Kl".
417 5406 630 5462 Ταῦτα
655 5403 746 5456 τοῦ
782 5403 1090 5472 πανδοχέως
1115 5403 1380 5470 εἰπόντος,
1417 5403 1676 5467 ἀκούσας
1700 5406 1794 5458 τοῦ

171 5492 452 5573 ὀνόματος
492 5501 525 5550 ὁ
570 5496 892 5564 Ἅϐραμος,
947 5494 1084 5560 ἐγνω
1120 5495 1326 5563 ταύτην
1379 5496 1618 5565 ἐκείνην
1652 5493 1797 5550 εἶναι

180 5597 364 5665 σαφῶς
426 5591 537 5645 καὶ
603 5589 784 5642 ούκέτι
831 5584 1138 5646 ἐπιδοιάζων
1200 5585 1463 5660 ἧν.ἀλλ’
1529 5589 1558 5641 δ
1598 5592 1798 5654 κόλπος

178 5689 334 5751 “ob;
388 5681 519 5753 εἶχε
557 5680 661 5748 τὴν
685 5680 828 5748 χεῖρα
884 5675 975 5729 καὶ
1005 5677 1054 5728 τὸ
1077 5677 1336 5747 νόμισμα
1382 5682 1480 5754 τῷ
1526 5679 1800 5752 ξενοόὀχῳ

183 5774 543 5833 καταϐαλὼν,
585 5770 787 5822 δεῖπνόν
839 5785 896 5824 τι
949 5769 1278 5836 παραθεῖναι
1323 5778 1426 5828 καὶ
1485 5771 1584 5844 τὴν
1615 5778 1800 5845 κόρην

186 5870 272 5925 trt‘.
328 5869 394 5923 τὸ
455 5865 680 5922 δεῖπνον
732 5857 996 5931 ίξαγαγεῖν
1045 5863 1402 5935 ἐπιτρέπειυ
1467 5865 1798 5933 πολυτελῶς

1898 4672 1978 4728 Ne
2007 4683 2186 4728 autem
2211 4675 2516 4740 privaretur
2543 4671 2814 4734 mercede,
2851 4685 3013 4740 quam
3065 4682 3280 4740 propter
3320 4671 3474 4738 puel-

1898 4764 2008 4819 lam
2040 4773 2158 4818 erat
2189 4761 2492 4825 habiturus,
2529 4761 2699 4816 visum
2731 4773 2814 4816 est
2842 4762 2915 4815 illi
2953 4777 3137 4817 senem
3181 4775 3475 4832 provocare

1898 4868 1953 4911 et
1986 4856 2238 4921 incitare,
2271 4866 2433 4926 atque
2466 4856 2531 4909 ad
2560 4856 2818 4925 majorem
2853 4857 3149 4910 accendere
3176 4855 3473 4919 libidinem.

1899 4950 2088 5006 dicens
2110 4963 2232 5003 esse
2261 4937 2475 5017 quidem
2511 4947 2741 5014 puellam
2771 4950 3068 5016 elegantem
3089 4956 3141 4999 et
3166 4948 3470 5014 pulchram,

1900 5050 1957 5095 et
1991 5042 2113 5095 aliis
2143 5039 2356 5094 feminis
2385 5049 2592 5093 tantum
2622 5040 3081 5109 prastantiorem,
3101 5049 3360 5109 quantum
3391 5047 3477 5092 est

1899 5149 2026 5189 rosa
2052 5134 2223 5188 latior
2253 5133 2466 5189 caeteris
2491 5131 2714 5187 ﬂoribus
2747 5151 2759 5188 :
2791 5147 2986 5189 nomen
3036 5141 3216 5187 autem
3267 5132 3316 5186 ei
3351 5143 3474 5184 esse

1898 5223 2148 5279 Mariam.

1971 5402 2166 5459 XXIII.
2199 5402 2324 5458 Haec
2362 5418 2482 5457 cum
2515 5405 2743 5458 dixisset
2769 5403 3016 5457 dominus
3045 5403 3351 5467 diversorii,
3375 5419 3471 5458 au-

1899 5497 2012 5553 dito
2067 5497 2308 5561 nomine,
2343 5495 2626 5550 Abramius
2677 5505 2862 5564 aperte
2901 5494 3155 5562 cognovit
3187 5496 3326 5547 hanc
3352 5507 3472 5549 esse

1897 5588 2076 5663 illam,
2112 5603 2285 5658 neque
2307 5587 2585 5642 dubitabat
2617 5588 2865 5656 amplius.
2900 5585 3056 5640 Manu
3105 5587 3268 5654 igitur
3317 5587 3368 5640 in
3397 5587 3472 5640 si-

1903 5697 2027 5739 num
2058 5682 2333 5746 immissa,
2363 5689 2415 5733 et
2450 5693 2670 5734 nummo
2714 5679 2888 5734 soluto
2917 5679 3132 5733 domino
3161 5677 3469 5743 diversorii,

1896 5775 2048 5844 jubet
2105 5775 2288 5845 parari
2345 5785 2577 5835 (mnam,
2637 5782 2684 5824 et
2716 5771 2982 5827 introduci
3011 5770 3262 5841 puellam.
3299 5769 3470 5826 Coena

1905 5869 2094 5942 itaque
2167 5867 2385 5938 opipare
2417 5873 2620 5934 parata,
2660 5864 2940 5920 diversorii
2987 5862 3233 5919 dominus
3258 5860 3324 5916 ad
3348 5874 3472 5916 eum
