4180 6488
184 385 260 446 73
1531 382 1709 443 VITA
1751 382 1814 440 s.
1853 378 2202 438 ABRAMII.
3401 387 3472 451 τι

186 498 283 567 τῆς
304 497 497 569 χειρὸς
525 497 781 566 ἀλλήλων
810 496 889 560 εἰς
922 495 1009 550 τὸν
1037 495 1302 550 ἐνδοτάτω
1333 496 1579 550 οίκίσκον
1615 497 1767 568 εἰσέρ

1903 509 2064 549 manu
2096 492 2452 564 accipientes,
2481 495 2534 548 in
2567 493 2811 548 intimam
2839 493 3214 562 ingrediuntur
3242 499 3473 555 domun-

182 605 369 661 χονται
394 602 408 616 θ
447 588 684 658 ἑστήκει
716 589 770 640 δέ
805 605 887 649 τις
917 589 975 640 ἐν
1010 585 1183 658 τούτῳ
1211 588 1389 660 κλίνη,
1437 591 1696 660 μαλακῶς
1725 590 1784 648 εῦ

183 682 328 748 μάλα
360 685 458 732 τὸν
493 681 900 734 κατακλιθέντα
931 681 1208 752 δυναμένη
1260 683 1667 740 διαναπαῦσαι·
1702 691 1789 759 ἐφ’

179 767 245 842 ἧς
270 773 618 836 καθίσαντος
639 773 821 843 ἁϐρῶς
856 773 1292 844 Ἀ6ραμίου,τοῦ
1322 783 1576 850 στρωμνῇ
1604 782 1690 834 ἀεὶ
1720 786 1786 854 τῇ

180 866 249 933 γῇ
307 868 714 934 κεχρημένον·
786 866 1025 933 Ἐπίδος,
1079 869 1111 937 ἠ
1169 869 1303 939 κόρη
1343 872 1498 940 φησὶ,
1533 874 1788 930 ὑπολύσω

179 971 275 1010 σου
303 958 373 1009 τὰ
420 958 784 1026 ὑποδήματα.
833 959 891 1011 '0
922 959 978 1012 δὲ
1008 959 1104 1027 τὴν
1147 959 1317 1030 θύραν
1361 963 1582 1030 μοχλοῖς
1613 968 1790 1036 acea.

177 1044 439 1100 λίσαοθαι
463 1049 741 1119 πρότερον
766 1051 1066 1113 ἐπιτάττει,
1091 1052 1349 1120 κάκείνης
1373 1056 1441 1107 τὰ
1462 1056 1787 1128 ὑποδήματα

179 1140 384 1210 μᾶλλον
448 1141 730 1195 ὑπολῦσαι
763 1144 1122 1214 σφοδρότερον
1164 1145 1515 1218 ἐγκειμένης,
1546 1151 1573 1201 ὁ
1608 1153 1789 1220 μακά-

178 1245 289 1298 ριος
318 1229 734 1302 οὐκήνείχετο.
787 1235 1083 1286 Πεισθείσα
1130 1235 1314 1289 τοίνυν
1339 1239 1524 1308 ἐκείνη
1565 1243 1656 1294 καὶ
1688 1242 1787 1314 τὴν

174 1322 348 1392 θύραν
375 1323 659 1392 ἀσφαλῶς
691 1325 1146 1396 ἐπικλεισαμένη,
1179 1329 1576 1398 περιπλέκεται
1613 1351 1784 1404 προσ-

171 1412 328 1474 φυῶς
360 1413 448 1484 τῷ
482 1416 658 1486 ἁγίῳ.
705 1417 858 1469 Ἐπεὶ
886 1417 946 1469 δέ
971 1413 1113 1471 εἶδεν
1153 1421 1210 1471 ἐν
1246 1420 1478 1492 ἀφύκτῳ
1516 1424 1783 1496 ἐχομένην

179 1503 498 1576 Ἀῧράμιος
541 1510 643 1560 καὶ
674 1506 847 1570 οὕτως
877 1509 1029 1572 ἐντὸς
1052 1508 1277 1580 ἀρκύων
1301 1512 1360 1565 τὸ
1392 1513 1636 1586 θήραμα,
1662 1519 1782 1571 τότε

170 1596 234 1666 δὴ
263 1600 327 1650 τὸ
363 1600 468 1651 τοῦ
501 1601 744 1670 ἐραστοῦ
777 1604 1124 1670 προσωπεῖον
1148 1605 1443 1659 ἀποϐαλὼν
1477 1613 1570 1661 καὶ
1603 1612 1783 1667 πᾶσαν

167 1690 397 1761 ἐκείνην
463 1697 570 1764 τὴν
637 1696 842 1766 σκηνὴν
874 1699 968 1749 καὶ
1002 1698 1102 1766 τὴν
1143 1698 1440 1772 ὑπόκρισιν
1474 1705 1659 1774 ῥίψας,
1689 1710 1784 1764 τὸν

168 1779 318 1831 ἔνδον
372 1782 524 1852 αὐτῇ
587 1785 966 1839 ἀνακαλύπτει
1009 1787 1440 1858 Ἀὖράμιον,καὶ
1471 1795 1560 1848 τὸν
1600 1798 1688 1850 ἐπὶ
1714 1801 1778 1870 τῇ

1896 586 2093 640 culam.
2133 584 2192 639 ln
2230 600 2290 640 ea
2329 597 2510 640 autem
2548 587 2729 641 stabat
2753 586 2970 655 quidam
3007 587 3205 653 lectus,
3240 592 3476 648 molliter

1895 684 2102 730 stratus
2129 678 2197 730 ad
2237 676 2516 745 quietem:
2560 677 2612 731 in
2655 691 2763 746 quo
2814 692 2934 733 cum
2977 680 3209 735 molliter
3245 685 3479 740 sedisset

1893 770 2208 834 Abramins,
2236 771 2325 839 qui
2362 785 2577 841 semper
2621 780 2766 825 terra
2819 787 2946 827 usus
2971 785 3087 828 erat
3120 789 3217 843 pro
3250 789 3424 835 strato
3457 801 3471 835 :

1894 859 2044 926 Sine,
2077 861 2252 930 inquit
2284 861 2484 931 puella,
2516 871 2572 916 ut
2601 861 2700 917 tibi
2734 865 2936 918 solvam
2989 865 3217 924 calceos.
3250 869 3343 925 llle
3379 888 3477 925 au-

1896 960 2005 1006 tem
2067 954 2224 1023 jubet
2259 956 2409 1023 prius
2457 967 2663 1010 veCtem
2695 957 2818 1010 obdi
2853 957 3083 1014 foribus.
3112 962 3355 1033 Cumque
3385 966 3474 1019 illa

1892 1043 2123 1100 instaret
2145 1047 2536 1111 vehementius,
2567 1061 2626 1104 ut
2651 1051 2798 1120 prius
2829 1054 3320 1126 solveretcalceos.
3345 1064 3474 1120 bea-

1892 1147 1975 1193 tus
2003 1140 2293 1196 Abramius
2324 1156 2427 1196 non
2451 1145 2728 1202 sustinuit.
2760 1147 2997 1204 Tandem
3019 1165 3149 1224 ergo
3182 1169 3470 1225 persuasa,

1891 1247 2014 1287 cum
2042 1236 2238 1290 ostium
2275 1245 2388 1292 tuto
2439 1237 2747 1308 clausisset,
2805 1245 2870 1298 ad
2917 1258 3162 1302 sanctum
3214 1255 3473 1310 accessit.

1889 1325 2181 1400 Postquam
2217 1346 2346 1387 vero
2376 1348 2493 1387 eam
2530 1350 2624 1405 per
2653 1352 2871 1394 manum
2911 1342 3055 1411 cepit
3093 1343 3382 1401 Abramius
3420 1356 3476 1402 et

1885 1417 2020 1471 vidit
2044 1435 2160 1473 eam
2185 1438 2293 1476 non
2323 1439 2481 1492 posse
2499 1427 2730 1496 amplius
2753 1429 3008 1500 effugere,
3029 1443 3076 1489 et
3097 1434 3209 1503 jam
3235 1440 3471 1506 praedam

1884 1521 2004 1564 esse
2032 1512 2233 1567 retibus
2269 1515 2564 1584 irretitam,
2601 1529 2728 1576 tunc
2762 1526 3018 1579 amatoris
3055 1542 3341 1596 personam
3375 1532 3471 1586 de-

1885 1614 2116 1669 ponens,
2145 1613 2200 1658 et
2248 1605 2511 1676 abjiciens
2560 1626 2778 1669 omnem
2817 1630 3037 1672 scenam
3075 1629 3130 1674 et
3162 1621 3470 1681 simulatio-

1886 1710 2031 1760 nem,
2083 1699 2174 1767 qiii
2234 1701 2562 1760 intrinsecus
2612 1705 2835 1777 latebat,
2890 1713 3064 1782 aperit
3095 1714 3466 1775 Abramium:

1885 1797 1940 1842 et
1967 1788 2146 1846 ablato
2181 1793 2341 1861 pileo,
2372 1811 2532 1866 quem
2557 1799 2789 1855 habebat
2835 1802 2885 1856 in
2921 1807 3121 1874 capite,
3148 1819 3202 1864 et
3229 1814 3470 1881 graviter

167 1872 384 1942 κεφαλῇ
453 1878 556 1946 τῆς
597 1877 828 1947 ἀνεψιᾶς
863 1878 1070 1949 κόσμον
1112 1883 1382 1953 περιελὼν
1422 1887 1515 1939 καί
1551 1888 1769 1960 τι.βαρὶ

1886 1883 2204 1951 suspirans:
2243 1887 2348 1941 Cor
2395 1903 2597 1957 meum,
2644 1893 2841 1965 inquit,
2878 1895 3069 1966 Maria,
3106 1907 3288 1959 nescis
3320 1907 3470 1976 quis-

167 1966 258 2016 καὶ
293 1968 624 2033 περιπαθὲς
654 1969 965 2037 ἀνοιμώξας
987 1986 1000 1999 ·
1028 1972 1349 2042 Σπλάγχνον
1400 1994 1529 2044 μου,
1563 1980 1775 2050 Μαρία,

166 2057 323 2120 φησὶ,
389 2056 502 2106 οὐκ
560 2053 708 2117 οἶδας
743 2059 892 2121 ὅστις
922 2059 1069 2127 ἐγώ;
1124 2065 1225 2115 οὐκ
1266 2067 1661 2132 ἐπιγινώσκεις
1687 2073 1778 2124 τὸν

165 2146 415 2215 συγγενῆ
442 2164 458 2211 ;
503 2148 571 2200 Τί
607 2164 689 2201 σοι
724 2151 854 2219 ἄρα,
887 2152 1035 2224 ψυχὴ
1066 2155 1198 2224 ἐμὴ,
1221 2157 1280 2208 τὸ
1330 2158 1546 2225 συμϐάν
1572 2177 1584 2225 ;
1614 2162 1695 2227 τίς
1749 2164 1777 2218 ὁ

165 2235 303 2304 πρὸς
334 2238 641 2292 ἀπώλειαν
678 2240 965 2312 ὑποσύρας
997 2261 1094 2310 σε;
1133 2248 1239 2300 ποῦ
1270 2249 1364 2301 νῦν
1391 2251 1452 2302 τὸ
1486 2251 1779 2322 ἀγγελικδν

163 2328 342 2381 ἐκεῖνο
381 2330 585 2401 σχῆμα
638 2334 736 2399 τῆς
771 2335 1095 2404 παρθενίας,
1154 2340 1258 2393 ποῦ
1295 2344 1321 2395 ὀ
1357 2343 1779 2417 ἐσταυρωμένος

165 2419 319 2488 βίος;
378 2424 492 2476 ποῦ
537 2425 602 2476 τὸ
640 2427 736 2495 τῆς
773 2428 1123 2492 κατανύξεως
1174 2433 1454 2500 δάκρυονς
1495 2439 1612 2500 πῶς
1667 2442 1776 2492 ἀπὸ

159 2513 428 2566 τοσούτου
485 2516 601 2567 τῶν
664 2519 872 2586 ἀρετῶν
930 2519 1099 2586 ὕψους
1154 2523 1507 2594 είς-ἔσχατον
1557 2530 1774 2600 ἀπάτης

162 2601 448 2670 βάραθρον
482 2605 832 2675 κατηνέχθης
860 2623 873 2671 ;
903 2607 1045 2660 διατί
1075 2610 1149 2679 μή
1185 2628 1273 2682 μοι
1308 2615 1410 2685 τὴν
1457 2618 1775 2689 ἀκήρυκτον

161 2696 385 2764 ἐκείνην
437 2695 540 2748 τοῦ
591 2697 786 2771 ἐχθροῦ
824 2701 1001 2771 μάχην
1034 2704 1374 2776 ἐγνώρισας;
1415 2713 1574 2764 Διατί
1607 2715 1680 2784 μὴ
1715 2714 1776 2768 τὸ

162 2787 407 2856 χαλεπὸν
470 2791 659 2843 ἐκεῖνο
695 2793 892 2864 πτῶμα
933 2796 1086 2866 παρὰ
1121 2799 1283 2862 πόδας
1315 2802 1485 2864 εὐθὺς
1540 2806 1773 2875 ἐθριάμ-

161 2881 408 2949 6ευσαςς
459 2885 690 2947 πάντως
741 2887 806 2939 ἀν
836 2887 946 2956 ἐγώ
983 2905 1064 2942 σοι
1116 2892 1208 2943 καὶ
1268 2895 1295 2945 ὁ
1330 2894 1485 2961 φίλος
1534 2895 1773 2967 Ἐφραὶμ

160 2972 399 3046 δάκρυσι
429 2978 529 3028 καὶ
563 2977 782 3044 δεήσεσι
822 2980 890 3031 τὰ
924 2983 1059 3047 πρὸς
1090 2981 1181 3034 τὸν
1227 2984 1360 3038 Θεὸν
1416 2987 1770 3058 διεπρεσϐεύ-

160 3068 416 3134 σάμεθαο
452 3068 604 3120 ίνατί
633 3068 886 3121 τοσοῦτον
923 3073 1250 3142 ἐμάκρννας
1292 3077 1386 3144 ἀφ’
1439 3080 1653 3148 ἡμῶνς.
1681 3082 1773 3134 καὶ

160 3161 305 3213 ίνατί
331 3162 663 3232 ἐπελησθην
697 3163 801 3215 ἀπὸ
842 3163 959 3228 σοῦ,
1005 3166 1078 3227 ώς
1114 3167 1223 3220 ἀπὸ
1265 3169 1490 3237 καρδίας
1543 3173 1768 3241 νεκρόςς

157 3256 223 3307 Τί
248 3254 529 3309 τοσοῦτον
561 3255 737 3320 ἐάλως
786 3260 850 3326 τῇ
897 3259 1232 3327 ἀπογνώσει,
1268 3262 1388 3331 ἦτις
1427 3263 1544 3315 ἐστὶ
1581 3269 1642 3317 τὸ
1675 3266 1770 3318 τοῦ

153 3347 404 3416 πονηροῦ
475 3347 728 3413 ἄφυκτον
785 3348 1106 3418 ἄγκιστρον,
1167 3349 1244 3413 ὡς
1299 3351 1445 3425 μηδὲν
1491 3351 1771 3421 φείδεσθαι

154 3437 347 3491 λοιπὸν
385 3439 628 3508 ἐαυτῆς,
662 3439 796 3491 ἀλλά
831 3440 897 3492 τὰ
933 3441 1044 3492 τῶν
1087 3443 1387 3511 αἰσχίστων
1424 3445 1618 3514 ἀνέδην
1647 3445 1770 3500 τολ-

153 3531 262 3599 μᾷν
297 3531 399 3582 καὶ
464 3532 596 3592 ταῖς
650 3531 796 3600 παρά
834 3530 929 3582 τοῦ
981 3531 1180 3601 ἐχθροῦ
1217 3533 1455 3603 πληγαῖς
1494 3536 1592 3598 τὰς
1638 3542 1769 3608 παρ’

149 3619 326 3687 αὐτῆς
391 3618 781 3685 προστιθέναι,
844 3619 963 3671 δέον
1017 3621 1373 3686 διαναστῆναι
1433 3624 1634 3692 μᾶλλον
1675 3631 1770 3683 καὶ

146 3712 358 3782 πολλὴν
386 3711 493 3763 ἐπὶ
526 3713 644 3772 τοῖς
676 3710 992 3780 τολμηθεῖσι
1029 3713 1128 3783 τὴν
1161 3717 1536 3787 μεταμέλειαν
1560 3720 1767 3774 ἐπιδεί-

147 3803 382 3868 ξασθαι;
429 3803 556 3854 Οὐκ
585 3796 734 3866 οἶδας
764 3806 831 3857 τά
854 3803 950 3857 τοῦ
979 3805 1115 3858 Θεοῦ
1147 3808 1436 3878 σπλάγχνα
1471 3812 1598 3880 περὶ
1622 3814 1768 3881 ἡμᾶς

141 3899 236 3948 καὶ
263 3897 428 3958 ὅπως
452 3896 583 3947 ἐστὶ
615 3897 820 3967 μητρὸς
848 3899 1384 3971 κηδεμονικώτερος,
1411 3906 1588 3971 οὕτως
1617 3911 1766 3978 ἡμᾶς

141 3991 414 4057 συνάγειν
461 3988 674 4040 ἐθέλων
705 3988 833 4056 (καὶ
863 3991 1039 4043 ταῦτα
1072 3996 1595 4067 καταφρονούμενος
1630 4001 1762 4054 πολε

136 4077 296 4142 λάκις
334 4079 442 4132 καὶ
476 4075 880 4147 παρορώμενος
906 4081 996 4149 ὑφ’
1040 4083 1237 4154 ἡμῶν)
1273 4087 1527 4160 καθάπερ
1559 4093 1626 4145 τά
1648 4110 1765 4145 νοσ-

136 4171 227 4224 ala
261 4173 428 4244 ὅρνις
465 4170 580 4222 ὑπὸ
611 4170 708 4230 τάς
735 4173 1050 4243 πτέρυγας;
1093 4175 1192 4226 Διά
1220 4174 1392 4230 ταῦτα
1433 4181 1564 4246 γοῦν
1625 4183 1761 4251 ἅψαι

134 4265 472 4334 παρακαλῶ
497 4261 606 4332 τῆς
641 4263 732 4316 ἐπὶ
760 4266 829 4317 τὰ
863 4267 1102 4334 κρείττω
1129 4267 1427 4341 φερούσης,
1463 4272 1556 4324 καὶ
1617 4276 1757 4346 πρὸς

127 4356 228 4426 τῆς
252 4361 276 4410 ἐ
287 4359 410 4428 μῆς
444 4357 678 4422 πολιᾶς,
707 4358 793 4410 ναὶ
828 4358 962 4426 πρὸς
985 4359 1093 4411 τῶν
1114 4361 1203 4413 ἐπὶ
1233 4361 1316 4414 σοὶ
1343 4364 1523 4417 πόνων
1543 4366 1636 4421 καὶ
1652 4367 1760 4422 τῶν

127 4448 450 4519 ἀφορήτων
487 4452 596 4518 τῆς
624 4447 804 4516 ψυχῆς
836 4447 1041 4502 ὀδυνῶν
1073 4451 1297 4505 ἐκείνων
1321 4455 1416 4507 καὶ
1441 4457 1540 4526 τῆς
1561 4457 1760 4528 πολλῆς

1883 1987 2006 2025 nam
2041 1989 2139 2044 ego
2177 1977 2322 2031 sim?
2355 1978 2472 2035 Non
2525 1987 2774 2054 agnoscis
2829 1993 3161 2060 cognatum?
3197 1995 3335 2064 Quid
3365 2010 3468 2066 est,

1881 2065 2061 2117 anima
2091 2080 2232 2132 mea,
2267 2075 2410 2138 quod
2446 2075 2539 2128 tibi
2571 2079 2817 2135 accidit?
2853 2083 2986 2148 Quis
3021 2096 3125 2151 est,
3155 2091 3248 2158 qui
3277 2100 3330 2146 te
3357 2065 3466 2147 traé

1881 2155 1959 2208 xit
1994 2156 2060 2210 ad
2093 2157 2417 2215 interitum?
2450 2163 2547 2219 Ubi
2580 2182 2727 2223 nunc
2759 2183 2843 2226 est
2869 2174 2955 2228 ille
2987 2155 3264 2247 angelicas
3305 2184 3462 2241 habi-

1885 2255 1969 2302 tus
2029 2250 2395 2320 virginitatis?
2438 2255 2535 2312 Ubi
2567 2269 2650 2316 est
2687 2265 2794 2317 vita
2827 2267 2976 2322 cruci
3020 2271 3218 2328 aﬂixa?
3245 2273 3343 2330 Ubi
3375 2290 3462 2335 est

1883 2340 2117 2413 lacryma
2141 2351 2620 2418 compunCtionis?
2656 2355 2938 2424 Quomodo
2968 2371 3244 2421 tantarum
3280 2374 3462 2428 virtu-

1883 2443 1992 2487 tum
2060 2437 2350 2498 altitudine
2389 2445 2714 2504 descendisti
2747 2453 2815 2506 ad
2867 2455 3112 2513 ultimum
3145 2461 3462 2523 barathrum

1878 2522 2250 2594 deccptionis?
2273 2531 2384 2586 Cur
2433 2539 2564 2591 mihi
2598 2555 2700 2594 non
2737 2548 2922 2600 statim
2960 2550 3281 2618 signiﬁcasti
3320 2568 3466 2613 atro-

1878 2615 1995 2670 Cem
2043 2619 2185 2674 illam
2243 2639 2477 2694 pugnam
2540 2629 2785 2686 inimici?
2816 2636 2928 2689 Cur
2975 2655 3083 2695 non
3109 2645 3171 2696 de
3197 2649 3348 2713 gravi
3376 2649 3464 2704 illo

1880 2707 2033 2777 lapsu
2067 2726 2097 2765 e
2128 2713 2357 2784 vestigio
2409 2717 2758 2789 triumphasti
2787 2725 2810 2778 ?
2837 2724 3074 2786 Omnino
3110 2707 3224 2804 ego.
3248 2746 3302 2791 et
3329 2741 3463 2795 cha-

1881 2803 2130 2860 Iissimus
2176 2806 2424 2875 prraem
2452 2810 2708 2885 lacrymis
2744 2829 2798 2874 et
2831 2824 3082 2891 precibus
3121 2803 3217 2898 pro
3247 2842 3297 2886 te
3319 2839 3460 2903 apud

1882 2891 2047 2946 Deum
2086 2897 2611 2960 intercessissemus.
2649 2907 2760 2963 Cur
2801 2920 2851 2966 te
2889 2923 3092 2972 tantum
3146 2891 3406 2995 elongasti
3432 2945 3460 2982 a

1881 2983 2058 3050 nobis,
2097 2995 2148 3040 ct
2181 2981 2280 3042 cui
2311 3006 2338 3043 a
2379 3002 2430 3046 te
2480 2995 2737 3053 oblivioni
2787 3003 2946 3059 datus
3000 3023 3138 3072 sum.
3201 2981 3458 3085 tanquam

1877 3086 2126 3134 mortuus
2160 3095 2188 3132 a
2222 3083 2426 3137 corde?
2482 3084 2590 3142 Cur
2645 3099 2697 3145 te
2749 3093 2885 3150 adeo
2931 3100 3075 3169 cepit
3126 3083 3457 3176 desperatio,

1798 3223 1842 3284 Ο
1878 3183 1997 3237 qua:
2035 3181 2113 3227 est
2147 3175 2367 3244 maligni
2403 3179 2595 3236 bamus
2629 3182 2980 3260 inevitabilis,
3018 3208 3073 3248 ut
3100 3213 3197 3252 nec
3221 3203 3313 3255 tibi
3336 3206 3457 3272 qui-

1879 3261 2000 3313 dem
2041 3268 2350 3330 pcperceris
2386 3270 2660 3341 deinceps,
2705 3280 2798 3330 sed
2864 3279 3226 3342 inverecunde
3255 3290 3456 3349 feceris

1875 3365 1935 3405 ea
1966 3368 2084 3422 qua:
2107 3365 2233 3409 sunt
2260 3359 2593 3428 turpissima,
2629 3376 2682 3419 et
2711 3367 2914 3425 inimici
2945 3373 3119 3446 plagis
3149 3390 3270 3438 tuas
3299 3386 3454 3455 adje-

1876 3447 2016 3500 ceris
2049 3461 2064 3500 :
2102 3463 2222 3503 cum
2244 3463 2529 3520 Oporteret
2562 3458 2740 3526 potius
2805 3476 3120 3536 exsurgere,
3152 3481 3206 3526 et
3238 3447 3460 3546 propter

1871 3553 1936 3593 ea
1963 3555 2082 3608 qua)
2099 3541 2422 3610 admiseras,
2444 3562 2698 3619 magnam
2733 3558 3017 3614 ostendere
3033 3541 3409 3630 paenitentiam
3436 3573 3459 3625 ?

1872 3628 1990 3684 Non
2031 3633 2170 3686 nosti
2210 3635 2300 3688 Dei
2336 3636 2386 3688 in
2440 3654 2539 3692 nos
2600 3643 2830 3712 viscera,
2893 3659 2948 3703 et
3002 3628 3453 3721 quemadmodum

1873 3724 2042 3776 nosui
2106 3738 2290 3779 curam
2327 3729 2464 3797 gerit
2493 3732 2666 3799 magis
2695 3750 2855 3805 quam
2913 3753 3102 3811 mater,
3135 3757 3191 3801 ut
3236 3753 3329 3820 qui
3356 3771 3457 3811 nos

1873 3815 2001 3868 velit
2031 3833 2359 3888 congregare
2389 3823 2577 3892 (idque
2623 3843 2744 3883 cum
2778 3847 2922 3902 saepe
2955 3851 2982 3889 a
3034 3842 3191 3898 nobis
3251 3815 3454 3904 conte-

1873 3918 2116 3968 mnatur,
2145 3919 2200 3962 et
2227 3911 2579 3986 despiciatur)
2613 3934 2719 3974 non
2778 3939 2938 3980 secus
2969 3944 3032 3982 ac
3055 3933 3250 4001 gallina
3284 3942 3457 4008 pullos

1869 4012 1998 4053 suos
2053 4000 2153 4054 sub
2188 4001 2646 4077 alia?Pr0pterea
2705 4027 2836 4085 ergo
2892 4033 3022 4089 rogo
3065 4000 3137 4094 te,
3181 4029 3254 4083 ini
3284 4000 3450 4101 ‘viam,

1868 4106 1988 4160 quae
2049 4093 2199 4148 ducit
2269 4097 2336 4154 ad
2397 4102 2650 4158 meliora.
2698 4104 2872 4180 Rogo,
2905 4093 3140 4184 inquam,
3177 4138 3272 4191 per
3303 4093 3452 4184 meos

1869 4195 2056 4248 canos,
2130 4198 2227 4252 per
2291 4187 2506 4245 labores
2550 4207 2772 4264 propter
2822 4210 2874 4255 te
2919 4187 3219 4276 susceptos,
3250 4226 3304 4268 et
3333 4219 3454 4274 illas

1869 4273 2240 4332 intolerabiles
2269 4281 2434 4337 animi
2464 4287 2838 4357 aegritudines,
2871 4302 2928 4348 et
2974 4273 3116 4356 hunc
3137 4273 3448 4376 mmrorem,

1867 4376 1920 4421 et
1961 4369 2362 4436 confusionem,
2395 4376 2506 4430 redi
2539 4379 2603 4430 ad
2631 4383 2866 4449 priorem
2911 4386 3122 4447 vivendi
3160 4398 3448 4459 rationem.

1864 4458 2113 4514 COncede
2163 4463 2319 4530 mihi,
2351 4473 2408 4517 ut
2471 4469 2746 4536 paululum
2805 4477 3088 4548 respirem,
3141 4492 3194 4537 et
3228 4501 3294 4542 ne
3322 4458 3444 4547 cum

124 4541 338 4611 ταύτης
358 4539 627 4609 ἀθυμίας
642 4554 702 4590 τε
725 4540 816 4591 καὶ
837 4541 1175 4612 συγχύσεως,
1199 4541 1334 4612 ἅψαι
1359 4549 1458 4618 τῆς
1484 4551 1755 4621 προτέρας

1874 4551 2050 4608 dolore
2114 4569 2286 4610 meam
2349 4571 2684 4618 senectutem
2731 4539 3074 4630 transmittas
3099 4579 3167 4632 ad
3214 4578 3441 4640 inferos.

125 4631 426 4700 διαγωγῆς
451 4646 468 4660 ⁸
523 4631 633 4685 καὶ
688 4631 777 4694 δός
822 4648 910 4702 μοι
939 4634 1136 4703 μικρὸν
1176 4635 1518 4691 ἀναπνεῦσαι
1549 4642 1642 4691 καὶ
1676 4642 1752 4713 μὴ

127 4729 270 4793 μετὰ
295 4723 502 4792 λύπης
532 4724 617 4782 εἰς
649 4721 777 4791 ᾆδον
805 4725 868 4775 τὸ
889 4725 1065 4795 γῆρας
1089 4726 1151 4778 τὸ
1182 4725 1315 4794 ἐμὸν
1346 4731 1750 4804 παραπέμψης.

191 4815 354 4885 κςν.
399 4812 612 4868 Ταῦτα
649 4812 783 4882 πρὸς
825 4815 922 4882 τὴν
958 4816 1187 4885 ἀνεψιὰν
1211 4817 1386 4887 λέγων
1428 4818 1750 4893 Ἀὁράμιος,

121 4912 278 4982 παρὰ
313 4909 529 4980 κωφὸν
577 4907 730 4979 ᾅδειν
779 4903 992 4962 ἐδόκει·
1031 4910 1271 4984 νεύσασα
1324 4913 1433 4982 γὰρ
1479 4916 1630 4969 κάτω
1657 4918 1752 4970 καὶ

121 5005 217 5070 τὴν
241 5003 451 5074 φωνὴν
489 5001 601 5053 ὑπὸ
622 5001 719 5069 τῆς
754 4999 952 5069 πολλῆς
982 5001 1197 5072 ἐκείνης
1230 5005 1489 5076 αἰσχύνης
1525 5008 1751 5078 ἐπισχε-

123 5096 302 5162 θεῖσα,
358 5098 611 5163 ἑστήκει
645 5096 827 5165 ὁρῶσα
861 5098 943 5160 είς
989 5097 1092 5166 γῆν
1122 5101 1218 5151 καὶ
1253 5100 1423 5154 πολλὰ
1447 5102 1541 5156 τοῦ
1578 5122 1751 5176 προσ-

124 5189 275 5242 ώπου
339 5190 596 5258 ἀφιεῖσα
629 5187 917 5256 χρώματα,
975 5189 1034 5254 ἐξ
1065 5184 1138 5243 ὧν
1177 5190 1209 5260 ἦ
1249 5208 1306 5242 τε
1342 5193 1558 5262 ἀγωνία
1590 5200 1683 5249 καὶ
1716 5200 1747 5268 ἡ

125 5282 344 5354 ταραχὴ
383 5280 498 5352 τῆς
555 5277 744 5348 ψυχῆς
804 5280 1093 5348 ἐδηλοῦτο·
1122 5283 1207 5351 ἐφ’
1248 5277 1328 5346 οἷς
1361 5287 1576 5354 ἐκεῖνος
1605 5289 1749 5344 οὕτω

131 5356 524 5444 συγχυθεῖσαν
559 5372 734 5442 αὐτὴν
777 5374 1178 5442 ἀνακτώμενος.
1217 5380 1360 5448 μετὰ
1401 5381 1617 5452 πολλῆς
1651 5383 1750 5455 τῆς

127 5471 453 5537 πραότητος
517 5468 618 5520 καὶ
664 5465 764 5533 τῆς
825 5465 1150 5530 ἐπιεικείας·
1206 5472 1386 5541 Διατί,
1443 5467 1497 5527 ὢ
1537 5477 1748 5544 τέκνον,

131 5562 245 5617 οὐδὲ
279 5559 582 5628 ἀποκρίνῃ
625 5573 715 5626 μοι
743 5571 756 5621 ;
792 5557 927 5630 ἔφη·
956 5558 1046 5611 οὐκ
1091 5553 1266 5625 οίδας,
1304 5565 1390 5625 ὅτι
1438 5566 1538 5622 διὰ
1569 5571 1626 5628 σε
1653 5572 1752 5640 τὴν

130 5655 403 5724 τσσαύτην
466 5649 598 5700 ὁδὸν
650 5649 1005 5716 ἐστειλάμηνς
1049 5652 1151 5707 οὐκ
1186 5650 1369 5726 οἶδας,
1407 5661 1505 5714 ὅτι
1534 5661 1624 5721 διὰ
1647 5661 1752 5734 τὴν

137 5742 228 5813 σὴν
255 5742 441 5797 ταῦτα
499 5738 682 5791 πάντα
711 5735 972 5830 σωτηρίαν
997 5738 1436 5823 ὑπεκρινάμην,
1472 5751 1532 5806 τὸ
1565 5771 1750 5830 στρα-

133 5833 380 5887 ιιιωτιχδν
402 5833 516 5902 τῆς
546 5825 748 5892 στολῆς,
779 5832 871 5881 τὸν
899 5823 1077 5896 ἔρωτα,
1106 5835 1217 5905 τὴν
1245 5823 1660 5915 κρεωφαγίαν;
1689 5843 1750 5901 ὃν

542 5925 794 5982 Panos.
845 5920 946 5980 Gn.
983 5929 1092 5991 (jx
1107 5924 1180 6000 ν,

1924 4809 2126 4873 XXVI.
2157 4816 2284 4875 Hmc
2334 4819 2456 4877 ﬂlize
2489 4809 2675 4881 fratris
2720 4825 2908 4886 dicens
2944 4831 3253 4906 Abramius,
3293 4844 3443 4900 vide-

1859 4905 2018 4960 batur
2039 4911 2204 4964 surdo
2230 4925 2442 4967 canere.
2477 4913 2744 4973 Deorsum
2780 4923 2922 4976 enim
2959 4927 3012 4980 in
3051 4938 3253 4987 terram
3280 4934 3441 4992 incli-

1857 5011 1983 5054 nata
2006 4998 2168 5066 facie,
2203 5013 2255 5058 et
2279 5020 2389 5074 pra:
2425 5022 2622 5078 magno
2661 5011 2752 5068 illo
2799 5015 3005 5086 pudore
3042 5021 3160 5092 ejus
3192 5041 3320 5082 voce
3357 5044 3442 5085 τοι

1858 5107 2069 5162 pressa,
2123 5096 2305 5151 stabat
2335 5107 2536 5153 terram
2589 5101 2852 5160 intuens:
2885 5125 2948 5163 ex
2998 5113 3194 5178 quibus
3238 5116 3439 5191 signiti-

1857 5188 2086 5241 cabatur
2136 5203 2307 5259 angor
2359 5199 2415 5246 et
2467 5193 2634 5249 animi
2675 5201 3029 5267 perturbatio.
3074 5188 3437 5274 Quamobrem

1857 5278 1947 5333 ille
1966 5295 2085 5334 eam
2117 5281 2196 5334 sic
2223 5279 2505 5338 confusam
2539 5301 2817 5355 recreans,
2841 5305 2964 5346 cum
2996 5310 3185 5367 magna
3213 5298 3436 5359 lenitate

1856 5384 1916 5428 at
1945 5373 2318 5430 moderatione
2351 5395 2364 5430 :
2398 5377 2530 5446 Cur,
2586 5381 2779 5451 inquit,
2833 5399 2864 5440 ο
2903 5385 3034 5450 filia.
3077 5397 3132 5442 tu
3164 5393 3291 5446 mihi
3326 5410 3434 5450 non

1856 5469 2200 5539 respondes?
2250 5468 2436 5528 Nescis
2475 5488 2560 5528 me
2595 5491 2817 5548 propter
2850 5489 2900 5532 te
2932 5489 3136 5538 tantum
3173 5484 3273 5540 iter
3316 5503 3440 5546 esse

1858 5563 2221 5634 ingressum?
2261 5563 2447 5622 Nescis
2494 5583 2578 5623 me
2629 5581 2848 5640 prapter
2899 5581 2969 5637 te,
3007 5581 3223 5643 propter
3283 5587 3436 5638 tuam

1859 5659 2097 5720 salutem
2145 5661 2258 5717 haec
2308 5661 2490 5717 omnia
2552 5664 2858 5733 simulasse,
2890 5679 3097 5724 vestem
3119 5670 3432 5740 militarem,

1861 5767 2138 5822 amorem.
2159 5770 2306 5810 esum
2330 5756 2594 5824 carnium,
2615 5771 2777 5829 quem
2814 5761 2923 5816 seis
2947 5760 3236 5819 nibilaliud
3257 5780 3434 5833 nosse.

1856 5860 2052 5920 prater
2113 5849 2301 5906 cellam
2332 5859 2388 5905 et
2441 5848 2758 5909 silentiam?
2784 5852 2896 5910 Non
2928 5865 3014 5912 est
3041 5857 3202 5912 ullum
3240 5873 3432 5930 pecca-

3083 5947 3116 6009 3
