4180 6498
733 460 805 525 '79
2061 456 2345 523 MENSIS
2386 462 2722 526 APRlLIS.
3942 471 4010 533 80

736 600 753 629 ι
795 579 948 634 Finis
971 575 1328 646 praeceptieSL
1361 572 1603 628 cliaritas
1629 572 1689 639 ις
1732 589 1748 622 i
1788 571 1982 626 merito
2007 573 2190 643 Agape
2217 589 2314 627 vo-
2344 583 2394 641 Α
2425 586 2498 641 tu,
2541 576 2827 649 Eutycliia,
2860 577 3011 647 quid,
3056 578 3182 634 ais?
3228 579 3396 648 ldeni,
3441 581 3613 652 inquit
3666 584 3776 648 illa,
3816 597 3869 639 et
3910 601 4010 655 ego

732 675 978 730 cabatur.
1021 671 1128 724 Hoc
1152 670 1296 724 enim
1327 667 1543 721 nomine
1572 665 1746 720 Graeci
1778 667 2104 720 cliaritatem
2137 667 2316 736 appet.

733 771 867 821 lant.
903 764 1085 817 Altera
1127 776 1320 830 pnrnm
1360 774 1421 813 ac
1453 757 1795 827 splendidum
1834 759 2175 827 baptismatis
2236 758 2317 811 iii-

736 873 908 914 iorem
938 871 1187 915 servans,
1223 855 1293 906 ita
1326 863 1382 905 ut
1411 854 1475 906 de
1507 853 1619 921 ipsa
1655 853 2029 921 proiilieiicnm
2061 852 2183 904 illud
2211 853 2314 905 dici

731 963 915 1022 posset
947 968 958 1002 :
991 969 1006 999 ι
1034 948 1268 1001 Lavaliis
1296 963 1401 1007 me,
1437 955 1490 998 et
1511 960 1672 1012 super
1698 946 1873 997 nivem
1924 944 2214 996 dealbahor
2236 944 2310 1009 ⁸,»

733 1062 763 1095 a
796 1043 914 1094 nive
975 1055 1169 1092 nomen
1219 1036 1463 1104 accepit;
1525 1034 1753 1088 Cliionia
1806 1037 1947 1087 enini
2014 1034 2314 1087 dicebatur.

732 1136 915 1190 Tertia
970 1131 1266 1186 Salvatoris
1292 1139 1344 1182 et
1375 1128 1467 1181 Dei
1497 1127 1669 1179 nostri
1703 1129 1924 1190 donum,
1961 1126 2063 1179 lioc
2093 1136 2195 1190 est,
2230 1142 2318 1194 pa-

729 1245 846 1283 t'Clll
891 1227 941 1279 in
973 1241 1030 1277 se
1062 1223 1286 1285 liabens,
1321 1231 1372 1272 et
1404 1220 1459 1272 in
1495 1232 1685 1271 omnes
1719 1233 2001 1280 exercens,
2053 1216 2317 1284 quemad-

730 1321 951 1376 modum
994 1315 1250 1370 Dominus
1275 1313 1403 1364 diitii
1439 1326 1451 1362 :
1487 1328 1513 1360 ι·
1547 1309 1740 1364 Pacem
1780 1325 1954 1363 ineam
1979 1312 2046 1361 do
2072 1308 2308 1373 vobis“,i

729 1420 886 1474 lrcne
917 1420 982 1472 ab
1021 1417 1274 1471 omnibus
1307 1414 1623 1477 vocabatur,
1670 1427 1698 1465 a
1748 1426 1881 1481 pace
1917 1424 2112 1464 nomen
2170 1408 2315 1462 acci-

728 1517 902 1584 piens.
940 1513 1048 1567 llas
1091 1525 1200 1566 tres
1233 1510 1464 1566 feminas
1505 1525 1627 1563 cum
1687 1510 1752 1561 ad
1802 1523 1858 1561 se
1891 1509 2099 1569 ductas,
2154 1517 2202 1560 et
2245 1508 2314 1559 ita

728 1611 954 1664 affectas
983 1608 1332 1676 magistratus
1353 1605 1599 1667 vidisset,
1636 1613 1693 1656 ut
1720 1601 1821 1658 diis
1839 1600 2102 1654 sacriﬁcia
2122 1598 2318 1653 olTerre

729 1701 958 1760 nollent,
995 1698 1114 1765 igne
1144 1696 1467 1749 creniandas
1495 1708 1615 1746 esse
1650 1690 1908 1752 decrevit,
1931 1700 1984 1741 ut
2009 1704 2104 1755 per
2138 1689 2314 1757 ignem

727 1793 907 1864 exigui
951 1790 1235 1856 temporis,
1271 1787 1379 1852 igni
1418 1786 1691 1855 subjectos
1743 1784 2016 1836 diabolum
2075 1796 2319 1834 omnem-

728 1901 832 1953 que
874 1887 1178 1936 daemonum
1218 1888 1516 1941 catervam,
1563 1877 1730 1945 ipsius
1766 1874 1962 1926 diaboli
1992 1873 2313 1935 exercitum,

2427 672 2549 723 diro
2587 689 2599 723 :
2641 671 2784 725 malo
2809 681 2862 725 et
2888 673 3003 741 ipsa
3036 674 3196 739 mori,
3229 689 3389 745 quam
3432 673 3611 730 facere
3637 676 3781 745 quod
3824 677 4004 743 jubcs.

2425 764 2514 817 Ait
2551 763 2624 817 illi
2659 781 2856 832 praeses
2883 783 2896 819 :
2927 765 3058 819 Num
3090 768 3264 820 virum
3303 767 3508 822 habes?
3530 767 3790 834 Mortuus,
3832 770 4010 839 inquit

2427 855 2709 925 Eutycliia,
2746 858 2834 912 ille
2865 869 2967 912 est.
3002 858 3207 913 Praeses
3243 875 3368 913 vero
3403 876 3416 913 :
3457 860 3837 928 Quampridem
3864 875 4008 914 mor-

2427 957 2549 1003 tuns
2578 951 2699 1004 est?
2728 953 2866 1006 Ante
2898 967 3111 1006 nienses
3138 952 3248 1007 fere
3269 964 3498 1022 septem,
3529 955 3698 1022 inquit
3722 955 4006 1023 Eutyrliia.

2427 1037 2577 1092 Tune
2607 1040 2692 1092 ille
2725 1057 2737 1092 :
2778 1041 2842 1093 Et
2874 1037 3143 1096 undenaiii
3178 1045 3344 1112 igitur
3373 1044 3588 1112 gravida
3617 1044 3761 1097 facta
3799 1044 3900 1097 es?
3930 1045 4006 1097 Ex

2426 1146 2510 1194 eo,
2553 1132 2722 1200 inquit
2756 1133 2863 1199 illa,
2899 1136 3035 1199 viro,
3065 1151 3225 1202 quem
3260 1136 3408 1189 dedit
3444 1136 3572 1188 milii
3606 1135 3768 1189 Deus.
3797 1136 4010 1190 Prmses

2427 1233 2605 1276 autem
2634 1239 2648 1274 :
2681 1220 2879 1277 Hortor
2911 1236 2988 1288 te,
3019 1225 3300 1295 Eutycliia,
3329 1236 3387 1279 ut
3421 1227 3489 1279 ab
3537 1227 3636 1278 ista
3681 1229 3892 1280 insania
3918 1230 4014 1279 de-

2425 1318 2619 1370 sistere
2656 1317 2809 1382 velis,
2841 1328 2895 1372 et
2946 1322 3011 1372 ad
3052 1322 3316 1373 humanas
3374 1319 3730 1388 cogitationes
3796 1321 4009 1373 redeas.

2426 1407 2562 1473 Quid
2589 1407 2702 1461 ais?
2736 1412 2881 1462 visne
2911 1413 3072 1479 regali
3106 1412 3280 1464 edicto
3302 1411 3534 1480 parere?
3562 1409 3802 1476 Minime,
3838 1414 4013 1480 inquit

2428 1499 2716 1569 Eutyeliia,
2747 1517 2844 1569 ego
2879 1519 3069 1570 parere
3115 1504 3255 1569 volo,
3317 1520 3435 1558 sum
3482 1506 3623 1557 enim
3677 1505 4009 1568 Christiana,

2426 1589 2520 1642 Dei
2546 1594 2930 1659 omnipotentis
2972 1607 3154 1645 serva.
3183 1593 3316 1645 Tum
3355 1595 3480 1647 ille:
3530 1597 3794 1660 Quoniam
3845 1593 4013 1662 liuty-

2426 1683 2544 1736 cliia
2582 1683 2801 1751 gravida
2835 1694 2938 1748 εει,
2984 1685 3185 1737 interea
3227 1697 3473 1738 servetur
3527 1687 3578 1738 iii
3628 1700 3850 1738 careere
3906 1687 4006 1750 (5).

2425 1775 2603 1842 Atque
2630 1776 2743 1827 haec
2775 1773 2982 1826 addidit
3013 1791 3027 1826 :
3063 1772 3140 1825 Tu
3171 1789 3316 1836 vero,
3346 1775 3548 1843 Agape,
3583 1779 3809 1843 quitlais
3842 1775 3864 1827 ’ἓ
3902 1774 4016 1827 Vis-

2429 1881 2496 1920 ne
2521 1867 2703 1920 omnia
2736 1867 2822 1919 illa
2865 1866 3064 1929 facere,
3097 1882 3216 1935 quae
3245 1882 3343 1920 nos
3384 1870 3613 1922 dominis
3663 1868 4014 1936 imperatori-

728 1978 820 2046 qui
850 1978 949 2028 snb
985 1974 1124 2032 coelo
1156 1981 1260 2037 est,
1312 1978 1658 2038 superantes,
1717 1966 2090 2033 incorruptam
2139 1961 2320 2033 gloria:
2353 1963 2395 2017 Β
2427 1958 2524 2011 bus
2552 1972 2612 2012 ac
2637 1957 2943 2012 Caesaribus
2993 1965 3193 2012 nostris
3249 1960 3428 2012 devoti
3467 1959 3732 2012 iacimus?
3765 1959 4012 2021 Minime,

729 2084 986 2123 coronam
1019 2063 1268 2134 adipisci,
1304 2077 1366 2113 ac
1402 2061 1566 2112 Deum
1611 2059 1807 2127 ipsum,
1833 2069 1862 2109 a
1899 2071 2004 2122 quo
2033 2056 2209 2122 gratia
2236 2053 2316 2107 eis

729 2162 920 2214 collata
955 2168 1061 2222 est,
1096 2171 1216 2208 cum
1251 2152 1458 2221 angelis
1516 2156 1777 2220 perpetuo
1837 2146 2149 2200 collaudnre
2194 2160 2317 2214 pos-

730 2263 869 2304 sent.
903 2247 1032 2313 Quae.
1071 2259 1198 2298 vero
1233 2243 1298 2296 ab
1329 2242 1434 2295 illis
1459 2249 1608 2310 gesta
1638 2247 1784 2302 sunt,
1824 2253 1886 2291 ea
1917 2237 2158 2290 breviter
2191 2249 2318 2286 nar-

737 2343 1004 2398 rabimus.

801 2434 1046 2485 llt.(1nrn
1077 2429 1394 2496 praesideret
1417 2428 1697 2481 Dnlcetins
1719 2427 1817 2486 (2),
1838 2422 2178 2477 Artemeusis
2213 2420 2312 2494 [αι.

736 2521 1084 2593 Artemisius]
1133 2522 1314 2576 seriba
1355 2520 1529 2574 dixit:
1560 2518 1936 2587 Cognitinneni
1978 2519 2043 2570 de
2069 2518 2172 2577 his,
2219 2515 2312 2585 qui

733 2629 1025 2686 prmsentes
1042 2626 1190 2674 sunt,
1207 2633 1232 2666 a
1253 2614 1572 2670 stationario
1592 2615 1838 2674 missam,
1862 2613 1902 2663 si
1919 2611 2102 2683 jnbe's,
2123 2612 2293 2679 legam
2307 2647 2320 2662 .

732 2707 1132 2774 .lulieo.inquit
1171 2706 1446 2758 DlllCPlltlS
1492 2719 1711 2773 praeses,
1736 2714 1784 2758 te
1827 2706 2022 2770 legere.
2062 2702 2213 2756 Tunc
2250 2702 2322 2754 ait

734 2801 913 2853 scriba
939 2817 951 2855 ;
979 2798 1184 2851 Ordine
1212 2799 1305 2852 tibi
1337 2813 1453 2850 meo
1479 2797 1704 2850 domino
1732 2797 1940 2854 omnia,
1976 2809 2096 2861 qua!
2126 2791 2323 2858 scripta

733 2902 883 2951 sunt,
912 2894 1176 2944 recitabo.
1204 2891 1510 2943 Cassander
1529 2886 1916 2941 beneficiarios
1938 2888 2049 2938 htec
2071 2884 2323 2951 scripsit:

733 2981 904 3041 Scito,
935 2977 1002 3030 mi
1057 2976 1294 3034 domine,
1329 2974 1692 3040 Agathonem,
1731 2972 1969 3038 Agapen,
2005 2971 2316 3038 Cliioniam,

732 3074 951 3130 lreiieii,
983 3068 1226 3128 Casiam,
1257 3064 1585 3132 Pliilippaiii,
1617 3076 1668 3117 et
1699 3062 2023 3132 Eutyeliiani
2063 3064 2200 3117 nolle
2235 3064 2317 3118 liis

732 3167 906 3223 vesci,
936 3178 1055 3227 quie
1087 3161 1192 3213 diis
1224 3170 1350 3209 sont
1382 3157 1678 3209 immolata.
1716 3157 1816 3207 [ias
1840 3156 2005 3222 igitur
2050 3158 2114 3206 ad
2173 3167 2315 3207 tuam

734 3255 1146 3327 amplitudinem
1203 3249 1550 3303 adducendas
1581 3261 1701 3299 esse
1755 3247 1962 3300 curavi.
2000 3243 2150 3300 Tunc
2199 3245 2321 3298 Dul-

733 3356 906 3405 cetius
965 3360 1165 3414 praeses
1205 3345 1277 3395 illi
1305 3343 1441 3396 dixit
1503 3355 1516 3392 :
1567 3337 1822 3404 Quaenam
1872 3350 1956 3392 est
2004 3340 2103 3393 ista
2142 3351 2314 3393 vestra

736 3453 886 3499 tanta
922 3440 1128 3492 insania
1153 3477 1166 3499 ,
1202 3447 1258 3488 ut
1297 3435 1479 3488 nolitis
1539 3434 1960 3502 religiosissimis
2007 3443 2316 3487 nostrorum

733 3538 1123 3604 imperatorum
1158 3539 1208 3582 et
1246 3528 1520 3580 (Sa-sarum
1552 3528 1718 3590 jussis
1747 3525 2012 3576 obedire?
2046 3525 2318 3591 Agatlioni

734 3622 1187 3687 atiteszuare,
1243 3620 1436 3686 inquit,
1497 3627 1548 3672 tu
1601 3617 1666 3669 ad
1721 3633 1875 3670 sai-ra
1939 3616 2315 3686 proﬁciscens,

731 3716 1192 3788 quemadmodum
1239 3721 1657 3768 consueverunt,
1694 3713 1784 3779 qui
1852 3713 1954 3763 diis
2003 3713 2315 3766 consecrati

732 3823 882 3870 sunt,
920 3825 1024 3861 non
1061 3808 1145 3861 his
1177 3806 1347 3858 sacris
1385 3820 1512 3854 usus
1540 3804 1638 3855 es?
1681 3804 1978 3869 ltesiiondit
2030 3809 2242 3870 Agatho
2295 3819 2309 3855 :

733 3902 997 3966 Quoniam
1019 3897 1364 3951 Christianus
1391 3911 1488 3961 ego
1515 3909 1653 3945 sum.
1683 3891 1816 3944 Tum
1841 3891 2113 3946 Dnlcetins
2141 3911 2152 3946 :
2177 3892 2315 3947 Num

733 4005 787 4044 tu
850 3995 1012 4045 etiam
1074 3987 1342 4041 hodierno
1371 3987 1456 4038 die
1491 3986 1542 4038 iii
1581 3999 1644 4038 eo
1677 3987 1953 4052 proposito
1989 3985 2318 4053 pet-manes?

735 4086 992 4144 Maxime,
1030 4084 1202 4146 inquit
1239 4080 1474 4145 Agarlio.
1514 4081 1581 4128 At
1617 4079 1700 4128 ille
1733 4093 1745 4127 :
1788 4075 1867 4127 Tu
1929 4092 2076 4138 vero,
2114 4079 2315 4146 Agape,

732 4181 860 4245 quid
890 4173 1009 4226 ais?
1043 4170 1380 4238 licSpondit:
1420 4170 1527 4238 ligo
1558 4168 1664 4220 Ι)υο
1701 4168 1896 4220 viventi
1925 4171 2108 4231 credo,
2143 4181 2317 4235 neque

731 4272 850 4322 volo
885 4278 1027 4320 recte
1062 4265 1329 4320 (actorum
1383 4263 1772 4313 conscientiam
1835 4275 2008 4315 meum
2066 4263 2312 4329 perdere.

732 4366 883 4416 Tune.
915 4373 1112 4424 premes
1145 4377 1155 4405 ;
1186 4355 1262 4408 Tu
1284 4370 1460 4408 aurern
1493 4356 1618 4422 quid
1642 4358 1706 4404 ad
1734 4356 1844 4405 ΙΙιι-ιῖ
1863 4356 2021 4416 dicis,
2050 4355 2318 4408 Cliinnia?

729 4454 821 4506 Ait
853 4451 938 4501 illa
979 4465 988 4498 :
1026 4447 1160 4501 Cum
1197 4449 1302 4502 Uco
1331 4449 1453 4499 vivo
1484 4446 1724 4508 credam,
1758 4445 1896 4497 obid
1926 4448 2068 4498 nolui
2112 4445 2312 4512 facere,

728 4546 873 4611 quod
911 4545 1067 4594 dicis.
1104 4543 1178 4592 Ad
1218 4540 1408 4596 lrcncn
1451 4554 1583 4589 vero
1610 4552 1909 4592 cOnversus
1949 4555 2167 4607 praeses,
2203 4548 2314 4594 ait:

2425 2051 2600 2120 inquit
2635 2053 2834 2120 Agape,
2870 2052 3023 2105 decet
3058 2052 3274 2104 Satanze
3306 2056 3553 2106 devOtam
3606 2068 3690 2106 me
3725 2067 3868 2106 esse.
3922 2051 4014 2105 llis

2423 2146 2605 2200 verbis
2639 2160 2787 2199 mens
2824 2158 2941 2198 mea
2995 2161 3098 2199 non
3154 2148 3441 2199 abducitur
3502 2163 3515 2198 :
3568 2146 4014 2216 inexpugnabilis

2425 2237 2566 2290 enim
2591 2236 2678 2287 illa
2708 2245 2811 2288 est.
2841 2233 2993 2287 Tunc
3023 2251 3220 2302 praeses
3256 2237 3330 2289 ait
3363 2255 3376 2288 :
3410 2237 3475 2288 Et
3504 2246 3580 2294 tu,
3605 2235 3862 2299 Chiotiia,
3883 2239 4016 2303 quid

2426 2326 2490 2378 ad
2522 2326 2634 2377 lizec
2666 2325 2839 2378 dicis?
2868 2323 3098 2378 Mentem
3123 2337 3388 2389 nostrain,
3430 2327 3603 2392 inquit
3629 2326 3882 2386 ChiOitia,
3918 2341 4014 2379 iic-

2426 2432 2514 2471 mo
2542 2427 2720 2486 potest
2747 2425 3078 2487 pervertere.
3115 2418 3185 2469 At
3217 2431 3417 2485 piaeses
3448 2434 3462 2470 :
3493 2415 3628 2470 Num
3658 2417 3839 2484 aliqua
3872 2419 4016 2484 apud

2427 2523 2520 2562 vos
2546 2519 2669 2562 sunt
2695 2511 2980 2576 impiorum
3021 2507 3454 2562 Christianorum
3488 2511 3906 2570 cumtiientaria,
3935 2507 4015 2560 vel

2425 2605 2756 2656 membrana:
2786 2604 3001 2668 aliquae,
3045 2601 3125 2654 vel
3172 2600 3330 2655 libri?
3387 2600 3683 2668 Respondit
3726 2601 3959 2653 Cliionia
3999 2615 4014 2653 :

2427 2693 2603 2758 Nulla,
2638 2709 2669 2744 ο
2702 2709 2922 2761 pra-ses,
2955 2693 3110 2746 nobis
3138 2703 3298 2759 sunt;
3322 2696 3502 2747 omnia
3532 2694 3614 2746 illa
3654 2694 4016 2760 imperatores

2427 2790 2516 2855 qui
2549 2802 2693 2840 nunc
2719 2797 2866 2848 sunt,
2889 2803 2915 2838 a
2948 2786 3104 2840 nobis
3144 2787 3505 2841 abstulerunt.
3543 2788 3752 2841 l’raeses
3786 2799 4011 2840 autem:

2426 2881 2688 2945 Quisnam
2754 2879 2890 2933 lianc
2951 2892 3186 2932 mentem
3245 2879 3396 2932 vobis
3437 2876 4017 2945 dedit?0mnipotens

2428 2975 2596 3035 Deus,
2630 2975 2803 3041 inquit
2832 2974 2941 3026 illa.
2971 2973 3111 3025 Dixit
3139 2983 3317 3026 autem
3339 2985 3540 3042 praeses
3566 2988 3579 3022 :
3607 2972 3841 3038 Quinam
3865 2982 4018 3036 sunt,

2425 3068 2513 3133 qni
2547 3066 2700 3118 vobis
2723 3074 2970 3120 auctores
2985 3065 3216 3130 fuerunt,
3239 3078 3296 3121 ut
3319 3069 3386 3121 ad
3413 3067 3568 3121 istam
3601 3065 3898 3119 stultitiam
3927 3082 4019 3121 ve-

2425 3159 2656 3212 niretis?
2683 3157 2845 3219 Deus.
2875 3161 3047 3229 inquit
3079 3161 3327 3226 Cliionia,
3367 3163 3714 3229 omnipotens
3742 3173 3794 3214 et
3824 3162 4016 3229 unige-

2430 3253 2572 3305 iiitus
2601 3253 2719 3322 ejus
2757 3253 2949 3319 Filius,
2983 3254 3239 3306 Uommus
3271 3263 3453 3305 noster
3505 3251 3666 3306 Jesus
3729 3253 4012 3308 Cliristns.

2428 3343 2698 3398 Dnlcetins
2744 3345 2861 3396 ait:
2911 3343 3249 3396 Manifestum
3296 3344 3425 3395 illud
3475 3353 3577 3406 e51,
3627 3347 3768 3411 quod
3827 3358 4018 3397 omnes

2423 3450 2521 3490 vus
2558 3437 2831 3491 devotioni
2885 3446 3194 3490 n0stroruni
3261 3435 3558 3506 poxentiuni
3617 3437 4016 3502 imperatorum

2424 3545 2487 3583 ac
2520 3529 2793 3584 thsaruin
2822 3530 3096 3600 subjectos
3134 3545 3256 3585 esse
3290 3540 3522 3598 oportet.
3562 3528 3835 3594 Quoniam
3892 3543 4021 3582 vero

2424 3635 2546 3695 post
2579 3635 2686 3678 tam
2737 3626 2961 3678 multum
3015 3637 3246 3694 tempus,
3295 3637 3415 3693 post
3466 3632 3547 3678 tot
3589 3625 4017 3685 admonitiones,

2425 3729 2609 3785 tuique
2635 3719 2808 3771 edicta
2835 3720 3132 3785 proposita,
3161 3729 3213 3771 et
3252 3720 3385 3771 tales
3417 3719 3593 3771 mitias
3624 3718 3880 3783 injectus,
3919 3732 4015 3770 vos

2424 3813 2732 3866 temeritate
2758 3810 2988 3880 qnadani
3025 3822 3081 3864 et
3108 3813 3331 3865 audacia
3366 3811 3540 3873 elatae,
3573 3812 3814 3878 ipsorum
3846 3813 4015 3878 ἰιιιρεο

2424 3917 2661 3960 ratorum
2692 3922 2753 3960 ac
2785 3906 3229 3976 Caesarunijusta
3271 3905 3423 3973 jussa
3475 3906 3912 3974 contempsistis,
3964 3905 4012 3957 in

2421 4000 2854 4054 Christianorum
2886 4002 3050 4069 impio
3077 3999 3295 4053 nomine
3320 4011 3702 4068 permanentes
3733 4017 3747 4051 :
3778 4011 4016 4064 cumque

2423 4095 2488 4146 ad
2521 4095 2838 4146 liodiernuni
2877 4094 3019 4144 dicm
3052 4093 3215 4158 iussa:
3258 4109 3286 4145 a
3349 4094 3686 4147 stationariis
3719 4108 3782 4144 ac
3822 4096 4013 4161 primis

2425 4180 2705 4247 militibus,
2747 4184 2948 4237 CliriSti
3017 4185 3359 4250 negationem
3414 4185 3672 4250 scriptam
3739 4185 4011 4250 proliteri,

2420 4275 2600 4331 facere
2631 4279 2679 4331 id
2719 4279 3002 4342 recusetis,
3033 4289 3318 4344 proriterea
3345 4293 3559 4346 .ptenas
3611 4278 3767 4329 vobis
3819 4281 4011 4344 dignas

2422 4373 2670 4438 accipite.
2714 4370 2765 4420 ld
2799 4383 2918 4420 coni
2951 4371 3197 4431 dixisset,
3249 4371 3577 4420 sententiam
3629 4368 3898 4434 scriptam
3940 4369 4012 4422 le-

2423 4465 2536 4531 git:
2574 4465 2790 4526 Agapen
2815 4469 2867 4511 et
2892 4457 3199 4518 Chioiiiain,
3225 4458 3476 4527 quoniam
3508 4460 3711 4528 iniquis
3735 4463 4008 4516 mentibus

2423 4565 2473 4609 et
2497 4553 2784 4607 contrariis
2819 4555 3101 4607 sententiis
3138 4555 3310 4615 elatae,
3341 4565 3528 4608 contra
3582 4554 3832 4606 divinum
3893 4555 4009 4608 edi-

730 4640 999 4702 Quulnam
1035 4641 1088 4686 tu
1123 4634 1186 4683 :iil
1218 4629 1376 4684 lucc?
1439 4644 1535 4682 cur
1576 4645 1685 4682 non
1725 4632 1967 4698 piissimo
2005 4647 2312 4685 nostrorum

2424 4655 2566 4698 ctum
2595 4646 2939 4697 dominorum
2971 4646 3336 4708 Augustorum
3361 4658 3412 4696 et
3435 4648 3708 4697 Caesarum
3737 4645 4007 4710 fecerunt,

729 4731 1119 4796 imperatorum
1173 4736 1224 4777 et
1267 4723 1546 4777 Casurum
1596 4724 1770 4788 jussui
1832 4726 2316 4793 obtemperavisti?

731 4820 908 4872 Divini
941 4818 1150 4870 timoris
1171 4826 1354 4880 Causa,
1382 4815 1560 4882 inquit
1591 4815 1761 4870 lreiie.
1797 4813 1927 4871 Dein
1955 4836 2152 4887 praises
2182 4839 2195 4874 :
2233 4820 2312 4873 Tu

729 4929 882 4979 vero,
910 4913 1092 4975 Casia,
1123 4913 1252 4980 quid
1289 4905 1406 4961 ais?
1437 4909 1687 4960 Animam
1719 4911 2109 4977 meam,inqnit
2132 4913 2312 4974 Casia,

727 5021 949 5061 servare
1007 5003 1145 5056 volo.
1186 5002 1392 5055 Praises
1441 5013 1620 5055 autem
1660 5018 1674 5054 :
1708 4999 1977 5070 Numquid
2027 5019 2310 5057 sacrorum

725 5105 809 5158 vis
839 5118 960 5157 esse
992 5103 1263 5172 particeps
1285 5098 1311 5152 ?
1342 5098 1581 5163 Minime,
1619 5099 1792 5167 inquit
1828 5097 1936 5150 illa.
1972 5096 2122 5153 Tunc
2176 5115 2310 5167 pne-

727 5210 856 5252 scs:
890 5197 970 5248 ’l‘u
1002 5209 1152 5258 vero,
1190 5191 1461 5260 Philippa,
1497 5189 1629 5258 quid
1649 5190 1827 5244 dicis?
1857 5190 2157 5261 Respondit
2181 5193 2266 5246 illa
2295 5209 2309 5245 :

728 5289 876 5343 Idem
902 5300 955 5341 et
976 5302 1074 5357 ego
1098 5288 1240 5338 dico.
1271 5286 1562 5350 Quidnam,
1589 5283 1763 5352 inquit
1785 5297 2010 5352 praises,
2039 5285 2139 5337 hoc
2170 5284 2313 5366 idem

724 5391 831 5445 est,
865 5381 1005 5447 quod
1037 5377 1213 5431 dicis?
1270 5375 1347 5431 llli
1407 5389 1588 5429 autem
1645 5376 1891 5446 Philippa
1932 5393 1945 5425 τ
1979 5376 2112 5430 Mori
2150 5377 2309 5443 malo,

731 5487 900 5540 quam
955 5471 1152 5524 veStris
1181 5469 1467 5524 sacriliciis
1500 5468 1669 5524 vesci.
1729 5466 1882 5523 Tune
1918 5484 2120 5538 praeses
2157 5487 2170 5524 ε
2209 5471 2316 5527 Sed

797 5627 866 5680 ⁵1
907 5629 1048 5682 Titii.
1087 5646 1124 5693 i,
1154 5629 1206 5685 5.
1285 5631 1303 5662 '
1341 5629 1482 5685 Psal.
1517 5631 1642 5694 i,,9.
1724 5634 1744 5664 '
1775 5633 1935 5688 Joan.
1971 5646 2078 5693 xw,
2109 5627 2196 5680 '27.

798 5786 873 5851 (9.)
915 5791 1070 5840 Anno
1122 5787 1243 5841 30$.
1290 5786 1418 5840 Vide
1442 5787 1758 5843 Bai‘miiuin.

798 5859 873 5924 (ὃ)
911 5858 1048 5925 Lege
1103 5863 1245 5910 enim
1279 5861 1529 5932 ‘vctitum
1553 5867 1661 5932 .dcr
1694 5859 2100 5928 praegnantibus
2165 5862 2301 5912 suuti

725 5934 1046 5999 supplicium
1075 5933 1232 5984 docet
1279 5930 1602 5984 Plutarchus
1629 5931 1691 5983 de
1724 5935 1802 5984 his
1829 5934 1916 6003 qui
1958 5946 2073 5985 sero
2125 5950 2152 5983 η
2206 5945 2302 5982 nu-

2423 4746 2476 4789 ct
2509 4753 2650 4789 nunc
2690 4739 2853 4787 etiam
2891 4739 3258 4800 temerariam,
3295 4752 3485 4792 vanam
3527 4747 3580 4790 et
3615 4739 3716 4804 piis
3752 4743 4008 4792 omnibus

2421 4829 2814 4881 exSet-rabilem
2836 4827 3268 4881 Christianorum
3305 4830 3618 4899 religionem
3650 4831 3868 4893 colunt,
3896 4830 4002 4898 igni

2426 4920 2712 4971 tradendus
2739 4920 2920 4987 jubeo.
2953 4919 3150 4986 Hisque
3187 4920 3366 4982 dictis,
3421 4921 3703 4987 subjuiixit
3737 4937 3749 4971 :
3793 4922 4006 4987 Agatho

2420 5017 2624 5070 autem,
2663 5008 2845 5068 Casia,
2900 5006 3144 5077 Philippa
3194 5018 3251 5061 et
3302 5008 3474 5072 lreiie,
3508 5007 3684 5075 quoad
3721 5009 3856 5061 milii
3889 5009 4005 5077 pla-

2420 5101 2613 5161 cuerit,
2651 5111 2933 5154 serventur
2965 5105 3015 5154 in
3050 5115 3288 5156 carcere.

2488 5187 2577 5244 Ν.
2611 5189 2804 5244 Postea
2835 5207 2980 5253 vero,
3015 5205 3175 5261 quam
3212 5191 3575 5245 sanctissimae
3611 5189 3877 5246 mulieres
3897 5191 4001 5262 igni

2416 5293 2806 5337 consummata:
2829 5295 2976 5345 sunt,
3001 5300 3122 5337 cuni
3146 5299 3335 5338 rursus
3357 5292 3542 5339 sancta
3570 5281 3724 5338 Irene
3761 5287 3828 5337 ad
3863 5298 4001 5352 prt-

2418 5375 2589 5428 sidem
2621 5376 2780 5428 ducta
2815 5377 3024 5442 fuisset,
3061 5376 3334 5432 Dnlcetins
3362 5379 3442 5432 sic
3469 5378 3615 5430 illam
3637 5376 3837 5430 all'atus
3871 5386 3952 5430 est
3984 5393 3996 5428 :

2420 5464 2549 5521 Tua:
2583 5469 2807 5524 insaniae
2843 5473 3177 5540 propositum
3225 5487 3289 5526 ex
3329 5473 3438 5540 liis,
3467 5486 3585 5540 quae
3620 5469 3780 5537 facis,
3827 5470 4000 5526 mani-

2419 5789 2558 5843 minc
2590 5791 2899 5856 puniuntur.
2937 5789 3040 5843 Sed
3079 5805 3175 5840 nec
3206 5789 3271 5844 de
3301 5789 3378 5841 eis
3412 5789 3594 5842 haberi
3635 5789 3989 5857 qumstionem

2417 5861 2647 5916 allirmat
2678 5862 2939 5932 Clpiaiius
2974 5863 3013 5915 Ι.
3051 5862 3384 5932 l’mgnaittis
3416 5862 3470 5915 α’.
3517 5859 3590 5914 De
3621 5863 3823 5931 poenis.
