4180 6480
169 441 228 504 8l
1199 435 1383 499 VITA
1420 435 1524 496 SS.
1565 427 1858 493 AGAPES
1899 431 1996 492 ΕΤ
2036 432 2454 496 SOCIARUM.
3367 427 3439 492 82

170 553 298 606 festo
322 557 588 618 apparet,
616 561 737 619 quc
758 555 837 604 tot
866 547 1229 615 membranas,
1276 547 1468 614 libros,
1503 546 1752 615 tabellas,
1782 547 1830 604 Δ
1860 553 1955 599 cut
2012 560 2040 599 a
2066 545 2340 615 principio
2383 557 2841 600 consueveramus
2897 558 3071 614 usque
3129 545 3195 599 ad
3242 559 3442 601 annum

167 639 436 698 codicillos
498 648 557 695 et
602 642 825 711 paginas
858 639 1288 710 Scripturarnm,
1321 655 1440 710 qua!
1474 647 1602 694 sunt
1651 638 1755 692 im-

169 736 370 803 piorum
402 732 881 804 Christianorum,
906 733 997 804 qui
1035 749 1272 804 unquam
1297 733 1534 793 fuerunt,
1569 731 1635 784 ad
1660 729 1757 784 bo-

167 827 410 882 diernum
473 841 650 895 usque
695 828 833 882 diem
873 842 1095 881 servare
1160 825 1379 880 voluisti
1415 841 1429 877 :
1465 837 1591 891 quas
1633 836 1755 876 cum

167 921 365 992 prolata
398 930 623 986 essent,
658 934 719 974 ea
751 920 1075 987 cognovisti,
1110 918 1357 986 quamvis
1383 916 1626 986 quotidie
1654 928 1754 970 ne-

166 1016 392 1085 gaveris.
434 1029 536 1069 vos
574 1013 838 1080 ejusmodi
872 1015 1078 1082 scripta
1130 1011 1432 1082 possidere,
1474 1023 1580 1062 non
1625 1022 1758 1061 con-

169 1116 309 1162 tenta
337 1121 523 1176 neque
557 1121 808 1160 sororum
843 1117 1057 1161 tuarum
1107 1119 1293 1175 pinna,
1352 1116 1530 1170 neque
1571 1098 1760 1154 mortis

167 1208 362 1252 metum
392 1213 510 1266 prae
533 1199 712 1253 oculis
738 1199 966 1253 habens.
1001 1197 1363 1265 Quamobrem
1393 1193 1489 1247 tibi
1543 1206 1759 1261 pinnam

167 1288 340 1344 afferri
365 1305 607 1344 necesse
626 1299 728 1345 est.
763 1291 866 1345 Sed
899 1289 1134 1343 alienum
1166 1299 1348 1343 tamen
1382 1300 1489 1339 non
1518 1285 1759 1347 videtur.

166 1385 322 1438 etiam
371 1399 523 1436 nunc
556 1382 913 1448 benignitatis
951 1391 1159 1450 partem
1204 1380 1445 1447 aliquam
1495 1377 1590 1430 tibi
1630 1391 1762 1431 con-

170 1474 379 1538 donari,
404 1486 467 1527 ut
495 1476 540 1528 si
575 1474 809 1528 volueris
842 1488 985 1527 nunc
1014 1472 1205 1528 saltem
1252 1472 1380 1524 deos
1437 1485 1755 1540 agnoscere,

171 1567 404 1636 impunis
432 1577 484 1620 et
513 1566 586 1620 ab
616 1567 762 1620 omni
787 1565 1054 1634 supplicio
1078 1564 1427 1634 periculoque
1447 1563 1613 1618 libera
1640 1578 1764 1620 esse

167 1662 360 1728 possis.
395 1658 545 1726 Quid
580 1660 747 1729 igitur
777 1659 952 1714 dicis?
1012 1657 1237 1712 Facisne
1277 1658 1420 1726 quod
1470 1657 1766 1728 imperato-

168 1766 251 1805 res
286 1753 463 1806 nostri
500 1762 558 1806 et
613 1753 855 1807 Caesares
909 1751 1228 1822 jusserunt?
1279 1750 1415 1805 Num
1473 1760 1660 1818 parata
1706 1767 1767 1809 es

168 1844 458 1899 sacriliciis
491 1847 663 1905 vesci.
692 1855 743 1899 et
773 1846 876 1899 diis
920 1846 1241 1899 immolare?
1295 1843 1538 1910 Minime,
1593 1846 1764 1916 inquit

1864 637 2226 706 superiorem,
2282 652 2388 705 quo
2437 644 2493 692 et
2549 635 2642 689 illa
2697 635 3113 691 occultavimus.
3173 634 3447 692 Dulcetius

1864 728 2538 798 praeses.dicit:Sorores
2582 729 2800 797 quidem
2855 739 2956 782 tua:
3012 741 3204 798 poenas
3261 739 3446 784 nostro

1860 819 2016 889 jussu
2057 822 2304 875 det-retas
2350 820 2735 884 exsolvernnt;
2790 828 2842 873 te
2879 834 3026 877 vero.
3085 820 3182 872 etsi
3255 832 3445 874 antea.

1866 933 2028 989 quam
2065 917 2391 988 attfugisses,
2430 927 2716 988 propterea
2747 919 2888 986 qttod
2943 918 3139 982 scripta
3177 932 3238 969 ac
3277 933 3450 968 mem.

1867 1009 2066 1064 branas
2089 1011 2227 1064 istas
2255 1009 2648 1069 occultaveras,
2681 1009 2872 1060 mortis
2905 1020 3066 1074 paena
3101 1007 3193 1057 tibi
3224 1005 3440 1058 decreta

1866 1100 2068 1163 fuerat,
2100 1116 2205 1155 non
2241 1111 2419 1155 tamen
2453 1102 2640 1154 eodem
2675 1099 2833 1153 modo
2862 1097 3028 1165 jubeo
3058 1115 3089 1153 e
3110 1099 3217 1152 vita
3253 1098 3333 1151 sic
3363 1113 3445 1152 re-

1867 1205 2030 1265 pente
2062 1195 2340 1249 discedere
2374 1211 2387 1248 :
2425 1209 2614 1249 verum
2652 1206 2746 1262 per
2773 1191 3036 1246 satellites
3059 1193 3226 1260 ipsos,
3265 1202 3316 1244 et
3345 1189 3448 1243 Zo-

1869 1288 2066 1343 slmum
2095 1287 2364 1354 publicum
2399 1287 2713 1341 carnificem
2749 1284 2804 1338 in
2837 1286 3080 1351 lupanari
3106 1288 3301 1337 nudam
3337 1293 3449 1338 sla-

1873 1382 1948 1436 tui
1977 1381 2253 1451 prmcipio,
2275 1395 2306 1434 e
2329 1378 2550 1447 pallario
2585 1378 2811 1448 singulis
2838 1377 3028 1431 diebus
3053 1393 3242 1447 panem
3275 1393 3443 1430 unum

1870 1482 2194 1534 sirmentem,
2227 1470 2551 1527 satellitibus
2582 1470 2715 1540 ipsis
2769 1485 2880 1526 non
2918 1472 3356 1540 permittentibus
3395 1478 3447 1522 te

1870 1562 2021 1617 illinc
2047 1564 2345 1618 discedere.

1944 1654 2030 1709 VI.
2064 1655 2195 1710 Cum
2230 1656 2396 1730 igitur
2423 1656 2683 1711 satellites
2711 1668 2759 1710 et
2793 1654 3058 1709 Zosimus'
3083 1653 3447 1724 publicusmi-

1874 1751 2042 1807 nister
2093 1762 2291 1822 praesto
2342 1759 2529 1806 essent
2558 1768 2570 1802 :
2600 1751 2761 1812 Illud,
2801 1751 2978 1820 inquit
3016 1764 3240 1820 praeses,
3295 1746 3448 1799 vobis

1875 1856 2060 1899 natum
2086 1846 2338 1913 sit,quod
2367 1845 2410 1901 si
2438 1845 2566 1899 mihi
2595 1845 2954 1915 signiﬁcatum
2985 1842 3165 1908 fuerit,
3199 1841 3276 1893 vel
3303 1842 3448 1898 liora

169 1936 340 2000 lrene,
381 1936 620 1990 minime
655 1952 750 2005 per
780 1936 946 1992 Deum
981 1938 1130 1992 illum
1169 1939 1616 2006 omnipotentem,
1669 1939 1760 2005 qui
1795 1907 1843 1966 Β
1873 1937 2101 2005 alicujus
2128 1950 2401 1992 momento
2432 1939 2588 1993 istam
2612 1953 2676 1994 ex
2708 1952 2772 1991 eo
2799 1937 2917 1991 Ioco
2945 1947 3143 1988 motam
3178 1933 3366 1998 fuisse,
3396 1934 3446 1985 iu

165 2027 368 2078 creavit
406 2025 616 2078 caelum
644 2035 698 2078 et
725 2034 948 2085 terram.
1002 2039 1151 2077 mare
1201 2034 1256 2078 et
1310 2024 1513 2086 omnia,
1547 2039 1666 2091 quae
1704 2024 1757 2078 in

167 2116 245 2169 eis
275 2127 425 2168 sunt.
469 2115 700 2170 Summa
727 2117 868 2169 enim
903 2116 1046 2169 illius
1075 2116 1212 2184 ignis
1250 2116 1566 2184 sempiterni
1597 2131 1757 2184 pretia

165 2210 443 2278 proposita
474 2209 562 2263 bis
593 2221 696 2273 est,
732 2208 823 2276 qui
867 2207 1050 2262 Jesum
1097 2209 1190 2264 Dei
1240 2207 1476 2263 Verbum
1528 2223 1762 2281 negave-

166 2298 290 2351 rint.
330 2298 622 2352 Dulcetius
661 2313 831 2352 vero:
870 2298 1129 2365 Quisnam
1165 2298 1259 2354 tibi
1309 2309 1500 2355 auctor
1535 2300 1655 2368 fuit,
1703 2311 1764 2356 ut

169 2390 523 2444 membranas
562 2389 698 2446 istas
739 2402 899 2460 atque
936 2389 1249 2460 Scripturas
1312 2393 1378 2444 ad
1441 2392 1760 2449 hodiernum

165 2497 334 2553 usque
412 2486 564 2537 diem
610 2484 946 2538 custodires!
982 2483 1093 2546 Ille,
1153 2483 1330 2552 inquit
1384 2483 1559 2552 Irene,
1622 2488 1760 2543 Deus

161 2577 544 2644 omnipotens,
590 2576 858 2644 quijussit
884 2590 983 2629 nos
1017 2576 1081 2628 ad
1108 2588 1334 2633 mortem
1373 2593 1547 2647 usque
1582 2580 1760 2649 ipsum

164 2669 386 2734 diligere
423 2686 438 2720 :
474 2684 586 2737 qua
632 2669 696 2722 de
727 2683 890 2722 causa
919 2684 1021 2722 non
1049 2685 1192 2725 ausa:
1218 2688 1409 2728 sumus
1444 2689 1568 2728 eum
1632 2689 1759 2745 pro-

163 2757 340 2812 dere:
381 2761 482 2814 sed
526 2759 818 2815 maluimus
883 2772 976 2816 aut
1023 2765 1264 2819 viventes
1314 2767 1589 2830 comburi,
1643 2775 1758 2833 aut,

163 2867 509 2919 quaecunque
545 2851 651 2906 alia
679 2854 831 2908 nobis
857 2854 1176 2920 acciderint,
1211 2858 1445 2927 perpeti,
1480 2872 1642 2927 quam
1679 2868 1761 2911 ta-

165 2943 234 2997 lia
268 2945 484 3008 scripta
526 2947 778 3014 prodere.

242 3037 308 3094 ν.
344 3039 494 3091 Tum
527 3054 732 3104 praeses
762 3056 775 3091 :
804 3039 1086 3104 Quisnam,
1117 3041 1308 3108 inquit,
1343 3045 1590 3097 conscius
1643 3050 1762 3097 erat

166 3132 277 3183 haec
307 3130 361 3182 in
397 3131 567 3182 domo
599 3130 685 3183 illa
717 3144 833 3184 esse
884 3131 934 3184 in
971 3147 1077 3200 qua
1106 3133 1435 3188 habitabas?
1465 3133 1761 3202 Respondit

1863 2042 1971 2097 quo
1995 2043 2114 2082 esse
2133 2028 2414 2095 jussimus.
2449 2040 2574 2084 tunc
2634 2044 2729 2085 vos
2777 2042 3040 2097 suprema:
3086 2041 3260 2096 poenas
3314 2026 3447 2080 sub-

1860 2117 1992 2187 jecti
2027 2119 2206 2173 eritis.
2244 2116 2456 2185 Scripta
2491 2133 2620 2172 vero
2653 2120 2768 2188 ipsa
2812 2133 2842 2170 a
2877 2117 3099 2171 scriniis
3153 2126 3206 2170 et
3243 2113 3444 2168 arculis

1865 2209 2048 2264 Irenes
2079 2210 2446 2279 proferantur.
2501 2208 2636 2264 Cum
2686 2209 2850 2279 igitur
2892 2206 3353 2277 quemadmodum
3415 2220 3442 2258 ι

1868 2305 2096 2372 praeside
2135 2304 2272 2372 jussi
2304 2302 2541 2366 fuerant,
2579 2317 2699 2357 eain
2734 2301 2810 2355 illi
2867 2303 2931 2355 ad
2967 2301 3237 2370 publicum
3288 2298 3444 2366 lupa-

1868 2411 1965 2448 nar
1991 2395 2297 2459 duxissent,
2334 2404 2389 2448 et
2419 2403 2633 2464 propter
2690 2393 2925 2462 Spiritus
2960 2390 3141 2445 sancti
3192 2389 3444 2459 gratiam,

1865 2502 1982 2554 quae
2015 2489 2183 2556 ipsam
2211 2487 2547 2557 protegebat,
2583 2494 2637 2541 et
2665 2485 3038 2540 universorum
3072 2481 3303 2539 Domino
3335 2481 3446 2536 Deo

1864 2594 2054 2648 puram
2091 2589 2253 2647 atque
2284 2580 2540 2632 intactam
2573 2579 2846 2641 servabat,
2903 2592 2971 2632 ne
3026 2591 3168 2633 unus
3223 2575 3442 2646 quidem

1866 2672 1932 2724 ad
1967 2686 2086 2724 eam
2116 2669 2400 2733 accedere,
2428 2670 2508 2724 vel
2545 2679 2699 2739 turpe
2722 2667 2924 2736 aliquid
2975 2669 3026 2720 in
3082 2683 3200 2720 eam
3261 2667 3445 2720 facere

1864 2761 2162 2816 autdicere
2193 2776 2360 2816 ausus
2408 2759 2620 2825 fuisset,
2665 2757 3069 2815 sanctissimam
3102 2757 3246 2812 illam
3282 2754 3437 2814 femi-

1864 2870 1988 2908 nam
2025 2855 2298 2911 Dulcetius
2334 2871 2533 2925 praeses
2578 2853 2873 2917 revocavit,
2921 2863 2975 2908 et
3020 2861 3148 2908 ante
3202 2847 3438 2905 tribunal

1862 2947 2232 3014 sistijussam,
2274 2949 2355 3002 sic
2402 2945 2596 3002 affatus
2651 2956 2735 2998 est
2769 2962 2783 2998 :
2821 2944 3089 3014 Numquid
3145 2943 3197 2998 in
3249 2942 3438 2997 eadem

1864 3036 2041 3091 adhuc
2079 3038 2385 3091 temeritate
2411 3035 2695 3104 persistis?
2746 3033 2986 3099 Minime,
3033 3033 3205 3103 inquit
3261 3032 3441 3098 Irene,

1868 3130 2168 3205 temeritas,
2199 3130 2291 3183 sed
2320 3127 2412 3182 Dei
2447 3127 2621 3198 pietas
2650 3136 2755 3190 est,
2788 3126 2841 3179 in
2868 3141 2972 3194 qua
3031 3127 3287 3195 persisto.
3341 3121 3441 3178 Cui

162 3219 357 3273 Irene:
395 3220 532 3276 Ilaec
559 3221 696 3275 vidit
728 3221 866 3278 Deus
894 3225 1254 3291 omnipotens,
1277 3227 1364 3293 qui
1387 3228 1565 3280 omnia
1621 3229 1755 3294 scit;
1786 3255 1830 3316 Ο
1867 3225 2143 3289 respondit
2180 3222 2448 3276 Dulcetius
2473 3235 2674 3290 praises
2709 3237 2721 3272 =
2753 3217 2818 3271 Ει
2863 3234 2926 3273 εἰ
2982 3220 3162 3288 priore
3209 3228 3297 3271 ιιιο
3362 3230 3445 3270 τε-

163 3327 428 3384 pralerea
459 3332 646 3370 nemo.
683 3315 902 3373 Nostros
925 3319 1067 3372 enim
1099 3320 1346 3376 homines
1384 3322 1615 3377 inimicis
1659 3337 1756 3392 pe-

157 3408 302 3474 jores
331 3409 603 3462 duximus
635 3423 699 3459 ne
728 3407 863 3462 forte
912 3425 1008 3461 nos
1033 3411 1326 3467 deferrent.
1380 3412 1568 3484 Itaque
1625 3416 1757 3471 nulli

162 3499 275 3554 hrc
321 3499 700 3553 ostendimus.
743 3497 1036 3564 Superiore
1080 3515 1244 3564 anno,
1307 3501 1482 3571 inquit
1535 3521 1757 3573 praeses,

160 3604 281 3640 cum
309 3589 567 3642 edictum
603 3587 727 3642 illud
755 3589 878 3655 tale,
911 3605 972 3645 ac
998 3593 1142 3661 pium
1166 3593 1382 3663 jussum
1416 3596 1758 3653 dominorum

159 3680 574 3746 imperatorum
609 3696 674 3736 ac
709 3683 978 3738 Caesarum
1032 3687 1206 3754 primo
1253 3686 1352 3742 fuit
1396 3688 1757 3761 divulgatum,

157 3771 388 3825 ubinam
419 3789 525 3828 vos
562 3774 807 3828 latuisti?
841 3777 919 3829 Ad
951 3779 1063 3832 haec
1100 3780 1254 3835 Irene
1291 3795 1306 3836 :
1342 3781 1477 3847 Illic,
1503 3784 1591 3838 ubi
1622 3786 1761 3843 Deus

154 3864 352 3918 voluit.
393 3865 453 3917 In
497 3865 776 3920 momibus
802 3867 928 3937 (scit
951 3867 1108 3937 Deus)
1131 3871 1230 3925 sub
1251 3871 1338 3926 dio
1364 3872 1584 3929 fuimus.
1616 3875 1762 3931 Prae-

1864 3329 2060 3386 spouso
2094 3314 2379 3367 manifeste
2412 3314 2702 3367 ostendisti
2739 3324 2790 3367 te
2824 3314 3212 3380 imperatorum
3263 3308 3440 3376 jnssui

1864 3407 2007 3464 nolle
2030 3423 2182 3479 aequo
2211 3407 2390 3461 animo
2419 3421 2631 3478 parere,
2667 3415 2723 3461 et
2749 3421 2891 3460 nunc
2918 3419 3134 3476 quoque
3161 3403 3214 3457 in
3247 3400 3437 3458 eadem

1864 3503 2172 3570 arrogantia
2202 3501 2582 3570 persistentem
2641 3508 2695 3553 te
2738 3498 2891 3553 video
2944 3515 2957 3551 :
3008 3511 3181 3566 quare
3225 3496 3439 3560 dignam

1865 3610 2080 3666 poenam
2113 3596 2409 3664 persolves.
2444 3591 2690 3662 Cumque
2717 3594 2961 3646 chartam
3015 3590 3285 3658 petiisset,
3317 3603 3440 3642 seu-

1865 3686 2090 3740 tentiam
2125 3685 2262 3738 hanc
2279 3693 2465 3737 contra
2494 3683 2665 3750 ipsam
2700 3681 2921 3748 scripsit
2951 3695 2965 3733 :
2996 3678 3263 3745 Quoniam
3290 3674 3442 3730 Irene

1867 3779 2253 3848 imperatorum
2281 3777 2457 3848 jnssui
2491 3789 2701 3843 parere,
2734 3774 2944 3842 diisque
2997 3768 3281 3824 iuttttulare
3342 3781 3441 3820 no-

1868 3858 2261 3940 luit,quinimo
2298 3883 2441 3923 nunc
2493 3881 2705 3936 quoque
2760 3864 2813 3918 in
2867 3861 3304 3916 Christianorum
3352 3873 3444 3913 or-

151 3965 244 4006 ses
269 3969 410 4006 vero
439 3972 454 4008 :
486 3955 648 4021 Apud
682 3971 838 4024 quem
869 3958 1122 4012 vixistis?
1153 3958 1266 4014 Sub
1298 3962 1407 4022 dio,
1441 3964 1614 4031 inquit
1647 3965 1757 4028 illa,

149 4043 292 4097 alias
328 4045 388 4098 in
427 4044 561 4098 aliis
595 4048 869 4101 montibus
899 4063 1203 4105 versantes.
1244 4052 1306 4104 At
1330 4068 1534 4123 praeses
1573 4074 1588 4110 :
1627 4057 1762 4125 Qui-

153 4150 281 4189 nam
309 4147 514 4199 erant,
544 4141 636 4205 qui
666 4141 818 4196 vobis
847 4156 1040 4210 panem
1072 4146 1533 4213 suppeditabant?
1596 4148 1759 4216 Deus,

148 4228 332 4295 inquit
383 4228 580 4293 lrene,
615 4229 704 4294 qui
727 4233 975 4284 omnibus
1031 4247 1206 4286 escam
1251 4239 1577 4303 suppeditat.
1624 4237 1760 4293 Tum

145 4333 414 4389 praeses:
463 4322 673 4375 Eralne
709 4329 860 4391 pater
895 4332 1073 4378 vester
1157 4326 1347 4382 harum
1397 4345 1577 4386 rerum
1627 4348 1763 4388 con-

143 4415 338 4468 scius?
367 4418 448 4469 At
482 4414 647 4468 Irene
675 4431 687 4468 :
728 4415 966 4482 Minime,
991 4433 1085 4486 per
1110 4419 1276 4474 Deum
1308 4425 1760 4495 omnipotentem,
1869 4439 2009 4479 mem
2039 4424 2214 4476 locum
2270 4421 2563 4482 duxerunt,
2597 4419 2686 4474 ubi
2734 4430 2786 4474 et
2840 4418 2959 4488 ejus
3017 4433 3236 4474 sorores
3286 4428 3442 4473 antea

142 4507 417 4560 coascius
449 4517 580 4558 erat
612 4506 718 4571 ille,
743 4509 834 4575 qui
865 4523 931 4562 ne
953 4510 1097 4562 novit
1123 4511 1336 4577 quidem
1372 4513 1485 4566 haec
1517 4515 1761 4570 omnino.
1869 4515 2188 4585 martyrium
2219 4527 2390 4581 passa:
2425 4513 2657 4565 fuerant.
2694 4513 2827 4565 Cum
2854 4523 3031 4565 autem
3072 4527 3320 4580 magnum
3352 4524 3442 4564 ro»

140 4597 364 4653 Praestas
393 4599 490 4650 ait
519 4615 532 4649 :
563 4596 697 4662 Quis
727 4599 888 4666 igitur
917 4612 1221 4655 vestrorum
1257 4603 1556 4658 vicinorum
1584 4605 1633 4659 id
1659 4621 1757 4660 no-
1795 4599 1839 4655 Ι)
1869 4623 1993 4681 gum
2015 4605 2414 4665 accendisseut.
2439 4603 2715 4672 iusserunt
2738 4603 2907 4673 ipsam
2940 4602 2994 4658 in
3020 4616 3142 4657 eum
3178 4614 3446 4661 conscen-

143 4693 339 4747 verat!
377 4688 646 4752 Vicinos,
671 4689 845 4760 inquit
870 4691 1050 4757 lrene,
1078 4694 1372 4767 interroga,
1414 4705 1468 4750 et
1511 4697 1627 4750 loca
1683 4699 1764 4752 in-
1873 4701 2020 4755 dcre.
2055 4698 2240 4766 Itaque
2263 4709 2449 4751 sancta
2489 4698 2644 4752 Irene
2675 4697 2910 4767 psalmos
2967 4713 3190 4760 Canens,
3249 4707 3302 4750 et
3351 4694 3443 4748 Dei

139 4786 328 4853 quire,
364 4783 462 4836 vel
503 4798 603 4836 eos
638 4786 726 4849 qui
763 4796 980 4848 norunt,
1021 4787 1107 4838 ubi
1135 4801 1230 4840 nos
1273 4802 1511 4843 eramus.
1559 4789 1765 4848 Praeses
1871 4791 2096 4862 gloriam
2165 4789 2462 4851 celebrans.
2501 4790 2552 4841 in
2606 4804 2794 4857 rogmn
2853 4801 2914 4840 se
2954 4787 3192 4856 c0njecit
3229 4805 3242 4839 :
3278 4795 3446 4846 atque

139 4881 284 4933 dixit
313 4896 327 4931 :
374 4879 694 4946 Postquam
728 4892 757 4931 e
783 4890 964 4931 monte
997 4893 1226 4934 reversa:
1264 4879 1464 4948 fuistis,
1501 4893 1558 4938 ut
1584 4893 1637 4938 tu
1685 4885 1768 4938 di-
1868 4887 1946 4941 ita
1973 4894 2348 4940 consummata
2372 4892 2455 4936 est
2481 4882 2532 4934 in
2565 4881 2849 4936 consulatu
2878 4879 3192 4937 Diocletiani
3220 4877 3443 4950 Augusti

135 4975 239 5034 cis,
277 4972 651 5041 Iegebatisne
682 4972 880 5038 scripta
907 4972 1032 5037 ista,
1067 4986 1328 5042 prresente
1355 4976 1574 5047 aliquo?
1608 4978 1761 5033 Domi
1871 4994 2034 5043 nono,
2085 4975 2394 5033 Maximiani
2429 4987 2611 5031 autem
2647 4974 2871 5044 Augusti
2921 4983 3136 5039 octavo,
3189 4970 3445 5027 Kalendis

141 5077 353 5121 nostrae
389 5071 598 5126 erant,
640 5063 815 5134 inquit
851 5065 1023 5130 lrene,
1059 5083 1236 5136 neque
1288 5069 1619 5123 audebantus
1673 5070 1760 5124 illa
1871 5069 2094 5138 Aprilis,
2132 5079 2391 5137 regnante
2428 5069 2478 5121 in
2517 5065 2714 5121 saecula
2768 5065 2985 5121 Christo
3033 5065 3158 5118 Jesu
3216 5062 3444 5116 Domino

139 5157 344 5210 efferre
380 5175 397 5210 :
441 5157 812 5226 quamobrem
849 5173 1173 5229 magnopere
1220 5161 1573 5229 angebamur.
1620 5163 1763 5233 quod
1869 5175 2055 5219 nostro
2082 5204 2098 5230 ,
2133 5179 2256 5218 cum
2293 5177 2402 5232 quo
2423 5161 2570 5214 Patri
2604 5167 2687 5214 est
2733 5161 2904 5228 gloria
2949 5169 3250 5229 sanctoque
3316 5155 3445 5226 Spi-

141 5266 250 5305 non
280 5261 642 5323 poteramus
675 5259 835 5306 nocte
868 5265 931 5306 ac
964 5251 1050 5307 die
1076 5251 1184 5308 illis
1211 5267 1428 5325 operam
1487 5254 1642 5323 dare,
1689 5255 1760 5311 si-
1868 5256 1994 5311 ritui
2022 5258 2072 5312 in
2109 5254 2304 5312 saecula
2335 5254 2678 5311 saeculorum.
2725 5251 2920 5307 Amen.

1866 3962 1991 4014 dine
2023 3977 2084 4013 ac
2115 3961 2372 4030 religione
2408 3967 2719 4029 perseverat
2755 3975 2768 4012 :
2804 3957 2905 4010 hac
2934 3956 2997 4008 de
3020 3968 3204 4016 causa,
3241 3941 3301 4005 ιιί
3347 3965 3445 4004 an-

1867 4063 1948 4107 tea
1971 4050 2106 4105 duas
2136 4051 2252 4115 elus
2280 4063 2534 4116 sorores,
2559 4048 2634 4102 ita
2680 4056 2735 4102 et
2769 4048 2942 4118 ipsam
2976 4047 3250 4099 viventem
3300 4056 3444 4098 nunc

1866 4143 2111 4203 comburi
2140 4143 2325 4214 jubeo.

1942 4236 2050 4290 VII.
2079 4236 2202 4291 Haec
2243 4237 2510 4291 sententia
2558 4248 2680 4287 cum
2722 4249 2751 4286 a
2791 4234 3019 4303 praeside
3059 4232 3169 4285 lata
3215 4231 3434 4292 fuisset,

1869 4326 2068 4385 milites
2098 4327 2286 4383 Irencn
2344 4327 2790 4395 comprehensam
2827 4325 2877 4379 in
2923 4323 3214 4394 qutmdam
3271 4321 3443 4378 subli-
