4180 6464
726 441 799 507 79
2054 425 2338 491 MENSIS
2379 426 2714 490 APRILIS.
3940 422 4005 484 80

731 583 747 611 ι
789 559 944 615 Finis
965 553 1219 625 praecepti
1243 565 1323 606 εει
1355 548 1597 604 charitas
1623 545 1684 612 ‘;
1726 561 1743 595 ι
1783 542 1977 598 merito
2001 543 2183 612 Agape
2211 557 2308 595 vo-
2338 549 2389 608 Α
2419 552 2492 607 tu,
2534 541 2820 613 Entycliia,
2853 537 3003 608 quid,
3048 537 3176 593 ais?
3221 537 3390 604 idem,
3434 537 3608 607 inquit
3661 536 3778 600 illa,
3817 547 3870 590 et
3910 552 4006 605 ego

729 657 973 712 cabatur.
1017 651 1124 704 Hoc
1148 647 1291 702 enim
1322 643 1538 698 nomine
1566 639 1740 694 Grteci
1773 638 2098 691 charitateni
2132 634 2311 704 appel-

730 754 864 804 lant.
900 745 1081 797 Altera
1122 753 1317 809 purum
1356 750 1416 788 ac
1449 731 1791 802 splendidum
1830 728 2170 798 baptismatis
2232 725 2313 779 ni-

735 855 906 896 torem
936 850 1184 893 servans,
1220 832 1291 884 ita
1323 839 1380 881 ut
1408 830 1472 882 de
1503 828 1616 896 ipsa
1652 823 2025 894 prepheticum
2057 820 2180 873 illud
2207 821 2310 872 dici

729 944 914 1004 posset
947 949 957 982 :
990 949 1004 978 ι
1032 926 1266 980 Lavabis
1294 939 1400 983 me,
1435 930 1487 973 et
1509 933 1670 986 super
1695 919 1870 970 nivem
1921 914 2212 966 dealbahor
2233 912 2307 977 ⁵,»

732 1003 762 1078 a
795 1025 913 1076 nive
974 1033 1168 1072 nomen
1219 1011 1462 1080 accepit;
1523 1008 1752 1062 Chionia
1804 1008 1945 1059 enim
2012 1003 2312 1056 dicebatur.

733 1118 916 1172 Tertia
970 1108 1266 1165 Salvatoris
1293 1115 1345 1159 et
1377 1103 1467 1158 Dei
1497 1100 1668 1154 nostri
1703 1101 1923 1161 donum,
1959 1097 2062 1149 hoc
2091 1104 2194 1158 est,
2229 1109 2317 1161 pa-

731 1226 848 1265 rem
893 1208 942 1260 in
975 1220 1031 1257 se
1063 1201 1288 1262 habens,
1323 1207 1375 1248 et
1405 1195 1458 1247 in
1496 1206 1685 1246 omnes
1719 1204 2000 1250 exercens,
2053 1183 2316 1254 quemad-

733 1303 954 1358 modum
995 1293 1252 1349 Dominus
1277 1290 1404 1341 diitit
1441 1301 1453 1338 :
1489 1302 1513 1335 ι·
1548 1283 1741 1337 Pacem
1781 1296 1955 1335 meatu
1980 1282 2047 1331 do
2072 1275 2310 1341 vobis“,t

732 1403 890 1456 lrene
921 1400 987 1452 ab
1025 1395 1277 1450 omnibus
1309 1389 1625 1452 vocabatur,
1672 1400 1701 1437 a
1751 1397 1883 1453 pace
1919 1394 2114 1434 nomen
2172 1375 2316 1430 accio

733 1499 906 1566 piens.
945 1493 1052 1547 Has
1095 1504 1204 1545 tres
1237 1487 1468 1542 feminas
1509 1500 1631 1538 cum
1690 1482 1755 1534 ad
1805 1495 1861 1532 se
1895 1480 2102 1538 ductas,
2157 1485 2207 1528 et
2248 1476 2317 1526 ita

734 1593 960 1646 affectas
989 1587 1337 1654 magistratus
1359 1580 1604 1641 vidisset,
1640 1585 1697 1630 ut
1725 1574 1826 1630 diis
1843 1570 2107 1626 sacriﬁcia
2127 1566 2321 1622 otl‘crre

736 1682 965 1739 nollent,
1002 1678 1120 1744 igne.
1151 1671 1473 1726 cremandas
1501 1682 1621 1721 esse
1655 1663 1913 1721 decrevit,
1937 1670 1990 1712 ut
2015 1673 2110 1725 per
2143 1657 2320 1725 ignem

735 1774 916 1845 exigui
959 1768 1243 1835 temporis,
1277 1764 1386 1828 igni
1425 1760 1697 1830 subjectos
1750 1755 2023 1807 diabolum
2081 1763 2324 1804 omnem-

737 1842 850 1935 que
883 1866 1185 1915 theinonum
1225 1865 1522 1916 catervam,
1570 1850 1738 1918 ipsius
1773 1845 1969 1897 diaboli
1998 1842 2320 1902 exercitum,

737 1960 829 2028 qui
858 1959 957 2009 sub
993 1953 1132 2012 coelo
1164 1958 1267 2014 est,
1320 1952 1666 2014 superantes,

740 2064 994 2104 coronant
1028 2041 1276 2112 adipisci,
1312 2052 1375 2090 ac
1409 2037 1574 2088 Deum
1619 2032 1816 2100 ipsum,
1841 2041 1871 2080 a
1908 2041 2014 2093 quo
2042 2024 2219 2091 gratia
2245 2020 2325 2074 eis

741 2143 930 2196 collata
965 2147 1071 2202 est,
1106 2148 1225 2187 cum
1261 2128 1467 2198 angelis
1524 2128 1787 2195 perpetuo
1847 2115 2159 2171 collaudnre
2205 2127 2326 2181 pos-

741 2245 880 2287 sent.
914 2228 1044 2293 Quae
1082 2238 1208 2277 vero
1243 2220 1307 2274 ab
1339 2219 1443 2271 illis
1467 2223 1618 2285 gesta
1648 2219 1795 2274 sunt,
1835 2223 1897 2262 ea
1928 2206 2168 2260 breviter
2201 2216 2328 2253 uar-

749 2325 1016 2381 rabimus.

815 2416 899 2467 ΙΙΙ.
926 2415 1058 2463 (lum
1089 2406 1405 2475 praesideret
1427 2401 1709 2456 Dulcetius
1731 2398 1830 2458 (2),
1851 2390 2189 2447 Artemensis
2224 2388 2324 2461 [αι.

749 2500 1097 2572 Artemisius]
1146 2499 1326 2555 scriba
1366 2496 1541 2549 dixit:
1571 2490 1949 2560 Cognitionem
1990 2488 2055 2540 de
2081 2487 2184 2546 his,
2231 2481 2325 2552 qtti

748 2609 1039 2668 prmsentes
1056 2605 1203 2652 sunt,
1221 2611 1245 2644 a
1267 2588 1584 2647 stationario
1605 2587 1852 2646 missam,
1875 2583 1916 2634 si
1933 2581 2115 2653 jube‘s.
2137 2581 2334 2646 legam.

748 2686 1146 2754 .luheo.inquit
1185 2682 1460 2737 [)ulcetins
1506 2693 1726 2748 przeses,
1750 2687 1799 2730 te
1841 2677 2036 2740 legere.
2075 2671 2228 2724 Tunc
2264 2669 2335 2721 ait

751 2783 929 2835 scriba
955 2798 967 2836 :
995 2777 1200 2831 Ordine
1226 2777 1319 2829 tibi
1351 2788 1467 2827 meo
1493 2772 1720 2826 domino
1748 2767 1955 2824 omnia,
1991 2777 2111 2830 quae
2141 2759 2338 2825 scripta

750 2884 901 2932 sunt,
929 2874 1192 2924 recitabo.
1219 2867 1526 2921 Cassander
1544 2857 1932 2915 beneficiarius
1954 2858 2066 2908 hzec
2086 2851 2339 2918 scripsit:

752 2963 923 3022 Scito,
953 2957 1021 3010 mi
1075 2955 1311 3012 domine,
1347 2949 1709 3016 Agathonem,
1749 2945 1986 3009 Agapeu,
2021 2940 2333 3004 Chionium,

752 3057 971 3110 lrcnen.
1003 3047 1245 3106 Casiam,
1275 3041 1604 3109 Philippam,
1635 3049 1686 3091 et
1717 3034 2039 3103 Eutychiam
2080 3031 2218 3084 nolle
2252 3031 2336 3085 his

753 3147 926 3204 vesci,
957 3157 1075 3208 quze
1107 3140 1211 3191 diis
1244 3147 1369 3187 sunt
1401 3131 1698 3185 immolata.
1735 3130 1836 3178 [ias
1859 3127 2023 3193 igitur
2069 3126 2133 3174 ad
2191 3135 2334 3175 tuam

757 3235 1167 3309 amplitudinem
1223 3223 1569 3281 adducendas
1600 3233 1721 3272 esse
1775 3217 1982 3270 curavi.
2019 3213 2169 3267 Tunc
2219 3212 2341 3266 Dlli-

755 3338 928 3387 celius
987 3339 1187 3394 prmses
1227 3322 1299 3373 illi
1327 3319 1463 3372 dixit
1523 3331 1536 3367 :
1588 3312 1843 3378 chnam
1893 3319 1977 3363 est
2026 3309 2124 3361 ista
2163 3317 2336 3360 vestra

760 3435 909 3480 tanta
946 3419 1152 3472 insania
1177 3455 1189 3478 ,
1225 3424 1281 3466 ut
1319 3410 1501 3464 nolitis
1560 3404 1982 3476 religiosissimis
2029 3411 2338 3456 nestrorum

757 3520 1147 3585 imperatorum
1181 3518 1232 3560 et
1269 3506 1543 3556 Caesarum
1575 3501 1741 3564 jussis
1770 3494 2034 3546 obedire?
2069 3492 2341 3560 Agatltoni

759 3602 1212 3666 amcm;Qum-e,
1267 3596 1461 3662 inquit,
1521 3603 1572 3646 tu
1625 3591 1691 3643 ad
1745 3605 1899 3644 sat-ra
1963 3585 2340 3656 proﬁciscens,

757 3695 1218 3770 quemadmodum
1264 3695 1682 3742 consueverunt,
1719 3686 1809 3752 qui
1877 3683 1979 3735 diis
2029 3679 2341 3734 consecrati

759 3805 909 3853 sunt,
947 3805 1051 3842 non
1087 3787 1172 3840 his
1203 3783 1373 3837 sacris
1411 3795 1538 3830 usus
1567 3778 1664 3830 es?
1706 3777 2004 3841 ltespoudit
2057 3778 2268 3839 Agatho
2321 3785 2336 3821 ε

760 3885 1026 3948 Quoniam
1047 3875 1392 3930 Christianus
1418 3886 1516 3936 ego
1542 3884 1680 3920 sum.
1710 3865 1842 3917 Tum
1868 3863 2141 3916 Dulcctms
2168 3879 2180 3914 :
2205 3859 2343 3914 Num

762 3988 816 4026 tu
878 3975 1041 4025 etiam
1103 3965 1370 4020 hodierno
1399 3963 1484 4013 die
1520 3961 1570 4012 in
1609 3974 1672 4012 eo
1705 3958 1981 4024 proposito
2017 3952 2347 4023 permanes?

764 4069 1022 4124 Mastnie,
1059 4062 1232 4125 inquit
1268 4057 1503 4121 Agatho.
1542 4056 1610 4103 At
1646 4052 1729 4100 ille
1762 4065 1774 4100 :
1817 4047 1896 4098 Τιι
1957 4062 2106 4106 vero,
2143 4048 2345 4114 Agape,

763 4163 890 4228 quid
920 4152 1039 4207 ais?
1073 4147 1369 4217 lieSpondit
1398 4161 1410 4197 :
1450 4145 1558 4214 ligo
1588 4142 1695 4194 lico
1731 4139 1926 4191 viventi
1955 4141 2138 4199 credo,
2173 4147 2348 4202 neque

762 4254 882 4306 volo
916 4258 1058 4302 recte
1093 4244 1360 4299 (actorum
1414 4237 1803 4288 conscientiam
1865 4246 2039 4285 meam
2097 4230 2344 4297 perdere.

763 4349 916 4400 Tunc
946 4353 1145 4405 primus
1177 4355 1187 4384 :
1218 4333 1294 4385 Tu
1317 4346 1493 4384 aurern
1525 4330 1651 4396 quid
1675 4331 1738 4377 ad
1767 4329 1876 4378 hare
1896 4326 2053 4385 dicis,
2083 4321 2350 4376 Chionia?

762 4438 853 4490 Ait
886 4432 971 4483 illa
1011 4445 1022 4480 :
1060 4427 1193 4481 Cum
1231 4427 1336 4480 Deo
1365 4425 1487 4474 vivo
1517 4419 1757 4480 credam,
1791 4423 1858 4470 ob
1881 4417 1929 4468 id
1959 4416 2102 4468 nolui
2145 4412 2346 4478 facere,

762 4528 907 4595 quod
945 4525 1101 4575 dicis.
1139 4521 1213 4570 Ad
1252 4517 1442 4576 irenen
1485 4528 1617 4564 Vcl‘o
1644 4525 1943 4565 comersus
1983 4524 2201 4577 praeses,
2238 4513 2348 4560 ait:

2421 638 2544 689 diro
2581 653 2593 688 :
2635 635 2777 688 malo
2803 643 2856 686 et
2881 634 2996 702 ipsa
3029 632 3191 697 mori,
3223 646 3384 702 quam
3426 629 3606 684 facere
3633 628 3784 698 quod
3826 628 4001 695 jubcs.

2421 730 2509 783 Ait
2546 727 2618 780 illi
2653 743 2890 795 praeses:
2923 725 3052 779 Num
3085 727 3260 778 virum
3299 722 3503 778 habes?
3525 721 3794 786 Mortuus,
3835 721 4006 790 inquit

2423 821 2706 889 Etttychia.
2742 820 2829 874 ille
2861 828 2962 874 est.
2998 818 3203 872 Praeses
3239 831 3364 870 vero
3399 832 3413 868 :
3453 815 3841 882 Quampridetn
3868 826 4004 864 tuor-

2424 923 2546 968 tuus
2575 914 2694 968 est?
2724 915 2862 967 Ante
2894 926 3108 965 menses
3135 910 3245 965 fere
3267 920 3494 978 septem,
3525 909 3698 976 inquit
3722 906 4003 974 Eutychia.

2425 1003 2575 1057 Tunc
2604 1004 2688 1056 ille
2722 1020 2734 1055 :
2776 1003 2840 1055 Et
2871 997 3141 1056 undenam
3175 1002 3342 1070 igitur
3371 999 3586 1068 gravida
3616 998 3764 1050 facta
3804 995 3905 1048 es?
3934 995 4004 1047 Ex

2425 1112 2509 1158 eo,
2551 1096 2720 1164 inquit
2754 1095 2862 1160 illa,
2897 1096 3034 1158 viro,
3063 1110 3224 1161 quem
3259 1092 3407 1146 dedit
3443 1090 3570 1144 mihi
3605 1089 3773 1142 Deus.
3804 1088 4008 1141 Pracses

2427 1199 2647 1240 autem:
2679 1184 2878 1238 Hortor
2911 1197 2987 1248 te,
3017 1184 3300 1253 Ettlycltia,
3329 1193 3388 1236 ut
3421 1182 3488 1234 ab
3536 1182 3636 1234 ista
3681 1180 3899 1233 insania
3924 1180 4014 1230 de.

2425 1283 2620 1336 sistere
2657 1281 2809 1344 velis,
2842 1289 2896 1333 et
2946 1281 3011 1331 ad
3053 1280 3317 1331 humanas
3375 1273 3733 1343 cogitationes
3805 1272 4012 1324 redeas.

2428 1373 2564 1438 Quid
2591 1370 2703 1425 ais?
2737 1375 2883 1423 visne
2912 1371 3074 1439 regali
3107 1371 3281 1423 edicto
3305 1365 3535 1436 parere?
3563 1364 3810 1428 Minime,
3846 1365 4016 1430 inquit

2431 1465 2719 1534 Eutychia,
2750 1479 2847 1531 ego
2881 1478 3072 1530 parere
3118 1462 3258 1526 volo,
3320 1477 3437 1514 sum
3483 1461 3626 1512 enim
3681 1459 4013 1518 Christiana,

2430 1555 2524 1608 Dei
2549 1554 2934 1622 omnipotentis
2975 1567 3157 1604 serva.
3187 1550 3320 1602 Tum
3358 1551 3483 1603 ille:
3533 1551 3803 1614 Quoniam
3855 1545 4016 1613 Euty-

2430 1649 2549 1701 chia
2586 1645 2806 1715 gravida
2839 1655 2943 1708 est,
2987 1644 3189 1696 interea
3232 1652 3477 1695 servetur
3532 1641 3582 1692 itt
3633 1652 3862 1691 careere
3916 1637 4011 1701 (5).

2431 1741 2608 1806 Atque
2635 1740 2748 1791 haec
2781 1734 2988 1788 addidit
3018 1750 3032 1786 :
3068 1731 3144 1784 Τιι
3177 1747 3321 1794 vero,
3351 1731 3553 1799 Agaue,
3589 1731 3820 1797 quidais
3853 1727 3875 1778 ?
3913 1725 4019 1778 Vis-

2436 1845 2502 1885 ne
2527 1830 2710 1884 omnia
2742 1829 2829 1881 illa
2871 1827 3071 1887 facere,
3103 1840 3222 1894 quae
3251 1838 3349 1877 nos
3390 1826 3619 1876 dominis
3669 1818 4020 1888 imperatori-

1725 1939 2098 2003 incorruptam
2147 1928 2328 2001 gloria:
2361 1929 2402 1984 Β
2433 1925 2531 1977 bus
2560 1937 2620 1976 ac
2645 1921 2950 1975 Caesaribus
2999 1923 3200 1972 nostris
3255 1917 3435 1969 devoti
3473 1911 3740 1965 facimus?
3775 1911 4018 1970 Minime.

2434 2016 2608 2085 inquit
2643 2016 2842 2083 Agape,
2878 2013 3030 2066 decet
3066 2011 3282 2063 Satana:
3314 2012 3561 2063 devmam
3614 2021 3698 2059 me
3735 2019 3882 2058 εδει».
3935 2002 4021 2055 His

2432 2111 2614 2165 verbis
2647 2122 2796 2161 mens
2832 2118 2950 2159 nica
3003 2120 3107 2158 non
3162 2105 3449 2156 abducitur
3510 2119 3524 2153 :
3576 2097 4021 2168 inexpugnabilis

2435 2201 2575 2255 enim
2601 2199 2688 2250 illa
2717 2206 2821 2250 est.
2850 2195 3003 2248 Tunc
3032 2208 3230 2262 [ti‘aBsCS
3266 2193 3340 2246 ait
3373 2210 3386 2244 :
3419 2192 3485 2243 Et
3514 2201 3588 2248 tu,
3615 2188 3877 2250 Chionia,
3899 2189 4023 2253 quid

2437 2291 2501 2344 ad
2532 2290 2644 2342 haec
2677 2286 2849 2340 dicis?
2879 2284 3108 2338 Mentem
3133 2294 3398 2345 nostram,
3440 2281 3613 2346 inquit
3639 2279 3897 2339 Chioaia,
3932 2291 4022 2329 nc-

2438 2396 2526 2436 tno
2553 2389 2731 2449 potest
2758 2385 3088 2449 pervertere.
3126 2375 3196 2427 At
3228 2389 3428 2442 praeses
3460 2389 3474 2426 :
3504 2369 3638 2424 Num
3669 2370 3853 2437 aliqua
3888 2369 4023 2435 apud

2439 2488 2533 2526 vos
2559 2481 2682 2525 sunt
2707 2472 2992 2538 impiorutn
3032 2466 3466 2520 Christianorum
3500 2463 3920 2522 cumtnentaria,
3949 2456 4024 2510 vel

2439 2567 2769 2620 membrana:
2799 2565 3014 2629 aliqum,
3057 2559 3138 2613 vel
3185 2557 3343 2612 libri?
3401 2556 3697 2623 Respondit
3739 2553 3973 2605 Cliionia
4010 2565 4024 2603 :

2442 2657 2616 2721 Nulla,
2652 2671 2683 2707 ο
2716 2670 2937 2723 praeses,
2970 2653 3124 2705 nobis
3151 2661 3274 2705 sunt
3298 2668 3312 2716 ;
3336 2651 3516 2703 omnia
3546 2649 3628 2700 illa
3667 2648 4026 2713 imperatores

2443 2754 2531 2820 qui
2565 2765 2708 2804 nunc
2733 2758 2881 2810 sunt,
2904 2763 2930 2799 a
2963 2746 3118 2799 nobis
3159 2744 3520 2796 abstulerunt.
3558 2743 3768 2794 l’razses
3803 2750 4022 2791 autem:

2442 2846 2703 2910 Quisnam
2770 2842 2905 2894 lianc
2967 2850 3202 2892 mentem
3261 2836 3412 2887 vobis
3452 2832 3634 2886 dedit?
3668 2829 4028 2896 Omnipotens

2446 2940 2613 2999 Deus,
2647 2938 2819 3003 inquit
2848 2935 2958 2987 illa.
2987 2933 3129 2985 Dixit
3156 2940 3333 2983 autem
3356 2940 3556 2998 praeses
3582 2941 3595 2976 :
3624 2925 3858 2991 Quinam
3884 2931 4030 2986 sunt,

2443 3033 2531 3099 qui
2565 3029 2718 3083 vobis
2740 3036 2987 3082 auctores
3002 3025 3233 3087 fuerunt,
3257 3035 3313 3078 ut
3337 3024 3404 3076 ad
3431 3023 3585 3076 istam
3618 3017 3916 3073 stultitiam
3944 3031 4032 3071 ve-

2445 3123 2675 3177 niretis?
2702 3120 2863 3180 Deus.
2894 3120 3066 3188 inquit
3097 3119 3347 3182 Chionia,
3385 3117 3732 3183 omnipotens
3760 3125 3814 3166 et
3843 3112 4029 3179 unige—

2451 3218 2593 3270 nitus
2621 3216 2739 3285 ejus
2778 3214 2969 3279 Filius,
3003 3213 3258 3265 Dominus
3291 3219 3473 3261 noster
3524 3206 3684 3259 Jesus
3748 3205 4027 3257 Chrisuis.

2450 3308 2718 3362 Dulcetius
2765 3307 2882 3358 ait:
2931 3301 3270 3357 Manifestum
3317 3299 3445 3351 illud
3495 3306 3597 3360 est,
3646 3299 3789 3364 quod
3847 3309 4032 3347 omnes

2444 3415 2544 3455 vus
2581 3398 2852 3454 devotioni
2907 3407 3216 3451 nostrorum
3283 3391 3580 3463 potentium
3637 3390 4032 3454 imperatorum

2447 3510 2511 3548 ac
2543 3493 2816 3548 Cmsnruut
2844 3491 3118 3561 subjectus
3157 3503 3279 3543 esse
3313 3494 3545 3556 oportet.
3583 3482 3857 3548 Quoniam
3913 3493 4036 3532 vero

2449 3599 2570 3659 post
2603 3599 2710 3642 tam
2761 3587 2984 3641 inultum
3038 3596 3269 3654 tempus,
3317 3593 3438 3650 post
3489 3587 3570 3633 tot
3612 3576 4035 3635 admonitiones,

2451 3694 2634 3749 latque
2659 3681 2833 3734 edicta
2862 3679 3157 3746 proposita,
3186 3687 3238 3729 et
3277 3677 3409 3728 tales
3441 3674 3617 3726 minas
3648 3671 3904 3737 injectus,
3942 3682 4034 3720 vos

2451 3777 2757 3831 temeritate
2784 3771 3013 3841 quadam
3051 3781 3106 3822 et
3133 3771 3357 3823 audacia
3391 3767 3565 3828 elata},
3597 3767 3838 3833 ipsorum
3870 3764 4036 3828 impe-

2451 3881 2688 3924 ratorum
2718 3884 2780 3922 ac
2812 3868 3086 3921 Caesarum
3110 3865 3256 3934 justa
3298 3863 3451 3930 jussa
3501 3858 3937 3926 contempsistis.
3987 3856 4034 3908 in

2450 3964 2882 4019 Christianorum
2913 3963 3078 4028 itnpto
3105 3957 3322 4011 nomine
3348 3965 3729 4024 permanentes
3759 3969 3772 4004 :
3804 3961 4038 4015 cumque

2452 4059 2517 4110 ad
2550 4059 2867 4109 hodiernum
2905 4054 3048 4105 diem
3080 4051 3243 4117 iussa:
3287 4066 3315 4102 a
3378 4047 3714 4102 stationariis
3746 4060 3810 4096 ac
3849 4046 4038 4113 primis

2455 4143 2734 4210 militibus,
2776 4144 2978 4199 Christi
3047 4143 3389 4209 negationem
3444 4140 3702 4205 scriptam
3767 4135 4037 4203 proliteri,

2451 4239 2631 4295 facere
2661 4242 2710 4294 id
2748 4239 3033 4302 recusetis,
3063 4247 3348 4304 proltterea
3377 4248 3590 4301 .paenas
3641 4231 3797 4281 vobis
3847 4232 4038 4294 dignas

2455 4336 2702 4402 accipite.
2745 4332 2797 4383 Id
2831 4345 2950 4382 Cum
2983 4330 3229 4389 dixisset,
3281 4326 3609 4376 sententiam
3660 4321 3926 4387 scriptam
3967 4319 4040 4372 le-

2456 4429 2570 4495 git:
2607 4428 2822 4489 Agapen
2847 4431 2899 4472 et
2924 4418 3232 4476 Chionium.
3257 4414 3509 4484 quoniam
3541 4413 3743 4482 iniquis
3767 4414 4037 4466 mentibus

2457 4529 2507 4573 et
2531 4516 2817 4571 contrariis
2852 4515 3134 4568 sententiis
3171 4513 3344 4572 elatae,
3374 4520 3562 4564 contra
3615 4507 3865 4560 divinum
3925 4505 4038 4558 edi-

765 4622 1036 4686 Quidnam
1071 4621 1124 4666 tu
1159 4613 1222 4662 ad
1255 4604 1412 4661 lucc?
1474 4619 1570 4658 cur
1611 4619 1720 4656 non
1760 4603 2002 4670 piissimo
2040 4613 2334 4652 nostroruu

2457 4620 2601 4662 ctum
2629 4608 2974 4660 dominorum
3005 4606 3370 4668 Augustorum
3395 4614 3446 4652 et
3469 4603 3742 4653 Caesarum
3771 4597 4037 4660 fecerunt,

765 4715 1157 4779 imperatorum
1209 4713 1262 4755 et
1305 4699 1583 4753 Crsarum
1633 4697 1806 4761 jussui
1868 4691 2352 4761 obtemperavisti?

768 4804 946 4857 Dtvtni
979 4797 1189 4850 timoris
1210 4803 1392 4856 Causa,
1420 4789 1597 4856 inquit
1629 4789 1798 4842 lreue.
1834 4785 1964 4842 Dein
1992 4803 2190 4856 ιιι-ωερε
2220 4805 2231 4840 ε
2270 4787 2349 4839 Tu

766 4912 920 4962 vero,
949 4893 1132 4955 Casia,
1163 4889 1292 4957 quid
1329 4881 1444 4936 ais?
1476 4883 1725 4933 Animam
1757 4880 2147 4946 ttieatn,inqttit
2171 4879 2350 4940 Casia,

765 5002 988 5045 servare
1046 4981 1186 5035 volo.
1227 4978 1433 5031 Prat'ses
1481 4985 1661 5028 autem
1700 4989 1713 5025 :
1746 4971 2017 5041 Numquid
2065 4985 2348 5024 sacrorum

764 5089 849 5143 vis
879 5099 1000 5139 esse
1032 5073 1353 5152 particeps?
1384 5072 1623 5135 Minime,
1660 5071 1832 5139 ittqmt
1868 5068 1976 5120 illa.
2011 5065 2162 5121 Tunc
2216 5081 2350 5134 prac-

767 5195 854 5237 scs
883 5195 897 5231 :
931 5178 1012 5229 Tu
1043 5187 1195 5235 vero,
1233 5167 1504 5235 Philippa,
1540 5160 1672 5231 quid
1691 5161 1867 5215 dicis?
1898 5161 2197 5230 Respondit
2221 5160 2307 5212 illa
2335 5175 2350 5212 τ

768 5273 918 5327 idem
944 5280 998 5322 et
1019 5281 1116 5336 ego
1142 5265 1285 5315 dico.
1315 5261 1606 5325 Quidnam,
1632 5255 1804 5324 inquit
1827 5269 2052 5323 praeses,
2081 5253 2180 5306 hoc
2211 5251 2354 5335 idem

767 5374 874 5429 est,
908 5361 1049 5429 quod
1081 5354 1258 5409 dicis?
1315 5351 1392 5406 Illi
1452 5361 1632 5403 autem
1687 5347 1933 5418 Philippa
1973 5363 1986 5396 τ
2021 5345 2154 5400 Muri
2192 5345 2352 5411 maio,

774 5469 944 5524 quam
999 5449 1197 5503 veStris
1226 5443 1512 5500 sacriliciis
1545 5439 1714 5495 vesci.
1772 5438 1925 5494 Tunc
1961 5454 2163 5508 przeses
2201 5456 2214 5494 ε
2253 5439 2360 5495 Sed

842 5610 912 5662 ⁸1
952 5611 1094 5664 Titii.
1134 5624 1171 5671 ι,
1201 5607 1254 5661 5.
1331 5606 1350 5637 '
1387 5604 1528 5658 Psal.
1564 5603 1688 5667 1,,9.
1769 5605 1788 5634 ⁶
1820 5603 1980 5658 Joan.
2015 5616 2122 5664 xiv,
2153 5597 2240 5650 27.

845 5770 920 5834 (Ξ)
963 5772 1118 5820 Anno
1170 5764 1291 5819 30-5.
1337 5761 1464 5816 Vide
1489 5761 1805 5815 Bat'onitmi.

846 5830 922 5908 (ὃ)
959 5839 1096 5905 Lege
1151 5841 1294 5888 enim
1328 5836 1710 5908 ivetitum'dc.
1741 5830 2146 5900 prtgnnntibns
2211 5831 2348 5880 sumi

773 5903 1094 5983 itlppilCtltitt
1124 5911 1280 5962 docet
1327 5903 1650 5959 Plutarchus
1677 5903 1739 5956 de
1772 5907 1850 5956 his
1876 5904 1964 5975 qui
2005 5919 2120 5957 sero
2172 5921 2200 5954 τι
2253 5912 2350 5952 iiu-

2460 4711 2512 4754 ct
2545 4716 2686 4752 nunc
2725 4700 2888 4749 etiam
2925 4697 3293 4758 temerariam,
3331 4708 3521 4749 vanam
3563 4701 3616 4745 et
3651 4693 3752 4758 piis
3787 4693 4039 4743 omnibus

2458 4791 2850 4846 exsecrabilem
2872 4789 3304 4841 Christianorum
3341 4786 3655 4855 religionem
3687 4784 3903 4844 colunt,
3930 4780 4034 4849 igni

2464 4884 2749 4934 tradendus
2777 4882 2957 4950 jubeo.
2990 4879 3187 4947 Hisque
3224 4877 3404 4939 dictis,
3459 4876 3740 4942 subjunxit
3775 4889 3786 4924 :
3830 4874 4039 4940 Agatho

2460 4981 2663 5033 autem,
2701 4971 2884 5030 Casm,
2939 4967 3182 5036 Philippa
3232 4976 3288 5019 et
3340 4965 3513 5027 lreue,
3547 4961 3722 5031 quoad
3760 4962 3892 5014 mihi
3927 4960 4039 5028 pla-

2460 5065 2652 5124 cuerit,
2690 5073 2972 5117 serventur
3004 5065 3054 5114 in
3089 5073 3327 5115 carcere.

2529 5152 2617 5207 Ν.
2651 5152 2845 5207 Postea
2875 5168 3020 5215 vero,
3054 5164 3215 5221 quam
3253 5148 3616 5204 sanctissimae
3652 5143 3915 5200 mulieres
3935 5142 4037 5213 igni

2458 5255 2848 5302 consummata:
2870 5255 3017 5305 sunt,
3042 5260 3163 5296 cum
3188 5258 3376 5296 rursus
3399 5249 3585 5296 sancta
3611 5237 3765 5292 lrene
3801 5239 3868 5290 ad
3902 5249 4037 5304 pra?-

2462 5341 2632 5393 sidem
2664 5340 2822 5391 ducta
2857 5339 3066 5402 fuisset,
3103 5335 3377 5390 Dulcctius
3405 5336 3485 5388 sic
3512 5334 3658 5387 illam
3680 5330 3878 5383 all'atus
3910 5338 3991 5383 est
4023 5344 4034 5379 :

2464 5430 2593 5486 Tua!
2627 5433 2850 5486 insaniae
2886 5433 3220 5501 propositum
3268 5445 3332 5483 ex
3372 5411 3482 5496 his,
3511 5442 3629 5496 quae
3663 5423 3822 5489 facis,
3867 5421 4039 5477 inani-

2466 5755 2604 5808 mine
2637 5753 2945 5820 puniuntur.
2983 5749 3086 5804 Sed
3126 5763 3221 5799 nec
3253 5747 3318 5801 de
3348 5746 3426 5799 eis
3459 5743 3641 5820 haberi
3682 5741 4031 5811 quaestionem

2465 5815 2694 5881 allii-mat
2727 5824 2987 5894 Ulpianus
3021 5823 3060 5876 l.
3098 5820 3431 5892 l’m’gnattlis
3464 5818 3518 5871 ιι.
3565 5815 3638 5869 De
3668 5817 3868 5886 pomis.
