4180 6476
162 430 220 493 ει
1192 428 1376 491 VITA
1412 427 1517 490 SS.
1558 425 1752 486 AGAP

1891 424 1989 484 ΕΤ
2028 425 2446 488 SOCIARUM.
3358 420 3431 485 82

162 541 294 594 tosto
319 546 582 607 apparet,
611 553 732 609 qua
754 546 832 596 tot
860 540 1222 608 membranas,
1269 539 1460 606 libros,
1496 539 1744 608 tabellas,
1775 540 1823 598 Α
1853 546 1948 592 cut
2005 552 2033 592 a
2059 538 2332 608 principio
2375 549 2832 593 consueveramus
2888 551 3061 606 usque
3119 539 3186 592 ad
3233 551 3434 594 annum

161 629 431 686 codicillos
492 639 550 685 et
597 633 820 702 paginas
853 631 1280 702 Scripturarum,
1313 648 1432 703 quin
1466 640 1594 688 sunt
1644 631 1747 685 im-

161 725 366 791 piorum
399 721 876 794 Christianorum,
900 724 990 796 qui
1028 741 1265 796 unquam
1290 726 1526 786 fuerunt,
1561 723 1627 777 ad
1653 722 1750 777 ho-

160 816 404 870 diernum
464 832 645 884 usque
691 818 827 873 diem
868 833 1088 873 servare
1154 817 1420 873 voluisti:
1457 831 1578 884 qua:
1625 829 1748 869 cum

161 909 361 980 prolata
394 921 618 976 essent,
653 925 715 964 ea
746 912 1068 978 cognovisti,
1104 910 1349 978 quamvis
1375 909 1618 979 quotidie
1646 921 1746 962 ne-

161 1005 388 1072 gaveris,
424 1018 529 1058 vos
568 1003 833 1070 ejusmodi
867 1006 1070 1073 scripta
1124 1003 1423 1074 possidere,
1466 1016 1572 1055 non
1617 1015 1750 1054 con-

162 1105 302 1150 tenta
332 1110 516 1165 neque
549 1111 802 1150 sororum
837 1107 1050 1151 tuarum
1101 1111 1286 1166 paena,
1344 1108 1522 1163 neque
1564 1091 1752 1146 mortis

161 1197 356 1240 metum
387 1201 502 1255 prae
525 1189 707 1243 oculis
732 1190 960 1243 habens.
994 1188 1355 1256 Quamobrem
1385 1186 1481 1240 tibi
1534 1199 1751 1254 penam

161 1275 333 1332 afferri
359 1293 599 1334 necesse
619 1289 723 1334 est.
757 1281 860 1335 Sed
893 1280 1128 1334 alienum
1159 1290 1340 1335 tamen
1375 1293 1481 1332 non
1511 1277 1752 1340 videtur,

159 1372 315 1425 etiam
363 1387 515 1425 nunc
548 1372 906 1438 benignitatis
945 1383 1153 1440 partem
1197 1372 1437 1439 aliquam
1486 1370 1582 1423 tibi
1622 1383 1753 1424 con-

162 1462 372 1526 donari,
396 1475 457 1516 ut
485 1465 532 1516 si
567 1463 803 1518 volueris
835 1479 978 1518 nunc
1007 1464 1198 1519 saltem
1245 1465 1372 1516 deos
1429 1478 1747 1533 agnoscere,

164 1555 396 1623 impunis
421 1565 474 1608 et
504 1555 577 1609 ab
607 1556 755 1609 omni
780 1556 1046 1624 supplicio
1070 1556 1420 1626 periculoque
1438 1556 1606 1611 libera
1632 1572 1755 1613 esse

159 1650 351 1716 possis.
386 1646 536 1714 Quid
572 1649 740 1719 igitur
770 1649 944 1704 dicis?
1003 1648 1229 1704 Facisne
1270 1651 1412 1718 quod
1462 1651 1758 1722 imperato-

160 1754 243 1793 res
277 1742 451 1794 nostri
490 1751 550 1795 et
605 1742 847 1797 Caesares
901 1741 1220 1812 jusserunt?
1271 1743 1407 1797 Num
1465 1753 1652 1812 parata
1698 1760 1759 1802 es

161 1832 446 1888 sacrificiis
481 1837 655 1896 vesci,
684 1845 735 1889 et
765 1836 868 1889 diis
912 1837 1232 1890 immolare?
1287 1836 1530 1904 Minime,
1585 1839 1757 1909 inquit

1857 630 2218 698 superiorem,
2275 645 2380 698 quo
2429 638 2485 685 et
2541 628 2634 682 illa
2689 628 3104 684 occultavimus.
3162 627 3439 685 Dulcetius

1856 721 2530 791 praeses.dicit:Sorores
2573 721 2791 790 quidem
2846 732 2948 775 tuze
3004 735 3196 790 poenas
3253 732 3438 777 nostro

1852 811 2009 882 jussu
2049 814 2296 868 decretas
2343 813 2726 877 exsolverunt;
2782 821 2834 866 te
2871 827 3017 870 vero,
3076 812 3174 865 etsi
3247 825 3437 867 antea-

1859 925 2020 982 quam
2058 910 2383 980 aufugisses,
2422 920 2708 981 propterea
2738 912 2879 979 quod
2934 911 3130 974 scripta
3168 925 3230 962 ac
3269 925 3442 962 mem-

1859 1002 2058 1056 branas
2082 1003 2219 1057 istas
2248 1001 2640 1062 occultaveras,
2673 1001 2864 1053 mortis
2897 1013 3057 1067 poena
3092 1000 3184 1050 tibi
3215 997 3432 1051 decreta

1858 1093 2060 1156 fuerat,
2093 1109 2197 1148 non
2233 1103 2411 1147 tamen
2445 1094 2631 1147 eodem
2667 1091 2824 1145 modo
2854 1091 3020 1158 jubeo
3050 1092 3209 1146 evita
3245 1091 3324 1144 sic
3353 1106 3436 1144 re.

1858 1198 2022 1258 pente
2054 1187 2332 1242 discedere
2366 1204 2379 1242 :
2417 1202 2605 1242 verum
2643 1199 2738 1254 per
2764 1184 3028 1238 satellites
3051 1185 3217 1253 ipsos,
3256 1195 3307 1237 et
3336 1181 3439 1236 Zo-

1861 1280 2058 1336 slmum
2087 1279 2357 1347 publicum
2391 1279 2705 1334 carnificem
2741 1277 2796 1332 in
2828 1278 3072 1344 lupanari
3098 1280 3292 1329 nudam
3329 1285 3440 1330 sta-

1865 1375 1940 1429 tui
1970 1373 2245 1444 praecipio,
2268 1387 2298 1427 e
2321 1371 2541 1441 pallario
2577 1371 2802 1441 singulis
2829 1370 3019 1424 diebus
3045 1386 3234 1440 panem
3267 1386 3434 1423 unum

1862 1475 2186 1528 sumentem,
2218 1463 2543 1520 satellitibus
2573 1463 2706 1533 ipsis
2761 1477 2871 1518 non
2909 1465 3346 1532 permittentibus
3386 1471 3438 1515 te

1862 1555 2013 1611 illinc
2039 1557 2337 1611 discedere.

1937 1647 2021 1703 Vl.
2055 1649 2187 1703 Cum
2222 1649 2387 1723 igitur
2415 1649 2675 1704 satellites
2702 1661 2751 1702 et
2783 1646 3049 1702 Zosimus‘
3075 1646 3438 1717 publicusnti-

1866 1745 2034 1800 nister
2084 1755 2283 1815 praesto
2334 1752 2562 1800 essent:
2592 1744 2752 1804 Illud,
2792 1744 2970 1813 inquit
3007 1757 3232 1813 praeses,
3287 1740 3440 1792 vobis

1867 1849 2052 1892 natum
2078 1839 2329 1907 sit,quod
2358 1838 2402 1894 si
2430 1839 2558 1893 mihi
2586 1838 2945 1908 signiﬁcatum
2977 1835 3156 1901 fuerit,
3190 1834 3268 1886 vel
3296 1835 3440 1892 hora

160 1923 330 1989 lrene,
372 1925 611 1979 minime
647 1942 742 1995 per
771 1927 936 1982 Deum
971 1929 1119 1982 illum
1156 1931 1608 1999 omnipotentem,
1662 1932 1751 1998 qui
1787 1900 1834 1960 Β
1865 1930 2093 1998 alicujus
2119 1944 2392 1986 momento
2423 1933 2579 1986 istam
2603 1947 2668 1987 ex
2699 1946 2764 1984 eo
2790 1930 2908 1984 loco
2936 1941 3134 1981 motam
3170 1926 3358 1991 fuisse,
3388 1927 3438 1978 in

158 2015 360 2066 creavit
397 2014 608 2068 caelum
636 2025 690 2068 et
717 2025 938 2076 terram.
991 2030 1139 2068 mare
1190 2026 1247 2070 et
1301 2017 1505 2079 omnia,
1539 2032 1659 2084 qua:
1696 2017 1750 2070 in

159 2105 235 2158 eis
266 2116 416 2158 sunt.
456 2105 692 2159 Summa
719 2108 860 2160 enim
894 2106 1035 2160 illius
1064 2107 1202 2175 ignis
1242 2108 1558 2177 sempiterni
1590 2124 1749 2176 ptent!

158 2199 431 2266 proposita
463 2198 554 2253 his
585 2212 690 2264 est,
725 2199 815 2267 qui
860 2198 1040 2254 Jesnm
1087 2200 1180 2255 Dei
1231 2199 1468 2255 Verbum
1521 2216 1754 2274 negave-

158 2287 281 2340 rint.
322 2287 615 2343 Dulcetins
654 2305 779 2343 vero
811 2307 825 2342 :
863 2290 1119 2356 Quisnam
1154 2290 1252 2347 tibi
1301 2303 1492 2348 auctor
1527 2293 1647 2360 fuit,
1696 2303 1756 2349 ut

161 2379 516 2433 membranas
555 2380 692 2437 istas
733 2393 893 2451 atque
929 2381 1243 2452 Scripturas
1305 2386 1370 2437 ad
1433 2385 1752 2442 hodiernum

156 2486 326 2542 usque
403 2475 557 2528 diem
604 2476 940 2529 custodires!
976 2475 1087 2539 Ille,
1147 2475 1325 2544 inquit
1377 2475 1552 2545 lrene,
1615 2480 1753 2535 Deus

153 2566 539 2632 omnipotens,
584 2567 855 2635 quijussit
880 2581 979 2621 nos
1012 2568 1077 2620 ad
1104 2579 1333 2625 mortem
1368 2585 1540 2639 usque
1575 2573 1752 2641 ipsum

156 2657 378 2723 diligere
415 2676 430 2710 :
467 2674 579 2727 qua
627 2660 692 2712 de
724 2675 886 2714 causa
916 2676 1018 2715 non
1047 2677 1192 2717 ausa:
1220 2679 1405 2719 sumus
1438 2681 1560 2719 eum
1625 2683 1752 2738 pro-

154 2745 330 2800 dere:
371 2751 474 2804 sed
520 2750 814 2806 maluimus
879 2764 973 2807 aut
1020 2757 1266 2811 viventes
1315 2759 1581 2822 comburi,
1636 2767 1751 2826 aut,

155 2855 500 2908 quacunque
537 2841 643 2896 alia
673 2844 825 2900 nobis
852 2846 1172 2912 acciderint,
1210 2851 1438 2920 perpeti,
1472 2865 1634 2919 quam
1671 2861 1754 2904 ta-

155 2930 224 2985 lia
258 2934 474 2996 scripta
518 2937 770 3003 prodere.

232 3025 297 3081 ν.
333 3027 482 3079 Tum
518 3044 722 3094 praeses
753 3047 766 3082 :
795 3030 1076 3095 Quisnam,
1109 3033 1301 3100 inquit,
1335 3037 1582 3089 conscius
1635 3042 1754 3090 erat

157 3119 266 3171 haec
296 3118 350 3172 in
386 3120 557 3172 domo
590 3119 676 3173 illa
707 3134 825 3175 esse
876 3122 926 3175 in
963 3138 1068 3192 qua
1098 3125 1427 3180 habitabas?
1457 3125 1753 3194 Respondit

1855 2035 1963 2090 quo
1986 2021 2406 2088 essejussimus,
2441 2034 2565 2078 tunc
2626 2038 2720 2078 vos
2768 2035 3032 2091 suprema:
3077 2034 3252 2089 pinna
3305 2018 3438 2074 sub-

1852 2110 1984 2180 jecti
2019 2112 2197 2166 eritis.
2236 2110 2448 2178 Scripta
2483 2127 2611 2166 vero
2645 2114 2758 2181 ipsa
2803 2127 2833 2164 a
2868 2110 3090 2164 scriniis
3145 2120 3198 2163 et
3234 2107 3434 2161 arculis

1857 2201 2039 2256 lrenes
2071 2203 2438 2272 proferantur.
2493 2202 2627 2258 Cum
2677 2203 2841 2273 igitur
2883 2200 3344 2271 quemadmodum
3406 2214 3433 2251 a

1860 2298 2088 2365 praeside
2127 2297 2264 2365 jussi
2296 2296 2533 2360 fuerant,
2571 2310 2690 2350 eam
2726 2295 2801 2348 illi
2859 2297 2922 2348 ad
2958 2295 3228 2364 publicum
3280 2292 3436 2358 lupa-

1861 2404 1957 2441 nar
1983 2389 2288 2452 duxissent,
2326 2397 2380 2442 et
2411 2396 2625 2457 propter
2681 2387 2916 2455 Spiritus
2953 2383 3132 2438 sancti
3183 2382 3434 2452 gratiam,

1857 2494 1975 2547 quae
2007 2482 2175 2549 ipsam
2204 2480 2539 2550 protegebat,
2575 2487 2629 2534 et
2657 2479 3029 2534 universorum
3064 2475 3294 2532 Dumino
3327 2475 3436 2530 Deo

1856 2587 2046 2641 puram
2083 2582 2245 2640 atque
2275 2573 2531 2625 intactam
2565 2572 2838 2634 servabat,
2894 2585 2962 2626 ne
3018 2585 3159 2626 unus
3215 2568 3433 2639 quidem

1859 2665 1925 2717 ad
1960 2679 2078 2717 eam
2108 2662 2392 2726 accedere,
2419 2664 2500 2717 vel
2537 2671 2690 2732 turpe
2713 2661 2914 2729 aliquid
2966 2662 3018 2713 in
3073 2676 3191 2713 eam
3252 2660 3436 2713 facere

1857 2753 2155 2810 autdicere
2186 2769 2352 2809 ausus
2400 2752 2610 2818 fuisset,
2656 2750 3060 2808 sancrissimam
3093 2750 3237 2805 illam
3273 2747 3428 2808 femi-

1857 2863 1980 2901 nam
2016 2848 2290 2904 Dulcetius
2326 2863 2524 2918 praeses
2570 2846 2864 2910 revocavit,
2912 2855 2966 2901 et
3012 2854 3139 2901 ante
3194 2840 3428 2898 tribunal

1855 2939 2224 3007 sistijussam,
2266 2941 2347 2995 sic
2393 2937 2588 2995 allatus
2642 2949 2774 2991 est:
2812 2936 3080 3007 Numquid
3137 2935 3189 2990 in
3240 2935 3429 2990 eadem

1857 3029 2033 3084 adhuc
2073 3031 2376 3083 temeritate
2402 3027 2686 3097 persistis?
2737 3026 2978 3092 Minime,
3024 3027 3196 3095 inquit
3253 3025 3432 3091 lrene,

1861 3122 2159 3184 temeritas,
2192 3124 2284 3176 sed
2311 3120 2404 3175 Dei
2439 3119 2611 3191 pietas
2640 3128 2746 3183 est,
2779 3119 2831 3172 in
2859 3134 2963 3186 qua
3022 3120 3278 3188 persisto.
3332 3115 3432 3171 Cui

155 3207 307 3261 lreue
334 3227 346 3261 :
383 3209 522 3264 Haec
549 3211 686 3265 vidit
719 3212 857 3268 Deus
885 3216 1246 3283 omnipotens,
1269 3219 1355 3286 qui
1379 3220 1558 3273 omnia
1613 3221 1747 3286 scit;
1778 3248 1822 3310 Ο
1860 3195 2140 3282 respondit
2172 3215 2440 3268 Dulcetius
2465 3228 2666 3282 praeses
2699 3229 2713 3265 :
2744 3210 2809 3264 Et
2855 3227 2918 3266 ex
2973 3213 3153 3281 priore
3200 3221 3288 3264 tuo
3353 3223 3436 3264 re-

154 3315 416 3372 praeterea
446 3321 636 3359 nemo.
673 3305 892 3364 Nostros
915 3310 1058 3364 eultn
1091 3312 1338 3368 homines
1376 3315 1607 3370 inimicis
1651 3330 1748 3384 pe-

149 3396 293 3462 jores
321 3397 593 3450 duximus
625 3414 689 3449 ne
719 3397 854 3453 forte
903 3416 998 3452 nos
1024 3403 1318 3459 deferrent.
1372 3405 1561 3476 itaque
1618 3408 1750 3464 nulli

156 3487 266 3542 hac
311 3487 690 3541 ostendimus.
734 3487 1026 3556 Superiore
1071 3508 1236 3556 anno,
1297 3493 1474 3564 inquit
1527 3513 1749 3566 praeses,

154 3591 272 3627 cum
301 3578 556 3630 edictum
593 3577 717 3632 illud
745 3579 868 3646 tale,
902 3596 963 3636 ac
988 3585 1132 3652 pium
1157 3584 1373 3656 jussnm
1407 3589 1750 3646 dominorum

154 3668 563 3734 imperatorum
599 3686 664 3726 ac
698 3673 969 3728 Caesarum
1021 3678 1197 3746 primo
1244 3679 1344 3735 fuit
1387 3681 1749 3753 divulgatum,

154 3758 378 3813 ubinam
407 3779 514 3817 vos
549 3763 796 3818 latuisti?
830 3768 908 3820 Ad
940 3770 1053 3824 haec
1090 3772 1244 3828 lreue
1282 3787 1297 3828 :
1333 3773 1470 3840 lllic,
1495 3776 1583 3830 ubi
1614 3777 1752 3835 Deus

153 3853 344 3906 voluit.
382 3853 440 3906 In
483 3855 764 3910 montibus
791 3858 916 3928 (scit
939 3858 1098 3929 Deus)
1120 3863 1219 3917 sub
1240 3864 1328 3918 dio
1354 3864 1576 3921 fuimus.
1608 3866 1753 3923 Prte-

151 3952 240 3994 ses
264 3957 441 3996 vero:
472 3944 634 4010 Apud
669 3961 826 4014 quem
857 3948 1111 4004 vixistis?
1143 3950 1256 4006 Sub
1288 3954 1397 4015 dio,
1432 3957 1606 4024 inquit
1638 3957 1748 4020 illa,

152 4031 288 4085 alias
322 4033 378 4086 in
415 4033 547 4087 aliis
583 4038 856 4092 montibus
887 4055 1191 4097 versantes.
1232 4045 1296 4096 At
1320 4060 1525 4115 praeses
1564 4065 1579 4102 :
1619 4050 1754 4117 Qui-

155 4137 277 4177 nam
303 4136 500 4188 erant,
530 4130 622 4194 qui
651 4131 805 4186 vobis
834 4147 1027 4200 panem
1059 4138 1525 4204 snppeditabant?
1588 4140 1750 4208 Deus,

153 4214 326 4282 inquit
374 4216 566 4282 lrene,
601 4219 689 4284 qui
712 4223 961 4275 omnibus
1017 4238 1193 4277 escam
1238 4232 1569 4296 suppeditat.
1615 4229 1752 4286 Tum

149 4320 402 4376 praeses:
448 4310 658 4364 Eratne
693 4319 845 4380 pater
879 4323 1058 4369 vester
1143 4317 1335 4374 harum
1386 4339 1568 4378 rerum
1618 4339 1754 4380 con-

149 4403 333 4455 scius?
359 4406 434 4457 At
466 4403 630 4457 lrene
659 4421 671 4457 :
711 4404 950 4472 Minime,
974 4425 1069 4478 per
1094 4410 1263 4466 Deum
1297 4418 1752 4488 omnipotentem,

149 4495 405 4549 censcius
435 4507 564 4547 erat
596 4495 701 4560 ille,
726 4499 816 4564 qui
849 4513 914 4552 ne
936 4501 1080 4553 novit
1106 4503 1324 4568 quidem
1360 4506 1476 4558 hanc
1508 4507 1752 4562 omnino.

1856 3322 2053 3378 sponso
2087 3307 2371 3360 manifeste
2403 3307 2693 3359 ostendisti
2731 3317 2780 3360 te
2815 3307 3203 3372 imperatorum
3255 3301 3431 3370 jussui

1856 3400 1999 3457 nolle
2022 3415 2174 3472 aquo
2203 3400 2382 3454 animo
2410 3414 2622 3470 parere,
2658 3408 2714 3454 et
2740 3413 2881 3454 nunc
2909 3411 3125 3469 quoque
3152 3396 3205 3450 in
3238 3393 3427 3451 eadem

1856 3495 2164 3563 arrogantia
2194 3494 2574 3563 persistentem
2631 3500 2685 3546 te
2729 3491 2882 3546 video
2935 3507 2948 3544 :
2999 3503 3171 3559 quare
3217 3489 3430 3553 dignam

1857 3603 2073 3658 poenam
2105 3589 2401 3656 persolves.
2435 3584 2682 3655 Cumque
2708 3587 2952 3638 chartam
3005 3582 3275 3652 petiisset,
3308 3595 3431 3636 seu-

1857 3678 2082 3732 tentiam
2116 3677 2254 3731 hanc
2271 3686 2457 3730 contra
2485 3676 2656 3743 ipsam
2691 3674 2912 3741 scripsit
2941 3687 2956 3726 :
2987 3670 3254 3738 Quoniam
3281 3667 3433 3722 lrene

1859 3771 2245 3840 imperatorum
2273 3770 2448 3841 jussui
2483 3782 2691 3836 parere,
2725 3766 2935 3834 diisque
2987 3761 3272 3816 immolare
3333 3774 3431 3813 no—

1861 3850 2252 3932 luit,qninimo
2290 3875 2432 3916 nunc
2483 3873 2696 3929 Quoque
2750 3857 2804 3911 in
2858 3855 3295 3909 Christianorum
3343 3866 3435 3906 or-

1858 3955 1982 4007 dine
2015 3969 2076 4005 ac
2107 3954 2364 4022 religione
2399 3959 2709 4022 perseverat
2745 3968 2759 4004 :
2795 3950 2896 4003 hac
2925 3948 2988 4000 de
3011 3960 3195 4009 causa,
3232 3934 3291 3998 ιιί
3338 3958 3436 3997 an-

1859 4055 1940 4100 tea
1963 4042 2097 4097 duas
2127 4044 2243 4108 elus
2272 4056 2524 4109 sorores,
2551 4041 2624 4095 ita
2671 4048 2726 4094 et
2759 4040 2933 4111 ipsam
2967 4039 3241 4092 viventem
3291 4050 3435 4091 nunc

1858 4136 2102 4195 comburi
2131 4136 2316 4205 jubeo.

1934 4229 2041 4282 \‘ll.
2070 4229 2192 4284 llaec
2235 4229 2501 4284 sententia
2549 4241 2671 4279 cum
2713 4241 2741 4278 a
2781 4227 3010 4296 praeside
3050 4225 3160 4278 lata
3207 4225 3426 4286 fuisset,

1861 4318 2060 4378 milites
2089 4320 2278 4375 lrenen
2335 4319 2782 4388 comprehensam
2818 4319 2868 4372 in
2914 4317 3204 4387 quemdam
3263 4315 3434 4373 subli-

1861 4431 2000 4472 mem
2029 4416 2205 4469 locum
2261 4414 2554 4475 duxerunt,
2588 4412 2677 4467 ubi
2725 4423 2777 4466 et
2831 4411 2950 4480 ejus
3008 4426 3226 4467 sorores
3277 4421 3434 4467 antea

1860 4508 2179 4577 martyrium
2210 4519 2381 4574 passa:
2416 4506 2647 4558 fuerant.
2685 4507 2818 4558 Cum
2845 4516 3022 4558 autem
3063 4520 3312 4574 magnum
3343 4518 3433 4558 ro»

148 4583 357 4640 Prmses
383 4587 472 4639 air
502 4604 516 4638 :
545 4585 680 4651 Quis
709 4589 871 4656 igitur
901 4603 1204 4646 vestrorum
1242 4594 1547 4650 vicinorum
1575 4596 1624 4650 id
1650 4613 1749 4652 no-
1786 4591 1830 4648 D
1860 4616 1984 4673 gum
2006 4597 2405 4658 accendissent,
2431 4595 2706 4664 iusserunt
2729 4595 2898 4666 ipsam
2931 4595 2985 4651 in
3011 4609 3133 4650 eum
3169 4607 3438 4654 conscen-

151 4681 334 4734 veratl
369 4677 627 4743 Vicinos,
653 4679 1030 4750 inquitlrene,
1059 4685 1359 4759 interroga,
1403 4698 1458 4744 et
1502 4689 1619 4742 loca
1675 4690 1756 4744 in-

149 4773 323 4841 quire,
356 4773 447 4825 vel
485 4788 585 4826 eos
619 4775 706 4840 qui
743 4787 960 4839 norunt,
1001 4778 1087 4829 ubi
1116 4793 1211 4831 nos
1258 4794 1503 4835 eramus.
1552 4781 1756 4839 Praeses

149 4868 322 4919 dixit:
364 4868 674 4936 Postquam
708 4882 737 4922 e
763 4881 944 4922 monte
977 4885 1206 4926 reversa:
1247 4871 1454 4941 fuistis,
1492 4885 1550 4929 ut
1575 4885 1629 4929 tu
1677 4877 1760 4930 di-

144 4961 241 5021 cis,
276 4961 630 5029 legebatisne
662 4962 860 5028 scripta
887 4963 1010 5029 ista,
1045 4977 1312 5034 praesente
1339 4969 1566 5041 aliquo?
1600 4970 1753 5026 Domi

147 5065 346 5108 nostra:
379 5061 578 5116 erant,
619 5053 794 5125 inquit
831 5055 1001 5122 lrene,
1036 5075 1214 5127 neque
1271 5062 1611 5117 audebamus
1664 5062 1752 5116 illa

146 5143 336 5199 efferre
371 5163 387 5199 :
426 5147 791 5215 quamobrem
828 5164 1152 5221 magnopere
1201 5153 1563 5222 angebamur.
1611 5155 1754 5225 quod

145 5253 250 5292 non
276 5250 620 5310 poteramus
653 5250 814 5297 nocte
846 5256 910 5297 ac
943 5243 1029 5299 die
1055 5243 1170 5302 illis
1199 5259 1426 5316 operam
1479 5246 1632 5314 dare,
1679 5247 1751 5303 si-

1864 4694 2012 4747 dere.
2046 4691 2231 4759 Itaque
2253 4702 2440 4744 saneta
2480 4691 2636 4744 lrene
2666 4690 2902 4760 psalmos
2958 4705 3181 4753 Canens,
3240 4700 3293 4743 et
3342 4687 3434 4742 Dei

1863 4783 2087 4855 gloriam
2155 4780 2452 4843 celebrans,
2491 4782 2543 4833 in
2596 4796 2784 4849 rogum
2844 4794 2905 4832 se
2945 4779 3184 4849 c0njecit
3220 4797 3232 4832 :
3269 4788 3438 4840 atque

1860 4878 1938 4933 ita
1965 4887 2338 4933 consummata
2363 4883 2446 4928 est
2472 4875 2523 4927 in
2555 4873 2840 4928 consulatu
2869 4873 3183 4929 Diocletiani
3212 4871 3436 4943 Auguin

1862 4986 2026 5035 nono,
2076 4967 2384 5026 Maximiani
2420 4979 2601 5022 autem
2638 4967 2862 5036 Augusti
2913 4975 3127 5031 octavo,
3180 4963 3437 5020 Kalendis

1863 5061 2086 5131 Aprilis,
2123 5071 2382 5129 regnante
2419 5061 2469 5113 in
2508 5058 2704 5114 saecula
2758 5057 2976 5114 Christo
3024 5057 3150 5111 Jesu
3207 5055 3436 5110 Domino

1860 5166 2046 5211 nostro
2073 5196 2089 5222 ,
2123 5171 2247 5210 cum
2284 5169 2393 5224 quo
2414 5153 2561 5206 Patri
2595 5159 2677 5207 est
2724 5153 2894 5220 gloria
2940 5162 3241 5222 sanctoque
3308 5148 3437 5220 Spi-

1859 5248 1985 5303 ritui
2013 5250 2064 5304 in
2100 5246 2295 5304 szecula
2326 5246 2669 5303 saculorum.
2715 5243 2911 5300 Amen.
