4180 6498
759 451 830 510 83
2061 448 2341 506 MENSlS
2383 448 2711 510 APRlLtS.
3947 462 4006 521 ει

1357 606 1820 621 *ξαρ-μυ*-

1823 604 3988 630 ww

1267 775 1614 890 VlTA
1701 774 1820 885 S.
1915 771 2568 886 VIRGINIS
2652 772 3474 888 THEODORXE

1915 997 2018 1057 ET
2069 997 2362 1057 DIDYMI
2406 998 2824 1058 MARTYRIS
2868 1051 2876 1059 .

763 1179 925 1236 {Anno
945 1175 1052 1228 280,
1077 1175 1108 1222 ,Α
1122 1172 1265 1232 prilis
1292 1172 1338 1219 5.
1364 1196 1424 1206 —-
1448 1170 1616 1236 Latina
1638 1168 1836 1236 quidem
1862 1167 2207 1236 MarterIOgia
2231 1164 2457 1236 _habe_n_t_
2481 1166 2606 1213 hanc
2650 1167 2904 1236 historiam
2927 1169 2989 1236 ξε
3016 1169 3217 1229 Aprilis,
3257 1172 3510 1236 _aiuntque
3556 1175 3874 1224 Theodoram
3923 1191 4007 1224 una

818 1253 926 1287 cum
956 1227 1162 1294 Dldynio
1189 1233 1616 1296 percussam;_sed
1644 1227 2347 1296 cum_hletaphrasteshabeat
2369 1228 2631 1296 Didymtrm
2658 1227 2810 1296 Nonis
2831 1232 3013 1296 Aprilis
3037 1227 3561 1296 erasumL'l‘heotloram
3585 1247 3752 1285 autem
3779 1241 4007 1290 evasisse.

820 1315 909 1348 nos
938 1291 1246 1356 eam—quinto
1273 1293 1452 1356 Aprilis
1480 1292 1560 1343 die
1587 1307 1697 1343 cum
1723 1293 2062 1354 Metapbraste
2096 1291 2464 1338 collocavimus.
2491 1314 2550 1324 —
2575 1291 2746 1338 Latine
2775 1292 2902 1351 apud
2948 1292 3162 1341 Surium.
3222 1293 3381 1342 Deest
3433 1297 3480 1343 ιιι
3523 1299 3782 1346 codicibus
3836 1298 4010 1348 Grtcts

822 1358 1238 1420 Parisiensibus.)

2330 1491 2401 1502 au.-

825 1620 866 1674 ι.
929 1619 1263 1673 Diocletiano
1312 1627 1366 1671 et
1420 1615 1749 1673 Maximiano
1808 1617 2225 1685 imperatm-ibus
2276 1625 2328 1671 et
2359 1623 2402 1676 Α
2434 1618 2533 1672 hoc
2569 1620 2780 1686 quidem
2830 1635 2918 1685 per
2946 1621 3048 1672 vim
3110 1634 3172 1672 ac
3215 1630 3578 1686 potestatem,
3610 1637 3772 1686 quam
3806 1621 3966 1676 habes
3991 1665 4005 1686 ,

756 1714 984 1781 praeside
1029 1710 1405 1766 Alexandrina:
1440 1709 1671 1762 civitatis
1717 1708 2052 1774 Eustrathio,
2089 1707 2324 1760 edictum

754 1805 1022 1874 quoddam
1125 1802 1385 1855 adversus
1450 1799 1791 1853 Christianos
1869 1799 2092 1851 missum
2183 1798 2324 1858 fuit,

758 1905 812 1948 ut
848 1893 928 1948 vel
961 1893 1065 1946 diis
1098 1891 1444 1945 immolarcnt
1475 1930 1489 1953 ,
1529 1889 1610 1940 vel
1654 1887 1914 1955 supplicio
1965 1886 2326 1941 afﬁcerentur.

757 1989 892 2041 Cum
925 2001 1053 2040 vero
1085 1998 1284 2052 praeses
1318 1981 1405 2034 ille
1438 1996 1535 2049 pro
1570 1980 1821 2034 tribunali
1851 1979 2062 2033 sederet
2109 1979 2160 2032 ιιι
2217 1994 2331 2033 nta-

753 2093 857 2147 gna
895 2073 1385 2130 Alexandrinorum
1420 2071 1661 2134 civitate,
1703 2071 1864 2140 jussit
1910 2073 2188 2125 cohortem
2239 2085 2331 2124 ac-

755 2169 956 2224 cersire
1004 2164 1344 2219 Theodoram
1394 2164 1656 2232 virginem
1706 2205 1720 2228 ,
1775 2180 1894 2231 quae
1947 2179 2118 2232 nuper
2172 2171 2329 2232 capta

756 2260 954 2322 fuerat,
991 2268 1044 2311 et
1076 2259 1128 2311 in
1164 2271 1385 2311 carcere
1413 2256 1748 2310 servabatur.
1784 2258 1954 2321 Quam
1986 2273 2105 2310 cum
2145 2258 2332 2309 duxis-

753 2362 868 2406 set:
904 2350 1129 2412 Praesto,
1161 2350 1332 2419 inquit
1384 2350 1627 2412 cohors,
1676 2357 1756 2402 est
1805 2347 2109 2404 Theodoro.
2161 2346 2327 2400 Judcx

756 2443 953 2512 igitur:
993 2441 1286 2509 Cujusnarn
1315 2443 1477 2494 sortis
1501 2455 1585 2503 es,
1615 2440 1852 2492 mulier?
1893 2439 2218 2504 Christiana,
2250 2440 2330 2493 irr-

751 2533 866 2601 quit
890 2532 1196 2599 Theodoro,
1226 2548 1325 2604 ego
1355 2549 1494 2587 sum.
1529 2533 1598 2587 At
1618 2533 1724 2588 ille:
1751 2533 2033 2600 Liber-anc,
2055 2552 2121 2588 an
2148 2551 2325 2590 serva.

753 2626 874 2681 Dixi
901 2626 1038 2696 jam,
1078 2627 1252 2696 inquit.
1291 2629 1428 2697 ipsa,
1460 2626 1827 2682 Christianam
1862 2644 1947 2682 me
1988 2643 2143 2684 esse:
2173 2629 2331 2682 Chri-

753 2731 870 2776 stus
918 2719 1062 2774 enim
1109 2720 1371 2787 veniens,
1413 2734 1443 2772 a
1486 2732 1704 2788 peccato
1744 2734 1829 2774 me
1874 2720 2137 2775 liberavit.
2177 2721 2328 2787 Quod

750 2826 882 2867 vero
912 2821 966 2865 et
998 2812 1063 2867 ad
1097 2827 1291 2866 vanam
1322 2822 1484 2882 atque
1516 2812 1732 2866 inanem
1789 2812 1974 2864 mundi
2009 2811 2168 2880 hujus
2221 2815 2331 2882 glo-

755 2904 891 2959 riam
917 2905 1128 2970 attinet,
1161 2904 1318 2958 claris
1351 2904 1669 2974 parentibus
1691 2913 1807 2958 orta
1832 2919 1971 2957 sum.
1999 2903 2327 2970 Tunejudex

757 3007 1084 3067 quaestorem
1117 2997 1372 3052 accersiri
1409 2997 1586 3067 jussit.
1621 2998 1788 3063 Quem
1823 3011 1943 3050 cum
1972 2999 2166 3050 cohors
2197 3013 2326 3066 prae-

751 3098 835 3144 sto
866 3103 984 3144 esse
1015 3089 1274 3143 dixisset:
1304 3090 1416 3152 Dic,
1452 3090 1643 3158 inquit,
1679 3089 1810 3144 Luci
1848 3107 1860 3141 :
1899 3089 2117 3143 nostine
2149 3088 2326 3142 Theo-

751 3180 938 3234 doram
981 3181 1285 3248 virginem?
1327 3179 1420 3233 Cui
1471 3178 1704 3233 Lucius:
1740 3181 1844 3233 Per
1877 3190 2041 3241 tuam,
2083 3193 2282 3247 pra-ses
2311 3219 2324 3242 ,

747 3272 1016 3326 valentem
1043 3274 1202 3324 vitam
1228 3288 1289 3326 ac
1315 3272 1676 3337 Splendorem,
1704 3272 2033 3328 nobilissima
2058 3284 2160 3337 est,
2188 3272 2326 3325 ntul-

749 3375 924 3434 tanue
945 3365 1363 3419 existimationis
1393 3373 1444 3418 et
1470 3366 1623 3434 primi
1650 3368 1860 3434 generis
1889 3366 2098 3423 mulier.
2123 3365 2323 3432 Quare,

753 3460 932 3526 inquit
965 3459 1157 3526 judcx,
1190 3474 1308 3512 cum
1341 3459 1417 3512 sis
1458 3459 1526 3511 ita
1557 3460 1771 3520 nobilis,
1800 3460 2010 3526 nuptias
2043 3459 2328 3511 recusasti?

750 3547 1037 3604 Theodora
1073 3551 1385 3619 respondit:
1419 3551 1619 3604 Christi
1676 3565 1837 3602 causa
1894 3552 2096 3604 nubere
2156 3549 2322 3604 nolui.

752 3643 888 3697 Cum
921 3644 1062 3697 enim
1107 3645 1194 3698 ille
1247 3645 1409 3698 homo
1442 3643 1615 3697 factus
1650 3643 1699 3695 in
1736 3646 1933 3697 rurrndo
1966 3657 2276 3698 versaretur
2309 3685 2324 3709 ,

751 3735 820 3790 ab
851 3748 937 3801 ea,
978 3751 1096 3804 quae
1129 3751 1344 3804 semper
1395 3737 1544 3805 virgo
1576 3749 1628 3790 et
1659 3735 1749 3788 Dei
1800 3736 1967 3788 Mater
2004 3737 2099 3788 fuit
2123 3775 2138 3799 ,
2172 3738 2323 3802 geni-

751 3837 840 3883 tus
865 3869 882 3894 ,
917 3844 944 3880 a
975 3828 1322 3894 corruptione
1363 3843 1457 3880 nos
1502 3828 1769 3888 removit,
1821 3838 1876 3880 et
1942 3827 2323 3894 sempiternam

750 3921 917 3975 vitam
951 3919 1106 3974 nobis
1137 3919 1404 3988 promisit.
1439 3918 1622 3988 Itaque
1673 3920 1787 3973 fore
1820 3920 1948 3971 mihi
1980 3924 2276 3988 persuadeo
2309 3961 2323 3984 ,

751 4024 809 4067 ut
835 4014 884 4066 in
912 4013 1028 4079 ejus
1059 4011 1164 4064 ﬁde
1198 4025 1525 4078 permanens
1548 4049 1561 4075 ,
1594 4009 1658 4064 ad
1684 4010 1844 4063 ﬁnem
1880 4027 2048 4078 usque
2080 4013 2324 4069 incorru-

752 4113 838 4174 pta
876 4114 928 4156 et
958 4103 1160 4156 intacta
1193 4102 1318 4154 sim.

822 4195 880 4248 ll.
913 4196 1064 4249 Tunc
1089 4195 1250 4263 judet
1279 4179 1454 4248 dixit:
1486 4195 1841 4264 imperatores
1873 4197 2166 4263 jusserunt,
2207 4212 2322 4262 vos,

2435 1705 2610 1759 facere
2641 1709 2861 1776 poteris.
2897 1705 3159 1761 Similiter
3187 1707 3429 1776 lupanari
3479 1709 3696 1770 tradar,
3731 1724 3925 1772 necne,
3961 1713 4006 1763 in

2432 1798 2644 1853 arbitrii
2679 1801 2780 1852 ιιιρί
2821 1808 3085 1868 potestate
3113 1816 3216 1854 non
3251 1812 3350 1866 est,
3386 1799 3479 1853 sed
3510 1801 3559 1853 in
3588 1817 3750 1855 rnanu
3784 1813 3897 1862 tua.
3929 1805 4006 1856 cui

2431 1909 2528 1963 per
2560 1895 2842 1962 imperium
2877 1895 2978 1947 vim
3014 1895 3136 1948 licet
3172 1893 3390 1948 inferre.
3418 1892 3568 1959 Quod
3601 1909 3732 1947 vero
3757 1895 3822 1945 ad
3848 1895 4006 1946 animi

2434 1990 2540 2042 mei
2577 1993 2911 2058 propositum
2947 1990 3160 2052 attinet,
3200 1998 3404 2043 certum
3433 1999 3511 2042 est
3550 1988 3658 2042 Deo
3689 1990 3787 2058 ipsi
3845 1989 4012 2043 casti-

2435 2085 2558 2138 tatis
2584 2099 2713 2137 ιιιθὶιέ
2747 2082 3136 2154 professionem
3170 2097 3424 2138 servare:
3457 2083 3528 2137 illi
3562 2083 3705 2136 enim
3733 2084 4008 2150 virginitas

2433 2191 2547 2229 mea
2587 2177 2756 2230 dicata
2786 2186 2900 2243 est;
2933 2175 3020 2229 ille
3059 2186 3239 2229 certus
3277 2175 3438 2241 hujus
3485 2177 3558 2229 rei
3594 2176 3850 2231 dominus
3891 2186 4007 2229 est:

2433 2269 2539 2332 ille,
2575 2269 2616 2321 si
2647 2269 2892 2332 voluerit,
2924 2270 3290 2336 virginitatem
3318 2269 3458 2321 hanc.
3487 2282 3680 2330 meam,
3709 2268 4012 2334 posseSsio-

2434 2376 2553 2414 nem
2591 2377 2765 2424 suam,
2805 2361 3126 2415 incolumem
3156 2371 3317 2429 atque
3357 2361 3613 2413 intactam
3646 2360 3912 2412 servabit.

2505 2452 2591 2507 Ill.
2625 2452 2793 2507 Jntlex
2822 2470 2949 2507 vero
2977 2456 3083 2508 ait:
3113 2454 3253 2514 Noli,
3281 2451 3584 2514 Theodora,
3617 2461 3830 2505 :etatem
3866 2462 4006 2504 tuam

2434 2548 2659 2600 honeste
2697 2555 2891 2610 actam,
2929 2556 3093 2601 totam
3125 2547 3331 2615 injuriae
3367 2558 3419 2599 et
3467 2545 3683 2614 probris
3734 2542 4004 2611 objicere;

2432 2653 2554 2691 nam
2588 2649 2642 2692 ut
2673 2639 2819 2692 urbis
2854 2650 3089 2707 quasstor
3121 2642 3346 2691 testatus
3385 2645 3468 2690 est
3498 2677 3511 2700 ,
3568 2638 3650 2691 his
3691 2635 4008 2704 parentibus

2431 2741 2548 2786 orta
2573 2747 2649 2794 es,
2676 2733 2761 2800 qui
2802 2733 3077 2786 nobilitate
3111 2742 3270 2798 atque
3300 2729 3701 2786 existimatione
3731 2744 3859 2782 cum
3898 2729 4006 2795 pri-

2433 2823 2534 2875 mis
2561 2821 2850 2875 excellunt.
2897 2823 2974 2874 Ad
3033 2822 3145 2875 lucc
3200 2819 3523 2874 Theodora:
3570 2819 3848 2873 Clu-istum
3881 2855 3895 2879 ,
3933 2819 4008 2867 itt-

2435 2914 2552 2981 quit
2581 2954 2594 2975 ,
2627 2915 2859 2982 primunt
2891 2911 3136 2965 conﬁteri
3167 2912 3335 2963 debeo
3362 2950 3374 2970 ,
3414 2909 3500 2977 qui
3529 2919 3580 2961 et
3632 2908 3769 2959 Deus
3806 2917 3923 2970 est,
3958 2916 4012 2958 et

2434 3005 2612 3060 omnis
2685 2999 2977 3060 nobilitatis
3048 3002 3379 3069 honorisque
3427 3009 3654 3064 auctor,
3704 3001 3796 3068 qui
3832 2997 4006 3051 scitet

2433 3113 2516 3150 me
2551 3096 2852 3153 columbam
2887 3112 3039 3149 suam
3093 3111 3279 3164 puram
3310 3103 3361 3148 et
3413 3093 3713 3146 incolumen
3745 3092 3812 3144 ad
3849 3091 4004 3144 ﬁnem

2432 3206 2602 3257 usque.
2639 3207 2873 3244 servare.
2910 3190 3042 3242 Tum
3072 3190 3232 3258 jndex
3263 3188 3432 3240 dixit:
3463 3186 3695 3240 Curnam
3747 3202 3903 3238 erras
3931 3225 3945 3245 ,
3975 3200 4006 3236 ο

2433 3283 2758 3338 Theodura?
2795 3283 2998 3337 Eumne
3034 3282 3195 3334 Deum
3223 3279 3400 3334 credis
3429 3320 3441 3341 ,
3479 3278 3563 3344 qui
3615 3276 3716 3330 fuit
3761 3277 3814 3329 in
3850 3290 4005 3330 cruce

2433 3373 2694 3428 sulﬁxus?
2727 3375 2805 3426 An
2840 3373 2928 3440 qui
2970 3371 3090 3426 talis
3121 3381 3221 3436 est,
3255 3379 3304 3422 te
3337 3369 3386 3420 in
3420 3369 3644 3435 lulianar
3678 3367 4002 3433 conjec-tant,

2434 3467 2691 3518 intactam
2719 3479 2931 3516 set-Vare
2965 3464 3203 3530 poterit,
3245 3459 3311 3514 ab
3359 3459 3440 3511 his
3483 3459 3779 3526 prmserlitrt
3829 3457 3984 3530 vitis,

2432 3554 2520 3625 qui
2579 3553 2862 3606 mulierum
2919 3551 3194 3605 amoribus
3239 3549 3472 3603 insanire
3519 3549 3663 3602 soliti
3718 3549 3889 3601 sunt?
3925 3547 4007 3601 Fio

2430 3650 2573 3709 deni,
2612 3647 2783 3715 inquit
2819 3645 3099 3700 Theudora
3130 3686 3143 3708 ,
3173 3654 3225 3698 cl
3255 3659 3402 3710 spem
3443 3642 3614 3696 babco
3647 3643 3698 3694 in
3734 3641 3988 3713 Christo,

2431 3738 2518 3805 qui
2554 3751 2767 3788 crucem
2803 3750 3090 3803 perpessus
3122 3733 3220 3786 fuit
3251 3734 3348 3785 sub
3380 3733 3568 3784 Pontio
3618 3731 3791 3783 Pilato
3819 3768 3833 3790 ,
3897 3729 4006 3781 fore

2432 3841 2483 3882 ιιι
2510 3844 2596 3883 me
2632 3829 2698 3881 ab
2733 3829 2932 3897 iniquis
2963 3828 3082 3881 istis
3108 3827 3237 3880 viris
3262 3826 3478 3888 eripiat,
3501 3829 3550 3874 et
3580 3840 3606 3874 a
3638 3825 3755 3875 labe
3787 3823 4005 3876 omnino

2429 3920 2654 3975 liberam
2695 3925 2872 3971 servet
2900 3959 2914 3984 ,
2954 3917 3005 3971 in
3047 3916 3164 3986 ejus
3209 3916 3311 3969 ﬁde
3358 3923 3800 3982 permanentem,
3835 3928 4008 3982 neque

2429 4029 2665 4082 unquam
2699 4027 2819 4064 eum
2851 4020 3156 4080 negantem.
3187 4009 3356 4064 ludes
3405 4023 3564 4061 vero:
3599 4006 3788 4059 Adhuc
3819 4017 3871 4059 te
3909 4022 4006 4059 nu—

2429 4113 2643 4171 gantem
2694 4102 2910 4169 patior,
2965 4102 3192 4153 necdum
3241 4098 3409 4166 jubeo
3453 4097 3737 4150 tormentis
3791 4097 4002 4165 subjici.

2428 4195 2556 4248 Atsi
2589 4193 2914 4247 contendere
2949 4208 3049 4245 non
3082 4193 3376 4256 destiteris,
3415 4200 3468 4243 ιιι
3501 4191 3747 4243 ancillam
3771 4189 4005 4258 aliquam

750 4304 870 4358 qua:
906 4289 1266 4358 virginitatem
1296 4303 1510 4358 semper
1557 4290 1784 4343 servatis
1808 4329 1821 4352 ,
1867 4299 1962 4344 aut
1993 4290 2096 4343 diis
2128 4291 2320 4343 immo-
2349 4303 2392 4365 ρ
2426 4300 2477 4344 te
2507 4299 2876 4357 prosternens,
2914 4286 3108 4340 faciant
3143 4288 3283 4357 quod
3321 4286 3521 4339 domini
3577 4295 3738 4350 atque
3775 4284 4008 4347 impera-

755 4382 891 4445 lare,
915 4389 1007 4432 aut
1039 4381 1353 4446 iniuriosius
1383 4381 1620 4432 tractari.
1649 4381 1916 4442 Arbitror,
1957 4382 2124 4450 inquit
2145 4380 2324 4435 Theo-

751 4472 901 4536 dura,
940 4478 990 4525 te
1028 4486 1131 4524 non
1204 4472 1490 4542 ignorare,
1546 4472 1778 4526 hominis
1822 4475 2158 4539 propOsitum
2219 4476 2325 4527 Deo

750 4564 854 4632 ipsi
897 4565 948 4616 in
985 4567 1174 4634 primis
1205 4577 1416 4634 gratum
1449 4580 1568 4618 esse
1599 4582 1611 4618 :
1644 4566 1690 4618 is
1717 4582 1842 4620 vero
1875 4567 2116 4620 animum
2146 4582 2321 4620 meum

752 4667 911 4723 atque
937 4657 1269 4725 propositum
1305 4665 1511 4709 castum
1544 4672 1661 4710 esse
1687 4658 1955 4725 cognovit.
1989 4660 2140 4723 Quod
2167 4659 2208 4710 si
2240 4673 2324 4710 me

754 4749 806 4802 id
839 4749 969 4817 pati,
997 4747 1139 4818 quod
1171 4749 1326 4815 dicis,
1356 4757 1408 4802 et
1436 4748 1617 4801 violari
1650 4751 1912 4817 coegeris,
1941 4766 2046 4803 nou
2082 4752 2184 4804 erit
2209 4754 2322 4806 haec

752 4842 1112 4911 impudicitia,
1147 4844 1240 4897 sed
1284 4843 1364 4897 vis
1404 4853 1453 4896 et
1482 4844 1695 4913 injuria.
1730 4843 1897 4897 Judex
1944 4856 2152 4898 autem:
2188 4845 2322 4899 Cum

753 4945 804 5007 te
828 4936 1112 5005 ingenuam
1144 4950 1263 4992 esse
1295 4935 1535 4989 noverim
1566 4975 1580 5000 ,
1614 4947 1664 4988 et
1702 4936 1774 4988 tui
1809 4938 2068 4990 rationem
2125 4940 2324 4992 habere

751 5025 988 5093 copiam,
1013 5027 1300 5088 admoneo,
1324 5042 1390 5079 ne
1419 5027 1861 5081 contumeliosius
1892 5037 1943 5081 te
1977 5044 2164 5097 geras;
2194 5030 2321 5083 nihil

751 5120 894 5171 enim
928 5117 1196 5188 proﬁcies.
1233 5117 1361 5171 Nam
1395 5132 1488 5187 per
1530 5117 1662 5170 deos
1714 5134 1901 5172 omnes
1930 5163 1943 5183 ,
2001 5120 2321 5173 sententiam

751 5209 893 5262 hanc
926 5212 1278 5279 imperatores
1315 5211 1572 5264 tulerunt.
1613 5209 1765 5263 Tunc
1795 5211 1867 5263 illi
1905 5211 2184 5265 Theodora
2214 5229 2226 5268 ;
2259 5212 2325 5266 Et

753 5301 926 5367 prius,
957 5302 1128 5367 inquit
1159 5342 1174 5366 ,
1213 5301 1303 5361 tibi
1342 5302 1448 5354 dixi
1477 5342 1490 5362 ,
1521 5303 1756 5356 hominis
1803 5305 2129 5370 propositum
2165 5317 2324 5372 atque

755 5393 992 5451 animum
1031 5392 1135 5448 Dco
1173 5404 1379 5460 gratum
1434 5408 1574 5447 esse.
1623 5393 1757 5446 Cum
1813 5396 1956 5447 enim
2007 5396 2186 5448 omnia
2239 5396 2325 5449 ille

753 5496 1064 5555 pernoscat,
1084 5485 1311 5552 cogitata
1331 5487 1493 5540 etiam
1519 5495 1700 5542 nostra
1727 5485 1849 5548 scit,
1877 5497 1928 5538 et
1955 5497 2161 5541 mentes
2181 5487 2324 5555 ipsas

751 5577 1030 5647 perspicit.
1062 5577 1420 5643 Quamobrem
1474 5580 1514 5632 si
1554 5589 1738 5633 Coacta
1774 5576 1925 5632 fuero
1959 5578 2138 5634 facere
2181 5581 2322 5649 quod

2431 4392 2574 4434 tores
2628 4378 2794 4430 nostri
2850 4379 3170 4445 jusserunt,
3223 4384 3356 4427 utet
3405 4375 3624 4443 reliquis
3687 4375 4006 4427 mulieribus

2429 4469 2730 4538 exemplum
2785 4468 2901 4524 ﬁas.
2962 4467 3044 4523 Ad
3106 4469 3218 4523 htec
3271 4468 3550 4522 Theodora
3591 4487 3602 4521 :
3645 4467 3837 4520 Parata
3889 4481 4004 4520 sum

2433 4577 2624 4632 corpus
2659 4578 2876 4626 meum,
2910 4563 3064 4633 cujus
3110 4572 3432 4630 potestatem
3487 4562 3688 4623 habes,
3741 4560 3835 4614 tibi
3895 4571 4006 4612 tra-

2429 4658 2598 4710 dere:
2639 4659 2813 4708 anima
2847 4669 2971 4707 vero
3021 4656 3134 4721 ipsa
3171 4655 3219 4706 in
3254 4652 3418 4706 solius
3455 4651 3543 4704 Dei
3583 4666 3743 4704 manu
3798 4663 3884 4706 est
3946 4670 4006 4705 ac

2431 4758 2721 4821 potestate.
2758 4747 2893 4799 Tum
2927 4746 3126 4815 judex:
3174 4747 3453 4801 Exczccatc
3491 4746 3636 4801 illam
3688 4748 3896 4810 statim,
3931 4749 4006 4798 ei-

2431 4855 2532 4909 que
2563 4841 2741 4902 dicite,
2774 4853 2840 4892 ne
2876 4840 3112 4893 insanire
3149 4839 3377 4908 arupiius
3410 4839 3576 4902 velit,
3609 4839 3700 4890 scd
3731 4839 3924 4891 cedere
3955 4849 4005 4890 et

2429 4934 2531 4989 diis
2568 4933 2692 5001 ipsis
2730 4931 3030 4986 immolare.
3063 4930 3300 4994 Minime,
3347 4929 3518 4998 inquit
3548 4928 3831 4984 Theodora
3862 4973 3876 4995 ,
3913 4947 4005 5001 per

2432 5026 2599 5080 Deum
2645 5027 2818 5094 ipsum
2876 5024 3209 5077 damonibus
3258 5022 3583 5077 sacriﬁcium
3645 5032 3737 5076 aut
3796 5026 4003 5078 cultum

2431 5119 2625 5172 afferre
2679 5117 2832 5182 volo,
2890 5131 3010 5170 cum
3059 5115 3222 5170 Deum
3282 5116 3580 5182 adjutorem
3641 5114 3891 5172 habeam.
3926 5117 4004 5170 Ad

2432 5209 2544 5266 huic
2575 5211 2770 5281 judex:
2809 5209 2944 5276 Quid
2979 5224 3062 5263 me
3119 5209 3266 5277 Cogis
3295 5209 3388 5262 tibi
3427 5207 3820 5262 honestissima:
3853 5208 4006 5262 ferui-

2431 5320 2510 5358 n:e
2542 5304 2791 5374 injuriaut
2833 5302 3046 5355 facere?
3078 5302 3333 5354 Ausculta
3369 5301 3520 5362 tnilri,
3554 5316 3585 5354 ο
3617 5300 3802 5365 stulta,
3837 5316 3904 5353 ne
3952 5300 4002 5352 in

2433 5405 2633 5449 tantum
2675 5394 2880 5446 turbam
2936 5391 3137 5444 incidas
3162 5407 3346 5444 eorum
3372 5430 3385 5453 ,
3421 5392 3508 5456 qui
3553 5391 3882 5446 sententiam
3914 5407 4005 5445 ex-

2431 5495 2675 5556 spectant
2724 5499 2843 5554 quae
2899 5494 3082 5538 contra
3121 5493 3171 5536 te
3213 5482 3436 5537 ferat-ur.
3468 5483 3582 5537 Non
3618 5498 3735 5536 sum
3775 5500 4000 5547 amens,

2433 5581 2605 5649 inquit
2660 5576 2938 5632 Theodora
2964 5618 2978 5641 ,
3033 5593 3150 5645 qua:
3187 5579 3349 5631 Deum
3387 5581 3653 5631 conﬁteor
3680 5616 3694 5640 ,
3729 5590 3782 5633 et
3830 5580 4001 5647 ipsmu

754 5671 912 5734 dicis,
947 5671 1271 5740 impudicam
1307 5683 1391 5722 me
1419 5670 1611 5724 factam
1651 5686 1925 5739 nunquam
1981 5647 2318 5726 existimabo.
2357 5647 2400 5705 θ
2429 5647 2727 5738 ειηήυιοιειιι
2759 5670 2948 5723 habeo.
2987 5668 3156 5734 Quam
3194 5671 3336 5723 enim
3394 5671 3645 5738 injuriam
3707 5673 3836 5726 mihi
3892 5669 4004 5724 fore

754 5764 882 5819 Sive
925 5765 1070 5820 enirn
1111 5774 1270 5833 caput
1299 5777 1478 5818 meum
1505 5804 1520 5826 ,
1578 5765 1692 5820 sive
1745 5778 1936 5819 manus
1967 5806 1980 5829 ,
2014 5764 2125 5819 sive
2162 5767 2322 5832 pedes

751 5856 1098 5924 abscindere.
1133 5857 1246 5916 sive
1278 5867 1448 5916 torum
1477 5871 1683 5929 corpus
1709 5858 2001 5915 dilacerare
2044 5858 2276 5912 volueris
2306 5898 2319 5921 .

2433 5775 2624 5835 putas,
2686 5778 2748 5816 ea
2804 5780 2888 5817 res
2936 5763 3192 5817 honorem
3238 5774 3288 5817 et
3335 5764 3559 5834 gloriam
3615 5766 4000 5835 sempiternam

2438 5856 2565 5912 mihi
2597 5854 2946 5926 comparabit.
2989 5853 3123 5908 Tum
3164 5855 3358 5925 iudex:
3403 5856 3508 5928 Εεο
3555 5871 3661 5912 non
3697 5856 4004 5929 ampliuste
