4180 6508
188 463 250 524 85
1404 459 1581 520 VITA
1619 457 1659 518 S
1716 455 1760 514 Τ

1870 456 2179 518 .Ο[)ΟΒΑΞ.
3377 462 3446 522 86

189 583 367 640 teram,
393 577 488 630 sed
529 577 918 645 imperatorum
964 576 1118 645 jussa
1168 591 1434 646 exsequar
1460 595 1472 629 :
1528 576 1764 631 futurmn
1795 573 1843 631 Δ
1947 572 2010 629 ν.
2040 572 2232 628 Turba:
2257 583 2434 626 autem
2459 572 2563 626 illa
2585 587 2727 637 eam,
2754 583 2810 626 ut
2837 572 2946 642 lupi
2970 590 3184 640 agnam,
3211 575 3446 633 circum~

185 672 316 726 enim
355 669 687 724 existimans
732 680 788 724 ut
847 672 1160 739 persuaderi
1203 686 1387 739 posses
1415 715 1429 738 ,
1469 672 1666 727 diutius
1715 683 1764 727 te

185 763 434 818 ferebam.
471 763 637 829 Quod
672 764 712 817 si
750 764 841 818 libi
895 780 1129 832 parcens
1157 806 1170 828 ,
1207 766 1257 819 id
1308 765 1481 818 minus
1526 766 1760 832 curabo,

190 857 323 923 quod
356 857 546 924 jussus
599 856 697 920 fui,
728 857 1083 924 imperatores
1131 867 1479 914 contemnere
1522 861 1763 914 videbor.

184 947 255 1003 illi
283 959 458 1002 autem
497 949 788 1004 Theodora
831 951 904 1003 ita
940 954 1252 1021 respondit:
1311 952 1466 1008 Sicut
1521 955 1632 1022 ipse
1663 954 1763 1007 im—

182 1052 446 1110 peratores
484 1045 713 1106 metuis,
769 1044 1020 1114 quodque
1058 1046 1126 1101 ab
1180 1045 1282 1101 illis
1325 1048 1509 1116 jussus
1557 1052 1654 1112 est,
1713 1047 1762 1102 id

185 1131 353 1185 facere
376 1133 594 1196 studes;
645 1133 716 1187 ita
752 1145 804 1188 et
837 1150 934 1204 ego
967 1136 1156 1189 studeo
1203 1153 1307 1190 non
1361 1153 1557 1208 negare
1598 1141 1761 1193 Deum

184 1239 372 1286 incum,
398 1225 571 1279 timeo
602 1229 747 1280 enim
779 1237 833 1280 et
859 1229 968 1294 ipsa
995 1243 1176 1282 verum
1207 1229 1352 1282 illum
1381 1230 1761 1297 imperatorem

181 1314 341 1371 Deum
377 1328 758 1374 contemnere.
788 1319 1140 1375 Contentiosc
1168 1363 1181 1384 ,
1216 1325 1388 1391 inquit
1417 1323 1612 1390 judex,
1649 1340 1763 1379 me-

181 1422 293 1461 cum
319 1410 456 1478 agis,
490 1420 550 1465 et
569 1420 896 1466 aeternorum
919 1414 1304 1482 imperatorum
1327 1415 1476 1483 jussa
1509 1418 1758 1486 negligis,

181 1510 228 1554 et
257 1515 362 1562 me,
399 1513 684 1570 tamquam
716 1504 978 1557 imbellem
1002 1505 1233 1574 aliquem
1261 1507 1518 1575 despicis.
1572 1509 1763 1564 Adhuc

181 1592 333 1646 trium
373 1594 595 1648 dierum
644 1605 858 1665 tempus
891 1597 986 1651 tibi
1037 1597 1285 1652 condono
1315 1640 1331 1665 ,
1377 1616 1437 1656 ac
1489 1617 1584 1670 per
1634 1603 1762 1656 deos

177 1699 379 1749 omnes,
405 1687 512 1740 nisi
546 1688 787 1740 animum
821 1700 997 1742 mutes
1031 1698 1086 1742 et
1114 1690 1410 1753 sacriﬁces,
1450 1692 1503 1745 in
1532 1692 1762 1758 lupanar

180 1779 226 1829 le
256 1780 487 1843 tradam,
529 1790 594 1833 ut
628 1781 880 1833 mulieres
910 1794 1100 1834 omnes
1127 1789 1178 1834 te
1207 1782 1278 1835 ita
1321 1785 1538 1837 tractari
1571 1785 1763 1839 viden-

1873 667 2060 722 dantes
2085 709 2099 734 ,
2132 667 2380 722 certatim
2411 665 2705 721 studebant
2753 681 2849 735 pro
2879 682 2938 721 se
2968 668 3197 736 quisque
3225 668 3292 724 ad
3326 686 3442 724 eam

1872 760 2104 830 ingredi,
2141 770 2193 814 et
2227 770 2285 813 ut
2312 775 2474 817 canes
2503 759 2554 812 in
2586 758 2756 814 feram
2789 759 3048 829 aliquam,
3081 770 3134 815 et
3157 763 3448 832 accipitres

1873 854 1923 906 in
1955 853 2260 908 columbam
2288 895 2303 919 ,
2341 855 2412 907 ita
2444 854 2495 906 in
2524 869 2640 907 eam
2691 855 2862 908 turba:
2915 855 3184 910 inhiantes
3241 857 3446 922 ingredi

1870 945 2221 1001 festinabant.
2250 947 2516 1002 Caeterum
2549 960 2725 1015 neque
2759 954 2884 1000 tunc
2913 947 3162 1001 Christus
3191 949 3303 1016 ipse
3331 964 3449 1006 ces-

1869 1041 2042 1105 sabat,
2076 1044 2167 1097 sed
2197 1058 2316 1096 cum
2341 1041 2631 1110 quemdam
2657 1056 2721 1094 ex
2757 1037 3034 1094 Fratribus
3063 1055 3446 1110 praeparasset,

1875 1136 1941 1188 ad
1975 1150 2091 1186 eam
2127 1135 2273 1188 illum
2306 1135 2471 1188 misit.
2523 1133 2751 1198 Quidam
2810 1134 2954 1187 enim
3012 1133 3450 1204 religiosissimus

1870 1222 2080 1284 Frater.
2114 1227 2204 1294 qai
2243 1226 2335 1280 Dei
2374 1226 2586 1290 negotia
2623 1235 2858 1278 tractare
2909 1228 3110 1294 optime
3143 1227 3444 1291 didicerat,

1868 1326 1919 1370 et
1956 1319 2410 1385 quemadmodum
2441 1318 2674 1388 aliquem
2702 1334 2765 1372 ex
2802 1319 2890 1372 Dei
2929 1319 3204 1374 voluntate
3229 1321 3446 1377 divitem

1871 1409 1984 1463 fieri
2016 1410 2257 1474 deceret,
2292 1409 2428 1464 bene
2463 1421 2686 1464 noverat
2712 1450 2726 1476 ,
2766 1411 2997 1469 illecum
3029 1428 3058 1466 e
3082 1414 3241 1467 rebus
3291 1413 3449 1469 bonis

1869 1517 2079 1571 semper
2102 1504 2298 1572 aliquid
2327 1503 2555 1571 amplius
2583 1513 2880 1571 appeteret,
2923 1505 3087 1559 etsibi
3121 1521 3440 1574 comparare

1868 1597 2132 1657 studeret,
2155 1597 2419 1664 duplicem
2446 1597 2688 1666 martyrii
2716 1610 2970 1650 coronam
2995 1599 3091 1650 sibi
3116 1600 3448 1662 conciliavit,

1868 1695 1922 1739 et
1962 1703 2190 1754 regnum
2242 1687 2502 1741 caelorum
2559 1688 2661 1741 hoc
2711 1689 2869 1742 modo
2912 1690 3108 1758 rapuit.
3145 1689 3279 1744 Cum
3308 1693 3449 1746 enim

1867 1779 2084 1832 militari
2119 1779 2304 1834 habitu
2338 1795 2393 1833 se
2439 1780 2724 1841 induisset,
2757 1782 2962 1849 primus
2998 1783 3064 1835 ad
3100 1798 3217 1836 eam
3246 1785 3452 1853 ingres-

178 1873 272 1933 tes,
321 1873 668 1938 turpitudine
725 1884 810 1927 tua
854 1876 1207 1944 castigentur.
1264 1877 1332 1930 At
1374 1879 1660 1935 'fhodora:
1698 1880 1764 1934 Et
1795 1913 1840 1973 Β
1870 1889 1961 1928 sus
1982 1889 2085 1938 est,
2125 1877 2276 1946 quasi
2314 1892 2452 1931 unus
2483 1892 2547 1930 ex
2580 1876 2972 1944 imputlentiuni
3001 1888 3052 1931 et
3083 1877 3451 1945 intemperan-

175 1976 315 2015 nunc
348 1964 494 2017 idem
537 1967 683 2020 Deus
711 1976 811 2032 est,
849 1979 900 2023 et
926 1983 1161 2039 semper,
1195 1972 1285 2041 qui
1320 1988 1423 2026 non
1459 1976 1758 2043 permittet,

176 2062 228 2107 ut
255 2069 374 2108 eum
409 2058 811 2127 derelinquam.
863 2060 994 2115 Peto
1027 2074 1205 2118 autem
1277 2075 1336 2118 ut
1378 2067 1635 2120 intactam
1699 2084 1761 2124 ac

174 2161 354 2213 puram
391 2163 478 2203 me
512 2149 722 2202 servari
755 2148 960 2215 iubeas,
987 2155 1164 2221 quoad
1191 2157 1523 2210 sententiam
1551 2158 1760 2214 tuleris.

178 2237 326 2293 Tunc
356 2240 530 2308 judex
569 2240 647 2294 ait
675 2259 689 2296 :
718 2240 1055 2298 Theodoram
1093 2248 1192 2301 sub
1223 2257 1333 2301 tuta
1375 2250 1619 2303 custodia
1649 2266 1764 2304 ser-

174 2346 290 2388 vate
318 2352 494 2404 usque
526 2338 596 2389 ad
630 2347 741 2391 tres
774 2340 887 2394 dies
908 2379 922 2402 ,
974 2341 1018 2393 si
1044 2339 1186 2397 forte
1242 2344 1573 2412 resipiscens
1601 2387 1616 2410 ,
1659 2345 1762 2400 sibi

176 2429 282 2493 ipsa
313 2431 681 2494 persuaserit,
714 2441 820 2483 uta
847 2432 937 2485 tali
971 2434 1313 2490 contentione
1345 2438 1590 2491 desistat.
1622 2434 1761 2502 Quin

176 2529 232 2570 et
259 2521 541 2588 pracipio,
582 2537 649 2574 ne
681 2526 998 2589 permittatis
1031 2526 1264 2593 aliquem
1300 2530 1364 2583 ad
1393 2542 1510 2579 eam
1551 2529 1758 2596 ingredi

172 2620 222 2661 et
256 2625 379 2663 cum
443 2612 565 2681 ipsa
607 2617 828 2681 versari,
860 2624 1142 2683 propterea
1185 2616 1329 2686 quod
1367 2617 1567 2671 familia
1597 2619 1762 2673 nobili

176 2711 227 2755 et
251 2702 482 2756 honesta
529 2716 654 2758 nata
695 2717 796 2760 est.

234 2790 324 2848 ιν.
370 2793 507 2849 Post
550 2805 666 2851 tres
697 2798 811 2852 dies
838 2813 958 2852 cum
991 2799 1153 2869 inde:
1199 2804 1254 2857 in
1301 2807 1558 2864 tribunali
1615 2812 1770 2866 sede-

173 2894 289 2938 ret:
321 2885 673 2954 Adducatur,
707 2890 901 2959 inquit,
936 2891 1241 2948 Theodora.
1280 2896 1489 2958 Cohors
1521 2904 1636 2955 ait:
1670 2903 1773 2957 Do-

172 2976 333 3042 mine,
376 2989 588 3052 praesto
620 2991 700 3036 est
728 2980 1038 3040 Tbeodora.
1068 2987 1204 3041 Tum
1239 2988 1359 3045 ille:
1385 2989 1439 3045 Si
1473 2993 1770 3062 resipuisti,

168 3080 218 3122 et
241 3072 342 3124 tibi
379 3073 502 3139 jam
538 3076 880 3140 persuasisti,
912 3095 1055 3133 nunc
1108 3083 1393 3150 sacrifica,
1446 3097 1499 3141 et
1542 3098 1659 3142 esto
1704 3087 1771 3142 ll-

167 3158 329 3226 bera;
387 3172 528 3228 puto
561 3166 710 3219 enim
741 3175 795 3220 te
825 3184 1162 3241 nequaquam
1191 3189 1381 3241 sapere
1405 3220 1420 3244 ,
1495 3181 1546 3232 in
1575 3185 1765 3238 eodem

1873 1970 2004 2022 tiutn
2043 1970 2320 2023 hominum
2349 1985 2573 2024 numero
2617 1979 2784 2024 esset.
2830 1970 2962 2037 Ejus
3008 1970 3172 2040 igitur
3214 1972 3452 2026 hominis

1866 2073 2059 2115 novam
2090 2073 2139 2115 et
2165 2063 2503 2129 peregrinam
2535 2060 2759 2131 figuram
2786 2073 2971 2116 sancta
2995 2064 3083 2117 illa
3105 2065 3255 2133 virgo
3277 2063 3455 2120 Theo-

1866 2153 1996 2206 dora
2023 2170 2144 2206 cum
2194 2155 2463 2217 vidisset,
2516 2153 2618 2206 fuit
2667 2155 2991 2220 perterrita;
3039 2171 3102 2209 ea
3154 2157 3297 2210 enim
3362 2172 3446 2212 res

1867 2245 2311 2313 multumiujurim
2333 2261 2392 2298 ac
2413 2245 2762 2311 turpitudinis
2783 2261 2893 2312 prae
2916 2262 2973 2300 se
2997 2246 3225 2302 ferebat.
3247 2246 3450 2314 Quam-

1867 2337 2052 2391 obrem
2101 2338 2321 2408 ancipiti
2368 2347 2422 2390 et
2474 2337 2638 2392 dubio
2693 2337 2876 2392 animo
2937 2343 3174 2394 carceris
3226 2341 3452 2409 angulos

1872 2427 2189 2481 circumibat
2214 2468 2228 2489 ,
2264 2443 2445 2483 secum
2489 2429 2734 2498 cOgitans
2763 2469 2778 2494 ,
2841 2444 2966 2483 nam
3019 2443 3047 2483 a
3085 2428 3305 2486 Christo
3335 2431 3454 2500 ipso

1873 2521 2057 2574 relicta
2086 2530 2252 2578 esset.

1950 2614 2031 2667 Vl.
2073 2615 2143 2666 At
2167 2625 2391 2668 sanctus
2421 2613 2679 2684 Didymus
2713 2615 2825 2686 (ita
2856 2612 3000 2668 enim
3035 2615 3371 2684 vocabatur)
3394 2623 3453 2670 ut

1869 2721 2165 2780 germanus
2223 2707 2408 2770 frater,
2459 2707 2724 2772 incipiens
2755 2723 2876 2758 eam
2913 2707 3067 2761 affari
3101 2723 3116 2761 :
3147 2707 3261 2762 Non
3310 2723 3452 2772 sum,

1873 2797 2067 2866 inquit,
2128 2797 2203 2860 id,
2261 2799 2403 2865 quod
2471 2799 2638 2853 vides.
2701 2799 3083 2854 Exstrinsecus
3115 2802 3258 2854 enim
3299 2802 3455 2872 lupus

1872 2890 2076 2954 videor,
2104 2891 2247 2944 intus
2276 2905 2408 2944 vero
2440 2907 2557 2946 sum
2592 2891 2710 2946 ovis
2749 2900 3051 2948 mansueta.
3109 2892 3188 2949 Ne
3240 2907 3454 2961 spectes

1872 2983 2202 3036 exteriorem
2250 2983 2391 3036 hanc
2450 2994 2679 3045 vestem,
2711 2984 2804 3036 sed
2838 2984 3153 3037 interiorem
3185 2994 3238 3039 et
3274 3001 3454 3054 prom-

1871 3087 2022 3146 ptum
2057 3077 2219 3129 animi
2273 3075 2524 3131 aﬂ'ecwm
2565 3077 2909 3129 consideres.
2942 3073 3135 3129 Frater
3159 3079 3301 3130 enim
3330 3095 3450 3133 sum

1879 3171 1930 3224 in
1968 3171 2139 3223 aliena
2177 3169 2370 3238 figura,
2417 3177 2605 3223 contra
2649 3169 2919 3222 diabolum
2981 3171 3215 3237 sapiens,
3264 3186 3450 3225 eorum

170 3249 454 3319 proposito
488 3255 896 3323 persistentem.
925 3260 1524 3330 RespuitditTlteudora
1550 3285 1563 3323 :
1591 3272 1765 3327 Antea
1798 3279 1841 3336 ο
1874 3261 2089 3331 quidem
2118 3273 2264 3315 veste
2307 3262 2549 3326 indutus,
2583 3262 2676 3329 qui
2709 3269 2839 3314 sunt
2887 3261 3028 3316 illius
3086 3263 3317 3317 ministri
3345 3306 3359 3330 ,
3396 3273 3454 3319 ut

170 3343 278 3398 dixi
310 3346 433 3409 tibi,
469 3357 529 3401 et
559 3365 701 3403 nunc
737 3355 925 3408 eadem
961 3356 1144 3412 dicere
1180 3375 1285 3415 non
1337 3379 1528 3418 recuso
1555 3405 1569 3430 ,
1605 3367 1768 3420 casti-

175 3437 295 3489 tatis
336 3453 478 3492 mea:
522 3442 955 3514 professionem,
1003 3446 1203 3504 Christi
1247 3468 1407 3510 causa
1459 3469 1764 3526 susceptam

177 3541 317 3588 esse,
343 3530 444 3594 qui
487 3529 594 3582 fuit
621 3532 945 3603 incorruptae
977 3540 1099 3595 vitae
1127 3545 1464 3612 praedicator,
1490 3565 1768 3618 meamque

168 3617 584 3674 confessionem
649 3623 816 3692 ipsius
873 3629 962 3682 Dei
1018 3636 1188 3698 gratia
1239 3635 1373 3691 fieri.
1425 3639 1558 3709 Ejus
1608 3617 1769 3711 igitur

171 3709 378 3763 Domini
419 3724 476 3765 et
515 3713 615 3766 Dei
649 3716 919 3774 confessio
951 3737 1046 3790 per
1074 3741 1159 3778 me
1191 3732 1533 3795 praedicetur,
1569 3709 1766 3799 etvipse

167 3801 346 3857 videat
381 3805 537 3874 (scit
568 3809 748 3876 enim)
784 3814 1053 3879 quomodo
1088 3832 1238 3871 suam
1287 3819 1543 3891 virginem
1578 3838 1765 3890 puram

168 3910 489 3952 conservet.
530 3899 636 3952 Per
662 3900 792 3956 deos
825 3904 991 3973 ipsos,
1014 3908 1395 3980 inquitjudex,
1424 3915 1768 3971 dominorum

162 3985 314 4055 iussa
356 3993 602 4053 veritus,
644 4008 710 4045 ne
736 3993 873 4049 forte
909 3999 1012 4051 illis
1037 4017 1141 4052 non
1175 4005 1454 4069 obediens,
1476 3995 1766 4070 pericliter,

171 4081 439 4135 adversus
477 4093 533 4134 te
569 4083 759 4138 faciam
808 4090 949 4156 quod
975 4105 1088 4144 sum
1110 4091 1314 4162 jussus.
1339 4096 1606 4162 Quoniam
1637 4114 1766 4154 vero

163 4171 214 4227 ln
257 4173 504 4243 lupanar
547 4177 687 4229 tradi
722 4181 996 4250 maluisti,
1025 4202 1184 4252 quam
1235 4189 1338 4243 diis
1385 4191 1515 4262 ipsis
1555 4196 1768 4249 sacrifi—

163 4278 287 4320 care
314 4304 332 4329 ,
364 4267 664 4320 videmnus
691 4306 704 4329 ,
739 4283 945 4350 nnmte
984 4288 1162 4331 setvet
1191 4280 1442 4335 Christus
1485 4284 1572 4336 ille
1605 4290 1723 4339 tuus
1751 4327 1766 4350 ,

161 4365 386 4422 propter
412 4371 590 4422 quem
620 4356 673 4410 in
706 4347 1052 4418 contentione
1079 4367 1175 4420 ista
1206 4369 1496 4437 persistere
1523 4374 1759 4431 voluisti.

158 4437 212 4494 id
237 4459 364 4496 cum
399 4447 584 4514 judex
628 4453 872 4518 dixisset,
905 4459 971 4511 ad
1005 4461 1280 4517 cohortem
1313 4479 1535 4524 versus:
1565 4465 1768 4521 Trada-

157 4543 266 4627 ριν,
300 4540 512 4606 inquit,
552 4541 657 4594 ista
689 4545 738 4596 in
765 4546 1006 4615 lupanar.
1043 4552 1194 4606 Tunc
1223 4555 1629 4615 aitTheodora:
1667 4560 1767 4627 Tit,

1873 3355 1944 3406 ita
1972 3355 2076 3407 huc
2121 3351 2431 3422 ingrediens
2457 3365 2562 3404 non
2602 3366 2930 3420 agnoscerer
2964 3351 3160 3419 (erant
3185 3354 3326 3407 enim
3363 3355 3453 3423 qui

1873 3445 1978 3499 huc
2018 3444 2322 3499 venientem
2359 3444 2812 3510 speculabantur)
2848 3454 2903 3495 et
2936 3443 3150 3497 Domini
3187 3444 3292 3498 mei
3324 3461 3451 3510 prc-

1872 3540 2060 3592 tiosam
2106 3536 2522 3606 possessionem,
2552 3546 2605 3589 et
2633 3536 2721 3590 Dei
2752 3536 3056 3590 columbam
3080 3552 3200 3591 eam
3230 3553 3453 3593 servare

1871 3650 2105 3705 possem.
2146 3632 2251 3688 Sed
2289 3647 2387 3701 age
2429 3642 2636 3687 vestem
2681 3642 2992 3704 mutemus;
3030 3632 3125 3684 tibi
3163 3632 3305 3685 Deus
3338 3634 3452 3700 ipse

1873 3727 2156 3778 victoriam
2211 3725 2438 3791 largitur
2471 3741 2486 3777 :
2520 3739 2603 3776 me
2649 3739 2779 3777 vero
2834 3733 3062 3779 coronat
3096 3735 3339 3787 sanctus,
3401 3735 3455 3779 et

1871 3818 1959 3886 qui
1995 3817 2109 3870 sine
2146 3816 2351 3870 macula
2388 3824 2490 3880 est,
2531 3816 2714 3884 Agnus
2773 3817 2878 3880 ille,
2906 3817 2996 3885 qui
3050 3817 3186 3869 tollit
3238 3827 3454 3883 peccata

1872 3910 2081 3963 mundi.
2121 3910 2218 3963 Exi
2249 3919 2326 3975 tu,
2362 3917 2439 3973 et,
2472 3909 2537 3962 ad
2574 3907 2861 3962 Dominum
2900 3908 3018 3962 ito:
3073 3907 3186 3976 Ego
3235 3920 3454 3978 propter

1873 3999 2159 4052 Dmninum
2191 4000 2275 4051 hic
2303 4000 2621 4053 remanebo.
2657 4001 2769 4053 Hac
2808 4015 2925 4054 mea
2957 4011 3132 4064 veste,
3189 4017 3350 4066 quam
3381 4003 3451 4057 ti-

1875 4091 2080 4153 mebas,
2120 4091 2382 4146 induaris.
2411 4089 2540 4144 Esto
2571 4101 2625 4143 tu
2655 4105 2875 4158 prome,
2909 4101 2966 4142 ut
2998 4102 3079 4144 est
3107 4094 3173 4144 ab
3193 4095 3452 4161 Apostolo

1873 4181 2113 4237 dictum‘
2147 4200 2161 4237 :
2199 4201 2217 4234 ‹
2255 4183 2440 4238 Estote
2467 4192 2522 4236 ut
2551 4198 2668 4252 ego,
2697 4183 2954 4252 quoniam
2991 4195 3045 4237 et
3069 4197 3167 4250 ego
3199 4194 3256 4236 ut
3284 4198 3398 4239 vos.
3427 4205 3447 4239 ο

1875 4273 1966 4326 Ille
1995 4275 2209 4339 quidem
2245 4275 2358 4326 haec
2403 4275 2617 4326 dicebat
2657 4289 2670 4324 :
2707 4273 2990 4324 Theodoro
3045 4287 3173 4328 vero
3220 4275 3455 4329 libenter

1873 4366 1920 4419 ei
1963 4364 2393 4433 obtemperabat.
2422 4364 2580 4419 Novit
2612 4365 2756 4420 enim
2789 4365 2857 4418 ab
2890 4363 2980 4417 illo
3013 4364 3130 4432 ipso
3178 4364 3308 4429 Deo,
3357 4368 3448 4433 qui

1877 4458 2017 4510 misit
2054 4459 2106 4510 in
2140 4459 2313 4511 lat-tim
2354 4459 2568 4513 leonum
2604 4458 2916 4526 prophetam
2955 4455 3226 4519 liabacuc,
3263 4469 3319 4510 ut
3348 4459 3452 4512 Da-

1880 4549 2000 4603 nieli
2023 4535 2074 4613 1,
2107 4551 2198 4618 qui
2235 4561 2285 4604 et
2316 4551 2430 4620 ipse
2458 4551 2720 4620 pmpheta
2742 4561 2880 4612 erat,
2913 4551 3090 4603 cibum
3119 4551 3446 4619 impartiret,

161 4623 326 4693 Deus,
358 4631 458 4697 qui
487 4633 740 4689 occultas
771 4652 856 4690 res
885 4639 1126 4709 inspicis,
1158 4646 1245 4710 qui
1301 4651 1498 4705 ttoviSti
1544 4653 1721 4706 omnia
1798 4627 1851 4687 D
1880 4641 2077 4709 quique
2107 4651 2158 4693 ct
2190 4641 2406 4694 leonum
2435 4656 2528 4694 ora
2554 4639 2848 4704 obstruxit,
2876 4639 3099 4693 militem
3129 4640 3276 4692 illttm
3322 4650 3448 4697 tunc

157 4723 492 4790 priusqitam
533 4724 626 4778 illa
655 4725 802 4794 fiant,
835 4731 924 4799 qui
973 4735 1035 4786 ad
1064 4735 1384 4791 hodiernum
1429 4757 1596 4810 usque
1621 4745 1760 4798 diem

159 4814 289 4868 mihi
313 4816 560 4878 affuisti,
583 4828 640 4871 et
663 4819 919 4874 intactam
954 4824 1004 4876 in
1029 4843 1088 4879 ea
1119 4844 1176 4882 re
1209 4846 1292 4884 me
1325 4833 1571 4898 servasti,
1601 4849 1760 4903 quam

155 4903 248 4955 tibi
278 4906 548 4971 promisi,
585 4907 700 4972 ipse
736 4919 788 4963 et
817 4911 1040 4980 posthac
1069 4930 1152 4968 me
1183 4917 1480 4982 custodias,
1508 4931 1562 4974 et
1593 4938 1619 4974 a
1647 4938 1767 4989 pro-

160 4988 300 5047 fanis
345 5003 407 5047 et
463 4997 672 5061 iniquis
720 5015 906 5054 eorum
967 5006 1214 5060 manibus
1243 5047 1256 5069 ,
1295 5009 1382 5075 qui
1420 5014 1590 5079 parati
1643 4988 1769 5068 sunt.

152 5087 364 5140 ancilla:
397 5096 510 5139 tua».
531 5087 786 5155 injuriam
816 5093 1035 5158 inferre,
1068 5099 1388 5155 incolumem
1417 5112 1468 5156 et
1494 5105 1756 5176 integram

150 5193 359 5234 serves.
401 5178 538 5234 llaec
569 5197 693 5235 cum
730 5183 816 5238 illa
842 5187 1084 5252 dixisset,
1119 5194 1186 5246 ad
1223 5195 1446 5263 lupanar
1467 5198 1622 5251 ducta
1649 5214 1758 5269 est;

152 5273 381 5340 adquod
413 5276 696 5339 ingressa,
724 5279 909 5335 oculos
926 5283 989 5337 ad
1014 5285 1210 5338 caelum
1235 5289 1428 5350 erexit,
1456 5299 1507 5342 et
1528 5292 1596 5342 ait
1620 5308 1639 5344 :
1660 5291 1759 5355 Tu,

154 5359 315 5418 Pater
362 5366 591 5419 Domini
623 5370 789 5421 nostri
815 5369 941 5424 Jcsu
973 5372 1200 5441 Christi,
1231 5392 1314 5431 me
1347 5380 1560 5448 adjuva,
1604 5393 1662 5435 ut
1694 5385 1760 5440 ab

154 5455 235 5510 his
276 5458 533 5512 canibus
568 5458 791 5526 cripinr.
829 5463 906 5516 Tu
937 5506 950 5528 ,
976 5468 1065 5535 qui
1097 5467 1314 5523 Petrum
1342 5473 1392 5524 in
1423 5488 1638 5529 carcere
1667 5477 1761 5530 ad-

149 5547 367 5614 juvisti,
404 5564 657 5617 eumque
698 5552 763 5604 ab
794 5552 991 5620 injuria
1025 5559 1252 5614 liberum
1292 5562 1438 5617 illinc
1482 5563 1714 5620 eduxiin
1748 5608 1762 5633 ,

1865 4738 1931 4787 ad
1962 4749 2020 4788 se
2055 4735 2298 4798 missum,
2353 4742 2411 4787 ut
2440 4733 2614 4804 ipsius
2645 4734 2830 4788 habitu
2865 4734 3154 4801 occultata,
3206 4742 3259 4786 et
3292 4733 3444 4788 illinc

1865 4836 2045 4892 erepta
2075 4828 2281 4879 servari
2321 4837 2523 4895 posset.

1939 4915 2051 4970 V’ll.
2112 4916 2206 4971 Illa
2239 4917 2404 4985 igitur
2445 4919 2596 4986 virgo
2647 4918 2835 4970 militis
2886 4915 3127 4968 habitum
3190 4920 3444 4984 sumpsit,

1867 5010 2170 5079 ocreisque,
2199 5011 2391 5079 quibus
2413 5023 2568 5065 antea
2594 5009 2748 5064 miles
2772 5010 2847 5062 uti
2871 5018 3254 5074 consueverat,
3281 5024 3442 5066 crura

1871 5118 1968 5157 sua
2000 5105 2239 5157 contexit
2275 5122 2287 5158 :
2340 5117 2572 5173 cumque
2609 5103 2814 5171 reliqua
2851 5113 3001 5156 veste
3051 5117 3110 5155 se
3160 5102 3440 5168 induisset,

1869 5195 2031 5261 capiti
2066 5194 2272 5264 galeam
2306 5195 2584 5265 imposuit,
2617 5196 2838 5263 ejusque
2870 5194 3036 5246 armis
3062 5194 3319 5261 acceptis,
3351 5193 3442 5251 illo

1869 5289 2008 5358 ipso,
2042 5303 2222 5357 quem,
2256 5289 2348 5358 qui
2371 5289 2420 5342 ei
2452 5291 2696 5342 astiterat
2724 5288 2999 5356 praecepit,
3031 5294 3221 5339 ornatu
3258 5288 3439 5339 induta

1867 5395 2083 5448 egressa
2121 5391 2223 5435 est.
2258 5381 2548 5435 Admonita
2580 5381 2743 5433 etiam
2791 5377 2911 5442 fuit,
2946 5393 3013 5431 ne
3037 5391 3204 5446 quem
3235 5376 3441 5444 aspice-

1867 5484 1968 5535 ret,
1998 5484 2217 5541 propter
2274 5489 2459 5528 eorum
2526 5475 2771 5540 luporum
2835 5471 3221 5542 impudentiam
3279 5477 3441 5538 atque

1865 5567 2169 5629 audaciam,
2221 5581 2356 5620 neve
2408 5567 2642 5634 aliquem
2691 5565 3105 5632 alloqneretur:
3148 5562 3241 5616 sed
3293 5569 3440 5615 recta

146 5650 196 5690 et
230 5655 320 5694 me
356 5641 497 5696 hinc
523 5642 598 5696 ab
632 5644 826 5711 injuria
858 5645 1180 5704 incolumem
1211 5654 1430 5719 educas,
1469 5662 1525 5709 ut
1573 5672 1761 5714 omnes

147 5734 399 5800 videant,
433 5749 643 5803 mech
678 5751 886 5792 servam
927 5748 1070 5800 tuam
1120 5757 1239 5798 esse
1262 5759 1609 5814 cognoscant.

1860 5659 1926 5712 ad
1989 5666 2196 5725 portam
2251 5659 2496 5711 tenderet
2531 5698 2544 5722 ,
2609 5668 2662 5711 et
2719 5657 2902 5712 Jestnn
2960 5657 3136 5726 ipsum
3188 5653 3287 5703 via
3341 5648 3442 5704 du-

1858 5765 1973 5804 cem
2010 5751 2108 5804 sibi
2149 5759 2492 5820 proponerct.
2527 5748 2588 5803 Et
2625 5747 2716 5801 illa
2745 5746 2966 5818 quidem
3011 5742 3164 5798 illinc
3196 5751 3443 5808 egressa,

203 5911 223 5937 ¹
263 5900 466 5959 Calat.
508 5916 583 5967 tv,
625 5900 714 5957 l2.
791 5906 809 5937 ¹
841 5905 978 5959 Dan.
1015 5923 1124 5974 xiv,
1153 5909 1219 5963 59
1249 5925 1406 5983 seqq.
