4180 6496
721 447 788 510 87
2017 447 2300 511 ΜΕΝὲῐὸ
2334 446 2668 509 APRILIS.
3911 445 3969 506 88

720 571 777 614 ιιι
813 557 1059 617 columba
1089 559 1329 629 qtiaedam
1368 559 1484 618 alas
1515 559 1790 626 quatiens,
1821 568 1980 632 atque
2016 558 2069 614 in
2101 562 2292 615 coelum
2327 559 2374 617 Α
2404 559 2569 615 Deum
2598 561 2771 630 ipsum
2806 560 2937 616 satis
2968 559 3215 616 confessa
3245 557 3430 623 fuerit,
3459 558 3663 614 intacta
3716 573 3969 630 perman-

725 653 972 715 tendens,
1017 666 1080 705 ex
1115 653 1390 721 accipitris
1425 669 1542 717 ore,
1592 652 1672 709 vel
1707 669 1840 725 agna
1870 668 1900 709 e
1930 654 2145 708 leonum
2177 652 2295 706 fau-

721 744 893 809 cibus,
922 744 1116 798 evasit.
1151 744 1343 799 Frater
1376 761 1506 801 vero
1535 746 1624 800 ille
1675 746 1916 812 sedebat,
1978 747 2044 801 de
2104 759 2294 800 sorore

723 849 826 889 non
856 835 1087 904 amplius
1118 836 1404 901 sollicitus,
1446 846 1500 892 et
1529 838 1815 908 spirituale
1865 836 2156 908 prandium
2201 850 2294 891 ex-

723 936 1000 996 apectaus.
1031 925 1278 994 Cumque
1332 942 1390 982 se
1429 928 1622 998 capitis
1661 937 1972 999 tegumento
2007 927 2292 991 induisset,

723 1031 789 1067 eo
825 1018 874 1068 in
905 1017 1024 1069 loco
1055 1016 1295 1071 sedebat.
1337 1017 1466 1071 Erat
1499 1028 1679 1072 autem
1713 1021 1786 1073 ita
1828 1029 2141 1082 coronatus,
2169 1018 2294 1072 utsi

725 1107 1095 1161 adversarium
1131 1108 1300 1177 ipsum
1336 1108 1575 1163 vicisset.
1627 1108 1916 1165 Intervallo
1945 1118 2125 1164 autem
2159 1118 2298 1162 tem-

726 1200 896 1268 poris,
925 1199 1139 1267 quidam
1172 1215 1237 1254 ex
1263 1201 1651 1256 insanientium
1680 1217 1908 1257 numero
1932 1205 2299 1268 intemperan-

727 1291 815 1345 tia:
849 1306 1055 1356 servus,
1087 1290 1162 1345 ita
1190 1304 1245 1345 ut
1278 1304 1394 1347 erat
1442 1294 1750 1364 impudens,
1788 1294 1914 1348 illuc
1947 1303 2198 1362 tanquam
2229 1296 2294 1348 ad

724 1381 984 1450 virginem
1022 1383 1234 1453 ingredi
1270 1399 1456 1450 ausus,
1519 1400 1639 1438 cum
1706 1386 1880 1440 virum
1933 1402 2028 1454 pro
2091 1386 2298 1454 virgine

722 1472 1063 1539 oﬂeudisset,
1112 1486 1292 1530 mente
1339 1476 1621 1545 perculsus
1651 1491 1828 1534 secum
1877 1478 1988 1544 ipse
2037 1477 2293 1533 dicebat:

723 1563 972 1633 Nunquid
1011 1566 1247 1635 virgines
1275 1569 1326 1620 in
1355 1568 1499 1623 viros
1554 1567 1812 1622 transfert
1839 1567 1993 1623 Jesus
2027 1567 2171 1622 iste?
2208 1567 2302 1621 Mi-

725 1657 800 1712 les
833 1658 943 1723 ille,
968 1660 1058 1729 qui
1086 1669 1212 1714 ante
1249 1677 1332 1716 me
1354 1662 1462 1718 huc
1492 1663 1769 1731 ingressus
1795 1674 1900 1726 est,
1954 1661 2107 1715 exiit.
2140 1659 2300 1727 Quis.

723 1765 845 1803 nam
881 1752 1044 1820 igitur
1071 1751 1155 1806 hic
1193 1761 1297 1816 est,
1349 1753 1439 1822 qui
1475 1754 1668 1808 sedet?
1704 1753 1934 1808 Ubinam
1986 1753 2135 1823 virgo
2187 1751 2297 1816 illa,

724 1856 844 1909 quae
904 1844 989 1897 hic
1025 1844 1235 1898 inclusa
1271 1845 1440 1900 erat?
1479 1844 1680 1898 Audivi
1743 1843 2035 1912 aliquando
2085 1859 2114 1898 a
2171 1842 2297 1898 Jesu

724 1934 840 2001 ipso
868 1948 1063 1999 aquam
1085 1935 1137 1987 in
1163 1936 1346 1988 vinum
1374 1950 1689 1989 conversam
1725 1951 1740 1988 :
1771 1951 1911 1988 nunc
1939 1935 2114 2002 majus
2149 1935 2303 2003 quid-

723 2024 846 2077 dam
885 2024 1082 2078 video:
1127 2024 1392 2095 virginem
1424 2027 1567 2080 enim
1601 2026 1654 2080 in
1691 2027 1867 2080 virum
1919 2026 2169 2080 mutavit.
2207 2026 2300 2079 Ti-

724 2129 846 2169 meo
879 2131 947 2170 ne
981 2125 1038 2170 et
1064 2131 1148 2171 me
1172 2117 1221 2170 in
1255 2117 1536 2172 mulierem
1563 2128 1864 2173 convertat.
1895 2117 1987 2172 Ille
2020 2134 2146 2173 vero
2177 2133 2298 2172 cum

723 2215 1025 2275 opportune
1053 2222 1296 2261 sororem
1355 2209 1678 2278 eripuisset,
1733 2208 1933 2262 factum
1989 2223 2142 2262 suum
2196 2200 2299 2261 non

722 2299 1024 2354 occultavit
1055 2315 1070 2353 :
1103 2302 1199 2356 sed
1232 2301 1376 2355 clara
1426 2316 1599 2356 voce:
1634 2299 1753 2356 Non
1809 2303 2056 2366 mutavit,
2103 2303 2298 2370 inquit,

726 2406 812 2446 me
864 2392 1148 2455 Dominus,
1211 2393 1304 2445 sed
1357 2400 1411 2446 et
1444 2391 1575 2446 mihi
1609 2399 1662 2447 et
1721 2392 1794 2446 illi
1835 2406 2089 2445 coronam
2136 2393 2297 2448 dedit.

722 2482 893 2545 Quam
923 2483 1084 2552 igitur
1139 2483 1423 2538 habebatis
1449 2523 1464 2550 ,
1496 2498 1616 2537 eam
1650 2498 1754 2538 non
1793 2485 2044 2548 habetis;
2103 2485 2302 2555 quique

725 2573 880 2628 vobis
936 2589 1043 2627 non
1095 2583 1235 2639 erat,
1301 2590 1422 2631 eum
1475 2591 1620 2631 nunc
1679 2576 1910 2631 habetis.
1972 2574 2134 2646 Virgo
2188 2576 2297 2641 illa,

723 2669 873 2736 virgo
907 2675 1012 2732 est,
1035 2675 1271 2721 utantea
1309 2705 1324 2731 ,
1358 2667 1514 2725 miles
1543 2683 1672 2725 vero
1700 2669 1903 2725 Christi
1935 2667 2063 2725 Jesu
2098 2669 2297 2724 athleta

728 2772 874 2813 nunc
907 2769 1010 2814 est.

793 2849 934 2907 Vlll.
967 2849 1232 2925 Egressus
1264 2852 1446 2923 igitur,
1481 2853 1572 2922 qui
1600 2851 1776 2907 fuerat
1830 2852 1990 2922 paulo
2049 2862 2171 2906 ante
2211 2852 2298 2907 in-

722 2959 966 3014 gressus,
1007 2946 1146 3012 quod
1191 2942 1392 2999 factum
1425 2954 1564 3010 erat,
1594 2945 1880 2998 nuntiavit.
1917 2942 1969 2996 ld
2000 2953 2180 2997 autem
2203 2945 2291 3012 ju-

726 3040 825 3092 dex
854 3037 1105 3102 audiens,
1129 3037 1293 3101 jussit
1329 3053 1452 3092 eum
1502 3046 1628 3092 ante
1659 3036 1895 3092 tribunal
1954 3037 2096 3092 sisti.
2131 3037 2298 3103 Quem

725 3139 1047 3199 praesentem
1103 3145 1239 3184 cum
1300 3131 1548 3196 vidisset,
1614 3145 1735 3183 eum
1792 3131 2132 3195 interrogans
2178 3129 2298 3182 ait:

2397 652 2486 718 sit,
2517 668 2678 722 quam
2733 651 2877 708 Deus
2938 654 3051 721 ipse
3109 652 3434 708 incolumem
3474 660 3528 707 et
3561 666 3590 706 a
3629 650 3751 706 labe
3789 667 3972 720 puram

2398 746 2655 800 servavit.
2689 745 2872 815 Itaque
2902 747 3045 815 quod
3100 748 3299 801 factum
3355 754 3459 809 est,
3516 760 3621 799 non
3671 745 3831 810 mihi,
3887 747 3973 799 sed

2399 838 2506 891 Deo
2533 836 2628 906 ipsi
2673 838 2885 903 tribuo;
2941 839 3194 905 quoniam
3227 839 3522 892 secutulum
3579 837 3738 892 fidem
3808 839 3973 903 ipsius

2397 926 2526 982 fecit
2555 929 2627 982 illi
2664 928 2821 993 Deus,
2849 929 3301 995 quemadmodum
3335 939 3388 983 et
3416 930 3530 999 ipse
3553 930 3720 996 nosti,
3749 931 3792 983 si
3828 929 3974 984 fateri

2399 1018 2553 1072 velis.
2594 1017 2744 1073 Tunc
2776 1020 3039 1088 ajtjudex
3074 1037 3088 1073 :
3136 1019 3436 1088 Cuiusnam
3506 1021 3669 1075 sortis
3720 1020 3891 1073 homo
3927 1031 3975 1072 tu

2399 1109 2500 1162 es?
2531 1109 2895 1176 Christianus,
2924 1110 3100 1180 inquit
3129 1111 3415 1180 Didymus,
3437 1125 3535 1180 ego
3557 1126 3674 1164 sum
3701 1127 3729 1164 a
3759 1110 3975 1166 Christo

2407 1200 2540 1254 liber
2574 1199 2766 1256 factus.
2795 1203 2862 1254 At
2887 1202 3090 1270 judex:
3124 1199 3377 1257 Cruciate
3426 1204 3588 1256 istum
3622 1203 3972 1258 vehementer

2402 1290 2609 1346 duobus
2637 1293 2831 1357 modis,
2875 1303 3094 1363 propter
3124 1294 3239 1361 ejus
3280 1293 3657 1363 petulantiam.
3693 1294 3865 1359 Peto,
3897 1298 3975 1349 in-

2401 1384 2518 1453 quit
2553 1383 2832 1453 Didymus,
2869 1395 2927 1440 ut
2955 1388 3098 1456 quod
3126 1386 3193 1440 ab
3221 1385 3636 1454 imperatoribus
3662 1386 3771 1440 tuis
3799 1387 3981 1452 jussus

2401 1491 2479 1539 es,
2508 1476 2759 1532 celeriter
2789 1477 3062 1544 expedias.
3101 1476 3201 1531 Cui
3251 1477 3420 1546 judex
3455 1495 3468 1530 :
3502 1476 3604 1531 Per
3650 1477 3781 1530 deos
3813 1477 3980 1544 dupli-

2404 1568 2484 1622 cia
2520 1575 2786 1622 tormenta
2825 1570 2918 1623 tibi
2951 1569 3182 1636 reposita
3217 1577 3345 1622 sunt
3372 1571 3473 1623 nisi
3512 1569 3616 1624 diis
3645 1569 3778 1638 ipsis
3808 1569 3976 1622 sacri-

2405 1658 2557 1714 lices.
2595 1659 2746 1724 Quod
2781 1662 2825 1714 si
2859 1659 3076 1726 feceris,
3111 1661 3259 1728 prius
3298 1660 3428 1713 illud
3463 1660 3678 1713 facinus
3707 1669 3863 1713 tuum
3889 1674 3980 1711 au-

2404 1753 2504 1806 dax
2529 1753 2948 1810 condonabitur.
2982 1753 3111 1820 Ego,
3146 1753 3320 1821 inquit
3352 1751 3635 1820 Didymus,
3670 1751 3854 1820 reipsa
3893 1751 3983 1803 tibi

2404 1846 2639 1909 osrendi,
2680 1861 2763 1899 me
2791 1846 2882 1898 Dei
2911 1845 3168 1899 athletam
3192 1859 3314 1899 esse
3347 1861 3362 1898 :
3398 1843 3615 1913 propter
3644 1843 3809 1896 linem
3840 1843 3981 1896 enim

2408 1938 2536 1993 mihi
2559 1938 2850 2006 repositum
2877 1939 2979 1992 hoc
3008 1937 3187 1991 lacere
3211 1951 3499 2006 aggressus
3529 1935 3625 1999 fui,
3663 1945 3721 1986 ut
3749 1943 3804 1988 et
3835 1934 3985 2000 virgo

2405 2030 2540 2099 ipsa,
2567 2029 2717 2098 virgo
2746 2036 3074 2089 remaneret,
3110 2036 3162 2080 et
3197 2042 3296 2094 ego
3328 2026 3418 2079 Dei
3444 2024 3842 2080 confessionem
3875 2038 3987 2076 ma-

2404 2122 2597 2177 nifeste
2629 2121 2949 2190 profiterer;
2986 2135 3112 2174 nam
3144 2120 3197 2174 in
3238 2118 3327 2173 Dei
3368 2118 3471 2173 fide
3490 2131 3844 2186 permanens,
3883 2123 3986 2169 tor-

2406 2225 2583 2270 menta
2635 2230 2737 2268 non
2768 2215 3020 2270 sentiam.
3057 2213 3242 2279 Itaque
3284 2211 3534 2264 celeriter
3567 2210 3673 2272 fac,
3709 2209 3860 2278 quod
3903 2210 3985 2260 vi-

2406 2307 2561 2360 detur
2586 2348 2600 2370 ,
2637 2323 2743 2359 non
2774 2306 2915 2360 enim
2955 2305 3286 2359 daemonibus
3329 2302 3570 2357 immolo.
3602 2299 3736 2354 Nam
3770 2309 3825 2354 et
3849 2301 3892 2353 si
3931 2300 3984 2352 in

2407 2398 2583 2467 ignem
2620 2413 2703 2450 me
2739 2397 2951 2453 tradere
2979 2397 3234 2462 volueris,
3267 2395 3414 2449 illinc
3464 2395 3627 2449 etiam
3691 2394 3838 2447 Deus
3902 2406 3987 2446 me

2402 2500 2577 2560 potest
2607 2491 2840 2558 eripere.

2473 2581 2564 2636 1X.
2596 2581 2749 2636 Tune
2785 2580 2860 2635 illi
2895 2581 3064 2650 judex
3107 2596 3120 2634 :
3151 2576 3336 2632 Tantae
3362 2576 3600 2632 audaciae
3632 2589 3798 2630 causa
3825 2584 3988 2641 caput

2406 2674 2499 2728 tibi
2561 2675 2916 2728 abscindetur
2960 2684 3056 2726 :et
3097 2673 3350 2742 quoniam
3415 2670 3762 2724 dominorum
3829 2673 3990 2737 atque

2405 2763 2798 2832 imperatorum
2859 2771 3174 2817 nostrorum
3208 2770 3536 2829 praeceptum
3576 2757 3986 2826 contempsisti,

2405 2856 2645 2922 reliquiae
2673 2867 2774 2910 tuae
2801 2855 2852 2909 in
2875 2855 3050 2923 ignem
3079 2854 3381 2906 tradentur.
3417 2852 3495 2904 Ad
3529 2851 3640 2903 haec
3682 2849 3988 2917 Didymus:

2405 2945 2748 3010 Benedictus,
2797 2946 2992 3014 inquit,
3044 2946 3185 2998 Deus
3241 2950 3294 2995 et
3331 2941 3489 2993 Pater
3543 2937 3758 2992 Domini
3817 2937 3990 2990 nostri

2402 3033 2527 3092 Jesu
2560 3037 2785 3102 Christi,
2835 3037 2922 3106 qui
2965 3033 3251 3089 consilium
3313 3046 3488 3087 meum
3547 3046 3650 3084 non
3712 3029 3991 3097 despexit,

2405 3130 2498 3187 sed
2520 3139 2571 3184 et
2599 3130 2936 3183 Theodoram
2962 3129 3213 3182 ancillam
3247 3140 3396 3183 suam
3426 3125 3692 3193 integram
3723 3123 3990 3180 servavit.

731 3221 1016 3288 Quodnam
1067 3222 1159 3276 tibi
1219 3238 1411 3276 nomen
1459 3222 1588 3276 est?
1623 3221 1903 3293 Didymus,
1967 3222 2142 3293 inquit
2192 3223 2304 3288 ille,
2335 3251 2375 3309 α
2407 3230 2574 3274 etme
2604 3237 2698 3289 per
2726 3221 2830 3273 duo
2865 3227 3131 3272 tormenta
3195 3214 3497 3270 coronabit.
3554 3211 3801 3309 Cumqma
3862 3225 3993 3264 sen-

727 3329 826 3380 ego
855 3314 1114 3382 appellor.
1154 3313 1288 3368 Tum
1319 3315 1491 3384 judex
1520 3333 1533 3369 :
1561 3312 1625 3368 Et
1658 3314 1914 3384 quisnam
1947 3316 2040 3369 tibi
2075 3330 2301 3384 sugges-

728 3405 819 3469 sit,
853 3413 911 3459 ut
942 3406 1083 3459 istud
1116 3405 1345 3472 faceres,
1379 3420 1442 3462 ac
1487 3422 1572 3462 me
1605 3408 2030 3462 contemneres?
2063 3409 2157 3461 Cui
2203 3407 2294 3460 Di-

728 3496 923 3564 dymus
959 3513 972 3549 :
1009 3495 1151 3551 Deus
1185 3511 1269 3551 me
1298 3497 1465 3562 misit,
1494 3508 1559 3552 ut
1581 3499 1681 3553 hoc
1720 3499 1978 3552 facerem.
2008 3498 2303 3559 Confitere,

733 3584 907 3652 inquit
934 3587 1119 3654 judex,
1162 3596 1453 3653 antequam
1499 3590 1781 3642 tormentis
1806 3587 2135 3654 subjiciaris.
2171 3588 2304 3644 Ubi-

733 3693 856 3732 nam
882 3688 964 3732 est
992 3674 1281 3732 Theodora
1337 3677 1426 3732 illa
1479 3678 1671 3749 virgo?
1707 3679 2002 3749 Respondit
2045 3681 2120 3734 illi
2156 3697 2170 3735 :
2209 3679 2310 3734 Per

732 3769 1002 3824 Christum
1045 3770 1136 3825 Dei
1164 3771 1384 3838 Filium,
1423 3772 1510 3825 ubi
1548 3785 1608 3825 ea
1644 3772 1736 3834 sit,
1771 3775 1974 3827 nescio.
2011 3773 2142 3827 Illud
2173 3773 2307 3836 scio,

730 3877 796 3919 ae
831 3878 1152 3933 persuasum
1206 3864 1399 3933 habeo,
1432 3865 1575 3936 quod
1606 3879 1729 3919 cum
1764 3865 1859 3920 Dei
1903 3868 1976 3920 sit
2027 3882 2205 3928 serva,
2258 3874 2312 3919 et

2419 3312 2639 3366 tentiam
2666 3327 2692 3362 a
2719 3311 2902 3378 judice
2939 3308 3101 3361 latam
3127 3304 3444 3372 accepisset,
3483 3300 3658 3354 securi
3696 3312 3992 3368 percussus

2412 3414 2514 3461 est.
2542 3403 2657 3470 Quo
2677 3402 2841 3468 facto,
2867 3401 2983 3469 ejus
3002 3411 3198 3468 corpus
3222 3396 3274 3450 itt
3309 3396 3485 3465 ignem
3517 3391 3618 3444 fuit
3647 3393 3990 3459 conjectum.

2410 3494 2666 3562 Martyrio
2693 3503 2871 3547 autem
2906 3495 3126 3548 functus
3164 3498 3246 3543 est
3276 3493 3497 3542 sanctus
3535 3483 3798 3552 Didymus
3824 3479 3994 3536 Nonis

2410 3586 2633 3653 Aprilis,
2692 3595 2955 3654 regnante
3010 3585 3062 3637 in
3126 3583 3275 3641 cretis
3337 3580 3568 3635 Domino
3619 3582 3808 3630 nostro
3865 3571 3991 3628 Jesu

2411 3677 2631 3734 Christo
2666 3693 2678 3730 :
2711 3675 2964 3745 quoniam
2999 3675 3098 3746 ipsi
3127 3685 3179 3730 et
3209 3674 3375 3745 gloria
3411 3687 3534 3725 cum
3584 3667 3744 3723 Patre
3788 3676 3845 3721 et
3871 3679 3995 3720 sano

2408 3782 2497 3829 cto
2530 3771 2735 3841 Spiritu
2767 3785 2927 3836 nunc,
2959 3781 3010 3824 et
3030 3783 3264 3836 semper,
3299 3773 3356 3820 et
3409 3764 3460 3817 in
3509 3760 3706 3816 saecula
3761 3757 3993 3814 sarculo-

2413 3881 2555 3918 rum.
2591 3866 2781 3918 Amen.

751 3990 3948 4014 MM

1439 4163 2312 4280 MABTYRIUM
2403 4165 2522 4278 S.
2616 4166 3292 4280 THERMES

1286 4378 1387 4438 ET
1471 4375 1911 4437 PHERBDTIE
1984 4376 2168 4435 EJUS
2231 4376 2570 4438 SORORlS
2632 4377 2977 4448 EJUSQUE
3043 4373 3427 4437 ANCILLIE.

1194 4528 1358 4595 (Anno
1390 4527 1502 4579 510.
1529 4554 1588 4566 -—
1612 4525 1754 4589 Apud
1778 4526 1979 4576 Surium
2013 4524 2072 4574 ad
2098 4525 2230 4575 diem
2257 4525 2286 4576 ὅ
2321 4525 2523 4588 Aprilis.
2558 4525 2727 4578 Graece
2751 4537 2847 4575 non
2876 4527 3045 4576 exstat
3075 4523 3126 4574 in
3164 4521 3305 4572 codd.
3341 4521 3523 4584 Paris.)

809 4789 844 4836 1.
875 4782 1141 4848 Tempore
1175 4783 1372 4832 nostra)
1408 4775 1822 4846 persecutionis,
1854 4775 2036 4846 regina
2084 4786 2304 4844 repente
2340 4783 2384 4842 υ
2415 4779 2755 4834 constitutus.
2791 4775 2924 4829 Cum
2953 4779 3131 4825 autem
3159 4774 3342 4822 sancta
3371 4764 3604 4820 Therme
3628 4777 3750 4818 cum
3784 4763 4000 4818 duabus

735 4880 787 4930 in
830 4874 1072 4930 morbum
1129 4870 1351 4936 incidit;
1411 4885 1528 4940 qua:
1575 4883 1696 4923 cum
1755 4868 2062 4924 Judazorum
2128 4871 2306 4923 erucis

735 4968 1069 5023 inimicorum
1098 4973 1242 5019 esset
1265 4962 1528 5028 studiosa,
1585 4976 1783 5028 eosque
1817 4963 2042 5013 libenter
2073 4960 2305 5022 audiret,

735 5064 1082 5112 accesserunt
1109 5055 1173 5104 ad
1207 5068 1325 5106 eam
1355 5061 1515 5119 atque
1557 5051 1827 5114 dixerunt,
1883 5048 2156 5104 Simeouis
2189 5051 2308 5116 epi-

736 5149 904 5218 scopi.
943 5155 1298 5216 cognomento
1353 5143 1668 5214 Jombapba:
1727 5161 1961 5207 sorores,
2018 5155 2074 5197 ut
2123 5143 2307 5198 fratris

738 5240 1359 5302 necemuleiscerentur,
1396 5249 1656 5291 venenum
1711 5237 1831 5304 ipsi,
1886 5252 1992 5306 quo
2040 5237 2307 5299 interiret,

741 5334 1046 5390 miscuisse.
1081 5333 1232 5398 Quod
1264 5348 1383 5385 cum
1417 5333 1482 5386 ad
1535 5332 1678 5399 regis
1736 5343 1895 5382 aures
1955 5329 2313 5397 pervenisset,

739 5438 927 5482 sancta
955 5423 1186 5477 Therme
1222 5423 1401 5478 statim
1436 5437 1554 5476 cum
1593 5436 1777 5475 sorore
1827 5429 1878 5473 et
1941 5419 2132 5472 ancilla
2165 5434 2314 5471 com-

741 5521 1005 5590 prehensa
1052 5525 1154 5575 est,
1185 5514 1310 5570 Erat
1341 5525 1517 5570 autem
1546 5518 1657 5570 haec
1689 5515 1837 5582 virgo
1871 5515 2043 5568 sueris
2077 5514 2124 5564 iu
2158 5513 2314 5566 rebus

741 5613 1033 5666 exercitata
1066 5629 1079 5664 :
1113 5611 1222 5664 imo
1253 5627 1375 5669 vero
1407 5628 1594 5666 omnes
1649 5619 1802 5662 erant
1842 5609 1893 5659 in
1944 5605 2070 5659 Jesu
2110 5607 2311 5660 Christi

745 5700 848 5759 ﬁde
883 5705 1084 5771 Optime
1115 5702 1395 5757 institutzc.
1431 5704 1618 5757 Habita
1644 5703 1709 5756 de
1737 5703 1840 5756 illis
1868 5700 2091 5768 qumslio
2126 5697 2223 5749 fuit
2259 5698 2307 5750 in

745 5797 968 5866 palatio.
1005 5795 1215 5864 Maupta
1251 5799 1396 5857 enirn
1426 5797 1701 5867 Magorum
1742 5797 1990 5867 princeps
2025 5807 2147 5846 cum
2176 5790 2312 5842 duo-

748 5897 844 5950 bus
907 5890 1023 5948 aliis
1078 5890 1408 5962 principibus
1475 5889 1614 5964 regis
1647 5889 1898 5947 mandato
1940 5887 2099 5956 iudex
2140 5883 2312 5939 fuerat

2422 4869 2646 4936 reliquis
2677 4869 2729 4918 in
2775 4864 3036 4933 judicium
3067 4868 3214 4916 esset
3247 4859 3500 4920 adducta,
3533 4863 3821 4924 perspecta
3852 4851 3997 4922 judi-

2417 4976 2507 5015 ces
2544 4959 2932 5028 pulchritudine
2970 4957 3140 5024 ipsius
3165 4956 3302 5021 (erat
3331 4950 3471 5006 enim
3507 4947 3677 5001 forma
3702 4945 3998 5005 admodum

2418 5051 2665 5125 venusta)
2705 5052 2944 5120 improbo
2975 5046 3168 5116 singuli
3217 5057 3403 5099 amore
3439 5042 3789 5096 vehementer
3832 5055 3999 5094 exar-

2418 5155 2609 5200 serunt
2649 5163 2661 5197 :
2695 5158 2849 5195 nemo
2876 5150 3055 5194 tamen
3093 5137 3213 5191 aliis
3241 5150 3350 5188 rem
3377 5133 3657 5189 indicavit.
3689 5131 3783 5186 Sic
3827 5132 3994 5202 igitur

2423 5240 2538 5294 illas
2572 5247 2697 5293 sunt
2728 5236 2966 5290 allocuti.

2498 5333 2556 5386 Il.
2592 5331 2701 5385 Cur
2727 5329 2875 5383 orbis
2914 5341 3180 5381 terrarum
3213 5324 3410 5391 regina
3440 5336 3503 5376 ac
3532 5321 3770 5374 dominae
3801 5321 4000 5374 veneti-

2416 5428 2555 5482 cium
2592 5419 2872 5493 parastis?
2923 5420 3035 5486 Quo
3091 5416 3306 5484 quidem
3350 5412 3576 5466 crimine
3636 5412 3816 5477 digna:
3869 5410 4002 5467 estis

2420 5518 2608 5572 mortis
2635 5512 2900 5584 supplicio
2959 5509 3054 5563 Hic
3087 5517 3274 5562 sancta
3332 5505 3569 5562 Therme
3605 5505 3948 5572 respondens
3983 5520 3998 5554 :

2417 5610 2524 5664 Cur
2552 5622 2668 5666 nos,
2705 5606 2895 5673 inquit,
2930 5603 2980 5654 in
3015 5601 3222 5655 crimen
3260 5601 3487 5653 vocatis.
3519 5595 3660 5677 quod
3707 5610 3734 5647 a
3765 5597 4000 5650 veritate

2422 5697 2574 5749 abest
2610 5708 2770 5761 quam
2807 5687 3158 5758 longissime?
3189 5686 3296 5741 Cur
3323 5687 3476 5740 nobis
3510 5684 3810 5738 calumnias
3833 5682 4003 5736 strui-

2424 5789 2533 5844 tis?
2563 5785 2617 5841 Si
2654 5783 2969 5854 sanguinem
3027 5790 3267 5836 nostrum
3316 5779 3498 5841 sititis,
3549 5765 3673 5846 quid
3707 5774 3862 5828 vobis
3897 5774 3998 5824 im-

2426 5881 2733 5951 pedimento
2764 5884 2862 5932 est.
2900 5872 3186 5943 quominus
3221 5869 3364 5924 illum
3395 5867 3636 5926 bibatis?
3669 5863 3726 5918 Si
3761 5873 3991 5918 mortem
