4180 6466
182 420 251 485 89
1198 421 1379 482 VITA
1421 425 1477 482 S.
1520 425 1774 485 THERb

1903 429 2000 489 ET
2043 431 2469 497 SOCIARUM.

3400 446 3473 508 90

179 542 420 591 nostram
454 527 692 599 oplaliS.
724 540 855 583 ecce
886 540 1083 581 manus
1116 532 1586 626 vestra—quotidie
1630 536 1790 590 czedi—
1816 535 1866 595 Α
1894 558 1922 597 e
1954 550 2095 597 terra
2134 546 2403 603 tollendas
2435 549 2872 617 pronuntiarunt,
2908 555 3050 619 quod
3076 559 3276 623 reginae
3308 559 3471 626 phar-

178 631 275 683 bus
304 624 747 692 coinquinantur
776 638 789 674 :
824 630 878 674 et
917 634 1019 673 nos
1042 630 1267 690 pr0pter
1312 622 1479 679 Deum
1540 636 1784 680 nostrum

182 718 454 773 malumus
498 714 669 778 mori,
720 727 881 782 quam
920 710 1102 780 ipsum
1161 710 1467 779 abnegare:
1507 726 1592 771 est
1640 718 1785 770 enim

175 813 284 867 vita
316 822 536 864 nostra.
595 808 663 862 Et
721 802 1193 875 quemadmodum
1255 808 1515 875 scriptum
1564 816 1667 868 est.
1726 817 1785 862 ut

176 918 339 959 unum
372 899 551 955 Deum
589 898 901 961 adoremus,
931 906 985 948 et
1019 894 1096 947 illi
1128 894 1233 948 soli
1283 896 1589 949 serviamus
1629 897 1668 963 ¹,
1706 898 1786 953 sic

176 993 334 1047 etiam
366 992 631 1044 facimus.
668 987 871 1041 Etcum
902 985 1030 1039 alibi
1056 983 1326 1051 scriptum
1359 987 1428 1043 sit
1465 1002 1479 1039 :
1520 1004 1540 1037 t
1586 986 1786 1041 Maleli-

176 1101 267 1141 cos
297 1099 402 1138 non
454 1084 611 1137 sines
660 1079 840 1134 vivere
865 1079 885 1109 ²
912 1120 927 1143 ,
968 1095 988 1130 ι
1019 1074 1300 1145 quomodo
1362 1091 1462 1131 nos
1503 1078 1782 1145 malefica},

177 1193 294 1248 qua:
324 1177 512 1231 scelus
545 1174 600 1228 id
660 1172 878 1244 gravius
905 1184 1071 1240 prope
1101 1166 1201 1221 Dei
1241 1167 1610 1238 abnegatione
1637 1170 1782 1237 judi»

178 1266 409 1336 cannis?
443 1265 682 1335 Utrique
722 1262 962 1334 profecto
1014 1260 1241 1315 crimini
1303 1275 1455 1315 mors
1503 1262 1779 1331 proposita

177 1371 279 1417 est.
310 1360 635 1415 Audiebant
672 1357 883 1426 judices
914 1354 1179 1425 virginem
1245 1367 1371 1409 cum
1402 1354 1680 1425 voluptate
1728 1363 1784 1410 et

180 1472 288 1527 prta
322 1452 761 1525 pulchritudinis
780 1463 945 1519 atque
971 1450 1262 1519 sapientia:
1310 1450 1486 1521 ipsius
1541 1451 1781 1511 admira-

179 1548 322 1601 tione
358 1546 510 1614 loqui
564 1561 671 1599 non
704 1553 977 1614 poterant.
1008 1543 1114 1597 Sed
1146 1541 1392 1611 quisque
1430 1558 1616 1597 secum
1668 1542 1783 1612 ipse

176 1637 253 1689 sic
279 1636 569 1705 cogitabat
616 1652 631 1689 :
662 1632 861 1703 Regem
892 1633 1182 1694 hortabor,
1225 1642 1289 1684 ut
1318 1630 1439 1683 illas
1470 1631 1685 1697 liberet,
1726 1641 1785 1686 et

176 1726 317 1782 lianc
372 1727 513 1781 mihi
555 1740 781 1780 uxorem
841 1724 1058 1778 ducam.
1104 1720 1361 1791 Mauptas
1416 1734 1596 1776 autem
1632 1740 1645 1776 :
1680 1722 1780 1778 Vix

176 1819 392 1874 tandem
433 1827 615 1882 recte,
653 1817 848 1886 inquit,
884 1815 1085 1880 dixisti,
1119 1814 1286 1869 vobis
1315 1830 1424 1870 non
1457 1814 1625 1871 licere
1661 1830 1781 1873 esse

177 1910 443 1966 maleficia
476 1926 492 1975 ;
524 1924 716 1963 verum
747 1907 1005 1962 fraternae
1033 1908 1230 1961 mortis
1260 1906 1588 1962 ulciscendae
1613 1923 1777 1963 causa
1808 1880 1856 1941 Β

177 2002 226 2055 id
273 2002 666 2069 perpetrastis.
716 2000 798 2052 Ad
832 2000 945 2051 haec
985 1998 1133 2066 virgo
1175 2007 1370 2051 sancta
1443 2000 1725 2067 respondit
1760 2018 1773 2053 :

177 2094 312 2159 Quid
352 2093 488 2146 mali
552 2091 710 2145 fratri
774 2098 963 2143 nostro
1020 2088 1246 2153 accidit,
1299 2097 1361 2142 ut
1415 2104 1514 2145 nos
1561 2103 1781 2160 propter

178 2188 351 2256 ipsum
382 2200 413 2239 a
450 2184 567 2238 Deo
599 2182 812 2237 vivente
857 2180 1023 2235 vitam
1084 2188 1328 2233 nostram
1366 2180 1649 2250 seiungere
1684 2184 1779 2237 de-

178 2278 455 2333 beamus?
490 2276 756 2343 Quamvis
783 2274 927 2329 enim
959 2288 1053 2327 vos
1098 2272 1253 2326 illum
1296 2272 1646 2341 improbitate
1687 2288 1779 2328 ve-

178 2382 291 2430 stra
327 2382 384 2425 et
438 2370 794 2430 aemulatione
847 2366 1262 2430 interfeceritis,
1319 2375 1497 2423 tamen
1544 2368 1693 2434 vivit,
1727 2376 1782 2422 et

177 2465 375 2534 gaudet
404 2463 461 2517 in
486 2476 656 2532 regno
680 2459 886 2514 caelesti
921 2477 934 2512 :
971 2458 1109 2524 quod
1133 2456 1353 2524 quidem
1395 2472 1642 2522 regnum,
1680 2474 1779 2524 po-

176 2560 405 2611 tentiam
439 2565 497 2608 et
519 2552 815 2619 imperium
851 2558 1090 2601 vestrum
1120 2556 1352 2600 evertet.
1384 2546 1512 2612 Qua-
1548 2547 1632 2600 illa
1654 2565 1774 2601 cum

174 2648 412 2711 diceret,
443 2644 737 2714 jusserunt
775 2653 866 2695 eas
899 2640 952 2694 in
993 2650 1275 2694 carcerem
1312 2639 1458 2706 duci,
1502 2648 1558 2695 et
1601 2654 1781 2696 custo-

174 2740 297 2794 diri.

244 2831 337 2886 Ill.
370 2828 634 2886 Diluertlo
665 2838 842 2884 autem
894 2827 1046 2883 misit
1075 2826 1141 2882 ad
1182 2841 1305 2881 eam
1342 2827 1590 2896 Mauptas
1640 2844 1779 2881 nuu—

178 2925 335 2991 tium,
382 2925 482 2994 qui
518 2923 771 2977 diceret:
806 2920 861 2975 Si
902 2922 1005 2983 vis,
1043 2928 1215 2974 orabo
1246 2934 1449 2987 regem,
1490 2933 1548 2977 ut
1588 2920 1777 2975 liberet

176 3035 272 3072 vos
299 3034 329 3071 a
370 3027 579 3080 morte,
616 3024 669 3067 et
691 3015 799 3068 eris
832 3014 961 3065 mihi
1000 3027 1155 3068 uxor.
1183 3011 1391 3077 Quibus
1416 3014 1598 3068 verbis
1622 3014 1775 3068 audi-

175 3114 266 3175 tis,
300 3121 541 3166 strenua
585 3107 758 3176 virgo,
807 3106 906 3159 etsi
932 3121 1040 3160 non
1068 3107 1244 3174 potuit
1278 3122 1387 3160 non
1422 3111 1775 3173 commoveri,

1893 648 2040 686 tttaca
2076 649 2493 705 prmparassent,
2535 642 2730 707 quibus
2767 644 3035 698 interiret.
3072 646 3265 700 Statim
3309 652 3473 719 igitur

1891 739 1984 778 rex
2013 726 2149 779 hanc
2174 727 2225 781 in
2264 744 2357 783 eas
2382 736 2706 788 sententiam
2739 735 2883 795 tulit,
2921 745 2975 788 ut
3006 753 3110 803 quo
3153 742 3343 792 mortis
3374 755 3471 805 ge.

1891 831 2020 870 nere
2054 818 2192 887 magi
2223 820 2417 873 vellent
2448 822 2814 878 aﬂiecrentnr.
2854 826 3137 896 Negabant
3183 831 3327 883 enim
3373 834 3474 887 ho-

1888 909 2063 962 mines
2098 909 2246 979 impii
2296 924 2456 981 atque
2514 916 2735 984 impuri,
2794 919 2907 972 fieri
2951 935 3131 985 posse,
3175 932 3237 974 ut
3284 908 3468 992 regina

1889 999 2316 1065 convalesceret,
2350 1003 2451 1058 nisi
2481 1006 2751 1076 virginum
2791 1025 3017 1079 corpora
3053 1012 3188 1066 duas
3213 1014 3263 1065 in
3289 1025 3471 1086 partes

1890 1090 1962 1144 ita
1996 1092 2420 1159 dissecarentnr,
2475 1104 2533 1149 ut
2588 1098 2773 1167 regina
2834 1116 2929 1169 per
2979 1103 3216 1155 medium
3257 1104 3466 1159 illarum

1890 1183 2191 1240 incederet.
2228 1184 2335 1240 Sed
2370 1186 2612 1257 Mauptas
2649 1206 2861 1253 rursus,
2881 1207 3002 1245 cum
3037 1194 3103 1247 ad
3145 1194 3467 1261 supplicium

1885 1276 2235 1341 ducerentur,
2262 1279 2327 1332 ad
2366 1289 2609 1335 sanctam
2649 1282 2817 1348 misit,
2848 1284 2937 1350 qui
2975 1283 3203 1349 diceret,
3232 1288 3276 1337 si
3310 1285 3468 1339 vellet

1885 1366 1987 1420 sibi
2029 1366 2279 1436 obsequi,
2331 1381 2676 1435 curaturum,
2712 1384 2766 1425 ut
2799 1389 2895 1428 nec
2933 1376 3065 1441 ipsa,
3106 1391 3203 1428 nec
3246 1376 3469 1443 reliqua:

1887 1457 2074 1527 puellae
2112 1459 2565 1515 interﬁcerentur.
2598 1465 2666 1517 At
2694 1465 2842 1534 virgo
2862 1478 3072 1526 sancta.
3110 1466 3255 1520 clara
3288 1483 3418 1522 voce
3452 1485 3467 1522 :

1885 1550 2067 1615 Canis,
2092 1549 2288 1621 inquit,
2323 1552 2619 1614 immnnde,
2647 1570 2746 1608 cur
2780 1557 2895 1610 Inec
2923 1557 3184 1625 loqueris,
3218 1573 3337 1627 qua:
3366 1574 3468 1629 ego

1885 1645 2070 1697 audire
2103 1660 2209 1697 non
2241 1660 2454 1713 possunt
2478 1645 2501 1699 ?
2528 1646 2608 1700 Ad
2631 1647 2789 1701 finem
2827 1650 2971 1701 enim
3004 1650 3166 1717 hujus
3194 1655 3313 1703 vitae
3344 1664 3468 1717 per-

1884 1736 2072 1790 venire
2103 1739 2287 1805 cupio,
2330 1748 2380 1790 ut
2409 1750 2670 1807 perpetuo
2710 1741 2908 1793 vivam.
2958 1741 3142 1804 Absit,
3203 1752 3261 1795 ut
3299 1743 3469 1796 cadu-

1886 1843 2004 1883 cam
2057 1829 2196 1883 haue
2235 1830 2364 1884 mihi
2393 1830 2558 1885 vitam
2587 1846 2796 1900 parem,
2837 1847 2965 1901 qua
3022 1844 3199 1888 morte
3250 1849 3467 1903 peream

1885 1924 2238 1993 sempiterna.

1962 2017 2024 2071 ν.
2062 2018 2381 2072 Eduxerant
2413 2018 2582 2089 igitur
2616 2018 2737 2087 illas
2771 2028 2922 2073 extra
2951 2020 3251 2083 civitatem,
3286 2030 3342 2073 et
3367 2034 3466 2089 pro

1883 2122 2211 2175 unaquaque
2240 2109 2479 2176 ipSut'llm
2524 2110 2680 2165 binos
2717 2113 2868 2179 palos
2922 2114 2993 2167 ita
3035 2113 3365 2177 deﬁxerttnt,
3408 2123 3468 2167 ut

1884 2196 1975 2251 uni
2005 2211 2190 2251 eorum
2226 2198 2446 2261 collum,
2476 2200 2629 2253 alteri
2668 2204 2833 2271 pedes
2868 2218 3055 2256 eorum
3112 2204 3397 2273 alligarent
3445 2221 3461 2259 :

1883 2300 1939 2346 et
1964 2305 2083 2345 cum
2106 2305 2199 2345 eas
2240 2292 2319 2345 sic
2344 2295 2740 2357 extendissent,
2773 2308 3049 2360 assumpta
3079 2312 3228 2351 serra
3259 2298 3463 2363 fabrili,

1884 2381 2127 2449 singulas
2161 2382 2211 2433 in
2261 2381 2416 2436 binas
2449 2391 2633 2453 partes
2660 2384 3059 2439 dissecuerunt.
3093 2385 3159 2440 Et
3193 2395 3342 2440 terna
3395 2388 3464 2441 li-

1885 2487 1985 2539 gna
2022 2488 2245 2539 procera
2276 2475 2325 2526 in
2353 2490 2457 2529 una
2496 2488 2650 2545 parte
2684 2478 2801 2542 viae,
2837 2487 2992 2532 terna
3037 2481 3087 2531 in
3117 2480 3287 2532 altera
3334 2494 3465 2533 con-

1881 2566 2199 2628 stituerunt,
2271 2564 2486 2631 illisque
2542 2578 2854 2623 sanctarum
2915 2570 3184 2638 virginum
3235 2584 3461 2638 corpora

1881 2655 2301 2722 suspenderunt.
2340 2655 2384 2710 Ο
2409 2660 2777 2723 spectaculum
2811 2663 3140 2715 horrendum
3181 2676 3244 2714 ac
3296 2664 3461 2715 mise—

1883 2748 2077 2810 rabile,
2120 2750 2486 2820 spectaculum
2517 2750 2793 2822 lacrymis,
2820 2754 2989 2813 luctu,
3028 2764 3247 2821 stupore
3281 2762 3334 2812 et
3368 2768 3462 2823 ge-

1884 2842 2016 2894 mitu
2066 2844 2527 2911 prosequendum.
2580 2842 2635 2897 Si
2667 2846 2790 2913 quis
2832 2846 3098 2916 lacrymas
3131 2860 3235 2896 non
3270 2845 3457 2905 habet,

1881 2933 2125 2994 accedat,
2158 2944 2210 2985 et
2243 2942 2535 3000 erumpent
2558 2950 2622 2988 ex
2650 2934 2821 2989 oculis
2844 2936 2961 3003 ejus
2991 2934 3169 2989 fontes
3195 2935 3464 3003 lacrytnac

1881 3042 2022 3080 rum.
2050 3025 2187 3079 Ecce
2217 3040 2441 3093 corpora
2490 3028 2718 3080 candida
2771 3038 2825 3080 et
2863 3041 3050 3081 sancta
3090 3039 3351 3095 tropaeum
3404 3029 3459 3081 in

1883 3120 1967 3172 via
1996 3120 2423 3181 constituerunt,
2478 3121 2531 3172 in
2565 3120 2761 3187 quibus
2820 3118 2922 3173 illa:
2970 3119 3117 3174 omni
3167 3120 3289 3172 vitae
3347 3134 3459 3172 sua:

176 3216 359 3260 tamen
393 3204 469 3257 ita
508 3200 834 3271 respondit:
870 3198 944 3254 Os
988 3209 1137 3254 tuum
1176 3198 1422 3263 obstrue,
1476 3200 1628 3253 canis
1676 3202 1775 3253 im-

1884 3222 2123 3277 tempore
2170 3212 2492 3277 gravitatem
2541 3222 2594 3267 et
2628 3214 2990 3280 virginitatem
3025 3212 3331 3266 coluerunt.
3372 3211 3461 3265 Li-

178 3300 409 3362 munde,
444 3296 671 3351 inimice
697 3294 811 3357 Dei,
838 3302 895 3349 et
925 3294 1104 3347 omnis
1130 3293 1376 3347 veritatis
1404 3307 1555 3359 ;.nec
1576 3294 1776 3349 audeas

180 3395 425 3463 amplius
459 3391 689 3445 verbum
716 3390 983 3456 impurum
1012 3385 1290 3441 effundere
1323 3388 1373 3439 in
1409 3401 1571 3441 aures
1605 3401 1772 3440 meas.

174 3486 372 3555 Neque
412 3485 567 3541 enim
600 3484 704 3536 ista
745 3482 1009 3549 cogitatio
1044 3480 1189 3535 cadit
1218 3480 1271 3533 in
1307 3482 1540 3535 ttienmm
1578 3496 1773 3537 meam.
1808 3519 1813 3525 -

174 3584 359 3636 Absit.
390 3576 585 3633 Semel
612 3575 755 3629 enim
791 3575 965 3628 dicata
990 3589 1107 3627 sum
1141 3573 1361 3628 Christo
1406 3571 1660 3637 Domino,
1688 3576 1775 3629 cui

174 3674 569 3746 virginitatem
624 3683 796 3723 meam
853 3680 1032 3732 servo,
1084 3676 1136 3720 et
1175 3665 1335 3720 fidem
1384 3680 1450 3720 ac
1490 3672 1772 3723 veritatem

174 3766 320 3820 tueri
363 3762 570 3817 studeo
599 3777 615 3827 ;
648 3761 795 3816 solus
821 3760 966 3813 enim
1011 3768 1093 3813 est
1126 3759 1244 3814 sine
1281 3765 1525 3827 peccato,
1551 3767 1607 3812 ct
1642 3758 1775 3813 libe-

174 3872 300 3913 rare
340 3872 432 3912 me
466 3863 651 3927 potest
681 3853 747 3908 ab
780 3851 1073 3907 immundis
1123 3852 1397 3915 manibus,
1451 3863 1505 3906 et
1550 3853 1773 3922 impuris

171 3950 617 4022 cogitationibus
647 3948 861 4002 vestris.
898 3944 1031 3999 Mori
1068 3960 1173 3999 non
1227 3946 1414 4011 timeo,
1464 3960 1563 4000 nec
1604 3946 1769 3999 ullum

169 4043 342 4098 cadis
365 4052 547 4107 genus
586 4035 905 4090 reformido.
940 4033 1064 4088 Haec
1094 4034 1238 4088 enim
1274 4035 1387 4100 via,
1431 4050 1590 4103 quam
1639 4035 1769 4089 mihi

171 4130 495 4191 adornatis,
522 4143 613 4182 me
638 4126 796 4180 ducet
829 4127 894 4180 ad
926 4126 1305 4181 cbarissimum
1338 4126 1561 4184 fratrem
1589 4145 1768 4185 meum

171 4227 531 4287 Simeonem,
567 4229 625 4276 ut
651 4219 898 4274 dolorum
934 4228 988 4273 et
1014 4221 1334 4289 gemituum,
1363 4236 1496 4288 quos
1524 4232 1639 4289 post
1672 4237 1769 4276 ne—

168 4334 290 4376 cem
325 4319 513 4388 ipsius
534 4314 757 4384 pertulit
787 4313 967 4367 anima
994 4327 1136 4375 mea,
1159 4310 1412 4367 solatium
1442 4321 1497 4365 et
1520 4313 1768 4369 consola-

168 4412 381 4465 tionem
422 4406 717 4475 accipiatn.
763 4401 1021 4455 Miserum
1075 4402 1260 4455 itidem
1311 4401 1377 4455 ad
1424 4416 1540 4456 eam
1575 4402 1765 4469 reliqui

167 4503 279 4554 duo
316 4498 605 4568 principes
648 4494 865 4547 nuntios
898 4508 913 4546 :
943 4507 1083 4563 quos
1110 4493 1200 4545 illa
1236 4496 1443 4562 pariter
1473 4510 1594 4550 cum
1621 4495 1764 4550 iridi-

1881 3304 2065 3355 bertas
2096 3303 2145 3353 in
2182 3305 2533 3368 ignominiam
2577 3319 2731 3355 versa
2763 3315 2845 3355 est
2879 3320 3088 3367 earum,
3126 3320 3243 3371 quae
3273 3307 3459 3359 mode-

1878 3394 2036 3447 stiam
2061 3405 2114 3447 et
2138 3398 2452 3463 a‘quitatem
2492 3395 2544 3447 in
2573 3396 2792 3463 proprio
2828 3396 3064 3449 thalamo
3099 3401 3451 3451 exercebant.

1880 3484 2018 3540 Ecce
2046 3488 2213 3558 gloria
2242 3496 2445 3542 ntutata
2508 3499 2589 3541 est
2633 3493 2687 3541 in
2740 3489 3151 3543 contumeliam.
3204 3488 3456 3555 Qnandiu

1879 3583 2123 3648 quiescet
2144 3591 2196 3633 et
2224 3580 2565 3649 exspectabit
2594 3581 2775 3633 divina
2810 3581 3064 3650 justitia?
3101 3583 3205 3637 Sed
3234 3599 3353 3636 cum
3390 3584 3455 3635 ad

1872 3670 2223 3742 judicautittm
2281 3683 2560 3741 exsurget,
2626 3688 2733 3727 nou
2794 3688 2980 3742 parret
3040 3676 3295 3741 amplius,
3358 3689 3457 3728 nec

1879 3765 2245 3819 miserebitur.
2286 3765 2459 3828 Quam
2501 3768 2665 3817 multa
2698 3769 2863 3818 audet
2898 3769 3148 3835 superbia
3182 3784 3339 3836 :quat
3375 3777 3457 3819 ta-

1878 3871 2002 3911 men
2039 3870 2159 3908 cum
2190 3854 2474 3917 ceciderit,
2504 3870 2607 3910 nec
2635 3866 2949 3921 consurget,
2978 3872 3075 3911 nec
3117 3858 3333 3913 habebit
3367 3858 3457 3914 ubi

1877 3948 2162 4001 consistat.
2217 3946 2339 4000 Hice
2369 3948 2613 4013 profecto
2671 3958 2980 4003 sanctarum
3041 3950 3181 4016 ligna
3252 3952 3457 4006 fructus

1868 4039 2096 4104 iustitia:
2123 4035 2323 4089 ferunt.
2360 4035 2498 4093 Vere
2529 4041 2614 4092 isti
2646 4051 2773 4093 sunt
2803 4042 3016 4095 Arabiae
3044 4042 3147 4109 lupi
3183 4042 3454 4103 crudeles,

1876 4130 2233 4197 biberitesque
2257 4129 2601 4198 sanguinem,
2636 4133 2726 4201 qui
2763 4131 3002 4195 virgines
3032 4134 3131 4185 has
3157 4142 3455 4187 secuerunt

1872 4238 1935 4276 ac
1963 4222 2384 4290 suspenderunt.
2408 4219 2484 4274 De
2510 4222 2641 4290 ipsis
2674 4223 2943 4288 cogitabat
2974 4226 3161 4274 beatus
3183 4222 3455 4289 Protiheta

1870 4330 1994 4371 cum
2018 4314 2221 4368 diceret
2258 4331 2272 4368 :
2308 4331 2326 4365 ι
2370 4311 2626 4368 Viventes
2659 4315 2844 4382 utique
2875 4312 3283 4368 absorbuissent
3322 4329 3442 4367 nos.

1874 4410 2008 4463 (lum
2044 4408 2372 4462 irasceretur
2405 4406 2559 4459 furor
2589 4422 2777 4460 eorum
2823 4407 2877 4460 in
2929 4423 3047 4471 nos,
3080 4410 3327 4461 viventes
3389 4406 3457 4461 ad

1874 4501 2079 4555 inferos
2107 4500 2420 4554 deduxisset
2452 4513 2551 4552 nos
2583 4500 2625 4553 ³.
2666 4516 2684 4551 ›
2722 4500 2853 4566 Quis
2896 4508 3005 4554 tam
3043 4501 3290 4555 horribili
3325 4499 3459 4553 faci-

165 4592 437 4660 gnatione
473 4585 686 4656 reiecit.
729 4584 1094 4651 Quamobrem
1128 4599 1253 4638 cum
1286 4600 1344 4639 se
1380 4588 1554 4643 victos
1586 4591 1652 4645 ab
1677 4588 1765 4641 illa

1879 4609 2008 4649 norc
2038 4592 2206 4645 laetari
2246 4594 2460 4659 potuit?
2505 4592 2637 4657 Quis
2670 4599 2777 4643 tam
2812 4591 3048 4645 immane
3074 4595 3450 4658 spectaculum

168 4682 589 4755 perspicerent,
642 4688 697 4733 et
755 4678 1105 4748 cupiditatem
1167 4691 1319 4731 suam
1379 4676 1595 4733 inanem
1648 4694 1768 4735 esse

165 4776 714 4833 animadverterent,
749 4770 1034 4827 consilium
1067 4772 1327 4834 inierunt,
1363 4780 1419 4827 et
1452 4772 1648 4827 falsum
1686 4784 1769 4827 at-

163 4885 273 4940 que
307 4869 567 4937 iniquum
608 4864 673 4915 ad
704 4878 882 4932 regem
915 4864 1280 4919 tesrimonium
1309 4865 1641 4931 detulerunt,
1672 4882 1765 4922 eas

162 4982 289 5023 esse
320 4966 632 5026 maleficos,
662 4971 991 5014 asserentes.

238 5056 334 5113 IV.
372 5058 499 5123 Quo
534 5068 627 5107 rex
666 5050 869 5113 audito,
891 5043 1168 5112 decrevit,
1200 5058 1259 5103 ut
1294 5050 1395 5103 nisi
1424 5049 1537 5106 Soli
1569 5052 1762 5107 immo-

166 5148 377 5211 larent,
424 5145 833 5200 occiderentur.
868 5141 1020 5208 Quod
1069 5142 1286 5210 quidem
1321 5142 1597 5197 decretum
1636 5160 1758 5199 cum

165 5243 233 5298 ad
266 5257 364 5298 eas
405 5237 681 5309 perlatum
718 5248 880 5301 esset,
922 5235 1334 5305 reSpoitderunt,
1360 5250 1419 5291 se
1447 5235 1755 5292 Denmcmli

161 5352 228 5392 ac
263 5348 433 5391 terra:
465 5330 780 5387 effectorem
810 5328 1073 5397 adorare;
1110 5327 1253 5383 nolle
1282 5337 1460 5381 autem
1491 5330 1753 5383 honorem

163 5428 276 5482 Deo
302 5428 584 5487 debitum,
609 5420 723 5476 Soli
748 5423 814 5477 ab
853 5408 966 5490 ipso
1003 5428 1291 5490 procreato
1332 5422 1572 5476 tribuere
1608 5439 1621 5474 :
1661 5437 1761 5477 nec

165 5518 288 5571 ullis
333 5519 512 5572 minis
540 5528 700 5585 posse
734 5527 760 5567 a
792 5514 1055 5569 cbaritate
1092 5512 1391 5567 Salvatoris
1432 5522 1486 5567 et
1539 5514 1749 5568 Domini

168 5610 255 5667 sui
283 5608 421 5666 Jesu
458 5606 666 5663 Christi
695 5608 959 5662 revocari.
991 5605 1122 5674 Quae
1147 5620 1272 5659 cum
1312 5606 1583 5661 dixissent
1632 5622 1759 5661 san-

165 5717 264 5762 cta:
298 5700 578 5773 virgines,
612 5713 717 5754 uno
765 5699 904 5771 ntagi
942 5713 1213 5756 consensu
1278 5712 1577 5769 magnaque
1627 5714 1759 5756 voce

231 5882 247 5907 τ
279 5878 455 5932 Deut.
492 5888 570 5943 Vl,
605 5887 656 5926 κ.
736 5875 753 5905 ²
787 5874 957 5931 Exod.
982 5890 1165 5942 xxviii,
1199 5876 1280 5931 l8.

1363 5873 1379 5911 ³
1409 5874 1550 5933 Psal.
1587 5892 1768 5943 cum,
1796 5880 1846 5935 4.

1869 4688 1987 4742 sine
2026 4687 2283 4757 lacrymis
2328 4686 2570 4739 intueri?
2599 4683 2769 4739 Nemo
2803 4684 3067 4752 profecto.
3106 4686 3215 4740 Aur
3256 4689 3301 4738 si
3330 4687 3456 4755 quis

1868 4781 2062 4849 potuit,
2096 4780 2140 4833 is
2170 4781 2235 4831 ab
2264 4780 2502 4833 hominis
2529 4788 2727 4833 natura
2760 4789 2843 4835 est
2865 4780 3099 4847 alienus,
3134 4795 3235 4835 nec
3263 4795 3328 4834 ex
3360 4794 3455 4851 ge-

1868 4893 1994 4932 nere
2017 4877 2184 4929 Adam
2220 4879 2490 4949 profecuts
2521 4886 2625 4930 est.

1937 4966 2022 5022 Vl.
2057 4966 2317 5021 Tulerunt
2370 4967 2533 5036 igitur
2597 4969 2861 5024 infelicem
2929 4968 3211 5037 Reginam,
3243 4983 3363 5037 quae
3396 4968 3451 5025 in

1872 5073 1933 5115 ea
1963 5060 2045 5112 via
2073 5073 2169 5127 per
2193 5068 2507 5114 sanctarqu
2537 5076 2764 5123 corpora
2803 5061 3040 5125 transiit,
3075 5077 3267 5127 magna
3303 5062 3450 5115 illam

1871 5162 2082 5205 caterva
2119 5163 2499 5217 prosequente.
2537 5153 2644 5207 Rex
2678 5155 2821 5208 enim
2856 5156 2996 5207 diem
3022 5155 3168 5207 illum
3203 5153 3448 5207 celebra-

1867 5241 1976 5296 bat.
2030 5240 2289 5314 Martyrio
2337 5256 2597 5299 coronata
2641 5254 2724 5298 est
2766 5252 2951 5298 sancta
2985 5241 3264 5306 Therme,
3322 5259 3445 5298 cum

1865 5350 2053 5389 sorore
2081 5344 2136 5387 et
2160 5336 2378 5393 ancilla.
2414 5334 2583 5391 Nonis
2606 5336 2809 5406 Aprilis
2838 5337 2891 5390 in
2922 5336 3139 5390 Christo
3174 5334 3300 5390 Jesu
3339 5336 3448 5389 Do-

1862 5427 2010 5479 mino
2040 5438 2224 5480 nostro
2256 5443 2268 5492 ;
2308 5428 2391 5480 cui
2438 5430 2607 5499 gloria
2645 5445 2769 5482 cum
2801 5429 3148 5482 sanctissimo
3181 5426 3361 5489 Patre,
3388 5436 3443 5481 et

1862 5518 2254 5587 benignissimo
2315 5522 2481 5588 ipsius
2542 5520 2746 5588 Spiritu
2783 5520 2906 5573 vitae
2952 5520 3228 5587 largitore,
3269 5532 3437 5585 nunc,

1858 5619 1913 5665 et
1939 5625 2175 5683 semper,
2207 5622 2257 5669 et
2314 5614 2365 5666 ia
2394 5612 2589 5668 saecula
2617 5613 2965 5670 saeculorum.
2992 5612 3186 5666 Amen.
