  <div class='ocr_page' id='page_1' title='image "/cluster/home/n/w/nwhite01/storage/ocr_20150623/115/uva.x004215515/059.png"; bbox 0 0 4180 6488; ppageno 0'>
   <div class='ocr_carea' id='block_1_1' title="bbox 702 405 3965 489">
    <p class='ocr_par' dir='ltr' id='par_1_1' title="bbox 702 405 3965 489">
     <span class='ocr_line' id='line_1_1' title="bbox 702 405 3965 489; baseline 0.006 -19"><span class='ocrx_word' id='word_1_1' title='bbox 702 405 762 471; x_wconf 73' lang='lat'><strong>91</strong></span> <span class='ocrx_word' id='word_1_2' title='bbox 2005 418 2287 480; x_wconf 78' lang='lat' dir='ltr'><strong>MENSIS</strong></span> <span class='ocrx_word' id='word_1_3' title='bbox 2321 420 2651 482; x_wconf 76' lang='lat' dir='ltr'><strong>APRiLlS.</strong></span> <span class='ocrx_word' id='word_1_4' title='bbox 3900 426 3965 489; x_wconf 66' lang='grc'><strong>92</strong></span> 
     </span>
    </p>
   </div>
   <div class='ocr_carea' id='block_1_2' title="bbox 707 563 2439 598">
    <p class='ocr_par' dir='ltr' id='par_1_2' title="bbox 707 563 2439 598">
     <span class='ocr_line' id='line_1_2' title="bbox 707 563 2439 598; baseline 0.008 -13"><span class='ocrx_word' id='word_1_5' title='bbox 707 563 2439 598; x_wconf 48' lang='grc' dir='ltr'><strong>Μ...-</strong></span> 
     </span>
    </p>
   </div>
   <div class='ocr_carea' id='block_1_3' title="bbox 1418 753 3241 914">
    <p class='ocr_par' dir='ltr' id='par_1_3' title="bbox 1418 753 3241 914">
     <span class='ocr_line' id='line_1_3' title="bbox 1418 753 3241 914; baseline 0.002 -6"><span class='ocrx_word' id='word_1_6' title='bbox 1418 753 1575 908; x_wconf 89' lang='lat' dir='ltr'><strong>S.</strong></span> <span class='ocrx_word' id='word_1_7' title='bbox 1710 755 2669 910; x_wconf 84' lang='lat' dir='ltr'><strong>CALLIOPII</strong></span> <span class='ocrx_word' id='word_1_8' title='bbox 2781 759 3241 914; x_wconf 84' lang='lat' dir='ltr'><strong>VITA</strong></span> 
     </span>
    </p>
   </div>
   <div class='ocr_carea' id='block_1_4' title="bbox 1828 1042 2832 1135">
    <p class='ocr_par' dir='ltr' id='par_1_4' title="bbox 1828 1042 2832 1135">
     <span class='ocr_line' id='line_1_4' title="bbox 1828 1042 2832 1135; baseline 0.002 -4"><span class='ocrx_word' id='word_1_9' title='bbox 1828 1042 1977 1131; x_wconf 86' lang='lat' dir='ltr'><strong>ET</strong></span> <span class='ocrx_word' id='word_1_10' title='bbox 2050 1044 2832 1135; x_wconf 79' lang='lat' dir='ltr'><strong>MARTYRIUM.</strong></span> 
     </span>
    </p>
   </div>
   <div class='ocr_carea' id='block_1_5' title="bbox 1235 1235 3430 1308">
    <p class='ocr_par' dir='ltr' id='par_1_5' title="bbox 1235 1235 3430 1308">
     <span class='ocr_line' id='line_1_5' title="bbox 1235 1235 3430 1308; baseline 0.005 -23"><span class='ocrx_word' id='word_1_11' title='bbox 1235 1236 1432 1302; x_wconf 82' lang='lat' dir='ltr'><strong>(Latine</strong></span> <span class='ocrx_word' id='word_1_12' title='bbox 1457 1238 1587 1303; x_wconf 84' lang='lat' dir='ltr'><strong>apud</strong></span> <span class='ocrx_word' id='word_1_13' title='bbox 1611 1235 1811 1289; x_wconf 87' lang='lat' dir='ltr'><strong>Surium</strong></span> <span class='ocrx_word' id='word_1_14' title='bbox 1831 1238 1892 1290; x_wconf 89' lang='lat' dir='ltr'><strong>ad</strong></span> <span class='ocrx_word' id='word_1_15' title='bbox 1914 1241 2047 1289; x_wconf 92' lang='lat' dir='ltr'><strong>diem</strong></span> <span class='ocrx_word' id='word_1_16' title='bbox 2072 1242 2099 1291; x_wconf 89' lang='lat'><strong>7</strong></span> <span class='ocrx_word' id='word_1_17' title='bbox 2134 1241 2341 1304; x_wconf 82' lang='lat' dir='ltr'><strong>Aprilis.</strong></span> <span class='ocrx_word' id='word_1_18' title='bbox 2378 1245 2550 1294; x_wconf 58' lang='lat' dir='ltr'><strong>Graece</strong></span> <span class='ocrx_word' id='word_1_19' title='bbox 2587 1245 2638 1294; x_wconf 90' lang='lat' dir='ltr'><strong>ln</strong></span> <span class='ocrx_word' id='word_1_20' title='bbox 2663 1243 2771 1294; x_wconf 91' lang='lat' dir='ltr'><strong>cod.</strong></span> <span class='ocrx_word' id='word_1_21' title='bbox 2796 1242 2956 1294; x_wconf 82' lang='lat' dir='ltr'><strong>Paris.</strong></span> <span class='ocrx_word' id='word_1_22' title='bbox 2982 1259 3083 1295; x_wconf 86' lang='lat' dir='ltr'><strong>non</strong></span> <span class='ocrx_word' id='word_1_23' title='bbox 3106 1245 3430 1308; x_wconf 79' lang='lat' dir='ltr'><strong>invenimus.)</strong></span> 
     </span>
    </p>
   </div>
   <div class='ocr_carea' id='block_1_6' title="bbox 2289 1419 2361 1432">
    <p class='ocr_par' dir='ltr' id='par_1_6' title="bbox 2289 1419 2361 1432">
     <span class='ocr_line' id='line_1_6' title="bbox 2289 1419 2361 1432; baseline 0.014 -3"><span class='ocrx_word' id='word_1_24' title='bbox 2289 1419 2361 1432; x_wconf 67' lang='lat'><strong>.—</strong></span> 
     </span>
    </p>
   </div>
   <div class='ocr_carea' id='block_1_7' title="bbox 777 1537 3972 1624">
    <p class='ocr_par' dir='ltr' id='par_1_7' title="bbox 777 1537 3972 1624">
     <span class='ocr_line' id='line_1_7' title="bbox 777 1537 3972 1624; baseline 0.007 -32"><span class='ocrx_word' id='word_1_25' title='bbox 777 1540 820 1593; x_wconf 89' lang='grc' dir='ltr'><strong>Ι.</strong></span> <span class='ocrx_word' id='word_1_26' title='bbox 853 1537 1106 1592; x_wconf 86' lang='lat' dir='ltr'><strong>Theoclia</strong></span> <span class='ocrx_word' id='word_1_27' title='bbox 1163 1540 1357 1595; x_wconf 83' lang='lat' dir='ltr'><strong>mulier</strong></span> <span class='ocrx_word' id='word_1_28' title='bbox 1376 1543 1624 1611; x_wconf 60' lang='lat' dir='ltr'><strong>quedam</strong></span> <span class='ocrx_word' id='word_1_29' title='bbox 1655 1545 1761 1612; x_wconf 80' lang='lat' dir='ltr'><strong>pia.</strong></span> <span class='ocrx_word' id='word_1_30' title='bbox 1787 1559 1851 1600; x_wconf 91' lang='lat' dir='ltr'><strong>ac</strong></span> <span class='ocrx_word' id='word_1_31' title='bbox 1878 1545 2073 1600; x_wconf 87' lang='lat' dir='ltr'><strong>timens</strong></span> <span class='ocrx_word' id='word_1_32' title='bbox 2106 1545 2274 1601; x_wconf 89' lang='lat' dir='ltr'><strong>Deum</strong></span> <span class='ocrx_word' id='word_1_33' title='bbox 2307 1549 2352 1608; x_wconf 75' lang='grc' dir='ltr'><strong>Α</strong></span> <span class='ocrx_word' id='word_1_34' title='bbox 2384 1548 2486 1602; x_wconf 92' lang='lat' dir='ltr'><strong>lem</strong></span> <span class='ocrx_word' id='word_1_35' title='bbox 2511 1563 2575 1602; x_wconf 90' lang='lat' dir='ltr'><strong>ac</strong></span> <span class='ocrx_word' id='word_1_36' title='bbox 2605 1549 2736 1604; x_wconf 88' lang='lat' dir='ltr'><strong>deos</strong></span> <span class='ocrx_word' id='word_1_37' title='bbox 2767 1564 2974 1616; x_wconf 87' lang='lat' dir='ltr'><strong>omnes,</strong></span> <span class='ocrx_word' id='word_1_38' title='bbox 3039 1550 3330 1621; x_wconf 65' lang='lat' dir='ltr'><strong>praefectus</strong></span> <span class='ocrx_word' id='word_1_39' title='bbox 3375 1552 3575 1624; x_wconf 90' lang='lat' dir='ltr'><strong>inquit,</strong></span> <span class='ocrx_word' id='word_1_40' title='bbox 3625 1557 3669 1610; x_wconf 87' lang='lat' dir='ltr'><strong>si</strong></span> <span class='ocrx_word' id='word_1_41' title='bbox 3724 1557 3809 1610; x_wconf 87' lang='lat' dir='ltr'><strong>vis</strong></span> <span class='ocrx_word' id='word_1_42' title='bbox 3856 1572 3972 1614; x_wconf 72' lang='lat' dir='ltr'><strong>esse</strong></span> 
     </span>
    </p>
   </div>
   <div class='ocr_carea' id='block_1_8' title="bbox 702 1629 2284 1708">
    <p class='ocr_par' dir='ltr' id='par_1_8' title="bbox 702 1629 2284 1708">
     <span class='ocr_line' id='line_1_8' title="bbox 702 1629 2284 1708; baseline 0.006 -24"><span class='ocrx_word' id='word_1_43' title='bbox 702 1644 827 1684; x_wconf 89' lang='lat' dir='ltr'><strong>cum</strong></span> <span class='ocrx_word' id='word_1_44' title='bbox 863 1640 973 1683; x_wconf 90' lang='lat' dir='ltr'><strong>tota</strong></span> <span class='ocrx_word' id='word_1_45' title='bbox 1003 1629 1205 1684; x_wconf 77' lang='lat' dir='ltr'><strong>familia</strong></span> <span class='ocrx_word' id='word_1_46' title='bbox 1242 1649 1363 1698; x_wconf 90' lang='lat' dir='ltr'><strong>sua,</strong></span> <span class='ocrx_word' id='word_1_47' title='bbox 1404 1633 1608 1689; x_wconf 87' lang='lat' dir='ltr'><strong>multas</strong></span> <span class='ocrx_word' id='word_1_48' title='bbox 1641 1634 2284 1708; x_wconf 84' lang='lat' dir='ltr'><strong>faciebateleemosynas,</strong></span> 
     </span>
    </p>
   </div>
   <div class='ocr_carea' id='block_1_9' title="bbox 705 1723 2286 1801">
    <p class='ocr_par' dir='ltr' id='par_1_9' title="bbox 705 1723 2286 1801">
     <span class='ocr_line' id='line_1_9' title="bbox 705 1723 2286 1801; baseline 0.009 -29"><span class='ocrx_word' id='word_1_49' title='bbox 705 1730 760 1773; x_wconf 84' lang='lat' dir='ltr'><strong>et</strong></span> <span class='ocrx_word' id='word_1_50' title='bbox 813 1728 1000 1775; x_wconf 81' lang='lat' dir='ltr'><strong>sancte</strong></span> <span class='ocrx_word' id='word_1_51' title='bbox 1054 1723 1290 1778; x_wconf 90' lang='lat' dir='ltr'><strong>vivebat.</strong></span> <span class='ocrx_word' id='word_1_52' title='bbox 1325 1723 1453 1780; x_wconf 84' lang='lat' dir='ltr'><strong>Haec</strong></span> <span class='ocrx_word' id='word_1_53' title='bbox 1491 1725 1606 1782; x_wconf 84' lang='lat' dir='ltr'><strong>viro</strong></span> <span class='ocrx_word' id='word_1_54' title='bbox 1654 1729 1835 1797; x_wconf 91' lang='lat' dir='ltr'><strong>nupsit</strong></span> <span class='ocrx_word' id='word_1_55' title='bbox 1865 1731 2163 1796; x_wconf 83' lang='lat' dir='ltr'><strong>senatorio,</strong></span> <span class='ocrx_word' id='word_1_56' title='bbox 2191 1731 2286 1801; x_wconf 85' lang='lat' dir='ltr'><strong>qui</strong></span> 
     </span>
    </p>
   </div>
   <div class='ocr_carea' id='block_1_10' title="bbox 703 1813 2288 1887">
    <p class='ocr_par' dir='ltr' id='par_1_10' title="bbox 703 1813 2288 1887">
     <span class='ocr_line' id='line_1_10' title="bbox 703 1813 2288 1887; baseline 0.009 -21"><span class='ocrx_word' id='word_1_57' title='bbox 703 1813 886 1868; x_wconf 85' lang='lat' dir='ltr'><strong>nullos</strong></span> <span class='ocrx_word' id='word_1_58' title='bbox 927 1830 993 1868; x_wconf 78' lang='lat' dir='ltr'><strong>ex</strong></span> <span class='ocrx_word' id='word_1_59' title='bbox 1023 1831 1109 1882; x_wconf 84' lang='lat' dir='ltr'><strong>ea,</strong></span> <span class='ocrx_word' id='word_1_60' title='bbox 1141 1818 1399 1885; x_wconf 89' lang='lat' dir='ltr'><strong>quoniam</strong></span> <span class='ocrx_word' id='word_1_61' title='bbox 1460 1829 1583 1874; x_wconf 88' lang='lat' dir='ltr'><strong>erat</strong></span> <span class='ocrx_word' id='word_1_62' title='bbox 1613 1823 1838 1887; x_wconf 74' lang='lat' dir='ltr'><strong>sterilis,</strong></span> <span class='ocrx_word' id='word_1_63' title='bbox 1883 1823 2081 1879; x_wconf 89' lang='lat' dir='ltr'><strong>liberos</strong></span> <span class='ocrx_word' id='word_1_64' title='bbox 2108 1826 2288 1880; x_wconf 86' lang='lat' dir='ltr'><strong>susci-</strong></span> 
     </span>
    </p>
   </div>
   <div class='ocr_carea' id='block_1_11' title="bbox 700 1906 2288 1984">
    <p class='ocr_par' dir='ltr' id='par_1_11' title="bbox 700 1906 2288 1984">
     <span class='ocr_line' id='line_1_11' title="bbox 700 1906 2288 1984; baseline 0.01 -26"><span class='ocrx_word' id='word_1_65' title='bbox 700 1906 887 1975; x_wconf 83' lang='lat' dir='ltr'><strong>piebat</strong></span> <span class='ocrx_word' id='word_1_66' title='bbox 916 1925 932 1962; x_wconf 90' lang='lat'><strong>:</strong></span> <span class='ocrx_word' id='word_1_67' title='bbox 976 1909 1071 1963; x_wconf 88' lang='lat' dir='ltr'><strong>Dei</strong></span> <span class='ocrx_word' id='word_1_68' title='bbox 1125 1921 1308 1967; x_wconf 83' lang='lat' dir='ltr'><strong>tatueu</strong></span> <span class='ocrx_word' id='word_1_69' title='bbox 1369 1928 1598 1968; x_wconf 90' lang='lat' dir='ltr'><strong>munere</strong></span> <span class='ocrx_word' id='word_1_70' title='bbox 1629 1917 1848 1970; x_wconf 87' lang='lat' dir='ltr'><strong>tandem</strong></span> <span class='ocrx_word' id='word_1_71' title='bbox 1880 1918 2147 1984; x_wconf 76' lang='lat' dir='ltr'><strong>concepit.</strong></span> <span class='ocrx_word' id='word_1_72' title='bbox 2181 1919 2288 1974; x_wconf 86' lang='lat' dir='ltr'><strong>Sed</strong></span> 
     </span>
    </p>
   </div>
   <div class='ocr_carea' id='block_1_12' title="bbox 699 2000 2290 2076">
    <p class='ocr_par' dir='ltr' id='par_1_12' title="bbox 699 2000 2290 2076">
     <span class='ocr_line' id='line_1_12' title="bbox 699 2000 2290 2076; baseline 0.01 -27"><span class='ocrx_word' id='word_1_73' title='bbox 699 2012 823 2052; x_wconf 86' lang='lat' dir='ltr'><strong>cum</strong></span> <span class='ocrx_word' id='word_1_74' title='bbox 862 2000 1038 2056; x_wconf 89' lang='lat' dir='ltr'><strong>adhuc</strong></span> <span class='ocrx_word' id='word_1_75' title='bbox 1078 2013 1295 2057; x_wconf 78' lang='lat' dir='ltr'><strong>uterum</strong></span> <span class='ocrx_word' id='word_1_76' title='bbox 1328 2015 1564 2073; x_wconf 91' lang='lat' dir='ltr'><strong>gereret,</strong></span> <span class='ocrx_word' id='word_1_77' title='bbox 1602 2007 1830 2062; x_wconf 79' lang='lat' dir='ltr'><strong>maritus</strong></span> <span class='ocrx_word' id='word_1_78' title='bbox 1858 2008 1974 2076; x_wconf 78' lang='lat' dir='ltr'><strong>ejus</strong></span> <span class='ocrx_word' id='word_1_79' title='bbox 2004 2007 2290 2065; x_wconf 83' lang='lat' dir='ltr'><strong>defunctus</strong></span> 
     </span>
    </p>
   </div>
   <div class='ocr_carea' id='block_1_13' title="bbox 700 2089 2285 2170">
    <p class='ocr_par' dir='ltr' id='par_1_13' title="bbox 700 2089 2285 2170">
     <span class='ocr_line' id='line_1_13' title="bbox 700 2089 2285 2170; baseline 0.009 -28"><span class='ocrx_word' id='word_1_80' title='bbox 700 2100 808 2143; x_wconf 86' lang='lat' dir='ltr'><strong>est.</strong></span> <span class='ocrx_word' id='word_1_81' title='bbox 847 2089 1216 2157; x_wconf 82' lang='lat' dir='ltr'><strong>Quamobrem</strong></span> <span class='ocrx_word' id='word_1_82' title='bbox 1245 2096 1298 2150; x_wconf 86' lang='lat' dir='ltr'><strong>in</strong></span> <span class='ocrx_word' id='word_1_83' title='bbox 1331 2111 1522 2166; x_wconf 77' lang='lat' dir='ltr'><strong>magna</strong></span> <span class='ocrx_word' id='word_1_84' title='bbox 1554 2098 1833 2168; x_wconf 76' lang='lat' dir='ltr'><strong>opulentia</strong></span> <span class='ocrx_word' id='word_1_85' title='bbox 1860 2100 2029 2154; x_wconf 87' lang='lat' dir='ltr'><strong>filium</strong></span> <span class='ocrx_word' id='word_1_86' title='bbox 2055 2105 2285 2170; x_wconf 85' lang='lat' dir='ltr'><strong>peperit,</strong></span> 
     </span>
    </p>
   </div>
   <div class='ocr_carea' id='block_1_14' title="bbox 697 2181 2288 2258">
    <p class='ocr_par' dir='ltr' id='par_1_14' title="bbox 697 2181 2288 2258">
     <span class='ocr_line' id='line_1_14' title="bbox 697 2181 2288 2258; baseline 0.011 -26"><span class='ocrx_word' id='word_1_87' title='bbox 697 2190 752 2233; x_wconf 89' lang='lat' dir='ltr'><strong>et</strong></span> <span class='ocrx_word' id='word_1_88' title='bbox 783 2181 1100 2252; x_wconf 90' lang='lat' dir='ltr'><strong>Calliopinm</strong></span> <span class='ocrx_word' id='word_1_89' title='bbox 1126 2187 1435 2255; x_wconf 82' lang='lat' dir='ltr'><strong>appellavit,</strong></span> <span class='ocrx_word' id='word_1_90' title='bbox 1455 2191 1628 2258; x_wconf 91' lang='lat' dir='ltr'><strong>quiin</strong></span> <span class='ocrx_word' id='word_1_91' title='bbox 1659 2192 1808 2245; x_wconf 90' lang='lat' dir='ltr'><strong>omni</strong></span> <span class='ocrx_word' id='word_1_92' title='bbox 1832 2192 2143 2247; x_wconf 84' lang='lat' dir='ltr'><strong>divinarum</strong></span> <span class='ocrx_word' id='word_1_93' title='bbox 2169 2194 2288 2250; x_wconf 89' lang='lat' dir='ltr'><strong>Lit-</strong></span> 
     </span>
    </p>
   </div>
   <div class='ocr_carea' id='block_1_15' title="bbox 703 2277 2290 2356">
    <p class='ocr_par' dir='ltr' id='par_1_15' title="bbox 703 2277 2290 2356">
     <span class='ocr_line' id='line_1_15' title="bbox 703 2277 2290 2356; baseline 0.013 -36"><span class='ocrx_word' id='word_1_94' title='bbox 703 2280 944 2325; x_wconf 80' lang='lat' dir='ltr'><strong>terarum</strong></span> <span class='ocrx_word' id='word_1_95' title='bbox 996 2277 1266 2344; x_wconf 73' lang='lat' dir='ltr'><strong>sapientia</strong></span> <span class='ocrx_word' id='word_1_96' title='bbox 1298 2278 1560 2334; x_wconf 80' lang='lat' dir='ltr'><strong>educatus</strong></span> <span class='ocrx_word' id='word_1_97' title='bbox 1593 2289 1697 2336; x_wconf 83' lang='lat' dir='ltr'><strong>est.</strong></span> <span class='ocrx_word' id='word_1_98' title='bbox 1731 2281 1863 2336; x_wconf 84' lang='lat' dir='ltr'><strong>Erat</strong></span> <span class='ocrx_word' id='word_1_99' title='bbox 1889 2293 2069 2339; x_wconf 88' lang='lat' dir='ltr'><strong>autem</strong></span> <span class='ocrx_word' id='word_1_100' title='bbox 2105 2283 2290 2356; x_wconf 75' lang='lat' dir='ltr'><strong>Pergae</strong></span> 
     </span>
    </p>
   </div>
   <div class='ocr_carea' id='block_1_16' title="bbox 701 2361 2292 2444">
    <p class='ocr_par' dir='ltr' id='par_1_16' title="bbox 701 2361 2292 2444">
     <span class='ocr_line' id='line_1_16' title="bbox 701 2361 2292 2444; baseline 0.013 -29"><span class='ocrx_word' id='word_1_101' title='bbox 701 2361 1035 2437; x_wconf 66' lang='lat' dir='ltr'><strong>Pamphyliae</strong></span> <span class='ocrx_word' id='word_1_102' title='bbox 1057 2371 1320 2435; x_wconf 90' lang='lat' dir='ltr'><strong>patricius</strong></span> <span class='ocrx_word' id='word_1_103' title='bbox 1343 2387 1357 2436; x_wconf 90' lang='lat'><strong>;</strong></span> <span class='ocrx_word' id='word_1_104' title='bbox 1380 2386 1568 2428; x_wconf 91' lang='lat' dir='ltr'><strong>verum</strong></span> <span class='ocrx_word' id='word_1_105' title='bbox 1603 2389 1725 2429; x_wconf 89' lang='lat' dir='ltr'><strong>cum</strong></span> <span class='ocrx_word' id='word_1_106' title='bbox 1751 2391 1816 2430; x_wconf 90' lang='lat' dir='ltr'><strong>eo</strong></span> <span class='ocrx_word' id='word_1_107' title='bbox 1845 2387 2088 2444; x_wconf 84' lang='lat' dir='ltr'><strong>tempore</strong></span> <span class='ocrx_word' id='word_1_108' title='bbox 2117 2380 2292 2434; x_wconf 85' lang='lat' dir='ltr'><strong>conti-</strong></span> 
     </span>
    </p>
   </div>
   <div class='ocr_carea' id='block_1_17' title="bbox 698 2458 2292 2537">
    <p class='ocr_par' dir='ltr' id='par_1_17' title="bbox 698 2458 2292 2537">
     <span class='ocr_line' id='line_1_17' title="bbox 698 2458 2292 2537; baseline 0.012 -28"><span class='ocrx_word' id='word_1_109' title='bbox 698 2458 893 2525; x_wconf 84' lang='lat' dir='ltr'><strong>gisset,</strong></span> <span class='ocrx_word' id='word_1_110' title='bbox 926 2469 982 2513; x_wconf 89' lang='grc' dir='ltr'><strong>ιιι</strong></span> <span class='ocrx_word' id='word_1_111' title='bbox 1014 2462 1334 2520; x_wconf 58' lang='lat' dir='ltr'><strong>idololatria</strong></span> <span class='ocrx_word' id='word_1_112' title='bbox 1364 2479 1521 2519; x_wconf 88' lang='lat' dir='ltr'><strong>error</strong></span> <span class='ocrx_word' id='word_1_113' title='bbox 1544 2470 1775 2537; x_wconf 79' lang='lat' dir='ltr'><strong>vigeret,</strong></span> <span class='ocrx_word' id='word_1_114' title='bbox 1823 2476 1879 2524; x_wconf 90' lang='lat' dir='ltr'><strong>et</strong></span> <span class='ocrx_word' id='word_1_115' title='bbox 1933 2471 2137 2526; x_wconf 83' lang='lat' dir='ltr'><strong>veritas</strong></span> <span class='ocrx_word' id='word_1_116' title='bbox 2163 2487 2292 2527; x_wconf 91' lang='lat' dir='ltr'><strong>con-</strong></span> 
     </span>
    </p>
   </div>
   <div class='ocr_carea' id='block_1_18' title="bbox 702 2549 2291 2625">
    <p class='ocr_par' dir='ltr' id='par_1_18' title="bbox 702 2549 2291 2625">
     <span class='ocr_line' id='line_1_18' title="bbox 702 2549 2291 2625; baseline 0.013 -24"><span class='ocrx_word' id='word_1_117' title='bbox 702 2549 949 2616; x_wconf 82' lang='lat' dir='ltr'><strong>deretur,</strong></span> <span class='ocrx_word' id='word_1_118' title='bbox 981 2563 1037 2606; x_wconf 91' lang='lat' dir='ltr'><strong>et</strong></span> <span class='ocrx_word' id='word_1_119' title='bbox 1074 2555 1228 2608; x_wconf 90' lang='lat' dir='ltr'><strong>multi</strong></span> <span class='ocrx_word' id='word_1_120' title='bbox 1255 2557 1638 2614; x_wconf 83' lang='lat' dir='ltr'><strong>sacriﬁcarent</strong></span> <span class='ocrx_word' id='word_1_121' title='bbox 1671 2560 1856 2625; x_wconf 85' lang='lat' dir='ltr'><strong>idolis,</strong></span> <span class='ocrx_word' id='word_1_122' title='bbox 1886 2574 2113 2620; x_wconf 86' lang='lat' dir='ltr'><strong>sanctus</strong></span> <span class='ocrx_word' id='word_1_123' title='bbox 2160 2566 2291 2620; x_wconf 85' lang='lat' dir='ltr'><strong>Cal-</strong></span> 
     </span>
    </p>
   </div>
   <div class='ocr_carea' id='block_1_19' title="bbox 701 2638 2284 2722">
    <p class='ocr_par' dir='ltr' id='par_1_19' title="bbox 701 2638 2284 2722">
     <span class='ocr_line' id='line_1_19' title="bbox 701 2638 2284 2722; baseline 0.014 -32"><span class='ocrx_word' id='word_1_124' title='bbox 701 2638 904 2708; x_wconf 82' lang='lat' dir='ltr'><strong>liopius</strong></span> <span class='ocrx_word' id='word_1_125' title='bbox 921 2643 1383 2718; x_wconf 72' lang='lat' dir='ltr'><strong>assiduejejuniis</strong></span> <span class='ocrx_word' id='word_1_126' title='bbox 1407 2661 1460 2706; x_wconf 89' lang='lat' dir='ltr'><strong>et</strong></span> <span class='ocrx_word' id='word_1_127' title='bbox 1488 2655 1895 2722; x_wconf 88' lang='lat' dir='ltr'><strong>precationibus</strong></span> <span class='ocrx_word' id='word_1_128' title='bbox 1917 2656 2284 2712; x_wconf 87' lang='lat' dir='ltr'><strong>incumbebat.</strong></span> 
     </span>
    </p>
   </div>
   <div class='ocr_carea' id='block_1_20' title="bbox 700 2731 2293 2819">
    <p class='ocr_par' dir='ltr' id='par_1_20' title="bbox 700 2731 2293 2819">
     <span class='ocr_line' id='line_1_20' title="bbox 700 2731 2293 2819; baseline 0.015 -36"><span class='ocrx_word' id='word_1_129' title='bbox 700 2731 859 2798; x_wconf 82' lang='lat' dir='ltr'><strong>Quod</strong></span> <span class='ocrx_word' id='word_1_130' title='bbox 888 2751 1011 2792; x_wconf 89' lang='lat' dir='ltr'><strong>eum</strong></span> <span class='ocrx_word' id='word_1_131' title='bbox 1034 2737 1101 2791; x_wconf 89' lang='lat' dir='ltr'><strong>ad</strong></span> <span class='ocrx_word' id='word_1_132' title='bbox 1118 2738 1330 2809; x_wconf 88' lang='lat' dir='ltr'><strong>judices</strong></span> <span class='ocrx_word' id='word_1_133' title='bbox 1348 2744 1584 2799; x_wconf 86' lang='lat' dir='ltr'><strong>delatum</strong></span> <span class='ocrx_word' id='word_1_134' title='bbox 1602 2756 1772 2812; x_wconf 89' lang='lat' dir='ltr'><strong>esset,</strong></span> <span class='ocrx_word' id='word_1_135' title='bbox 1799 2747 1954 2803; x_wconf 88' lang='lat' dir='ltr'><strong>beata</strong></span> <span class='ocrx_word' id='word_1_136' title='bbox 1985 2759 2158 2805; x_wconf 88' lang='lat' dir='ltr'><strong>mater</strong></span> <span class='ocrx_word' id='word_1_137' title='bbox 2173 2750 2293 2819; x_wconf 86' lang='lat' dir='ltr'><strong>ejus</strong></span> 
     </span>
    </p>
   </div>
   <div class='ocr_carea' id='block_1_21' title="bbox 704 2823 2367 2942">
    <p class='ocr_par' dir='ltr' id='par_1_21' title="bbox 704 2823 2367 2942">
     <span class='ocr_line' id='line_1_21' title="bbox 704 2823 2367 2942; baseline 0.014 -63"><span class='ocrx_word' id='word_1_138' title='bbox 704 2823 964 2885; x_wconf 80' lang='lat' dir='ltr'><strong>Theociia</strong></span> <span class='ocrx_word' id='word_1_139' title='bbox 1021 2834 1299 2888; x_wconf 86' lang='lat' dir='ltr'><strong>consuluit</strong></span> <span class='ocrx_word' id='word_1_140' title='bbox 1333 2836 1468 2901; x_wconf 87' lang='lat' dir='ltr'><strong>iilio,</strong></span> <span class='ocrx_word' id='word_1_141' title='bbox 1509 2847 1568 2892; x_wconf 92' lang='lat' dir='ltr'><strong>ut</strong></span> <span class='ocrx_word' id='word_1_142' title='bbox 1625 2841 1830 2897; x_wconf 87' lang='lat' dir='ltr'><strong>vitandi</strong></span> <span class='ocrx_word' id='word_1_143' title='bbox 1877 2841 2068 2913; x_wconf 86' lang='lat' dir='ltr'><strong>judicii</strong></span> <span class='ocrx_word' id='word_1_144' title='bbox 2101 2847 2288 2912; x_wconf 87' lang='lat' dir='ltr'><strong>causa,</strong></span> <span class='ocrx_word' id='word_1_145' title='bbox 2320 2879 2367 2942; x_wconf 72' lang='grc' dir='ltr'><strong>Β</strong></span> 
     </span>
    </p>
   </div>
   <div class='ocr_carea' id='block_1_22' title="bbox 704 2927 2288 3005">
    <p class='ocr_par' dir='ltr' id='par_1_22' title="bbox 704 2927 2288 3005">
     <span class='ocr_line' id='line_1_22' title="bbox 704 2927 2288 3005; baseline 0.015 -31"><span class='ocrx_word' id='word_1_146' title='bbox 704 2935 924 2990; x_wconf 82' lang='lat' dir='ltr'><strong>aurum,</strong></span> <span class='ocrx_word' id='word_1_147' title='bbox 995 2927 1343 2995; x_wconf 82' lang='lat' dir='ltr'><strong>vestimenta,</strong></span> <span class='ocrx_word' id='word_1_148' title='bbox 1402 2944 1698 3004; x_wconf 79' lang='lat' dir='ltr'><strong>servosque</strong></span> <span class='ocrx_word' id='word_1_149' title='bbox 1742 2948 2002 3005; x_wconf 86' lang='lat' dir='ltr'><strong>sumeret,</strong></span> <span class='ocrx_word' id='word_1_150' title='bbox 2049 2949 2105 2995; x_wconf 92' lang='lat' dir='ltr'><strong>et</strong></span> <span class='ocrx_word' id='word_1_151' title='bbox 2140 2941 2288 2998; x_wconf 87' lang='lat' dir='ltr'><strong>illinc</strong></span> 
     </span>
    </p>
   </div>
   <div class='ocr_carea' id='block_1_23' title="bbox 700 3014 2286 3102">
    <p class='ocr_par' dir='ltr' id='par_1_23' title="bbox 700 3014 2286 3102">
     <span class='ocr_line' id='line_1_23' title="bbox 700 3014 2286 3102; baseline 0.013 -34"><span class='ocrx_word' id='word_1_152' title='bbox 700 3014 1010 3086; x_wconf 78' lang='lat' dir='ltr'><strong>navigaret.</strong></span> <span class='ocrx_word' id='word_1_153' title='bbox 1037 3018 1457 3093; x_wconf 86' lang='lat' dir='ltr'><strong>Pompeiopolim</strong></span> <span class='ocrx_word' id='word_1_154' title='bbox 1507 3026 1674 3095; x_wconf 90' lang='lat' dir='ltr'><strong>igitur</strong></span> <span class='ocrx_word' id='word_1_155' title='bbox 1705 3028 1908 3087; x_wconf 64' lang='lat' dir='ltr'><strong>Cilicia:</strong></span> <span class='ocrx_word' id='word_1_156' title='bbox 1941 3047 2002 3088; x_wconf 87' lang='lat' dir='ltr'><strong>se</strong></span> <span class='ocrx_word' id='word_1_157' title='bbox 2034 3035 2286 3102; x_wconf 78' lang='lat' dir='ltr'><strong>contulit,</strong></span> 
     </span>
    </p>
   </div>
   <div class='ocr_carea' id='block_1_24' title="bbox 705 3108 2288 3198">
    <p class='ocr_par' dir='ltr' id='par_1_24' title="bbox 705 3108 2288 3198">
     <span class='ocr_line' id='line_1_24' title="bbox 705 3108 2288 3198; baseline 0.015 -38"><span class='ocrx_word' id='word_1_158' title='bbox 705 3108 796 3160; x_wconf 79' lang='lat' dir='ltr'><strong>ubi</strong></span> <span class='ocrx_word' id='word_1_159' title='bbox 849 3123 973 3164; x_wconf 90' lang='lat' dir='ltr'><strong>cum</strong></span> <span class='ocrx_word' id='word_1_160' title='bbox 1031 3111 1229 3183; x_wconf 87' lang='lat' dir='ltr'><strong>impius</strong></span> <span class='ocrx_word' id='word_1_161' title='bbox 1274 3116 1568 3185; x_wconf 67' lang='lat' dir='ltr'><strong>praefectus</strong></span> <span class='ocrx_word' id='word_1_162' title='bbox 1619 3120 1888 3179; x_wconf 76' lang='lat' dir='ltr'><strong>Maximus</strong></span> <span class='ocrx_word' id='word_1_163' title='bbox 1912 3122 2288 3198; x_wconf 83' lang='lat' dir='ltr'><strong>Bacchanalia,</strong></span> 
     </span>
    </p>
   </div>
   <div class='ocr_carea' id='block_1_25' title="bbox 702 3198 2288 3290">
    <p class='ocr_par' dir='ltr' id='par_1_25' title="bbox 702 3198 2288 3290">
     <span class='ocr_line' id='line_1_25' title="bbox 702 3198 2288 3290; baseline 0.014 -38"><span class='ocrx_word' id='word_1_164' title='bbox 702 3206 758 3252; x_wconf 86' lang='lat' dir='ltr'><strong>et</strong></span> <span class='ocrx_word' id='word_1_165' title='bbox 782 3198 962 3264; x_wconf 90' lang='lat' dir='ltr'><strong>ludos,</strong></span> <span class='ocrx_word' id='word_1_166' title='bbox 995 3211 1052 3254; x_wconf 89' lang='lat' dir='ltr'><strong>et</strong></span> <span class='ocrx_word' id='word_1_167' title='bbox 1075 3204 1332 3271; x_wconf 89' lang='lat' dir='ltr'><strong>choreas,</strong></span> <span class='ocrx_word' id='word_1_168' title='bbox 1360 3216 1417 3262; x_wconf 90' lang='lat' dir='ltr'><strong>et</strong></span> <span class='ocrx_word' id='word_1_169' title='bbox 1475 3209 1724 3264; x_wconf 87' lang='lat' dir='ltr'><strong>convivia</strong></span> <span class='ocrx_word' id='word_1_170' title='bbox 1781 3212 1940 3270; x_wconf 85' lang='lat' dir='ltr'><strong>idolis</strong></span> <span class='ocrx_word' id='word_1_171' title='bbox 1968 3217 2288 3290; x_wconf 86' lang='lat' dir='ltr'><strong>celebraret,</strong></span> 
     </span>
    </p>
   </div>
   <div class='ocr_carea' id='block_1_26' title="bbox 701 3289 2287 3376">
    <p class='ocr_par' dir='ltr' id='par_1_26' title="bbox 701 3289 2287 3376">
     <span class='ocr_line' id='line_1_26' title="bbox 701 3289 2287 3376; baseline 0.016 -32"><span class='ocrx_word' id='word_1_172' title='bbox 701 3289 1082 3349; x_wconf 83' lang='lat' dir='ltr'><strong>admirabatur</strong></span> <span class='ocrx_word' id='word_1_173' title='bbox 1128 3297 1250 3366; x_wconf 89' lang='lat' dir='ltr'><strong>pius</strong></span> <span class='ocrx_word' id='word_1_174' title='bbox 1287 3299 1627 3372; x_wconf 77' lang='lat' dir='ltr'><strong>adolescens,</strong></span> <span class='ocrx_word' id='word_1_175' title='bbox 1675 3322 1923 3376; x_wconf 71' lang='lat' dir='ltr'><strong>quaenam</strong></span> <span class='ocrx_word' id='word_1_176' title='bbox 1965 3310 2053 3364; x_wconf 88' lang='lat' dir='ltr'><strong>illa</strong></span> <span class='ocrx_word' id='word_1_177' title='bbox 2082 3289 2287 3371; x_wconf 79' lang='lat' dir='ltr'><strong>essent.</strong></span> 
     </span>
    </p>
   </div>
   <div class='ocr_carea' id='block_1_27' title="bbox 703 3382 2287 3476">
    <p class='ocr_par' dir='ltr' id='par_1_27' title="bbox 703 3382 2287 3476">
     <span class='ocr_line' id='line_1_27' title="bbox 703 3382 2287 3476; baseline 0.016 -38"><span class='ocrx_word' id='word_1_178' title='bbox 703 3382 828 3452; x_wconf 76' lang='lat' dir='ltr'><strong>ipse</strong></span> <span class='ocrx_word' id='word_1_179' title='bbox 859 3389 1004 3442; x_wconf 89' lang='lat' dir='ltr'><strong>enim</strong></span> <span class='ocrx_word' id='word_1_180' title='bbox 1026 3390 1252 3460; x_wconf 84' lang='lat' dir='ltr'><strong>jejuniis</strong></span> <span class='ocrx_word' id='word_1_181' title='bbox 1291 3409 1552 3465; x_wconf 88' lang='lat' dir='ltr'><strong>perpetuo</strong></span> <span class='ocrx_word' id='word_1_182' title='bbox 1601 3404 1845 3457; x_wconf 82' lang='lat' dir='ltr'><strong>vacabat.</strong></span> <span class='ocrx_word' id='word_1_183' title='bbox 1870 3405 2076 3462; x_wconf 81' lang='lat' dir='ltr'><strong>Abillis</strong></span> <span class='ocrx_word' id='word_1_184' title='bbox 2104 3407 2287 3476; x_wconf 89' lang='lat' dir='ltr'><strong>igitur,</strong></span> 
     </span>
    </p>
   </div>
   <div class='ocr_carea' id='block_1_28' title="bbox 703 3477 2288 3563">
    <p class='ocr_par' dir='ltr' id='par_1_28' title="bbox 703 3477 2288 3563">
     <span class='ocr_line' id='line_1_28' title="bbox 703 3477 2288 3563; baseline 0.015 -35"><span class='ocrx_word' id='word_1_185' title='bbox 703 3477 797 3542; x_wconf 80' lang='lat' dir='ltr'><strong>qui</strong></span> <span class='ocrx_word' id='word_1_186' title='bbox 828 3478 1078 3547; x_wconf 81' lang='lat' dir='ltr'><strong>aderant,</strong></span> <span class='ocrx_word' id='word_1_187' title='bbox 1119 3497 1473 3550; x_wconf 74' lang='lat' dir='ltr'><strong>percontatus</strong></span> <span class='ocrx_word' id='word_1_188' title='bbox 1530 3500 1634 3554; x_wconf 88' lang='lat' dir='ltr'><strong>est,</strong></span> <span class='ocrx_word' id='word_1_189' title='bbox 1667 3493 1793 3559; x_wconf 88' lang='lat' dir='ltr'><strong>quid</strong></span> <span class='ocrx_word' id='word_1_190' title='bbox 1829 3494 1957 3546; x_wconf 86' lang='lat' dir='ltr'><strong>illud</strong></span> <span class='ocrx_word' id='word_1_191' title='bbox 1992 3507 2156 3550; x_wconf 85' lang='lat' dir='ltr'><strong>esset.</strong></span> <span class='ocrx_word' id='word_1_192' title='bbox 2187 3497 2288 3563; x_wconf 85' lang='lat' dir='ltr'><strong>Qui</strong></span> 
     </span>
    </p>
   </div>
   <div class='ocr_carea' id='block_1_29' title="bbox 702 3570 2289 3654">
    <p class='ocr_par' dir='ltr' id='par_1_29' title="bbox 702 3570 2289 3654">
     <span class='ocr_line' id='line_1_29' title="bbox 702 3570 2289 3654; baseline 0.015 -36"><span class='ocrx_word' id='word_1_193' title='bbox 702 3581 829 3620; x_wconf 83' lang='lat' dir='ltr'><strong>cum</strong></span> <span class='ocrx_word' id='word_1_194' title='bbox 858 3570 1296 3641; x_wconf 79' lang='lat' dir='ltr'><strong>respondissent,</strong></span> <span class='ocrx_word' id='word_1_195' title='bbox 1322 3577 1543 3631; x_wconf 91' lang='lat' dir='ltr'><strong>deorum</strong></span> <span class='ocrx_word' id='word_1_196' title='bbox 1558 3593 1680 3633; x_wconf 85' lang='lat' dir='ltr'><strong>esse</strong></span> <span class='ocrx_word' id='word_1_197' title='bbox 1704 3581 2107 3640; x_wconf 83' lang='lat' dir='ltr'><strong>celebritatem:</strong></span> <span class='ocrx_word' id='word_1_198' title='bbox 2138 3586 2289 3654; x_wconf 81' lang='lat' dir='ltr'><strong>Veni,</strong></span> 
     </span>
    </p>
   </div>
   <div class='ocr_carea' id='block_1_30' title="bbox 705 3659 2288 3743">
    <p class='ocr_par' dir='ltr' id='par_1_30' title="bbox 705 3659 2288 3743">
     <span class='ocr_line' id='line_1_30' title="bbox 705 3659 2288 3743; baseline 0.013 -30"><span class='ocrx_word' id='word_1_199' title='bbox 705 3659 983 3729; x_wconf 81' lang='lat' dir='ltr'><strong>inquiunt,</strong></span> <span class='ocrx_word' id='word_1_200' title='bbox 1017 3675 1075 3718; x_wconf 89' lang='lat' dir='ltr'><strong>et</strong></span> <span class='ocrx_word' id='word_1_201' title='bbox 1128 3676 1202 3733; x_wconf 89' lang='lat' dir='ltr'><strong>tu,</strong></span> <span class='ocrx_word' id='word_1_202' title='bbox 1240 3675 1297 3722; x_wconf 95' lang='lat' dir='ltr'><strong>ut</strong></span> <span class='ocrx_word' id='word_1_203' title='bbox 1329 3670 1565 3726; x_wconf 88' lang='lat' dir='ltr'><strong>convivii</strong></span> <span class='ocrx_word' id='word_1_204' title='bbox 1601 3676 1874 3743; x_wconf 82' lang='lat' dir='ltr'><strong>particeps</strong></span> <span class='ocrx_word' id='word_1_205' title='bbox 1900 3675 2018 3731; x_wconf 82' lang='lat' dir='ltr'><strong>fias.</strong></span> <span class='ocrx_word' id='word_1_206' title='bbox 2053 3678 2121 3732; x_wconf 84' lang='lat' dir='ltr'><strong>At</strong></span> <span class='ocrx_word' id='word_1_207' title='bbox 2153 3679 2238 3733; x_wconf 91' lang='lat' dir='ltr'><strong>ille</strong></span> <span class='ocrx_word' id='word_1_208' title='bbox 2274 3697 2288 3734; x_wconf 90' lang='lat'><strong>:</strong></span> 
     </span>
    </p>
   </div>
   <div class='ocr_carea' id='block_1_31' title="bbox 706 3750 2291 3839">
    <p class='ocr_par' dir='ltr' id='par_1_31' title="bbox 706 3750 2291 3839">
     <span class='ocr_line' id='line_1_31' title="bbox 706 3750 2291 3839; baseline 0.016 -35"><span class='ocrx_word' id='word_1_209' title='bbox 706 3750 1072 3823; x_wconf 78' lang='lat' dir='ltr'><strong>Christianus,</strong></span> <span class='ocrx_word' id='word_1_210' title='bbox 1115 3759 1303 3828; x_wconf 89' lang='lat' dir='ltr'><strong>inquit,</strong></span> <span class='ocrx_word' id='word_1_211' title='bbox 1342 3779 1482 3823; x_wconf 85' lang='lat' dir='ltr'><strong>sunt,</strong></span> <span class='ocrx_word' id='word_1_212' title='bbox 1528 3775 1583 3818; x_wconf 91' lang='lat' dir='ltr'><strong>et</strong></span> <span class='ocrx_word' id='word_1_213' title='bbox 1620 3765 1894 3821; x_wconf 82' lang='lat' dir='ltr'><strong>Christum</strong></span> <span class='ocrx_word' id='word_1_214' title='bbox 1923 3770 2146 3839; x_wconf 81' lang='lat' dir='ltr'><strong>jejuniis</strong></span> <span class='ocrx_word' id='word_1_215' title='bbox 2201 3789 2291 3830; x_wconf 81' lang='lat' dir='ltr'><strong>ce-</strong></span> 
     </span>
    </p>
   </div>
   <div class='ocr_carea' id='block_1_32' title="bbox 709 3846 2295 3932">
    <p class='ocr_par' dir='ltr' id='par_1_32' title="bbox 709 3846 2295 3932">
     <span class='ocr_line' id='line_1_32' title="bbox 709 3846 2295 3932; baseline 0.015 -36"><span class='ocrx_word' id='word_1_216' title='bbox 709 3846 886 3912; x_wconf 87' lang='lat' dir='ltr'><strong>lebro,</strong></span> <span class='ocrx_word' id='word_1_217' title='bbox 917 3863 1015 3903; x_wconf 89' lang='lat' dir='ltr'><strong>nec</strong></span> <span class='ocrx_word' id='word_1_218' title='bbox 1045 3864 1164 3915; x_wconf 74' lang='lat' dir='ltr'><strong>qua:</strong></span> <span class='ocrx_word' id='word_1_219' title='bbox 1211 3862 1337 3906; x_wconf 89' lang='lat' dir='ltr'><strong>sunt</strong></span> <span class='ocrx_word' id='word_1_220' title='bbox 1363 3852 1645 3924; x_wconf 81' lang='lat' dir='ltr'><strong>ﬂagitiosis</strong></span> <span class='ocrx_word' id='word_1_221' title='bbox 1675 3869 1838 3928; x_wconf 88' lang='lat' dir='ltr'><strong>atque</strong></span> <span class='ocrx_word' id='word_1_222' title='bbox 1874 3861 2102 3932; x_wconf 88' lang='lat' dir='ltr'><strong>impuris</strong></span> <span class='ocrx_word' id='word_1_223' title='bbox 2134 3865 2295 3920; x_wconf 87' lang='lat' dir='ltr'><strong>idolis</strong></span> 
     </span>
    </p>
   </div>
   <div class='ocr_carea' id='block_1_33' title="bbox 713 3935 2290 4020">
    <p class='ocr_par' dir='ltr' id='par_1_33' title="bbox 713 3935 2290 4020">
     <span class='ocr_line' id='line_1_33' title="bbox 713 3935 2290 4020; baseline 0.018 -39"><span class='ocrx_word' id='word_1_224' title='bbox 713 3935 990 3992; x_wconf 81' lang='lat' dir='ltr'><strong>immolata</strong></span> <span class='ocrx_word' id='word_1_225' title='bbox 1054 3938 1181 3996; x_wconf 88' lang='lat' dir='ltr'><strong>licet</strong></span> <span class='ocrx_word' id='word_1_226' title='bbox 1233 3941 1285 3996; x_wconf 91' lang='lat' dir='ltr'><strong>in</strong></span> <span class='ocrx_word' id='word_1_227' title='bbox 1317 3957 1379 3999; x_wconf 90' lang='lat' dir='ltr'><strong>os</strong></span> <span class='ocrx_word' id='word_1_228' title='bbox 1410 3959 1622 4014; x_wconf 89' lang='lat' dir='ltr'><strong>eorum,</strong></span> <span class='ocrx_word' id='word_1_229' title='bbox 1650 3949 1741 4017; x_wconf 89' lang='lat' dir='ltr'><strong>qui</strong></span> <span class='ocrx_word' id='word_1_230' title='bbox 1773 3949 2054 4005; x_wconf 87' lang='lat' dir='ltr'><strong>Christum</strong></span> <span class='ocrx_word' id='word_1_231' title='bbox 2087 3952 2290 4020; x_wconf 88' lang='lat' dir='ltr'><strong>colunt,</strong></span> 
     </span>
    </p>
   </div>
   <div class='ocr_carea' id='block_1_34' title="bbox 711 4024 944 4093">
    <p class='ocr_par' dir='ltr' id='par_1_34' title="bbox 711 4024 944 4093">
     <span class='ocr_line' id='line_1_34' title="bbox 711 4024 944 4093; baseline 0.013 -15"><span class='ocrx_word' id='word_1_232' title='bbox 711 4024 944 4093; x_wconf 78' lang='lat' dir='ltr'><strong>ingredi.</strong></span> 
     </span>
    </p>
   </div>
   <div class='ocr_carea' id='block_1_35' title="bbox 784 4117 2294 4205">
    <p class='ocr_par' dir='ltr' id='par_1_35' title="bbox 784 4117 2294 4205">
     <span class='ocr_line' id='line_1_35' title="bbox 784 4117 2294 4205; baseline 0.017 -34"><span class='ocrx_word' id='word_1_233' title='bbox 784 4117 850 4173; x_wconf 88' lang='grc' dir='ltr'>ιι.</span> <span class='ocrx_word' id='word_1_234' title='bbox 895 4117 1019 4174; x_wconf 81' lang='lat' dir='ltr'><strong>Haec</strong></span> <span class='ocrx_word' id='word_1_235' title='bbox 1049 4136 1169 4175; x_wconf 91' lang='lat' dir='ltr'><strong>cum</strong></span> <span class='ocrx_word' id='word_1_236' title='bbox 1189 4123 1255 4177; x_wconf 92' lang='lat' dir='ltr'><strong>ad</strong></span> <span class='ocrx_word' id='word_1_237' title='bbox 1285 4141 1444 4182; x_wconf 90' lang='lat' dir='ltr'><strong>aures</strong></span> <span class='ocrx_word' id='word_1_238' title='bbox 1479 4130 1721 4198; x_wconf 63' lang='lat' dir='ltr'><strong>pratlecti</strong></span> <span class='ocrx_word' id='word_1_239' title='bbox 1755 4137 2157 4205; x_wconf 87' lang='lat' dir='ltr'><strong>pervenissent,</strong></span> <span class='ocrx_word' id='word_1_240' title='bbox 2181 4139 2294 4195; x_wconf 88' lang='lat' dir='ltr'><strong>ira-</strong></span> 
     </span>
    </p>
   </div>
   <div class='ocr_carea' id='block_1_36' title="bbox 2390 1642 3970 1721">
    <p class='ocr_par' dir='ltr' id='par_1_36' title="bbox 2390 1642 3970 1721">
     <span class='ocr_line' id='line_1_36' title="bbox 2390 1642 3970 1721; baseline 0.01 -28"><span class='ocrx_word' id='word_1_241' title='bbox 2390 1642 2512 1712; x_wconf 82' lang='lat' dir='ltr'><strong>pius</strong></span> <span class='ocrx_word' id='word_1_242' title='bbox 2535 1651 2589 1697; x_wconf 89' lang='lat' dir='ltr'><strong>et</strong></span> <span class='ocrx_word' id='word_1_243' title='bbox 2618 1643 2720 1698; x_wconf 86' lang='lat' dir='ltr'><strong>diis</strong></span> <span class='ocrx_word' id='word_1_244' title='bbox 2773 1642 3077 1709; x_wconf 87' lang='lat' dir='ltr'><strong>immolare,</strong></span> <span class='ocrx_word' id='word_1_245' title='bbox 3106 1645 3296 1711; x_wconf 87' lang='lat' dir='ltr'><strong>illiam,</strong></span> <span class='ocrx_word' id='word_1_246' title='bbox 3331 1662 3490 1715; x_wconf 88' lang='lat' dir='ltr'><strong>quam</strong></span> <span class='ocrx_word' id='word_1_247' title='bbox 3519 1649 3740 1704; x_wconf 88' lang='lat' dir='ltr'><strong>unicam</strong></span> <span class='ocrx_word' id='word_1_248' title='bbox 3779 1651 3970 1721; x_wconf 81' lang='lat' dir='ltr'><strong>habeo,</strong></span> 
     </span>
    </p>
   </div>
   <div class='ocr_carea' id='block_1_37' title="bbox 2392 1733 3972 1810">
    <p class='ocr_par' dir='ltr' id='par_1_37' title="bbox 2392 1733 3972 1810">
     <span class='ocr_line' id='line_1_37' title="bbox 2392 1733 3972 1810; baseline 0.008 -24"><span class='ocrx_word' id='word_1_249' title='bbox 2392 1733 2485 1787; x_wconf 87' lang='lat' dir='ltr'><strong>tibi</strong></span> <span class='ocrx_word' id='word_1_250' title='bbox 2521 1749 2742 1789; x_wconf 85' lang='lat' dir='ltr'><strong>uxorem</strong></span> <span class='ocrx_word' id='word_1_251' title='bbox 2769 1733 2928 1788; x_wconf 89' lang='lat' dir='ltr'><strong>dabo.</strong></span> <span class='ocrx_word' id='word_1_252' title='bbox 2964 1734 3019 1788; x_wconf 89' lang='lat' dir='ltr'><strong>Si</strong></span> <span class='ocrx_word' id='word_1_253' title='bbox 3049 1751 3296 1803; x_wconf 79' lang='lat' dir='ltr'><strong>uxorem,</strong></span> <span class='ocrx_word' id='word_1_254' title='bbox 3329 1739 3504 1807; x_wconf 89' lang='lat' dir='ltr'><strong>inquit</strong></span> <span class='ocrx_word' id='word_1_255' title='bbox 3531 1740 3857 1810; x_wconf 79' lang='lat' dir='ltr'><strong>CalliOpios,</strong></span> <span class='ocrx_word' id='word_1_256' title='bbox 3879 1748 3972 1798; x_wconf 80' lang='lat' dir='ltr'><strong>du-</strong></span> 
     </span>
    </p>
   </div>
   <div class='ocr_carea' id='block_1_38' title="bbox 2392 1826 3971 1902">
    <p class='ocr_par' dir='ltr' id='par_1_38' title="bbox 2392 1826 3971 1902">
     <span class='ocr_line' id='line_1_38' title="bbox 2392 1826 3971 1902; baseline 0.007 -22"><span class='ocrx_word' id='word_1_257' title='bbox 2392 1839 2516 1880; x_wconf 87' lang='lat' dir='ltr'><strong>cere</strong></span> <span class='ocrx_word' id='word_1_258' title='bbox 2539 1826 3046 1891; x_wconf 86' lang='lat' dir='ltr'><strong>decrevissem,non</strong></span> <span class='ocrx_word' id='word_1_259' title='bbox 3081 1829 3229 1896; x_wconf 85' lang='lat' dir='ltr'><strong>prius</strong></span> <span class='ocrx_word' id='word_1_260' title='bbox 3268 1831 3431 1884; x_wconf 88' lang='lat' dir='ltr'><strong>iiiiam</strong></span> <span class='ocrx_word' id='word_1_261' title='bbox 3463 1843 3605 1886; x_wconf 90' lang='lat' dir='ltr'><strong>tuam</strong></span> <span class='ocrx_word' id='word_1_262' title='bbox 3631 1839 3934 1902; x_wconf 78' lang='lat' dir='ltr'><strong>acciperem</strong></span> <span class='ocrx_word' id='word_1_263' title='bbox 3957 1879 3971 1900; x_wconf 88' lang='lat'><strong>,</strong></span> 
     </span>
    </p>
   </div>
   <div class='ocr_carea' id='block_1_39' title="bbox 2395 1919 3976 1991">
    <p class='ocr_par' dir='ltr' id='par_1_39' title="bbox 2395 1919 3976 1991">
     <span class='ocr_line' id='line_1_39' title="bbox 2395 1919 3976 1991; baseline 0.006 -20"><span class='ocrx_word' id='word_1_264' title='bbox 2395 1929 2558 1987; x_wconf 90' lang='lat' dir='ltr'><strong>quam</strong></span> <span class='ocrx_word' id='word_1_265' title='bbox 2587 1926 2759 1972; x_wconf 89' lang='lat' dir='ltr'><strong>mater</strong></span> <span class='ocrx_word' id='word_1_266' title='bbox 2783 1935 2898 1974; x_wconf 89' lang='lat' dir='ltr'><strong>mea</strong></span> <span class='ocrx_word' id='word_1_267' title='bbox 2928 1919 2980 1974; x_wconf 90' lang='lat' dir='ltr'><strong>id</strong></span> <span class='ocrx_word' id='word_1_268' title='bbox 3011 1922 3176 1975; x_wconf 86' lang='lat' dir='ltr'><strong>sciret</strong></span> <span class='ocrx_word' id='word_1_269' title='bbox 3203 1934 3256 1978; x_wconf 90' lang='lat' dir='ltr'><strong>et</strong></span> <span class='ocrx_word' id='word_1_270' title='bbox 3280 1924 3628 1991; x_wconf 79' lang='lat' dir='ltr'><strong>approbaret.</strong></span> <span class='ocrx_word' id='word_1_271' title='bbox 3661 1927 3866 1981; x_wconf 76' lang='lat' dir='ltr'><strong>Verum</strong></span> <span class='ocrx_word' id='word_1_272' title='bbox 3900 1930 3976 1982; x_wconf 88' lang='lat' dir='ltr'><strong>sic</strong></span> 
     </span>
    </p>
   </div>
   <div class='ocr_carea' id='block_1_40' title="bbox 2397 2009 3974 2088">
    <p class='ocr_par' dir='ltr' id='par_1_40' title="bbox 2397 2009 3974 2088">
     <span class='ocr_line' id='line_1_40' title="bbox 2397 2009 3974 2088; baseline 0.006 -24"><span class='ocrx_word' id='word_1_273' title='bbox 2397 2009 2617 2074; x_wconf 85' lang='lat' dir='ltr'><strong>habeto,</strong></span> <span class='ocrx_word' id='word_1_274' title='bbox 2657 2027 2746 2068; x_wconf 93' lang='lat' dir='ltr'><strong>me</strong></span> <span class='ocrx_word' id='word_1_275' title='bbox 2800 2012 3022 2067; x_wconf 89' lang='lat' dir='ltr'><strong>Christo</strong></span> <span class='ocrx_word' id='word_1_276' title='bbox 3076 2029 3200 2068; x_wconf 82' lang='lat' dir='ltr'><strong>meo</strong></span> <span class='ocrx_word' id='word_1_277' title='bbox 3228 2016 3549 2083; x_wconf 82' lang='lat' dir='ltr'><strong>credidisse,</strong></span> <span class='ocrx_word' id='word_1_278' title='bbox 3587 2023 3643 2072; x_wconf 89' lang='lat' dir='ltr'><strong>et</strong></span> <span class='ocrx_word' id='word_1_279' title='bbox 3697 2019 3974 2088; x_wconf 78' lang='lat' dir='ltr'><strong>pulverem</strong></span> 
     </span>
    </p>
   </div>
   <div class='ocr_carea' id='block_1_41' title="bbox 2393 2102 3975 2175">
    <p class='ocr_par' dir='ltr' id='par_1_41' title="bbox 2393 2102 3975 2175">
     <span class='ocr_line' id='line_1_41' title="bbox 2393 2102 3975 2175; baseline 0.005 -17"><span class='ocrx_word' id='word_1_280' title='bbox 2393 2102 2558 2170; x_wconf 89' lang='lat' dir='ltr'><strong>hunc,</strong></span> <span class='ocrx_word' id='word_1_281' title='bbox 2611 2119 2772 2175; x_wconf 89' lang='lat' dir='ltr'><strong>quem</strong></span> <span class='ocrx_word' id='word_1_282' title='bbox 2831 2105 2972 2161; x_wconf 88' lang='lat' dir='ltr'><strong>Deus</strong></span> <span class='ocrx_word' id='word_1_283' title='bbox 3023 2107 3301 2171; x_wconf 80' lang='lat' dir='ltr'><strong>conﬂavit,</strong></span> <span class='ocrx_word' id='word_1_284' title='bbox 3329 2119 3382 2162; x_wconf 92' lang='lat' dir='ltr'><strong>et</strong></span> <span class='ocrx_word' id='word_1_285' title='bbox 3434 2109 3498 2162; x_wconf 89' lang='lat' dir='ltr'><strong>ad</strong></span> <span class='ocrx_word' id='word_1_286' title='bbox 3559 2112 3975 2167; x_wconf 82' lang='lat' dir='ltr'><strong>similitudinem</strong></span> 
     </span>
    </p>
   </div>
   <div class='ocr_carea' id='block_1_42' title="bbox 2392 2196 3976 2264">
    <p class='ocr_par' dir='ltr' id='par_1_42' title="bbox 2392 2196 3976 2264">
     <span class='ocr_line' id='line_1_42' title="bbox 2392 2196 3976 2264; baseline 0.003 -15"><span class='ocrx_word' id='word_1_287' title='bbox 2392 2209 2546 2249; x_wconf 87' lang='lat' dir='ltr'><strong>suam</strong></span> <span class='ocrx_word' id='word_1_288' title='bbox 2581 2196 2731 2261; x_wconf 90' lang='lat' dir='ltr'><strong>fecit,</strong></span> <span class='ocrx_word' id='word_1_289' title='bbox 2766 2212 2960 2264; x_wconf 87' lang='lat' dir='ltr'><strong>purum</strong></span> <span class='ocrx_word' id='word_1_290' title='bbox 2990 2206 3045 2250; x_wconf 91' lang='lat' dir='ltr'><strong>et</strong></span> <span class='ocrx_word' id='word_1_291' title='bbox 3072 2198 3192 2250; x_wconf 91' lang='lat' dir='ltr'><strong>sine</strong></span> <span class='ocrx_word' id='word_1_292' title='bbox 3221 2197 3426 2250; x_wconf 86' lang='lat' dir='ltr'><strong>macula</strong></span> <span class='ocrx_word' id='word_1_293' title='bbox 3476 2209 3598 2252; x_wconf 85' lang='lat' dir='ltr'><strong>ante</strong></span> <span class='ocrx_word' id='word_1_294' title='bbox 3625 2198 3831 2254; x_wconf 86' lang='lat' dir='ltr'><strong>Christi</strong></span> <span class='ocrx_word' id='word_1_295' title='bbox 3878 2202 3976 2253; x_wconf 83' lang='lat' dir='ltr'><strong>tri-</strong></span> 
     </span>
    </p>
   </div>
   <div class='ocr_carea' id='block_1_43' title="bbox 2393 2288 3983 2358">
    <p class='ocr_par' dir='ltr' id='par_1_43' title="bbox 2393 2288 3983 2358">
     <span class='ocr_line' id='line_1_43' title="bbox 2393 2288 3983 2358; baseline 0.002 -16"><span class='ocrx_word' id='word_1_296' title='bbox 2393 2288 2557 2342; x_wconf 80' lang='lat' dir='ltr'><strong>bunal</strong></span> <span class='ocrx_word' id='word_1_297' title='bbox 2594 2289 2891 2342; x_wconf 80' lang='lat' dir='ltr'><strong>sistendum</strong></span> <span class='ocrx_word' id='word_1_298' title='bbox 2923 2304 3058 2343; x_wconf 83' lang='lat' dir='ltr'><strong>esse.</strong></span> <span class='ocrx_word' id='word_1_299' title='bbox 3099 2288 3465 2355; x_wconf 88' lang='lat' dir='ltr'><strong>Quamobrem</strong></span> <span class='ocrx_word' id='word_1_300' title='bbox 3499 2289 3604 2355; x_wconf 86' lang='lat' dir='ltr'><strong>fac,</strong></span> <span class='ocrx_word' id='word_1_301' title='bbox 3630 2307 3752 2358; x_wconf 74' lang='lat' dir='ltr'><strong>quae</strong></span> <span class='ocrx_word' id='word_1_302' title='bbox 3781 2293 3877 2347; x_wconf 87' lang='lat' dir='ltr'><strong>tibi</strong></span> <span class='ocrx_word' id='word_1_303' title='bbox 3909 2296 3983 2345; x_wconf 86' lang='lat' dir='ltr'><strong>vi-</strong></span> 
     </span>
    </p>
   </div>
   <div class='ocr_carea' id='block_1_44' title="bbox 2394 2381 3499 2451">
    <p class='ocr_par' dir='ltr' id='par_1_44' title="bbox 2394 2381 3499 2451">
     <span class='ocr_line' id='line_1_44' title="bbox 2394 2381 3499 2451; baseline 0.002 -15"><span class='ocrx_word' id='word_1_304' title='bbox 2394 2382 2593 2436; x_wconf 85' lang='lat' dir='ltr'><strong>dentur</strong></span> <span class='ocrx_word' id='word_1_305' title='bbox 2624 2400 2636 2436; x_wconf 92' lang='lat'><strong>:</strong></span> <span class='ocrx_word' id='word_1_306' title='bbox 2675 2396 2774 2451; x_wconf 82' lang='lat' dir='ltr'><strong>ego</strong></span> <span class='ocrx_word' id='word_1_307' title='bbox 2802 2382 2944 2436; x_wconf 80' lang='lat' dir='ltr'><strong>enim</strong></span> <span class='ocrx_word' id='word_1_308' title='bbox 2971 2381 3318 2439; x_wconf 85' lang='lat' dir='ltr'><strong>Christianus</strong></span> <span class='ocrx_word' id='word_1_309' title='bbox 3355 2399 3499 2439; x_wconf 89' lang='lat' dir='ltr'><strong>sum.</strong></span> 
     </span>
    </p>
   </div>
   <div class='ocr_carea' id='block_1_45' title="bbox 2464 2473 3979 2548">
    <p class='ocr_par' dir='ltr' id='par_1_45' title="bbox 2464 2473 3979 2548">
     <span class='ocr_line' id='line_1_45' title="bbox 2464 2473 3979 2548; baseline 0.006 -20"><span class='ocrx_word' id='word_1_310' title='bbox 2464 2473 2555 2528; x_wconf 90' lang='lat' dir='ltr'><strong>ill.</strong></span> <span class='ocrx_word' id='word_1_311' title='bbox 2606 2473 3040 2542; x_wconf 86' lang='lat' dir='ltr'><strong>Scelestissime,</strong></span> <span class='ocrx_word' id='word_1_312' title='bbox 3095 2476 3271 2548; x_wconf 76' lang='lat' dir='ltr'><strong>inquit</strong></span> <span class='ocrx_word' id='word_1_313' title='bbox 3329 2477 3596 2534; x_wconf 78' lang='lat' dir='ltr'><strong>Maximus</strong></span> <span class='ocrx_word' id='word_1_314' title='bbox 3657 2479 3979 2547; x_wconf 69' lang='lat' dir='ltr'><strong>praefectus.</strong></span> 
     </span>
    </p>
   </div>
   <div class='ocr_carea' id='block_1_46' title="bbox 2395 2566 3979 2639">
    <p class='ocr_par' dir='ltr' id='par_1_46' title="bbox 2395 2566 3979 2639">
     <span class='ocr_line' id='line_1_46' title="bbox 2395 2566 3979 2639; baseline 0.006 -21"><span class='ocrx_word' id='word_1_315' title='bbox 2395 2566 2700 2621; x_wconf 87' lang='lat' dir='ltr'><strong>istiusmodi</strong></span> <span class='ocrx_word' id='word_1_316' title='bbox 2751 2569 2933 2624; x_wconf 86' lang='lat' dir='ltr'><strong>verbis</strong></span> <span class='ocrx_word' id='word_1_317' title='bbox 2974 2567 3212 2623; x_wconf 89' lang='lat' dir='ltr'><strong>futurum</strong></span> <span class='ocrx_word' id='word_1_318' title='bbox 3244 2582 3419 2639; x_wconf 77' lang='lat' dir='ltr'><strong>putas,</strong></span> <span class='ocrx_word' id='word_1_319' title='bbox 3451 2582 3506 2626; x_wconf 89' lang='lat' dir='ltr'><strong>ut</strong></span> <span class='ocrx_word' id='word_1_320' title='bbox 3531 2572 3609 2626; x_wconf 89' lang='lat' dir='ltr'><strong>ira</strong></span> <span class='ocrx_word' id='word_1_321' title='bbox 3647 2584 3979 2637; x_wconf 82' lang='lat' dir='ltr'><strong>commotus.</strong></span> 
     </span>
    </p>
   </div>
   <div class='ocr_carea' id='block_1_47' title="bbox 2396 2658 3984 2729">
    <p class='ocr_par' dir='ltr' id='par_1_47' title="bbox 2396 2658 3984 2729">
     <span class='ocr_line' id='line_1_47' title="bbox 2396 2658 3984 2729; baseline 0.007 -18"><span class='ocrx_word' id='word_1_322' title='bbox 2396 2666 2452 2711; x_wconf 87' lang='lat' dir='ltr'><strong>te</strong></span> <span class='ocrx_word' id='word_1_323' title='bbox 2486 2658 2646 2712; x_wconf 86' lang='lat' dir='ltr'><strong>celeri</strong></span> <span class='ocrx_word' id='word_1_324' title='bbox 2678 2660 2946 2729; x_wconf 90' lang='lat' dir='ltr'><strong>supplicio</strong></span> <span class='ocrx_word' id='word_1_325' title='bbox 2987 2663 3290 2717; x_wconf 87' lang='lat' dir='ltr'><strong>necandum</strong></span> <span class='ocrx_word' id='word_1_326' title='bbox 3337 2679 3518 2720; x_wconf 87' lang='lat' dir='ltr'><strong>curem</strong></span> <span class='ocrx_word' id='word_1_327' title='bbox 3543 2666 3567 2721; x_wconf 82' lang='lat'><strong>?</strong></span> <span class='ocrx_word' id='word_1_328' title='bbox 3591 2665 3845 2724; x_wconf 81' lang='lat' dir='ltr'><strong>Falleris.</strong></span> <span class='ocrx_word' id='word_1_329' title='bbox 3876 2667 3984 2722; x_wconf 77' lang='lat' dir='ltr'><strong>Ne-</strong></span> 
     </span>
    </p>
   </div>
   <div class='ocr_carea' id='block_1_48' title="bbox 2397 2752 3987 2825">
    <p class='ocr_par' dir='ltr' id='par_1_48' title="bbox 2397 2752 3987 2825">
     <span class='ocr_line' id='line_1_48' title="bbox 2397 2752 3987 2825; baseline 0.004 -20"><span class='ocrx_word' id='word_1_330' title='bbox 2397 2766 2505 2821; x_wconf 88' lang='lat' dir='ltr'><strong>que</strong></span> <span class='ocrx_word' id='word_1_331' title='bbox 2545 2754 2690 2808; x_wconf 89' lang='lat' dir='ltr'><strong>enim</strong></span> <span class='ocrx_word' id='word_1_332' title='bbox 2726 2753 2777 2807; x_wconf 93' lang='lat' dir='ltr'><strong>id</strong></span> <span class='ocrx_word' id='word_1_333' title='bbox 2810 2752 3004 2809; x_wconf 81' lang='lat' dir='ltr'><strong>faciam</strong></span> <span class='ocrx_word' id='word_1_334' title='bbox 3037 2771 3052 2808; x_wconf 87' lang='lat'><strong>:</strong></span> <span class='ocrx_word' id='word_1_335' title='bbox 3088 2755 3180 2810; x_wconf 90' lang='lat' dir='ltr'><strong>sed</strong></span> <span class='ocrx_word' id='word_1_336' title='bbox 3213 2769 3410 2825; x_wconf 84' lang='lat' dir='ltr'><strong>corpus</strong></span> <span class='ocrx_word' id='word_1_337' title='bbox 3460 2768 3610 2813; x_wconf 90' lang='lat' dir='ltr'><strong>tuum</strong></span> <span class='ocrx_word' id='word_1_338' title='bbox 3647 2761 3799 2813; x_wconf 89' lang='lat' dir='ltr'><strong>omni</strong></span> <span class='ocrx_word' id='word_1_339' title='bbox 3857 2775 3987 2812; x_wconf 86' lang='lat' dir='ltr'><strong>crn-</strong></span> 
     </span>
    </p>
   </div>
   <div class='ocr_carea' id='block_1_49' title="bbox 2395 2842 3984 2916">
    <p class='ocr_par' dir='ltr' id='par_1_49' title="bbox 2395 2842 3984 2916">
     <span class='ocr_line' id='line_1_49' title="bbox 2395 2842 3984 2916; baseline 0.005 -18"><span class='ocrx_word' id='word_1_340' title='bbox 2395 2842 2636 2899; x_wconf 86' lang='lat' dir='ltr'><strong>ciatnutn</strong></span> <span class='ocrx_word' id='word_1_341' title='bbox 2697 2860 2895 2915; x_wconf 90' lang='lat' dir='ltr'><strong>genere</strong></span> <span class='ocrx_word' id='word_1_342' title='bbox 2950 2846 3277 2910; x_wconf 89' lang='lat' dir='ltr'><strong>confectum,</strong></span> <span class='ocrx_word' id='word_1_343' title='bbox 3323 2846 3376 2900; x_wconf 89' lang='lat' dir='ltr'><strong>in</strong></span> <span class='ocrx_word' id='word_1_344' title='bbox 3430 2848 3608 2915; x_wconf 77' lang='lat' dir='ltr'><strong>ignem</strong></span> <span class='ocrx_word' id='word_1_345' title='bbox 3668 2850 3984 2916; x_wconf 82' lang='lat' dir='ltr'><strong>conjiciam.</strong></span> 
     </span>
    </p>
   </div>
   <div class='ocr_carea' id='block_1_50' title="bbox 2396 2935 3987 3010">
    <p class='ocr_par' dir='ltr' id='par_1_50' title="bbox 2396 2935 3987 3010">
     <span class='ocr_line' id='line_1_50' title="bbox 2396 2935 3987 3010; baseline 0.007 -22"><span class='ocrx_word' id='word_1_346' title='bbox 2396 2935 2630 3003; x_wconf 87' lang='lat' dir='ltr'><strong>Quanto,</strong></span> <span class='ocrx_word' id='word_1_347' title='bbox 2664 2937 2839 3006; x_wconf 89' lang='lat' dir='ltr'><strong>inquit</strong></span> <span class='ocrx_word' id='word_1_348' title='bbox 2876 2937 3192 3007; x_wconf 88' lang='lat' dir='ltr'><strong>Calliopius,</strong></span> <span class='ocrx_word' id='word_1_349' title='bbox 3252 2940 3498 3010; x_wconf 86' lang='lat' dir='ltr'><strong>pluribus</strong></span> <span class='ocrx_word' id='word_1_350' title='bbox 3551 2954 3639 2994; x_wconf 89' lang='lat' dir='ltr'><strong>me</strong></span> <span class='ocrx_word' id='word_1_351' title='bbox 3698 2944 3987 2999; x_wconf 83' lang='lat' dir='ltr'><strong>tormentis</strong></span> 
     </span>
    </p>
   </div>
   <div class='ocr_carea' id='block_1_51' title="bbox 2398 3031 3988 3104">
    <p class='ocr_par' dir='ltr' id='par_1_51' title="bbox 2398 3031 3988 3104">
     <span class='ocr_line' id='line_1_51' title="bbox 2398 3031 3988 3104; baseline 0.003 -19"><span class='ocrx_word' id='word_1_352' title='bbox 2398 3031 2758 3096; x_wconf 83' lang='lat' dir='ltr'><strong>excruciabis,</strong></span> <span class='ocrx_word' id='word_1_353' title='bbox 2792 3041 2940 3088; x_wconf 88' lang='lat' dir='ltr'><strong>tanto</strong></span> <span class='ocrx_word' id='word_1_354' title='bbox 2975 3033 3106 3088; x_wconf 92' lang='lat' dir='ltr'><strong>mihi</strong></span> <span class='ocrx_word' id='word_1_355' title='bbox 3131 3048 3192 3088; x_wconf 89' lang='lat' dir='ltr'><strong>ea</strong></span> <span class='ocrx_word' id='word_1_356' title='bbox 3241 3034 3536 3104; x_wconf 89' lang='lat' dir='ltr'><strong>perferenti</strong></span> <span class='ocrx_word' id='word_1_357' title='bbox 3565 3050 3770 3090; x_wconf 87' lang='lat' dir='ltr'><strong>corona</strong></span> <span class='ocrx_word' id='word_1_358' title='bbox 3801 3037 3988 3104; x_wconf 82' lang='lat' dir='ltr'><strong>splen-</strong></span> 
     </span>
    </p>
   </div>
   <div class='ocr_carea' id='block_1_52' title="bbox 2399 3121 3988 3198">
    <p class='ocr_par' dir='ltr' id='par_1_52' title="bbox 2399 3121 3988 3198">
     <span class='ocr_line' id='line_1_52' title="bbox 2399 3121 3988 3198; baseline 0.004 -20"><span class='ocrx_word' id='word_1_359' title='bbox 2399 3121 2578 3179; x_wconf 90' lang='lat' dir='ltr'><strong>didior</strong></span> <span class='ocrx_word' id='word_1_360' title='bbox 2617 3133 2958 3181; x_wconf 79' lang='lat' dir='ltr'><strong>contexctur.</strong></span> <span class='ocrx_word' id='word_1_361' title='bbox 2989 3125 3161 3181; x_wconf 79' lang='lat' dir='ltr'><strong>Nemo</strong></span> <span class='ocrx_word' id='word_1_362' title='bbox 3205 3129 3372 3192; x_wconf 89' lang='lat' dir='ltr'><strong>enim,</strong></span> <span class='ocrx_word' id='word_1_363' title='bbox 3405 3138 3467 3182; x_wconf 86' lang='lat' dir='ltr'><strong>ut</strong></span> <span class='ocrx_word' id='word_1_364' title='bbox 3505 3129 3771 3198; x_wconf 90' lang='lat' dir='ltr'><strong>scriptum</strong></span> <span class='ocrx_word' id='word_1_365' title='bbox 3825 3139 3910 3184; x_wconf 86' lang='lat' dir='ltr'><strong>est</strong></span> <span class='ocrx_word' id='word_1_366' title='bbox 3944 3131 3988 3194; x_wconf 72' lang='grc' dir='ltr'><strong>ί,</strong></span> 
     </span>
    </p>
   </div>
   <div class='ocr_carea' id='block_1_53' title="bbox 2399 3218 3991 3289">
    <p class='ocr_par' dir='ltr' id='par_1_53' title="bbox 2399 3218 3991 3289">
     <span class='ocr_line' id='line_1_53' title="bbox 2399 3218 3991 3289; baseline 0.002 -16"><span class='ocrx_word' id='word_1_367' title='bbox 2399 3218 2771 3285; x_wconf 83' lang='lat' dir='ltr'><strong>coronabitur,</strong></span> <span class='ocrx_word' id='word_1_368' title='bbox 2820 3219 2925 3273; x_wconf 88' lang='lat' dir='ltr'><strong>nisi</strong></span> <span class='ocrx_word' id='word_1_369' title='bbox 2982 3218 3224 3289; x_wconf 81' lang='lat' dir='ltr'><strong>legitime</strong></span> <span class='ocrx_word' id='word_1_370' title='bbox 3277 3222 3587 3272; x_wconf 84' lang='lat' dir='ltr'><strong>certaverit.</strong></span> <span class='ocrx_word' id='word_1_371' title='bbox 3634 3219 3789 3274; x_wconf 89' lang='lat' dir='ltr'><strong>Tunc</strong></span> <span class='ocrx_word' id='word_1_372' title='bbox 3820 3221 3991 3276; x_wconf 50' lang='lat' dir='ltr'><strong>Mari.</strong></span> 
     </span>
    </p>
   </div>
   <div class='ocr_carea' id='block_1_54' title="bbox 2398 3309 3987 3379">
    <p class='ocr_par' dir='ltr' id='par_1_54' title="bbox 2398 3309 3987 3379">
     <span class='ocr_line' id='line_1_54' title="bbox 2398 3309 3987 3379; baseline 0 -13"><span class='ocrx_word' id='word_1_373' title='bbox 2398 3325 2518 3366; x_wconf 88' lang='lat' dir='ltr'><strong>mus</strong></span> <span class='ocrx_word' id='word_1_374' title='bbox 2553 3309 2715 3379; x_wconf 79' lang='lat' dir='ltr'><strong>jussit</strong></span> <span class='ocrx_word' id='word_1_375' title='bbox 2740 3318 2796 3364; x_wconf 93' lang='lat' dir='ltr'><strong>ut</strong></span> <span class='ocrx_word' id='word_1_376' title='bbox 2829 3312 2877 3364; x_wconf 92' lang='lat' dir='ltr'><strong>ei</strong></span> <span class='ocrx_word' id='word_1_377' title='bbox 2905 3310 3091 3364; x_wconf 89' lang='lat' dir='ltr'><strong>vincto</strong></span> <span class='ocrx_word' id='word_1_378' title='bbox 3130 3309 3422 3374; x_wconf 83' lang='lat' dir='ltr'><strong>plumbatis</strong></span> <span class='ocrx_word' id='word_1_379' title='bbox 3449 3309 3615 3378; x_wconf 83' lang='lat' dir='ltr'><strong>virgis</strong></span> <span class='ocrx_word' id='word_1_380' title='bbox 3642 3309 3825 3363; x_wconf 89' lang='lat' dir='ltr'><strong>omnia</strong></span> <span class='ocrx_word' id='word_1_381' title='bbox 3861 3327 3987 3366; x_wconf 88' lang='lat' dir='ltr'><strong>ossa</strong></span> 
     </span>
    </p>
   </div>
   <div class='ocr_carea' id='block_1_55' title="bbox 2400 3401 3990 3473">
    <p class='ocr_par' dir='ltr' id='par_1_55' title="bbox 2400 3401 3990 3473">
     <span class='ocr_line' id='line_1_55' title="bbox 2400 3401 3990 3473; baseline -0.003 -15"><span class='ocrx_word' id='word_1_382' title='bbox 2400 3403 2895 3470; x_wconf 83' lang='lat' dir='ltr'><strong>confringerentnr.</strong></span> <span class='ocrx_word' id='word_1_383' title='bbox 2934 3401 3136 3458; x_wconf 84' lang='lat' dir='ltr'><strong>Beatus</strong></span> <span class='ocrx_word' id='word_1_384' title='bbox 3166 3413 3348 3458; x_wconf 85' lang='lat' dir='ltr'><strong>autem</strong></span> <span class='ocrx_word' id='word_1_385' title='bbox 3377 3401 3698 3473; x_wconf 82' lang='lat' dir='ltr'><strong>Calliopius,</strong></span> <span class='ocrx_word' id='word_1_386' title='bbox 3738 3402 3867 3457; x_wconf 89' lang='lat' dir='ltr'><strong>dum</strong></span> <span class='ocrx_word' id='word_1_387' title='bbox 3898 3417 3990 3454; x_wconf 85' lang='lat' dir='ltr'><strong>va—</strong></span> 
     </span>
    </p>
   </div>
   <div class='ocr_carea' id='block_1_56' title="bbox 2398 3494 3992 3566">
    <p class='ocr_par' dir='ltr' id='par_1_56' title="bbox 2398 3494 3992 3566">
     <span class='ocr_line' id='line_1_56' title="bbox 2398 3494 3992 3566; baseline 0.003 -20"><span class='ocrx_word' id='word_1_388' title='bbox 2398 3495 2614 3564; x_wconf 89' lang='lat' dir='ltr'><strong>pularet</strong></span> <span class='ocrx_word' id='word_1_389' title='bbox 2641 3512 2656 3547; x_wconf 86' lang='lat'><strong>:</strong></span> <span class='ocrx_word' id='word_1_390' title='bbox 2686 3494 2925 3557; x_wconf 85' lang='lat' dir='ltr'><strong>Gratias,</strong></span> <span class='ocrx_word' id='word_1_391' title='bbox 2960 3495 3154 3564; x_wconf 84' lang='lat' dir='ltr'><strong>inquit,</strong></span> <span class='ocrx_word' id='word_1_392' title='bbox 3205 3511 3305 3566; x_wconf 85' lang='lat' dir='ltr'><strong>ago</strong></span> <span class='ocrx_word' id='word_1_393' title='bbox 3336 3495 3455 3561; x_wconf 87' lang='lat' dir='ltr'><strong>tibi,</strong></span> <span class='ocrx_word' id='word_1_394' title='bbox 3481 3494 3715 3561; x_wconf 87' lang='lat' dir='ltr'><strong>Christe,</strong></span> <span class='ocrx_word' id='word_1_395' title='bbox 3744 3496 3872 3566; x_wconf 87' lang='lat' dir='ltr'><strong>quia</strong></span> <span class='ocrx_word' id='word_1_396' title='bbox 3906 3497 3992 3552; x_wconf 82' lang='lat' dir='ltr'><strong>di-</strong></span> 
     </span>
    </p>
   </div>
   <div class='ocr_carea' id='block_1_57' title="bbox 2401 3587 3986 3658">
    <p class='ocr_par' dir='ltr' id='par_1_57' title="bbox 2401 3587 3986 3658">
     <span class='ocr_line' id='line_1_57' title="bbox 2401 3587 3986 3658; baseline 0.002 -17"><span class='ocrx_word' id='word_1_397' title='bbox 2401 3603 2535 3657; x_wconf 83' lang='lat' dir='ltr'><strong>guns</strong></span> <span class='ocrx_word' id='word_1_398' title='bbox 2570 3587 2795 3642; x_wconf 83' lang='lat' dir='ltr'><strong>eii&#39;ectus</strong></span> <span class='ocrx_word' id='word_1_399' title='bbox 2826 3603 2967 3653; x_wconf 90' lang='lat' dir='ltr'><strong>sum,</strong></span> <span class='ocrx_word' id='word_1_400' title='bbox 3001 3588 3090 3656; x_wconf 86' lang='lat' dir='ltr'><strong>qui</strong></span> <span class='ocrx_word' id='word_1_401' title='bbox 3110 3600 3336 3658; x_wconf 84' lang='lat' dir='ltr'><strong>propter</strong></span> <span class='ocrx_word' id='word_1_402' title='bbox 3366 3604 3563 3644; x_wconf 86' lang='lat' dir='ltr'><strong>nomen</strong></span> <span class='ocrx_word' id='word_1_403' title='bbox 3584 3599 3732 3643; x_wconf 89' lang='lat' dir='ltr'><strong>tuum</strong></span> <span class='ocrx_word' id='word_1_404' title='bbox 3759 3591 3986 3646; x_wconf 75' lang='lat' dir='ltr'><strong>verbera</strong></span> 
     </span>
    </p>
   </div>
   <div class='ocr_carea' id='block_1_58' title="bbox 2400 3678 3990 3751">
    <p class='ocr_par' dir='ltr' id='par_1_58' title="bbox 2400 3678 3990 3751">
     <span class='ocr_line' id='line_1_58' title="bbox 2400 3678 3990 3751; baseline 0 -14"><span class='ocrx_word' id='word_1_405' title='bbox 2400 3681 2748 3737; x_wconf 82' lang='lat' dir='ltr'><strong>sustinerem.</strong></span> <span class='ocrx_word' id='word_1_406' title='bbox 2804 3678 2954 3748; x_wconf 76' lang='lat' dir='ltr'><strong>Mihi,</strong></span> <span class='ocrx_word' id='word_1_407' title='bbox 2985 3680 3159 3751; x_wconf 90' lang='lat' dir='ltr'><strong>inquit</strong></span> <span class='ocrx_word' id='word_1_408' title='bbox 3225 3680 3492 3736; x_wconf 80' lang='lat' dir='ltr'><strong>Maximus</strong></span> <span class='ocrx_word' id='word_1_409' title='bbox 3545 3681 3858 3750; x_wconf 67' lang='lat' dir='ltr'><strong>praefectus,</strong></span> <span class='ocrx_word' id='word_1_410' title='bbox 3889 3682 3990 3737; x_wconf 87' lang='lat' dir='ltr'><strong>ob-</strong></span> 
     </span>
    </p>
   </div>
   <div class='ocr_carea' id='block_1_59' title="bbox 2402 3773 3984 3843">
    <p class='ocr_par' dir='ltr' id='par_1_59' title="bbox 2402 3773 3984 3843">
     <span class='ocr_line' id='line_1_59' title="bbox 2402 3773 3984 3843; baseline -0.003 -14"><span class='ocrx_word' id='word_1_411' title='bbox 2402 3782 2637 3843; x_wconf 89' lang='lat' dir='ltr'><strong>tempera</strong></span> <span class='ocrx_word' id='word_1_412' title='bbox 2667 3782 2720 3828; x_wconf 86' lang='lat' dir='ltr'><strong>et</strong></span> <span class='ocrx_word' id='word_1_413' title='bbox 2750 3773 2856 3828; x_wconf 81' lang='lat' dir='ltr'><strong>diis</strong></span> <span class='ocrx_word' id='word_1_414' title='bbox 2913 3774 3157 3838; x_wconf 84' lang='lat' dir='ltr'><strong>immola,</strong></span> <span class='ocrx_word' id='word_1_415' title='bbox 3184 3784 3239 3827; x_wconf 91' lang='lat' dir='ltr'><strong>ut</strong></span> <span class='ocrx_word' id='word_1_416' title='bbox 3270 3774 3506 3841; x_wconf 83' lang='lat' dir='ltr'><strong>patriam</strong></span> <span class='ocrx_word' id='word_1_417' title='bbox 3545 3773 3756 3836; x_wconf 87' lang='lat' dir='ltr'><strong>videas,</strong></span> <span class='ocrx_word' id='word_1_418' title='bbox 3787 3783 3844 3825; x_wconf 86' lang='lat' dir='ltr'><strong>ct</strong></span> <span class='ocrx_word' id='word_1_419' title='bbox 3870 3790 3984 3825; x_wconf 85' lang='lat' dir='ltr'><strong>ma-</strong></span> 
     </span>
    </p>
   </div>
   <div class='ocr_carea' id='block_1_60' title="bbox 2401 3863 3988 3932">
    <p class='ocr_par' dir='ltr' id='par_1_60' title="bbox 2401 3863 3988 3932">
     <span class='ocr_line' id='line_1_60' title="bbox 2401 3863 3988 3932; baseline 0.001 -14"><span class='ocrx_word' id='word_1_420' title='bbox 2401 3874 2539 3918; x_wconf 87' lang='lat' dir='ltr'><strong>trem</strong></span> <span class='ocrx_word' id='word_1_421' title='bbox 2575 3874 2744 3928; x_wconf 87' lang='lat' dir='ltr'><strong>tuam,</strong></span> <span class='ocrx_word' id='word_1_422' title='bbox 2769 3874 2823 3926; x_wconf 86' lang='lat' dir='ltr'><strong>et</strong></span> <span class='ocrx_word' id='word_1_423' title='bbox 2855 3880 2924 3918; x_wconf 90' lang='lat' dir='ltr'><strong>ne</strong></span> <span class='ocrx_word' id='word_1_424' title='bbox 2976 3863 3227 3932; x_wconf 87' lang='lat' dir='ltr'><strong>spolieris</strong></span> <span class='ocrx_word' id='word_1_425' title='bbox 3263 3863 3466 3917; x_wconf 86' lang='lat' dir='ltr'><strong>divitiis</strong></span> <span class='ocrx_word' id='word_1_426' title='bbox 3495 3879 3558 3917; x_wconf 90' lang='lat' dir='ltr'><strong>ac</strong></span> <span class='ocrx_word' id='word_1_427' title='bbox 3589 3863 3824 3918; x_wconf 79' lang='lat' dir='ltr'><strong>fortunis</strong></span> <span class='ocrx_word' id='word_1_428' title='bbox 3858 3867 3988 3921; x_wconf 87' lang='lat' dir='ltr'><strong>tuis.</strong></span> 
     </span>
    </p>
   </div>
   <div class='ocr_carea' id='block_1_61' title="bbox 2400 3955 3989 4024">
    <p class='ocr_par' dir='ltr' id='par_1_61' title="bbox 2400 3955 3989 4024">
     <span class='ocr_line' id='line_1_61' title="bbox 2400 3955 3989 4024; baseline 0.002 -11"><span class='ocrx_word' id='word_1_429' title='bbox 2400 3955 2828 4013; x_wconf 86' lang='lat' dir='ltr'><strong>&#39;l‘ormentorum</strong></span> <span class='ocrx_word' id='word_1_430' title='bbox 2854 3957 2998 4012; x_wconf 89' lang='lat' dir='ltr'><strong>enim</strong></span> <span class='ocrx_word' id='word_1_431' title='bbox 3021 3956 3194 4010; x_wconf 89' lang='lat' dir='ltr'><strong>sentis</strong></span> <span class='ocrx_word' id='word_1_432' title='bbox 3219 3955 3593 4014; x_wconf 84' lang='lat' dir='ltr'><strong>acerbitatem.</strong></span> <span class='ocrx_word' id='word_1_433' title='bbox 3611 3957 3989 4024; x_wconf 82' lang='lat' dir='ltr'><strong>Dulcedinem,</strong></span> 
     </span>
    </p>
   </div>
   <div class='ocr_carea' id='block_1_62' title="bbox 2403 4049 3990 4122">
    <p class='ocr_par' dir='ltr' id='par_1_62' title="bbox 2403 4049 3990 4122">
     <span class='ocr_line' id='line_1_62' title="bbox 2403 4049 3990 4122; baseline 0.002 -17"><span class='ocrx_word' id='word_1_434' title='bbox 2403 4051 2578 4120; x_wconf 89' lang='lat' dir='ltr'><strong>inquit</strong></span> <span class='ocrx_word' id='word_1_435' title='bbox 2613 4049 2926 4117; x_wconf 90' lang='lat' dir='ltr'><strong>Calliopius,</strong></span> <span class='ocrx_word' id='word_1_436' title='bbox 2954 4049 3234 4118; x_wconf 67' lang='lat' dir='ltr'><strong>promissae</strong></span> <span class='ocrx_word' id='word_1_437' title='bbox 3263 4065 3291 4104; x_wconf 87' lang='lat' dir='ltr'><strong>a</strong></span> <span class='ocrx_word' id='word_1_438' title='bbox 3325 4049 3548 4107; x_wconf 86' lang='lat' dir='ltr'><strong>Christo</strong></span> <span class='ocrx_word' id='word_1_439' title='bbox 3582 4053 3781 4122; x_wconf 87' lang='lat' dir='ltr'><strong>quietis</strong></span> <span class='ocrx_word' id='word_1_440' title='bbox 3816 4055 3990 4121; x_wconf 82' lang='lat' dir='ltr'><strong>degu-</strong></span> 
     </span>
    </p>
   </div>
   <div class='ocr_carea' id='block_1_63' title="bbox 2401 4144 3992 4214">
    <p class='ocr_par' dir='ltr' id='par_1_63' title="bbox 2401 4144 3992 4214">
     <span class='ocr_line' id='line_1_63' title="bbox 2401 4144 3992 4214; baseline 0.002 -15"><span class='ocrx_word' id='word_1_441' title='bbox 2401 4154 2507 4208; x_wconf 86' lang='lat' dir='ltr'><strong>sto,</strong></span> <span class='ocrx_word' id='word_1_442' title='bbox 2539 4154 2596 4201; x_wconf 88' lang='lat' dir='ltr'><strong>et</strong></span> <span class='ocrx_word' id='word_1_443' title='bbox 2626 4152 2892 4199; x_wconf 80' lang='lat' dir='ltr'><strong>tormenta</strong></span> <span class='ocrx_word' id='word_1_444' title='bbox 2932 4159 3037 4200; x_wconf 90' lang='lat' dir='ltr'><strong>non</strong></span> <span class='ocrx_word' id='word_1_445' title='bbox 3075 4145 3275 4201; x_wconf 86' lang='lat' dir='ltr'><strong>sentio.</strong></span> <span class='ocrx_word' id='word_1_446' title='bbox 3309 4144 3418 4200; x_wconf 79' lang='lat' dir='ltr'><strong>Nec</strong></span> <span class='ocrx_word' id='word_1_447' title='bbox 3443 4145 3496 4198; x_wconf 91' lang='lat' dir='ltr'><strong>in</strong></span> <span class='ocrx_word' id='word_1_448' title='bbox 3537 4144 3710 4200; x_wconf 90' lang='lat' dir='ltr'><strong>aliena</strong></span> <span class='ocrx_word' id='word_1_449' title='bbox 3769 4149 3992 4214; x_wconf 79' lang='lat' dir='ltr'><strong>regione</strong></span> 
     </span>
    </p>
   </div>
   <div class='ocr_carea' id='block_1_64' title="bbox 707 4211 3992 4311">
    <p class='ocr_par' dir='ltr' id='par_1_64' title="bbox 707 4211 3992 4311">
     <span class='ocr_line' id='line_1_64' title="bbox 707 4211 3992 4311; baseline 0.009 -48"><span class='ocrx_word' id='word_1_450' title='bbox 707 4211 914 4311; x_wconf 68' lang='lat' dir='ltr'><strong>cundia</strong></span> <span class='ocrx_word' id='word_1_451' title='bbox 934 4212 1147 4282; x_wconf 91' lang='lat' dir='ltr'><strong>plenus,</strong></span> <span class='ocrx_word' id='word_1_452' title='bbox 1180 4215 1342 4283; x_wconf 88' lang='lat' dir='ltr'><strong>jussit</strong></span> <span class='ocrx_word' id='word_1_453' title='bbox 1366 4236 1488 4276; x_wconf 88' lang='lat' dir='ltr'><strong>eum</strong></span> <span class='ocrx_word' id='word_1_454' title='bbox 1512 4223 1786 4294; x_wconf 87' lang='lat' dir='ltr'><strong>iujudicio</strong></span> <span class='ocrx_word' id='word_1_455' title='bbox 1813 4229 1953 4286; x_wconf 87' lang='lat' dir='ltr'><strong>sisti.</strong></span> <span class='ocrx_word' id='word_1_456' title='bbox 1985 4231 2137 4299; x_wconf 85' lang='lat' dir='ltr'><strong>Quod</strong></span> <span class='ocrx_word' id='word_1_457' title='bbox 2165 4251 2289 4291; x_wconf 87' lang='lat' dir='ltr'><strong>cum</strong></span> <span class='ocrx_word' id='word_1_458' title='bbox 2320 4246 2371 4311; x_wconf 72' lang='grc' dir='ltr'>α</span> <span class='ocrx_word' id='word_1_459' title='bbox 2403 4254 2487 4295; x_wconf 89' lang='lat' dir='ltr'><strong>me</strong></span> <span class='ocrx_word' id='word_1_460' title='bbox 2516 4255 2637 4296; x_wconf 85' lang='lat' dir='ltr'><strong>esse</strong></span> <span class='ocrx_word' id='word_1_461' title='bbox 2674 4249 2824 4310; x_wconf 90' lang='lat' dir='ltr'><strong>puto,</strong></span> <span class='ocrx_word' id='word_1_462' title='bbox 2856 4255 2979 4294; x_wconf 92' lang='lat' dir='ltr'><strong>cum</strong></span> <span class='ocrx_word' id='word_1_463' title='bbox 3034 4237 3250 4292; x_wconf 88' lang='lat' dir='ltr'><strong>Domini</strong></span> <span class='ocrx_word' id='word_1_464' title='bbox 3285 4241 3357 4290; x_wconf 83' lang='lat' dir='ltr'><strong>sit</strong></span> <span class='ocrx_word' id='word_1_465' title='bbox 3386 4247 3554 4300; x_wconf 86' lang='lat' dir='ltr'><strong>terra,</strong></span> <span class='ocrx_word' id='word_1_466' title='bbox 3591 4247 3646 4291; x_wconf 87' lang='lat' dir='ltr'><strong>et</strong></span> <span class='ocrx_word' id='word_1_467' title='bbox 3705 4239 3992 4307; x_wconf 90' lang='lat' dir='ltr'><strong>plenitudo</strong></span> 
     </span>
    </p>
   </div>
   <div class='ocr_carea' id='block_1_65' title="bbox 706 4300 2295 4384">
    <p class='ocr_par' dir='ltr' id='par_1_65' title="bbox 706 4300 2295 4384">
     <span class='ocr_line' id='line_1_65' title="bbox 706 4300 2295 4384; baseline 0.019 -30"><span class='ocrx_word' id='word_1_468' title='bbox 706 4311 857 4355; x_wconf 82' lang='lat' dir='ltr'><strong>esset</strong></span> <span class='ocrx_word' id='word_1_469' title='bbox 889 4300 1090 4360; x_wconf 81' lang='lat' dir='ltr'><strong>factum</strong></span> <span class='ocrx_word' id='word_1_470' title='bbox 1124 4323 1138 4360; x_wconf 88' lang='lat'><strong>:</strong></span> <span class='ocrx_word' id='word_1_471' title='bbox 1172 4307 1412 4378; x_wconf 84' lang='lat' dir='ltr'><strong>Ecquod,</strong></span> <span class='ocrx_word' id='word_1_472' title='bbox 1469 4313 1648 4382; x_wconf 87' lang='lat' dir='ltr'><strong>inquit</strong></span> <span class='ocrx_word' id='word_1_473' title='bbox 1673 4318 1957 4384; x_wconf 81' lang='lat' dir='ltr'><strong>Maximus,</strong></span> <span class='ocrx_word' id='word_1_474' title='bbox 1991 4341 2185 4381; x_wconf 90' lang='lat' dir='ltr'><strong>nomen</strong></span> <span class='ocrx_word' id='word_1_475' title='bbox 2210 4340 2295 4384; x_wconf 90' lang='lat' dir='ltr'><strong>est</strong></span> 
     </span>
    </p>
   </div>
   <div class='ocr_carea' id='block_1_66' title="bbox 712 4395 2292 4484">
    <p class='ocr_par' dir='ltr' id='par_1_66' title="bbox 712 4395 2292 4484">
     <span class='ocr_line' id='line_1_66' title="bbox 712 4395 2292 4484; baseline 0.02 -39"><span class='ocrx_word' id='word_1_476' title='bbox 712 4395 858 4448; x_wconf 81' lang='lat' dir='ltr'><strong>tibi?</strong></span> <span class='ocrx_word' id='word_1_477' title='bbox 892 4396 1238 4456; x_wconf 84' lang='lat' dir='ltr'><strong>Christianus</strong></span> <span class='ocrx_word' id='word_1_478' title='bbox 1272 4420 1413 4469; x_wconf 90' lang='lat' dir='ltr'><strong>sum,</strong></span> <span class='ocrx_word' id='word_1_479' title='bbox 1450 4407 1644 4477; x_wconf 89' lang='lat' dir='ltr'><strong>inquit,</strong></span> <span class='ocrx_word' id='word_1_480' title='bbox 1668 4423 1723 4465; x_wconf 89' lang='lat' dir='ltr'><strong>et</strong></span> <span class='ocrx_word' id='word_1_481' title='bbox 1775 4413 2068 4484; x_wconf 84' lang='lat' dir='ltr'><strong>Calliopius</strong></span> <span class='ocrx_word' id='word_1_482' title='bbox 2109 4436 2292 4481; x_wconf 90' lang='lat' dir='ltr'><strong>vocor.</strong></span> 
     </span>
    </p>
   </div>
   <div class='ocr_carea' id='block_1_67' title="bbox 705 4485 2296 4573">
    <p class='ocr_par' dir='ltr' id='par_1_67' title="bbox 705 4485 2296 4573">
     <span class='ocr_line' id='line_1_67' title="bbox 705 4485 2296 4573; baseline 0.019 -34"><span class='ocrx_word' id='word_1_483' title='bbox 705 4485 843 4554; x_wconf 80' lang='lat' dir='ltr'><strong>Cur,</strong></span> <span class='ocrx_word' id='word_1_484' title='bbox 875 4490 950 4544; x_wconf 89' lang='lat' dir='ltr'><strong>ait</strong></span> <span class='ocrx_word' id='word_1_485' title='bbox 977 4488 1246 4550; x_wconf 80' lang='lat' dir='ltr'><strong>Maximus</strong></span> <span class='ocrx_word' id='word_1_486' title='bbox 1269 4495 1580 4566; x_wconf 65' lang='lat' dir='ltr'><strong>praefectus,</strong></span> <span class='ocrx_word' id='word_1_487' title='bbox 1606 4518 1728 4556; x_wconf 90' lang='lat' dir='ltr'><strong>cum</strong></span> <span class='ocrx_word' id='word_1_488' title='bbox 1761 4520 1854 4573; x_wconf 89' lang='lat' dir='ltr'><strong>per</strong></span> <span class='ocrx_word' id='word_1_489' title='bbox 1877 4510 2061 4563; x_wconf 86' lang='lat' dir='ltr'><strong>orbem</strong></span> <span class='ocrx_word' id='word_1_490' title='bbox 2082 4513 2296 4569; x_wconf 85' lang='lat' dir='ltr'><strong>univcr-</strong></span> 
     </span>
    </p>
   </div>
   <div class='ocr_carea' id='block_1_68' title="bbox 710 4587 2295 4667">
    <p class='ocr_par' dir='ltr' id='par_1_68' title="bbox 710 4587 2295 4667">
     <span class='ocr_line' id='line_1_68' title="bbox 710 4587 2295 4667; baseline 0.018 -34"><span class='ocrx_word' id='word_1_491' title='bbox 710 4596 834 4634; x_wconf 82' lang='lat' dir='ltr'><strong>sum</strong></span> <span class='ocrx_word' id='word_1_492' title='bbox 891 4587 1119 4639; x_wconf 86' lang='lat' dir='ltr'><strong>deorum</strong></span> <span class='ocrx_word' id='word_1_493' title='bbox 1146 4589 1436 4649; x_wconf 89' lang='lat' dir='ltr'><strong>celebritas</strong></span> <span class='ocrx_word' id='word_1_494' title='bbox 1465 4608 1778 4667; x_wconf 80' lang='lat' dir='ltr'><strong>peragatur,</strong></span> <span class='ocrx_word' id='word_1_495' title='bbox 1813 4611 1865 4654; x_wconf 89' lang='lat' dir='ltr'><strong>tu</strong></span> <span class='ocrx_word' id='word_1_496' title='bbox 1902 4603 1952 4656; x_wconf 92' lang='lat' dir='ltr'><strong>in</strong></span> <span class='ocrx_word' id='word_1_497' title='bbox 1979 4603 2083 4658; x_wconf 89' lang='lat' dir='ltr'><strong>isto</strong></span> <span class='ocrx_word' id='word_1_498' title='bbox 2109 4621 2295 4664; x_wconf 88' lang='lat' dir='ltr'><strong>errore</strong></span> 
     </span>
    </p>
   </div>
   <div class='ocr_carea' id='block_1_69' title="bbox 712 4674 2296 4756">
    <p class='ocr_par' dir='ltr' id='par_1_69' title="bbox 712 4674 2296 4756">
     <span class='ocr_line' id='line_1_69' title="bbox 712 4674 2296 4756; baseline 0.018 -31"><span class='ocrx_word' id='word_1_499' title='bbox 712 4674 1008 4743; x_wconf 76' lang='lat' dir='ltr'><strong>persistis?</strong></span> <span class='ocrx_word' id='word_1_500' title='bbox 1039 4675 1168 4742; x_wconf 78' lang='lat' dir='ltr'><strong>Vos,</strong></span> <span class='ocrx_word' id='word_1_501' title='bbox 1233 4679 1406 4750; x_wconf 83' lang='lat' dir='ltr'><strong>inquit</strong></span> <span class='ocrx_word' id='word_1_502' title='bbox 1451 4683 1765 4756; x_wconf 86' lang='lat' dir='ltr'><strong>Calliopius,</strong></span> <span class='ocrx_word' id='word_1_503' title='bbox 1802 4707 1989 4748; x_wconf 87' lang='lat' dir='ltr'><strong>errore</strong></span> <span class='ocrx_word' id='word_1_504' title='bbox 2023 4697 2296 4752; x_wconf 81' lang='lat' dir='ltr'><strong>tenebris-</strong></span> 
     </span>
    </p>
   </div>
   <div class='ocr_carea' id='block_1_70' title="bbox 715 4775 2292 4855">
    <p class='ocr_par' dir='ltr' id='par_1_70' title="bbox 715 4775 2292 4855">
     <span class='ocr_line' id='line_1_70' title="bbox 715 4775 2292 4855; baseline 0.014 -33"><span class='ocrx_word' id='word_1_505' title='bbox 715 4781 822 4836; x_wconf 84' lang='lat' dir='ltr'><strong>que</strong></span> <span class='ocrx_word' id='word_1_506' title='bbox 847 4775 1165 4839; x_wconf 86' lang='lat' dir='ltr'><strong>versamini,</strong></span> <span class='ocrx_word' id='word_1_507' title='bbox 1193 4775 1309 4845; x_wconf 88' lang='lat' dir='ltr'><strong>qui,</strong></span> <span class='ocrx_word' id='word_1_508' title='bbox 1355 4777 1542 4835; x_wconf 87' lang='lat' dir='ltr'><strong>relicto</strong></span> <span class='ocrx_word' id='word_1_509' title='bbox 1570 4781 1677 4835; x_wconf 91' lang='lat' dir='ltr'><strong>Deo</strong></span> <span class='ocrx_word' id='word_1_510' title='bbox 1707 4783 1944 4851; x_wconf 76' lang='lat' dir='ltr'><strong>vivente,</strong></span> <span class='ocrx_word' id='word_1_511' title='bbox 1973 4789 2061 4855; x_wconf 90' lang='lat' dir='ltr'><strong>qui</strong></span> <span class='ocrx_word' id='word_1_512' title='bbox 2095 4791 2292 4846; x_wconf 74' lang='lat' dir='ltr'><strong>emittm</strong></span> 
     </span>
    </p>
   </div>
   <div class='ocr_carea' id='block_1_71' title="bbox 715 4870 2298 4953">
    <p class='ocr_par' dir='ltr' id='par_1_71' title="bbox 715 4870 2298 4953">
     <span class='ocr_line' id='line_1_71' title="bbox 715 4870 2298 4953; baseline 0.016 -39"><span class='ocrx_word' id='word_1_513' title='bbox 715 4872 770 4915; x_wconf 92' lang='lat' dir='ltr'><strong>et</strong></span> <span class='ocrx_word' id='word_1_514' title='bbox 829 4871 1052 4931; x_wconf 82' lang='lat' dir='ltr'><strong>terram,</strong></span> <span class='ocrx_word' id='word_1_515' title='bbox 1085 4876 1138 4920; x_wconf 91' lang='lat' dir='ltr'><strong>et</strong></span> <span class='ocrx_word' id='word_1_516' title='bbox 1202 4884 1322 4937; x_wconf 79' lang='lat' dir='ltr'><strong>qua:</strong></span> <span class='ocrx_word' id='word_1_517' title='bbox 1357 4870 1407 4922; x_wconf 91' lang='lat' dir='ltr'><strong>in</strong></span> <span class='ocrx_word' id='word_1_518' title='bbox 1440 4873 1518 4926; x_wconf 88' lang='lat' dir='ltr'><strong>eis</strong></span> <span class='ocrx_word' id='word_1_519' title='bbox 1540 4885 1666 4929; x_wconf 91' lang='lat' dir='ltr'><strong>sunt</strong></span> <span class='ocrx_word' id='word_1_520' title='bbox 1702 4879 1882 4932; x_wconf 86' lang='lat' dir='ltr'><strong>omnia</strong></span> <span class='ocrx_word' id='word_1_521' title='bbox 1930 4880 2099 4935; x_wconf 91' lang='lat' dir='ltr'><strong>verbo</strong></span> <span class='ocrx_word' id='word_1_522' title='bbox 2173 4900 2298 4953; x_wconf 87' lang='lat' dir='ltr'><strong>pro-</strong></span> 
     </span>
    </p>
   </div>
   <div class='ocr_carea' id='block_1_72' title="bbox 715 4957 2298 5045">
    <p class='ocr_par' dir='ltr' id='par_1_72' title="bbox 715 4957 2298 5045">
     <span class='ocr_line' id='line_1_72' title="bbox 715 4957 2298 5045; baseline 0.016 -37"><span class='ocrx_word' id='word_1_523' title='bbox 715 4957 949 5021; x_wconf 89' lang='lat' dir='ltr'><strong>creavit,</strong></span> <span class='ocrx_word' id='word_1_524' title='bbox 975 4973 1104 5012; x_wconf 81' lang='lat' dir='ltr'><strong>saxa</strong></span> <span class='ocrx_word' id='word_1_525' title='bbox 1136 4973 1329 5017; x_wconf 88' lang='lat' dir='ltr'><strong>sensus</strong></span> <span class='ocrx_word' id='word_1_526' title='bbox 1358 4967 1628 5034; x_wconf 78' lang='lat' dir='ltr'><strong>expertia,</strong></span> <span class='ocrx_word' id='word_1_527' title='bbox 1655 4979 1709 5023; x_wconf 91' lang='lat' dir='ltr'><strong>et</strong></span> <span class='ocrx_word' id='word_1_528' title='bbox 1736 4969 1876 5039; x_wconf 84' lang='lat' dir='ltr'><strong>ligna</strong></span> <span class='ocrx_word' id='word_1_529' title='bbox 1910 4975 2143 5040; x_wconf 81' lang='lat' dir='ltr'><strong>putrida,</strong></span> <span class='ocrx_word' id='word_1_530' title='bbox 2179 4991 2298 5045; x_wconf 68' lang='lat' dir='ltr'><strong>qna:</strong></span> 
     </span>
    </p>
   </div>
   <div class='ocr_carea' id='block_1_73' title="bbox 719 5052 2296 5127">
    <p class='ocr_par' dir='ltr' id='par_1_73' title="bbox 719 5052 2296 5127">
     <span class='ocr_line' id='line_1_73' title="bbox 719 5052 2296 5127; baseline 0.013 -25"><span class='ocrx_word' id='word_1_531' title='bbox 719 5057 848 5102; x_wconf 80' lang='lat' dir='ltr'><strong>sunt</strong></span> <span class='ocrx_word' id='word_1_532' title='bbox 878 5064 1137 5107; x_wconf 83' lang='lat' dir='ltr'><strong>manuum</strong></span> <span class='ocrx_word' id='word_1_533' title='bbox 1177 5052 1469 5121; x_wconf 89' lang='lat' dir='ltr'><strong>impiarum</strong></span> <span class='ocrx_word' id='word_1_534' title='bbox 1517 5074 1704 5127; x_wconf 86' lang='lat' dir='ltr'><strong>opera,</strong></span> <span class='ocrx_word' id='word_1_535' title='bbox 1739 5063 1916 5118; x_wconf 86' lang='lat' dir='ltr'><strong>colitis</strong></span> <span class='ocrx_word' id='word_1_536' title='bbox 1949 5077 2004 5119; x_wconf 89' lang='lat' dir='ltr'><strong>et</strong></span> <span class='ocrx_word' id='word_1_537' title='bbox 2035 5067 2296 5124; x_wconf 86' lang='lat' dir='ltr'><strong>adoratis.</strong></span> 
     </span>
    </p>
   </div>
   <div class='ocr_carea' id='block_1_74' title="bbox 723 5141 2298 5227">
    <p class='ocr_par' dir='ltr' id='par_1_74' title="bbox 723 5141 2298 5227">
     <span class='ocr_line' id='line_1_74' title="bbox 723 5141 2298 5227; baseline 0.016 -34"><span class='ocrx_word' id='word_1_538' title='bbox 723 5141 1125 5207; x_wconf 78' lang='lat' dir='ltr'><strong>Adolescentia.</strong></span> <span class='ocrx_word' id='word_1_539' title='bbox 1162 5147 1339 5217; x_wconf 91' lang='lat' dir='ltr'><strong>inquit</strong></span> <span class='ocrx_word' id='word_1_540' title='bbox 1377 5150 1687 5220; x_wconf 66' lang='lat' dir='ltr'><strong>praefectus,</strong></span> <span class='ocrx_word' id='word_1_541' title='bbox 1723 5167 1776 5211; x_wconf 92' lang='lat' dir='ltr'><strong>te</strong></span> <span class='ocrx_word' id='word_1_542' title='bbox 1807 5159 2140 5227; x_wconf 86' lang='lat' dir='ltr'><strong>petulantem</strong></span> <span class='ocrx_word' id='word_1_543' title='bbox 2174 5163 2298 5218; x_wconf 89' lang='lat' dir='ltr'><strong>red-</strong></span> 
     </span>
    </p>
   </div>
   <div class='ocr_carea' id='block_1_75' title="bbox 719 5232 2301 5322">
    <p class='ocr_par' dir='ltr' id='par_1_75' title="bbox 719 5232 2301 5322">
     <span class='ocr_line' id='line_1_75' title="bbox 719 5232 2301 5322; baseline 0.015 -37"><span class='ocrx_word' id='word_1_544' title='bbox 719 5232 824 5296; x_wconf 88' lang='lat' dir='ltr'><strong>dit,</strong></span> <span class='ocrx_word' id='word_1_545' title='bbox 856 5243 910 5287; x_wconf 91' lang='lat' dir='ltr'><strong>et</strong></span> <span class='ocrx_word' id='word_1_546' title='bbox 951 5251 1177 5306; x_wconf 81' lang='lat' dir='ltr'><strong>magnos</strong></span> <span class='ocrx_word' id='word_1_547' title='bbox 1235 5240 1330 5293; x_wconf 90' lang='lat' dir='ltr'><strong>tibi</strong></span> <span class='ocrx_word' id='word_1_548' title='bbox 1394 5243 1671 5299; x_wconf 90' lang='lat' dir='ltr'><strong>cruciatus</strong></span> <span class='ocrx_word' id='word_1_549' title='bbox 1731 5259 1900 5316; x_wconf 82' lang='lat' dir='ltr'><strong>parat.</strong></span> <span class='ocrx_word' id='word_1_550' title='bbox 1940 5247 2242 5322; x_wconf 88' lang='lat' dir='ltr'><strong>Dicigitur,</strong></span> <span class='ocrx_word' id='word_1_551' title='bbox 2271 5269 2301 5309; x_wconf 91' lang='lat' dir='ltr'><strong>e</strong></span> 
     </span>
    </p>
   </div>
   <div class='ocr_carea' id='block_1_76' title="bbox 717 5330 2296 5416">
    <p class='ocr_par' dir='ltr' id='par_1_76' title="bbox 717 5330 2296 5416">
     <span class='ocr_line' id='line_1_76' title="bbox 717 5330 2296 5416; baseline 0.015 -37"><span class='ocrx_word' id='word_1_552' title='bbox 717 5341 824 5396; x_wconf 89' lang='lat' dir='ltr'><strong>qua</strong></span> <span class='ocrx_word' id='word_1_553' title='bbox 858 5338 1017 5395; x_wconf 89' lang='lat' dir='ltr'><strong>gente</strong></span> <span class='ocrx_word' id='word_1_554' title='bbox 1044 5330 1140 5394; x_wconf 85' lang='lat' dir='ltr'><strong>sis,</strong></span> <span class='ocrx_word' id='word_1_555' title='bbox 1171 5340 1226 5386; x_wconf 90' lang='lat' dir='ltr'><strong>et</strong></span> <span class='ocrx_word' id='word_1_556' title='bbox 1251 5348 1320 5387; x_wconf 74' lang='lat' dir='ltr'><strong>ex</strong></span> <span class='ocrx_word' id='word_1_557' title='bbox 1353 5348 1457 5403; x_wconf 88' lang='lat' dir='ltr'><strong>quo</strong></span> <span class='ocrx_word' id='word_1_558' title='bbox 1486 5352 1702 5406; x_wconf 87' lang='lat' dir='ltr'><strong>genere.</strong></span> <span class='ocrx_word' id='word_1_559' title='bbox 1742 5339 1781 5393; x_wconf 88' lang='lat' dir='ltr'>E</span> <span class='ocrx_word' id='word_1_560' title='bbox 1809 5339 2117 5416; x_wconf 83' lang='lat' dir='ltr'><strong>Pamphylia</strong></span> <span class='ocrx_word' id='word_1_561' title='bbox 2150 5360 2296 5415; x_wconf 86' lang='lat' dir='ltr'><strong>sum,</strong></span> 
     </span>
    </p>
   </div>
   <div class='ocr_carea' id='block_1_77' title="bbox 718 5419 2302 5506">
    <p class='ocr_par' dir='ltr' id='par_1_77' title="bbox 718 5419 2302 5506">
     <span class='ocr_line' id='line_1_77' title="bbox 718 5419 2302 5506; baseline 0.012 -31"><span class='ocrx_word' id='word_1_562' title='bbox 718 5419 895 5488; x_wconf 78' lang='lat' dir='ltr'><strong>inquit</strong></span> <span class='ocrx_word' id='word_1_563' title='bbox 928 5419 1244 5491; x_wconf 83' lang='lat' dir='ltr'><strong>Calliopius,</strong></span> <span class='ocrx_word' id='word_1_564' title='bbox 1275 5435 1331 5481; x_wconf 90' lang='lat' dir='ltr'><strong>et</strong></span> <span class='ocrx_word' id='word_1_565' title='bbox 1372 5429 1631 5497; x_wconf 84' lang='lat' dir='ltr'><strong>patricius</strong></span> <span class='ocrx_word' id='word_1_566' title='bbox 1665 5449 1888 5500; x_wconf 87' lang='lat' dir='ltr'><strong>genere,</strong></span> <span class='ocrx_word' id='word_1_567' title='bbox 1921 5447 1995 5500; x_wconf 90' lang='lat' dir='ltr'><strong>et,</strong></span> <span class='ocrx_word' id='word_1_568' title='bbox 2026 5440 2168 5506; x_wconf 90' lang='lat' dir='ltr'><strong>quod</strong></span> <span class='ocrx_word' id='word_1_569' title='bbox 2205 5455 2302 5493; x_wconf 92' lang='lat' dir='ltr'><strong>no-</strong></span> 
     </span>
    </p>
   </div>
   <div class='ocr_carea' id='block_1_78' title="bbox 714 5508 2300 5594">
    <p class='ocr_par' dir='ltr' id='par_1_78' title="bbox 714 5508 2300 5594">
     <span class='ocr_line' id='line_1_78' title="bbox 714 5508 2300 5594; baseline 0.013 -28"><span class='ocrx_word' id='word_1_570' title='bbox 714 5508 1048 5566; x_wconf 74' lang='lat' dir='ltr'><strong>bilissimum</strong></span> <span class='ocrx_word' id='word_1_571' title='bbox 1080 5523 1186 5581; x_wconf 90' lang='lat' dir='ltr'><strong>est,</strong></span> <span class='ocrx_word' id='word_1_572' title='bbox 1211 5515 1574 5574; x_wconf 87' lang='lat' dir='ltr'><strong>Christianus.</strong></span> <span class='ocrx_word' id='word_1_573' title='bbox 1605 5519 1700 5577; x_wconf 90' lang='lat' dir='ltr'><strong>Dic</strong></span> <span class='ocrx_word' id='word_1_574' title='bbox 1725 5526 1876 5589; x_wconf 89' lang='lat' dir='ltr'><strong>mihi,</strong></span> <span class='ocrx_word' id='word_1_575' title='bbox 1904 5527 2189 5594; x_wconf 83' lang='lat' dir='ltr'><strong>praefectus</strong></span> <span class='ocrx_word' id='word_1_576' title='bbox 2217 5530 2300 5584; x_wconf 86' lang='lat' dir='ltr'><strong>in-</strong></span> 
     </span>
    </p>
   </div>
   <div class='ocr_carea' id='block_1_79' title="bbox 2397 4327 3993 4401">
    <p class='ocr_par' dir='ltr' id='par_1_79' title="bbox 2397 4327 3993 4401">
     <span class='ocr_line' id='line_1_79' title="bbox 2397 4327 3993 4401; baseline -0.001 -15"><span class='ocrx_word' id='word_1_577' title='bbox 2397 4332 2515 4401; x_wconf 85' lang='lat' dir='ltr'><strong>ejus</strong></span> <span class='ocrx_word' id='word_1_578' title='bbox 2535 4333 2579 4390; x_wconf 85' lang='grc'><strong>¹.</strong></span> <span class='ocrx_word' id='word_1_579' title='bbox 2615 4332 2681 4386; x_wconf 83' lang='grc' dir='ltr'>Ει</span> <span class='ocrx_word' id='word_1_580' title='bbox 2715 4331 2802 4386; x_wconf 91' lang='lat' dir='ltr'><strong>hic</strong></span> <span class='ocrx_word' id='word_1_581' title='bbox 2850 4343 3071 4399; x_wconf 88' lang='lat' dir='ltr'><strong>quoque</strong></span> <span class='ocrx_word' id='word_1_582' title='bbox 3128 4327 3359 4396; x_wconf 88' lang='lat' dir='ltr'><strong>patriam</strong></span> <span class='ocrx_word' id='word_1_583' title='bbox 3408 4341 3596 4394; x_wconf 89' lang='lat' dir='ltr'><strong>cerno,</strong></span> <span class='ocrx_word' id='word_1_584' title='bbox 3649 4337 3993 4401; x_wconf 77' lang='lat' dir='ltr'><strong>matremque</strong></span> 
     </span>
    </p>
   </div>
   <div class='ocr_carea' id='block_1_80' title="bbox 2397 4419 3992 4486">
    <p class='ocr_par' dir='ltr' id='par_1_80' title="bbox 2397 4419 3992 4486">
     <span class='ocr_line' id='line_1_80' title="bbox 2397 4419 3992 4486; baseline 0.001 -9"><span class='ocrx_word' id='word_1_585' title='bbox 2397 4440 2594 4478; x_wconf 81' lang='lat' dir='ltr'><strong>meatu.</strong></span> <span class='ocrx_word' id='word_1_586' title='bbox 2648 4422 2783 4477; x_wconf 80' lang='lat' dir='ltr'><strong>Nam</strong></span> <span class='ocrx_word' id='word_1_587' title='bbox 2829 4432 3000 4476; x_wconf 87' lang='lat' dir='ltr'><strong>mater</strong></span> <span class='ocrx_word' id='word_1_588' title='bbox 3057 4435 3195 4486; x_wconf 90' lang='lat' dir='ltr'><strong>mea,</strong></span> <span class='ocrx_word' id='word_1_589' title='bbox 3238 4429 3322 4475; x_wconf 88' lang='lat' dir='ltr'><strong>est</strong></span> <span class='ocrx_word' id='word_1_590' title='bbox 3359 4419 3563 4477; x_wconf 90' lang='lat' dir='ltr'><strong>Christi</strong></span> <span class='ocrx_word' id='word_1_591' title='bbox 3607 4420 3854 4477; x_wconf 84' lang='lat' dir='ltr'><strong>Ecclesia</strong></span> <span class='ocrx_word' id='word_1_592' title='bbox 3901 4437 3992 4478; x_wconf 81' lang='lat' dir='ltr'><strong>sa-</strong></span> 
     </span>
    </p>
   </div>
   <div class='ocr_carea' id='block_1_81' title="bbox 2399 4514 3990 4585">
    <p class='ocr_par' dir='ltr' id='par_1_81' title="bbox 2399 4514 3990 4585">
     <span class='ocr_line' id='line_1_81' title="bbox 2399 4514 3990 4585; baseline 0 -15"><span class='ocrx_word' id='word_1_593' title='bbox 2399 4525 2682 4571; x_wconf 88' lang='lat' dir='ltr'><strong>crosancta</strong></span> <span class='ocrx_word' id='word_1_594' title='bbox 2710 4523 2802 4571; x_wconf 89' lang='lat' dir='ltr'><strong>:et</strong></span> <span class='ocrx_word' id='word_1_595' title='bbox 2828 4515 2998 4585; x_wconf 87' lang='lat' dir='ltr'><strong>patria</strong></span> <span class='ocrx_word' id='word_1_596' title='bbox 3028 4515 3526 4580; x_wconf 76' lang='lat' dir='ltr'><strong>mea,estcmlestis</strong></span> <span class='ocrx_word' id='word_1_597' title='bbox 3555 4515 3640 4569; x_wconf 90' lang='lat' dir='ltr'><strong>illa</strong></span> <span class='ocrx_word' id='word_1_598' title='bbox 3663 4514 3990 4572; x_wconf 79' lang='lat' dir='ltr'><strong>Jerusalem.</strong></span> 
     </span>
    </p>
   </div>
   <div class='ocr_carea' id='block_1_82' title="bbox 2401 4608 3989 4674">
    <p class='ocr_par' dir='ltr' id='par_1_82' title="bbox 2401 4608 3989 4674">
     <span class='ocr_line' id='line_1_82' title="bbox 2401 4608 3989 4674; baseline 0.001 -11"><span class='ocrx_word' id='word_1_599' title='bbox 2401 4608 2596 4664; x_wconf 83' lang='lat' dir='ltr'><strong>Nostra</strong></span> <span class='ocrx_word' id='word_1_600' title='bbox 2625 4609 2768 4664; x_wconf 91' lang='lat' dir='ltr'><strong>enim</strong></span> <span class='ocrx_word' id='word_1_601' title='bbox 2797 4609 3142 4663; x_wconf 84' lang='lat' dir='ltr'><strong>conversatio</strong></span> <span class='ocrx_word' id='word_1_602' title='bbox 3169 4609 3224 4660; x_wconf 94' lang='lat' dir='ltr'><strong>in</strong></span> <span class='ocrx_word' id='word_1_603' title='bbox 3261 4609 3414 4663; x_wconf 78' lang='lat' dir='ltr'><strong>ctelis</strong></span> <span class='ocrx_word' id='word_1_604' title='bbox 3439 4619 3522 4663; x_wconf 92' lang='lat' dir='ltr'><strong>est</strong></span> <span class='ocrx_word' id='word_1_605' title='bbox 3542 4609 3584 4664; x_wconf 86' lang='grc'><strong>³.</strong></span> <span class='ocrx_word' id='word_1_606' title='bbox 3609 4608 3766 4674; x_wconf 87' lang='lat' dir='ltr'><strong>Quod</strong></span> <span class='ocrx_word' id='word_1_607' title='bbox 3789 4612 3833 4664; x_wconf 90' lang='lat' dir='ltr'><strong>si</strong></span> <span class='ocrx_word' id='word_1_608' title='bbox 3860 4611 3989 4665; x_wconf 88' lang='lat' dir='ltr'><strong>mihi</strong></span> 
     </span>
    </p>
   </div>
   <div class='ocr_carea' id='block_1_83' title="bbox 2399 4699 3991 4774">
    <p class='ocr_par' dir='ltr' id='par_1_83' title="bbox 2399 4699 3991 4774">
     <span class='ocr_line' id='line_1_83' title="bbox 2399 4699 3991 4774; baseline -0.001 -16"><span class='ocrx_word' id='word_1_609' title='bbox 2399 4718 2717 4774; x_wconf 89' lang='lat' dir='ltr'><strong>corpoream</strong></span> <span class='ocrx_word' id='word_1_610' title='bbox 2775 4710 3003 4755; x_wconf 89' lang='lat' dir='ltr'><strong>matrem</strong></span> <span class='ocrx_word' id='word_1_611' title='bbox 3065 4699 3312 4771; x_wconf 86' lang='lat' dir='ltr'><strong>objicias,</strong></span> <span class='ocrx_word' id='word_1_612' title='bbox 3374 4701 3498 4756; x_wconf 87' lang='lat' dir='ltr'><strong>audi</strong></span> <span class='ocrx_word' id='word_1_613' title='bbox 3555 4701 3688 4771; x_wconf 90' lang='lat' dir='ltr'><strong>quid</strong></span> <span class='ocrx_word' id='word_1_614' title='bbox 3740 4701 3991 4756; x_wconf 87' lang='lat' dir='ltr'><strong>Christus</strong></span> 
     </span>
    </p>
   </div>
   <div class='ocr_carea' id='block_1_84' title="bbox 2400 4788 3991 4860">
    <p class='ocr_par' dir='ltr' id='par_1_84' title="bbox 2400 4788 3991 4860">
     <span class='ocr_line' id='line_1_84' title="bbox 2400 4788 3991 4860; baseline 0.003 -15"><span class='ocrx_word' id='word_1_615' title='bbox 2400 4791 2543 4847; x_wconf 85' lang='lat' dir='ltr'><strong>Deus</strong></span> <span class='ocrx_word' id='word_1_616' title='bbox 2575 4806 2727 4846; x_wconf 87' lang='lat' dir='ltr'><strong>meus</strong></span> <span class='ocrx_word' id='word_1_617' title='bbox 2761 4790 2950 4846; x_wconf 89' lang='lat' dir='ltr'><strong>dicat:</strong></span> <span class='ocrx_word' id='word_1_618' title='bbox 2987 4811 3004 4844; x_wconf 86' lang='grc' dir='ltr'><strong>ι</strong></span> <span class='ocrx_word' id='word_1_619' title='bbox 3039 4788 3141 4857; x_wconf 89' lang='lat' dir='ltr'><strong>Qui</strong></span> <span class='ocrx_word' id='word_1_620' title='bbox 3173 4799 3322 4847; x_wconf 87' lang='lat' dir='ltr'><strong>amat</strong></span> <span class='ocrx_word' id='word_1_621' title='bbox 3375 4804 3583 4860; x_wconf 90' lang='lat' dir='ltr'><strong>patrem</strong></span> <span class='ocrx_word' id='word_1_622' title='bbox 3633 4802 3728 4846; x_wconf 87' lang='lat' dir='ltr'><strong>aut</strong></span> <span class='ocrx_word' id='word_1_623' title='bbox 3761 4805 3991 4848; x_wconf 89' lang='lat' dir='ltr'><strong>matrem</strong></span> 
     </span>
    </p>
   </div>
   <div class='ocr_carea' id='block_1_85' title="bbox 2400 4881 3990 4955">
    <p class='ocr_par' dir='ltr' id='par_1_85' title="bbox 2400 4881 3990 4955">
     <span class='ocr_line' id='line_1_85' title="bbox 2400 4881 3990 4955; baseline 0.003 -19"><span class='ocrx_word' id='word_1_624' title='bbox 2400 4881 2687 4953; x_wconf 88' lang='lat' dir='ltr'><strong>plusquam</strong></span> <span class='ocrx_word' id='word_1_625' title='bbox 2711 4899 2817 4950; x_wconf 88' lang='lat' dir='ltr'><strong>tne,</strong></span> <span class='ocrx_word' id='word_1_626' title='bbox 2853 4901 2960 4940; x_wconf 92' lang='lat' dir='ltr'><strong>non</strong></span> <span class='ocrx_word' id='word_1_627' title='bbox 2989 4893 3071 4938; x_wconf 89' lang='lat' dir='ltr'><strong>est</strong></span> <span class='ocrx_word' id='word_1_628' title='bbox 3098 4900 3183 4938; x_wconf 91' lang='lat' dir='ltr'><strong>me</strong></span> <span class='ocrx_word' id='word_1_629' title='bbox 3216 4883 3415 4954; x_wconf 87' lang='lat' dir='ltr'><strong>dignus</strong></span> <span class='ocrx_word' id='word_1_630' title='bbox 3446 4884 3489 4940; x_wconf 75' lang='grc'><strong>⁸.</strong></span> <span class='ocrx_word' id='word_1_631' title='bbox 3524 4902 3544 4937; x_wconf 72' lang='grc' dir='ltr'><strong>ι</strong></span> <span class='ocrx_word' id='word_1_632' title='bbox 3581 4881 3716 4937; x_wconf 83' lang='lat' dir='ltr'><strong>Nam</strong></span> <span class='ocrx_word' id='word_1_633' title='bbox 3750 4887 3896 4955; x_wconf 88' lang='lat' dir='ltr'><strong>quod</strong></span> <span class='ocrx_word' id='word_1_634' title='bbox 3926 4891 3990 4941; x_wconf 85' lang='lat' dir='ltr'><strong>ad</strong></span> 
     </span>
    </p>
   </div>
   <div class='ocr_carea' id='block_1_86' title="bbox 2400 4976 3992 5049">
    <p class='ocr_par' dir='ltr' id='par_1_86' title="bbox 2400 4976 3992 5049">
     <span class='ocr_line' id='line_1_86' title="bbox 2400 4976 3992 5049; baseline 0.004 -17"><span class='ocrx_word' id='word_1_635' title='bbox 2400 4976 2620 5033; x_wconf 84' lang='lat' dir='ltr'><strong>divitias</strong></span> <span class='ocrx_word' id='word_1_636' title='bbox 2653 4980 2905 5048; x_wconf 82' lang='lat' dir='ltr'><strong>pertinet,</strong></span> <span class='ocrx_word' id='word_1_637' title='bbox 2933 4993 3026 5033; x_wconf 88' lang='lat' dir='ltr'><strong>cas</strong></span> <span class='ocrx_word' id='word_1_638' title='bbox 3051 4978 3286 5049; x_wconf 88' lang='lat' dir='ltr'><strong>negligo.</strong></span> <span class='ocrx_word' id='word_1_639' title='bbox 3324 4990 3378 5035; x_wconf 92' lang='lat' dir='ltr'><strong>et</strong></span> <span class='ocrx_word' id='word_1_640' title='bbox 3417 4980 3561 5036; x_wconf 90' lang='lat' dir='ltr'><strong>malo</strong></span> <span class='ocrx_word' id='word_1_641' title='bbox 3587 4981 3793 5037; x_wconf 87' lang='lat' dir='ltr'><strong>Christi</strong></span> <span class='ocrx_word' id='word_1_642' title='bbox 3831 5000 3992 5041; x_wconf 88' lang='lat' dir='ltr'><strong>cruce</strong></span> 
     </span>
    </p>
   </div>
   <div class='ocr_carea' id='block_1_87' title="bbox 2402 5066 3884 5139">
    <p class='ocr_par' dir='ltr' id='par_1_87' title="bbox 2402 5066 3884 5139">
     <span class='ocr_line' id='line_1_87' title="bbox 2402 5066 3884 5139; baseline 0.003 -17"><span class='ocrx_word' id='word_1_643' title='bbox 2402 5066 2589 5136; x_wconf 82' lang='lat' dir='ltr'><strong>aﬂiigi,</strong></span> <span class='ocrx_word' id='word_1_644' title='bbox 2619 5084 2781 5139; x_wconf 90' lang='lat' dir='ltr'><strong>quam</strong></span> <span class='ocrx_word' id='word_1_645' title='bbox 2816 5068 3038 5125; x_wconf 90' lang='lat' dir='ltr'><strong>caducis</strong></span> <span class='ocrx_word' id='word_1_646' title='bbox 3087 5072 3237 5125; x_wconf 89' lang='lat' dir='ltr'><strong>stulti</strong></span> <span class='ocrx_word' id='word_1_647' title='bbox 3289 5075 3476 5126; x_wconf 86' lang='lat' dir='ltr'><strong>mundi</strong></span> <span class='ocrx_word' id='word_1_648' title='bbox 3510 5074 3721 5127; x_wconf 89' lang='lat' dir='ltr'><strong>deliciis</strong></span> <span class='ocrx_word' id='word_1_649' title='bbox 3753 5073 3884 5130; x_wconf 89' lang='lat' dir='ltr'><strong>frui.</strong></span> 
     </span>
    </p>
   </div>
   <div class='ocr_carea' id='block_1_88' title="bbox 2475 5157 3990 5244">
    <p class='ocr_par' dir='ltr' id='par_1_88' title="bbox 2475 5157 3990 5244">
     <span class='ocr_line' id='line_1_88' title="bbox 2475 5157 3990 5244; baseline 0.006 -31"><span class='ocrx_word' id='word_1_650' title='bbox 2475 5157 2567 5214; x_wconf 85' lang='lat' dir='ltr'><strong>iV.</strong></span> <span class='ocrx_word' id='word_1_651' title='bbox 2603 5161 2871 5214; x_wconf 77' lang='lat' dir='ltr'><strong>Maximus</strong></span> <span class='ocrx_word' id='word_1_652' title='bbox 2925 5163 3214 5232; x_wconf 68' lang='lat' dir='ltr'><strong>praefectus</strong></span> <span class='ocrx_word' id='word_1_653' title='bbox 3247 5180 3260 5217; x_wconf 92' lang='lat'><strong>:</strong></span> <span class='ocrx_word' id='word_1_654' title='bbox 3297 5163 3470 5229; x_wconf 89' lang='lat' dir='ltr'><strong>Quam</strong></span> <span class='ocrx_word' id='word_1_655' title='bbox 3515 5174 3622 5231; x_wconf 89' lang='lat' dir='ltr'><strong>est,</strong></span> <span class='ocrx_word' id='word_1_656' title='bbox 3659 5166 3859 5244; x_wconf 89' lang='lat' dir='ltr'><strong>inquit,</strong></span> <span class='ocrx_word' id='word_1_657' title='bbox 3897 5181 3990 5222; x_wconf 75' lang='lat' dir='ltr'><strong>ex-</strong></span> 
     </span>
    </p>
   </div>
   <div class='ocr_carea' id='block_1_89' title="bbox 2402 5251 3987 5322">
    <p class='ocr_par' dir='ltr' id='par_1_89' title="bbox 2402 5251 3987 5322">
     <span class='ocr_line' id='line_1_89' title="bbox 2402 5251 3987 5322; baseline 0.003 -17"><span class='ocrx_word' id='word_1_658' title='bbox 2402 5266 2543 5307; x_wconf 88' lang='lat' dir='ltr'><strong>cors.</strong></span> <span class='ocrx_word' id='word_1_659' title='bbox 2569 5251 2766 5308; x_wconf 89' lang='lat' dir='ltr'><strong>Crudis</strong></span> <span class='ocrx_word' id='word_1_660' title='bbox 2796 5253 2975 5309; x_wconf 88' lang='lat' dir='ltr'><strong>nervis</strong></span> <span class='ocrx_word' id='word_1_661' title='bbox 3005 5262 3250 5308; x_wconf 87' lang='lat' dir='ltr'><strong>ventrem</strong></span> <span class='ocrx_word' id='word_1_662' title='bbox 3296 5254 3416 5322; x_wconf 86' lang='lat' dir='ltr'><strong>ejus</strong></span> <span class='ocrx_word' id='word_1_663' title='bbox 3448 5257 3665 5321; x_wconf 66' lang='lat' dir='ltr'><strong>caedite,</strong></span> <span class='ocrx_word' id='word_1_664' title='bbox 3696 5258 3943 5314; x_wconf 86' lang='lat' dir='ltr'><strong>dicentes</strong></span> <span class='ocrx_word' id='word_1_665' title='bbox 3974 5275 3987 5310; x_wconf 89' lang='lat'>:</span> 
     </span>
    </p>
   </div>
   <div class='ocr_carea' id='block_1_90' title="bbox 2401 5345 3989 5421">
    <p class='ocr_par' dir='ltr' id='par_1_90' title="bbox 2401 5345 3989 5421">
     <span class='ocr_line' id='line_1_90' title="bbox 2401 5345 3989 5421; baseline 0.006 -21"><span class='ocrx_word' id='word_1_666' title='bbox 2401 5345 2519 5402; x_wconf 85' lang='lat' dir='ltr'><strong>Noli</strong></span> <span class='ocrx_word' id='word_1_667' title='bbox 2553 5363 2721 5402; x_wconf 92' lang='lat' dir='ltr'><strong>unum</strong></span> <span class='ocrx_word' id='word_1_668' title='bbox 2747 5363 2846 5416; x_wconf 91' lang='lat' dir='ltr'><strong>pro</strong></span> <span class='ocrx_word' id='word_1_669' title='bbox 2886 5348 2993 5402; x_wconf 90' lang='lat' dir='ltr'><strong>alio</strong></span> <span class='ocrx_word' id='word_1_670' title='bbox 3025 5349 3190 5403; x_wconf 88' lang='lat' dir='ltr'><strong>stulte</strong></span> <span class='ocrx_word' id='word_1_671' title='bbox 3240 5353 3588 5416; x_wconf 86' lang='lat' dir='ltr'><strong>respondere,</strong></span> <span class='ocrx_word' id='word_1_672' title='bbox 3631 5350 3724 5406; x_wconf 89' lang='lat' dir='ltr'><strong>sed</strong></span> <span class='ocrx_word' id='word_1_673' title='bbox 3769 5364 3894 5421; x_wconf 86' lang='lat' dir='ltr'><strong>apte</strong></span> <span class='ocrx_word' id='word_1_674' title='bbox 3924 5353 3989 5409; x_wconf 92' lang='lat' dir='ltr'><strong>ad</strong></span> 
     </span>
    </p>
   </div>
   <div class='ocr_carea' id='block_1_91' title="bbox 2404 5439 3992 5513">
    <p class='ocr_par' dir='ltr' id='par_1_91' title="bbox 2404 5439 3992 5513">
     <span class='ocr_line' id='line_1_91' title="bbox 2404 5439 3992 5513; baseline 0.003 -19"><span class='ocrx_word' id='word_1_675' title='bbox 2404 5439 2754 5508; x_wconf 86' lang='lat' dir='ltr'><strong>interrogata.</strong></span> <span class='ocrx_word' id='word_1_676' title='bbox 2787 5440 2996 5502; x_wconf 86' lang='lat' dir='ltr'><strong>insane.</strong></span> <span class='ocrx_word' id='word_1_677' title='bbox 3022 5440 3197 5509; x_wconf 89' lang='lat' dir='ltr'><strong>inquit</strong></span> <span class='ocrx_word' id='word_1_678' title='bbox 3239 5440 3628 5510; x_wconf 85' lang='lat' dir='ltr'><strong>Calliopius,et</strong></span> <span class='ocrx_word' id='word_1_679' title='bbox 3649 5445 3846 5513; x_wconf 79' lang='lat' dir='ltr'><strong>quavis</strong></span> <span class='ocrx_word' id='word_1_680' title='bbox 3879 5443 3992 5499; x_wconf 74' lang='lat' dir='ltr'><strong>fera</strong></span> 
     </span>
    </p>
   </div>
   <div class='ocr_carea' id='block_1_92' title="bbox 2404 5532 3988 5605">
    <p class='ocr_par' dir='ltr' id='par_1_92' title="bbox 2404 5532 3988 5605">
     <span class='ocr_line' id='line_1_92' title="bbox 2404 5532 3988 5605; baseline 0.003 -15"><span class='ocrx_word' id='word_1_681' title='bbox 2404 5533 2698 5598; x_wconf 86' lang='lat' dir='ltr'><strong>crudelior,</strong></span> <span class='ocrx_word' id='word_1_682' title='bbox 2731 5541 2784 5587; x_wconf 89' lang='lat' dir='ltr'><strong>et</strong></span> <span class='ocrx_word' id='word_1_683' title='bbox 2812 5550 2840 5588; x_wconf 89' lang='lat' dir='ltr'><strong>a</strong></span> <span class='ocrx_word' id='word_1_684' title='bbox 2869 5532 3070 5588; x_wconf 91' lang='lat' dir='ltr'><strong>Christi</strong></span> <span class='ocrx_word' id='word_1_685' title='bbox 3110 5535 3436 5605; x_wconf 79' lang='lat' dir='ltr'><strong>pietate,qui</strong></span> <span class='ocrx_word' id='word_1_686' title='bbox 3465 5537 3519 5590; x_wconf 91' lang='lat' dir='ltr'><strong>in</strong></span> <span class='ocrx_word' id='word_1_687' title='bbox 3544 5538 3699 5591; x_wconf 80' lang='lat' dir='ltr'><strong>ccelis</strong></span> <span class='ocrx_word' id='word_1_688' title='bbox 3724 5545 3830 5599; x_wconf 86' lang='lat' dir='ltr'><strong>est.</strong></span> <span class='ocrx_word' id='word_1_689' title='bbox 3857 5537 3988 5594; x_wconf 83' lang='lat' dir='ltr'><strong>alie-</strong></span> 
     </span>
    </p>
   </div>
   <div class='ocr_carea' id='block_1_93' title="bbox 721 5598 3989 5697">
    <p class='ocr_par' dir='ltr' id='par_1_93' title="bbox 721 5598 3989 5697">
     <span class='ocr_line' id='line_1_93' title="bbox 721 5598 3989 5697; baseline 0.008 -42"><span class='ocrx_word' id='word_1_690' title='bbox 721 5603 842 5673; x_wconf 89' lang='lat' dir='ltr'><strong>quit</strong></span> <span class='ocrx_word' id='word_1_691' title='bbox 871 5639 887 5668; x_wconf 86' lang='grc'><strong>,</strong></span> <span class='ocrx_word' id='word_1_692' title='bbox 919 5615 1176 5673; x_wconf 87' lang='lat' dir='ltr'><strong>parentes</strong></span> <span class='ocrx_word' id='word_1_693' title='bbox 1201 5608 1410 5665; x_wconf 71' lang='lat' dir='ltr'><strong>habes!</strong></span> <span class='ocrx_word' id='word_1_694' title='bbox 1454 5612 1647 5681; x_wconf 80' lang='lat' dir='ltr'><strong>Mater,</strong></span> <span class='ocrx_word' id='word_1_695' title='bbox 1681 5619 1956 5685; x_wconf 89' lang='lat' dir='ltr'><strong>respondit</strong></span> <span class='ocrx_word' id='word_1_696' title='bbox 1983 5619 2295 5691; x_wconf 82' lang='lat' dir='ltr'><strong>Calliopius,</strong></span> <span class='ocrx_word' id='word_1_697' title='bbox 2323 5598 2379 5660; x_wconf 78' lang='lat' dir='ltr'><strong>D</strong></span> <span class='ocrx_word' id='word_1_698' title='bbox 2414 5640 2503 5691; x_wconf 90' lang='lat' dir='ltr'><strong>ne,</strong></span> <span class='ocrx_word' id='word_1_699' title='bbox 2556 5625 2651 5679; x_wconf 84' lang='lat' dir='ltr'><strong>tibi</strong></span> <span class='ocrx_word' id='word_1_700' title='bbox 2709 5624 2958 5678; x_wconf 85' lang='lat' dir='ltr'><strong>veritatis</strong></span> <span class='ocrx_word' id='word_1_701' title='bbox 2987 5598 3250 5681; x_wconf 79' lang='lat' dir='ltr'><strong>rationem</strong></span> <span class='ocrx_word' id='word_1_702' title='bbox 3282 5598 3515 5696; x_wconf 81' lang='lat' dir='ltr'><strong>expono.</strong></span> <span class='ocrx_word' id='word_1_703' title='bbox 3542 5641 3704 5697; x_wconf 86' lang='lat' dir='ltr'><strong>quam</strong></span> <span class='ocrx_word' id='word_1_704' title='bbox 3738 5637 3793 5683; x_wconf 85' lang='lat' dir='ltr'><strong>tu</strong></span> <span class='ocrx_word' id='word_1_705' title='bbox 3824 5625 3989 5683; x_wconf 89' lang='lat' dir='ltr'><strong>animi</strong></span> 
     </span>
    </p>
   </div>
   <div class='ocr_carea' id='block_1_94' title="bbox 722 5705 2303 5776">
    <p class='ocr_par' dir='ltr' id='par_1_94' title="bbox 722 5705 2303 5776">
     <span class='ocr_line' id='line_1_94' title="bbox 722 5705 2303 5776; baseline 0.012 -24"><span class='ocrx_word' id='word_1_706' title='bbox 722 5709 1016 5769; x_wconf 80' lang='lat' dir='ltr'><strong>superest;</strong></span> <span class='ocrx_word' id='word_1_707' title='bbox 1046 5714 1172 5756; x_wconf 86' lang='lat' dir='ltr'><strong>nam</strong></span> <span class='ocrx_word' id='word_1_708' title='bbox 1199 5711 1355 5773; x_wconf 85' lang='lat' dir='ltr'><strong>pater</strong></span> <span class='ocrx_word' id='word_1_709' title='bbox 1379 5705 1490 5776; x_wconf 86' lang='lat' dir='ltr'><strong>jam</strong></span> <span class='ocrx_word' id='word_1_710' title='bbox 1516 5709 1605 5764; x_wconf 90' lang='lat' dir='ltr'><strong>diu</strong></span> <span class='ocrx_word' id='word_1_711' title='bbox 1625 5707 1912 5768; x_wconf 76' lang='lat' dir='ltr'><strong>defunctus</strong></span> <span class='ocrx_word' id='word_1_712' title='bbox 1940 5721 2042 5768; x_wconf 89' lang='lat' dir='ltr'><strong>est.</strong></span> <span class='ocrx_word' id='word_1_713' title='bbox 2077 5709 2181 5767; x_wconf 81' lang='lat' dir='ltr'><strong>Per</strong></span> <span class='ocrx_word' id='word_1_714' title='bbox 2213 5729 2303 5770; x_wconf 88' lang='lat' dir='ltr'><strong>so-</strong></span> 
     </span>
    </p>
   </div>
   <div class='ocr_carea' id='block_1_95' title="bbox 2409 5716 3987 5789">
    <p class='ocr_par' dir='ltr' id='par_1_95' title="bbox 2409 5716 3987 5789">
     <span class='ocr_line' id='line_1_95' title="bbox 2409 5716 3987 5789; baseline 0.001 -15"><span class='ocrx_word' id='word_1_715' title='bbox 2409 5718 2583 5775; x_wconf 86' lang='lat' dir='ltr'><strong>oculis</strong></span> <span class='ocrx_word' id='word_1_716' title='bbox 2643 5732 2750 5773; x_wconf 92' lang='lat' dir='ltr'><strong>non</strong></span> <span class='ocrx_word' id='word_1_717' title='bbox 2778 5716 2980 5785; x_wconf 85' lang='lat' dir='ltr'><strong>cernis,</strong></span> <span class='ocrx_word' id='word_1_718' title='bbox 3001 5731 3163 5777; x_wconf 83' lang='lat' dir='ltr'><strong>aures</strong></span> <span class='ocrx_word' id='word_1_719' title='bbox 3193 5717 3504 5789; x_wconf 86' lang='lat' dir='ltr'><strong>occludens,</strong></span> <span class='ocrx_word' id='word_1_720' title='bbox 3540 5733 3607 5778; x_wconf 89' lang='lat' dir='ltr'><strong>ne</strong></span> <span class='ocrx_word' id='word_1_721' title='bbox 3637 5719 3851 5780; x_wconf 87' lang='lat' dir='ltr'><strong>Domini</strong></span> <span class='ocrx_word' id='word_1_722' title='bbox 3875 5733 3987 5781; x_wconf 78' lang='lat' dir='ltr'><strong>ser-</strong></span> 
     </span>
    </p>
   </div>
   <div class='ocr_carea' id='block_1_96' title="bbox 798 5877 2973 5975">
    <p class='ocr_par' dir='ltr' id='par_1_96' title="bbox 798 5877 2973 5975">
     <span class='ocr_line' id='line_1_96' title="bbox 798 5877 2973 5975; baseline 0.008 -33"><span class='ocrx_word' id='word_1_723' title='bbox 798 5880 816 5915; x_wconf 85' lang='grc'>⁸</span> <span class='ocrx_word' id='word_1_724' title='bbox 846 5877 894 5940; x_wconf 89' lang='grc' dir='ltr'><strong>ιι</strong></span> <span class='ocrx_word' id='word_1_725' title='bbox 924 5881 1068 5945; x_wconf 77' lang='lat' dir='ltr'><strong>Tim.</strong></span> <span class='ocrx_word' id='word_1_726' title='bbox 1095 5900 1156 5960; x_wconf 84' lang='lat' dir='ltr'><strong>tt,</strong></span> <span class='ocrx_word' id='word_1_727' title='bbox 1191 5885 1246 5945; x_wconf 83' lang='lat'><strong>5.</strong></span> <span class='ocrx_word' id='word_1_728' title='bbox 1324 5893 1344 5926; x_wconf 83' lang='lat'>&#39;</span> <span class='ocrx_word' id='word_1_729' title='bbox 1374 5891 1519 5953; x_wconf 82' lang='lat' dir='ltr'><strong>Psai.</strong></span> <span class='ocrx_word' id='word_1_730' title='bbox 1581 5909 1736 5967; x_wconf 81' lang='lat' dir='ltr'><strong>mn,</strong></span> <span class='ocrx_word' id='word_1_731' title='bbox 1765 5897 1814 5953; x_wconf 86' lang='lat' dir='ltr'><strong>i.</strong></span> <span class='ocrx_word' id='word_1_732' title='bbox 1895 5902 1914 5933; x_wconf 84' lang='grc'><em>³</em></span> <span class='ocrx_word' id='word_1_733' title='bbox 1944 5899 2184 5974; x_wconf 83' lang='lat' dir='ltr'><strong>Philipp.</strong></span> <span class='ocrx_word' id='word_1_734' title='bbox 2221 5918 2308 5975; x_wconf 81' lang='lat' dir='ltr'><strong>tu,</strong></span> <span class='ocrx_word' id='word_1_735' title='bbox 2344 5899 2434 5958; x_wconf 59' lang='grc' dir='ltr'><strong>ιο.</strong></span> <span class='ocrx_word' id='word_1_736' title='bbox 2515 5901 2535 5932; x_wconf 72' lang='grc'>⁸</span> <span class='ocrx_word' id='word_1_737' title='bbox 2562 5901 2758 5958; x_wconf 72' lang='lat' dir='ltr'><strong>Matth.</strong></span> <span class='ocrx_word' id='word_1_738' title='bbox 2791 5919 2846 5971; x_wconf 74' lang='grc' dir='ltr'><strong>ι,</strong></span> <span class='ocrx_word' id='word_1_739' title='bbox 2882 5902 2973 5960; x_wconf 75' lang='lat'><strong>37.</strong></span> 
     </span>
    </p>
   </div>
  </div>
