4180 6526
169 449 239 513 π
1457 440 1636 503 νιΤΑ
1676 438 1741 500 S.

1883 435 2164 497 LLlOPI.
3390 426 3459 494 9‘

165 572 390 616 mortem
432 560 728 627 enudias,
754 569 806 613 et
836 568 1021 613 contra
1048 558 1228 629 legum
1260 555 1577 626 praescripta
1603 553 1763 623 jubes
1795 551 1841 608 Δ
1870 557 2051 603 autem
2110 549 2407 617 Caliiopius
2465 546 2696 610 catenis,
2733 555 2787 601 et
2840 547 3089 616 corporis
3150 555 3363 601 tumore
3391 561 3458 600 ex

165 666 274 716 me,
320 660 597 719 tanquam
655 651 1004 719 homicidam,
1054 649 1330 705 verberari
1355 648 1378 702 ἲ
1408 646 1627 710 Rotam,
1688 647 1769 699 in-
1875 642 2191 697 verberibus
2220 653 2531 704 contracto,
2556 639 2931 705 cohibebatur,
2964 638 3254 708 quominus
3281 647 3461 705 posset

162 741 278 814 quit
324 741 655 811 praefectus,
700 743 957 799 collocate
1016 752 1070 799 et
1115 757 1367 812 magnum
1417 742 1593 811 ignem
1642 752 1769 794 suc-

1876 744 2181 799 assurgere,
2219 739 2271 783 ct
2303 730 2367 783 ad
2422 738 2652 784 matrem
2689 729 2969 782 accedere.
3003 727 3109 782 Sed
3141 729 3209 779 ita
3243 723 3462 782 locutus

162 834 405 890 cendite.
470 837 631 891 nota:
686 847 832 891 tanta
882 837 929 890 vi
958 838 1208 906 alligatus
1231 846 1312 892 est
1341 834 1676 894 adolescens,
1714 841 1770 887 ut

1876 831 1958 877 est
1986 840 1998 875 :
2023 820 2336 890 Opportune
2366 822 2580 889 venisti,
2599 831 2797 885 mater,
2827 831 2882 874 ut
2911 821 3062 875 testis
3086 835 3235 876 esses
3254 819 3458 877 Christi

166 935 311 981 ιοωε
338 928 785 999 discerperetur,
812 930 928 996 Quo
954 931 1169 1000 quidem
1197 932 1440 985 cruciatu
1466 946 1588 984 ευηι
1617 945 1771 983 ac".
1872 914 2237 969 cruciatnuni.
2273 911 2441 966 Mater
2497 922 2677 966 autem
2716 913 2808 966 lilii
2859 926 3057 977 corpus
3082 906 3350 977 aSpiciens
3376 907 3461 962 di-

161 1017 393 1072 bissime
432 1028 736 1088 angeretur
760 1036 773 1073 :
799 1020 1035 1084 Christe,
1066 1021 1260 1091 inquit,
1306 1032 1503 1089 praesto
1539 1021 1617 1075 sis
1650 1034 1770 1073 ser-

1876 1007 2180 1061 laniatum:
2216 1005 2375 1059 Beata
2402 1020 2523 1075 ego,
2557 1006 2732 1075 inquit
2759 1008 2825 1061 ad
2852 1004 3262 1057 sanctissimum
3296 1001 3459 1053 lilium

162 1121 229 1160 vo
287 1115 407 1169 tuo,
446 1116 516 1160 ut
544 1109 615 1160 ad
654 1108 812 1162 linem
869 1124 1039 1178 usque
1081 1110 1325 1163 laudetur
1357 1109 1407 1162 iu
1445 1124 1529 1163 me
1565 1124 1768 1163 nomen
1872 1116 2026 1155 suum
2087 1099 2434 1169 Calliopium.
2466 1106 2518 1152 et
2572 1097 2765 1150 bemus
2817 1096 3023 1149 fructus
3089 1092 3291 1147 ventris
3333 1092 3461 1154 mei.

164 1210 338 1260 tuum,
396 1200 663 1266 quamvis
712 1200 968 1269 indignus
1020 1201 1118 1254 siin
1150 1217 1339 1256 servus
1375 1211 1539 1255 tuus:
1576 1211 1629 1256 ct
1672 1216 1769 1255 co-
1872 1192 2152 1261 quoniam.
2190 1202 2244 1243 ιιι
2278 1190 2454 1253 Anna.
2507 1188 2680 1243 dicit“?
2742 1201 2791 1242 ιο
2852 1203 3064 1243 Sacrum
3121 1200 3316 1239 πδιιηυε
3353 1185 3461 1237 00⁸

162 1300 437 1353 gnoscent
494 1308 719 1357 omnes,
769 1308 882 1359 eos,
918 1294 1007 1361 qui
1068 1295 1119 1347 in
1156 1305 1207 1348 ιε
1237 1306 1477 1363 spei-ani,
1514 1312 1615 1349 non
1646 1311 1770 1348 ροη.
1874 1285 2023 1338 mino
2054 1283 2177 1337 Jesu
2206 1284 2463 1338 Christo:
2502 1292 2560 1336 ut
2590 1282 2723 1335 Sara
2770 1282 2940 1336 obtuli
2975 1291 3024 1332 te
3055 1278 3166 1331 Deo
3205 1277 3463 1329 holocau-

161 1378 311 1433 fundi
352 1380 409 1435 in
465 1394 763 1439 aeternum.
802 1386 998 1439 Statim
1062 1386 1223 1455 igitur
1258 1390 1521 1443 accedens
1548 1388 1770 1457 angelus
1872 1392 2015 1435 stum
2070 1390 2307 1450 gratum,
2358 1388 2412 1431 et
2481 1388 2758 1446 acceptum
2832 1374 3056 1428 Domino
3108 1371 3459 1425 saerilicium.

158 1472 295 1536 Dei,
352 1473 648 1530 ﬂammam
704 1477 1004 1532 carbonum
1041 1480 1305 1534 exstinxit
1342 1496 1355 1537 :
1394 1491 1450 1535 et
1507 1480 1767 1544 ministri,
1873 1473 2071 1528 Mansit
2124 1483 2300 1525 autem
2360 1480 2523 1523 totam
2584 1480 2796 1522 noctem
2856 1466 3000 1520 illam
3034 1465 3086 1517 in
3145 1474 3363 1516 carcere
3394 1462 3459 1513 ad

161 1578 280 1618 cum
314 1567 534 1623 vellent
564 1580 739 1624 rotam
780 1572 1020 1636 volvere,
1064 1588 1166 1626 non
1217 1584 1486 1643 poterant.
1533 1574 1768 1627 Delicata
1877 1567 2046 1634 ipsius
2096 1564 2258 1634 pedes
2310 1572 2602 1630 prostrata.
2636 1559 2808 1614 Simul
2864 1568 3042 1610 autem
3078 1555 3237 1607 ambo
3271 1565 3459 1621 preca-

158 1666 342 1708 autem
374 1657 557 1727 ipsius
574 1664 817 1715 membra
846 1672 1010 1716 totam
1035 1674 1205 1717 rotam
1228 1666 1491 1733 sanguine
1509 1681 1774 1734 consper-
1873 1659 2093 1722 bantur,
2133 1666 2186 1711 et
2246 1655 2536 1708 laudabant
2574 1654 2760 1705 Deum.
2801 1650 2865 1703 Et
2906 1649 3051 1702 circa
3083 1647 3313 1699 mediam
3366 1656 3461 1695 no—

161 1758 380 1803 serunt.
428 1752 570 1806 Erat
624 1755 766 1807 enim
835 1755 1008 1809 acutis
1062 1756 1255 1826 gladiis
1323 1731 1766 1813 circummunita.
1874 1761 2016 1806 ctcm
2050 1765 2242 1817 magna
2273 1748 2359 1801 lux
2390 1760 2666 1800 carcerem
2698 1740 3010 1800 illustravit,
3037 1748 3090 1792 et
3123 1752 3224 1791 vox
3254 1750 3348 1789 eos
3376 1731 3461 1786 sic

159 1837 333 1895 Iussit
390 1856 589 1899 autem
647 1846 933 1915 praefectus
964 1866 1085 1904 cum
1121 1851 1278 1919 solvi,
1307 1861 1361 1905 et
1391 1868 1420 1906 a
1453 1862 1565 1907 rota
1592 1851 1769 1908 dimo-
1876 1843 2104 1896 allocuta
2161 1849 2243 1893 est
2281 1856 2293 1893 :
2338 1837 2444 1891 Vos
2496 1838 2628 1890 estis
2663 1832 2836 1889 sancti
2884 1830 2975 1885 Dei
3005 1842 3056 1885 et
3078 1826 3288 1885 Christi
3323 1840 3460 1880 con-

158 1936 295 1989 veri.
335 1936 707 2007 Spectatores
739 1941 1017 2009 dicebant,
1051 1944 1315 2011 judicium
1357 1947 1488 2003 illud
1524 1950 1766 2015 iniquum

1878 1937 2135 1995 fessores.
2162 1944 2550 2000 eversoresque
2578 1928 2868 1991 idolorum,
2894 1924 2985 1993 qui
3023 1925 3250 1992 patriam
3285 1930 3339 1974 et
3370 1935 3461 1988 pe-

156 2042 279 2080 esse
306 2044 323 2093 ;
356 2041 419 2083 et
454 2032 744 2097 dolebant,
779 2036 918 2102 quod
947 2036 1069 2087 talis
1089 2037 1407 2092 adolescens
1436 2049 1540 2091 tam
1572 2043 1768 2095 acerbe

160 2133 549 2192 torqueretur.
626 2127 731 2181 Sed
791 2126 1344 2196 Maxitnus:Nonue,
1400 2132 1595 2202 inquit,
1654 2133 1763 2187 disi

156 2215 276 2278 tibi,
319 2225 376 2271 te
411 2217 792 2274 adolescentia
838 2235 959 2276 esse
1004 2221 1437 2288 petulantem,et
1484 2234 1766 2293 propterea

154 2310 522 2376 graviOribus
559 2313 895 2369 cruciatibus
941 2312 1194 2369 allectum
1234 2315 1347 2370 iri?
1383 2316 1568 2383 Canis,
1596 2320 1767 2389 inquit

152 2397 488 2469 Calliopius,
554 2401 1047 2472 impudentissime,
1083 2416 1136 2459 tu
1193 2422 1279 2460 me
1335 2407 1418 2462 sic
1445 2410 1764 2476 alloqueris,

154 2492 315 2559 quasi
372 2495 771 2549 crudelissima
819 2512 1061 2550 recusem
1091 2507 1184 2557 aut
1206 2497 1468 2566 deprecer
1495 2509 1763 2555 tormenta

157 2592 269 2637 tua.
297 2583 536 2648 Infelix,
576 2587 748 2656 inquit
787 2588 1097 2656 praefectus,
1126 2590 1306 2645 credis
1339 2599 1391 2643 te
1423 2593 1768 2647 contumeliis

156 2674 527 2745 effecturum,
586 2688 645 2731 ut
674 2689 724 2733 te
762 2680 993 2736 celerius
1030 2682 1385 2738 occidendum
1412 2698 1620 2740 cnrem.
1663 2684 1769 2741 \‘e-

157 2778 281 2818 rum
312 2767 469 2822 haud
512 2770 591 2823 ita
626 2770 751 2825 erit.
785 2771 897 2826 Diis
935 2772 1099 2839 igitur
1142 2773 1381 2836 immola,
1417 2784 1473 2827 ut
1500 2790 1617 2846 qua:
1648 2776 1772 2831 reli-

158 2872 264 2926 qua
296 2871 462 2923 sunt,
498 2870 771 2918 tormenta
823 2864 1156 2920 lucril‘acias.
1189 2863 1303 2919 Non
1350 2867 1649 2936 permittet,
1686 2868 1771 2921 in-

159 2952 278 3020 quit
306 2951 656 3023 CalliOpius,
691 2957 944 3013 Christus
969 2974 1145 3022 meus,
1183 2968 1240 3013 ut
1280 2974 1470 3029 puram
1505 2974 1679 3014 meam
1716 2960 1768 3014 in

163 3041 334 3097 Deum
370 3044 545 3099 ﬁdem
572 3052 870 3113 pervertas.
916 3050 1197 3103 Arbitratu
1235 3061 1327 3105 tuo
1355 3068 1552 3121 corpus
1583 3068 1773 3108 excru.

162 3134 268 3199 cia,
296 3147 644 3206 recepturus
673 3154 700 3192 a
738 3139 845 3196 Deo
875 3141 925 3196 in
958 3142 1044 3197 die
1071 3143 1262 3211 judicii
1295 3144 1486 3199 merita
1523 3148 1770 3215 praemia.

1874 2030 2060 2083 ciinias
2099 2026 2393 2095 reliquistis
2416 2065 2430 2088 ,
2465 2031 2523 2076 ut
2558 2036 2677 2075 cuin
2717 2018 2937 2073 Christo
2984 2011 3327 2084 pateremini.

1943 2118 2032 2173 Vl.
2068 2117 2203 2171 Cum
2241 2127 2421 2169 autem
2478 2114 2765 2174 illuxisset,
2803 2107 3088 2179 praefectus
3120 2126 3131 2160 :
3175 2105 3336 2167 Voca,
3379 2102 3463 2157 in-

1872 2213 2009 2283 quit,
2042 2209 2474 2264 Christianorum
2529 2215 2691 2258 secula
2753 2201 3052 2255 studiosum
3112 2196 3455 2265 Calliopiuut.

1878 2304 2185 2360 Demetrius
2212 2311 2393 2354 autem
2428 2295 2679 2351 centurio
2702 2292 2767 2348 ad
2787 2292 3106 2361 Calliopium
3131 2309 3146 2345 :
3169 2286 3325 2343 Nunc
3347 2286 3459 2342 Sui-

1874 2406 2007 2459 tcm,
2044 2394 2234 2465 inquit,
2268 2392 2336 2446 ab
2362 2390 2570 2445 insania
2604 2388 2840 2449 discede,
2872 2397 2924 2439 et
2951 2385 3340 2451 imperatorum
3370 2381 3462 2432 de-

1873 2493 2037 2542 cretis
2094 2488 2500 2553 obtemperans,
2525 2481 2631 2535 diis
2678 2478 2948 2539 sacriﬁca,
3007 2488 3063 2529 ut
3093 2477 3245 2528 vivas
3281 2493 3293 2528 :
3326 2474 3460 2527 alio-

1870 2580 1998 2648 quin
2021 2591 2072 2633 ut
2102 2577 2364 2644 Magister
2404 2586 2527 2626 tuus
2556 2571 2825 2641 sniligeris
2850 2569 2903 2623 in
2923 2583 3159 2625 crucem.
3189 2562 3459 2629 Admiror,

1872 2670 2043 2739 inquit
2076 2667 2393 2736 Calliopius,
2427 2665 2813 2733 impudentiam
2846 2673 3013 2725 tuam,
3048 2662 3141 2729 qui
3170 2674 3291 2715 cum
3321 2672 3464 2728 saepe

1874 2779 1940 2821 ex
1976 2779 2061 2819 me
2091 2762 2333 2817 audieris
2363 2756 2738 2814 Christianum
2787 2770 2874 2809 me
2932 2769 3071 2819 esse,
3099 2764 3153 2807 et
3191 2751 3463 2807 Christia-

1875 2874 2003 2912 num
2036 2870 2158 2910 esse
2187 2852 2537 2913 moriturum,
2570 2856 2625 2902 et
2676 2846 2730 2901 iu
2767 2845 2985 2901 Christo
3037 2842 3326 2905 victurum,
3353 2849 3460 2893 tam

1876 2947 2223 3014 impudenter
2256 2955 2451 3009 pergas
2510 2939 2793 2991 veritatem
2855 2947 3190 3001 oppugnare.
3244 2931 3464 2985 Festino

1874 3039 2145 3099 eamdem,
2177 3049 2338 3103 quant
2380 3030 2632 3099 Magister
2658 3043 2810 3081 meus
2834 3027 3079 3095 pertulit,
3112 3034 3338 3076 mortem
3365 3041 3462 3092 op-

1875 3140 2081 3201 petere.
2118 3126 2246 3181 “i130
2282 3138 2403 3178 cum
2442 3121 2534 3179 ille
2593 3119 2842 3182 dixisset,
2910 3114 3198 3184 praefectus
3252 3129 3315 3166 e\
3373 3129 3463 3167 re-

1880 3226 2096 3295 Spousis
2122 3222 2373 3291 martyris
2408 3217 2847 3273 animadvertetis
2869 3229 2989 3267 eum
3017 3228 3044 3265 a
3068 3212 3345 3280 proposito
3375 3213 3465 3265 de-

161 3225 277 3337 gua
314 3231 473 3286 enim
512 3248 774 3288 mensura
805 3236 1035 3301 metiris,
1076 3239 1263 3293 eadem
1298 3239 1618 3292 remetietur
1653 3240 1770 3294 tibi.
1802 3275 1847 3337 ο

160 3317 407 3384 Ferreis,
428 3321 621 3393 inquit
651 3324 935 3392 Maximus,
963 3329 1171 3381 catenis
1194 3328 1431 3383 vinctum
1461 3331 1511 3383 in
1546 3329 1771 3382 interio-

161 3426 274 3468 rem
311 3432 618 3471 earcerem
650 3417 946 3486 conjicite;
982 3435 1139 3473 nemo
1166 3435 1350 3474 curam
1385 3422 1531 3477 illius
1563 3431 1718 3491 gerat
1751 3438 1766 3490 ;

162 3512 331 3559 nemo
394 3507 702 3575 impiorum
751 3508 1054 3563 amicorum
1088 3512 1153 3565 ad
1205 3526 1328 3567 eum
1356 3515 1611 3581 accedat;
1652 3515 1776 3570 bea-

164 3603 276 3647 tum
305 3610 370 3648 se
404 3606 577 3663 potet
601 3596 671 3649 ob
691 3612 752 3650 ea
790 3606 1085 3665 tormenta,
1120 3605 1318 3673 quibus
1351 3617 1571 3674 prepter
1604 3608 1774 3677 ipsius

162 3683 527 3782 impietatem
570 3686 835 3745 adversus
875 3692 1003 3746 deos
1052 3694 1280 3750 allectus
1314 3708 1419 3752 est.
1453 3698 1647 3750 Statim
1679 3698 1775 3768 igi-

162 3781 249 3823 tur
273 3775 509 3828 vinctus
538 3775 595 3828 in
653 3791 928 3833 carcerem
974 3782 1294 3837 interiorem
1349 3786 1622 3853 conjectus
1667 3796 1768 3851 εει,

159 3862 247 3916 ubi
267 3864 399 3919 sine
431 3866 847 3922 intermissione
877 3870 1041 3923 Deum
1068 3871 1341 3924 laudabat.

234 3950 304 4009 ν.
346 3955 453 4010 His
521 3958 746 4021 auditis,
784 3968 978 4024 mater,
1012 3962 1152 4015 facto
1185 3970 1526 4027 testamento,
1565 3964 1771 4019 ducen-

159 4055 243 4100 tos
276 4045 700 4116 quinquaginta
727 4062 916 4105 servos
959 4051 1206 4108 libertate
1240 4056 1556 4124 peettlioquc
1591 4056 1765 4109 detra-

155 4138 232 4194 vit
263 4158 275 4193 :
309 4150 371 4195 et
407 4140 685 4209 quidquid
714 4144 854 4209 auri,
888 4155 983 4199 aut
1028 4147 1254 4216 argenti,
1285 4147 1761 4205 autreStimcnto-

1878 3318 1997 3371 duci
2036 3332 2142 3370 non
2174 3328 2350 3384 posse,
2384 3312 2709 3365 sententiam
2747 3310 2887 3373 tulit,
2944 3315 3002 3361 ut
3036 3307 3224 3375 quinta
3255 3305 3465 3361 Sabim.

1882 3419 2055 3464 lorum
2089 3406 2311 3461 Pascha:
2341 3405 2391 3458 in
2418 3418 2638 3458 crucem
2672 3411 2942 3472 ageretur.
2971 3398 3125 3465 Quod
3158 3410 3330 3453 mater
3348 3399 3464 3469 ejus

1882 3504 2209 3573 intelligens,
2269 3502 2510 3572 quinque
2573 3510 2830 3551 nummos
2888 3494 3153 3548 ministris
3210 3493 3377 3551 dedit.
3405 3504 3462 3546 ut

1880 3612 2001 3651 cum
2055 3597 2327 3651 contraria
2384 3595 2614 3655 ratione,
2668 3606 2829 3659 quam
2903 3588 3152 3643 Christus
3206 3588 3469 3641 Dominus

1882 3690 2178 3743 crucifixus
2238 3687 2356 3748 fuit,
2384 3684 2661 3752 aliigercnt
2707 3681 2879 3735 cruci.
2915 3681 3117 3745 Quinto
3140 3681 3302 3749 igitur
3325 3678 3465 3733 Sab-

1880 3782 2127 3838 batnrum
2166 3793 2371 3848 pronus
2406 3776 2459 3830 in
2496 3785 2656 3844 caput
2699 3774 2991 3829 crurilixns
3021 3781 3125 3833 est.
3159 3782 3215 3826 et
3246 3774 3333 3827 die
3360 3774 3462 3827 Pa-

1881 3888 2133 3932 rasceves
2162 3872 2399 3927 animam
2436 3868 2563 3938 egit.
2604 3865 2667 3919 Et
2704 3881 2802 3919 vox
2836 3868 2903 3919 de
2933 3865 3071 3920 coelo
3126 3865 3308 3919 ainlita
3360 3871 3464 3929 est,

1880 3970 1949 4025 ita
1990 3984 2194 4024 sonans
2228 3985 2242 4022 :
2280 3964 2439 4029 Veni,
2475 3963 2607 4019 civis
2640 3960 2864 4027 Christi,
2900 3968 2952 4014 et
2978 3959 3223 4015 cohmrcs
3252 3965 3455 4015 saneto-

1878 4081 1994 4119 rum
2039 4063 2379 4129 angelorum.

1946 4155 2058 4213 \‘ll.
2089 4156 2260 4213 Mater
2289 4168 2414 4209 vero
2436 4151 2760 4209 sanetissimi
2786 4162 2849 4204 ac
2876 4146 3176 4203 beatissimi
3218 4143 3310 4197 lilii
3336 4157 3458 4199 cor-

158 4248 279 4287 rum
306 4233 569 4289 habebat
618 4237 945 4304 pauperibus
977 4239 1229 4307 reliquit;
1266 4241 1640 4305 posseSsiones
1667 4257 1768 4293 au-

154 4337 262 4382 tcm
321 4327 607 4383 Ecclesia:
639 4341 838 4385 sancta:
886 4330 1078 4399 largita
1112 4342 1212 4387 est.
1241 4332 1378 4386 Tum
1429 4334 1766 4387 Celeriterin

150 4417 411 4476 Ciliciam
472 4423 545 4475 ad
601 4426 1004 4481 sanctissinmm
1036 4429 1201 4482 lilium
1248 4444 1406 4484 suum
1440 4428 1766 4499 Caliiopium

149 4514 450 4567 centeudit
491 4524 593 4568 :et
628 4515 678 4568 in
712 4532 982 4573 carcerem
1032 4521 1297 4588 ingressa,
1362 4523 1600 4590 procidit
1642 4532 1769 4576 ante

1875 4267 1976 4320 pus
2036 4250 2339 4316 complexa,
2374 4258 2428 4299 et
2484 4244 2758 4299 Christum
2797 4243 3042 4302 laudans,
3074 4241 3125 4291 in
3160 4240 3273 4305 ejus
3300 4251 3453 4290 com-

1874 4347 2036 4414 plexu
2070 4343 2320 4411 spiritum
2360 4336 2609 4392 reddidit.
2644 4333 2707 4387 Et
2761 4331 3084 4389 accedentes
3112 4328 3328 4391 fratres,
3361 4344 3453 4379 eo-

1879 4451 1996 4488 rum
2024 4448 2253 4501 corpora
2292 4432 2343 4485 in
2381 4431 2495 4484 loco
2522 4443 2676 4482 sacro
2704 4426 3057 4495 sepelierunt,
3084 4422 3458 4479 collaudantes

1879 4524 2091 4578 Patrem
2132 4533 2186 4575 et
2242 4520 2435 4575 Filium
2467 4530 2517 4573 et
2548 4518 2809 4586 Spiritum
2838 4526 3114 4576 sanetum,
3159 4512 3249 4567 cui
3285 4509 3459 4580 gloria

148 4605 315 4673 pedes
345 4606 503 4677 ejus.
539 4620 596 4665 et
620 4610 894 4667 vulnerum
930 4627 1179 4669 cruorem
1217 4614 1500 4669 abstersit.
1535 4617 1772 4672 Sanctus
1801 4622 1851 4681 D
1878 4625 1931 4671 et
1972 4616 2253 4684 imperium
2288 4615 2338 4667 in
2364 4612 2557 4667 saecula
2584 4611 2933 4664 saeculorum.
2977 4606 3169 4659 Amen.
