4180 6462
159 401 261 469 105
1245 413 1424 471 VITA
1469 413 1531 471 S.
1570 410 1800 470 CARPI
1834 408 1929 468 ΕΤ
1970 408 2394 469 SOCIORUM.
3338 411 3441 474 106

161 534 370 588 ροντες,
413 521 529 574 καῖ’
551 522 854 590 ψάλλοντες
891 523 1096 591 ελεγονο
1139 526 1388 588 Ἐσωσας
1439 526 1611 594 ἡμᾶς,
1681 523 1878 593 Κύριε,
1939 524 2002 575 ἐκ
2073 522 2182 576 τῶν
2246 522 2540 577 θλιϐόντων
2611 524 2758 593 ἡμᾶς
2812 523 3076 586 καὶτοὺς
3146 524 3441 594 μισοῦντας

156 613 306 680 ἡμᾶς
345 611 745 683 κατῄσχυνας.
779 614 839 664 Οἱ
872 615 928 666 δὲ
977 617 1054 676 εἰς
1117 615 1273 666 τοῦτο
1331 616 1645 686 ταχθέντες,
1717 617 2036 682 ἐνεγκόντες
2097 616 2227 686 ξίφη
2276 606 2339 668 τὸ
2398 617 2740 687 προσταχθὲν
2791 617 2973 681 αὐτοῖς
3034 620 3300 687 ἐποίησαν
3349 623 3443 674 καὶ

155 704 307 767 τέλος
337 705 403 757 τὸ
443 705 543 758 διὰ
582 708 776 776 ξίφους
804 712 913 770 τοῖς
947 710 1124 777 ἁγίοις
1164 710 1435 781 μάρτυσιν
1478 715 1777 784 ἐπέθηκαν
1822 713 1916 766 καὶ
1961 712 2134 776 οὕτως
2192 716 2250 766 ὲν
2281 713 2420 783 καλῇ
2480 712 2758 783 προθυμίᾳ
2817 714 3213 785 ἐτελειώθησαν
3275 719 3333 769 ὲν
3374 723 3442 790 τῇ

159 795 428 867 ὁμολογίᾳ
473 798 580 851 τοῦ
647 801 850 871 Κυρίου
899 803 1058 872 ἡμῶν
1118 803 1292 870 Ἰησοῦ
1323 805 1584 875 Χριστοῦ,
1638 807 1769 874 μηνὶ
1820 801 2103 874 Ἀπριλίῳ.
2173 805 2449 866 Λαϐόντες
2475 803 2618 856 δὲτὰ
2648 805 2806 873 τίμια
2849 804 3079 874 σώματα
3109 807 3217 859 τῶν
3258 805 3437 873 ἁγίων

157 890 251 944 καὶ
282 890 650 946 καλλινίκων
692 893 982 963 μαρτύρων
1037 896 1349 965 Τερεντίου,
1415 896 1767 966 Ἀφρικανοῦ,
1811 895 2063 965 Μαξίμου
2105 913 2163 948 τε
2193 896 2288 949 καὶ
2324 897 2573 965 Πομπίου
2617 897 2805 968 ἄνδρες
2845 897 3093 960 εὐλαϐεῖς
3139 897 3232 949 καὶ
3289 898 3441 966 φιλό-

156 997 400 1048 χριστοι,
449 987 558 1037 καὶ
618 986 760 1039 πάνυ
792 987 1033 1056 κοσμίως
1084 989 1176 1041 καὶ
1223 990 1540 1057 πρεπόντως
1610 989 1972 1059 κηδεύσαντες
2041 989 2198 1051 αὐτὰ,
2237 989 2502 1042 ἀπέθεντο
2533 991 2591 1042 ἐν
2619 994 2683 1060 τῇ
2720 991 2912 1060 γῇ,ὠς
2942 992 3049 1044 ἀπὸ
3096 990 3289 1061 μιλίων
3352 995 3446 1046 δύο

153 1072 254 1142 τῆς
291 1075 526 1138 πόλεως
566 1076 856 1146 Ἀφρικῆς,
894 1078 974 1140 είς
996 1075 1158 1142 δόξαν
1197 1081 1289 1132 καὶ
1332 1081 1497 1150 τιμὴν
1563 1079 1658 1131 τοῦ
1725 1078 1932 1147 Κυρίου
1968 1080 2063 1130 καὶ
2097 1077 2232 1131 Θεοῦ
2285 1081 2378 1131 καὶ
2430 1079 2684 1149 Σωτῆρος
2723 1081 2905 1150 ἡμῶν.
2960 1081 3131 1150 Ἰησοῦ
3179 1084 3444 1151 Χριστοῦ,

153 1163 197 1236 ᾧ
230 1170 263 1239 ἡ
294 1169 434 1234 δόξα
465 1172 573 1224 καὶ
607 1173 671 1224 τδ
698 1174 895 1244 κράτος
923 1175 999 1238 εἰς
1023 1175 1151 1238 τοὺς
1179 1175 1382 1239 αἰῶνας
1405 1177 1514 1230 τῶν
1534 1175 1766 1229 αἰώνων.
1820 1175 2014 1245 Ἀμήν.

163 1315 3415 1356 W

1489 1485 2125 1570 ΜΑΡΤΥΡΙΟΝ

865 1667 1003 1721 ΤΩΝ
1050 1667 1256 1724 ΑΓΙΩΝ
1307 1668 1426 1722 ΚΑΙ
1489 1668 1799 1723 ΕΝΔΟΞΩΝ
1856 1670 1990 1722 ΤΟΥ
2042 1670 2341 1724 ΧΡΙΣΤΟΥ
2396 1672 2771 1730 ΜΑΡΤΥΡΩΝ

929 1835 1570 1952 ΚΑΡΠΟΥ
1626 1839 1905 1950 ΚΑΙ
1965 1831 2711 1954 ΠΑΠΥΛΟΥ

1412 2051 1546 2102 ΚΑΙ
1588 2050 1723 2103 ΤΩΝ
1755 2051 1908 2103 ΣΥΝ
1935 2051 2220 2104 ΑΥΤΟΙΣ.

457 2362 960 2426 MABTYRIUM
1007 2362 1492 2425 SANCTORUM
1541 2363 1643 2424 ET
1695 2362 2279 2426 GLORIOSORUM
2327 2363 2645 2427 CHRISTI
2695 2368 3156 2431 MARTYRUM

718 2553 1184 2695 CARPl,
1279 2552 1792 2663 PAPYLI
1886 2555 2062 2662 ET
2142 2552 2911 2674 SOCIORUM.

160 2786 342 2848 (Anno
381 2783 500 2833 150.
528 2780 708 2830 Latine
734 2780 860 2848 apud
891 2778 1174 2848 Suriumnad
1201 2778 1333 2828 diem
1363 2775 1419 2825 l5
1445 2776 1805 2848 _Ap_rilis,_iux_ta
1833 2778 2183 2847 pcranthuum
2212 2775 2482 2848 Romanum
2523 2778 2942 2848 yartyrulogium,
2970 2777 3189 2840 itemque
3221 2783 3365 2834 Beda
3389 2791 3444 2835 et

747 2841 970 2892 Dsuardi.
997 2865 1057 2876 --
1081 2841 1246 2890 Greca
1271 2856 1332 2888 ex
1369 2844 1477 2888 cod.
1507 2841 1628 2902 Reg.
1657 2841 1811 2887 Paris.
1835 2852 1965 2887 nunc
1993 2841 2204 2899 primum
2233 2841 2497 2900 prodeunt.
2526 2842 2657 2889 Eon.
2689 2842 2862 2902 l’na.)

1793 3010 1860 3021 ρ..

227 3142 312 3199 Δ’.
348 3140 699 3212 Μεμνῆσθαι
720 3140 825 3193 τῶν
855 3139 992 3208 ὑπὲρ
1020 3139 1255 3209 Χριστοῦ
1293 3139 1576 3192 παθόντων
1610 3140 1766 3210 εἴπερ

1947 3140 1986 3194 l.
2023 3138 2328 3192 Meminisse
2350 3153 2560 3204 eorum,
2611 3139 2703 3209 qui
2731 3150 2830 3209 pro
2865 3137 3085 3196 Christo
3129 3151 3248 3198 sunt
3273 3145 3442 3214 passi.

155 3238 289 3291 ἄλλο
320 3255 377 3290 τι
415 3232 708 3296 λυσιτελὲς
733 3232 823 3286 καὶ
842 3231 1144 3300 ὠςέλιμονσ
1180 3231 1338 3298 ἱκανὴ
1363 3231 1470 3298 γὰρ
1505 3229 1596 3282 καὶ
1625 3230 1762 3299 μόνη

157 3328 483 3399 μαρτύρων
522 3326 719 3395 μνήμη
750 3324 880 3394 πρὸς
905 3323 1040 3377 Θεοῦ
1074 3321 1252 3391 ἔρωτα
1273 3320 1450 3392 ψυχὴν
1491 3321 1762 3390 διεγεῖραι

154 3421 251 3472 καὶ
282 3419 465 3472 οἱονεί
497 3436 552 3470 τι
587 3416 786 3484 πτερὸν
838 3416 918 3475 είς
968 3413 1168 3482 ἀρετὴν
1201 3413 1455 3478 γενέσθαι
1521 3414 1767 3474 καὶτοὺς

154 3512 365 3571 αὐτοὺς
405 3512 530 3569 τοῖς
563 3507 830 3575 μάρτυσιν
861 3504 1056 3564 ἄθλους
1085 3505 1287 3572 νοερῶς
1343 3505 1636 3572 ὑπομένειν
1663 3521 1768 3556 πα-

158 3603 552 3670 ρασκευάσαι,
578 3597 666 3648 διὰ
688 3596 792 3646 τῶν
810 3596 1020 3648 ἐκεῖθεν
1048 3595 1294 3666 ἁμοιόῶν
1314 3597 1411 3665 τὴν
1443 3597 1764 3649 ἀπόλαυσιν.

153 3693 282 3744 Τῶν
307 3689 456 3758 γοῦν
485 3689 618 3750 τοὺς
656 3687 1027 3757 μαρτυρικοὺς
1049 3691 1290 3753 ,τούτους
1341 3689 1558 3756 ἀγῶνας
1589 3688 1772 3757 διηνυ·

154 3783 483 3838 κότωνείσὶ
516 3782 614 3834 καὶ
645 3783 694 3833 οἰ
730 3782 951 3850 στερροὶ
974 3781 1071 3848 τῆς
1108 3781 1431 3847 Ἐκκλησίας
1455 3777 1600 3833 οὗτοι
1637 3778 1767 3831 στύ-

154 3877 236 3930 λοι
281 3894 345 3930 τε
378 3877 486 3928 καὶ
520 3873 786 3941 θεμέλιοι,
819 3872 1047 3941 Κάρπος
1078 3873 1173 3924 καὶ
1201 3871 1477 3934 Πὰπυλος,
1503 3871 1551 3924 οἳ
1574 3871 1767 3941 πατρί-

152 3970 244 4032 δος
271 3968 384 4037 μὶν
421 3966 682 4034 ὑπῆρχον
710 3962 1066 4034 περιφανοῦς,
1105 3964 1205 4031 τῆς
1257 3961 1638 4031 Περγαμηνῶν
1667 3963 1769 4014 πό·-

156 4058 328 4119 λεως,
359 4056 631 4124 πατέρων
655 4054 711 4106 δὲ
743 4054 948 4124 σφόδρα
979 4053 1288 4125 φιλαρὲτων
1319 4053 1600 4120 γενόμενοι
1639 4068 1768 4104 κατι

154 4148 409 4220 ἀλληλον
438 4145 827 4198 ἐπεδείκνυντο
843 4146 939 4195 καὶ
956 4144 1052 4213 τὴν
1076 4143 1316 4214 ἀγωγὴν,
1336 4137 1424 4198 οἷά
1443 4161 1588 4206 τινος
1615 4140 1771 4213 ῥίζης

156 4237 440 4308 εὐγενοῦς
469 4235 674 4302 εὐγενῆ
705 4235 1087 4304 βλαστήματα,
1121 4235 1194 4294 ὡς
1230 4234 1392 4302 δῆλον
1416 4237 1478 4285 ὲκ
1507 4233 1605 4285 τοῦ
1632 4251 1768 4301 καρ-

1874 3243 1957 3286 est
1995 3232 2284 3298 plurimum
2323 3230 2453 3284 utile
2487 3241 2540 3284 et
2568 3233 2928 3289 conducibile.
2965 3232 3336 3291 Suﬂicitenim
3365 3237 3447 3292 vcl

1871 3321 1985 3374 sola
2020 3320 2302 3384 memoria,
2332 3330 2390 3372 ut
2422 3321 2488 3372 ad
2529 3320 2619 3372 Dei
2652 3336 2890 3374 amorem
2940 3325 3142 3377 excitet
3181 3327 3442 3390 animum,

1870 3427 1923 3470 et
1959 3413 2029 3467 sit
2059 3412 2224 3467 veluti
2257 3411 2503 3482 quaedam
2538 3412 2621 3465 ala
2655 3413 2722 3465 ad
2759 3413 3034 3479 virtutem,
3063 3426 3112 3466 et
3137 3418 3356 3480 alliciat,
3388 3429 3445 3472 ut

1870 3507 2062 3565 eadem
2129 3505 2449 3568 certamina,
2487 3519 2606 3573 qua:
2657 3519 2886 3574 corpore
2934 3517 3218 3578 martyres,
3262 3521 3444 3565 tnente

1873 3597 1961 3650 ille
1992 3596 2255 3649 sustineat
2285 3610 2380 3660 pro
2406 3591 2651 3648 fruendis
2687 3597 2752 3650 iis
2777 3613 2895 3664 qua:
2948 3610 3071 3652 sunt
3107 3600 3235 3664 illic,
3265 3615 3444 3655 remu-

1875 3687 2267 3742 nerationibus.
2299 3686 2373 3738 Ex
2400 3685 2465 3740 iis
2484 3699 2632 3755 ergo,
2659 3687 2747 3754 qui
2774 3688 2885 3740 lucc
2917 3691 3159 3758 martyrii
3189 3707 3446 3760 peregere

1871 3777 2188 3839 certamina,
2251 3776 2440 3830 valida:
2499 3791 2718 3846 quoque
2785 3775 3038 3832 Ecclesia:
3086 3780 3349 3836 columna:
3390 3794 3445 3837 et

1872 3867 2241 3936 fundamenta,
2268 3870 2475 3939 Carpus
2500 3882 2554 3924 et
2578 3871 2811 3941 Papylus
2839 3887 3137 3928 noscuntur
3173 3894 3186 3930 :
3215 3893 3441 3946 quorum

1873 3970 2099 4028 uterque
2158 3962 2211 4015 in
2259 3961 2405 4016 clara
2457 3961 2675 4031 quidem
2725 3964 2921 4031 patria,
2984 3979 3176 4033 nempe
3227 3968 3446 4022 civitate

1872 4046 2226 4118 Pergamena,
2263 4065 2328 4102 ex
2359 4051 2511 4104 valde
2545 4059 2724 4104 autem
2755 4050 2857 4118 piis
2900 4062 3058 4106 natus
3109 4059 3446 4124 parentibus,

1872 4141 1952 4196 eis
1996 4155 2210 4210 quoque
2263 4140 2678 4195 convenientem
2731 4143 2857 4196 vita:
2895 4146 3130 4199 ostendit
3159 4149 3444 4214 rationem,

1871 4234 2035 4286 veluti
2071 4247 2346 4300 generosa:
2391 4234 2673 4300 cujusdam
2712 4236 2913 4288 radicis
2969 4251 3289 4302 generosum
3317 4257 3441 4310 ger-

157 4332 265 4386 ποῦ
297 4332 368 4384 τὸ
404 4329 636 4399 δένδρον
687 4327 934 4396 γίνεσθαι
982 4327 1075 4381 καὶ
1104 4326 1182 4396 τῷ
1235 4327 1435 4398 ῥείθρῳ
1471 4325 1766 4396 μακαρίζε-

1871 4337 1993 4377 men
2038 4339 2055 4385 ς
2092 4321 2224 4375 adeo
2259 4331 2316 4375 ut
2353 4337 2416 4375 ex
2445 4321 2618 4375 fructu
2656 4324 2819 4377 arbor
2851 4326 3100 4381 evaderet
3136 4330 3445 4393 manifesta.

159 4424 290 4477 σθαι
326 4424 442 4495 τὴν
474 4422 688 4491 πηγήν.
716 4422 880 4490 Σῶμα
908 4422 1005 4490 μὲν
1036 4422 1144 4491 γὰρ
1196 4421 1376 4490 μόνοις
1423 4421 1636 4474 ἐποίουν
1672 4421 1766 4490 ἀρ-

1871 4425 1928 4471 et
1968 4431 2034 4469 ex
2093 4414 2293 4467 ﬂuento
2352 4423 2670 4469 censeretur
2712 4416 2834 4472 fons
2876 4416 3086 4473 beatus.
3129 4418 3261 4474 Nam
3291 4425 3450 4476 ambo

145 4516 382 4568 κεῖσθαι
416 4514 536 4573 τοῖς
568 4511 912 4578 ἀναγκαίοις,
947 4515 1054 4565 πᾶν
1092 4513 1152 4565 τδ
1179 4512 1422 4563 ποικίλον
1457 4515 1548 4563 καὶ
1609 4513 1762 4580 περί-

1871 4508 2083 4580 quidem
2144 4520 2341 4576 corpus
2389 4503 2661 4560 faciebant
2693 4519 2814 4560 esse
2845 4508 2976 4561 solis
3001 4519 3310 4565 contentum
3349 4529 3446 4568 ne-

147 4624 323 4676 εργον
389 4601 808 4674 ἁπωθούμενοι,
859 4602 999 4655 οὕτω
1045 4602 1224 4656 δὲκαὶ
1289 4604 1401 4664 τοῖς
1437 4604 1758 4672 ἀναγκαίοις

1871 4599 2144 4661 cessariis,
2180 4596 2504 4664 repellentes
2547 4598 2806 4666 quidquid
2840 4607 2957 4651 erat
3016 4601 3222 4654 varium
3255 4612 3308 4656 et
3342 4620 3440 4658 cu-

147 4700 320 4764 ὸλίγα
353 4694 669 4765 χρώμενοι,
703 4694 776 4757 ὼς
810 4695 1022 4764 σώματι
1052 4696 1150 4766 μὲν
1181 4696 1328 4766 παρὰ
1363 4684 1496 4747 πολὺ
1527 4696 1634 4747 τῶν
1659 4696 1762 4762 ἁγ-

1871 4692 2110 4753 riosum;
2150 4685 2469 4742 necessariis
2512 4697 2691 4740 autem
2742 4697 2848 4741 tam
2886 4689 3094 4746 modice
3124 4701 3357 4761 utentes,
3385 4705 3444 4752 ut

147 4791 338 4858 γέλων
361 4785 794 4852 ἀπολελεῖφθαι,
820 4787 895 4854 τῷ
922 4787 976 4838 δὲ
1007 4789 1247 4854 περιόντι
1291 4790 1391 4857 τῆς
1434 4788 1765 4856 ἐγκρατείας

1873 4791 2098 4846 corpore
2155 4775 2372 4845 quidem
2403 4776 2631 4831 multum
2665 4777 2917 4834 abessent
2957 4781 3026 4836 ab
3054 4784 3277 4854 angelis,
3315 4787 3445 4841 insi-

151 4880 369 4949 μικροῦ
412 4877 517 4932 καί
554 4874 905 4946 παραψαύειν
961 4876 1057 4928 τοῦ
1115 4879 1427 4947 ἀσωμάτου.
1483 4877 1760 4930 Ἐντεῦθεν

1876 4872 1962 4942 gni
2004 4881 2182 4926 autem
2214 4870 2565 4934 abstinentia,
2610 4870 2913 4940 lncorporei
2950 4881 3333 4943 propemodum
3361 4881 3445 4932 vi-

148 4976 232 5034 είς
268 4971 416 5039 ῦψος
472 4968 692 5036 ἀρετῆς
745 4967 1093 5037 ἀναχθέντες,
1126 4969 1267 5035 ἄξιοι
1291 4967 1588 5037 ἐκρίθησαν
1622 4963 1763 5020 εἶναι

1875 4963 2149 5015 dcrentur.
2185 4953 2321 5013 Hinc
2347 4973 2465 5013 cum
2488 4959 2725 5026 provecti
2752 4969 2932 5014 essent
2955 4961 3020 5015 ad
3050 4977 3319 5020 summum
3337 4967 3444 5020 vir-

150 5067 248 5115 καὶ
283 5058 651 5132 προστασίαν
675 5056 804 5108 λαοῦ
841 5059 1218 5126 πιστευθῆναι.
1259 5060 1368 5111 Καὶ
1406 5059 1631 5128 Κάρπος
1667 5059 1764 5127 μὲν

1871 5052 2021 5111 tutis.
2052 5050 2275 5120 iudicati
2306 5060 2429 5104 sunt
2460 5051 2630 5118 digni,
2660 5067 2890 5120 quorum
2923 5054 3043 5106 lidei
3072 5058 3438 5112 committere-

1871 5153 1958 5196 tur
1991 5144 2174 5212 populi
2203 5142 2542 5211 praefectura.
2572 5144 2633 5196 Et
2660 5143 2866 5210 Carpus
2903 5146 3141 5214 quidem,
3167 5162 3288 5201 cum
3315 5165 3439 5215 pcr-

1869 5236 2106 5288 venisset
2145 5233 2208 5284 ad
2251 5229 2648 5299 pontiﬁcatum,
2683 5235 2898 5300 pietatis
2931 5240 3186 5305 mysteria
3226 5255 3440 5293 annun-

1871 5326 2038 5378 tiabat
2072 5325 2153 5385 iis,
2186 5325 2274 5391 qui
2334 5334 2490 5376 erant
2515 5323 2785 5393 Thyatiris
2817 5342 2828 5376 :
2863 5322 3095 5392 Papylus
3132 5340 3309 5382 autem
3341 5331 3441 5385 ho-

1879 5425 2102 5469 noratus
2164 5418 2330 5482 gradu
2361 5415 2700 5478 diaconatus,
2725 5432 2820 5469 suo
2851 5418 3059 5470 muneri
3089 5423 3439 5489 respondens,

1876 5507 2165 5558 adhibebat
2198 5503 2432 5557 studium
2466 5507 2517 5556 in
2556 5506 2774 5573 paribus
2807 5506 3106 5560 laboribus.

1944 5596 2163 5649 ll.Cum
2218 5611 2342 5664 ergo
2380 5611 2562 5649 eorum
2617 5597 2754 5649 fatua
2787 5600 3108 5666 pervasisset
3142 5599 3191 5651 in
3254 5615 3442 5654 omnes

148 5153 606 5228 ἀρχιερωσύνην
655 5150 848 5213 ἐπιϐὰς
907 5153 972 5204 τὰ
1004 5152 1102 5217 τῆς
1155 5153 1437 5213 εὐσεϐείας
1494 5153 1765 5221 μυστήρια

147 5245 456 5314 διήγγελλε
509 5243 628 5302 τοίς
675 5241 731 5292 ιν
779 5240 1119 5310 Θυατείροις
1175 5239 1427 5303 Πάπυλος
1463 5242 1642 5310 δὲ,τῷ
1671 5246 1768 5310 τῆς

148 5335 453 5395 διακονίας
505 5328 706 5400 βαθμῷ
757 5329 1038 5400 τιμηθεὶς,
1094 5333 1383 5402 ίσόρῤοπον
1434 5331 1610 5402 ἑαυτῷ
1670 5332 1768 5402 τὴν

153 5430 411 5498 σπουδὴν
444 5429 510 5479 ὲν
543 5425 651 5485 τοῖς
685 5424 817 5487 ῐσοις
847 5426 1081 5477 ἐποιεῖτο
1117 5427 1319 5490 πόνοις.

223 5606 304 5662 B’.
355 5601 532 5656 Ἐπεὶ
565 5594 660 5651 οῦν
689 5601 714 5652 ὁ
741 5599 870 5667 περὶ
911 5600 1091 5654 αὐτῶν
1119 5601 1273 5668 λόγος
1305 5600 1578 5672 πανταχοῦ
1608 5600 1766 5652 διεδί-

148 5702 298 5762 δοτο,
331 5691 433 5750 οἶα
469 5691 612 5763 μηδὲ
645 5691 929 5743 λανθάνειν
964 5695 1126 5762 φύσει
1151 5695 1245 5761 τῆς
1299 5695 1498 5762 ἀρετῆς
1531 5693 1764 5760 δυναμέ-

148 5811 275 5862 νης,
309 5790 437 5843 αλλ’
474 5781 684 5850 ἑαυτὴν
745 5787 829 5836 ἀεί
896 5802 1025 5836 ποτε
1071 5787 1466 5856 κηρυττούσης,
1523 5786 1656 5836 πολύ
1713 5803 1761 5836 τι

472 5878 758 5934 [Ἀτιιοιι.
792 5879 906 5936 Gn.
934 5878 1115 5936 CXV.

1874 5701 2074 5755 partes,
2112 5697 2290 5754 utpote
2336 5690 2478 5755 quod
2526 5703 2585 5741 ea
2630 5686 2702 5741 sit
2757 5703 2945 5741 natura
2981 5691 3218 5752 virtutis,
3253 5704 3303 5745 ut
3338 5709 3440 5745 non

1873 5783 2042 5847 possit
2071 5783 2256 5841 latere,
2289 5781 2382 5833 sed
2420 5780 2650 5847 seipsam
2684 5796 2895 5848 Semper
2943 5785 3214 5850 pt‘u'tiicel,
3248 5800 3440 5854 magna

3005 5877 3035 5937 4
