4180 6480
736 419 835 480 107

2030 411 2313 470 MENSIS
2356 410 2686 469 APRlLlS.

3900 398 3998 461 108

730 531 1017 588 multitudo
1051 528 1169 581 ideo
1196 524 1520 586 conﬂuebat,
1553 530 1605 576 et
1629 535 1813 574 eorum
1834 520 2019 575 {ruens
2037 520 2304 582 doctrina,

2415 518 2619 587 πλῆθος
2660 519 2812 590 παρά
2839 515 2997 571 τοῦτο
3042 514 3331 586 συνέρρεον
3379 517 3471 570 καὶ
3521 517 3618 585 τῆς
3653 511 3788 585 παρ’
3822 510 3995 566 αὐτῶν

730 623 960 677 libenter
1005 617 1298 672 accedebat
1361 612 1425 668 ad
1479 611 1755 679 pietatem.
1796 608 1901 662 Sed
1941 608 2053 662 ﬁeri
2085 608 2305 662 omnino

733 729 838 768 non
892 720 1121 782 poterat,
1153 716 1209 761 ut
1242 705 1334 774 qui
1393 703 1491 754 fuit
1542 701 1608 754 ab
1637 700 1790 753 initio
1823 700 2085 754 bonorum
2115 701 2312 753 adver-

731 806 929 867 sarius,
971 818 1090 858 cum
1141 802 1251 855 bare
1286 797 1364 851 sic
1409 795 1618 856 ﬁerent,
1660 791 1896 860 quietem
1933 799 2133 860 ageret.
2188 789 2302 843 Non

733 894 936 965 quievit
962 893 1166 959 itaque,
1205 889 1297 943 sed
1326 901 1444 940 cum
1477 883 1776 938 invenisset
1809 883 2052 950 egregios
2078 881 2305 935 admini-

729 999 876 1040 stros
908 999 1018 1038 suae
1050 982 1284 1042 malitias,
1307 979 1382 1031 eis
1410 976 1696 1045 persuadet
1715 986 1772 1027 ut
1803 984 2021 1028 sanctos
2049 980 2305 1027 accusent

732 1079 872 1147 apud
932 1075 1173 1135 Decium,
1206 1072 1346 1139 quod
1380 1071 1488 1123 sint
1517 1081 1569 1122 et
1603 1068 1655 1121 in
1715 1067 1843 1120 deos
1868 1065 2016 1132 impii
2049 1081 2143 1120 eos
2177 1066 2308 1119 abo-

737 1171 1023 1230 minantes,
1056 1176 1109 1218 et
1146 1170 1444 1230 sequantur
1495 1173 1686 1211 vanam
1727 1155 2155 1210 Christianorum
2187 1157 2305 1225 opi-

733 1260 970 1313 nionem.
1004 1256 1092 1310 llle
1117 1264 1292 1305 autem
1323 1249 1502 1302 hac're
1526 1247 1843 1316 gravissime
1871 1246 2115 1312 allectus,
2146 1245 2306 1301 Vale-

733 1350 873 1402 rium
923 1346 1209 1416 quemdam
1264 1355 1615 1403 assessorem,
1673 1353 1792 1392 cum
1834 1352 1943 1406 quo
1999 1352 2085 1390 res
2119 1352 2305 1392 omnes

733 1455 861 1495 suas
883 1434 1316 1493 communicabat
1347 1433 1688 1500 (eratantem
1734 1444 1923 1482 amans
1978 1429 2302 1490 dmmonum,

733 1538 782 1582 et
804 1529 882 1580 vir
913 1524 1161 1595 agrestis)
1189 1522 1385 1574 emittit
1415 1522 1464 1572 in
1491 1521 1697 1582 Asiam,
1726 1533 1844 1585 qua:
1882 1516 1983 1572 sibi
2011 1518 2076 1572 de
2101 1517 2307 1575 sanctis

736 1619 983 1673 nuntiata
1039 1616 1277 1676 fuerant,
1306 1613 1352 1666 ei
1382 1611 1712 1679 significans,
1751 1619 1804 1663 et
1841 1611 1887 1664 ei
1923 1611 1974 1663 in
2004 1611 2123 1664 illos
2153 1618 2305 1678 pote-

733 1721 924 1763 statem
979 1706 1317 1775 perrnittens.
1353 1702 1544 1758 Statim
1569 1717 1695 1770 ergo
1729 1701 1974 1755 Valerius
2003 1703 2142 1754 viam
2176 1716 2307 1755 con-

735 1803 844 1856 ﬁcit
878 1816 1036 1872 quam
1074 1798 1359 1853 celerrime
1391 1815 1402 1850 :
1429 1807 1482 1849 et
1509 1804 1794 1864 postquam
1827 1794 1926 1845 fuit
1951 1793 2003 1846 in
2035 1793 2172 1856 loco,
2211 1793 2304 1846 ubi

739 1895 771 1947 ii
822 1893 1108 1961 degebant,
1171 1889 1256 1942 ille
1297 1889 1515 1956 quidem
1595 1887 1775 1939 statim
1834 1886 1948 1938 deis
1982 1886 2135 1938 vanis
2176 1901 2307 1939 con-

734 1993 885 2038 sueta
938 1982 1104 2034 voluit
1146 1979 1344 2033 oﬁ'erre
1389 1977 1682 2038 sacriﬁcia,
1715 1977 1941 2045 ejusque
1970 1976 2153 2043 jussus
2186 1992 2308 2030 mox

732 2073 974 2146 pervasit
1018 2088 1207 2126 omnes
1245 2072 1504 2124 terminos
1536 2069 1775 2138 regionis
1817 2068 2221 2136 Tbyatirorum,
2255 2078 2311 2122 ut

734 2166 1045 2235 quicunque
1081 2163 1132 2214 in
1160 2177 1222 2215 ca
1258 2171 1434 2224 erant,
1464 2160 1598 2213 niltil
1625 2160 1945 2214 cunctantes
1978 2162 2226 2213 venirent
2257 2160 2308 2211 in

733 2272 857 2310 eum
910 2256 1086 2310 locum
1141 2253 1232 2307 ubi
1263 2253 1410 2306 ﬁeret
1437 2251 1784 2314 sacriﬁcium,
1821 2252 2112 2317 gratiarum
2139 2251 2310 2303 actio-

735 2362 831 2401 nes
854 2345 956 2415 ipsi
997 2357 1210 2414 quoque
1245 2342 1347 2394 diis
1373 2340 1512 2392 illius
1535 2338 1816 2400 reddituri,
1842 2347 1891 2390 nt
1921 2337 2009 2406 qui
2040 2336 2202 2390 nollet
2223 2352 2310 2390 so-

735 2439 843 2491 lum
883 2446 1170 2505 aegrotare,
1206 2433 1298 2486 sed
1361 2431 1494 2485 alios
1549 2444 1763 2502 quoque
1798 2430 1958 2484 vellet
1988 2429 2093 2482 frui
2123 2430 2309 2483 eodem

738 2527 944 2582 morbo.
979 2527 1091 2578 Hoc
1132 2535 1309 2576 autem
1341 2521 1570 2574 ducebat
1593 2519 2000 2573 essesuﬁiciens
2023 2534 2311 2588 argumen-

737 2630 852 2671 tum
885 2616 1166 2672 sententiae
1215 2622 1531 2681 martyrum.
1575 2611 1792 2664 Dicebat
1847 2612 1989 2665 enim
2051 2613 2186 2665 intra
2230 2626 2309 2675 se,

734 2708 878 2777 quod
908 2708 949 2760 si
981 2707 1124 2775 ipsos
1151 2704 1365 2773 quidem
1387 2701 1579 2757 viderit
1604 2702 1968 2757 communiter
1990 2704 2314 2758 convenien-

737 2814 816 2853 tes
849 2815 968 2852 cum
1011 2797 1349 2851 multitudine
1378 2796 1443 2849 ad
1479 2795 1912 2857 sacrilicandum,
1964 2795 2098 2848 falsa
2150 2811 2314 2864 appa-

739 2891 934 2944 rebunt
965 2887 1205 2950 omnino,
1235 2901 1355 2954 quae
1376 2886 1627 2938 dixerunt
1653 2885 1829 2938 Decio.
1855 2886 1950 2939 Sin
1983 2889 2179 2952 minus,
2208 2902 2312 2940 non

737 2991 818 3036 est
840 2981 943 3035 alia
973 2980 1146 3051 major
1186 2979 1544 3047 exspectanda
1589 2977 1852 3046 probatio.

2409 610 2778 672 ἀπολαύοντες
2814 608 3190 672 διδασκαλίας,
3219 607 3443 677 ἄσμενοι
3498 606 3899 676 προσεχώρουν
3931 604 3993 672 τῇ

2409 699 2682 770 εὐσεϐείᾳ.
2744 699 2885 752 Ἀλλ’
2916 699 3017 752 οὑκ
3068 695 3136 769 ἦν
3169 698 3386 758 πάντως
3422 698 3514 750 τὸν
3547 697 3606 760 ἐξ
3640 697 3822 766 ἀρχῆς
3849 696 3994 748 ἀντι-

2410 792 2662 862 κείμενον
2692 793 2803 855 τοῖς
2828 791 3052 860 ἀγαθοῖς
3085 792 3290 842 τούτων
3338 788 3480 842 οὕτω
3523 788 3838 857 γινομένων
3865 788 3993 854 ἡσυ-

2409 887 2531 955 χίαν
2561 887 2716 955 ἄγειν
2747 900 2762 914 ·
2790 885 2986 937 ούκοῦν
3017 883 3137 935 οὐδὲ
3167 882 3436 952 ἡσύχαζεν
3463 920 3478 946 ,
3521 880 3660 934 ἀλλά
3693 880 3796 947 τῆς
3833 876 3991 932 αὑτοῦ

2410 977 2606 1039 κακίας
2641 977 2950 1046 ὑπουργοὺς
2981 976 3080 1028 οὐκ
3116 977 3360 1043 ἀγεννεῖς
3401 972 3673 1045 εὑρηκὼς,
3706 970 3994 1024 ἐνδιαϐάλ-

2409 1070 2520 1121 λειν
2548 1069 2830 1121 ἀναπείθει
2854 1068 3028 1137 Δεκίῳ
3055 1069 3182 1130 τοὺς
3216 1068 3526 1137 μάρτυρας,
3557 1067 3641 1118 ὅτι
3673 1081 3734 1116 τε
3776 1063 3993 1124 ἀσεϐεῖς

2409 1161 2478 1212 τά
2499 1161 2630 1228 πρὸς
2661 1158 2814 1220 θεούς
2851 1161 2980 1220 είσι,
3002 1160 3096 1211 καὶ
3122 1159 3204 1212 ὅτι
3238 1158 3336 1226 τὴν
3366 1159 3559 1224 καινὴν
3590 1157 3699 1207 τῶν
3727 1157 3992 1226 Χριστια-

2411 1252 2514 1304 νῶν
2557 1251 2921 1319 πρεσϐεύουσι
2954 1252 3134 1316 δόξαν.
3209 1251 3266 1302 Ὀ
3319 1250 3374 1302 δὲ
3429 1249 3804 1319 χαλεπώτατα
3861 1249 3995 1317 πρὸς

2410 1342 2567 1396 τυῦτο
2597 1343 2886 1405 διατεθεὶς,
2922 1342 3221 1410 Οὐαλέριόν
3250 1358 3372 1395 τινα
3403 1340 3794 1409 συγκάθεδρον,
3821 1338 3876 1400 ὃς
3905 1338 3995 1389 καὶ

2411 1436 2518 1487 τῶν
2550 1436 2685 1488 ὅλων
2725 1436 2874 1504 αὐτῷ
2902 1433 3203 1498 ἐκοινώνει,
3238 1433 3602 1501 φιλοδιίμονα
3660 1434 3758 1485 καί⁵
3800 1433 3993 1502 ἄγριον

2410 1526 2598 1598 ἀνδρα,
2642 1527 2774 1596 πρὸς
2823 1527 2924 1596 τὴν
2990 1527 3177 1579 Ἀσίαν
3239 1528 3542 1592 ἐκπέμπει,
3598 1526 3697 1577 ἅτε
3729 1525 3860 1593 περὶ
3886 1525 3994 1575 τῶν

2410 1619 2580 1687 ἀγίων
2614 1619 2762 1688 αὐτῷ
2786 1618 3070 1688 ἀνηγγέλη
3105 1617 3373 1686 γνωρίσας
3407 1618 3501 1669 καὶ
3545 1615 3642 1685 τὴν
3698 1614 3818 1667 κατ’
3851 1613 3995 1666 ὲκεί-

2410 1730 2515 1764 νων
2550 1711 2797 1774 ἐξουσίαν
2844 1710 3147 1779 ἐπιτρέψας
3183 1709 3355 1778 αὐτῷ.
3408 1706 3619 1760 Αὐτίκα
3657 1702 3750 1759 οὖν
3795 1704 3996 1756 Οὐαλέ-

2418 1821 2529 1874 ριος
2569 1809 2667 1872 τὴν
2715 1803 2835 1855 ὁδὸν
2862 1804 2940 1865 είς
2969 1804 3105 1871 ταχῦ
3138 1800 3314 1859 ἀνύει,
3342 1799 3435 1852 καὶ
3463 1798 3656 1867 ἐπειδὴ
3680 1798 3738 1849 ὲν
3764 1789 3811 1864 ᾧ
3847 1790 3992 1849 οὗτοι

2414 1897 2598 1964 διῆγον
2635 1877 2825 1961 γέγονε
2873 1895 3045 1961 τόπῳ,
3083 1895 3110 1943 ὁ
3145 1891 3243 1959 μὲν
3271 1890 3430 1951 εὐθὺς
3464 1891 3576 1949 τοῖς
3617 1886 3874 1956 ματαίοις
3904 1885 4000 1946 τὰς

2416 1988 2670 2057 συνήθεις
2703 1986 2949 2054 προσῆγε
2983 1984 3206 2045 θυσίας·
3262 1982 3670 2052 προστάγματα
3729 1981 3787 2034 δὲ
3827 1977 3996 2032 αὐτοῦ

2414 2081 2594 2132 πᾶσαν
2618 2080 2749 2147 ὅσην
2770 2080 2816 2130 οἱ
2842 2078 3156 2144 Θυατείρων
3186 2076 3406 2144 ἐπεῖχον
3429 2075 3565 2144 ὅροι,
3598 2072 3741 2126 κατά
3762 2070 3999 2142 σπουδὴν

2412 2170 2793 2239 διελάμϐανεν,
2827 2170 2967 2222 ὥστε
2994 2169 3119 2229 τοὺς
3149 2166 3287 2235 αὐτῇ
3330 2167 3562 2229 πάντας,
3603 2163 3734 2216 ἔνθα
3769 2164 3804 2232 ἡ
3842 2163 4000 2215 θυσία

2413 2263 2632 2330 γίνοιτο,
2663 2261 2827 2329 μηδὲν
2857 2258 3153 2327 μέλλοντας
3180 2257 3427 2324 ἀπαντᾷν
3460 2255 3557 2315 τάς
3602 2254 3999 2322 χαριστηρίους

2413 2352 2576 2420 εὐχὰς
2609 2350 2707 2402 καὶ
2753 2348 2952 2409 αὐτοὺς
3006 2349 3117 2409 τοῖς
3155 2345 3367 2398 ἐκείνου
3419 2343 3562 2406 θεοῖς
3626 2343 3998 2404 συνοίσοντας,

2414 2441 2601 2510 ὥσπερ
2657 2439 2757 2492 οὐκ
2797 2438 3072 2501 ἐθέλοντος
3116 2439 3278 2506 μόνον
3322 2438 3521 2499 νοσεῖν,
3572 2433 3710 2487 ἀλλά
3744 2434 4002 2497 καὶτοὺς

2413 2532 2606 2594 ἄλλους
2630 2530 3041 2600 παραπολαύειν
3069 2528 3220 2599 αὐτῷ
3242 2526 3338 2582 τοῦ
3375 2527 3702 2596 νοσήματος.
3738 2526 3918 2578 Τοῦτο
3947 2525 4001 2578 δὲ

2415 2623 2522 2694 ἀρα
2558 2623 2858 2692 τεκμήριον
2885 2621 3069 2673 ίκανὸν
3102 2620 3204 2687 τῆς
3246 2620 3357 2671 τῶν
3395 2617 3695 2689 μαρτύρων
3765 2618 4005 2669 ἐποιεῖτο

2416 2715 2667 2782 γνώμηςσ
2709 2713 2862 2780 ἔλεγε
2899 2714 3007 2782 γὰρ
3040 2713 3134 2776 ὼς,
3165 2714 3212 2764 εί
3248 2711 3347 2780 μὲν
3381 2713 3475 2764 καὶ
3503 2710 3703 2772 αὐτοὺς
3743 2711 4003 2779 συνερχο-

2418 2804 2611 2871 μένους
2648 2802 2724 2871 τῷ
2760 2803 2956 2871 πλήθει
2988 2803 3085 2853 καὶ
3107 2803 3263 2869 κοινῇ
3295 2802 3392 2862 τάς
3425 2800 3617 2861 θυσίας
3657 2801 4002 2868 προσφέρον-

2416 2911 2510 2956 τας
2542 2894 2664 2956 ῖδοι,
2693 2893 2862 2963 ψευδῆ
2898 2892 3116 2953 πάντως
3153 2892 3188 2944 ἀ
3221 2889 3356 2959 πρὸς
3388 2891 3480 2944 τὸν
3513 2891 3706 2941 Δέκιον
3738 2891 4003 2942 κατεῖπον

2415 2987 2595 3040 αὐτῶν
2627 2981 2794 3040 εἴναι·
2826 2987 2874 3038 εί
2903 2985 2958 3038 δὲ
2995 2986 3092 3055 μὴ,
3133 2984 3208 3053 μὴ
3246 2983 3429 3034 πίστιν
3479 2982 3675 3052 ἑτέραν
3707 2982 4004 3051 ἀναμένειν

2418 3079 2664 3149 μείζονα.

814 3158 901 3212 lll.
934 3156 1068 3212 Cum
1114 3169 1243 3226 ergo
1273 3169 1462 3209 omnes
1496 3155 1713 3224 quidem
1742 3157 1797 3209 in
1821 3157 1995 3210 locum
2026 3157 2309 3210 convenis-

2489 3170 2561 3225 Γ’.
2614 3170 2765 3222 Ἐπεὶ
2823 3164 2919 3222 οὖν
2969 3168 3171 3231 πάντες
3220 3169 3318 3236 μὲν
3371 3166 3776 3237 συνδραμόντες
3836 3159 4001 3235 ἦσαν,

738 3257 878 3312 sent,
913 3255 971 3302 ut
1029 3255 1359 3316 peragerent
1389 3245 1678 3310 sacriﬁcia,
1713 3246 1809 3301 soli
1845 3257 2023 3301 autem
2059 3247 2311 3302 abessent

741 3339 1089 3394 admirabiles
1139 3338 1244 3392 duo
1273 3345 1538 3408 martyres
1581 3337 1732 3406 (alibi
1765 3337 1910 3393 enim
1940 3339 2175 3403 stabant,
2202 3340 2312 3392 Deo

741 3443 954 3499 preces,
1007 3441 1197 3497 nempe
1261 3441 1447 3481 verum
1514 3429 1801 3481 reddentes
1830 3427 2207 3496 sacriﬁcium),
2249 3427 2312 3481 iis

745 3520 866 3575 sisti
901 3518 1092 3588 jussis,
1121 3519 1208 3573 ille
1261 3517 1552 3586 superbius
1616 3530 1680 3571 ac
1739 3517 1930 3570 elatius
1966 3533 2058 3573 eos
2110 3519 2316 3587 rogavit

742 3625 984 3672 causam,
1018 3624 1113 3662 cur
1142 3608 1241 3677 ipsi
1287 3609 1588 3663 abl’uissent
1622 3625 1634 3662 :
1668 3607 1863 3663 deinde
1889 3609 2049 3663 etiam
2076 3610 2309 3680 adjecit:

742 3705 808 3755 Αι
846 3699 1036 3754 saltent
1062 3709 1187 3753 ante
1224 3712 1371 3752 meos
1409 3699 1600 3753 oculos
1635 3700 1859 3766 pulchre
1889 3700 2194 3769 corrigatur
2223 3703 2316 3755 de-

748 3791 934 3845 lictum
1001 3799 1058 3844 ut
1113 3789 1524 3843 accusatoribus
1578 3787 1778 3841 invidia
1837 3785 1890 3839 in
1932 3797 2094 3856 caput
2127 3803 2312 3841 eormn

743 3889 1114 3942 convertatur,
1161 3888 1215 3932 et
1265 3877 1420 3930 vobis
1473 3876 1691 3940 clarior,
1742 3891 1901 3946 quam
1937 3880 2107 3947 prius,
2145 3880 2312 3947 gloria

741 3973 968 4027 oriatur.
1005 3972 1084 4024 Ad
1137 3970 1248 4024 haec
1277 3967 1472 4034 sancti,
1502 3967 1593 4038 qui
1625 3977 1679 4022 et
1707 3979 1854 4023 metu
1891 3979 1945 4021 ct
1974 3970 2120 4022 omni
2154 3969 2316 4025 clari-

742 4069 851 4114 tate
914 4060 1147 4111 humana
1206 4065 1364 4110 erant
1427 4056 2315 4124 superiores:l£ssetdedecus,o

740 4147 926 4215 jndcx,
982 4147 1234 4198 dixerunt
1309 4152 1572 4211 apertum,
1635 4145 1876 4212 inquam,
1921 4145 2180 4212 dedecus,
2223 4150 2317 4200 lia-

747 4241 873 4292 bcre
903 4239 1090 4290 bovem
1125 4246 1179 4289 et
1211 4235 1426 4288 asinum
1458 4235 1539 4305 (ut
1575 4249 1696 4289 cum
1729 4252 1920 4306 magno
1945 4239 2120 4293 dicam
2155 4239 2313 4310 Isaia)

745 4328 835 4394 qui
884 4339 981 4380 nos
1045 4332 1336 4392 arguerent
1396 4325 1576 4393 magni
1616 4325 1864 4380 criminis
1907 4328 2099 4395 ingrati
2126 4331 2314 4396 animi,

746 4416 1011 4482 siquidem
1057 4413 1129 4467 illi
1189 4413 1406 4482 quidem
1475 4423 1842 4482 cognoverunt
1875 4430 2245 4486 possessorem
2273 4423 2313 4488 ‘,

2414 3264 2556 3317 ὥστε
2608 3261 2705 3325 τὰς
2745 3262 2937 3323 θυσίας
2971 3258 3308 3320 ἐπιτελέσαι,
3374 3259 3509 3328 μόνη
3540 3259 3596 3309 δὲ
3645 3259 3678 3325 ἠ
3707 3254 4005 3325 θαυμαστὴ

2413 3356 2521 3406 τῶν
2552 3351 2845 3421 μαρτύρων
2879 3349 3187 3417 ἀπελείφθη
3236 3347 3369 3409 δυὰς
3403 3347 3664 3414 (ἵσταντο
3717 3345 3831 3414 γάρ
3873 3343 4000 3409 ἔξω,

2415 3442 2490 3511 τῷ
2519 3438 2637 3510 Θεῷ
2671 3439 2769 3502 τὰς
2795 3437 2984 3508 εύχάς,
3012 3437 3109 3507 τὴν
3141 3436 3320 3506 ἀληθῆ
3366 3434 3556 3488 θυσίαν
3607 3432 4005 3503 ἀποδιδόντες),

2417 3532 2913 3603 παραστησάμενος
2946 3530 3144 3593 αὐτοὺς
3178 3531 3424 3600 σχήματι
3491 3526 3866 3598 σοϐαρωτέρῳ
3903 3526 4003 3596 τὴν

2415 3631 2593 3682 αἰτίαν
2623 3628 2811 3700 ἠρώτα
2835 3630 2934 3696 τῆς
2963 3626 3194 3695 ἀπολείψ
3231 3643 3302 3688 ως
3324 3644 3336 3657 ·
3370 3620 3490 3677 εἶτα
3518 3625 3613 3676 καὶ
3645 3621 3999 3694 προσετίθει·

2417 3725 2543 3774 Ὀτι
2592 3723 2697 3775 κᾶν
2755 3720 2885 3790 γοῦν
2935 3718 3024 3771 ἐπ’
3054 3718 3214 3786 ὄψεσι
3245 3720 3367 3781 ταῖς
3400 3718 3563 3788 ὲμαῖς
3614 3717 3677 3769 τὸ
3713 3717 4005 3786 ὑστέρημα

2417 3812 2596 3876 καλῶς
2625 3811 3097 3881 ἀναπληρωθήτω,
3153 3810 3241 3862 ἵνα
3290 3811 3382 3863 καὶ
3413 3811 3525 3870 τοῖς
3560 3807 3900 3875 κατηγόροις
3929 3806 4005 3868 είς

2417 3905 2660 3971 κεφαλὰς
2677 3905 2704 3953 ὁ
2726 3903 2914 3969 φθόνος
2941 3902 3333 3970 μεταχωρήσῃ,
3358 3899 3451 3950 καὶ
3471 3899 3597 3968 ὑμῖν
3618 3896 4004 3967 λαμπρότερον

2417 3993 2544 4064 ἧτδ
2576 3992 2812 4063 πρόσθεν
2872 3992 2933 4044 τὸ
2986 3991 3144 4054 κλέος
3204 3990 3478 4059 ἀναφανῇ.
3543 3988 3688 4058 Πρὸς
3737 3987 3916 4041 ταῦτα
3955 3987 4003 4039 ol

2418 4087 2560 4154 ἂγιοι
2583 4086 2676 4138 καὶ
2713 4085 2881 4153 φόϐου
2911 4086 3004 4137 καὶ
3035 4085 3399 4153 περιφανείας
3435 4082 3616 4150 πάσης
3644 4081 4001 4149 ἀνθρωπίνης

2417 4173 2679 4243 ἀνώτεροι
2711 4174 2994 4241 γεγονότες
3016 4189 3030 4204 °
3079 4173 3222 4226 Ἀλλ’
3252 4173 3506 4240 αἰσχύνη,
3541 4171 3790 4240 βασιλεῦ,
3828 4168 4000 4232 εἷπον,

2418 4263 2648 4336 αἰσχύνη
2683 4267 2878 4334 σαφὴς,
2912 4263 3036 4334 βοῦν
3066 4264 3211 4333 ἔχειν
3244 4263 3339 4317 καὶ
3369 4262 3511 4327 ὄνον,
3535 4263 3676 4315 κατά
3703 4260 3799 4315 τὸν
3831 4261 4004 4330 μέγαν

2429 4357 2660 4409 Ἡσαΐαν
2711 4358 2908 4420 εἰπεῖν,
2976 4355 3222 4425 μεγάλης
3302 4352 3701 4421 ἀγνωμοσύνης
3758 4350 4002 4419 ἔλεγχον,

2420 4445 2576 4513 εῐπερ
2596 4446 2779 4495 ἐκεῖνα
2806 4443 2905 4510 μὲν
2928 4442 3070 4510 ἔγνω
3091 4443 3182 4494 τὸν
3211 4441 3552 4513 κεκτημένον
3584 4442 3679 4493 καὶ
3701 4441 4001 4508 τρέφοντα,

747 4514 800 4558 et
837 4519 979 4570 eum,
1012 4503 1103 4575 qui
1149 4506 1291 4574 ipsos
1319 4504 1495 4558 alebat
1528 4521 1542 4558 :
1574 4520 1672 4561 nos
1705 4517 1906 4574 autem,
1941 4511 2082 4578 quod
2106 4511 2310 4568 alarnur

2422 4503 2565 4604 ἡμᾶς
2603 4531 2659 4586 δὲ
2694 4503 2983 4602 φαίνεσθαι
3015 4503 3514 4602 ἀγνοοῦνταςίείγε
3547 4531 3640 4584 τὸν
3676 4503 3857 4600 ἀληθέι
3910 4534 4004 4585 Δε-

751 4597 820 4648 ab
842 4595 980 4663 ipso,
1008 4594 1260 4662 ignorare
1286 4594 1612 4658 videremur,
1644 4594 1688 4647 si
1706 4609 1834 4649 vero
1859 4597 2045 4651 relicto
2069 4597 2317 4667 Domino,

747 4687 837 4755 qui
866 4685 1002 4738 falso
1034 4692 1318 4748 vocantur,
1353 4683 1480 4738 deos
1518 4685 1844 4741 coleremus.
1877 4685 2001 4744 llzec
2023 4689 2250 4744 dixerun

747 4787 796 4830 et
851 4776 992 4830 Deus
1026 4777 1186 4830 simul
1240 4776 1330 4840 iis,
1391 4790 1517 4845 quae
1571 4777 1712 4830 dicta
1760 4788 1905 4850 sunt,
1931 4791 2011 4836 est
2040 4797 2316 4840 assensus.

748 4872 879 4925 Nam
916 4884 1145 4942 magnus
1181 4869 1394 4926 irruens
1425 4878 1584 4926 terra:
1610 4881 1808 4936 motus,
1834 4875 2102 4929 convertit
2124 4875 2176 4928 in
2201 4875 2320 4943 pnl-

748 4977 928 5017 verem
959 4977 1044 5029 ea,
1067 4978 1185 5032 qua:
1209 4964 1277 5018 ab
1317 4962 1696 5031 insipientibus
1729 4965 2066 5028 colebantur,
2098 4965 2319 5020 simula-

747 5070 859 5109 cra.
901 5054 964 5107 Et
987 5054 1220 5106 inanima
1253 5055 1468 5121 quidem
1499 5055 1577 5107 sic
1604 5069 1660 5108 se
1694 5054 1984 5122 habebant,
2013 5067 2064 5112 et
2095 5057 2165 5109 ita
2202 5057 2314 5111 Γυρ-

749 5163 805 5202 re
836 5144 1118 5199 dissoluta.

817 5235 906 5288 IV.
951 5232 1164 5287 Valerio
1218 5243 1399 5289 autem
1433 5233 1584 5288 ﬁrma
1607 5244 1722 5290 crat
1749 5251 1813 5290 ac
1839 5236 2048 5292 stabilis
2086 5239 2312 5305 malitia,

747 5333 800 5374 et
841 5338 960 5389 quae
997 5336 1100 5374 non
1137 5332 1347 5390 poterat
1374 5326 1639 5377 amoveri.
1700 5325 1835 5379 Nam
1876 5343 1996 5379 cum
2059 5329 2315 5384 admirari

743 5419 1020 5475 Oporteret
1051 5412 1342 5476 potentiam
1369 5410 1458 5465 Dei
1483 5411 1831 5480 ineffabilem,
1859 5426 1911 5469 et
1937 5416 2159 5471 deorum
2191 5432 2310 5472 suo-

749 5515 867 5556 rum
903 5516 1150 5569 magnam
1187 5504 1410 5558 irridere
1443 5505 1872 5560 imbecillitatem
1905 5509 2066 5576 (quod
2100 5509 2314 5576 quidem

750 5591 966 5644 fecisset
990 5593 1068 5644 vir
1105 5593 1338 5660 prudens
1368 5604 1422 5649 et
1469 5595 1816 5666 intelligens),
1869 5597 1955 5652 ille
1992 5602 2161 5654 evasit
2203 5618 2314 5656 ma-

823 5778 838 5807 ⁸
870 5777 969 5830 lsa.
995 5794 1030 5838 ι.
1057 5778 1107 5832 '5.

2420 4623 2627 4692 σπότην
2683 4625 3100 4688 καταλιπόντες,
3155 4622 3535 4693 ψευδωνύμως
3604 4622 4004 4692 προστιθῶμεν

2259 4702 2314 4746 ιε
2356 4708 2376 4732 ⁹
2418 4715 2582 4778 θεοῖς.
2634 4714 2822 4768 Ταῦτα
2861 4709 3016 4767 είπον
3062 4715 3156 4766 καὶ
3192 4715 3311 4783 ἅμα
3347 4714 3482 4776 Θεὸς
3511 4714 3625 4777 τοῖς
3681 4715 4004 4784 εἰρημένοις

2417 4804 2815 4876 ἐπεψηφίζετο,
2850 4804 2946 4858 καὶ
2974 4803 3201 4875 σεισμοῦ
3232 4821 3284 4857 τι
3314 4803 3456 4874 μέγα
3485 4805 3676 4875 χρῆμα
3707 4803 4004 4873 ἐπενεχθεν

2417 4897 2496 4958 είς
2522 4897 2669 4948 κόνιν
2699 4895 2962 4950 ἑλέπτυνε
2991 4898 3059 4951 τὰ
3085 4896 3194 4950 τῶν
3240 4897 3498 4966 ἀφρόνων
3524 4895 3878 4963 σεϐάσματα,
3915 4895 4003 4945 καὶ

2419 4988 2486 5041 τά
2521 4987 2617 5056 μὶν
2644 4987 2825 5059 ἀψυχα
2841 4988 3015 5050 οὕτως
3045 4984 3155 5055 εἶχε
3194 4989 3290 5039 καὶ
3321 4985 3618 5041 διελέλυτο.

2477 5246 2548 5300 Δ’.
2567 5242 2846 5319 Οὐαλερίῳ
2863 5248 2918 5302 δὲ
2933 5252 3127 5316 πάγιος
3146 5251 3361 5319 ἡκακία
3379 5250 3475 5302 καὶ
3494 5247 3832 5318 ἀμετάθετος
3853 5263 3865 5276 ·
3885 5248 4002 5300 δέον

2420 5335 2530 5404 γάρ
2563 5336 2842 5405 θαυμάσαι
2869 5340 2968 5409 τὴν
2995 5340 3199 5408 ἄφατον
3232 5341 3322 5392 τοῦ
3355 5341 3492 5393 Θεοῦ
3523 5340 3756 5408 δύναμιν
3786 5341 3880 5391 καὶ
3905 5339 4000 5405 τῆς

2422 5428 2621 5494 πολλῆς
2641 5427 2750 5479 τῶν
2767 5431 2932 5481 αὑτοῦ
2953 5429 3091 5483 θεῶν
3119 5432 3405 5493 ἀσθενείας
3438 5431 3812 5498 καταγελάσαι
3845 5430 4000 5499 (ὅπερ

2423 5519 2489 5570 ἂν
2525 5519 2747 5589 εποίησε
2781 5522 2904 5573 νοῦν
2957 5521 3096 5591 ἔχων
3128 5524 3224 5575 καὶ
3259 5525 3458 5576 συνιὼν
3486 5525 3841 5593 ἅνθρωπος)’
3883 5524 3911 5575 ό
3945 5521 3998 5571 δὲ

2425 5609 2757 5681 θρασύτερος
2778 5612 3049 5665 ἐδείκνυτο
3075 5613 3276 5682 μᾶλλον
3301 5617 3391 5666 καὶ
3420 5614 3609 5683 αὐτὴν,
3637 5611 3712 5676 ὡς
3745 5609 3884 5684 εἶχε,
3905 5611 3998 5679 τὴν
