4180 6462
193 435 297 499 109

1257 435 1435 494 ΠΤΑ
1478 434 1538 492 S.
1583 433 1802 492 CABPI
1853 434 1947 491 ET
1985 433 2396 497 SOCIORUM.

3344 439 3445 503 llo

190 545 398 616 μανίαν
445 545 719 614 ἐγύμνου.
765 543 904 598 Ἀλλ⁹
929 545 1049 598 ἐπεὶ
1090 544 1152 597 τὸ
1192 544 1409 611 εὐγενὲς
1439 545 1533 595 καὶ
1557 545 1776 613 κόσμιον

1887 546 1967 612 gis
2007 547 2345 608 temerarius,
2372 555 2424 598 et
2483 562 2633 598 suam
2673 547 2828 611 plane
2885 547 3120 601 ostendit
3160 549 3444 605 insaniam.

183 636 296 689 τῶν
327 636 557 703 ἀνδρῶν
616 638 955 705 αἰδούμενος,
1014 636 1319 706 βαρντέρας
1355 637 1494 698 τέως
1524 636 1781 703 ἀπείχετο

186 727 507 796 τοιμωρίαςο
545 730 762 781 κελεύει
797 729 993 788 κλοιοῖς
1036 727 1272 796 σιδηροῖς
1301 728 1781 796 περιαυχενισθέν-

186 835 286 880 τας
343 823 604 888 γυμνοὺς
655 824 758 873 ἀνὰ
815 821 988 890 μέσην
1023 820 1119 890 τὴν
1143 821 1348 888 ἀγοράν
1389 821 1778 889 περιάγεσθαι·

185 910 392 978 Moveo
412 912 604 963 τοίνυν
644 915 691 964 oi
731 912 959 979 ἀθληταὶ
982 911 1181 978 γυμνοὶ
1210 913 1576 982 περιαυχενίῳ
1600 911 1782 980 δεσμῷ

188 999 594 1070 βαρυνόμενοι,
649 1005 742 1056 καὶ
792 1005 1093 1074 περιῄεσαν
1134 1004 1345 1072 ἀτίμως
1374 1005 1470 1072 τὴν
1504 1006 1708 1074 ἀγορὰν
1733 1011 1779 1059 οί

186 1090 418 1159 ἀληθῶς
475 1094 677 1161 τίμιοι,
737 1095 1117 1163 μυκτηρισμδς
1168 1101 1260 1147 καὶ
1293 1095 1465 1162 γέλως
1493 1098 1539 1147 oi
1577 1098 1782 1168 μυρίων

185 1179 344 1242 ὄντες
372 1183 629 1234 ἐπαίνων
651 1184 812 1248 ἀξιοι.
843 1186 901 1237 Ὀ
924 1187 1183 1253 δικαστὴς
1205 1185 1296 1240 οὖν
1337 1188 1434 1253 τὴν
1462 1189 1654 1256 ἄτιμον
1685 1207 1782 1241 πε-

189 1275 484 1343 ριαγωγὴν
508 1276 721 1347 ταύτην
750 1281 1016 1349 αἰσχύνην
1039 1283 1324 1334 ὑπολαϐὼν
1347 1285 1642 1353 ἐμποιῆσαι
1668 1291 1782 1350 τοῖς

187 1364 371 1430 ἁγίοις
390 1371 493 1419 καὶ
517 1368 667 1422 οὕτω
691 1371 1109 1440 μαλακωτέρους
1144 1375 1337 1436 αὐτοὺς
1365 1378 1782 1445 παρασκευάσαι

187 1457 320 1524 περὶ
339 1456 450 1525 τὴν
477 1459 756 1525 ἔνστασιν,
776 1463 1146 1533 ἀπαλωτέροις
1169 1466 1351 1535 ἔκρινε
1379 1467 1557 1533 λόγοις
1589 1469 1784 1532 αὐτοὺς

187 1543 459 1600 ὑπελθεῖν
495 1550 595 1602 καὶ
618 1551 788 1622 ταύτῃ
816 1553 1012 1622 κλέψαι
1041 1557 1138 1623 τῆς
1191 1559 1564 1627 προαιρέσεως
1603 1559 1784 1611 αὐτῶν

186 1638 286 1705 τὴν
316 1639 642 1707 εὐγένειαν,
677 1646 805 1697 καίο
842 1648 902 1697 El
937 1647 1036 1715 μὲν
1069 1648 1254 1716 ἑώρων
1287 1649 1453 1717 ὑμᾶς,
1509 1649 1664 1718 φησι,
1710 1651 1785 1719 μὴ

184 1732 558 1800 φρονήματος
616 1736 805 1800 ὑγιοῦς
859 1741 1002 1805 σαιρῆ
1081 1740 1439 1806 γνωρίσματα
1501 1742 1782 1807 φέροντας,

185 1820 526 1889 ἀπεσχόμην
552 1824 620 1874 ἀν
646 1823 745 1891 τῆς
774 1826 908 1892 πρὸς
933 1827 1077 1892 ὑμᾶς
1097 1827 1405 1894 συμϐουλῆς
1425 1842 1438 1856 ⁸
1473 1830 1649 1892 ἔξεστι
1672 1831 1779 1899 γὰρ

1887 636 1992 687 Sed
2025 652 2143 687 eum
2169 637 2404 688 virorum
2455 637 2784 690 nobilitatem
2820 647 2872 690 et
2897 640 3213 692 modestiam
3249 645 3452 695 reveri-

1887 737 1992 789 tus,
2047 738 2172 778 tunc
2216 741 2244 777 a
2287 727 2532 792 graviore
2587 728 2828 779 cruciatu
2891 729 3259 792 abstinuisset,
3299 734 3450 799 jubet

1881 830 1997 876 eos,
2069 815 2259 870 ferreis
2304 817 2589 870 collaribus
2629 819 2784 870 collis
2815 834 2998 871 eorum
3034 820 3318 886 impositis,
3355 839 3450 890 per

1886 907 2120 960 medium
2160 907 2334 960 lorum
2391 908 2561 961 nudos
2613 910 2929 978 circumagi.
2967 909 3103 964 Nudi
3137 912 3316 980 itaque
3350 918 3448 968 du-

1884 998 2146 1050 cebantur
2193 997 2428 1060 athletae.
2473 999 2591 1051 colli
2642 1000 2854 1051 vinculo
2907 1005 3112 1068 gravati
3145 1019 3158 1055 :
3189 1014 3242 1057 et
3274 1003 3444 1058 lorum

1885 1091 2104 1142 obibant
2135 1105 2253 1141 cum
2286 1089 2526 1155 infamia,
2555 1092 2643 1158 qtti
2673 1106 2796 1144 vere
2832 1103 2984 1144 erant
3012 1093 3220 1147 honesti
3253 1113 3265 1147 :
3308 1097 3448 1150 irrisi

1883 1193 1936 1233 et
1970 1181 2202 1234 ludibrio
2244 1180 2432 1242 habiti,
2467 1182 2555 1248 qui
2604 1183 3084 1237 innumerabilibus
3121 1186 3261 1253 digni
3292 1191 3452 1239 erant

1884 1269 2149 1324 laudibus.
2174 1271 2342 1325 .ludex
2371 1287 2519 1340 ergo,
2548 1273 2636 1339 qtti
2697 1282 2905 1338 turpem
2941 1273 3077 1327 hanc
3109 1287 3162 1328 et
3194 1277 3445 1331 infamem

1887 1362 2280 1414 traductionem
2310 1363 2531 1430 putabat
2562 1373 2782 1417 sanctos
2815 1363 3130 1417 all'ecturam
3165 1367 3448 1431 dedecore,

1885 1463 1940 1508 et
1969 1454 2047 1508 sic
2078 1469 2263 1508 eorum
2297 1457 2656 1508 constantiam
2683 1471 2804 1509 esse
2850 1455 3229 1518 emollituram,
3267 1463 3453 1514 statuit

1889 1543 2142 1599 mollibus
2171 1559 2263 1599 eos
2291 1547 2465 1600 verbis
2491 1547 2726 1614 aggredi,
2754 1558 2806 1600 et
2837 1547 2917 1600 sic
2964 1549 3244 1605 cuniculos
3296 1568 3454 1622 agere

1889 1631 1940 1684 in
1978 1647 2295 1700 generosum
2341 1651 2525 1686 eorum
2585 1635 2938 1702 prepositnm,
2993 1647 3047 1690 et
3079 1656 3091 1690 :
3123 1638 3177 1691 Si
3214 1654 3305 1692 vos
3335 1643 3454 1709 qni-

1885 1725 2028 1788 dem,
2068 1724 2262 1791 inquit,
2298 1725 2531 1777 viderem
2570 1742 2672 1777 non
2709 1725 2851 1779 ferre
2893 1737 3078 1796 aperta
3141 1729 3334 1783 indicia
3363 1747 3454 1800 ge-

1889 1814 2064 1868 nerosi
2093 1815 2336 1881 spiritus,
2368 1830 2704 1884 nequaquam
2741 1818 2889 1871 vobis
2930 1819 3112 1873 darem
3146 1822 3451 1877 consilium.

186 1911 280 1959 καὶ
321 1911 416 1961 διὰ
448 1888 712 1980 βασάνων
737 1888 880 1983 ὑμάς
903 1888 1062 1981 ἑλεῖν,
1097 1919 1143 1969 εί
1169 1888 1528 1988 θελήσάιμεν,
1564 1923 1656 1973 καὶ

1884 1903 2034 1958 Licet
2057 1905 2222 1966 enim,
2261 1905 2306 1958 si
2337 1905 2515 1969 velim,
2554 1921 2644 1961 vos
2689 1922 2784 1974 per
2829 1918 3092 1962 tormenta
3123 1925 3453 1979 capugnare,

185 2000 477 2071 ἡμετέραν
496 2004 757 2070 ἄκοντας,
800 2010 888 2059 καὶ
923 2010 997 2076 μὴ
1047 2009 1400 2078 βουλομένους
1430 2013 1778 2080 μεταδιδάξαι

183 2091 504 2160 θρησκείαν
525 2112 539 2124 ·
574 2097 698 2146 ἐπεὶ
722 2099 776 2148 δὲ
809 2101 902 2149 καὶ
934 2100 1053 2165 ὄψις
1089 2101 1178 2150 καὶ
1205 2102 1237 2167 ἡ
1285 2102 1393 2151 τῶν
1443 2102 1588 2170 ηθῶν
1625 2105 1779 2155 £67.0-

187 2185 325 2252 σμὶα
359 2187 465 2255 τὴν
494 2188 593 2254 τῆς
633 2188 856 2256 γνώμης
887 2191 1202 2259 ἐλευθερίαν
1231 2192 1468 2258 δηλοῦσι,
1522 2194 1780 2263 πείθομαι

187 2274 508 2344 σύμϐουλος
545 2279 748 2346 ἀγαθὸς
775 2281 905 2350 ὑμῖν
935 2282 1272 2351 καταστῆναι
1294 2301 1306 2314 ·
1338 2285 1457 2335 οὐδὲ
1493 2284 1601 2354 γὰρ
1627 2281 1780 2353 οἶμαι

182 2367 579 2422 διαλανθάνειν
617 2372 782 2440 ὑμᾶς,
831 2373 906 2436 ὡς
937 2375 1000 2426 ὲκ
1035 2374 1248 2444 μακροῦ
1305 2375 1398 2428 τοῦ
1427 2377 1619 2444 χρόνου
1647 2377 1780 2444 τάγε

185 2463 288 2530 τῆς
316 2466 457 2531 πρὸς
492 2467 622 2527 τοὺς
655 2467 960 2530 ἀθανάτους
1013 2469 1173 2530 θεοὺς
1206 2467 1490 2538 ἀρξάμενα
1520 2470 1678 2538 δόξης
1722 2488 1780 2522 τε

190 2558 286 2607 καὶ
309 2557 488 2625 τιμῆς
508 2559 604 2610 καὶ
635 2560 715 2621 εἰς
746 2560 906 2630 δεῦρο
947 2563 1040 2612 καὶ
1072 2560 1149 2612 ἔτι
1193 2562 1365 2628 μένει,
1399 2561 1458 2610 οὑ
1497 2562 1626 2630 παρ’
1653 2565 1784 2630 ἡμῖν

187 2663 249 2713 γε
292 2649 488 2713 μόνοις
521 2651 639 2711 τοῖς
681 2651 777 2718 τὴν
821 2650 1050 2702 Ἐλλάδα
1089 2650 1343 2716 γλῶσσαν
1393 2651 1610 2716 εἰδόσιν,
1648 2654 1783 2707 ἀλλά

190 2739 288 2790 καὶ
325 2742 442 2799 τοῖς
510 2740 819 2808 Βαρϐάροις
859 2741 1073 2804 αὐτοῖς⁶
1119 2740 1325 2806 ἔξεστιν
1383 2739 1474 2794 οὖν
1506 2741 1570 2794 δι’
1617 2745 1784 2811 αὑτῆς

188 2829 325 2897 (Sin
356 2829 551 2890 πόλεις
595 2829 852 2897 εὐνομίαν
885 2829 1151 2895 ἀγούσας,
1184 2831 1461 2893 πολεμίων
1489 2832 1662 2900 ὀφρῦν
1693 2833 1783 2883 πί-

191 2935 446 2971 πτουσαν
489 2921 586 2972 καὶ
612 2920 836 2990 είρήνην
870 2920 1228 2990 ἱθυνομένην·
1278 2922 1309 2991 ἢ
1356 2921 1517 2973 πόθεν
1547 2922 1784 2991 βασιλεῖς

193 3010 291 3060 καὶ
331 3009 599 3062 δυνάσται
635 3010 817 3062 πολλοὶ
846 3011 943 3080 μὲν
975 3013 1070 3063 καὶ
1101 3013 1392 3082 πρότερον,
1417 3011 1701 3085 Ῥωμαίων
1729 3013 1786 3065 δὲ

193 3099 289 3148 νῦν
315 3102 396 3157 εἰς
431 3099 688 3150 τοσοῦτον
709 3100 865 3168 δόξης
892 3103 1182 3170 προῆλθον,
1209 3105 1283 3163 ὡς
1306 3104 1784 3172 καταστρέψασθαι

1885 1995 2183 2062 invitosqtte
2201 2007 2252 2048 et
2276 1997 2516 2049 nolentes
2531 1999 2594 2049 ad
2624 2009 2860 2052 nostrain
2885 2013 3200 2056 convertere
3233 2004 3450 2074 religio-

1885 2101 2027 2139 nem.
2063 2085 2167 2140 Sed
2199 2101 2320 2139 cmn
2339 2090 2608 2150 ett-ultus,
2635 2101 2687 2143 et
2721 2107 2926 2144 morum
2965 2095 3262 2150 moderatio
3289 2097 3456 2167 signi-

1885 2177 2045 2228 licent
2075 2180 2236 2232 vestri
2267 2179 2432 2232 animi
2467 2181 2792 2248 libertatem,
2821 2186 2980 2237 Statui
3021 2184 3164 2255 fungi
3187 2192 3324 2256 apud
3359 2205 3453 2245 vos

1882 2265 2059 2320 otlicio
2083 2269 2207 2321 boni
2247 2271 2563 2324 consiliarii.
2597 2271 2782 2342 Neque
2812 2275 2953 2328 enim
2997 2277 3236 2332 arbitror
3261 2295 3353 2333 vos
3375 2281 3455 2333 la-

1886 2367 2020 2421 tere,
2047 2361 2190 2427 quod
2222 2361 2378 2430 longo
2420 2363 2486 2416 ab
2515 2365 2639 2419 hinc
2677 2370 3166 2438 temporeineepta,
3204 2388 3320 2441 qme
3351 2374 3454 2428 diis

1887 2450 2280 2507 immortalibus
2344 2455 2649 2520 exhibetur,
2705 2459 2874 2526 gloria
2915 2469 2969 2512 et
3021 2462 3214 2524 honor,
3274 2477 3454 2519 manet

1886 2557 2057 2611 Usque
2087 2543 2139 2597 in
2183 2545 2498 2600 hodiernum
2529 2548 2690 2613 diem,
2722 2564 2826 2602 non
2858 2552 2996 2618 apud
3038 2567 3138 2605 uos
3171 2555 3334 2618 solos,
3362 2557 3451 2623 qui

1889 2632 2129 2686 Graecam
2191 2636 2424 2700 linguam
2495 2644 2764 2702 novimus,
2815 2642 2908 2693 Sed
2951 2643 3276 2708 etiatttapnd
3310 2647 3456 2712 ipsi):

1888 2723 2175 2779 Barbaros.
2216 2725 2318 2780 Per
2351 2729 2488 2781 hanc
2521 2745 2648 2798 ergo
2679 2732 2988 2797 religionem
3016 2735 3195 2788 videre
3225 2737 3348 2790 licet
3373 2739 3454 2790 ci-

1889 2816 2086 2869 vit-atcs
2116 2817 2269 2871 bonis
2327 2820 2437 2887 regi
2477 2819 2702 2888 legibus,
2743 2821 2973 2874 hostium
3007 2823 3231 2892 deprimi
3265 2841 3455 2894 super-

1889 2906 2094 2969 cilium,
2139 2923 2433 2976 pacemque
2480 2914 2678 2980 vigere.
2720 2909 3001 2966 Undenam
3058 2927 3235 2969 autem
3301 2935 3456 2984 reges

1886 3009 1938 3047 et
1970 3000 2262 3066 principes,
2297 3004 2446 3056 multi
2482 3006 2692 3071 quidem
2730 3007 2890 3058 etiam
2916 3010 3248 3074 prius,nunc
3271 3021 3448 3066 autem

1891 3088 2276 3155 Romanorum,
2339 3095 2403 3145 ad
2484 3105 2684 3147 tantam
2748 3097 2972 3164 gloriam
3037 3116 3349 3166 pervenere,
3395 3114 3453 3156 ut

195 3186 297 3254 μὲν
329 3186 488 3255 ἔθνη,
553 3189 1038 3258 καταστρέψασθαι
1078 3191 1135 3243 δὶ
1171 3192 1377 3255 πόλεις,
1435 3195 1776 3263 ὑποχειρὲους

1890 3190 2075 3251 gentes
2101 3186 2313 3252 quidem
2371 3195 2425 3240 et
2484 3187 2729 3240 civitates
2772 3198 3098 3252 everterent,
3136 3191 3188 3243 in
3223 3201 3456 3258 potesta-

191 3273 249 3326 δὲ
286 3276 636 3346 ποιήσασθαι
664 3280 771 3330 πᾶν
804 3279 866 3331 τὸ
885 3281 1181 3334 ἀντίπαλον
1208 3297 1224 3346 ;
1265 3280 1326 3332 Εί
1353 3281 1529 3333 τοίνυν
1557 3283 1785 3350 ἀμαθῶν

191 3366 378 3434 λόγοις
438 3370 582 3437 πρὸς
639 3370 735 3438 τὴν
763 3371 958 3439 ἄλογον
1003 3371 1208 3444 ταύτην
1242 3375 1334 3425 καὶ
1377 3375 1648 3444 ἁρτιφανῆ
1678 3377 1785 3426 τῶν

193 3458 552 3526 Χριστιανῶν
596 3461 755 3526 δόξαν
806 3465 1133 3533 ὑπήχθητε,
1197 3466 1258 3517 οὐ
1312 3466 1639 3534 μέμφομαι·
1691 3468 1784 3534 τῆς

197 3552 511 3615 ἁπλότητος
568 3552 677 3620 γὰρ
729 3547 868 3608 εἶναι
925 3555 1081 3608 τοῦτό
1133 3573 1274 3624 φημι
1319 3572 1332 3586 ·
1372 3557 1528 3622 ὑμεῖς
1581 3556 1635 3608 δὲ
1669 3558 1783 3608 ἁ>λ’

196 3643 570 3704 ἀναλαϐόντες
604 3645 826 3706 ἑαυτοὺς
861 3647 1126 3712 μετάθετε
1164 3648 1298 3714 πρὸς
1346 3647 1405 3698 τὸ
1439 3647 1668 3715 βέλτιον,
1708 3649 1780 3708 ὡς

195 3734 261 3785 ἀν
290 3735 345 3786 οῖ
374 3750 437 3787 τε
478 3733 594 3786 θεοὶ
619 3734 747 3801 ὑμῖν
777 3736 906 3802 ἵλεῳ
939 3737 1227 3802 γένωνται,
1257 3740 1522 3789 πλειόνων
1562 3757 1618 3789 τε
1651 3741 1782 3790 ἀπο·

194 3824 436 3895 λαὺσητε
465 3827 578 3880 τῶν
608 3826 736 3896 παρ’
771 3829 903 3897 ἡμῖν
936 3827 1158 3893 ἀγαθῶν
1182 3829 1356 3879 καὶτὸ
1384 3828 1478 3882 τοῦ
1519 3829 1780 3897 βασιλέως

193 3917 338 3970 οὕτω
367 3918 661 3986 φιλότιμον
698 3919 827 3988 περὶ
849 3919 950 3981 τὰς
984 3918 1232 3981 εὐποιίας
1275 3921 1582 3990 κερδήσητε
1607 3939 1619 3951 ·
1653 3923 1700 3974 εί
1724 3923 1779 3974 δὲ

193 4007 306 4066 τοῖς
332 4007 633 4074 προτέροις
666 4008 827 4074 μέχρι
867 4007 1072 4068 παντὸς
1107 4009 1452 4075 ἐπιμείνητε,
1480 4012 1545 4060 τά
1577 4011 1728 4062 utier
1752 4029 1778 4060 ν

193 4097 418 4148 δναντία
443 4096 575 4163 ὑμῖν
595 4097 953 4164 συμϐήσεται,
979 4099 1114 4150 ἀλλά
1148 4099 1240 4150 καὶ
1265 4100 1418 4168 ἡμῶν
1443 4101 1772 4170 αὐστηροτά-

199 4202 308 4255 ρων
347 4189 529 4257 (ὅπερ
560 4185 902 4255 ἀπεύχομαι)
936 4189 1108 4258 πολλὴ
1142 4191 1353 4261 ἀνάγκη
1385 4193 1597 4252 πάντως
1633 4194 1777 4262 ὑμᾶς

195 4279 563 4348 πειραθῆναι.

265 4371 344 4423 εν.
383 4370 578 4423 Ταῦτα
633 4371 817 4441 επειδὴ
868 4373 918 4425 οἱ
971 4372 1248 4441 μάρτυρες
1279 4373 1539 4440 ἥκουσαν,
1572 4373 1640 4425 τά
1670 4374 1773 4441 ὕμ-

196 4475 340 4526 ματα
374 4462 458 4519 εἰς
486 4461 751 4528 οὐρανοὺς
782 4463 1104 4532 ἀνασχόντες
1135 4463 1228 4515 καὶ
1257 4463 1410 4521 ὅλους
1453 4464 1680 4526 ἑαυτοὺς
1706 4466 1771 4534 τῇ

1890 3285 1992 3326 tem
2027 3287 2204 3327 autem
2238 3290 2425 3330 onmes
2461 3280 2762 3346 redigerent
2812 3284 3194 3336 adversarios?
3231 3283 3285 3337 Si
3322 3300 3452 3353 ergo

1888 3364 2224 3417 indoctorum
2257 3368 2600 3420 sermonibus
2630 3369 2833 3422 inducti
2885 3373 3016 3424 estis
3045 3373 3108 3426 ad
3139 3374 3277 3427 hanc
3299 3390 3327 3426 a
3364 3391 3451 3429 ra-

1888 3456 2033 3507 tione
2064 3456 2318 3520 alienam,
2358 3468 2410 3510 et
2450 3473 2571 3526 qua:
2621 3474 2790 3528 nuper
2811 3462 3082 3529 apparuit,
3115 3463 3449 3522 Christiano-

1891 3561 2004 3598 rum
2029 3547 2361 3613 Opinionem,
2393 3561 2494 3600 non
2521 3548 2669 3602 valde
2721 3551 3075 3618 reprehendo.
3113 3553 3221 3608 Hoc
3243 3565 3446 3608 tantum

1888 3638 2008 3690 dico
2043 3653 2160 3692 esse
2197 3639 2580 3706 simplicitatis.
2613 3643 2678 3694 At
2731 3658 2822 3696 vos
2869 3660 3005 3697 nunc
3051 3645 3262 3700 tandem
3320 3649 3452 3701 resi-

1885 3728 2172 3792 piscentes,
2214 3740 2265 3780 et
2302 3733 2364 3780 ad
2399 3746 2489 3782 vos
2523 3735 2827 3794 redeuntes,
2863 3736 3240 3790 convertimini
3273 3740 3338 3790 ad
3372 3739 3445 3800 id,

1883 3817 2022 3880 quod
2055 3825 2135 3868 est
2167 3816 2376 3880 melius,
2403 3829 2460 3872 ut
2485 3829 2536 3872 et
2571 3819 2640 3872 dii
2667 3820 2774 3874 sint
2803 3823 2965 3877 vobis
2986 3827 3223 3894 propitii,
3249 3836 3303 3880 et
3335 3827 3449 3892 plu-

1886 3907 2034 3962 ribus
2089 3909 2264 3972 bouis,
2298 3925 2418 3979 qua:
2455 3921 2576 3965 sunt
2605 3914 2746 3981 apud
2784 3929 2900 3979 nos,
2936 3915 3211 3980 fruamini,
3247 3927 3299 3971 et
3347 3919 3446 3970 im-

1883 3997 2148 4061 peratoris
2195 4000 2245 4051 in
2296 3999 2678 4053 benefaciendo
2736 4004 3155 4059 munificentiam
3187 4009 3263 4062 sic
3294 4010 3446 4063 vobis

1880 4087 2197 4142 concilietis.
2235 4087 2328 4143 Sin
2353 4102 2530 4144 autem
2555 4093 2608 4144 in
2637 4093 2908 4161 prioribus
2949 4098 3168 4151 omnino
3191 4101 3445 4168 perstite-

1881 4178 2019 4241 ritis.
2037 4193 2062 4232 a
2085 4189 2159 4233 tet
2181 4181 2332 4234 bonis
2352 4184 2611 4237 excidctis
2645 4202 2658 4238 :
2679 4186 2770 4240 sed
2789 4195 2840 4238 et
2859 4201 2956 4241 nos
2969 4202 3180 4256 quoque
3201 4192 3446 4260 asperio-

1880 4285 1964 4321 res
1985 4271 2148 4338 (quod
2177 4275 2340 4338 absit)
2365 4275 2516 4326 vobis
2545 4289 2764 4327 necesse
2816 4279 2922 4328 erit
2943 4279 3164 4331 omnino
3187 4285 3441 4348 experiri.

1947 4361 2010 4417 V.
2049 4361 2172 4418 Haec
2209 4374 2487 4435 postquam
2520 4368 2838 4422 audiverunt
2863 4380 3146 4440 martyres,
3189 4372 3360 4426 oculis
3390 4375 3441 4428 in

1882 4456 2074 4510 ecelum
2091 4457 2337 4524 sublatis,
2352 4474 2469 4511 eum
2490 4475 2544 4514 se
2557 4458 2754 4514 Christi
2773 4461 3045 4530 signaculo
3064 4465 3438 4519 nmniisssent:

191 4549 282 4600 τοῦ
352 4550 596 4619 σταυροῦ
669 4555 925 4621 σφραγῖδι
977 4555 1454 4622 σημειωσάμενοι’
1523 4555 1769 4617 Ἔοικας,

1884 4546 2112 4609 Videris,
2137 4548 2412 4612 dixerunt,
2439 4565 2555 4614 nos,
2581 4561 2827 4617 tanquam
2856 4552 3065 4616 aliquos
3089 4555 3442 4619 simpliciores

192 4636 368 4704 εἷπον,
403 4639 599 4709 ὥσπερ
631 4641 782 4702 τινάς
837 4644 946 4694 τῶν
1001 4642 1400 4712 ἀφελεστὲρων,
1449 4643 1581 4712 μηδὲ
1635 4646 1768 4714 βρα-

190 4731 346 4794 δέως,
386 4730 506 4783 ἀλλ’
539 4731 778 4795 εὐκόλως
806 4731 950 4784 οὕτω
978 4732 1186 4784 πείσειν
1219 4734 1362 4802 ἡμᾶς
1391 4733 1642 4801 οἰηθῆναι
1673 4749 1768 4800 με·

189 4821 464 4891 ταμαθεῖν
485 4823 589 4890 τὴν
609 4822 890 4877 εὐσέϐειαν
911 4840 924 4853 °
949 4824 1065 4876 ἀλλ’
1087 4823 1186 4875 οὐκ
1206 4824 1462 4892 ἀνδράσιν
1482 4823 1766 4889 ἀγεννέσιν

192 4912 299 4965 ίσθι
355 4912 698 4984 περιτυχὼν,
753 4916 813 4966 οὐ
878 4915 953 4984 μά
1005 4916 1096 4966 τὸν
1147 4915 1286 4982 ὑπερ
1316 4914 1552 4984 Χρίστοῦ
1581 4916 1768 4968 τοῦτον

191 5005 379 5070 ἀγῶνα
420 5006 520 5057 καὶ
554 5007 653 5074 τὴν
690 5006 967 5075 ἡμετέραν
990 5008 1053 5058 ὲκ
1097 5006 1304 5059 παίδων
1337 5008 1461 5075 περὶ
1488 5007 1585 5074 τὴν
1615 5009 1768 5060 εὐσέ-

191 5095 344 5146 ϐειαν
380 5094 627 5163 ἄσκησιν
654 5111 667 5125 ·
717 5097 838 5149 οὑδὲ
871 5097 978 5168 γὰρ
1006 5099 1060 5151 εἴ
1089 5117 1140 5152 τι
1186 5101 1429 5168 ἀρχαῖον,
1470 5097 1630 5151 τοῦτο
1673 5100 1768 5151 καὶ

190 5185 354 5254 τιμῆς
380 5184 540 5247 ἀξιον
562 5199 577 5211 ⁶
623 5188 809 5257 ἐπειδὴ
837 5189 1040 5242 παλαιά
1077 5188 1176 5257 μὶν
1222 5190 1437 5249 πάντως
1468 5188 1563 5240 καὶ
1610 5189 1641 5257 ἡ
1669 5207 1767 5240 καο

190 5276 316 5326 κία·
352 5275 475 5327 ἀλλ’
526 5274 647 5343 οὐχὶ
706 5278 798 5327 καὶ
834 5279 1100 5347 τιμᾶσθαι
1141 5279 1226 5331 διὰ
1267 5280 1355 5330 τὸν
1386 5281 1578 5348 χρόνον
1621 5280 1763 5344 ἀξία.

192 5368 264 5418 Οὐ
287 5369 477 5420 τοίνυν
510 5369 562 5418 εἰ
594 5369 795 5438 αρχαία
840 5369 921 5420 δεῖ
948 5373 1169 5424 σκοπεῖν
1215 5373 1247 5440 ἡ
1285 5371 1551 5442 Θρησκεία
1588 5373 1763 5442 ὑμῶν,

188 5459 300 5510 ἀλλ’
322 5460 462 5511 αὐτὸ
487 5459 672 5523 τοῦτο,
703 5462 749 5512 εί
792 5461 908 5513 δέον
956 5463 1124 5532 αὐτὴν
1150 5463 1488 5534 προσίεσθαι,
1536 5465 1600 5534 ἠν
1629 5481 1765 5533 συμ-

187 5548 594 5619 ϐουλεύσαιμεν
621 5551 685 5603 ἂν
718 5554 875 5622 ἡμεῖς
900 5553 1172 5607 ἐκκλίνειν
1209 5556 1381 5626 ὁπόση
1413 5557 1639 5624 δύναμις
1671 5558 1763 5610 καὶ

186 5643 246 5694 tu
275 5642 374 5696 τοῦ
429 5643 606 5711 μέσου
656 5647 852 5711 ποιεῖν,
884 5646 1025 5699 οὕτω
1072 5647 1309 5716 φρικτὴν
1345 5648 1511 5714 πυρὸς
1537 5631 1763 5713 γέενναν

183 5737 289 5796 τοῖς
329 5733 637 5802 ἀγαπῶσιν
689 5737 858 5806 αὐτὴν
905 5738 1362 5808 θησαυρίζουσαν.
1401 5739 1574 5800 "Oho;
1599 5740 1674 5803 δὲ,
1713 5741 1760 5791 εἰ

184 5829 288 5898 χρὴ
321 5827 450 5901 μετ’
478 5825 768 5899 ἀκριϐείας
799 5831 1104 5900 προσέχειν,
1144 5830 1394 5901 εὑρήσεις
1420 5835 1636 5896 πάντως
1668 5834 1759 5884 καὶ

1879 4655 1982 4689 non
2011 4642 2182 4702 tarde,
2209 4642 2300 4692 sed
2324 4641 2473 4693 facile
2505 4652 2689 4708 putare
2710 4656 2868 4710 posse
2895 4655 3209 4695 convertere
3241 4647 3305 4695 ad
3337 4648 3443 4697 dis-

1875 4730 2097 4782 cendam
2132 4731 2476 4800 impietatem.
2507 4733 2608 4785 Sed
2642 4735 2782 4787 scias
2807 4744 2856 4785 te
2885 4749 2988 4786 non
3011 4734 3262 4788 incidisse
3289 4737 3338 4788 in
3367 4738 3442 4791 vi-

1880 4836 1964 4874 ros
1993 4823 2165 4891 pusilli
2196 4833 2249 4876 et
2272 4823 2461 4890 abjecti
2489 4825 2648 4878 animi
2678 4843 2690 4878 :
2720 4841 2854 4889 non,
2881 4841 2974 4893 per
3005 4826 3125 4888 hoc,
3159 4829 3299 4894 quod
3347 4845 3442 4897 pro

1876 4913 2092 4965 Christo
2134 4914 2730 4980 suscipitnrcertamen,
2767 4924 2818 4968 et
2851 4926 3087 4968 nostram
3123 4919 3188 4968 ab
3225 4919 3439 4971 ineunte

1875 5017 2034 5059 aetate
2093 5006 2141 5058 in
2177 5007 2372 5074 pietate
2409 5006 2880 5060 exercitationem.
2912 5005 3028 5061 Non
3048 5011 3190 5062 enim
3219 5019 3433 5077 prapter

1880 5099 2134 5167 temporis
2157 5098 2551 5166 antiquitatem,
2588 5099 2788 5151 ltonorc
2812 5098 3026 5165 dignam
3061 5098 3287 5151 dixerim
3316 5113 3432 5149 ves-

1875 5203 2010 5247 tram
2030 5187 2491 5260 religionem.Non
2513 5189 2652 5242 enim
2669 5189 2710 5242 si
2731 5189 2854 5255 quid
2870 5198 2952 5241 est
2968 5189 3243 5254 antiquum
3259 5199 3363 5248 est,
3383 5189 3434 5241 id

1875 5286 2035 5341 etiam
2069 5286 2268 5338 honore
2297 5281 2516 5349 dignum
2542 5298 2555 5333 :
2579 5281 3003 5349 quandoquidem
3041 5291 3194 5332 vetus
3215 5281 3428 5350 quidem

1876 5388 1955 5430 est
1978 5377 2194 5427 omnino
2225 5373 2385 5425 etiam
2409 5372 2614 5432 vitium,
2642 5373 2733 5424 sed
2756 5386 2857 5422 non
2881 5369 3040 5421 ctiam
3063 5381 3280 5438 propter
3299 5383 3432 5422 tem—

1877 5483 1974 5536 pus
1997 5467 2214 5536 dignum
2247 5476 2328 5517 est
2357 5463 2496 5530 quod
2527 5463 2836 5514 honoretur.
2869 5458 2982 5512 Non
3016 5469 3098 5511 est
3132 5476 3257 5526 ergo
3301 5475 3431 5511 con-

1875 5559 2244 5620 siderandum,
2277 5573 2340 5606 an
2381 5555 2599 5619 antiqua
2634 5553 2702 5606 sit
2733 5563 2906 5604 vestra
2949 5551 3135 5619 religio
3171 5567 3184 5604 :
3216 5552 3428 5604 sedhoe

1875 5650 2067 5717 ipsum,
2094 5663 2159 5701 an
2185 5662 2303 5700 eam
2335 5654 2577 5713 oporteat
2625 5645 2924 5707 admittere,
2969 5659 3128 5712 quam
3173 5660 3268 5695 nos
3318 5643 3433 5710 qui-

1873 5743 1989 5792 dem
2013 5739 2440 5793 consuluerimus
2479 5737 2770 5794 declinare,
2797 5746 2848 5786 et
2893 5738 2956 5788 de
3011 5736 3183 5788 medio
3246 5735 3430 5785 tollere

1873 5848 1967 5900 pro
2021 5833 2240 5899 viribus,
2303 5843 2424 5901 qua:
2483 5839 2587 5882 tant
2633 5828 2936 5882 horribilem
2974 5829 3106 5892 ignis
3132 5828 3425 5897 gehennam
