4180 6506
760 441 902 503 lll.

2059 433 2341 494 MENSIS
2376 433 2701 497 APRILIS.

3904 431 3998 495 112

751 548 995 608 τεουιιάἰι
1023 557 1075 602 et
1098 557 1333 601 reservat
1371 546 1433 599 iis
1463 545 1552 614 qui
1598 546 1766 612 ipsam
1792 543 2039 612 diligunt.
2074 542 2132 595 in
2169 558 2313 596 sum-

2425 564 2487 616 σὺ
2511 566 2637 626 τοὺς
2670 564 2800 632 παρ’
2835 564 2961 632 ὑμιν
2994 563 3343 631 τιμωμένους
3375 561 3529 624 θεοὺς
3561 561 3719 613 οὐδὲν
3754 561 3995 632 ἕτερονῆ

757 656 841 694 rna
875 650 1072 702 autem,
1122 638 1165 690 si
1228 636 1361 690 velis
1414 647 1668 688 accurate
1738 635 2036 697 attendere,
2082 633 2322 686 invenies

749 734 968 786 omnino
995 743 1045 783 tu
1075 743 1288 799 quoque
1317 743 1431 791 eos,
1462 726 1551 794 qui
1589 725 1729 794 apud
1755 740 1850 777 vos
1869 725 2142 786 coluntur,
2168 725 2319 786 deos,

752 824 1046 877 nihilaliud
1095 837 1215 875 esse
1277 835 1438 886 quam
1497 833 1659 889 opera
1731 832 1980 871 manuum
2039 815 2318 870 hominum

751 916 986 968 inanima
1045 925 1097 966 et
1163 912 1348 975 surda,
1387 926 1506 979 quas
1562 911 1693 963 nihil
1754 909 1993 971 omnino,
2025 923 2128 960 non
2161 908 2319 958 modo

750 1009 892 1070 aliis,
927 1007 1016 1060 sed
1047 1021 1108 1058 ne
1133 1005 1233 1058 sibi
1261 1004 1474 1072 quidem
1512 1004 1663 1070 ipsis,
1705 1002 1912 1070 possint
1946 1003 2065 1068 opis
2097 998 2312 1052 all‘erre.

748 1099 803 1151 Si
839 1113 966 1165 ergo
998 1098 1157 1150 homo
1215 1097 1430 1163 quidem
1469 1107 1548 1148 est
1606 1094 1695 1147 Dei
1759 1109 1911 1158 opus,
1943 1101 2000 1144 ut
2029 1092 2120 1160 qui
2154 1091 2221 1144 ab
2253 1106 2317 1145 eo

745 1193 814 1244 sit
845 1190 1075 1254 ellictus,
1133 1203 1248 1255 quae
1274 1203 1364 1240 vos
1392 1193 1567 1239 autem
1592 1185 1880 1238 simulacra
1909 1184 2167 1248 adoratis,
2192 1192 2318 1237 sunt

747 1299 909 1352 opera
939 1297 1134 1335 manus
1164 1283 1411 1333 humana!
1447 1296 1459 1332 :
1497 1283 1762 1346 quomodo
1802 1279 1944 1346 quis,
2003 1278 2104 1330 nisi
2154 1275 2317 1329 fuerit

748 1375 906 1442 plane
934 1372 1077 1426 nullo
1099 1386 1258 1424 sensu
1286 1371 1563 1438 praeditus,
1596 1380 1648 1422 et
1677 1371 1834 1437 plane
1870 1368 1964 1421 bos
1997 1377 2049 1421 ct
2105 1367 2313 1430 asinus,

747 1467 833 1528 iis,
865 1480 982 1532 qua:
1007 1463 1121 1530 ipse
1143 1473 1224 1516 est
1249 1461 1564 1520 fabricatus,
1587 1461 1842 1512 honorem
1878 1458 2164 1511 tribuerit?
2193 1472 2315 1511 cum

744 1562 1018 1622 oporteret
1043 1552 1130 1603 illa
1169 1551 1338 1616 magis
1362 1564 1491 1601 suos
1526 1549 1790 1601 honorare
1815 1546 2058 1614 opiﬁces,
2097 1545 2141 1599 si
2190 1547 2314 1615 quis

744 1647 950 1698 inesset
1006 1643 1084 1698 eis
1141 1641 1666 1705 sensus?Quouiam
1727 1654 1857 1708 ergo
1914 1638 2196 1693 confessus
2230 1653 2311 1705 es,

746 1747 843 1784 nos
880 1745 1004 1784 esse
1058 1729 1442 1797 intelligentes,
1472 1737 1526 1779 et
1559 1727 1688 1790 scis,
1718 1727 1857 1793 quod
1885 1726 2072 1790 homo,
2107 1726 2198 1794 qui
2232 1735 2314 1780 est

745 1838 888 1876 sanae
918 1821 1135 1882 mentis.
1170 1832 1442 1886 nunquam
1478 1818 1690 1870 veritati
1726 1818 1798 1883 id,
1821 1818 1961 1886 quod
1987 1825 2067 1871 est
2095 1817 2309 1883 falsum,

746 1914 1059 1983 prtetulerit,
1095 1913 1313 1966 adverte
1344 1911 1606 1974 animum,
1641 1919 1692 1964 el
1727 1911 1792 1964 de
1821 1924 1905 1975 eo,
1939 1910 2029 1979 qui
2079 1923 2204 1964 vere
2231 1919 2312 1964 est

743 2007 933 2076 Opifex
958 2005 1355 2068 universorum,
1387 2004 1531 2056 disce
1562 2018 1591 2056 a
1630 2001 1880 2055 veridicis
1908 2002 2094 2056 labris.

816 2097 906 2153 Vl.
933 2098 1072 2150 Deus
1105 2107 1292 2163 suapte
1318 2103 1509 2146 natura
1543 2109 1646 2147 non
1679 2102 1856 2162 potest
1895 2091 2266 2145 circumscribi
2294 2108 2308 2145 :

745 2199 824 2244 est
849 2188 989 2242 enim
1014 2188 1300 2255 ejusmodi.
1331 2186 1458 2238 utin
1489 2200 1607 2238 eum
1637 2199 1741 2237 non
1770 2183 1928 2238 cadat
1959 2182 2178 2236 omnino
2209 2183 2312 2236 cir-

744 2282 1116 2350 cutuseriptio,
1177 2291 1230 2334 et
1275 2286 1494 2348 superat
1527 2292 1763 2341 onmem,
1797 2291 1918 2345 qua
1953 2276 2005 2329 in
2067 2285 2310 2343 tempore

743 2375 1052 2442 suscipitur,
1078 2370 1476 2439 cogitationem.
1501 2367 1739 2436 Namque
1765 2376 2064 2435 temporum
2082 2365 2312 2419 Creator

746 2482 847 2518 non
867 2463 1152 2532 subjicitur
1172 2461 1415 2530 tempori.
1437 2458 1790 2526 Quamobrem
1809 2473 1904 2512 nec
1921 2457 2308 2526 coepitquidem

743 2572 882 2610 esse.
906 2554 1099 2609 Omnia
1130 2564 1332 2617 autem,
1365 2566 1470 2605 tam
1503 2567 1620 2620 quae
1649 2552 1747 2604 sub
1779 2560 2052 2617 aspectum
2089 2549 2306 2614 cadunt,

745 2665 904 2714 quam
935 2661 1053 2715 quae
1085 2655 1261 2698 mente
1291 2644 1675 2713 percipiuntur,
1712 2643 1775 2694 ad
1829 2643 1954 2704 hoc,
1991 2641 2130 2710 quod
2179 2642 2306 2706 sint,

747 2739 1017 2807 produxit.
1061 2736 1230 2789 llomo
1259 2750 1384 2801 ergo
1417 2750 1537 2788 cum
1569 2744 1710 2788 esset
1759 2749 1788 2786 a
1829 2733 1932 2787 Deo
1981 2731 2207 2796 elIictns,
2259 2742 2311 2785 et

743 2831 789 2882 ei
824 2837 965 2882 esset
1001 2829 1257 2881 tributum
1291 2836 1346 2879 ιιι
1384 2827 1646 2879 habitaret
1678 2825 2011 2893 paradisum,
2040 2835 2092 2874 et
2120 2824 2313 2874 adma-

737 2921 869 2984 joris
894 2916 1166 2985 profectus
1187 2916 1627 2970 exercitationem
1655 2914 1950 2980 accepisset
1972 2911 2308 2977 mandatum,

747 3009 944 3060 invidia
1003 3006 1198 3060 diaboli
1256 3004 1482 3058 allectus
1533 3004 1720 3057 morbo
1775 3003 2308 3068 inobedietttiar,non

744 3111 902 3164 posse
954 3094 1196 3158 interire,
1231 3093 1553 3163 permutavit
1593 3093 1811 3148 interitu
1845 3111 1858 3147 :
1896 3102 1950 3149 et
1979 3109 2100 3147 cum
2133 3097 2310 3147 carnis

744 3190 997 3244 Subiisset
1055 3188 1402 3250 voluntatem,
1448 3186 1550 3239 fuit
1605 3185 1887 3253 subjectus
1923 3185 2103 3236 morti.
2139 3185 2309 3238 Caete-

748 3296 864 3334 rum
926 3286 1076 3345 pater
1111 3277 1325 3328 invidia:
1354 3291 1456 3328 non
1501 3276 1600 3328 l'uit
1636 3281 1924 3329 contentus
1950 3274 2050 3328 hoc
2085 3274 2200 3327 solo
2234 3274 2310 3328 la-

745 3387 842 3441 psu
876 3371 1014 3438 ejus,
1058 3369 1140 3422 cui
1183 3367 1614 3422 invidebatzsed
1656 3368 1819 3422 etiam
1877 3367 1943 3421 ad
1996 3367 2111 3431 Dei,
2174 3368 2308 3437 proh

743 3460 1287 3515 dolor!oblivionem
1345 3473 1438 3513 eos
1496 3460 1736 3522 deduxit,
1798 3459 1889 3528 qui
1955 3471 2134 3528 postea
2197 3459 2306 3512 nati

744 3563 873 3606 sunt
920 3567 982 3604 ex
1041 3552 1224 3605 eodem
1278 3565 1491 3620 genere,
1521 3560 1578 3604 ut
1625 3565 1730 3604 non
1761 3549 1932 3604 solum
1964 3550 2307 3618 corporibus,

745 3647 835 3697 sed
868 3645 1030 3697 etiam
1063 3642 1258 3697 animis
1288 3656 1432 3694 mors
1469 3640 1858 3692 dominaretur.
1895 3639 2102 3692 Relicto
2131 3641 2311 3707 itaque

747 3749 870 3786 vero
907 3733 1034 3794 Deo,
1064 3739 1117 3784 et
1167 3731 1234 3783 ad
1288 3729 1456 3783 lucem
1494 3729 1737 3783 veritatis
1788 3744 1880 3783 sua
1935 3738 2127 3797 sponte
2161 3728 2308 3782 clau-

747 3826 932 3877 dentes
992 3819 1194 3882 oculos,
1244 3818 1420 3874 cultus
1467 3818 1881 3874 simulacrorum
1907 3819 2122 3873 subiere
2155 3829 2306 3873 tene-

747 3919 887 3969 bras.
922 3914 1208 3984 Propterea
1262 3927 1390 3978 ergo
1449 3911 1590 3963 idem
1637 3910 1806 3963 nostri
1852 3910 2064 3977 generis
2094 3909 2306 3976 Opifex,

744 4005 834 4069 qui
862 4002 1107 4071 benignis
1138 3999 1430 4054 visceribus
1461 4012 1556 4053 nos
1588 3997 1841 4066 produxit
1867 4011 1932 4052 ex
1972 3996 2163 4063 nihilo,
2202 4011 2307 4052 non

745 4095 923 4147 ferens
953 4091 1131 4147 videre
1185 4092 1453 4146 hominem
1484 4090 1713 4159 opprimi
1748 4090 1965 4155 maligni
2001 4089 2305 4159 tyrannide,

744 4196 797 4237 et
830 4202 857 4236 a
898 4186 1130 4237 Paterno
1165 4184 1283 4236 sinu
1313 4197 1417 4234 non
1478 4181 1733 4244 excessit,
1782 4188 1835 4232 et
1887 4182 2066 4234 omnia
2109 4180 2306 4243 factus,

747 4277 885 4329 sicut
909 4289 1029 4338 nos,
1061 4282 1260 4344 praeter
1290 4270 1464 4326 solum
1517 4280 1816 4341 peccatum,
1850 4272 1996 4327 cruci
2053 4269 2304 4342 aﬂigitur,

744 4378 798 4421 et
857 4368 1101 4430 moritur,
1137 4379 1166 4418 a
1228 4363 1378 4431 lapsu
1433 4362 1642 4430 peccati
1706 4376 1803 4416 nos
1836 4362 2023 4417 volens
2053 4362 2303 4415 liberare.

744 4457 874 4506 Cum
928 4466 1054 4521 ergo
1087 4467 1180 4506 sua
1213 4460 1388 4504 morte
1415 4450 1581 4504 nostri
1616 4450 1796 4518 lapsus
1848 4460 2125 4503 auctorem
2157 4448 2304 4518 deje-

2424 652 2558 721 ἔργα
2583 653 2779 722 χειρῶν
2813 651 3118 720 ἀνθρώπων
3166 651 3351 720 ἀψυχα
3401 651 3494 702 καὶ
3522 651 3700 718 κωφὰ,
3737 652 3802 702 οὑ
3841 651 3994 719 μόνον

2421 742 2600 803 ἄλλοις
2651 741 2756 792 οὐδ’
2788 739 2987 805 ὁτιοῦν,
3051 739 3188 791 ἀλλὰ
3251 737 3343 789 καὶ
3399 738 3611 797 ἑαυτοῖς
3647 736 3918 803 βοηθῆσαι
3940 735 3995 785 τὸ

2423 832 2683 900 παράπαν
2709 829 2770 880 οὑ
2813 829 3167 897 δυναμένους.
3232 827 3295 880 Εἰ
3325 827 3504 878 τοίνυν
3557 824 3851 890 ἄνθρωπος
3902 825 3991 891 μὲν

2420 923 2665 990 πλάσμα,
2701 920 2737 973 ἂ
2768 921 2824 972 δέ
2854 921 3010 988 ὑμεῖς
3044 918 3239 973 εἴδωλα
3294 920 3676 985 προσκυνεῖτε,
3713 914 3988 982 ἀνθρωπί-

2419 1013 2689 1084 νηςείσὶν
2713 1011 2851 1082 ἔργα
2884 1010 3087 1079 χειρὸς,
3120 1011 3237 1071 πῶς
3271 1010 3334 1062 ἄν
3357 1025 3460 1069 τις.
3492 1009 3540 1058 εί
3579 1007 3654 1075 μὴ
3691 1006 3817 1057 λίαν
3844 1006 3987 1057 ἀνσιί⁴

2420 1106 2615 1173 σθητος
2637 1104 2746 1171 εἴη,
2775 1105 2868 1156 καὶ
2901 1101 3027 1171 βοῦς
3057 1101 3379 1169 αὐτόχρημα
3417 1100 3508 1151 καὶ
3541 1099 3684 1159 δνος,
3719 1099 3834 1158 τοῖς
3868 1090 3988 1163 παρ’

2418 1194 2582 1248 αὑτοῦ
2613 1192 3172 1262 δεδημιουργημένοις
3206 1191 3306 1260 τὴν
3329 1191 3491 1258 τιμὴν
3521 1188 3840 1257 ἀπονείμοι,
3877 1188 3989 1238 δέον

2417 1290 2601 1340 ἐκεῖνα
2636 1286 2837 1356 μᾶλλον
2886 1287 3011 1346 τοὺς
3059 1282 3293 1344 οίκείους
3323 1283 3488 1351 τιμᾷν
3520 1267 3918 1350 δημιουργοὺς,
3946 1280 3992 1329 εί

2416 1398 2500 1442 τις
2545 1380 2727 1441 αὑτοῖς
2755 1378 3005 1446 αἴσθησις
3031 1391 3046 1440 ;
3091 1374 3309 1443 Ἐπειδὴ
3337 1373 3518 1425 τοίνυν
3558 1372 3817 1433 συνετοὺς
3848 1371 3988 1439 ἡμᾶς

2414 1472 2774 1543 ὡμολόγησας
2805 1472 2899 1524 καὶ
2923 1466 3069 1532 οἶδας
3093 1468 3168 1531 ὡς
3193 1468 3294 1521 οὑκ
3317 1466 3382 1521 ἄν
3413 1480 3543 1518 ποτε
3575 1464 3780 1534 φρενὸς
3807 1463 3990 1531 ὑγιοῦς

2415 1563 2702 1633 ἄνθρωπος
2746 1562 2942 1632 ψεῦδος
3005 1561 3127 1612 ἀντὶ
3181 1559 3282 1630 τῆς
3351 1556 3615 1625 ἀληθείας
3683 1554 3988 1625 προέλοιτο,

2416 1655 2708 1725 ἐπίστησον
2755 1653 2854 1723 τὴν
2909 1652 3150 1706 διάνοιαν
3182 1650 3277 1704 καὶ
3299 1648 3368 1702 τὰ
3403 1648 3530 1717 περὶ
3575 1646 3670 1700 τοῦ
3695 1647 3869 1707 ὅντως
3897 1645 3988 1714 δηο

2418 1746 2680 1817 μιουργοῦ
2705 1745 2810 1798 τῶν
2841 1744 2976 1797 ὅλων
3017 1741 3155 1795 Θεοῦ
3193 1742 3298 1796 ὑπὸ
3329 1739 3546 1812 ἀληθῶν
3577 1736 3810 1809 χειλέων
3845 1736 3989 1789 διδά-

2343 1875 2389 1935 B
2417 1838 2597 1909 χθητι.

2485 2100 2574 2169 ς’.
2609 2100 2740 2163 Θεὸς
2784 2098 2844 2152 οὑ
2883 2098 3092 2167 πέφυκε
3147 2093 3620 2166 περιγράφεσθαιο
3678 2091 3990 2162 ἀπερίγρα-

2412 2212 2544 2257 πτος
2574 2193 2681 2262 γὰρ
2732 2192 2907 2260 πάντη
2937 2190 3032 2244 καὶ
3079 2190 3412 2258 ὑψηλότερος
3447 2187 3710 2258 χρονικῆς
3766 2187 3989 2252 ἀπάσης

2410 2284 2619 2345 ἐννοίας
2642 2300 2655 2314 ο
2692 2281 2920 2349 ποιητὴς
2956 2279 3064 2349 γὰρ
3097 2280 3325 2349 χρόνων,
3357 2281 3456 2346 οὑχ
3488 2278 3590 2330 ὑπὸ
3615 2278 3812 2346 χρόνον
3835 2293 3849 2304 ·
3869 2277 3990 2328 ὅθεν

2411 2372 2532 2424 οὑδὲ
2569 2370 2664 2423 τοῦ
2712 2364 2849 2421 εἶναι
2899 2367 3133 2438 ἤρξατο·
3173 2367 3354 2420 πάντα
3402 2366 3459 2417 δὲ
3499 2365 3568 2417 τά
3603 2381 3660 2416 τε
3691 2364 3868 2434 ὀρνατά
3900 2363 3990 2415 καὶ

2412 2464 2679 2533 νοούμενα
2710 2463 2789 2524 είς
2839 2461 2900 2514 τὸ
2930 2456 3072 2514 εἶναι
3102 2460 3264 2524 αὑτὸς
3301 2460 3650 2528 παρήγαγεν.
3719 2458 3782 2510 Ὀ
3811 2459 3990 2511 τοίνυν

2411 2558 2695 2627 ἄνθρωπος
2729 2554 2958 2624 πλάσμα
2989 2551 3122 2604 Θεοῦ
3151 2550 3391 2619 γεγονὼς
3435 2551 3526 2603 τὸν
3561 2549 3903 2617 παράδεισόν
3933 2565 3989 2600 τε

2411 2653 2578 2704 οἰκεῖν
2605 2646 2907 2718 κληρωθεις
2929 2645 3023 2698 καὶ
3049 2643 3228 2696 λαϐὼν
3260 2643 3480 2712 ἐντολὴν
3512 2642 3644 2710 πρὸς
3674 2639 3991 2708 γυμνασίαν

2414 2739 2697 2810 προκοπῆς
2739 2737 3002 2805 μείζονος,
3030 2734 3212 2801 φθόνῳ
3234 2733 3483 2786 διαϐόλου
3516 2731 3806 2803 παρακοὴν
3839 2732 3993 2800 νοσή-

2414 2847 2536 2892 σας,
2560 2828 2658 2898 τὴν
2696 2825 2901 2895 φθορὰν
2927 2824 3024 2892 τῆς
3054 2820 3362 2891 ἀφθαρσίας
3394 2823 3664 2891 ἠλλάξατο
3695 2823 3794 2874 καὶ
3827 2821 3993 2889 θελήο

2415 2938 2550 2993 μασι
2589 2918 2788 2990 σαρκὸς
2813 2913 3122 2983 ὑποκύψας,
3149 2911 3254 2963 ὑπὸ
3292 2913 3450 2980 χεῖρα
3482 2911 3673 2978 γέγονε
3705 2910 3790 2979 τῷ
3819 2909 3989 2963 θανά.

2411 3029 2521 3082 τῳ⁹
2561 3011 2710 3064 καὶὸ
2763 3011 2860 3077 τῆς
2899 3003 3197 3076 βασκανίας
3245 3002 3426 3071 πατὴρ
3457 3001 3578 3054 οὑδέ
3630 3000 3808 3069 τούτῳ
3845 3001 3992 3069 μόνῳ

2413 3103 2508 3156 τοῦ
2542 3099 2901 3170 φθονηθέντος
2931 3097 3174 3168 ἠρκέσθη
3212 3096 3287 3166 τῷ
3311 3095 3583 3164 πτώματι,
3617 3092 3756 3147 ἀλλά
3791 3094 3884 3145 καὶ
3910 3095 3993 3155 εἱς

2336 3208 2379 3268 C
2413 3196 2605 3266 λήθην,
2636 3192 2782 3263 οἴμοι
2805 3192 2817 3245 l
2843 3191 2978 3244 Θεοῦ
3010 3191 3135 3252 τοὺς
3161 3191 3224 3241 ἐκ
3252 3188 3343 3240 τοῦ
3368 3187 3529 3240 αὑτοῦ
3563 3186 3768 3253 φύντας
3796 3185 3991 3252 γένους

2414 3287 2643 3357 ὕστερον
2697 3286 2928 3355 ἦγαγεν,
2993 3282 3066 3343 ὼς
3095 3280 3169 3350 μὴ
3202 3279 3469 3347 σωμάτων
3511 3277 3691 3345 μόνον,
3716 3276 3859 3328 ἀλλά
3897 3276 3992 3328 καὶ

2409 3380 2593 3450 ψυχῶν
2656 3378 2835 3431 αὑτῶν
2872 3373 3146 3443 κυριεύειν
3195 3371 3460 3425 θάνατον·
3529 3366 3721 3437 ἀμέλει
3753 3369 3850 3419 καὶ
3896 3367 3991 3418 τὸν

2407 3471 2588 3538 ἀληθῆ
2626 3469 2758 3522 Θεὸν
2801 3465 3164 3525 ἀπολιπόντες
3220 3463 3316 3514 καὶ
3373 3460 3510 3530 πρὸς
3570 3459 3628 3512 τὸ
3655 3460 3864 3526 φέγγος
3890 3457 3988 3522 τῆς

2409 3561 2670 3630 ἀληθείας
2718 3559 2898 3611 ἑκοντὶ
2948 3557 3239 3626 μύσαντες,
3274 3552 3365 3604 τὸν
3393 3555 3490 3623 τῆς
3532 3550 3990 3619 είδωλολατρείας

2412 3653 2602 3705 σκότον
2634 3650 2893 3719 ὑπῆλθον.
2935 3646 3033 3700 Διὰ
3059 3645 3233 3700 ταῦτα
3253 3644 3430 3698 τοίνυν
3452 3642 3608 3706 αὑτὸς
3636 3645 3660 3696 5
3689 3641 3786 3694 τοῦ
3829 3642 3965 3709 ἠμε-

2408 3745 2567 3816 τέρου
2593 3742 2781 3811 γένους
2804 3737 3146 3811 Δημιουργὸς
3173 3739 3199 3789 ὁ
3219 3734 3623 3805 φιλανθρώποις
3652 3733 3990 3800 σπλάγχνοις

2409 3838 2475 3888 ἐκ
2523 3833 2617 3886 τοῦ
2674 3835 2748 3903 μὴ
2797 3833 2950 3893 ὄντος
2993 3827 3356 3900 παραγαγὼν,
3397 3824 3471 3893 μὴ
3505 3825 3688 3892 φέρων
3728 3823 3836 3873 ὑπὸ
3892 3821 3985 3873 τοῦ

2410 3925 2651 3994 πονηροῦ
2685 3910 2776 3975 τὸν
2806 3923 3096 3990 ἄνθρωπον
3127 3920 3258 3988 ὁρᾷν
3292 3915 3748 3984 τυραννούμενον,
3786 3913 3894 3965 τῶν
3925 3929 3984 3964 τε

2411 4011 2705 4083 Πατρικῶν
2735 4011 2836 4064 οὐκ
2871 4008 3066 4077 ἐξέστη
3095 4005 3334 4068 κόλπων,
3376 4003 3470 4055 καὶ
3505 4001 3682 4055 πάντα
3713 4000 3858 4070 πλὴν
3892 4001 3985 4070 μό-

2407 4125 2505 4175 νης
2534 4106 2632 4174 τῆς
2665 4103 2940 4174 ἁμαρτίας
2987 4099 3110 4154 καθ’
3161 4101 3305 4169 ἡμᾶς
3340 4094 3602 4165 γεγονὼς,
3645 4095 3982 4161 σταυροῦται

2409 4199 2506 4248 καὶ
2550 4195 2794 4264 θνήσκει,
2838 4192 2935 4244 τοῦ
2969 4191 3071 4259 τῆς
3127 4188 3402 4258 ἁμαρτίας
3439 4187 3732 4256 πτώματος
3764 4186 3982 4238 ’ἐθέλων

2410 4284 2556 4355 ἡμᾶς
2589 4279 2998 4337 ἀνασώσασθαι.
3055 4276 3146 4348 Τῷ
3195 4275 3393 4329 ἑαυτοῦ
3429 4272 3721 4342 τοιγαροῦν
3760 4270 3982 4340 θανάτῳ

2407 4377 2500 4429 τὸν
2543 4374 2714 4428 αἴτιον
2748 4373 2842 4426 τοῦ
2876 4369 3144 4441 ἡμετέρου
3181 4367 3472 4435 πτώματος
3528 4359 3979 4428 καταὸεϐληκὼς,

2409 4463 2570 4524 αὑτός
2600 4479 2659 4514 τε
2687 4462 2771 4522 είς
2818 4459 3080 4528 οὑρανοὺς
3125 4453 3465 4523 ἀνεληλύθει,
3497 4450 3591 4519 ἀφ’
3624 4443 3699 4503 ὧν
3722 4452 3822 4502 καὶ⁵
3852 4468 3985 4505 κατ·

745 4547 928 4604 cisset,
956 4543 1068 4614 ipse
1101 4551 1153 4596 et
1183 4542 1234 4595 in
1261 4540 1427 4596 cretes
1474 4541 1736 4605 ascendit,
1767 4554 1797 4594 e
1828 4540 2025 4608 quibus
2078 4540 2306 4594 descen-

2412 4548 2596 4618 ἦλθεν,
2625 4547 2717 4600 καὶ
2746 4547 2894 4618 ἡμᾶς
2932 4547 3107 4598 ἐκεῖσε
3135 4542 3309 4607 καλεῖ,
3343 4542 3442 4612 τὴν
3472 4540 3606 4612 πρὸς
3645 4540 3813 4593 αὑτὸν
3851 4543 3982 4610 ἡμῖν

746 4637 898 4688 derat
935 4650 950 4686 :
977 4643 1029 4689 et
1063 4647 1159 4688 nos
1183 4631 1304 4687 illuc
1331 4641 1508 4696 vocat,
1546 4639 1603 4684 ut
1631 4629 1721 4700 qui
1754 4628 1910 4685 nobis
1934 4629 2002 4684 ad
2035 4644 2092 4684 se
2119 4644 2306 4684 ascen-

746 4740 864 4779 sum
897 4724 1213 4779 ostenderit.
1251 4722 1480 4779 Potesne
1513 4731 1569 4776 tu
1604 4736 1819 4791 quoque
1848 4721 1950 4774 tale
1980 4720 2107 4791 quid
2124 4730 2307 4776 osten—

749 4818 899 4880 dere,
928 4815 1069 4884 quod
1101 4829 1128 4866 a
1171 4813 1276 4868 tuis
1298 4815 1401 4868 diis
1429 4814 1624 4871 factum
1647 4813 1737 4877 sit,
1774 4826 1840 4865 an
1879 4811 2055 4878 tejam
2091 4826 2184 4867 eos
2209 4826 2305 4865 vo-

746 4923 870 4964 care
897 4907 1124 4978 poenitet
1150 4906 1171 4960 1'
1203 4904 1609 4962 Possessionum
1641 4913 1820 4958 autem
1854 4911 1908 4958 et
1935 4903 2304 4973 pecuniarum,

732 5027 786 5072 ει
826 5002 1045 5058 honoris
1099 5001 1237 5070 apud
1288 5001 1661 5070 imperatores,
1691 5011 1809 5068 quae
1866 5004 1993 5050 sunt
2018 5005 2217 5059 vestra,
2251 5003 2308 5046 ut

732 5095 948 5164 dicitis,
984 5095 1144 5157 bona,
1178 5107 1275 5147 nos
1301 5107 1521 5162 parvam
1545 5105 1729 5143 curam
1755 5088 2010 5158 gerimus.
2043 5095 2099 5141 ut
2121 5087 2209 5155 qui
2245 5101 2305 5138 ea

731 5200 758 5235 n
781 5201 847 5240 ou
882 5196 1135 5254 tauquam
1165 5182 1362 5236 stantia
1387 5180 1650 5249 judicare,
1683 5179 1777 5232 sed
1811 5187 2062 5245 tanquam
2097 5175 2306 5245 lugien-

746 5280 839 5344 tia,
875 5287 1016 5332 recte
1071 5276 1416 5330 didicerimus
1447 5289 1475 5326 a
1527 5269 1807 5341 prepheta,
1831 5279 1884 5323 et
1921 5270 2148 5322 maxime
2183 5283 2304 5323 cum

747 5371 798 5423 in
829 5369 994 5423 Deum
1044 5370 1218 5436 ipsum
1276 5381 1421 5434 spem
1471 5361 1936 5425 collocaverimus,
1986 5369 2039 5414 et
2074 5359 2140 5412 ab
2166 5359 2305 5414 illius

744 5461 911 5525 gloria
946 5457 1040 5512 toti
1078 5458 1426 5524 pendeamus,
1464 5461 1684 5520 propter
1733 5463 1888 5518 quem
1919 5449 2083 5502 etiam
2113 5462 2305 5514 magno

743 5568 804 5605 ac
839 5551 961 5604 forti
995 5553 1174 5603 animo
1201 5550 1306 5618 pati
1325 5548 1634 5602 statuimus.

797 5643 906 5699 Vll.
925 5642 1177 5695 Hccccum
1197 5635 1724 5700 audiissetValerius,
1742 5641 1793 5687 et
1809 5635 2123 5700 (egritudine
2140 5633 2302 5686 animi

742 5735 842 5790 luit
874 5738 1121 5799 allectus,
1148 5741 1198 5787 et
1235 5733 1354 5800 igne
1403 5728 1624 5784 insania:
1672 5727 1940 5781 incensus.
1972 5726 2034 5779 Et
2061 5725 2306 5794 protinus

743 5843 944 5882 exuens
976 5828 1150 5880 (ictam
1211 5835 1494 5892 personam
1548 5816 1990 5883 mansuetudinis,
2033 5817 2299 5870 internam

2411 4641 2597 4695 ἄνοδον
2661 4639 2968 4704 ὑποδείξας.
3037 4638 3221 4708 Ἔχεις
3259 4653 3310 4688 τι
3372 4634 3468 4688 καὶ
3525 4632 3687 4697 αὑτὸς
3734 4632 3980 4686 τοιοῦτον

2409 4731 2780 4797 ἁντεπιδεῖξαι
2819 4730 2972 4799 παρά
3023 4729 3129 4780 τῶν
3161 4727 3443 4795 ὑμετέρων
3469 4724 3604 4777 θεῶν
3638 4724 3937 4794 γενόμενον
3965 4740 3978 4787 ;

2411 4826 2442 4894 ἢ
2476 4826 2572 4879 καὶ
2606 4827 2666 4878 τὸ
2711 4824 2866 4885 θεοὺς
2891 4822 2989 4892 ήδη
3039 4819 3261 4878 τούτους
3310 4816 3498 4869 καλεῖν
3531 4817 3829 4885 μεταμέλει
3859 4832 3976 4878 σοις

2411 4916 2710 4984 κτημάτων
2739 4915 2795 4967 δέ
2819 4915 2912 4968 καὶ
2941 4910 3240 4982 χρημάτων
3266 4909 3359 4960 καὶ
3385 4911 3484 4975 τῆς
3518 4907 3666 4976 παρὰ
3692 4906 3978 4974 βασιλεῦσι

2409 5006 2574 5073 τιμῆς
2601 5004 2710 5058 τῶν
2741 5006 3045 5074 ὑμετέρων,
3105 5001 3180 5062 ὣς
3220 5015 3381 5068 φατε,
3434 4996 3614 5051 καλῶν
3658 4996 3818 5065 λόγος
3850 4998 3979 5068 ἡμῖν

2409 5095 2608 5161 ὀλίγος,
2641 5098 2740 5164 οὑχ
2769 5095 2843 5157 ὡς
2891 5092 3102 5145 ἑστῶτα
3153 5091 3378 5160 κρίνειν,
3439 5089 3553 5142 ἀλλ’
3598 5088 3673 5150 ὠς
3704 5089 3977 5157 φεύγοντα

2410 5179 2590 5243 καλῶς
2642 5180 2746 5231 ὑπὸ
2793 5178 2886 5231 τοῦ
2939 5177 3217 5245 προφήτου
3272 5175 3445 5227 ταῦτα
3495 5173 3975 5242 πεπαιδευμένοις,

2409 5273 2582 5335 ἄλλως
2631 5287 2689 5321 τε
2718 5270 2771 5322 δέ
2810 5269 2904 5321 καὶ
2935 5270 3014 5331 εἰς
3068 5266 3199 5320 Θεὸν
3232 5265 3330 5336 ἢδη
3373 5264 3562 5317 ἐλπίδα
3598 5263 3854 5332 θεμένοις
3888 5262 3978 5316 καὶ

2408 5365 2504 5432 τῆς
2568 5361 2776 5414 ἐκεῖθεν
2822 5361 2979 5429 δόξης
3023 5359 3156 5419 ὅλως
3214 5356 3578 5427 ἐξεχομένοις,
3610 5355 3675 5407 δι’
3706 5356 3767 5407 δν
3810 5354 3976 5408 καὶτὸ

2409 5453 2604 5505 παθεῖν
2637 5449 2884 5525 εὐψύχως
2916 5449 3191 5518 εἱλόμεθα.

2481 5639 2552 5693 Z'.
2589 5635 2806 5689 Τούτων
2842 5635 3080 5697 ἀκούσας
3120 5634 3437 5704 Οὐαλέριος,
3470 5635 3678 5704 ἀθυμίᾳ
3706 5652 3765 5687 τε
3803 5636 3972 5704 εἴχετο

2409 5731 2505 5782 καὶ
2540 5727 2673 5796 πυρὶ
2711 5730 2902 5793 μανίας
2933 5727 3210 5794 ἐφλέγετο,
3249 5729 3341 5777 καὶ
3377 5729 3720 5796 παραχρῆμα
3773 5730 3836 5779 τὸ
3861 5727 3970 5779 ἐπί-

2408 5822 2646 5875 πλαστον
2679 5821 2774 5888 τῆς
2805 5821 3143 5889 ἡμερότητος
3175 5821 3517 5888 προσωπεῖον
3540 5819 3860 5885 ἀποϐαλὼν,
3882 5820 3971 5886 τὴν
