  <div class='ocr_page' id='page_1' title='image "/cluster/home/n/w/nwhite01/storage/ocr_20150623/115/uva.x004215515/070.png"; bbox 0 0 4180 6464; ppageno 0'>
   <div class='ocr_carea' id='block_1_1' title="bbox 206 406 315 476">
    <p class='ocr_par' dir='ltr' id='par_1_1' title="bbox 206 406 315 476">
     <span class='ocr_line' id='line_1_1' title="bbox 206 406 315 476; baseline 0.018 -4"><span class='ocrx_word' id='word_1_1' title='bbox 206 406 315 476; x_wconf 76' lang='grc'><strong>113</strong></span> 
     </span>
    </p>
   </div>
   <div class='ocr_carea' id='block_1_2' title="bbox 1270 414 2404 478">
    <p class='ocr_par' dir='ltr' id='par_1_2' title="bbox 1270 414 2404 478">
     <span class='ocr_line' id='line_1_2' title="bbox 1270 414 2404 478; baseline 0.001 -2"><span class='ocrx_word' id='word_1_2' title='bbox 1270 418 1447 477; x_wconf 74' lang='lat' dir='ltr'><strong>VITA</strong></span> <span class='ocrx_word' id='word_1_3' title='bbox 1490 415 1549 477; x_wconf 89' lang='lat' dir='ltr'><strong>S.</strong></span> <span class='ocrx_word' id='word_1_4' title='bbox 1596 415 1820 475; x_wconf 80' lang='lat' dir='ltr'><strong>CARPI</strong></span> <span class='ocrx_word' id='word_1_5' title='bbox 1867 414 1959 474; x_wconf 83' lang='grc' dir='ltr'><strong>ΕΤ</strong></span> <span class='ocrx_word' id='word_1_6' title='bbox 1989 414 2404 478; x_wconf 84' lang='lat' dir='ltr'><strong>SOCIORUM.</strong></span> 
     </span>
    </p>
   </div>
   <div class='ocr_carea' id='block_1_3' title="bbox 3357 418 3459 486">
    <p class='ocr_par' dir='ltr' id='par_1_3' title="bbox 3357 418 3459 486">
     <span class='ocr_line' id='line_1_3' title="bbox 3357 418 3459 486; baseline 0.049 -5"><span class='ocrx_word' id='word_1_7' title='bbox 3357 418 3459 486; x_wconf 75' lang='grc' dir='ltr'><strong>ιιι</strong></span> 
     </span>
    </p>
   </div>
   <div class='ocr_carea' id='block_1_4' title="bbox 184 529 1772 606">
    <p class='ocr_par' dir='ltr' id='par_1_4' title="bbox 184 529 1772 605">
     <span class='ocr_line' id='line_1_4' title="bbox 184 529 1772 605; baseline 0.004 -24"><span class='ocrx_word' id='word_1_8' title='bbox 184 530 335 582; x_wconf 64' lang='grc' dir='ltr'>ἔνδον</span> <span class='ocrx_word' id='word_1_9' title='bbox 378 529 711 603; x_wconf 74' lang='grc' dir='ltr'><strong>ἀγριότητα</strong></span> <span class='ocrx_word' id='word_1_10' title='bbox 765 532 1070 604; x_wconf 73' lang='grc' dir='ltr'>ἐξεγὺμνου</span> <span class='ocrx_word' id='word_1_11' title='bbox 1124 536 1217 587; x_wconf 77' lang='grc' dir='ltr'>καὶ</span> <span class='ocrx_word' id='word_1_12' title='bbox 1252 536 1348 605; x_wconf 81' lang='grc' dir='ltr'>τὴν</span> <span class='ocrx_word' id='word_1_13' title='bbox 1409 537 1507 603; x_wconf 77' lang='grc' dir='ltr'>μὲν</span> <span class='ocrx_word' id='word_1_14' title='bbox 1554 534 1772 604; x_wconf 64' lang='grc' dir='ltr'>ὖπαρξιι</span> 
     </span>
    </p>
   </div>
   <div class='ocr_carea' id='block_1_5' title="bbox 1879 529 3460 606">
    <p class='ocr_par' dir='ltr' id='par_1_5' title="bbox 1892 534 3460 606">
     <span class='ocr_line' id='line_1_5' title="bbox 1892 534 3460 606; baseline 0.004 -19"><span class='ocrx_word' id='word_1_15' title='bbox 1892 536 2102 605; x_wconf 89' lang='lat' dir='ltr'><strong>aperuit</strong></span> <span class='ocrx_word' id='word_1_16' title='bbox 2131 534 2420 591; x_wconf 79' lang='lat' dir='ltr'><strong>feritatem.</strong></span> <span class='ocrx_word' id='word_1_17' title='bbox 2458 534 2523 590; x_wconf 85' lang='lat' dir='ltr'><strong>Et</strong></span> <span class='ocrx_word' id='word_1_18' title='bbox 2549 541 2855 591; x_wconf 86' lang='lat' dir='ltr'><strong>sanctorum</strong></span> <span class='ocrx_word' id='word_1_19' title='bbox 2890 534 3110 606; x_wconf 85' lang='lat' dir='ltr'><strong>quidem</strong></span> <span class='ocrx_word' id='word_1_20' title='bbox 3174 534 3460 595; x_wconf 75' lang='lat' dir='ltr'><strong>facultates</strong></span> 
     </span>
    </p>
   </div>
   <div class='ocr_carea' id='block_1_6' title="bbox 181 621 1789 698">
    <p class='ocr_par' dir='ltr' id='par_1_6' title="bbox 181 621 1789 698">
     <span class='ocr_line' id='line_1_6' title="bbox 181 621 1789 698; baseline 0.004 -27"><span class='ocrx_word' id='word_1_21' title='bbox 181 621 293 672; x_wconf 81' lang='grc' dir='ltr'>τῶν</span> <span class='ocrx_word' id='word_1_22' title='bbox 323 621 510 688; x_wconf 79' lang='grc' dir='ltr'>ἁγίων</span> <span class='ocrx_word' id='word_1_23' title='bbox 540 625 628 686; x_wconf 85' lang='grc' dir='ltr'><strong>είς</strong></span> <span class='ocrx_word' id='word_1_24' title='bbox 657 624 970 693; x_wconf 74' lang='grc' dir='ltr'>διαρπαγὴν</span> <span class='ocrx_word' id='word_1_25' title='bbox 1001 627 1113 689; x_wconf 83' lang='grc' dir='ltr'>τοῖς</span> <span class='ocrx_word' id='word_1_26' title='bbox 1144 628 1590 698; x_wconf 80' lang='grc' dir='ltr'>κατηγορήσασιν</span> <span class='ocrx_word' id='word_1_27' title='bbox 1618 626 1789 690; x_wconf 71' lang='grc' dir='ltr'>ίξεδί-</span> 
     </span>
    </p>
   </div>
   <div class='ocr_carea' id='block_1_7' title="bbox 182 712 1785 787">
    <p class='ocr_par' dir='ltr' id='par_1_7' title="bbox 182 712 1785 787">
     <span class='ocr_line' id='line_1_7' title="bbox 182 712 1785 787; baseline 0.004 -24"><span class='ocrx_word' id='word_1_28' title='bbox 182 712 302 775; x_wconf 85' lang='grc' dir='ltr'>δου,</span> <span class='ocrx_word' id='word_1_29' title='bbox 348 714 607 783; x_wconf 76' lang='grc' dir='ltr'>πρᾶγμα</span> <span class='ocrx_word' id='word_1_30' title='bbox 638 714 705 767; x_wconf 80' lang='grc' dir='ltr'>τὸ</span> <span class='ocrx_word' id='word_1_31' title='bbox 750 714 869 768; x_wconf 92' lang='grc' dir='ltr'>λίαν</span> <span class='ocrx_word' id='word_1_32' title='bbox 891 714 982 767; x_wconf 76' lang='grc' dir='ltr'><strong>ὑπ’</strong></span> <span class='ocrx_word' id='word_1_33' title='bbox 1008 716 1233 769; x_wconf 75' lang='grc' dir='ltr'>ἐκείνων</span> <span class='ocrx_word' id='word_1_34' title='bbox 1265 716 1785 787; x_wconf 82' lang='grc' dir='ltr'>περιφρονούμενον,</span> 
     </span>
    </p>
   </div>
   <div class='ocr_carea' id='block_1_8' title="bbox 182 803 1789 876">
    <p class='ocr_par' dir='ltr' id='par_1_8' title="bbox 182 803 1789 876">
     <span class='ocr_line' id='line_1_8' title="bbox 182 803 1789 876; baseline 0.004 -22"><span class='ocrx_word' id='word_1_35' title='bbox 182 805 293 865; x_wconf 88' lang='grc' dir='ltr'>τοῖς</span> <span class='ocrx_word' id='word_1_36' title='bbox 318 803 474 857; x_wconf 79' lang='grc' dir='ltr'>πάνυ</span> <span class='ocrx_word' id='word_1_37' title='bbox 512 806 665 875; x_wconf 78' lang='grc' dir='ltr'>μέγα</span> <span class='ocrx_word' id='word_1_38' title='bbox 694 806 850 859; x_wconf 73' lang='grc' dir='ltr'>τοῦτο</span> <span class='ocrx_word' id='word_1_39' title='bbox 876 804 1278 876; x_wconf 70' lang='grc' dir='ltr'><strong>λογιζομένοις*</strong></span> <span class='ocrx_word' id='word_1_40' title='bbox 1310 810 1506 871; x_wconf 72' lang='grc' dir='ltr'>αὐτοὺς</span> <span class='ocrx_word' id='word_1_41' title='bbox 1526 810 1581 862; x_wconf 83' lang='grc' dir='ltr'>δὲ</span> <span class='ocrx_word' id='word_1_42' title='bbox 1605 810 1789 862; x_wconf 76' lang='grc' dir='ltr'>ἵππων</span> 
     </span>
    </p>
   </div>
   <div class='ocr_carea' id='block_1_9' title="bbox 180 898 1787 975">
    <p class='ocr_par' dir='ltr' id='par_1_9' title="bbox 180 898 1787 975">
     <span class='ocr_line' id='line_1_9' title="bbox 180 898 1787 975; baseline 0.006 -26"><span class='ocrx_word' id='word_1_43' title='bbox 180 898 347 950; x_wconf 80' lang='grc' dir='ltr'>τινῶν</span> <span class='ocrx_word' id='word_1_44' title='bbox 411 901 641 969; x_wconf 75' lang='grc' dir='ltr'>ἀγρίων</span> <span class='ocrx_word' id='word_1_45' title='bbox 689 901 1057 964; x_wconf 81' lang='grc' dir='ltr'>άποδεθέντας</span> <span class='ocrx_word' id='word_1_46' title='bbox 1112 903 1365 956; x_wconf 82' lang='grc' dir='ltr'>ἐκέλευεν</span> <span class='ocrx_word' id='word_1_47' title='bbox 1387 906 1468 957; x_wconf 84' lang='grc' dir='ltr'>ὅτι</span> <span class='ocrx_word' id='word_1_48' title='bbox 1505 906 1667 975; x_wconf 84' lang='grc' dir='ltr'>τάχος</span> <span class='ocrx_word' id='word_1_49' title='bbox 1693 905 1787 958; x_wconf 77' lang='grc' dir='ltr'>ἐπὶ</span> 
     </span>
    </p>
   </div>
   <div class='ocr_carea' id='block_1_10' title="bbox 183 987 1786 1062">
    <p class='ocr_par' dir='ltr' id='par_1_10' title="bbox 183 987 1786 1062">
     <span class='ocr_line' id='line_1_10' title="bbox 183 987 1786 1062; baseline 0.007 -24"><span class='ocrx_word' id='word_1_50' title='bbox 183 987 278 1052; x_wconf 75' lang='grc' dir='ltr'><strong>τὰς</strong></span> <span class='ocrx_word' id='word_1_51' title='bbox 322 990 568 1058; x_wconf 72' lang='grc' dir='ltr'>Σάρδεις</span> <span class='ocrx_word' id='word_1_52' title='bbox 628 993 975 1045; x_wconf 76' lang='grc' dir='ltr'>ἐλαύνεσθαι.</span> <span class='ocrx_word' id='word_1_53' title='bbox 1020 993 1131 1055; x_wconf 79' lang='grc' dir='ltr'>Τάς</span> <span class='ocrx_word' id='word_1_54' title='bbox 1167 994 1268 1062; x_wconf 79' lang='grc' dir='ltr'>μὲν</span> <span class='ocrx_word' id='word_1_55' title='bbox 1321 990 1414 1047; x_wconf 78' lang='grc' dir='ltr'>οὖν</span> <span class='ocrx_word' id='word_1_56' title='bbox 1445 996 1647 1059; x_wconf 83' lang='grc' dir='ltr'>ἵππους</span> <span class='ocrx_word' id='word_1_57' title='bbox 1677 997 1786 1049; x_wconf 84' lang='grc' dir='ltr'><strong>άπδ</strong></span> 
     </span>
    </p>
   </div>
   <div class='ocr_carea' id='block_1_11' title="bbox 180 1080 1785 1159">
    <p class='ocr_par' dir='ltr' id='par_1_11' title="bbox 180 1080 1785 1159">
     <span class='ocr_line' id='line_1_11' title="bbox 180 1080 1785 1159; baseline 0.006 -28"><span class='ocrx_word' id='word_1_58' title='bbox 180 1080 517 1151; x_wconf 74' lang='grc' dir='ltr'>θυατείρων</span> <span class='ocrx_word' id='word_1_59' title='bbox 545 1084 767 1151; x_wconf 78' lang='grc' dir='ltr'>τρέχειν</span> <span class='ocrx_word' id='word_1_60' title='bbox 794 1083 1127 1153; x_wconf 76' lang='grc' dir='ltr'><strong>ἀρξαμένοις,</strong></span> <span class='ocrx_word' id='word_1_61' title='bbox 1152 1084 1391 1156; x_wconf 80' lang='grc' dir='ltr'>ἑσπέρας</span> <span class='ocrx_word' id='word_1_62' title='bbox 1414 1088 1514 1159; x_wconf 71' lang='grc' dir='ltr'>ἤδη</span> <span class='ocrx_word' id='word_1_63' title='bbox 1544 1088 1785 1141; x_wconf 84' lang='grc' dir='ltr'>καταλα-</span> 
     </span>
    </p>
   </div>
   <div class='ocr_carea' id='block_1_12' title="bbox 182 1172 1786 1246">
    <p class='ocr_par' dir='ltr' id='par_1_12' title="bbox 182 1172 1786 1246">
     <span class='ocr_line' id='line_1_12' title="bbox 182 1172 1786 1246; baseline 0.006 -22"><span class='ocrx_word' id='word_1_64' title='bbox 182 1172 414 1243; x_wconf 72' lang='grc' dir='ltr'>ϐούσης,</span> <span class='ocrx_word' id='word_1_65' title='bbox 448 1175 509 1225; x_wconf 79' lang='grc' dir='ltr'>αἱ</span> <span class='ocrx_word' id='word_1_66' title='bbox 541 1175 770 1245; x_wconf 72' lang='grc' dir='ltr'>Σάρδεις</span> <span class='ocrx_word' id='word_1_67' title='bbox 791 1175 940 1243; x_wconf 83' lang='grc' dir='ltr'>μόλις</span> <span class='ocrx_word' id='word_1_68' title='bbox 964 1174 1057 1227; x_wconf 74' lang='grc' dir='ltr'><strong>τοῦ</strong></span> <span class='ocrx_word' id='word_1_69' title='bbox 1091 1175 1294 1246; x_wconf 78' lang='grc' dir='ltr'>δρόμου</span> <span class='ocrx_word' id='word_1_70' title='bbox 1322 1179 1619 1233; x_wconf 76' lang='grc' dir='ltr'>παύουσινο</span> <span class='ocrx_word' id='word_1_71' title='bbox 1649 1179 1786 1233; x_wconf 80' lang='grc' dir='ltr'>ἀλλὰ</span> 
     </span>
    </p>
   </div>
   <div class='ocr_carea' id='block_1_13' title="bbox 182 1265 1785 1345">
    <p class='ocr_par' dir='ltr' id='par_1_13' title="bbox 182 1265 1785 1345">
     <span class='ocr_line' id='line_1_13' title="bbox 182 1265 1785 1345; baseline 0.004 -26"><span class='ocrx_word' id='word_1_72' title='bbox 182 1268 294 1327; x_wconf 86' lang='grc' dir='ltr'>τοῖς</span> <span class='ocrx_word' id='word_1_73' title='bbox 333 1265 615 1333; x_wconf 78' lang='grc' dir='ltr'>μάρτυσι,</span> <span class='ocrx_word' id='word_1_74' title='bbox 660 1266 761 1319; x_wconf 75' lang='grc' dir='ltr'>κᾶν</span> <span class='ocrx_word' id='word_1_75' title='bbox 790 1269 851 1335; x_wconf 78' lang='grc' dir='ltr'><strong>τῇ</strong></span> <span class='ocrx_word' id='word_1_76' title='bbox 904 1269 1077 1337; x_wconf 78' lang='grc' dir='ltr'>πικρᾷ</span> <span class='ocrx_word' id='word_1_77' title='bbox 1120 1267 1294 1338; x_wconf 79' lang='grc' dir='ltr'>ταύτῃ</span> <span class='ocrx_word' id='word_1_78' title='bbox 1326 1270 1568 1345; x_wconf 76' lang='grc' dir='ltr'>τιμωρίᾳ</span> <span class='ocrx_word' id='word_1_79' title='bbox 1595 1272 1785 1340; x_wconf 86' lang='grc' dir='ltr'>διημε-</span> 
     </span>
    </p>
   </div>
   <div class='ocr_carea' id='block_1_14' title="bbox 184 1356 1785 1431">
    <p class='ocr_par' dir='ltr' id='par_1_14' title="bbox 184 1356 1785 1431">
     <span class='ocr_line' id='line_1_14' title="bbox 184 1356 1785 1431; baseline 0.005 -25"><span class='ocrx_word' id='word_1_80' title='bbox 184 1356 486 1423; x_wconf 75' lang='grc' dir='ltr'>ρεῦσασιν,</span> <span class='ocrx_word' id='word_1_81' title='bbox 540 1359 696 1425; x_wconf 76' lang='grc' dir='ltr'>ὅμως</span> <span class='ocrx_word' id='word_1_82' title='bbox 756 1357 874 1410; x_wconf 71' lang='grc' dir='ltr'><strong>οὑδέ</strong></span> <span class='ocrx_word' id='word_1_83' title='bbox 922 1359 955 1427; x_wconf 76' lang='grc' dir='ltr'><strong>ἡ</strong></span> <span class='ocrx_word' id='word_1_84' title='bbox 1001 1357 1096 1423; x_wconf 79' lang='grc' dir='ltr'><strong>νὺξ</strong></span> <span class='ocrx_word' id='word_1_85' title='bbox 1139 1358 1383 1427; x_wconf 81' lang='grc' dir='ltr'>ἄμοχθος</span> <span class='ocrx_word' id='word_1_86' title='bbox 1426 1356 1514 1431; x_wconf 82' lang='grc' dir='ltr'>ἦν,</span> <span class='ocrx_word' id='word_1_87' title='bbox 1563 1362 1677 1413; x_wconf 84' lang='grc' dir='ltr'>ἀλλ’</span> <span class='ocrx_word' id='word_1_88' title='bbox 1705 1364 1785 1424; x_wconf 87' lang='grc' dir='ltr'><strong>είς</strong></span> 
     </span>
    </p>
   </div>
   <div class='ocr_carea' id='block_1_15' title="bbox 181 1448 1783 1519">
    <p class='ocr_par' dir='ltr' id='par_1_15' title="bbox 181 1448 1783 1519">
     <span class='ocr_line' id='line_1_15' title="bbox 181 1448 1783 1519; baseline 0.005 -18"><span class='ocrx_word' id='word_1_89' title='bbox 181 1450 395 1514; x_wconf 72' lang='grc' dir='ltr'>ὕμνους</span> <span class='ocrx_word' id='word_1_90' title='bbox 435 1448 629 1511; x_wconf 78' lang='grc' dir='ltr'>θείους</span> <span class='ocrx_word' id='word_1_91' title='bbox 660 1449 719 1501; x_wconf 74' lang='grc' dir='ltr'>τὸ</span> <span class='ocrx_word' id='word_1_92' title='bbox 752 1449 1001 1503; x_wconf 88' lang='grc' dir='ltr'>πλεῖστον</span> <span class='ocrx_word' id='word_1_93' title='bbox 1046 1450 1220 1518; x_wconf 74' lang='grc' dir='ltr'>αὐτῆς</span> <span class='ocrx_word' id='word_1_94' title='bbox 1259 1452 1425 1519; x_wconf 78' lang='grc' dir='ltr'>μέρος</span> <span class='ocrx_word' id='word_1_95' title='bbox 1457 1453 1783 1509; x_wconf 76' lang='grc' dir='ltr'><strong>ἐδαπανᾶτο.</strong></span> 
     </span>
    </p>
   </div>
   <div class='ocr_carea' id='block_1_16' title="bbox 181 1538 1786 1611">
    <p class='ocr_par' dir='ltr' id='par_1_16' title="bbox 181 1538 1786 1611">
     <span class='ocr_line' id='line_1_16' title="bbox 181 1538 1786 1611; baseline 0.004 -22"><span class='ocrx_word' id='word_1_96' title='bbox 181 1538 242 1589; x_wconf 80' lang='grc' dir='ltr'>Εἰ</span> <span class='ocrx_word' id='word_1_97' title='bbox 274 1538 332 1589; x_wconf 82' lang='grc' dir='ltr'><em>δέ</em></span> <span class='ocrx_word' id='word_1_98' title='bbox 369 1556 482 1590; x_wconf 86' lang='grc' dir='ltr'><strong>που</strong></span> <span class='ocrx_word' id='word_1_99' title='bbox 518 1538 699 1608; x_wconf 78' lang='grc' dir='ltr'>βραχὺ</span> <span class='ocrx_word' id='word_1_100' title='bbox 733 1540 825 1590; x_wconf 75' lang='grc' dir='ltr'>καὶ</span> <span class='ocrx_word' id='word_1_101' title='bbox 851 1538 1020 1591; x_wconf 75' lang='grc' dir='ltr'>ὕπνου</span> <span class='ocrx_word' id='word_1_102' title='bbox 1082 1540 1397 1611; x_wconf 75' lang='grc' dir='ltr'>μετέλαϐον,</span> <span class='ocrx_word' id='word_1_103' title='bbox 1438 1543 1658 1609; x_wconf 78' lang='grc' dir='ltr'>ἄγγελοι</span> <span class='ocrx_word' id='word_1_104' title='bbox 1683 1544 1786 1595; x_wconf 82' lang='grc' dir='ltr'><strong>αὒ-</strong></span> 
     </span>
    </p>
   </div>
   <div class='ocr_carea' id='block_1_17' title="bbox 180 1630 1785 1700">
    <p class='ocr_par' dir='ltr' id='par_1_17' title="bbox 180 1630 1785 1700">
     <span class='ocr_line' id='line_1_17' title="bbox 180 1630 1785 1700; baseline 0.004 -20"><span class='ocrx_word' id='word_1_105' title='bbox 180 1631 293 1692; x_wconf 86' lang='grc' dir='ltr'>τοῖς</span> <span class='ocrx_word' id='word_1_106' title='bbox 334 1630 711 1698; x_wconf 74' lang='grc' dir='ltr'>ἐφιστάμενοι</span> <span class='ocrx_word' id='word_1_107' title='bbox 749 1630 1125 1700; x_wconf 74' lang='grc' dir='ltr'>πεπονηκότας</span> <span class='ocrx_word' id='word_1_108' title='bbox 1164 1649 1221 1683; x_wconf 89' lang='grc' dir='ltr'><strong>τε</strong></span> <span class='ocrx_word' id='word_1_109' title='bbox 1268 1632 1651 1699; x_wconf 78' lang='grc' dir='ltr'>ἀνελάμϐανον</span> <span class='ocrx_word' id='word_1_110' title='bbox 1690 1636 1785 1687; x_wconf 79' lang='grc' dir='ltr'><strong>καὶ</strong></span> 
     </span>
    </p>
   </div>
   <div class='ocr_carea' id='block_1_18' title="bbox 180 1721 1783 1797">
    <p class='ocr_par' dir='ltr' id='par_1_18' title="bbox 180 1721 1783 1797">
     <span class='ocr_line' id='line_1_18' title="bbox 180 1721 1783 1797; baseline 0.004 -26"><span class='ocrx_word' id='word_1_111' title='bbox 180 1724 312 1790; x_wconf 69' lang='grc' dir='ltr'>περὶ</span> <span class='ocrx_word' id='word_1_112' title='bbox 376 1723 489 1784; x_wconf 70' lang='grc' dir='ltr'><strong>τὰς</strong></span> <span class='ocrx_word' id='word_1_113' title='bbox 551 1723 849 1791; x_wconf 74' lang='grc' dir='ltr'>μελλούσας</span> <span class='ocrx_word' id='word_1_114' title='bbox 899 1722 979 1774; x_wconf 79' lang='grc' dir='ltr'>ἔτι</span> <span class='ocrx_word' id='word_1_115' title='bbox 1012 1721 1279 1791; x_wconf 80' lang='grc' dir='ltr'>βασάνους</span> <span class='ocrx_word' id='word_1_116' title='bbox 1331 1724 1783 1797; x_wconf 73' lang='grc' dir='ltr'>προθυμοτέρους</span> 
     </span>
    </p>
   </div>
   <div class='ocr_carea' id='block_1_19' title="bbox 178 1812 1783 1886">
    <p class='ocr_par' dir='ltr' id='par_1_19' title="bbox 178 1812 1783 1886">
     <span class='ocr_line' id='line_1_19' title="bbox 178 1812 1783 1886; baseline 0.004 -23"><span class='ocrx_word' id='word_1_117' title='bbox 178 1813 434 1866; x_wconf 74' lang='grc' dir='ltr'>ἐποίουν.</span> <span class='ocrx_word' id='word_1_118' title='bbox 478 1814 560 1882; x_wconf 69' lang='grc' dir='ltr'>Τῇ</span> <span class='ocrx_word' id='word_1_119' title='bbox 594 1813 652 1865; x_wconf 83' lang='grc' dir='ltr'>δὲ</span> <span class='ocrx_word' id='word_1_120' title='bbox 685 1814 947 1883; x_wconf 69' lang='grc' dir='ltr'>ὑστεραία</span> <span class='ocrx_word' id='word_1_121' title='bbox 986 1812 1145 1867; x_wconf 76' lang='grc' dir='ltr'>τοῦτο</span> <span class='ocrx_word' id='word_1_122' title='bbox 1179 1814 1275 1884; x_wconf 81' lang='grc' dir='ltr'>μὲν</span> <span class='ocrx_word' id='word_1_123' title='bbox 1314 1814 1593 1886; x_wconf 73' lang='grc' dir='ltr'>ἀλλήλοις,</span> <span class='ocrx_word' id='word_1_124' title='bbox 1623 1817 1783 1870; x_wconf 81' lang='grc' dir='ltr'>τοῦτο</span> 
     </span>
    </p>
   </div>
   <div class='ocr_carea' id='block_1_20' title="bbox 177 1904 1781 1978">
    <p class='ocr_par' dir='ltr' id='par_1_20' title="bbox 177 1904 1781 1978">
     <span class='ocr_line' id='line_1_20' title="bbox 177 1904 1781 1978; baseline 0.004 -20"><span class='ocrx_word' id='word_1_125' title='bbox 177 1904 233 1958; x_wconf 82' lang='grc' dir='ltr'><strong>δέ</strong></span> <span class='ocrx_word' id='word_1_126' title='bbox 256 1904 353 1957; x_wconf 66' lang='grc' dir='ltr'>καὶ</span> <span class='ocrx_word' id='word_1_127' title='bbox 390 1907 515 1967; x_wconf 84' lang='grc' dir='ltr'>τοῖς</span> <span class='ocrx_word' id='word_1_128' title='bbox 551 1904 786 1975; x_wconf 79' lang='grc' dir='ltr'>παροῦσι</span> <span class='ocrx_word' id='word_1_129' title='bbox 820 1905 915 1969; x_wconf 78' lang='grc' dir='ltr'>τὴν</span> <span class='ocrx_word' id='word_1_130' title='bbox 946 1907 1097 1958; x_wconf 78' lang='grc' dir='ltr'>θείαν</span> <span class='ocrx_word' id='word_1_131' title='bbox 1130 1906 1347 1978; x_wconf 84' lang='grc' dir='ltr'>ἐκείνην</span> <span class='ocrx_word' id='word_1_132' title='bbox 1379 1908 1706 1963; x_wconf 74' lang='grc' dir='ltr'>ἐπιστασίαν</span> <span class='ocrx_word' id='word_1_133' title='bbox 1732 1912 1781 1964; x_wconf 81' lang='grc' dir='ltr'><strong>οί</strong></span> 
     </span>
    </p>
   </div>
   <div class='ocr_carea' id='block_1_21' title="bbox 178 1995 1782 2069">
    <p class='ocr_par' dir='ltr' id='par_1_21' title="bbox 178 1995 1782 2069">
     <span class='ocr_line' id='line_1_21' title="bbox 178 1995 1782 2069; baseline 0.004 -20"><span class='ocrx_word' id='word_1_134' title='bbox 178 1996 329 2063; x_wconf 67' lang='grc' dir='ltr'>ἅγιοι</span> <span class='ocrx_word' id='word_1_135' title='bbox 360 1995 693 2066; x_wconf 74' lang='grc' dir='ltr'>διηγοῦντο,</span> <span class='ocrx_word' id='word_1_136' title='bbox 741 1998 834 2049; x_wconf 71' lang='grc' dir='ltr'>καὶ</span> <span class='ocrx_word' id='word_1_137' title='bbox 870 1998 997 2049; x_wconf 79' lang='grc' dir='ltr'>πότε</span> <span class='ocrx_word' id='word_1_138' title='bbox 1040 1998 1335 2068; x_wconf 68' lang='grc' dir='ltr'>Οὐαλέριος</span> <span class='ocrx_word' id='word_1_139' title='bbox 1372 2000 1495 2069; x_wconf 77' lang='grc' dir='ltr'>ἥξει</span> <span class='ocrx_word' id='word_1_140' title='bbox 1522 2001 1782 2066; x_wconf 80' lang='grc' dir='ltr'>ἐπανεξε-</span> 
     </span>
    </p>
   </div>
   <div class='ocr_carea' id='block_1_22' title="bbox 176 2086 1781 2162">
    <p class='ocr_par' dir='ltr' id='par_1_22' title="bbox 176 2086 1781 2162">
     <span class='ocr_line' id='line_1_22' title="bbox 176 2086 1781 2162; baseline 0.006 -25"><span class='ocrx_word' id='word_1_141' title='bbox 176 2086 609 2147; x_wconf 72' lang='grc' dir='ltr'>τάσωναῦτοὺς</span> <span class='ocrx_word' id='word_1_142' title='bbox 668 2086 1013 2156; x_wconf 80' lang='grc' dir='ltr'>περιέμενον,</span> <span class='ocrx_word' id='word_1_143' title='bbox 1069 2086 1260 2158; x_wconf 79' lang='grc' dir='ltr'>ὥσπερ</span> <span class='ocrx_word' id='word_1_144' title='bbox 1319 2090 1470 2152; x_wconf 82' lang='grc' dir='ltr'>τινὲς</span> <span class='ocrx_word' id='word_1_145' title='bbox 1498 2092 1781 2162; x_wconf 75' lang='grc' dir='ltr'>ἀξιόμαχοι</span> 
     </span>
    </p>
   </div>
   <div class='ocr_carea' id='block_1_23' title="bbox 181 2174 1783 2251">
    <p class='ocr_par' dir='ltr' id='par_1_23' title="bbox 181 2174 1783 2251">
     <span class='ocr_line' id='line_1_23' title="bbox 181 2174 1783 2251; baseline 0.006 -24"><span class='ocrx_word' id='word_1_146' title='bbox 181 2175 538 2244; x_wconf 82' lang='grc' dir='ltr'>στρατιῶται</span> <span class='ocrx_word' id='word_1_147' title='bbox 568 2174 795 2244; x_wconf 82' lang='grc' dir='ltr'>άγὼνων</span> <span class='ocrx_word' id='word_1_148' title='bbox 823 2175 1218 2247; x_wconf 76' lang='grc' dir='ltr'>ἐπιθυμοῦντες</span> <span class='ocrx_word' id='word_1_149' title='bbox 1244 2178 1335 2230; x_wconf 70' lang='grc' dir='ltr'>καὶ</span> <span class='ocrx_word' id='word_1_150' title='bbox 1361 2178 1500 2250; x_wconf 72' lang='grc' dir='ltr'>πρὸς</span> <span class='ocrx_word' id='word_1_151' title='bbox 1528 2182 1619 2233; x_wconf 72' lang='grc' dir='ltr'><strong>τὸν</strong></span> <span class='ocrx_word' id='word_1_152' title='bbox 1643 2184 1783 2251; x_wconf 85' lang='grc' dir='ltr'>μετὰ</span> 
     </span>
    </p>
   </div>
   <div class='ocr_carea' id='block_1_24' title="bbox 176 2268 1777 2343">
    <p class='ocr_par' dir='ltr' id='par_1_24' title="bbox 176 2268 1777 2343">
     <span class='ocr_line' id='line_1_24' title="bbox 176 2268 1777 2343; baseline 0.007 -23"><span class='ocrx_word' id='word_1_153' title='bbox 176 2268 340 2337; x_wconf 71' lang='grc' dir='ltr'>δόξης</span> <span class='ocrx_word' id='word_1_154' title='bbox 392 2270 637 2323; x_wconf 78' lang='grc' dir='ltr'>θάνατον</span> <span class='ocrx_word' id='word_1_155' title='bbox 666 2270 931 2340; x_wconf 71' lang='grc' dir='ltr'>εΰτολμόν</span> <span class='ocrx_word' id='word_1_156' title='bbox 972 2289 1025 2324; x_wconf 91' lang='grc' dir='ltr'><strong>τι</strong></span> <span class='ocrx_word' id='word_1_157' title='bbox 1070 2272 1166 2325; x_wconf 71' lang='grc' dir='ltr'><strong>καὶ</strong></span> <span class='ocrx_word' id='word_1_158' title='bbox 1208 2272 1431 2341; x_wconf 74' lang='grc' dir='ltr'>εὐγενὲς</span> <span class='ocrx_word' id='word_1_159' title='bbox 1467 2273 1777 2343; x_wconf 83' lang='grc' dir='ltr'>βλέποντες.</span> 
     </span>
    </p>
   </div>
   <div class='ocr_carea' id='block_1_25' title="bbox 190 2354 1780 2432">
    <p class='ocr_par' dir='ltr' id='par_1_25' title="bbox 190 2354 1780 2432">
     <span class='ocr_line' id='line_1_25' title="bbox 190 2354 1780 2432; baseline 0.008 -27"><span class='ocrx_word' id='word_1_160' title='bbox 190 2354 449 2417; x_wconf 79' lang='grc' dir='ltr'>Ἐκεῖνος</span> <span class='ocrx_word' id='word_1_161' title='bbox 481 2355 540 2408; x_wconf 77' lang='grc' dir='ltr'>δὲ</span> <span class='ocrx_word' id='word_1_162' title='bbox 576 2357 677 2418; x_wconf 79' lang='grc' dir='ltr'><strong>τάς</strong></span> <span class='ocrx_word' id='word_1_163' title='bbox 732 2358 955 2428; x_wconf 79' lang='grc' dir='ltr'>Σάρδεις</span> <span class='ocrx_word' id='word_1_164' title='bbox 993 2359 1341 2425; x_wconf 79' lang='grc' dir='ltr'>καταλαϐὼν,</span> <span class='ocrx_word' id='word_1_165' title='bbox 1395 2362 1471 2425; x_wconf 82' lang='grc' dir='ltr'>ὡς</span> <span class='ocrx_word' id='word_1_166' title='bbox 1495 2364 1554 2417; x_wconf 77' lang='grc' dir='ltr'>τὸ</span> <span class='ocrx_word' id='word_1_167' title='bbox 1585 2364 1700 2432; x_wconf 84' lang='grc' dir='ltr'>νῦν,</span> <span class='ocrx_word' id='word_1_168' title='bbox 1731 2366 1780 2419; x_wconf 88' lang='grc' dir='ltr'><strong>εί</strong></span> 
     </span>
    </p>
   </div>
   <div class='ocr_carea' id='block_1_26' title="bbox 179 2446 1775 2524">
    <p class='ocr_par' dir='ltr' id='par_1_26' title="bbox 179 2446 1775 2524">
     <span class='ocr_line' id='line_1_26' title="bbox 179 2446 1775 2524; baseline 0.007 -25"><span class='ocrx_word' id='word_1_169' title='bbox 179 2446 275 2499; x_wconf 69' lang='grc' dir='ltr'>καὶ</span> <span class='ocrx_word' id='word_1_170' title='bbox 310 2448 391 2516; x_wconf 84' lang='grc' dir='ltr'>μὴ</span> <span class='ocrx_word' id='word_1_171' title='bbox 445 2448 748 2518; x_wconf 84' lang='grc' dir='ltr'>πρότερον,</span> <span class='ocrx_word' id='word_1_172' title='bbox 780 2449 1222 2522; x_wconf 79' lang='grc' dir='ltr'>εὐπειθεστέροις</span> <span class='ocrx_word' id='word_1_173' title='bbox 1252 2454 1369 2517; x_wconf 83' lang='grc' dir='ltr'>τοῖς</span> <span class='ocrx_word' id='word_1_174' title='bbox 1409 2455 1645 2524; x_wconf 81' lang='grc' dir='ltr'>μάρτυσι</span> <span class='ocrx_word' id='word_1_175' title='bbox 1682 2456 1775 2512; x_wconf 76' lang='grc' dir='ltr'><strong>καὶ</strong></span> 
     </span>
    </p>
   </div>
   <div class='ocr_carea' id='block_1_27' title="bbox 179 2532 1780 2617">
    <p class='ocr_par' dir='ltr' id='par_1_27' title="bbox 179 2532 1780 2617">
     <span class='ocr_line' id='line_1_27' title="bbox 179 2532 1780 2617; baseline 0.01 -34"><span class='ocrx_word' id='word_1_176' title='bbox 179 2532 551 2603; x_wconf 74' lang='grc' dir='ltr'>εὐχειρώτοις</span> <span class='ocrx_word' id='word_1_177' title='bbox 574 2536 676 2605; x_wconf 72' lang='grc' dir='ltr'>ήδη</span> <span class='ocrx_word' id='word_1_178' title='bbox 711 2538 1028 2606; x_wconf 81' lang='grc' dir='ltr'>γενομένοις</span> <span class='ocrx_word' id='word_1_179' title='bbox 1064 2544 1402 2610; x_wconf 84' lang='grc' dir='ltr'>περιτυχεῖν,</span> <span class='ocrx_word' id='word_1_180' title='bbox 1434 2544 1502 2597; x_wconf 74' lang='grc' dir='ltr'><strong>τὰ</strong></span> <span class='ocrx_word' id='word_1_181' title='bbox 1537 2545 1636 2614; x_wconf 81' lang='grc' dir='ltr'>μὲν</span> <span class='ocrx_word' id='word_1_182' title='bbox 1669 2546 1780 2617; x_wconf 80' lang='grc' dir='ltr'>γὰρ</span> 
     </span>
    </p>
   </div>
   <div class='ocr_carea' id='block_1_28' title="bbox 178 2620 1778 2708">
    <p class='ocr_par' dir='ltr' id='par_1_28' title="bbox 178 2620 1778 2708">
     <span class='ocr_line' id='line_1_28' title="bbox 178 2620 1778 2708; baseline 0.013 -37"><span class='ocrx_word' id='word_1_183' title='bbox 178 2621 280 2690; x_wconf 85' lang='grc' dir='ltr'>τῆς</span> <span class='ocrx_word' id='word_1_184' title='bbox 310 2624 604 2690; x_wconf 74' lang='grc' dir='ltr'>τιμωρίας</span> <span class='ocrx_word' id='word_1_185' title='bbox 640 2625 905 2692; x_wconf 73' lang='grc' dir='ltr'>ἐγίνωσκε</span> <span class='ocrx_word' id='word_1_186' title='bbox 943 2628 1125 2697; x_wconf 75' lang='grc' dir='ltr'>μόνον,</span> <span class='ocrx_word' id='word_1_187' title='bbox 1164 2629 1234 2682; x_wconf 69' lang='grc' dir='ltr'><strong>τὰ</strong></span> <span class='ocrx_word' id='word_1_188' title='bbox 1263 2620 1450 2702; x_wconf 74' lang='grc' dir='ltr'>δὲ’τῆς</span> <span class='ocrx_word' id='word_1_189' title='bbox 1483 2636 1778 2708; x_wconf 84' lang='grc' dir='ltr'>παρακλή-</span> 
     </span>
    </p>
   </div>
   <div class='ocr_carea' id='block_1_29' title="bbox 181 2712 1780 2795">
    <p class='ocr_par' dir='ltr' id='par_1_29' title="bbox 181 2712 1780 2795">
     <span class='ocr_line' id='line_1_29' title="bbox 181 2712 1780 2795; baseline 0.013 -34"><span class='ocrx_word' id='word_1_190' title='bbox 181 2726 348 2775; x_wconf 86' lang='grc' dir='ltr'>σεως,</span> <span class='ocrx_word' id='word_1_191' title='bbox 417 2712 594 2764; x_wconf 62' lang='grc' dir='ltr'>πάθεν</span> <span class='ocrx_word' id='word_1_192' title='bbox 630 2715 662 2784; x_wconf 81' lang='grc' dir='ltr'><strong>ἡ</strong></span> <span class='ocrx_word' id='word_1_193' title='bbox 719 2714 929 2787; x_wconf 82' lang='grc' dir='ltr'>γεώδης</span> <span class='ocrx_word' id='word_1_194' title='bbox 966 2718 1149 2791; x_wconf 67' lang='grc' dir='ltr'>ἐκείνη</span> <span class='ocrx_word' id='word_1_195' title='bbox 1180 2720 1324 2792; x_wconf 80' lang='grc' dir='ltr'>ψυχὴ</span> <span class='ocrx_word' id='word_1_196' title='bbox 1350 2724 1443 2776; x_wconf 77' lang='grc' dir='ltr'>καὶ</span> <span class='ocrx_word' id='word_1_197' title='bbox 1473 2724 1597 2795; x_wconf 81' lang='grc' dir='ltr'>ξένη</span> <span class='ocrx_word' id='word_1_198' title='bbox 1626 2727 1780 2792; x_wconf 84' lang='grc' dir='ltr'>Θείας</span> 
     </span>
    </p>
   </div>
   <div class='ocr_carea' id='block_1_30' title="bbox 178 2804 1780 2890">
    <p class='ocr_par' dir='ltr' id='par_1_30' title="bbox 178 2804 1780 2890">
     <span class='ocr_line' id='line_1_30' title="bbox 178 2804 1780 2890; baseline 0.011 -36"><span class='ocrx_word' id='word_1_199' title='bbox 178 2804 520 2869; x_wconf 59' lang='grc' dir='ltr'>ἐπιφανείας</span> <span class='ocrx_word' id='word_1_200' title='bbox 547 2804 641 2857; x_wconf 82' lang='grc' dir='ltr'><strong>καὶ</strong></span> <span class='ocrx_word' id='word_1_201' title='bbox 670 2806 1009 2878; x_wconf 76' lang='grc' dir='ltr'>ἀγαθότητος</span> <span class='ocrx_word' id='word_1_202' title='bbox 1034 2827 1050 2877; x_wconf 89' lang='lat'><strong>;</strong></span> <span class='ocrx_word' id='word_1_203' title='bbox 1087 2812 1207 2863; x_wconf 78' lang='grc' dir='ltr'>ἐπεὶ</span> <span class='ocrx_word' id='word_1_204' title='bbox 1233 2813 1287 2865; x_wconf 82' lang='grc' dir='ltr'>δὲ</span> <span class='ocrx_word' id='word_1_205' title='bbox 1314 2813 1475 2867; x_wconf 84' lang='grc' dir='ltr'>πλέον</span> <span class='ocrx_word' id='word_1_206' title='bbox 1506 2816 1601 2868; x_wconf 84' lang='grc' dir='ltr'>νῦν</span> <span class='ocrx_word' id='word_1_207' title='bbox 1635 2819 1780 2890; x_wconf 70' lang='grc' dir='ltr'>ἥπερ</span> 
     </span>
    </p>
   </div>
   <div class='ocr_carea' id='block_1_31' title="bbox 178 2886 1777 2972">
    <p class='ocr_par' dir='ltr' id='par_1_31' title="bbox 178 2886 1777 2972">
     <span class='ocr_line' id='line_1_31' title="bbox 178 2886 1777 2972; baseline 0.014 -33"><span class='ocrx_word' id='word_1_208' title='bbox 178 2886 511 2959; x_wconf 71' lang='grc' dir='ltr'>ἔμπροσθεν</span> <span class='ocrx_word' id='word_1_209' title='bbox 544 2895 939 2964; x_wconf 82' lang='grc' dir='ltr'>χαριεστάτους</span> <span class='ocrx_word' id='word_1_210' title='bbox 966 2898 1065 2965; x_wconf 84' lang='grc' dir='ltr'>μὲν</span> <span class='ocrx_word' id='word_1_211' title='bbox 1092 2901 1191 2970; x_wconf 83' lang='grc' dir='ltr'>τὴν</span> <span class='ocrx_word' id='word_1_212' title='bbox 1215 2901 1359 2971; x_wconf 57' lang='grc' dir='ltr'>ὄψιν,</span> <span class='ocrx_word' id='word_1_213' title='bbox 1402 2886 1686 2972; x_wconf 81' lang='grc' dir='ltr'>εὐσταθεῖς</span> <span class='ocrx_word' id='word_1_214' title='bbox 1719 2886 1777 2962; x_wconf 61' lang='lat' dir='ltr'><strong>at</strong></span> 
     </span>
    </p>
   </div>
   <div class='ocr_carea' id='block_1_32' title="bbox 178 2972 1773 3066">
    <p class='ocr_par' dir='ltr' id='par_1_32' title="bbox 178 2972 1773 3066">
     <span class='ocr_line' id='line_1_32' title="bbox 178 2972 1773 3066; baseline 0.018 -42"><span class='ocrx_word' id='word_1_215' title='bbox 178 2972 238 3024; x_wconf 73' lang='grc' dir='ltr'><strong>τὸ</strong></span> <span class='ocrx_word' id='word_1_216' title='bbox 268 2978 549 3045; x_wconf 69' lang='grc' dir='ltr'>φρόνημα</span> <span class='ocrx_word' id='word_1_217' title='bbox 579 2981 677 3031; x_wconf 75' lang='grc' dir='ltr'>καὶ</span> <span class='ocrx_word' id='word_1_218' title='bbox 700 2981 1108 3048; x_wconf 85' lang='grc' dir='ltr'>άταπεινὼτους</span> <span class='ocrx_word' id='word_1_219' title='bbox 1132 2988 1234 3057; x_wconf 79' lang='grc' dir='ltr'>τὴν</span> <span class='ocrx_word' id='word_1_220' title='bbox 1264 2990 1445 3063; x_wconf 76' lang='grc' dir='ltr'>ψυχὴν</span> <span class='ocrx_word' id='word_1_221' title='bbox 1490 2994 1773 3066; x_wconf 86' lang='grc' dir='ltr'>ἐθεάσατο,</span> 
     </span>
    </p>
   </div>
   <div class='ocr_carea' id='block_1_33' title="bbox 178 3065 1776 3147">
    <p class='ocr_par' dir='ltr' id='par_1_33' title="bbox 178 3065 1776 3147">
     <span class='ocr_line' id='line_1_33' title="bbox 178 3065 1776 3147; baseline 0.019 -33"><span class='ocrx_word' id='word_1_222' title='bbox 178 3065 465 3131; x_wconf 69' lang='grc' dir='ltr'>ἀπογνοὺς</span> <span class='ocrx_word' id='word_1_223' title='bbox 495 3068 560 3119; x_wconf 79' lang='grc' dir='ltr'>τὸ</span> <span class='ocrx_word' id='word_1_224' title='bbox 579 3068 668 3120; x_wconf 75' lang='grc' dir='ltr'><strong>διά</strong></span> <span class='ocrx_word' id='word_1_225' title='bbox 704 3072 952 3137; x_wconf 82' lang='grc' dir='ltr'>βασάνων</span> <span class='ocrx_word' id='word_1_226' title='bbox 978 3076 1143 3138; x_wconf 83' lang='grc' dir='ltr'>ἐλεϊν,</span> <span class='ocrx_word' id='word_1_227' title='bbox 1194 3082 1460 3147; x_wconf 83' lang='grc' dir='ltr'>θωπείαις</span> <span class='ocrx_word' id='word_1_228' title='bbox 1490 3088 1652 3142; x_wconf 88' lang='grc' dir='ltr'>πάλιν</span> <span class='ocrx_word' id='word_1_229' title='bbox 1683 3065 1776 3145; x_wconf 56' lang='grc' dir='ltr'><strong>καλ</strong></span> 
     </span>
    </p>
   </div>
   <div class='ocr_carea' id='block_1_34' title="bbox 1891 626 3457 701">
    <p class='ocr_par' dir='ltr' id='par_1_34' title="bbox 1891 626 3457 701">
     <span class='ocr_line' id='line_1_34' title="bbox 1891 626 3457 701; baseline 0.003 -22"><span class='ocrx_word' id='word_1_230' title='bbox 1891 626 2035 680; x_wconf 77' lang='lat' dir='ltr'><strong>dedit</strong></span> <span class='ocrx_word' id='word_1_231' title='bbox 2095 626 2424 696; x_wconf 89' lang='lat' dir='ltr'><strong>diripiendas</strong></span> <span class='ocrx_word' id='word_1_232' title='bbox 2477 627 2549 681; x_wconf 82' lang='lat' dir='ltr'><strong>iis</strong></span> <span class='ocrx_word' id='word_1_233' title='bbox 2591 627 2683 696; x_wconf 89' lang='lat' dir='ltr'><strong>qui</strong></span> <span class='ocrx_word' id='word_1_234' title='bbox 2718 636 3133 693; x_wconf 80' lang='lat' dir='ltr'><strong>accusaverant,</strong></span> <span class='ocrx_word' id='word_1_235' title='bbox 3166 645 3300 693; x_wconf 82' lang='lat' dir='ltr'><strong>rem,</strong></span> <span class='ocrx_word' id='word_1_236' title='bbox 3337 646 3457 701; x_wconf 74' lang='lat' dir='ltr'><strong>qum</strong></span> 
     </span>
    </p>
   </div>
   <div class='ocr_carea' id='block_1_35' title="bbox 1891 716 3454 788">
    <p class='ocr_par' dir='ltr' id='par_1_35' title="bbox 1891 716 3454 788">
     <span class='ocr_line' id='line_1_35' title="bbox 1891 716 3454 788; baseline 0.003 -19"><span class='ocrx_word' id='word_1_237' title='bbox 1891 717 2043 771; x_wconf 83' lang='lat' dir='ltr'><strong>valde</strong></span> <span class='ocrx_word' id='word_1_238' title='bbox 2075 716 2291 787; x_wconf 83' lang='lat' dir='ltr'><strong>quidem</strong></span> <span class='ocrx_word' id='word_1_239' title='bbox 2340 719 2408 774; x_wconf 83' lang='lat' dir='ltr'><strong>ab</strong></span> <span class='ocrx_word' id='word_1_240' title='bbox 2435 716 2541 771; x_wconf 86' lang='lat' dir='ltr'><strong>illis</strong></span> <span class='ocrx_word' id='word_1_241' title='bbox 2578 717 2998 787; x_wconf 83' lang='lat' dir='ltr'><strong>despiciebatur,</strong></span> <span class='ocrx_word' id='word_1_242' title='bbox 3029 720 3245 788; x_wconf 82' lang='lat' dir='ltr'><strong>plurimi</strong></span> <span class='ocrx_word' id='word_1_243' title='bbox 3273 731 3454 774; x_wconf 84' lang='lat' dir='ltr'><strong>autem</strong></span> 
     </span>
    </p>
   </div>
   <div class='ocr_carea' id='block_1_36' title="bbox 1892 808 3455 880">
    <p class='ocr_par' dir='ltr' id='par_1_36' title="bbox 1892 808 3455 880">
     <span class='ocr_line' id='line_1_36' title="bbox 1892 808 3455 880; baseline 0.003 -20"><span class='ocrx_word' id='word_1_244' title='bbox 1892 808 2053 862; x_wconf 78' lang='lat' dir='ltr'><strong>fiebat</strong></span> <span class='ocrx_word' id='word_1_245' title='bbox 2086 809 2155 863; x_wconf 87' lang='lat' dir='ltr'><strong>ab</strong></span> <span class='ocrx_word' id='word_1_246' title='bbox 2192 808 2258 863; x_wconf 90' lang='lat' dir='ltr'><strong>iis</strong></span> <span class='ocrx_word' id='word_1_247' title='bbox 2299 809 2389 877; x_wconf 85' lang='lat' dir='ltr'><strong>qui</strong></span> <span class='ocrx_word' id='word_1_248' title='bbox 2446 809 2499 862; x_wconf 90' lang='lat' dir='ltr'><strong>id</strong></span> <span class='ocrx_word' id='word_1_249' title='bbox 2538 824 2789 879; x_wconf 84' lang='lat' dir='ltr'><strong>maguum</strong></span> <span class='ocrx_word' id='word_1_250' title='bbox 2852 811 3279 865; x_wconf 80' lang='lat' dir='ltr'><strong>existimabant:</strong></span> <span class='ocrx_word' id='word_1_251' title='bbox 3309 814 3455 880; x_wconf 89' lang='lat' dir='ltr'><strong>ipsos</strong></span> 
     </span>
    </p>
   </div>
   <div class='ocr_carea' id='block_1_37' title="bbox 1891 900 3455 972">
    <p class='ocr_par' dir='ltr' id='par_1_37' title="bbox 1891 900 3455 972">
     <span class='ocr_line' id='line_1_37' title="bbox 1891 900 3455 972; baseline 0.004 -21"><span class='ocrx_word' id='word_1_252' title='bbox 1891 913 2017 953; x_wconf 89' lang='lat' dir='ltr'><strong>vero</strong></span> <span class='ocrx_word' id='word_1_253' title='bbox 2067 900 2369 970; x_wconf 76' lang='lat' dir='ltr'><strong>agrestibus</strong></span> <span class='ocrx_word' id='word_1_254' title='bbox 2416 901 2737 969; x_wconf 82' lang='lat' dir='ltr'><strong>quibusdam</strong></span> <span class='ocrx_word' id='word_1_255' title='bbox 2794 904 2946 971; x_wconf 88' lang='lat' dir='ltr'><strong>equis</strong></span> <span class='ocrx_word' id='word_1_256' title='bbox 3001 904 3455 972; x_wconf 73' lang='lat' dir='ltr'><strong>alligatos,jussit</strong></span> 
     </span>
    </p>
   </div>
   <div class='ocr_carea' id='block_1_38' title="bbox 1888 993 3450 1066">
    <p class='ocr_par' dir='ltr' id='par_1_38' title="bbox 1888 993 3450 1066">
     <span class='ocr_line' id='line_1_38' title="bbox 1888 993 3450 1066; baseline 0.003 -23"><span class='ocrx_word' id='word_1_257' title='bbox 1888 1006 2050 1061; x_wconf 84' lang='lat' dir='ltr'><strong>quam</strong></span> <span class='ocrx_word' id='word_1_258' title='bbox 2112 993 2344 1059; x_wconf 90' lang='lat' dir='ltr'><strong>primum</strong></span> <span class='ocrx_word' id='word_1_259' title='bbox 2410 993 2496 1064; x_wconf 79' lang='lat' dir='ltr'><strong>agi</strong></span> <span class='ocrx_word' id='word_1_260' title='bbox 2532 993 2753 1048; x_wconf 85' lang='lat' dir='ltr'><strong>Sardas.</strong></span> <span class='ocrx_word' id='word_1_261' title='bbox 2787 997 2967 1065; x_wconf 83' lang='lat' dir='ltr'><strong>Atque</strong></span> <span class='ocrx_word' id='word_1_262' title='bbox 3011 1012 3185 1065; x_wconf 80' lang='lat' dir='ltr'><strong>equos</strong></span> <span class='ocrx_word' id='word_1_263' title='bbox 3211 996 3450 1066; x_wconf 84' lang='lat' dir='ltr'><strong>quidem,</strong></span> 
     </span>
    </p>
   </div>
   <div class='ocr_carea' id='block_1_39' title="bbox 1886 1081 3452 1153">
    <p class='ocr_par' dir='ltr' id='par_1_39' title="bbox 1886 1081 3452 1153">
     <span class='ocr_line' id='line_1_39' title="bbox 1886 1081 3452 1153; baseline 0.007 -19"><span class='ocrx_word' id='word_1_264' title='bbox 1886 1095 2010 1134; x_wconf 86' lang='lat' dir='ltr'><strong>cum</strong></span> <span class='ocrx_word' id='word_1_265' title='bbox 2039 1081 2362 1150; x_wconf 86' lang='lat' dir='ltr'><strong>incepissent</strong></span> <span class='ocrx_word' id='word_1_266' title='bbox 2389 1098 2611 1138; x_wconf 89' lang='lat' dir='ltr'><strong>currere</strong></span> <span class='ocrx_word' id='word_1_267' title='bbox 2670 1084 2966 1153; x_wconf 85' lang='lat' dir='ltr'><strong>Thyatiris,</strong></span> <span class='ocrx_word' id='word_1_268' title='bbox 3002 1088 3329 1143; x_wconf 76' lang='lat' dir='ltr'><strong>adventante</strong></span> <span class='ocrx_word' id='word_1_269' title='bbox 3363 1104 3452 1145; x_wconf 76' lang='lat' dir='ltr'><strong>ve-</strong></span> 
     </span>
    </p>
   </div>
   <div class='ocr_carea' id='block_1_40' title="bbox 1887 1170 3451 1235">
    <p class='ocr_par' dir='ltr' id='par_1_40' title="bbox 1887 1170 3451 1235">
     <span class='ocr_line' id='line_1_40' title="bbox 1887 1170 3451 1235; baseline 0.009 -14"><span class='ocrx_word' id='word_1_270' title='bbox 1887 1183 2064 1235; x_wconf 86' lang='lat' dir='ltr'><strong>spere,</strong></span> <span class='ocrx_word' id='word_1_271' title='bbox 2102 1170 2289 1225; x_wconf 82' lang='lat' dir='ltr'><strong>Sardis</strong></span> <span class='ocrx_word' id='word_1_272' title='bbox 2320 1171 2403 1224; x_wconf 79' lang='lat' dir='ltr'><strong>vix</strong></span> <span class='ocrx_word' id='word_1_273' title='bbox 2448 1171 2663 1228; x_wconf 90' lang='lat' dir='ltr'><strong>tandem</strong></span> <span class='ocrx_word' id='word_1_274' title='bbox 2693 1173 2901 1230; x_wconf 80' lang='lat' dir='ltr'><strong>faciunt</strong></span> <span class='ocrx_word' id='word_1_275' title='bbox 2930 1192 2956 1228; x_wconf 88' lang='lat' dir='ltr'><strong>a</strong></span> <span class='ocrx_word' id='word_1_276' title='bbox 2977 1193 3137 1233; x_wconf 84' lang='lat' dir='ltr'><strong>cursu</strong></span> <span class='ocrx_word' id='word_1_277' title='bbox 3171 1182 3451 1235; x_wconf 86' lang='lat' dir='ltr'><strong>desistere.</strong></span> 
     </span>
    </p>
   </div>
   <div class='ocr_carea' id='block_1_41' title="bbox 1886 1258 3455 1332">
    <p class='ocr_par' dir='ltr' id='par_1_41' title="bbox 1886 1258 3455 1332">
     <span class='ocr_line' id='line_1_41' title="bbox 1886 1258 3455 1332; baseline 0.008 -18"><span class='ocrx_word' id='word_1_278' title='bbox 1886 1258 2151 1314; x_wconf 75' lang='lat' dir='ltr'><strong>Cteternm</strong></span> <span class='ocrx_word' id='word_1_279' title='bbox 2178 1263 2522 1331; x_wconf 83' lang='lat' dir='ltr'><strong>martyribus,</strong></span> <span class='ocrx_word' id='word_1_280' title='bbox 2555 1267 2646 1332; x_wconf 86' lang='lat' dir='ltr'><strong>qui</strong></span> <span class='ocrx_word' id='word_1_281' title='bbox 2673 1265 2726 1319; x_wconf 92' lang='lat' dir='ltr'><strong>in</strong></span> <span class='ocrx_word' id='word_1_282' title='bbox 2755 1267 2855 1320; x_wconf 84' lang='lat' dir='ltr'><strong>hoc</strong></span> <span class='ocrx_word' id='word_1_283' title='bbox 2879 1269 3073 1321; x_wconf 87' lang='lat' dir='ltr'><strong>acerbo</strong></span> <span class='ocrx_word' id='word_1_284' title='bbox 3099 1270 3335 1323; x_wconf 72' lang='lat' dir='ltr'><strong>cruciatu</strong></span> <span class='ocrx_word' id='word_1_285' title='bbox 3373 1279 3455 1325; x_wconf 92' lang='lat' dir='ltr'><strong>to-</strong></span> 
     </span>
    </p>
   </div>
   <div class='ocr_carea' id='block_1_42' title="bbox 1889 1348 3453 1423">
    <p class='ocr_par' dir='ltr' id='par_1_42' title="bbox 1889 1348 3453 1423">
     <span class='ocr_line' id='line_1_42' title="bbox 1889 1348 3453 1423; baseline 0.008 -22"><span class='ocrx_word' id='word_1_286' title='bbox 1889 1359 2001 1402; x_wconf 92' lang='lat' dir='ltr'><strong>tum</strong></span> <span class='ocrx_word' id='word_1_287' title='bbox 2032 1348 2174 1403; x_wconf 90' lang='lat' dir='ltr'><strong>diem</strong></span> <span class='ocrx_word' id='word_1_288' title='bbox 2227 1361 2614 1423; x_wconf 81' lang='lat' dir='ltr'><strong>transegerant,</strong></span> <span class='ocrx_word' id='word_1_289' title='bbox 2651 1370 2749 1410; x_wconf 90' lang='lat' dir='ltr'><strong>nec</strong></span> <span class='ocrx_word' id='word_1_290' title='bbox 2798 1373 2909 1410; x_wconf 76' lang='lat' dir='ltr'><strong>nox</strong></span> <span class='ocrx_word' id='word_1_291' title='bbox 2927 1367 3106 1414; x_wconf 86' lang='lat' dir='ltr'><strong>tamen</strong></span> <span class='ocrx_word' id='word_1_292' title='bbox 3140 1360 3295 1415; x_wconf 86' lang='lat' dir='ltr'><strong>bonis</strong></span> <span class='ocrx_word' id='word_1_293' title='bbox 3321 1364 3453 1416; x_wconf 87' lang='lat' dir='ltr'><strong>acti-</strong></span> 
     </span>
    </p>
   </div>
   <div class='ocr_carea' id='block_1_43' title="bbox 1889 1441 3452 1519">
    <p class='ocr_par' dir='ltr' id='par_1_43' title="bbox 1889 1441 3452 1519">
     <span class='ocr_line' id='line_1_43' title="bbox 1889 1441 3452 1519; baseline 0.008 -26"><span class='ocrx_word' id='word_1_294' title='bbox 1889 1441 1989 1495; x_wconf 89' lang='lat' dir='ltr'><strong>bus</strong></span> <span class='ocrx_word' id='word_1_295' title='bbox 2015 1455 2181 1494; x_wconf 85' lang='lat' dir='ltr'><strong>vacua</strong></span> <span class='ocrx_word' id='word_1_296' title='bbox 2212 1444 2472 1498; x_wconf 85' lang='lat' dir='ltr'><strong>remansit</strong></span> <span class='ocrx_word' id='word_1_297' title='bbox 2501 1462 2515 1497; x_wconf 81' lang='lat' dir='ltr'><strong>z</strong></span> <span class='ocrx_word' id='word_1_298' title='bbox 2550 1448 2641 1499; x_wconf 85' lang='lat' dir='ltr'><strong>sed</strong></span> <span class='ocrx_word' id='word_1_299' title='bbox 2673 1446 2725 1498; x_wconf 91' lang='lat' dir='ltr'><strong>in</strong></span> <span class='ocrx_word' id='word_1_300' title='bbox 2754 1446 2951 1502; x_wconf 81' lang='lat' dir='ltr'><strong>divinis</strong></span> <span class='ocrx_word' id='word_1_301' title='bbox 2984 1449 3199 1519; x_wconf 81' lang='lat' dir='ltr'><strong>hymnis</strong></span> <span class='ocrx_word' id='word_1_302' title='bbox 3226 1451 3452 1516; x_wconf 85' lang='lat' dir='ltr'><strong>plurima</strong></span> 
     </span>
    </p>
   </div>
   <div class='ocr_carea' id='block_1_44' title="bbox 1889 1533 3449 1614">
    <p class='ocr_par' dir='ltr' id='par_1_44' title="bbox 1889 1533 3449 1614">
     <span class='ocr_line' id='line_1_44' title="bbox 1889 1533 3449 1614; baseline 0.009 -29"><span class='ocrx_word' id='word_1_303' title='bbox 1889 1548 2015 1601; x_wconf 89' lang='lat' dir='ltr'><strong>pars</strong></span> <span class='ocrx_word' id='word_1_304' title='bbox 2041 1533 2157 1602; x_wconf 82' lang='lat' dir='ltr'><strong>ejus</strong></span> <span class='ocrx_word' id='word_1_305' title='bbox 2185 1536 2283 1589; x_wconf 80' lang='lat' dir='ltr'><strong>fuit</strong></span> <span class='ocrx_word' id='word_1_306' title='bbox 2317 1550 2661 1609; x_wconf 82' lang='lat' dir='ltr'><strong>consumpta.</strong></span> <span class='ocrx_word' id='word_1_307' title='bbox 2697 1540 2752 1594; x_wconf 94' lang='lat' dir='ltr'><strong>Si</strong></span> <span class='ocrx_word' id='word_1_308' title='bbox 2793 1544 3007 1609; x_wconf 82' lang='lat' dir='ltr'><strong>quando</strong></span> <span class='ocrx_word' id='word_1_309' title='bbox 3031 1555 3209 1597; x_wconf 79' lang='lat' dir='ltr'><strong>autem</strong></span> <span class='ocrx_word' id='word_1_310' title='bbox 3263 1562 3449 1614; x_wconf 83' lang='lat' dir='ltr'><strong>parum</strong></span> 
     </span>
    </p>
   </div>
   <div class='ocr_carea' id='block_1_45' title="bbox 1887 1625 3454 1703">
    <p class='ocr_par' dir='ltr' id='par_1_45' title="bbox 1887 1625 3454 1703">
     <span class='ocr_line' id='line_1_45' title="bbox 1887 1625 3454 1703; baseline 0.01 -26"><span class='ocrx_word' id='word_1_311' title='bbox 1887 1625 2060 1677; x_wconf 84' lang='lat' dir='ltr'><strong>somni</strong></span> <span class='ocrx_word' id='word_1_312' title='bbox 2100 1637 2376 1693; x_wconf 90' lang='lat' dir='ltr'><strong>caperent,</strong></span> <span class='ocrx_word' id='word_1_313' title='bbox 2400 1629 2478 1682; x_wconf 89' lang='lat' dir='ltr'><strong>eis</strong></span> <span class='ocrx_word' id='word_1_314' title='bbox 2506 1632 2823 1686; x_wconf 86' lang='lat' dir='ltr'><strong>assistentes</strong></span> <span class='ocrx_word' id='word_1_315' title='bbox 2860 1636 3057 1703; x_wconf 75' lang='lat' dir='ltr'><strong>angeli,</strong></span> <span class='ocrx_word' id='word_1_316' title='bbox 3096 1638 3338 1692; x_wconf 77' lang='lat' dir='ltr'><strong>defessos</strong></span> <span class='ocrx_word' id='word_1_317' title='bbox 3371 1654 3454 1693; x_wconf 85' lang='lat' dir='ltr'><strong>re-</strong></span> 
     </span>
    </p>
   </div>
   <div class='ocr_carea' id='block_1_46' title="bbox 1885 1716 3455 1784">
    <p class='ocr_par' dir='ltr' id='par_1_46' title="bbox 1885 1716 3455 1784">
     <span class='ocr_line' id='line_1_46' title="bbox 1885 1716 3455 1784; baseline 0.01 -15"><span class='ocrx_word' id='word_1_318' title='bbox 1885 1716 2142 1770; x_wconf 86' lang='lat' dir='ltr'><strong>creabant</strong></span> <span class='ocrx_word' id='word_1_319' title='bbox 2174 1735 2188 1774; x_wconf 92' lang='lat'>:</span> <span class='ocrx_word' id='word_1_320' title='bbox 2220 1726 2272 1773; x_wconf 88' lang='lat' dir='ltr'><strong>et</strong></span> <span class='ocrx_word' id='word_1_321' title='bbox 2294 1718 2360 1773; x_wconf 88' lang='lat' dir='ltr'><strong>ad</strong></span> <span class='ocrx_word' id='word_1_322' title='bbox 2394 1730 2663 1777; x_wconf 87' lang='lat' dir='ltr'><strong>tormenta</strong></span> <span class='ocrx_word' id='word_1_323' title='bbox 2692 1739 2814 1778; x_wconf 79' lang='lat' dir='ltr'><strong>mox</strong></span> <span class='ocrx_word' id='word_1_324' title='bbox 2844 1724 3021 1780; x_wconf 78' lang='lat' dir='ltr'><strong>futura</strong></span> <span class='ocrx_word' id='word_1_325' title='bbox 3043 1729 3312 1784; x_wconf 77' lang='lat' dir='ltr'><strong>faciebant</strong></span> <span class='ocrx_word' id='word_1_326' title='bbox 3338 1733 3455 1784; x_wconf 79' lang='lat' dir='ltr'><strong>ani-</strong></span> 
     </span>
    </p>
   </div>
   <div class='ocr_carea' id='block_1_47' title="bbox 1886 1808 3450 1889">
    <p class='ocr_par' dir='ltr' id='par_1_47' title="bbox 1886 1808 3450 1889">
     <span class='ocr_line' id='line_1_47' title="bbox 1886 1808 3450 1889; baseline 0.01 -29"><span class='ocrx_word' id='word_1_327' title='bbox 1886 1823 1973 1862; x_wconf 85' lang='lat' dir='ltr'><strong>mo</strong></span> <span class='ocrx_word' id='word_1_328' title='bbox 2013 1808 2328 1866; x_wconf 75' lang='lat' dir='ltr'><strong>alacriores.</strong></span> <span class='ocrx_word' id='word_1_329' title='bbox 2364 1810 2631 1868; x_wconf 85' lang='lat' dir='ltr'><strong>Postridie</strong></span> <span class='ocrx_word' id='word_1_330' title='bbox 2677 1825 2855 1872; x_wconf 89' lang='lat' dir='ltr'><strong>autem</strong></span> <span class='ocrx_word' id='word_1_331' title='bbox 2886 1819 3079 1887; x_wconf 84' lang='lat' dir='ltr'><strong>partim</strong></span> <span class='ocrx_word' id='word_1_332' title='bbox 3114 1820 3331 1889; x_wconf 90' lang='lat' dir='ltr'><strong>quidem</strong></span> <span class='ocrx_word' id='word_1_333' title='bbox 3367 1823 3450 1874; x_wconf 89' lang='lat' dir='ltr'><strong>in-</strong></span> 
     </span>
    </p>
   </div>
   <div class='ocr_carea' id='block_1_48' title="bbox 1887 1902 3450 1974">
    <p class='ocr_par' dir='ltr' id='par_1_48' title="bbox 1887 1902 3450 1974">
     <span class='ocr_line' id='line_1_48' title="bbox 1887 1902 3450 1974; baseline 0.01 -21"><span class='ocrx_word' id='word_1_334' title='bbox 1887 1907 1970 1953; x_wconf 87' lang='lat' dir='ltr'><strong>ter</strong></span> <span class='ocrx_word' id='word_1_335' title='bbox 1989 1915 2071 1965; x_wconf 85' lang='lat' dir='ltr'><strong>se,</strong></span> <span class='ocrx_word' id='word_1_336' title='bbox 2099 1902 2293 1971; x_wconf 87' lang='lat' dir='ltr'><strong>partim</strong></span> <span class='ocrx_word' id='word_1_337' title='bbox 2316 1914 2492 1959; x_wconf 88' lang='lat' dir='ltr'><strong>autem</strong></span> <span class='ocrx_word' id='word_1_338' title='bbox 2516 1905 2551 1958; x_wconf 89' lang='lat' dir='ltr'><strong>ii</strong></span> <span class='ocrx_word' id='word_1_339' title='bbox 2585 1906 2673 1974; x_wconf 89' lang='lat' dir='ltr'><strong>qui</strong></span> <span class='ocrx_word' id='word_1_340' title='bbox 2696 1910 2939 1974; x_wconf 87' lang='lat' dir='ltr'><strong>aderant,</strong></span> <span class='ocrx_word' id='word_1_341' title='bbox 2964 1912 3254 1965; x_wconf 89' lang='lat' dir='ltr'><strong>narrabant</strong></span> <span class='ocrx_word' id='word_1_342' title='bbox 3276 1914 3450 1967; x_wconf 84' lang='lat' dir='ltr'><strong>sancti</strong></span> 
     </span>
    </p>
   </div>
   <div class='ocr_carea' id='block_1_49' title="bbox 1884 1990 3446 2063">
    <p class='ocr_par' dir='ltr' id='par_1_49' title="bbox 1884 1990 3446 2063">
     <span class='ocr_line' id='line_1_49' title="bbox 1884 1990 3446 2063; baseline 0.006 -19"><span class='ocrx_word' id='word_1_343' title='bbox 1884 1990 2119 2045; x_wconf 75' lang='lat' dir='ltr'><strong>divinam</strong></span> <span class='ocrx_word' id='word_1_344' title='bbox 2159 1993 2302 2046; x_wconf 90' lang='lat' dir='ltr'><strong>illam</strong></span> <span class='ocrx_word' id='word_1_345' title='bbox 2324 1995 2735 2063; x_wconf 81' lang='lat' dir='ltr'><strong>apparitionem,</strong></span> <span class='ocrx_word' id='word_1_346' title='bbox 2770 2008 2823 2052; x_wconf 93' lang='lat' dir='ltr'><strong>et</strong></span> <span class='ocrx_word' id='word_1_347' title='bbox 2857 2010 3137 2055; x_wconf 85' lang='lat' dir='ltr'><strong>venturum</strong></span> <span class='ocrx_word' id='word_1_348' title='bbox 3170 2000 3446 2056; x_wconf 82' lang='lat' dir='ltr'><strong>Valerium</strong></span> 
     </span>
    </p>
   </div>
   <div class='ocr_carea' id='block_1_50' title="bbox 1884 2081 3449 2162">
    <p class='ocr_par' dir='ltr' id='par_1_50' title="bbox 1884 2081 3449 2162">
     <span class='ocr_line' id='line_1_50' title="bbox 1884 2081 3449 2162; baseline 0.008 -30"><span class='ocrx_word' id='word_1_349' title='bbox 1884 2081 1948 2133; x_wconf 90' lang='lat' dir='ltr'><strong>ad</strong></span> <span class='ocrx_word' id='word_1_350' title='bbox 1980 2096 2166 2135; x_wconf 90' lang='lat' dir='ltr'><strong>eorum</strong></span> <span class='ocrx_word' id='word_1_351' title='bbox 2199 2087 2651 2141; x_wconf 78' lang='lat' dir='ltr'><strong>examinationem</strong></span> <span class='ocrx_word' id='word_1_352' title='bbox 2686 2095 3091 2157; x_wconf 80' lang='lat' dir='ltr'><strong>exspectabant,</strong></span> <span class='ocrx_word' id='word_1_353' title='bbox 3127 2095 3345 2162; x_wconf 78' lang='lat' dir='ltr'><strong>perinde</strong></span> <span class='ocrx_word' id='word_1_354' title='bbox 3387 2107 3449 2144; x_wconf 91' lang='lat' dir='ltr'><strong>ac</strong></span> 
     </span>
    </p>
   </div>
   <div class='ocr_carea' id='block_1_51' title="bbox 1882 2174 3445 2252">
    <p class='ocr_par' dir='ltr' id='par_1_51' title="bbox 1882 2174 3445 2252">
     <span class='ocr_line' id='line_1_51' title="bbox 1882 2174 3445 2252; baseline 0.01 -28"><span class='ocrx_word' id='word_1_355' title='bbox 1882 2174 2099 2241; x_wconf 86' lang='lat' dir='ltr'><strong>quidam</strong></span> <span class='ocrx_word' id='word_1_356' title='bbox 2123 2176 2330 2230; x_wconf 87' lang='lat' dir='ltr'><strong>strenui</strong></span> <span class='ocrx_word' id='word_1_357' title='bbox 2364 2176 2562 2232; x_wconf 86' lang='lat' dir='ltr'><strong>milites</strong></span> <span class='ocrx_word' id='word_1_358' title='bbox 2592 2183 2888 2235; x_wconf 88' lang='lat' dir='ltr'><strong>certamina</strong></span> <span class='ocrx_word' id='word_1_359' title='bbox 2939 2182 3235 2252; x_wconf 84' lang='lat' dir='ltr'><strong>cupientes,</strong></span> <span class='ocrx_word' id='word_1_360' title='bbox 3271 2196 3325 2239; x_wconf 91' lang='lat' dir='ltr'><strong>et</strong></span> <span class='ocrx_word' id='word_1_361' title='bbox 3381 2188 3445 2239; x_wconf 88' lang='lat' dir='ltr'><strong>ad</strong></span> 
     </span>
    </p>
   </div>
   <div class='ocr_carea' id='block_1_52' title="bbox 1883 2268 3449 2344">
    <p class='ocr_par' dir='ltr' id='par_1_52' title="bbox 1883 2268 3449 2344">
     <span class='ocr_line' id='line_1_52' title="bbox 1883 2268 3449 2344; baseline 0.007 -27"><span class='ocrx_word' id='word_1_362' title='bbox 1883 2273 2110 2318; x_wconf 88' lang='lat' dir='ltr'><strong>mortem</strong></span> <span class='ocrx_word' id='word_1_363' title='bbox 2171 2282 2294 2321; x_wconf 85' lang='lat' dir='ltr'><strong>cum</strong></span> <span class='ocrx_word' id='word_1_364' title='bbox 2326 2268 2494 2338; x_wconf 79' lang='lat' dir='ltr'><strong>gloria</strong></span> <span class='ocrx_word' id='word_1_365' title='bbox 2539 2272 2954 2339; x_wconf 84' lang='lat' dir='ltr'><strong>suscipiendam,</strong></span> <span class='ocrx_word' id='word_1_366' title='bbox 2983 2290 3241 2344; x_wconf 77' lang='lat' dir='ltr'><strong>generose</strong></span> <span class='ocrx_word' id='word_1_367' title='bbox 3270 2288 3324 2330; x_wconf 89' lang='lat' dir='ltr'><strong>et</strong></span> <span class='ocrx_word' id='word_1_368' title='bbox 3354 2293 3449 2330; x_wconf 86' lang='lat' dir='ltr'><strong>an-</strong></span> 
     </span>
    </p>
   </div>
   <div class='ocr_carea' id='block_1_53' title="bbox 1882 2353 3442 2431">
    <p class='ocr_par' dir='ltr' id='par_1_53' title="bbox 1882 2353 3442 2431">
     <span class='ocr_line' id='line_1_53' title="bbox 1882 2353 3442 2431; baseline 0.011 -26"><span class='ocrx_word' id='word_1_369' title='bbox 1882 2353 2067 2408; x_wconf 84' lang='lat' dir='ltr'><strong>dacter</strong></span> <span class='ocrx_word' id='word_1_370' title='bbox 2090 2354 2379 2412; x_wconf 86' lang='lat' dir='ltr'><strong>intuentes.</strong></span> <span class='ocrx_word' id='word_1_371' title='bbox 2404 2359 2494 2413; x_wconf 86' lang='lat' dir='ltr'><strong>ille</strong></span> <span class='ocrx_word' id='word_1_372' title='bbox 2515 2371 2692 2415; x_wconf 88' lang='lat' dir='ltr'><strong>autem</strong></span> <span class='ocrx_word' id='word_1_373' title='bbox 2720 2378 2840 2415; x_wconf 85' lang='lat' dir='ltr'><strong>cum</strong></span> <span class='ocrx_word' id='word_1_374' title='bbox 2868 2367 3200 2431; x_wconf 87' lang='lat' dir='ltr'><strong>pervenisset</strong></span> <span class='ocrx_word' id='word_1_375' title='bbox 3220 2368 3442 2431; x_wconf 83' lang='lat' dir='ltr'><strong>Sardas,</strong></span> 
     </span>
    </p>
   </div>
   <div class='ocr_carea' id='block_1_54' title="bbox 1883 2447 3445 2523">
    <p class='ocr_par' dir='ltr' id='par_1_54' title="bbox 1883 2447 3445 2523">
     <span class='ocr_line' id='line_1_54' title="bbox 1883 2447 3445 2523; baseline 0.007 -22"><span class='ocrx_word' id='word_1_376' title='bbox 1883 2454 2011 2501; x_wconf 89' lang='lat' dir='ltr'><strong>tunc</strong></span> <span class='ocrx_word' id='word_1_377' title='bbox 2040 2447 2409 2517; x_wconf 79' lang='lat' dir='ltr'><strong>existimabat,</strong></span> <span class='ocrx_word' id='word_1_378' title='bbox 2440 2460 2494 2506; x_wconf 90' lang='lat' dir='ltr'><strong>et</strong></span> <span class='ocrx_word' id='word_1_379' title='bbox 2529 2452 2573 2505; x_wconf 89' lang='lat' dir='ltr'><strong>si</strong></span> <span class='ocrx_word' id='word_1_380' title='bbox 2608 2468 2713 2508; x_wconf 91' lang='lat' dir='ltr'><strong>non</strong></span> <span class='ocrx_word' id='word_1_381' title='bbox 2767 2455 2938 2523; x_wconf 86' lang='lat' dir='ltr'><strong>prius,</strong></span> <span class='ocrx_word' id='word_1_382' title='bbox 2968 2472 3025 2510; x_wconf 90' lang='lat' dir='ltr'><strong>se</strong></span> <span class='ocrx_word' id='word_1_383' title='bbox 3053 2457 3445 2512; x_wconf 75' lang='lat' dir='ltr'><strong>obedienriores</strong></span> 
     </span>
    </p>
   </div>
   <div class='ocr_carea' id='block_1_55' title="bbox 1880 2539 3443 2618">
    <p class='ocr_par' dir='ltr' id='par_1_55' title="bbox 1880 2539 3443 2618">
     <span class='ocr_line' id='line_1_55' title="bbox 1880 2539 3443 2618; baseline 0.006 -27"><span class='ocrx_word' id='word_1_384' title='bbox 1880 2546 1937 2592; x_wconf 90' lang='lat' dir='ltr'><strong>et</strong></span> <span class='ocrx_word' id='word_1_385' title='bbox 1994 2539 2265 2596; x_wconf 82' lang='lat' dir='ltr'><strong>faciliores</strong></span> <span class='ocrx_word' id='word_1_386' title='bbox 2320 2542 2670 2598; x_wconf 86' lang='lat' dir='ltr'><strong>inventurum</strong></span> <span class='ocrx_word' id='word_1_387' title='bbox 2730 2557 3017 2618; x_wconf 77' lang='lat' dir='ltr'><strong>martyres.</strong></span> <span class='ocrx_word' id='word_1_388' title='bbox 3066 2548 3247 2603; x_wconf 89' lang='lat' dir='ltr'><strong>Solum</strong></span> <span class='ocrx_word' id='word_1_389' title='bbox 3300 2551 3443 2604; x_wconf 84' lang='lat' dir='ltr'><strong>enim</strong></span> 
     </span>
    </p>
   </div>
   <div class='ocr_carea' id='block_1_56' title="bbox 1879 2628 3447 2700">
    <p class='ocr_par' dir='ltr' id='par_1_56' title="bbox 1879 2628 3447 2700">
     <span class='ocr_line' id='line_1_56' title="bbox 1879 2628 3447 2700; baseline 0.007 -17"><span class='ocrx_word' id='word_1_390' title='bbox 1879 2628 2081 2683; x_wconf 85' lang='lat' dir='ltr'><strong>sciebat</strong></span> <span class='ocrx_word' id='word_1_391' title='bbox 2131 2632 2446 2700; x_wconf 87' lang='lat' dir='ltr'><strong>cruciatus;</strong></span> <span class='ocrx_word' id='word_1_392' title='bbox 2478 2636 2902 2693; x_wconf 86' lang='lat' dir='ltr'><strong>consolationem</strong></span> <span class='ocrx_word' id='word_1_393' title='bbox 2953 2650 3131 2698; x_wconf 84' lang='lat' dir='ltr'><strong>autem</strong></span> <span class='ocrx_word' id='word_1_394' title='bbox 3169 2642 3306 2693; x_wconf 87' lang='lat' dir='ltr'><strong>unde</strong></span> <span class='ocrx_word' id='word_1_395' title='bbox 3338 2641 3447 2694; x_wconf 89' lang='lat' dir='ltr'><strong>sci-</strong></span> 
     </span>
    </p>
   </div>
   <div class='ocr_carea' id='block_1_57' title="bbox 1881 2724 3443 2799">
    <p class='ocr_par' dir='ltr' id='par_1_57' title="bbox 1881 2724 3443 2799">
     <span class='ocr_line' id='line_1_57' title="bbox 1881 2724 3443 2799; baseline 0.007 -25"><span class='ocrx_word' id='word_1_396' title='bbox 1881 2729 1964 2775; x_wconf 90' lang='lat' dir='ltr'><strong>ret</strong></span> <span class='ocrx_word' id='word_1_397' title='bbox 1990 2732 2199 2778; x_wconf 88' lang='lat' dir='ltr'><strong>terrena</strong></span> <span class='ocrx_word' id='word_1_398' title='bbox 2239 2724 2327 2778; x_wconf 92' lang='lat' dir='ltr'><strong>illa</strong></span> <span class='ocrx_word' id='word_1_399' title='bbox 2370 2726 2572 2793; x_wconf 88' lang='lat' dir='ltr'><strong>anima,</strong></span> <span class='ocrx_word' id='word_1_400' title='bbox 2603 2735 2657 2783; x_wconf 91' lang='lat' dir='ltr'><strong>et</strong></span> <span class='ocrx_word' id='word_1_401' title='bbox 2690 2729 2859 2784; x_wconf 89' lang='lat' dir='ltr'><strong>aliena</strong></span> <span class='ocrx_word' id='word_1_402' title='bbox 2910 2745 2939 2783; x_wconf 88' lang='lat' dir='ltr'><strong>a</strong></span> <span class='ocrx_word' id='word_1_403' title='bbox 3002 2730 3177 2784; x_wconf 86' lang='lat' dir='ltr'><strong>divina</strong></span> <span class='ocrx_word' id='word_1_404' title='bbox 3227 2734 3443 2799; x_wconf 86' lang='lat' dir='ltr'><strong>appari-</strong></span> 
     </span>
    </p>
   </div>
   <div class='ocr_carea' id='block_1_58' title="bbox 1879 2812 3440 2890">
    <p class='ocr_par' dir='ltr' id='par_1_58' title="bbox 1879 2812 3440 2890">
     <span class='ocr_line' id='line_1_58' title="bbox 1879 2812 3440 2890; baseline 0.008 -27"><span class='ocrx_word' id='word_1_405' title='bbox 1879 2812 2024 2866; x_wconf 84' lang='lat' dir='ltr'><strong>tione</strong></span> <span class='ocrx_word' id='word_1_406' title='bbox 2070 2822 2126 2868; x_wconf 90' lang='lat' dir='ltr'><strong>et</strong></span> <span class='ocrx_word' id='word_1_407' title='bbox 2168 2813 2599 2873; x_wconf 86' lang='lat' dir='ltr'><strong>bonitate?Cum</strong></span> <span class='ocrx_word' id='word_1_408' title='bbox 2644 2833 2738 2873; x_wconf 89' lang='lat' dir='ltr'><strong>eos</strong></span> <span class='ocrx_word' id='word_1_409' title='bbox 2776 2831 2953 2875; x_wconf 88' lang='lat' dir='ltr'><strong>autem</strong></span> <span class='ocrx_word' id='word_1_410' title='bbox 3008 2822 3237 2877; x_wconf 87' lang='lat' dir='ltr'><strong>vidisset</strong></span> <span class='ocrx_word' id='word_1_411' title='bbox 3269 2826 3440 2890; x_wconf 72' lang='lat' dir='ltr'><strong>vultu,</strong></span> 
     </span>
    </p>
   </div>
   <div class='ocr_carea' id='block_1_59' title="bbox 1878 2905 3443 2982">
    <p class='ocr_par' dir='ltr' id='par_1_59' title="bbox 1878 2905 3443 2982">
     <span class='ocr_line' id='line_1_59' title="bbox 1878 2905 3443 2982; baseline 0.01 -29"><span class='ocrx_word' id='word_1_412' title='bbox 1878 2915 2039 2969; x_wconf 88' lang='lat' dir='ltr'><strong>quam</strong></span> <span class='ocrx_word' id='word_1_413' title='bbox 2092 2905 2240 2973; x_wconf 90' lang='lat' dir='ltr'><strong>prius</strong></span> <span class='ocrx_word' id='word_1_414' title='bbox 2290 2906 2545 2973; x_wconf 74' lang='lat' dir='ltr'><strong>laetiores,</strong></span> <span class='ocrx_word' id='word_1_415' title='bbox 2594 2911 2895 2982; x_wconf 86' lang='lat' dir='ltr'><strong>spirituque</strong></span> <span class='ocrx_word' id='word_1_416' title='bbox 2933 2915 3351 2979; x_wconf 88' lang='lat' dir='ltr'><strong>constantiores,</strong></span> <span class='ocrx_word' id='word_1_417' title='bbox 3388 2926 3443 2969; x_wconf 89' lang='lat' dir='ltr'><strong>et</strong></span> 
     </span>
    </p>
   </div>
   <div class='ocr_carea' id='block_1_60' title="bbox 1876 2995 3445 3074">
    <p class='ocr_par' dir='ltr' id='par_1_60' title="bbox 1876 2995 3445 3074">
     <span class='ocr_line' id='line_1_60' title="bbox 1876 2995 3445 3074; baseline 0.008 -27"><span class='ocrx_word' id='word_1_418' title='bbox 1876 2995 2057 3048; x_wconf 90' lang='lat' dir='ltr'><strong>animo</strong></span> <span class='ocrx_word' id='word_1_419' title='bbox 2092 2998 2268 3052; x_wconf 90' lang='lat' dir='ltr'><strong>minus</strong></span> <span class='ocrx_word' id='word_1_420' title='bbox 2318 2999 2576 3068; x_wconf 76' lang='lat' dir='ltr'><strong>deiectos,</strong></span> <span class='ocrx_word' id='word_1_421' title='bbox 2617 3004 2911 3071; x_wconf 84' lang='lat' dir='ltr'><strong>desperans</strong></span> <span class='ocrx_word' id='word_1_422' title='bbox 2942 3020 3000 3059; x_wconf 92' lang='lat' dir='ltr'><strong>se</strong></span> <span class='ocrx_word' id='word_1_423' title='bbox 3031 3021 3187 3074; x_wconf 84' lang='lat' dir='ltr'><strong>posse</strong></span> <span class='ocrx_word' id='word_1_424' title='bbox 3216 3022 3307 3060; x_wconf 88' lang='lat' dir='ltr'><strong>eos</strong></span> <span class='ocrx_word' id='word_1_425' title='bbox 3338 3015 3445 3060; x_wconf 86' lang='lat' dir='ltr'><strong>tor-</strong></span> 
     </span>
    </p>
   </div>
   <div class='ocr_carea' id='block_1_61' title="bbox 1878 3087 3441 3169">
    <p class='ocr_par' dir='ltr' id='par_1_61' title="bbox 1878 3087 3441 3169">
     <span class='ocr_line' id='line_1_61' title="bbox 1878 3087 3441 3169; baseline 0.011 -29"><span class='ocrx_word' id='word_1_426' title='bbox 1878 3087 2073 3143; x_wconf 87' lang='lat' dir='ltr'><strong>mentis</strong></span> <span class='ocrx_word' id='word_1_427' title='bbox 2095 3104 2424 3162; x_wconf 79' lang='lat' dir='ltr'><strong>expuguare,</strong></span> <span class='ocrx_word' id='word_1_428' title='bbox 2459 3097 2918 3152; x_wconf 84' lang='lat' dir='ltr'><strong>assentationibus</strong></span> <span class='ocrx_word' id='word_1_429' title='bbox 2965 3114 3153 3154; x_wconf 90' lang='lat' dir='ltr'><strong>rursus</strong></span> <span class='ocrx_word' id='word_1_430' title='bbox 3186 3109 3237 3155; x_wconf 80' lang='lat' dir='ltr'><strong>et</strong></span> <span class='ocrx_word' id='word_1_431' title='bbox 3268 3102 3441 3169; x_wconf 80' lang='lat' dir='ltr'><strong>maio-</strong></span> 
     </span>
    </p>
   </div>
   <div class='ocr_carea' id='block_1_62' title="bbox 176 3153 1772 3260">
    <p class='ocr_par' dir='ltr' id='par_1_62' title="bbox 176 3153 1772 3240">
     <span class='ocr_line' id='line_1_62' title="bbox 176 3153 1772 3240; baseline 0.019 -37"><span class='ocrx_word' id='word_1_432' title='bbox 176 3153 408 3223; x_wconf 82' lang='grc' dir='ltr'>δωρεῶν</span> <span class='ocrx_word' id='word_1_433' title='bbox 482 3156 754 3224; x_wconf 82' lang='grc' dir='ltr'>μειζόνων</span> <span class='ocrx_word' id='word_1_434' title='bbox 813 3160 1170 3231; x_wconf 82' lang='grc' dir='ltr'>ἐπαγγελίαις</span> <span class='ocrx_word' id='word_1_435' title='bbox 1202 3168 1303 3237; x_wconf 79' lang='grc' dir='ltr'>τὴν</span> <span class='ocrx_word' id='word_1_436' title='bbox 1354 3171 1465 3223; x_wconf 79' lang='grc' dir='ltr'><strong>τῶν</strong></span> <span class='ocrx_word' id='word_1_437' title='bbox 1509 3179 1772 3240; x_wconf 88' lang='grc' dir='ltr'>γενναίων</span> 
     </span>
    </p>
   </div>
   <div class='ocr_carea' id='block_1_63' title="bbox 1879 3153 3444 3260">
    <p class='ocr_par' dir='ltr' id='par_1_63' title="bbox 1879 3181 3444 3260">
     <span class='ocr_line' id='line_1_63' title="bbox 1879 3181 3444 3260; baseline 0.011 -28"><span class='ocrx_word' id='word_1_438' title='bbox 1879 3194 1994 3233; x_wconf 90' lang='lat' dir='ltr'><strong>rum</strong></span> <span class='ocrx_word' id='word_1_439' title='bbox 2024 3181 2289 3237; x_wconf 87' lang='lat' dir='ltr'><strong>donorum</strong></span> <span class='ocrx_word' id='word_1_440' title='bbox 2333 3188 2783 3253; x_wconf 85' lang='lat' dir='ltr'><strong>promissionibus</strong></span> <span class='ocrx_word' id='word_1_441' title='bbox 2820 3193 3233 3260; x_wconf 73' lang='lat' dir='ltr'><strong>aggrediebatur</strong></span> <span class='ocrx_word' id='word_1_442' title='bbox 3275 3195 3444 3248; x_wconf 89' lang='lat' dir='ltr'><strong>emol-</strong></span> 
     </span>
    </p>
   </div>
   <div class='ocr_carea' id='block_1_64' title="bbox 178 3244 1772 3340">
    <p class='ocr_par' dir='ltr' id='par_1_64' title="bbox 178 3244 1772 3327">
     <span class='ocr_line' id='line_1_64' title="bbox 178 3244 1772 3327; baseline 0.018 -32"><span class='ocrx_word' id='word_1_443' title='bbox 178 3244 448 3300; x_wconf 74' lang='grc' dir='ltr'>ἔνστασιν</span> <span class='ocrx_word' id='word_1_444' title='bbox 502 3248 845 3319; x_wconf 79' lang='grc' dir='ltr'>ὑποχαυνοῦν</span> <span class='ocrx_word' id='word_1_445' title='bbox 894 3255 1190 3327; x_wconf 85' lang='grc' dir='ltr'>ἐπεχείρει.</span> <span class='ocrx_word' id='word_1_446' title='bbox 1244 3258 1333 3323; x_wconf 82' lang='grc' dir='ltr'>Ὠς</span> <span class='ocrx_word' id='word_1_447' title='bbox 1382 3261 1439 3314; x_wconf 83' lang='grc' dir='ltr'>δὲ</span> <span class='ocrx_word' id='word_1_448' title='bbox 1466 3264 1561 3316; x_wconf 87' lang='grc' dir='ltr'><strong>ἐπί</strong></span> <span class='ocrx_word' id='word_1_449' title='bbox 1610 3267 1772 3324; x_wconf 86' lang='grc' dir='ltr'>πλέον</span> 
     </span>
    </p>
   </div>
   <div class='ocr_carea' id='block_1_65' title="bbox 1879 3244 3438 3340">
    <p class='ocr_par' dir='ltr' id='par_1_65' title="bbox 1879 3269 3438 3340">
     <span class='ocr_line' id='line_1_65' title="bbox 1879 3269 3438 3340; baseline 0.013 -20"><span class='ocrx_word' id='word_1_450' title='bbox 1879 3269 1972 3324; x_wconf 87' lang='lat' dir='ltr'><strong>Iire</strong></span> <span class='ocrx_word' id='word_1_451' title='bbox 2003 3272 2241 3328; x_wconf 80' lang='lat' dir='ltr'><strong>virorum</strong></span> <span class='ocrx_word' id='word_1_452' title='bbox 2282 3275 2503 3331; x_wconf 79' lang='lat' dir='ltr'><strong>fortium</strong></span> <span class='ocrx_word' id='word_1_453' title='bbox 2544 3282 2924 3336; x_wconf 88' lang='lat' dir='ltr'><strong>constantiam.</strong></span> <span class='ocrx_word' id='word_1_454' title='bbox 2958 3285 3090 3337; x_wconf 89' lang='lat' dir='ltr'><strong>Cum</strong></span> <span class='ocrx_word' id='word_1_455' title='bbox 3116 3296 3291 3340; x_wconf 83' lang='lat' dir='ltr'><strong>autem</strong></span> <span class='ocrx_word' id='word_1_456' title='bbox 3322 3302 3438 3339; x_wconf 86' lang='lat' dir='ltr'><strong>ma-</strong></span> 
     </span>
    </p>
   </div>
   <div class='ocr_carea' id='block_1_66' title="bbox 176 3336 1769 3428">
    <p class='ocr_par' dir='ltr' id='par_1_66' title="bbox 176 3336 1769 3428">
     <span class='ocr_line' id='line_1_66' title="bbox 176 3336 1769 3428; baseline 0.016 -42"><span class='ocrx_word' id='word_1_457' title='bbox 176 3336 387 3406; x_wconf 77' lang='grc' dir='ltr'>ἐπείρα</span> <span class='ocrx_word' id='word_1_458' title='bbox 445 3338 545 3391; x_wconf 73' lang='grc' dir='ltr'>καὶ</span> <span class='ocrx_word' id='word_1_459' title='bbox 583 3339 804 3395; x_wconf 81' lang='grc' dir='ltr'>πλείονα</span> <span class='ocrx_word' id='word_1_460' title='bbox 858 3343 937 3397; x_wconf 73' lang='grc' dir='ltr'>ἔτι</span> <span class='ocrx_word' id='word_1_461' title='bbox 973 3346 1071 3417; x_wconf 80' lang='grc' dir='ltr'>τὴν</span> <span class='ocrx_word' id='word_1_462' title='bbox 1114 3352 1452 3421; x_wconf 72' lang='grc' dir='ltr'>στερρότητα</span> <span class='ocrx_word' id='word_1_463' title='bbox 1503 3359 1769 3428; x_wconf 79' lang='grc' dir='ltr'>κατενόει,</span> 
     </span>
    </p>
   </div>
   <div class='ocr_carea' id='block_1_67' title="bbox 179 3429 1772 3524">
    <p class='ocr_par' dir='ltr' id='par_1_67' title="bbox 179 3429 1772 3524">
     <span class='ocr_line' id='line_1_67' title="bbox 179 3429 1772 3524; baseline 0.019 -47"><span class='ocrx_word' id='word_1_464' title='bbox 179 3429 321 3498; x_wconf 74' lang='grc' dir='ltr'>πρὸς</span> <span class='ocrx_word' id='word_1_465' title='bbox 351 3431 417 3481; x_wconf 82' lang='grc' dir='ltr'>τὸ</span> <span class='ocrx_word' id='word_1_466' title='bbox 452 3432 736 3501; x_wconf 78' lang='grc' dir='ltr'>αὐστηρὸν</span> <span class='ocrx_word' id='word_1_467' title='bbox 764 3430 920 3501; x_wconf 76' lang='grc' dir='ltr'>αὖθις</span> <span class='ocrx_word' id='word_1_468' title='bbox 955 3440 1153 3513; x_wconf 81' lang='grc' dir='ltr'>ἐχώρει</span> <span class='ocrx_word' id='word_1_469' title='bbox 1190 3448 1267 3516; x_wconf 83' lang='grc' dir='ltr'>τῷ</span> <span class='ocrx_word' id='word_1_470' title='bbox 1300 3452 1514 3519; x_wconf 87' lang='grc' dir='ltr'>συνεχεῖ</span> <span class='ocrx_word' id='word_1_471' title='bbox 1539 3452 1639 3521; x_wconf 86' lang='grc' dir='ltr'>τῆς</span> <span class='ocrx_word' id='word_1_472' title='bbox 1673 3470 1772 3524; x_wconf 82' lang='grc' dir='ltr'>με·</span> 
     </span>
    </p>
   </div>
   <div class='ocr_carea' id='block_1_68' title="bbox 176 3518 1773 3614">
    <p class='ocr_par' dir='ltr' id='par_1_68' title="bbox 176 3518 1773 3614">
     <span class='ocr_line' id='line_1_68' title="bbox 176 3518 1773 3614; baseline 0.018 -44"><span class='ocrx_word' id='word_1_473' title='bbox 176 3518 423 3589; x_wconf 70' lang='grc' dir='ltr'>τασολῆς</span> <span class='ocrx_word' id='word_1_474' title='bbox 456 3521 659 3591; x_wconf 77' lang='grc' dir='ltr'>καὶτῷ</span> <span class='ocrx_word' id='word_1_475' title='bbox 692 3528 920 3597; x_wconf 88' lang='grc' dir='ltr'>ποικίλῳ</span> <span class='ocrx_word' id='word_1_476' title='bbox 946 3532 1039 3599; x_wconf 85' lang='grc' dir='ltr'>τῆς</span> <span class='ocrx_word' id='word_1_477' title='bbox 1076 3536 1293 3602; x_wconf 81' lang='grc' dir='ltr'>ὁμιλίας</span> <span class='ocrx_word' id='word_1_478' title='bbox 1324 3518 1686 3614; x_wconf 82' lang='grc' dir='ltr'>θηρᾶσαι</span> <span class='ocrx_word' id='word_1_479' title='bbox 1714 3545 1773 3599; x_wconf 83' lang='grc' dir='ltr'><strong>ἐν</strong></span> 
     </span>
    </p>
   </div>
   <div class='ocr_carea' id='block_1_69' title="bbox 177 3613 1774 3707">
    <p class='ocr_par' dir='ltr' id='par_1_69' title="bbox 177 3613 1774 3707">
     <span class='ocr_line' id='line_1_69' title="bbox 177 3613 1774 3707; baseline 0.017 -44"><span class='ocrx_word' id='word_1_480' title='bbox 177 3613 413 3686; x_wconf 77' lang='grc' dir='ltr'>Χριστῷ</span> <span class='ocrx_word' id='word_1_481' title='bbox 452 3614 737 3687; x_wconf 78' lang='grc' dir='ltr'>ἁπλότητα</span> <span class='ocrx_word' id='word_1_482' title='bbox 778 3618 886 3673; x_wconf 85' lang='grc' dir='ltr'>τῶν</span> <span class='ocrx_word' id='word_1_483' title='bbox 926 3621 1099 3691; x_wconf 81' lang='grc' dir='ltr'>ἁγίων</span> <span class='ocrx_word' id='word_1_484' title='bbox 1131 3628 1160 3680; x_wconf 83' lang='grc' dir='ltr'>ὁ</span> <span class='ocrx_word' id='word_1_485' title='bbox 1203 3628 1415 3693; x_wconf 84' lang='grc' dir='ltr'>σκολιὸς</span> <span class='ocrx_word' id='word_1_486' title='bbox 1444 3613 1774 3707; x_wconf 81' lang='grc' dir='ltr'>μηχανώμε-</span> 
     </span>
    </p>
   </div>
   <div class='ocr_carea' id='block_1_70' title="bbox 175 3723 289 3769">
    <p class='ocr_par' dir='ltr' id='par_1_70' title="bbox 175 3723 289 3769">
     <span class='ocr_line' id='line_1_70' title="bbox 175 3723 289 3769; baseline 0.035 -12"><span class='ocrx_word' id='word_1_487' title='bbox 175 3723 236 3759; x_wconf 88' lang='grc' dir='ltr'><strong>νο</strong></span> <span class='ocrx_word' id='word_1_488' title='bbox 246 3725 289 3769; x_wconf 76' lang='grc' dir='ltr'><strong>ς.</strong></span> 
     </span>
    </p>
   </div>
   <div class='ocr_carea' id='block_1_71' title="bbox 248 3796 1767 3891">
    <p class='ocr_par' dir='ltr' id='par_1_71' title="bbox 248 3796 1767 3891">
     <span class='ocr_line' id='line_1_71' title="bbox 248 3796 1767 3891; baseline 0.016 -39"><span class='ocrx_word' id='word_1_489' title='bbox 248 3796 337 3855; x_wconf 82' lang='grc' dir='ltr'><strong>Η’.</strong></span> <span class='ocrx_word' id='word_1_490' title='bbox 387 3800 552 3854; x_wconf 73' lang='grc' dir='ltr'>Ἐπεὶ</span> <span class='ocrx_word' id='word_1_491' title='bbox 577 3800 634 3856; x_wconf 73' lang='grc' dir='ltr'><strong>δέ</strong></span> <span class='ocrx_word' id='word_1_492' title='bbox 668 3803 761 3857; x_wconf 73' lang='grc' dir='ltr'>καὶ</span> <span class='ocrx_word' id='word_1_493' title='bbox 784 3803 927 3861; x_wconf 72' lang='grc' dir='ltr'>οὕτω</span> <span class='ocrx_word' id='word_1_494' title='bbox 955 3810 1261 3882; x_wconf 81' lang='grc' dir='ltr'>νικώμενος</span> <span class='ocrx_word' id='word_1_495' title='bbox 1288 3808 1356 3887; x_wconf 76' lang='grc' dir='ltr'>ἦν</span> <span class='ocrx_word' id='word_1_496' title='bbox 1389 3816 1485 3872; x_wconf 71' lang='grc' dir='ltr'>καὶ</span> <span class='ocrx_word' id='word_1_497' title='bbox 1518 3818 1637 3874; x_wconf 83' lang='grc' dir='ltr'>οὐδέ</span> <span class='ocrx_word' id='word_1_498' title='bbox 1678 3838 1767 3891; x_wconf 72' lang='grc' dir='ltr'>μισ</span> 
     </span>
    </p>
   </div>
   <div class='ocr_carea' id='block_1_72' title="bbox 176 3890 1771 3981">
    <p class='ocr_par' dir='ltr' id='par_1_72' title="bbox 176 3890 1771 3981">
     <span class='ocr_line' id='line_1_72' title="bbox 176 3890 1771 3981; baseline 0.014 -42"><span class='ocrx_word' id='word_1_499' title='bbox 176 3890 317 3959; x_wconf 79' lang='grc' dir='ltr'>κρδν</span> <span class='ocrx_word' id='word_1_500' title='bbox 354 3891 750 3958; x_wconf 71' lang='grc' dir='ltr'>ὑπενδιδόντας</span> <span class='ocrx_word' id='word_1_501' title='bbox 773 3894 919 3965; x_wconf 77' lang='grc' dir='ltr'>ἐώρα</span> <span class='ocrx_word' id='word_1_502' title='bbox 941 3900 1067 3962; x_wconf 82' lang='grc' dir='ltr'>τοὺς</span> <span class='ocrx_word' id='word_1_503' title='bbox 1092 3903 1399 3972; x_wconf 83' lang='grc' dir='ltr'>μάρτυρας,</span> <span class='ocrx_word' id='word_1_504' title='bbox 1437 3908 1553 3958; x_wconf 84' lang='grc' dir='ltr'>ἀλλ’</span> <span class='ocrx_word' id='word_1_505' title='bbox 1580 3890 1771 3981; x_wconf 83' lang='grc' dir='ltr'>ὥσπερ</span> 
     </span>
    </p>
   </div>
   <div class='ocr_carea' id='block_1_73' title="bbox 175 3980 1770 4066">
    <p class='ocr_par' dir='ltr' id='par_1_73' title="bbox 175 3980 1770 4066">
     <span class='ocr_line' id='line_1_73' title="bbox 175 3980 1770 4066; baseline 0.014 -34"><span class='ocrx_word' id='word_1_506' title='bbox 175 3996 262 4042; x_wconf 87' lang='grc' dir='ltr'><strong>τις</strong></span> <span class='ocrx_word' id='word_1_507' title='bbox 286 3980 529 4050; x_wconf 81' lang='grc' dir='ltr'>ἀλώπηξ</span> <span class='ocrx_word' id='word_1_508' title='bbox 560 3985 733 4054; x_wconf 75' lang='grc' dir='ltr'>ἐφάνη</span> <span class='ocrx_word' id='word_1_509' title='bbox 764 3986 1146 4063; x_wconf 81' lang='grc' dir='ltr'>διαμαχομένη</span> <span class='ocrx_word' id='word_1_510' title='bbox 1189 3994 1324 4066; x_wconf 78' lang='grc' dir='ltr'>πρὸς</span> <span class='ocrx_word' id='word_1_511' title='bbox 1362 3994 1602 4063; x_wconf 79' lang='grc' dir='ltr'>λέοντας,</span> <span class='ocrx_word' id='word_1_512' title='bbox 1635 4001 1770 4054; x_wconf 81' lang='grc' dir='ltr'>ἁπο-</span> 
     </span>
    </p>
   </div>
   <div class='ocr_carea' id='block_1_74' title="bbox 177 4071 1771 4163">
    <p class='ocr_par' dir='ltr' id='par_1_74' title="bbox 177 4071 1771 4163">
     <span class='ocr_line' id='line_1_74' title="bbox 177 4071 1771 4163; baseline 0.013 -38"><span class='ocrx_word' id='word_1_513' title='bbox 177 4072 293 4144; x_wconf 80' lang='grc' dir='ltr'>ρῶν</span> <span class='ocrx_word' id='word_1_514' title='bbox 332 4076 453 4136; x_wconf 85' lang='grc' dir='ltr'>τοῖς</span> <span class='ocrx_word' id='word_1_515' title='bbox 491 4071 660 4139; x_wconf 79' lang='grc' dir='ltr'>ὅλοις,</span> <span class='ocrx_word' id='word_1_516' title='bbox 687 4075 981 4148; x_wconf 80' lang='grc' dir='ltr'>ὑπέρχεται</span> <span class='ocrx_word' id='word_1_517' title='bbox 1007 4084 1205 4154; x_wconf 84' lang='grc' dir='ltr'>τέχνην</span> <span class='ocrx_word' id='word_1_518' title='bbox 1251 4086 1467 4158; x_wconf 83' lang='grc' dir='ltr'>ἐτέραν,</span> <span class='ocrx_word' id='word_1_519' title='bbox 1500 4091 1593 4143; x_wconf 74' lang='grc' dir='ltr'>καὶ</span> <span class='ocrx_word' id='word_1_520' title='bbox 1622 4091 1771 4163; x_wconf 82' lang='grc' dir='ltr'>Κάρ-</span> 
     </span>
    </p>
   </div>
   <div class='ocr_carea' id='block_1_75' title="bbox 176 4166 1766 4249">
    <p class='ocr_par' dir='ltr' id='par_1_75' title="bbox 176 4166 1766 4249">
     <span class='ocr_line' id='line_1_75' title="bbox 176 4166 1766 4249; baseline 0.008 -27"><span class='ocrx_word' id='word_1_521' title='bbox 176 4184 284 4220; x_wconf 74' lang='grc' dir='ltr'><strong>πον</strong></span> <span class='ocrx_word' id='word_1_522' title='bbox 322 4169 429 4235; x_wconf 77' lang='grc' dir='ltr'>μὲν</span> <span class='ocrx_word' id='word_1_523' title='bbox 453 4166 553 4220; x_wconf 79' lang='lat' dir='ltr'><strong>xal.</strong></span> <span class='ocrx_word' id='word_1_524' title='bbox 587 4167 841 4222; x_wconf 84' lang='grc' dir='ltr'>Πάπυλον</span> <span class='ocrx_word' id='word_1_525' title='bbox 870 4172 1262 4242; x_wconf 83' lang='grc' dir='ltr'>ἀποπέμπεται</span> <span class='ocrx_word' id='word_1_526' title='bbox 1294 4180 1424 4241; x_wconf 82' lang='grc' dir='ltr'>τοὺς</span> <span class='ocrx_word' id='word_1_527' title='bbox 1462 4182 1766 4249; x_wconf 85' lang='grc' dir='ltr'>γενναίους,</span> 
     </span>
    </p>
   </div>
   <div class='ocr_carea' id='block_1_76' title="bbox 178 4258 1766 4340">
    <p class='ocr_par' dir='ltr' id='par_1_76' title="bbox 178 4258 1766 4340">
     <span class='ocr_line' id='line_1_76' title="bbox 178 4258 1766 4340; baseline 0.011 -33"><span class='ocrx_word' id='word_1_528' title='bbox 178 4258 450 4327; x_wconf 64' lang='grc' dir='ltr'>ἁσεξαλῶς</span> <span class='ocrx_word' id='word_1_529' title='bbox 505 4259 789 4328; x_wconf 74' lang='grc' dir='ltr'>τηρεῖσθαι</span> <span class='ocrx_word' id='word_1_530' title='bbox 863 4262 1141 4328; x_wconf 74' lang='grc' dir='ltr'>κελεύσας.</span> <span class='ocrx_word' id='word_1_531' title='bbox 1187 4266 1291 4318; x_wconf 73' lang='grc' dir='ltr'><strong>Τὸν</strong></span> <span class='ocrx_word' id='word_1_532' title='bbox 1339 4268 1397 4321; x_wconf 76' lang='grc' dir='ltr'>δὲ</span> <span class='ocrx_word' id='word_1_533' title='bbox 1452 4269 1766 4340; x_wconf 79' lang='grc' dir='ltr'>θαυμαστὸν</span> 
     </span>
    </p>
   </div>
   <div class='ocr_carea' id='block_1_77' title="bbox 189 4350 1765 4427">
    <p class='ocr_par' dir='ltr' id='par_1_77' title="bbox 189 4350 1765 4427">
     <span class='ocr_line' id='line_1_77' title="bbox 189 4350 1765 4427; baseline 0.01 -26"><span class='ocrx_word' id='word_1_534' title='bbox 189 4350 602 4417; x_wconf 76' lang='grc' dir='ltr'>’Δγαθόδωρον.</span> <span class='ocrx_word' id='word_1_535' title='bbox 636 4350 695 4414; x_wconf 76' lang='grc' dir='ltr'>ὃς</span> <span class='ocrx_word' id='word_1_536' title='bbox 727 4354 837 4415; x_wconf 82' lang='grc' dir='ltr'>τοῖς</span> <span class='ocrx_word' id='word_1_537' title='bbox 862 4354 1098 4426; x_wconf 84' lang='grc' dir='ltr'>μάρτυσι</span> <span class='ocrx_word' id='word_1_538' title='bbox 1128 4354 1431 4427; x_wconf 86' lang='grc' dir='ltr'>διηκονεῖτο</span> <span class='ocrx_word' id='word_1_539' title='bbox 1452 4360 1545 4413; x_wconf 81' lang='grc' dir='ltr'>καὶ</span> <span class='ocrx_word' id='word_1_540' title='bbox 1571 4362 1637 4415; x_wconf 86' lang='grc' dir='ltr'><strong>τά</strong></span> <span class='ocrx_word' id='word_1_541' title='bbox 1660 4363 1765 4418; x_wconf 83' lang='grc' dir='ltr'>τῶν</span> 
     </span>
    </p>
   </div>
   <div class='ocr_carea' id='block_1_78' title="bbox 174 4441 1760 4524">
    <p class='ocr_par' dir='ltr' id='par_1_78' title="bbox 174 4441 1760 4524">
     <span class='ocr_line' id='line_1_78' title="bbox 174 4441 1760 4524; baseline 0.012 -33"><span class='ocrx_word' id='word_1_542' title='bbox 174 4442 418 4492; x_wconf 72' lang='grc' dir='ltr'>οἰκετῶν</span> <span class='ocrx_word' id='word_1_543' title='bbox 443 4441 685 4510; x_wconf 80' lang='grc' dir='ltr'>ἔπραττε</span> <span class='ocrx_word' id='word_1_544' title='bbox 713 4444 731 4510; x_wconf 88' lang='grc'>(</span> <span class='ocrx_word' id='word_1_545' title='bbox 757 4444 967 4512; x_wconf 80' lang='grc' dir='ltr'>μάρτυς</span> <span class='ocrx_word' id='word_1_546' title='bbox 994 4449 1087 4499; x_wconf 78' lang='grc' dir='ltr'>καὶ</span> <span class='ocrx_word' id='word_1_547' title='bbox 1118 4451 1281 4510; x_wconf 78' lang='grc' dir='ltr'>αὐτὸς</span> <span class='ocrx_word' id='word_1_548' title='bbox 1314 4452 1415 4522; x_wconf 72' lang='grc' dir='ltr'>ἤδη</span> <span class='ocrx_word' id='word_1_549' title='bbox 1438 4454 1643 4518; x_wconf 72' lang='grc' dir='ltr'>τέλειος</span> <span class='ocrx_word' id='word_1_550' title='bbox 1663 4455 1760 4524; x_wconf 88' lang='grc' dir='ltr'>ὢν,</span> 
     </span>
    </p>
   </div>
   <div class='ocr_carea' id='block_1_79' title="bbox 1871 3361 3439 3439">
    <p class='ocr_par' dir='ltr' id='par_1_79' title="bbox 1871 3361 3439 3439">
     <span class='ocr_line' id='line_1_79' title="bbox 1871 3361 3439 3439; baseline 0.011 -26"><span class='ocrx_word' id='word_1_551' title='bbox 1871 3361 1952 3428; x_wconf 79' lang='lat' dir='ltr'><strong>gis</strong></span> <span class='ocrx_word' id='word_1_552' title='bbox 1983 3370 2265 3429; x_wconf 81' lang='lat' dir='ltr'><strong>tentasset,</strong></span> <span class='ocrx_word' id='word_1_553' title='bbox 2307 3377 2363 3421; x_wconf 88' lang='lat' dir='ltr'><strong>et</strong></span> <span class='ocrx_word' id='word_1_554' title='bbox 2412 3370 2586 3425; x_wconf 88' lang='lat' dir='ltr'><strong>adhuc</strong></span> <span class='ocrx_word' id='word_1_555' title='bbox 2648 3370 2906 3439; x_wconf 82' lang='lat' dir='ltr'><strong>majorem</strong></span> <span class='ocrx_word' id='word_1_556' title='bbox 2963 3374 3439 3431; x_wconf 76' lang='lat' dir='ltr'><strong>animadvertisset</strong></span> 
     </span>
    </p>
   </div>
   <div class='ocr_carea' id='block_1_80' title="bbox 1872 3448 3435 3532">
    <p class='ocr_par' dir='ltr' id='par_1_80' title="bbox 1872 3448 3435 3532">
     <span class='ocr_line' id='line_1_80' title="bbox 1872 3448 3435 3532; baseline 0.013 -32"><span class='ocrx_word' id='word_1_557' title='bbox 1872 3448 2082 3504; x_wconf 88' lang='lat' dir='ltr'><strong>roboris</strong></span> <span class='ocrx_word' id='word_1_558' title='bbox 2108 3452 2437 3517; x_wconf 72' lang='lat' dir='ltr'><strong>firmitatem,</strong></span> <span class='ocrx_word' id='word_1_559' title='bbox 2476 3462 2741 3525; x_wconf 87' lang='lat' dir='ltr'><strong>processit</strong></span> <span class='ocrx_word' id='word_1_560' title='bbox 2762 3477 2947 3516; x_wconf 89' lang='lat' dir='ltr'><strong>rursus</strong></span> <span class='ocrx_word' id='word_1_561' title='bbox 2975 3465 3040 3516; x_wconf 90' lang='lat' dir='ltr'><strong>ad</strong></span> <span class='ocrx_word' id='word_1_562' title='bbox 3064 3466 3435 3532; x_wconf 81' lang='lat' dir='ltr'><strong>acerbitatem,</strong></span> 
     </span>
    </p>
   </div>
   <div class='ocr_carea' id='block_1_81' title="bbox 1871 3539 3438 3619">
    <p class='ocr_par' dir='ltr' id='par_1_81' title="bbox 1871 3539 3438 3619">
     <span class='ocr_line' id='line_1_81' title="bbox 1871 3539 3438 3619; baseline 0.014 -28"><span class='ocrx_word' id='word_1_563' title='bbox 1871 3539 2124 3595; x_wconf 84' lang='lat' dir='ltr'><strong>continua</strong></span> <span class='ocrx_word' id='word_1_564' title='bbox 2164 3545 2482 3611; x_wconf 86' lang='lat' dir='ltr'><strong>mutatione,</strong></span> <span class='ocrx_word' id='word_1_565' title='bbox 2533 3556 2587 3600; x_wconf 90' lang='lat' dir='ltr'><strong>et</strong></span> <span class='ocrx_word' id='word_1_566' title='bbox 2613 3548 2757 3603; x_wconf 81' lang='lat' dir='ltr'><strong>varia</strong></span> <span class='ocrx_word' id='word_1_567' title='bbox 2805 3551 3180 3619; x_wconf 85' lang='lat' dir='ltr'><strong>collocutione,</strong></span> <span class='ocrx_word' id='word_1_568' title='bbox 3210 3557 3438 3613; x_wconf 86' lang='lat' dir='ltr'><strong>moliens</strong></span> 
     </span>
    </p>
   </div>
   <div class='ocr_carea' id='block_1_82' title="bbox 1871 3631 3438 3711">
    <p class='ocr_par' dir='ltr' id='par_1_82' title="bbox 1871 3631 3438 3711">
     <span class='ocr_line' id='line_1_82' title="bbox 1871 3631 3438 3711; baseline 0.011 -26"><span class='ocrx_word' id='word_1_569' title='bbox 1871 3631 2145 3701; x_wconf 88' lang='lat' dir='ltr'><strong>improbus</strong></span> <span class='ocrx_word' id='word_1_570' title='bbox 2191 3638 2375 3692; x_wconf 88' lang='lat' dir='ltr'><strong>venari</strong></span> <span class='ocrx_word' id='word_1_571' title='bbox 2400 3653 2538 3705; x_wconf 88' lang='lat' dir='ltr'><strong>eam,</strong></span> <span class='ocrx_word' id='word_1_572' title='bbox 2574 3657 2694 3711; x_wconf 71' lang='lat' dir='ltr'><strong>qua:</strong></span> <span class='ocrx_word' id='word_1_573' title='bbox 2745 3644 2796 3699; x_wconf 91' lang='lat' dir='ltr'><strong>in</strong></span> <span class='ocrx_word' id='word_1_574' title='bbox 2830 3644 3044 3702; x_wconf 74' lang='lat' dir='ltr'><strong>Christo</strong></span> <span class='ocrx_word' id='word_1_575' title='bbox 3072 3645 3289 3702; x_wconf 77' lang='lat' dir='ltr'><strong>fundata</strong></span> <span class='ocrx_word' id='word_1_576' title='bbox 3319 3657 3438 3704; x_wconf 84' lang='lat' dir='ltr'><strong>erat</strong></span> 
     </span>
    </p>
   </div>
   <div class='ocr_carea' id='block_1_83' title="bbox 1870 3725 2638 3792">
    <p class='ocr_par' dir='ltr' id='par_1_83' title="bbox 1870 3725 2638 3792">
     <span class='ocr_line' id='line_1_83' title="bbox 1870 3725 2638 3792; baseline 0.01 -18"><span class='ocrx_word' id='word_1_577' title='bbox 1870 3732 2180 3775; x_wconf 86' lang='lat' dir='ltr'><strong>sanctorum</strong></span> <span class='ocrx_word' id='word_1_578' title='bbox 2214 3725 2638 3792; x_wconf 85' lang='lat' dir='ltr'><strong>simplicitatem.</strong></span> 
     </span>
    </p>
   </div>
   <div class='ocr_carea' id='block_1_84' title="bbox 1940 3811 3434 3898">
    <p class='ocr_par' dir='ltr' id='par_1_84' title="bbox 1940 3811 3434 3898">
     <span class='ocr_line' id='line_1_84' title="bbox 1940 3811 3434 3898; baseline 0.01 -30"><span class='ocrx_word' id='word_1_579' title='bbox 1940 3811 2071 3869; x_wconf 82' lang='lat' dir='ltr'>VIII.</span> <span class='ocrx_word' id='word_1_580' title='bbox 2098 3813 2230 3869; x_wconf 83' lang='lat' dir='ltr'><strong>Cum</strong></span> <span class='ocrx_word' id='word_1_581' title='bbox 2259 3826 2437 3872; x_wconf 87' lang='lat' dir='ltr'><strong>autem</strong></span> <span class='ocrx_word' id='word_1_582' title='bbox 2467 3819 2545 3874; x_wconf 90' lang='lat' dir='ltr'><strong>sic</strong></span> <span class='ocrx_word' id='word_1_583' title='bbox 2568 3834 2780 3891; x_wconf 85' lang='lat' dir='ltr'><strong>quoque</strong></span> <span class='ocrx_word' id='word_1_584' title='bbox 2812 3824 3141 3890; x_wconf 85' lang='lat' dir='ltr'><strong>vinceretur,</strong></span> <span class='ocrx_word' id='word_1_585' title='bbox 3170 3836 3222 3881; x_wconf 89' lang='lat' dir='ltr'><strong>et</strong></span> <span class='ocrx_word' id='word_1_586' title='bbox 3247 3843 3313 3883; x_wconf 89' lang='lat' dir='ltr'><strong>ne</strong></span> <span class='ocrx_word' id='word_1_587' title='bbox 3335 3844 3434 3898; x_wconf 87' lang='lat' dir='ltr'><strong>pa-</strong></span> 
     </span>
    </p>
   </div>
   <div class='ocr_carea' id='block_1_85' title="bbox 1870 3908 3426 3986">
    <p class='ocr_par' dir='ltr' id='par_1_85' title="bbox 1870 3908 3426 3986">
     <span class='ocr_line' id='line_1_85' title="bbox 1870 3908 3426 3986; baseline 0.009 -27"><span class='ocrx_word' id='word_1_588' title='bbox 1870 3921 1987 3959; x_wconf 89' lang='lat' dir='ltr'><strong>rum</strong></span> <span class='ocrx_word' id='word_1_589' title='bbox 2011 3908 2225 3975; x_wconf 78' lang='lat' dir='ltr'><strong>quidem</strong></span> <span class='ocrx_word' id='word_1_590' title='bbox 2254 3911 2507 3967; x_wconf 84' lang='lat' dir='ltr'><strong>cedentes</strong></span> <span class='ocrx_word' id='word_1_591' title='bbox 2530 3912 3033 3986; x_wconf 85' lang='lat' dir='ltr'><strong>videretmartyres,</strong></span> <span class='ocrx_word' id='word_1_592' title='bbox 3058 3920 3150 3972; x_wconf 89' lang='lat' dir='ltr'><strong>sed</strong></span> <span class='ocrx_word' id='word_1_593' title='bbox 3165 3929 3426 3986; x_wconf 77' lang='lat' dir='ltr'><strong>tanquam</strong></span> 
     </span>
    </p>
   </div>
   <div class='ocr_carea' id='block_1_86' title="bbox 1868 3997 3427 4075">
    <p class='ocr_par' dir='ltr' id='par_1_86' title="bbox 1868 3997 3427 4075">
     <span class='ocr_line' id='line_1_86' title="bbox 1868 3997 3427 4075; baseline 0.011 -26"><span class='ocrx_word' id='word_1_594' title='bbox 1868 3997 2052 4065; x_wconf 86' lang='lat' dir='ltr'><strong>vulpes</strong></span> <span class='ocrx_word' id='word_1_595' title='bbox 2103 3998 2346 4066; x_wconf 61' lang='lat' dir='ltr'><strong>quardam</strong></span> <span class='ocrx_word' id='word_1_596' title='bbox 2408 4003 2557 4058; x_wconf 87' lang='lat' dir='ltr'><strong>visus</strong></span> <span class='ocrx_word' id='word_1_597' title='bbox 2612 4017 2694 4060; x_wconf 87' lang='lat' dir='ltr'><strong>est</strong></span> <span class='ocrx_word' id='word_1_598' title='bbox 2732 4020 2974 4075; x_wconf 78' lang='lat' dir='ltr'><strong>pugnare</strong></span> <span class='ocrx_word' id='word_1_599' title='bbox 3000 4019 3188 4062; x_wconf 76' lang='lat' dir='ltr'><strong>contra</strong></span> <span class='ocrx_word' id='word_1_600' title='bbox 3224 4010 3427 4073; x_wconf 89' lang='lat' dir='ltr'><strong>leones,</strong></span> 
     </span>
    </p>
   </div>
   <div class='ocr_carea' id='block_1_87' title="bbox 1867 4087 3427 4165">
    <p class='ocr_par' dir='ltr' id='par_1_87' title="bbox 1867 4087 3427 4165">
     <span class='ocr_line' id='line_1_87' title="bbox 1867 4087 3427 4165; baseline 0.009 -24"><span class='ocrx_word' id='word_1_601' title='bbox 1867 4087 2033 4143; x_wconf 85' lang='lat' dir='ltr'><strong>animi</strong></span> <span class='ocrx_word' id='word_1_602' title='bbox 2064 4088 2222 4159; x_wconf 83' lang='lat' dir='ltr'><strong>plane</strong></span> <span class='ocrx_word' id='word_1_603' title='bbox 2264 4092 2459 4148; x_wconf 89' lang='lat' dir='ltr'><strong>dubius</strong></span> <span class='ocrx_word' id='word_1_604' title='bbox 2494 4104 2548 4149; x_wconf 90' lang='lat' dir='ltr'><strong>et</strong></span> <span class='ocrx_word' id='word_1_605' title='bbox 2570 4100 2879 4165; x_wconf 83' lang='lat' dir='ltr'><strong>perplexus,</strong></span> <span class='ocrx_word' id='word_1_606' title='bbox 2920 4099 3021 4154; x_wconf 88' lang='lat' dir='ltr'><strong>alia</strong></span> <span class='ocrx_word' id='word_1_607' title='bbox 3069 4113 3183 4157; x_wconf 87' lang='lat' dir='ltr'><strong>arte</strong></span> <span class='ocrx_word' id='word_1_608' title='bbox 3216 4117 3307 4157; x_wconf 88' lang='lat' dir='ltr'><strong>eos</strong></span> <span class='ocrx_word' id='word_1_609' title='bbox 3335 4119 3427 4158; x_wconf 85' lang='lat' dir='ltr'><strong>su-</strong></span> 
     </span>
    </p>
   </div>
   <div class='ocr_carea' id='block_1_88' title="bbox 1869 4184 3424 4263">
    <p class='ocr_par' dir='ltr' id='par_1_88' title="bbox 1869 4184 3424 4263">
     <span class='ocr_line' id='line_1_88' title="bbox 1869 4184 3424 4263; baseline 0.008 -29"><span class='ocrx_word' id='word_1_610' title='bbox 1869 4195 2058 4248; x_wconf 85' lang='lat' dir='ltr'><strong>perare</strong></span> <span class='ocrx_word' id='word_1_611' title='bbox 2084 4184 2425 4251; x_wconf 76' lang='lat' dir='ltr'><strong>aggreditur;</strong></span> <span class='ocrx_word' id='word_1_612' title='bbox 2458 4198 2511 4239; x_wconf 90' lang='lat' dir='ltr'><strong>et</strong></span> <span class='ocrx_word' id='word_1_613' title='bbox 2535 4188 2769 4255; x_wconf 87' lang='lat' dir='ltr'><strong>Carpum</strong></span> <span class='ocrx_word' id='word_1_614' title='bbox 2805 4193 3022 4258; x_wconf 90' lang='lat' dir='ltr'><strong>quidem</strong></span> <span class='ocrx_word' id='word_1_615' title='bbox 3070 4204 3121 4245; x_wconf 91' lang='lat' dir='ltr'><strong>et</strong></span> <span class='ocrx_word' id='word_1_616' title='bbox 3166 4194 3424 4263; x_wconf 86' lang='lat' dir='ltr'><strong>Papylum</strong></span> 
     </span>
    </p>
   </div>
   <div class='ocr_carea' id='block_1_89' title="bbox 1867 4271 3430 4352">
    <p class='ocr_par' dir='ltr' id='par_1_89' title="bbox 1867 4271 3430 4352">
     <span class='ocr_line' id='line_1_89' title="bbox 1867 4271 3430 4352; baseline 0.01 -28"><span class='ocrx_word' id='word_1_617' title='bbox 1867 4271 2010 4325; x_wconf 84' lang='lat' dir='ltr'><strong>viros</strong></span> <span class='ocrx_word' id='word_1_618' title='bbox 2040 4271 2204 4327; x_wconf 80' lang='lat' dir='ltr'><strong>fortes</strong></span> <span class='ocrx_word' id='word_1_619' title='bbox 2231 4288 2294 4329; x_wconf 90' lang='lat' dir='ltr'><strong>ac</strong></span> <span class='ocrx_word' id='word_1_620' title='bbox 2339 4276 2626 4343; x_wconf 71' lang='lat' dir='ltr'><strong>praeclaros</strong></span> <span class='ocrx_word' id='word_1_621' title='bbox 2665 4279 2908 4346; x_wconf 88' lang='lat' dir='ltr'><strong>dimittit,</strong></span> <span class='ocrx_word' id='word_1_622' title='bbox 2939 4282 3139 4352; x_wconf 86' lang='lat' dir='ltr'><strong>jubens</strong></span> <span class='ocrx_word' id='word_1_623' title='bbox 3178 4301 3271 4338; x_wconf 87' lang='lat' dir='ltr'><strong>eos</strong></span> <span class='ocrx_word' id='word_1_624' title='bbox 3314 4297 3430 4341; x_wconf 84' lang='lat' dir='ltr'><strong>tuto</strong></span> 
     </span>
    </p>
   </div>
   <div class='ocr_carea' id='block_1_90' title="bbox 1865 4362 3429 4447">
    <p class='ocr_par' dir='ltr' id='par_1_90' title="bbox 1865 4362 3429 4447">
     <span class='ocr_line' id='line_1_90' title="bbox 1865 4362 3429 4447; baseline 0.01 -31"><span class='ocrx_word' id='word_1_625' title='bbox 1865 4362 2068 4416; x_wconf 86' lang='lat' dir='ltr'><strong>servari</strong></span> <span class='ocrx_word' id='word_1_626' title='bbox 2097 4380 2110 4417; x_wconf 90' lang='lat'><strong>:</strong></span> <span class='ocrx_word' id='word_1_627' title='bbox 2143 4363 2513 4421; x_wconf 86' lang='lat' dir='ltr'><strong>admirabilem</strong></span> <span class='ocrx_word' id='word_1_628' title='bbox 2538 4380 2712 4424; x_wconf 87' lang='lat' dir='ltr'><strong>autem</strong></span> <span class='ocrx_word' id='word_1_629' title='bbox 2745 4372 3169 4441; x_wconf 83' lang='lat' dir='ltr'><strong>Agathodornm,</strong></span> <span class='ocrx_word' id='word_1_630' title='bbox 3201 4378 3291 4447; x_wconf 91' lang='lat' dir='ltr'><strong>qui</strong></span> <span class='ocrx_word' id='word_1_631' title='bbox 3326 4380 3429 4431; x_wconf 69' lang='lat' dir='ltr'><strong>mi.</strong></span> 
     </span>
    </p>
   </div>
   <div class='ocr_carea' id='block_1_91' title="bbox 1868 4452 3425 4535">
    <p class='ocr_par' dir='ltr' id='par_1_91' title="bbox 1868 4452 3425 4535">
     <span class='ocr_line' id='line_1_91' title="bbox 1868 4452 3425 4535; baseline 0.012 -32"><span class='ocrx_word' id='word_1_632' title='bbox 1868 4452 2132 4507; x_wconf 89' lang='lat' dir='ltr'><strong>nistrabat</strong></span> <span class='ocrx_word' id='word_1_633' title='bbox 2159 4456 2507 4525; x_wconf 84' lang='lat' dir='ltr'><strong>martyribus,</strong></span> <span class='ocrx_word' id='word_1_634' title='bbox 2535 4468 2585 4513; x_wconf 91' lang='lat' dir='ltr'><strong>et</strong></span> <span class='ocrx_word' id='word_1_635' title='bbox 2613 4458 2929 4513; x_wconf 81' lang='lat' dir='ltr'><strong>famulorum</strong></span> <span class='ocrx_word' id='word_1_636' title='bbox 2970 4479 3190 4518; x_wconf 88' lang='lat' dir='ltr'><strong>munere</strong></span> <span class='ocrx_word' id='word_1_637' title='bbox 3230 4467 3425 4535; x_wconf 79' lang='lat' dir='ltr'><strong>funge-</strong></span> 
     </span>
    </p>
   </div>
   <div class='ocr_carea' id='block_1_92' title="bbox 175 4518 1772 4626">
    <p class='ocr_par' dir='ltr' id='par_1_92' title="bbox 175 4530 1760 4610">
     <span class='ocr_line' id='line_1_92' title="bbox 175 4530 1760 4610; baseline 0.013 -30"><span class='ocrx_word' id='word_1_638' title='bbox 175 4530 275 4581; x_wconf 70' lang='grc' dir='ltr'>καὶ</span> <span class='ocrx_word' id='word_1_639' title='bbox 325 4530 408 4598; x_wconf 85' lang='grc' dir='ltr'>τῷ</span> <span class='ocrx_word' id='word_1_640' title='bbox 475 4530 610 4597; x_wconf 77' lang='grc' dir='ltr'>περὶ</span> <span class='ocrx_word' id='word_1_641' title='bbox 657 4530 853 4592; x_wconf 73' lang='grc' dir='ltr'>αὐτοὺς</span> <span class='ocrx_word' id='word_1_642' title='bbox 915 4533 1121 4606; x_wconf 78' lang='grc' dir='ltr'>φίλτρῳ</span> <span class='ocrx_word' id='word_1_643' title='bbox 1159 4537 1270 4589; x_wconf 84' lang='grc' dir='ltr'><strong>τῶν</strong></span> <span class='ocrx_word' id='word_1_644' title='bbox 1309 4542 1489 4595; x_wconf 77' lang='grc' dir='ltr'>αὐτῶν</span> <span class='ocrx_word' id='word_1_645' title='bbox 1531 4546 1760 4610; x_wconf 87' lang='grc' dir='ltr'>ἐκείνοις</span> 
     </span>
    </p>
   </div>
   <div class='ocr_carea' id='block_1_93' title="bbox 1879 4518 3423 4626">
    <p class='ocr_par' dir='ltr' id='par_1_93' title="bbox 1879 4518 3423 4626">
     <span class='ocr_line' id='line_1_93' title="bbox 1879 4518 3423 4626; baseline 0.01 -33"><span class='ocrx_word' id='word_1_646' title='bbox 1879 4544 2027 4596; x_wconf 77' lang='lat' dir='ltr'><strong>batur</strong></span> <span class='ocrx_word' id='word_1_647' title='bbox 2071 4544 2185 4613; x_wconf 85' lang='lat' dir='ltr'><strong>(qui</strong></span> <span class='ocrx_word' id='word_1_648' title='bbox 2229 4518 2341 4615; x_wconf 74' lang='lat' dir='ltr'><strong>ipse</strong></span> <span class='ocrx_word' id='word_1_649' title='bbox 2369 4518 2581 4613; x_wconf 85' lang='lat' dir='ltr'><strong>quoque</strong></span> <span class='ocrx_word' id='word_1_650' title='bbox 2609 4547 2717 4616; x_wconf 82' lang='lat' dir='ltr'><strong>jam</strong></span> <span class='ocrx_word' id='word_1_651' title='bbox 2747 4561 2862 4605; x_wconf 83' lang='lat' dir='ltr'><strong>erat</strong></span> <span class='ocrx_word' id='word_1_652' title='bbox 2893 4551 3162 4618; x_wconf 81' lang='lat' dir='ltr'><strong>perfectus</strong></span> <span class='ocrx_word' id='word_1_653' title='bbox 3193 4518 3423 4626; x_wconf 36' lang='lat' dir='ltr'><strong>martyr,</strong></span> 
     </span>
    </p>
   </div>
   <div class='ocr_carea' id='block_1_94' title="bbox 174 4619 1757 4705">
    <p class='ocr_par' dir='ltr' id='par_1_94' title="bbox 174 4619 1757 4705">
     <span class='ocr_line' id='line_1_94' title="bbox 174 4619 1757 4705; baseline 0.01 -33"><span class='ocrx_word' id='word_1_654' title='bbox 174 4621 468 4672; x_wconf 75' lang='grc' dir='ltr'>ἐκοινώνει</span> <span class='ocrx_word' id='word_1_655' title='bbox 504 4619 825 4690; x_wconf 73' lang='grc' dir='ltr'>κολάσεων),</span> <span class='ocrx_word' id='word_1_656' title='bbox 866 4624 1056 4681; x_wconf 75' lang='grc' dir='ltr'>τοῦτον</span> <span class='ocrx_word' id='word_1_657' title='bbox 1086 4628 1339 4684; x_wconf 83' lang='grc' dir='ltr'>ἐκέλευσε</span> <span class='ocrx_word' id='word_1_658' title='bbox 1380 4632 1612 4687; x_wconf 84' lang='grc' dir='ltr'>ταθέντα</span> <span class='ocrx_word' id='word_1_659' title='bbox 1636 4638 1757 4705; x_wconf 81' lang='grc' dir='ltr'>βου-</span> 
     </span>
    </p>
   </div>
   <div class='ocr_carea' id='block_1_95' title="bbox 175 4709 1758 4792">
    <p class='ocr_par' dir='ltr' id='par_1_95' title="bbox 175 4709 1758 4792">
     <span class='ocr_line' id='line_1_95' title="bbox 175 4709 1758 4792; baseline 0.011 -29"><span class='ocrx_word' id='word_1_660' title='bbox 175 4710 399 4778; x_wconf 74' lang='grc' dir='ltr'>νεύροις</span> <span class='ocrx_word' id='word_1_661' title='bbox 444 4709 693 4780; x_wconf 67' lang='grc' dir='ltr'>ἀνηλεῶς</span> <span class='ocrx_word' id='word_1_662' title='bbox 738 4716 1223 4789; x_wconf 70' lang='grc' dir='ltr'>τύπτεσθαιιᾶμα</span> <span class='ocrx_word' id='word_1_663' title='bbox 1273 4722 1372 4790; x_wconf 69' lang='grc' dir='ltr'>μὲν</span> <span class='ocrx_word' id='word_1_664' title='bbox 1416 4724 1605 4777; x_wconf 86' lang='grc' dir='ltr'>λυπεῖν</span> <span class='ocrx_word' id='word_1_665' title='bbox 1631 4728 1758 4792; x_wconf 75' lang='grc' dir='ltr'>τοὺς</span> 
     </span>
    </p>
   </div>
   <div class='ocr_carea' id='block_1_96' title="bbox 177 4801 1757 4883">
    <p class='ocr_par' dir='ltr' id='par_1_96' title="bbox 177 4801 1757 4883">
     <span class='ocr_line' id='line_1_96' title="bbox 177 4801 1757 4883; baseline 0.011 -31"><span class='ocrx_word' id='word_1_666' title='bbox 177 4802 376 4867; x_wconf 79' lang='grc' dir='ltr'>ἁγίους</span> <span class='ocrx_word' id='word_1_667' title='bbox 411 4801 508 4855; x_wconf 85' lang='grc' dir='ltr'><strong>διὰ</strong></span> <span class='ocrx_word' id='word_1_668' title='bbox 567 4802 665 4871; x_wconf 80' lang='grc' dir='ltr'>τῆς</span> <span class='ocrx_word' id='word_1_669' title='bbox 712 4801 851 4874; x_wconf 83' lang='grc' dir='ltr'>πρὸς</span> <span class='ocrx_word' id='word_1_670' title='bbox 877 4805 967 4857; x_wconf 73' lang='grc' dir='ltr'><strong>τὸν</strong></span> <span class='ocrx_word' id='word_1_671' title='bbox 997 4809 1293 4875; x_wconf 85' lang='grc' dir='ltr'>ὁμόπιστον</span> <span class='ocrx_word' id='word_1_672' title='bbox 1321 4814 1611 4882; x_wconf 83' lang='grc' dir='ltr'>τιμωρίας,</span> <span class='ocrx_word' id='word_1_673' title='bbox 1642 4816 1757 4883; x_wconf 75' lang='grc' dir='ltr'>ἅμα</span> 
     </span>
    </p>
   </div>
   <div class='ocr_carea' id='block_1_97' title="bbox 176 4888 1756 4974">
    <p class='ocr_par' dir='ltr' id='par_1_97' title="bbox 176 4888 1756 4974">
     <span class='ocr_line' id='line_1_97' title="bbox 176 4888 1756 4974; baseline 0.011 -33"><span class='ocrx_word' id='word_1_674' title='bbox 176 4888 235 4941; x_wconf 73' lang='grc' dir='ltr'><strong>δι</strong></span> <span class='ocrx_word' id='word_1_675' title='bbox 266 4891 367 4943; x_wconf 76' lang='grc' dir='ltr'>καὶ</span> <span class='ocrx_word' id='word_1_676' title='bbox 404 4892 603 4959; x_wconf 71' lang='grc' dir='ltr'>φοϐεῖν</span> <span class='ocrx_word' id='word_1_677' title='bbox 630 4892 970 4963; x_wconf 79' lang='grc' dir='ltr'>βουλόμενος.</span> <span class='ocrx_word' id='word_1_678' title='bbox 1016 4895 1353 4964; x_wconf 83' lang='grc' dir='ltr'>Ἥμιλλῶντο</span> <span class='ocrx_word' id='word_1_679' title='bbox 1384 4896 1477 4953; x_wconf 81' lang='grc' dir='ltr'>οὖν</span> <span class='ocrx_word' id='word_1_680' title='bbox 1506 4904 1756 4974; x_wconf 80' lang='grc' dir='ltr'>ἀλλήλοις</span> 
     </span>
    </p>
   </div>
   <div class='ocr_carea' id='block_1_98' title="bbox 180 4981 1759 5064">
    <p class='ocr_par' dir='ltr' id='par_1_98' title="bbox 180 4981 1759 5064">
     <span class='ocr_line' id='line_1_98' title="bbox 180 4981 1759 5064; baseline 0.01 -30"><span class='ocrx_word' id='word_1_681' title='bbox 180 4981 443 5053; x_wconf 71' lang='grc' dir='ltr'>ἑκάτεροι</span> <span class='ocrx_word' id='word_1_682' title='bbox 476 4982 506 5033; x_wconf 82' lang='grc' dir='ltr'><strong>ὅ</strong></span> <span class='ocrx_word' id='word_1_683' title='bbox 560 4998 620 5034; x_wconf 82' lang='grc' dir='ltr'><strong>τε</strong></span> <span class='ocrx_word' id='word_1_684' title='bbox 668 4985 912 5050; x_wconf 78' lang='grc' dir='ltr'>κολάζων</span> <span class='ocrx_word' id='word_1_685' title='bbox 962 4987 1223 5059; x_wconf 77' lang='grc' dir='ltr'>δικαστὴς</span> <span class='ocrx_word' id='word_1_686' title='bbox 1272 4993 1363 5045; x_wconf 79' lang='grc' dir='ltr'>καὶ</span> <span class='ocrx_word' id='word_1_687' title='bbox 1392 4993 1421 5046; x_wconf 82' lang='grc' dir='ltr'>ὁ</span> <span class='ocrx_word' id='word_1_688' title='bbox 1453 4995 1700 5064; x_wconf 87' lang='grc' dir='ltr'>μάρτυς·</span> <span class='ocrx_word' id='word_1_689' title='bbox 1730 5001 1759 5051; x_wconf 73' lang='grc' dir='ltr'><strong><em>ὁ</em></strong></span> 
     </span>
    </p>
   </div>
   <div class='ocr_carea' id='block_1_99' title="bbox 178 5070 1757 5153">
    <p class='ocr_par' dir='ltr' id='par_1_99' title="bbox 178 5070 1757 5153">
     <span class='ocr_line' id='line_1_99' title="bbox 178 5070 1757 5153; baseline 0.008 -28"><span class='ocrx_word' id='word_1_690' title='bbox 178 5070 451 5142; x_wconf 82' lang='grc' dir='ltr'>δικαστὴς</span> <span class='ocrx_word' id='word_1_691' title='bbox 476 5071 578 5143; x_wconf 71' lang='grc' dir='ltr'>μιν</span> <span class='ocrx_word' id='word_1_692' title='bbox 606 5071 744 5125; x_wconf 79' lang='grc' dir='ltr'>ὥστε</span> <span class='ocrx_word' id='word_1_693' title='bbox 765 5075 841 5143; x_wconf 79' lang='grc' dir='ltr'>τῷ</span> <span class='ocrx_word' id='word_1_694' title='bbox 872 5077 1061 5147; x_wconf 83' lang='grc' dir='ltr'>πλήθει</span> <span class='ocrx_word' id='word_1_695' title='bbox 1079 5078 1186 5131; x_wconf 83' lang='grc' dir='ltr'><strong>τῶν</strong></span> <span class='ocrx_word' id='word_1_696' title='bbox 1216 5080 1438 5147; x_wconf 82' lang='grc' dir='ltr'>πληγῶν</span> <span class='ocrx_word' id='word_1_697' title='bbox 1466 5084 1558 5135; x_wconf 80' lang='grc' dir='ltr'>τὸν</span> <span class='ocrx_word' id='word_1_698' title='bbox 1588 5082 1757 5153; x_wconf 80' lang='grc' dir='ltr'>ἄνδρα</span> 
     </span>
    </p>
   </div>
   <div class='ocr_carea' id='block_1_100' title="bbox 181 5163 1751 5243">
    <p class='ocr_par' dir='ltr' id='par_1_100' title="bbox 181 5163 1751 5243">
     <span class='ocr_line' id='line_1_100' title="bbox 181 5163 1751 5243; baseline 0.008 -27"><span class='ocrx_word' id='word_1_699' title='bbox 181 5163 344 5227; x_wconf 67' lang='grc' dir='ltr'>ἑλεῖν,</span> <span class='ocrx_word' id='word_1_700' title='bbox 378 5168 411 5217; x_wconf 79' lang='grc' dir='ltr'><strong><em>ὸ</em></strong></span> <span class='ocrx_word' id='word_1_701' title='bbox 447 5164 660 5232; x_wconf 80' lang='grc' dir='ltr'>μάρτυς</span> <span class='ocrx_word' id='word_1_702' title='bbox 692 5164 746 5217; x_wconf 80' lang='grc' dir='ltr'><strong>δέ</strong></span> <span class='ocrx_word' id='word_1_703' title='bbox 772 5166 937 5236; x_wconf 76' lang='grc' dir='ltr'>ἡδέως</span> <span class='ocrx_word' id='word_1_704' title='bbox 956 5168 1103 5223; x_wconf 73' lang='grc' dir='ltr'>οὕτω</span> <span class='ocrx_word' id='word_1_705' title='bbox 1151 5171 1247 5233; x_wconf 75' lang='grc' dir='ltr'><strong>τὰς</strong></span> <span class='ocrx_word' id='word_1_706' title='bbox 1282 5171 1496 5241; x_wconf 79' lang='grc' dir='ltr'>πληγὰς</span> <span class='ocrx_word' id='word_1_707' title='bbox 1526 5175 1751 5243; x_wconf 70' lang='grc' dir='ltr'>δεχόμε-</span> 
     </span>
    </p>
   </div>
   <div class='ocr_carea' id='block_1_101' title="bbox 178 5250 1756 5331">
    <p class='ocr_par' dir='ltr' id='par_1_101' title="bbox 178 5250 1756 5331">
     <span class='ocr_line' id='line_1_101' title="bbox 178 5250 1756 5331; baseline 0.009 -26"><span class='ocrx_word' id='word_1_708' title='bbox 178 5277 287 5326; x_wconf 60' lang='grc' dir='ltr'>νος,</span> <span class='ocrx_word' id='word_1_709' title='bbox 313 5258 395 5319; x_wconf 83' lang='grc' dir='ltr'>ὡς</span> <span class='ocrx_word' id='word_1_710' title='bbox 428 5255 593 5323; x_wconf 74' lang='grc' dir='ltr'>δῆλον</span> <span class='ocrx_word' id='word_1_711' title='bbox 640 5250 959 5311; x_wconf 68' lang='grc' dir='ltr'>εἶναιτοῦτο</span> <span class='ocrx_word' id='word_1_712' title='bbox 990 5261 1059 5313; x_wconf 79' lang='grc' dir='ltr'>δι’</span> <span class='ocrx_word' id='word_1_713' title='bbox 1102 5262 1265 5331; x_wconf 78' lang='grc' dir='ltr'>εὐχῆς</span> <span class='ocrx_word' id='word_1_714' title='bbox 1296 5263 1564 5327; x_wconf 76' lang='grc' dir='ltr'>τίθεσθαι,</span> <span class='ocrx_word' id='word_1_715' title='bbox 1590 5267 1647 5317; x_wconf 70' lang='grc' dir='ltr'><strong>τὸ</strong></span> <span class='ocrx_word' id='word_1_716' title='bbox 1676 5266 1756 5318; x_wconf 85' lang='grc' dir='ltr'>δι·-</span> 
     </span>
    </p>
   </div>
   <div class='ocr_carea' id='block_1_102' title="bbox 177 5347 1754 5423">
    <p class='ocr_par' dir='ltr' id='par_1_102' title="bbox 177 5347 1754 5423">
     <span class='ocr_line' id='line_1_102' title="bbox 177 5347 1754 5423; baseline 0.005 -22"><span class='ocrx_word' id='word_1_717' title='bbox 177 5351 421 5418; x_wconf 76' lang='grc' dir='ltr'>αρκέσαι</span> <span class='ocrx_word' id='word_1_718' title='bbox 474 5347 578 5414; x_wconf 79' lang='grc' dir='ltr'>τὴν</span> <span class='ocrx_word' id='word_1_719' title='bbox 611 5348 896 5419; x_wconf 71' lang='grc' dir='ltr'>ζτιμωρίαν</span> <span class='ocrx_word' id='word_1_720' title='bbox 943 5350 1038 5403; x_wconf 78' lang='grc' dir='ltr'>καὶ</span> <span class='ocrx_word' id='word_1_721' title='bbox 1079 5355 1152 5420; x_wconf 80' lang='grc' dir='ltr'>μὴ</span> <span class='ocrx_word' id='word_1_722' title='bbox 1215 5354 1593 5423; x_wconf 82' lang='grc' dir='ltr'>ἀπαγορεῦσαι</span> <span class='ocrx_word' id='word_1_723' title='bbox 1627 5358 1754 5421; x_wconf 82' lang='grc' dir='ltr'>τοὺς</span> 
     </span>
    </p>
   </div>
   <div class='ocr_carea' id='block_1_103' title="bbox 179 5434 1756 5514">
    <p class='ocr_par' dir='ltr' id='par_1_103' title="bbox 179 5434 1756 5514">
     <span class='ocr_line' id='line_1_103' title="bbox 179 5434 1756 5514; baseline 0.004 -23"><span class='ocrx_word' id='word_1_724' title='bbox 179 5438 464 5499; x_wconf 74' lang='grc' dir='ltr'>κολαστάς</span> <span class='ocrx_word' id='word_1_725' title='bbox 504 5435 785 5500; x_wconf 87' lang='grc' dir='ltr'>παίοντας.</span> <span class='ocrx_word' id='word_1_726' title='bbox 844 5440 930 5501; x_wconf 84' lang='grc' dir='ltr'>Ὠς</span> <span class='ocrx_word' id='word_1_727' title='bbox 983 5434 1075 5492; x_wconf 78' lang='grc' dir='ltr'>οὖν</span> <span class='ocrx_word' id='word_1_728' title='bbox 1106 5440 1166 5492; x_wconf 77' lang='grc' dir='ltr'><strong>τὸ</strong></span> <span class='ocrx_word' id='word_1_729' title='bbox 1214 5446 1549 5514; x_wconf 71' lang='grc' dir='ltr'>μσρτυρικὸν</span> <span class='ocrx_word' id='word_1_730' title='bbox 1578 5446 1756 5499; x_wconf 83' lang='grc' dir='ltr'>ἐκεῖνο</span> 
     </span>
    </p>
   </div>
   <div class='ocr_carea' id='block_1_104' title="bbox 177 5526 1751 5605">
    <p class='ocr_par' dir='ltr' id='par_1_104' title="bbox 177 5526 1751 5605">
     <span class='ocr_line' id='line_1_104' title="bbox 177 5526 1751 5605; baseline 0.005 -23"><span class='ocrx_word' id='word_1_731' title='bbox 177 5532 340 5598; x_wconf 79' lang='grc' dir='ltr'>σῶμα</span> <span class='ocrx_word' id='word_1_732' title='bbox 381 5526 561 5580; x_wconf 73' lang='grc' dir='ltr'>πολὺν</span> <span class='ocrx_word' id='word_1_733' title='bbox 622 5527 723 5600; x_wconf 75' lang='grc' dir='ltr'>ἥδη</span> <span class='ocrx_word' id='word_1_734' title='bbox 777 5532 893 5591; x_wconf 82' lang='grc' dir='ltr'>ταῖς</span> <span class='ocrx_word' id='word_1_735' title='bbox 938 5532 1197 5603; x_wconf 69' lang='grc' dir='ltr'>μάστιξιν</span> <span class='ocrx_word' id='word_1_736' title='bbox 1248 5534 1509 5595; x_wconf 69' lang='grc' dir='ltr'>ἐκρπτετο</span> <span class='ocrx_word' id='word_1_737' title='bbox 1538 5530 1751 5605; x_wconf 69' lang='grc' dir='ltr'>χρόνον,</span> 
     </span>
    </p>
   </div>
   <div class='ocr_carea' id='block_1_105' title="bbox 176 5619 1754 5695">
    <p class='ocr_par' dir='ltr' id='par_1_105' title="bbox 176 5619 1754 5695">
     <span class='ocr_line' id='line_1_105' title="bbox 176 5619 1754 5695; baseline 0.004 -21"><span class='ocrx_word' id='word_1_738' title='bbox 176 5623 422 5691; x_wconf 77' lang='grc' dir='ltr'>αἳματος</span> <span class='ocrx_word' id='word_1_739' title='bbox 460 5619 562 5686; x_wconf 82' lang='grc' dir='ltr'>μὲν</span> <span class='ocrx_word' id='word_1_740' title='bbox 612 5620 798 5691; x_wconf 79' lang='grc' dir='ltr'>ὥσπερ</span> <span class='ocrx_word' id='word_1_741' title='bbox 843 5620 900 5673; x_wconf 78' lang='grc' dir='ltr'><strong>ἐκ</strong></span> <span class='ocrx_word' id='word_1_742' title='bbox 930 5640 1082 5690; x_wconf 81' lang='grc' dir='ltr'>τινος</span> <span class='ocrx_word' id='word_1_743' title='bbox 1118 5623 1302 5694; x_wconf 80' lang='grc' dir='ltr'>πηγῆς</span> <span class='ocrx_word' id='word_1_744' title='bbox 1330 5630 1550 5695; x_wconf 75' lang='grc' dir='ltr'>κρουνοὶ</span> <span class='ocrx_word' id='word_1_745' title='bbox 1582 5631 1754 5683; x_wconf 82' lang='grc' dir='ltr'>ἀνεδί-</span> 
     </span>
    </p>
   </div>
   <div class='ocr_carea' id='block_1_106' title="bbox 177 5711 1750 5789">
    <p class='ocr_par' dir='ltr' id='par_1_106' title="bbox 177 5711 1750 5789">
     <span class='ocr_line' id='line_1_106' title="bbox 177 5711 1750 5789; baseline 0.006 -25"><span class='ocrx_word' id='word_1_746' title='bbox 177 5714 353 5777; x_wconf 80' lang='grc' dir='ltr'>δοντο,</span> <span class='ocrx_word' id='word_1_747' title='bbox 381 5711 672 5780; x_wconf 75' lang='grc' dir='ltr'>σπλάγχνα</span> <span class='ocrx_word' id='word_1_748' title='bbox 688 5712 742 5763; x_wconf 78' lang='grc' dir='ltr'>δὲ</span> <span class='ocrx_word' id='word_1_749' title='bbox 764 5713 852 5780; x_wconf 81' lang='grc' dir='ltr'>τῆς</span> <span class='ocrx_word' id='word_1_750' title='bbox 865 5714 1079 5782; x_wconf 71' lang='grc' dir='ltr'>οἰκείας</span> <span class='ocrx_word' id='word_1_751' title='bbox 1107 5716 1402 5785; x_wconf 77' lang='grc' dir='ltr'>περιῦολῆς</span> <span class='ocrx_word' id='word_1_752' title='bbox 1429 5721 1750 5789; x_wconf 78' lang='grc' dir='ltr'>ἐγυμνοῦτο,</span> 
     </span>
    </p>
   </div>
   <div class='ocr_carea' id='block_1_107' title="bbox 181 5802 1752 5883">
    <p class='ocr_par' dir='ltr' id='par_1_107' title="bbox 181 5802 1752 5883">
     <span class='ocr_line' id='line_1_107' title="bbox 181 5802 1752 5883; baseline 0.007 -29"><span class='ocrx_word' id='word_1_753' title='bbox 181 5805 314 5874; x_wconf 80' lang='grc' dir='ltr'>μύες</span> <span class='ocrx_word' id='word_1_754' title='bbox 367 5804 483 5857; x_wconf 85' lang='grc' dir='ltr'>τῶν</span> <span class='ocrx_word' id='word_1_755' title='bbox 541 5802 800 5873; x_wconf 73' lang='grc' dir='ltr'>ἁρμονιῶν</span> <span class='ocrx_word' id='word_1_756' title='bbox 844 5804 1183 5871; x_wconf 75' lang='grc' dir='ltr'>διεσπῶντο,</span> <span class='ocrx_word' id='word_1_757' title='bbox 1228 5809 1317 5861; x_wconf 75' lang='grc' dir='ltr'><strong>καὶ</strong></span> <span class='ocrx_word' id='word_1_758' title='bbox 1372 5810 1535 5881; x_wconf 75' lang='grc' dir='ltr'><strong>ἠτῆς</strong></span> <span class='ocrx_word' id='word_1_759' title='bbox 1564 5813 1752 5883; x_wconf 82' lang='grc' dir='ltr'>ὀδύνης</span> 
     </span>
    </p>
   </div>
   <div class='ocr_carea' id='block_1_108' title="bbox 1865 4634 3422 4717">
    <p class='ocr_par' dir='ltr' id='par_1_108' title="bbox 1865 4634 3422 4717">
     <span class='ocr_line' id='line_1_108' title="bbox 1865 4634 3422 4717; baseline 0.009 -30"><span class='ocrx_word' id='word_1_760' title='bbox 1865 4640 1918 4687; x_wconf 88' lang='lat' dir='ltr'><strong>et</strong></span> <span class='ocrx_word' id='word_1_761' title='bbox 1942 4647 2039 4686; x_wconf 89' lang='lat' dir='ltr'><strong>suo</strong></span> <span class='ocrx_word' id='word_1_762' title='bbox 2064 4634 2115 4686; x_wconf 89' lang='lat' dir='ltr'><strong>iu</strong></span> <span class='ocrx_word' id='word_1_763' title='bbox 2151 4650 2243 4688; x_wconf 91' lang='lat' dir='ltr'><strong>eos</strong></span> <span class='ocrx_word' id='word_1_764' title='bbox 2274 4650 2456 4689; x_wconf 90' lang='lat' dir='ltr'><strong>amore</strong></span> <span class='ocrx_word' id='word_1_765' title='bbox 2479 4646 2595 4690; x_wconf 90' lang='lat' dir='ltr'><strong>erat</strong></span> <span class='ocrx_word' id='word_1_766' title='bbox 2639 4641 2816 4695; x_wconf 88' lang='lat' dir='ltr'><strong>socius</strong></span> <span class='ocrx_word' id='word_1_767' title='bbox 2866 4645 3179 4699; x_wconf 87' lang='lat' dir='ltr'><strong>eorumdem</strong></span> <span class='ocrx_word' id='word_1_768' title='bbox 3218 4652 3422 4717; x_wconf 81' lang='lat' dir='ltr'><strong>suppli-</strong></span> 
     </span>
    </p>
   </div>
   <div class='ocr_carea' id='block_1_109' title="bbox 1865 4725 3421 4803">
    <p class='ocr_par' dir='ltr' id='par_1_109' title="bbox 1865 4725 3421 4803">
     <span class='ocr_line' id='line_1_109' title="bbox 1865 4725 3421 4803; baseline 0.011 -25"><span class='ocrx_word' id='word_1_769' title='bbox 1865 4725 2137 4791; x_wconf 84' lang='lat' dir='ltr'><strong>ciorum),</strong></span> <span class='ocrx_word' id='word_1_770' title='bbox 2190 4742 2334 4793; x_wconf 86' lang='lat' dir='ltr'><strong>eum,</strong></span> <span class='ocrx_word' id='word_1_771' title='bbox 2385 4731 2625 4800; x_wconf 89' lang='lat' dir='ltr'><strong>inquam,</strong></span> <span class='ocrx_word' id='word_1_772' title='bbox 2669 4731 2827 4800; x_wconf 77' lang='lat' dir='ltr'><strong>jussit</strong></span> <span class='ocrx_word' id='word_1_773' title='bbox 2883 4748 3202 4803; x_wconf 77' lang='lat' dir='ltr'><strong>extensum,</strong></span> <span class='ocrx_word' id='word_1_774' title='bbox 3262 4742 3421 4799; x_wconf 88' lang='lat' dir='ltr'><strong>boum</strong></span> 
     </span>
    </p>
   </div>
   <div class='ocr_carea' id='block_1_110' title="bbox 1866 4816 3424 4895">
    <p class='ocr_par' dir='ltr' id='par_1_110' title="bbox 1866 4816 3424 4895">
     <span class='ocr_line' id='line_1_110' title="bbox 1866 4816 3424 4895; baseline 0.01 -28"><span class='ocrx_word' id='word_1_775' title='bbox 1866 4816 2045 4870; x_wconf 82' lang='lat' dir='ltr'><strong>nervis</strong></span> <span class='ocrx_word' id='word_1_776' title='bbox 2084 4818 2219 4873; x_wconf 72' lang='lat' dir='ltr'><strong>caedi</strong></span> <span class='ocrx_word' id='word_1_777' title='bbox 2251 4820 2767 4884; x_wconf 78' lang='lat' dir='ltr'><strong>imtuiserieorditer,</strong></span> <span class='ocrx_word' id='word_1_778' title='bbox 2795 4826 3180 4895; x_wconf 88' lang='lat' dir='ltr'><strong>simulqnidem</strong></span> <span class='ocrx_word' id='word_1_779' title='bbox 3206 4843 3424 4885; x_wconf 69' lang='lat' dir='ltr'><strong>sanctos</strong></span> 
     </span>
    </p>
   </div>
   <div class='ocr_carea' id='block_1_111' title="bbox 1864 4907 3423 4987">
    <p class='ocr_par' dir='ltr' id='par_1_111' title="bbox 1864 4907 3423 4987">
     <span class='ocr_line' id='line_1_111' title="bbox 1864 4907 3423 4987; baseline 0.01 -30"><span class='ocrx_word' id='word_1_780' title='bbox 1864 4907 2107 4961; x_wconf 84' lang='lat' dir='ltr'><strong>molestia</strong></span> <span class='ocrx_word' id='word_1_781' title='bbox 2143 4907 2353 4963; x_wconf 75' lang='lat' dir='ltr'><strong>allicere</strong></span> <span class='ocrx_word' id='word_1_782' title='bbox 2383 4920 2600 4978; x_wconf 90' lang='lat' dir='ltr'><strong>propter</strong></span> <span class='ocrx_word' id='word_1_783' title='bbox 2647 4913 2943 4967; x_wconf 85' lang='lat' dir='ltr'><strong>cruciatum</strong></span> <span class='ocrx_word' id='word_1_784' title='bbox 2976 4914 3116 4982; x_wconf 84' lang='lat' dir='ltr'><strong>ejus,</strong></span> <span class='ocrx_word' id='word_1_785' title='bbox 3162 4919 3246 4987; x_wconf 86' lang='lat' dir='ltr'><strong>qui</strong></span> <span class='ocrx_word' id='word_1_786' title='bbox 3309 4932 3423 4973; x_wconf 83' lang='lat' dir='ltr'><strong>erat</strong></span> 
     </span>
    </p>
   </div>
   <div class='ocr_carea' id='block_1_112' title="bbox 1862 4998 3425 5082">
    <p class='ocr_par' dir='ltr' id='par_1_112' title="bbox 1862 4998 3425 5082">
     <span class='ocr_line' id='line_1_112' title="bbox 1862 4998 3425 5082; baseline 0.01 -31"><span class='ocrx_word' id='word_1_787' title='bbox 1862 4998 2097 5064; x_wconf 82' lang='lat' dir='ltr'><strong>ejusdem</strong></span> <span class='ocrx_word' id='word_1_788' title='bbox 2135 4999 2275 5061; x_wconf 81' lang='lat' dir='ltr'><strong>tldei,</strong></span> <span class='ocrx_word' id='word_1_789' title='bbox 2308 5011 2361 5054; x_wconf 89' lang='lat' dir='ltr'><strong>et</strong></span> <span class='ocrx_word' id='word_1_790' title='bbox 2400 5001 2723 5058; x_wconf 84' lang='lat' dir='ltr'><strong>terrefacere</strong></span> <span class='ocrx_word' id='word_1_791' title='bbox 2752 5006 2957 5064; x_wconf 80' lang='lat' dir='ltr'><strong>volens.</strong></span> <span class='ocrx_word' id='word_1_792' title='bbox 3020 5007 3245 5075; x_wconf 82' lang='lat' dir='ltr'><strong>Utrique</strong></span> <span class='ocrx_word' id='word_1_793' title='bbox 3294 5027 3425 5082; x_wconf 63' lang='lat' dir='ltr'><strong>erg»</strong></span> 
     </span>
    </p>
   </div>
   <div class='ocr_carea' id='block_1_113' title="bbox 1865 5091 3416 5168">
    <p class='ocr_par' dir='ltr' id='par_1_113' title="bbox 1865 5091 3416 5168">
     <span class='ocr_line' id='line_1_113' title="bbox 1865 5091 3416 5168; baseline 0.01 -28"><span class='ocrx_word' id='word_1_794' title='bbox 1865 5091 2003 5141; x_wconf 88' lang='lat' dir='ltr'><strong>inter</strong></span> <span class='ocrx_word' id='word_1_795' title='bbox 2034 5103 2093 5142; x_wconf 84' lang='lat' dir='ltr'><strong>se</strong></span> <span class='ocrx_word' id='word_1_796' title='bbox 2120 5093 2537 5154; x_wconf 82' lang='lat' dir='ltr'><strong>cuuteudebant,</strong></span> <span class='ocrx_word' id='word_1_797' title='bbox 2570 5110 2759 5164; x_wconf 86' lang='lat' dir='ltr'><strong>nempe</strong></span> <span class='ocrx_word' id='word_1_798' title='bbox 2784 5106 2835 5148; x_wconf 91' lang='lat' dir='ltr'><strong>et</strong></span> <span class='ocrx_word' id='word_1_799' title='bbox 2856 5098 3041 5165; x_wconf 76' lang='lat' dir='ltr'><strong>judex,</strong></span> <span class='ocrx_word' id='word_1_800' title='bbox 3084 5102 3171 5165; x_wconf 86' lang='lat' dir='ltr'><strong>qui</strong></span> <span class='ocrx_word' id='word_1_801' title='bbox 3232 5107 3416 5168; x_wconf 80' lang='lat' dir='ltr'><strong>punie-</strong></span> 
     </span>
    </p>
   </div>
   <div class='ocr_carea' id='block_1_114' title="bbox 1866 5177 3426 5260">
    <p class='ocr_par' dir='ltr' id='par_1_114' title="bbox 1866 5177 3426 5260">
     <span class='ocr_line' id='line_1_114' title="bbox 1866 5177 3426 5260; baseline 0.008 -29"><span class='ocrx_word' id='word_1_802' title='bbox 1866 5177 1973 5236; x_wconf 85' lang='lat' dir='ltr'><strong>bat,</strong></span> <span class='ocrx_word' id='word_1_803' title='bbox 2013 5187 2066 5230; x_wconf 85' lang='lat' dir='ltr'><strong>et</strong></span> <span class='ocrx_word' id='word_1_804' title='bbox 2113 5192 2336 5250; x_wconf 84' lang='lat' dir='ltr'><strong>martyr,</strong></span> <span class='ocrx_word' id='word_1_805' title='bbox 2384 5182 2542 5249; x_wconf 84' lang='lat' dir='ltr'><strong>judex</strong></span> <span class='ocrx_word' id='word_1_806' title='bbox 2580 5184 2815 5251; x_wconf 80' lang='lat' dir='ltr'><strong>quidem,</strong></span> <span class='ocrx_word' id='word_1_807' title='bbox 2850 5196 2907 5240; x_wconf 88' lang='lat' dir='ltr'><strong>ut</strong></span> <span class='ocrx_word' id='word_1_808' title='bbox 2942 5189 3285 5243; x_wconf 82' lang='lat' dir='ltr'><strong>multitudine</strong></span> <span class='ocrx_word' id='word_1_809' title='bbox 3317 5196 3426 5260; x_wconf 69' lang='lat' dir='ltr'><strong>pla-</strong></span> 
     </span>
    </p>
   </div>
   <div class='ocr_carea' id='block_1_115' title="bbox 1864 5280 3420 5349">
    <p class='ocr_par' dir='ltr' id='par_1_115' title="bbox 1864 5280 3420 5349">
     <span class='ocr_line' id='line_1_115' title="bbox 1864 5280 3420 5349; baseline 0.011 -31"><span class='ocrx_word' id='word_1_810' title='bbox 1864 5282 2047 5335; x_wconf 75' lang='lat' dir='ltr'><strong>garum</strong></span> <span class='ocrx_word' id='word_1_811' title='bbox 2080 5285 2200 5324; x_wconf 89' lang='lat' dir='ltr'><strong>eum</strong></span> <span class='ocrx_word' id='word_1_812' title='bbox 2229 5284 2554 5341; x_wconf 65' lang='lat' dir='ltr'><strong>expugnaret</strong></span> <span class='ocrx_word' id='word_1_813' title='bbox 2580 5291 2594 5340; x_wconf 93' lang='lat'><strong>;</strong></span> <span class='ocrx_word' id='word_1_814' title='bbox 2625 5286 2831 5345; x_wconf 83' lang='lat' dir='ltr'><strong>martyr</strong></span> <span class='ocrx_word' id='word_1_815' title='bbox 2866 5288 3067 5341; x_wconf 88' lang='lat' dir='ltr'><strong>autem,</strong></span> <span class='ocrx_word' id='word_1_816' title='bbox 3097 5280 3280 5349; x_wconf 76' lang='lat' dir='ltr'><strong>plagas</strong></span> <span class='ocrx_word' id='word_1_817' title='bbox 3315 5295 3420 5335; x_wconf 69' lang='lat' dir='ltr'><strong>tam</strong></span> 
     </span>
    </p>
   </div>
   <div class='ocr_carea' id='block_1_116' title="bbox 1865 5360 3421 5436">
    <p class='ocr_par' dir='ltr' id='par_1_116' title="bbox 1865 5360 3421 5436">
     <span class='ocr_line' id='line_1_116' title="bbox 1865 5360 3421 5436; baseline 0.01 -22"><span class='ocrx_word' id='word_1_818' title='bbox 1865 5360 2093 5415; x_wconf 79' lang='lat' dir='ltr'><strong>libenter</strong></span> <span class='ocrx_word' id='word_1_819' title='bbox 2148 5364 2440 5431; x_wconf 78' lang='lat' dir='ltr'><strong>accipiens,</strong></span> <span class='ocrx_word' id='word_1_820' title='bbox 2480 5376 2536 5418; x_wconf 91' lang='lat' dir='ltr'><strong>ut</strong></span> <span class='ocrx_word' id='word_1_821' title='bbox 2596 5369 2816 5421; x_wconf 76' lang='lat' dir='ltr'><strong>evidens</strong></span> <span class='ocrx_word' id='word_1_822' title='bbox 2850 5380 3019 5436; x_wconf 71' lang='lat' dir='ltr'><strong>esset,</strong></span> <span class='ocrx_word' id='word_1_823' title='bbox 3044 5386 3163 5424; x_wconf 89' lang='lat' dir='ltr'><strong>eum</strong></span> <span class='ocrx_word' id='word_1_824' title='bbox 3197 5376 3295 5426; x_wconf 79' lang='lat' dir='ltr'><strong>hoc</strong></span> <span class='ocrx_word' id='word_1_825' title='bbox 3331 5376 3421 5428; x_wconf 82' lang='lat' dir='ltr'><strong>ha-</strong></span> 
     </span>
    </p>
   </div>
   <div class='ocr_carea' id='block_1_117' title="bbox 1865 5452 3418 5527">
    <p class='ocr_par' dir='ltr' id='par_1_117' title="bbox 1865 5452 3418 5527">
     <span class='ocr_line' id='line_1_117' title="bbox 1865 5452 3418 5527; baseline 0.01 -23"><span class='ocrx_word' id='word_1_826' title='bbox 1865 5452 1990 5504; x_wconf 89' lang='lat' dir='ltr'><strong>bere</strong></span> <span class='ocrx_word' id='word_1_827' title='bbox 2028 5452 2077 5504; x_wconf 83' lang='lat' dir='ltr'><strong>in</strong></span> <span class='ocrx_word' id='word_1_828' title='bbox 2111 5452 2264 5517; x_wconf 78' lang='lat' dir='ltr'><strong>votis,</strong></span> <span class='ocrx_word' id='word_1_829' title='bbox 2303 5463 2358 5507; x_wconf 92' lang='lat' dir='ltr'><strong>ut</strong></span> <span class='ocrx_word' id='word_1_830' title='bbox 2410 5456 2626 5511; x_wconf 88' lang='lat' dir='ltr'><strong>duraret</strong></span> <span class='ocrx_word' id='word_1_831' title='bbox 2665 5460 3005 5527; x_wconf 84' lang='lat' dir='ltr'><strong>supplicium,</strong></span> <span class='ocrx_word' id='word_1_832' title='bbox 3043 5477 3095 5515; x_wconf 90' lang='lat' dir='ltr'><strong>et</strong></span> <span class='ocrx_word' id='word_1_833' title='bbox 3128 5480 3232 5519; x_wconf 85' lang='lat' dir='ltr'><strong>non</strong></span> <span class='ocrx_word' id='word_1_834' title='bbox 3270 5468 3418 5519; x_wconf 81' lang='lat' dir='ltr'><strong>dera-</strong></span> 
     </span>
    </p>
   </div>
   <div class='ocr_carea' id='block_1_118' title="bbox 1866 5542 3418 5626">
    <p class='ocr_par' dir='ltr' id='par_1_118' title="bbox 1866 5542 3418 5626">
     <span class='ocr_line' id='line_1_118' title="bbox 1866 5542 3418 5626; baseline 0.011 -34"><span class='ocrx_word' id='word_1_835' title='bbox 1866 5542 2163 5611; x_wconf 74' lang='lat' dir='ltr'><strong>tignrentur</strong></span> <span class='ocrx_word' id='word_1_836' title='bbox 2195 5555 2423 5598; x_wconf 82' lang='lat' dir='ltr'><strong>tortores</strong></span> <span class='ocrx_word' id='word_1_837' title='bbox 2451 5546 2723 5604; x_wconf 62' lang='lat' dir='ltr'><strong>ferientes‘.</strong></span> <span class='ocrx_word' id='word_1_838' title='bbox 2751 5552 2882 5607; x_wconf 87' lang='lat' dir='ltr'><strong>Cum</strong></span> <span class='ocrx_word' id='word_1_839' title='bbox 2919 5568 3047 5623; x_wconf 70' lang='lat' dir='ltr'><strong>ergo</strong></span> <span class='ocrx_word' id='word_1_840' title='bbox 3078 5560 3418 5626; x_wconf 84' lang='lat' dir='ltr'><strong>martyrieum</strong></span> 
     </span>
    </p>
   </div>
   <div class='ocr_carea' id='block_1_119' title="bbox 1866 5634 3417 5717">
    <p class='ocr_par' dir='ltr' id='par_1_119' title="bbox 1866 5634 3417 5717">
     <span class='ocr_line' id='line_1_119' title="bbox 1866 5634 3417 5717; baseline 0.012 -33"><span class='ocrx_word' id='word_1_841' title='bbox 1866 5634 1993 5685; x_wconf 86' lang='lat' dir='ltr'><strong>illud</strong></span> <span class='ocrx_word' id='word_1_842' title='bbox 2030 5649 2224 5701; x_wconf 83' lang='lat' dir='ltr'><strong>corpus</strong></span> <span class='ocrx_word' id='word_1_843' title='bbox 2253 5640 2362 5701; x_wconf 83' lang='lat' dir='ltr'><strong>jam</strong></span> <span class='ocrx_word' id='word_1_844' title='bbox 2404 5636 2561 5708; x_wconf 79' lang='lat' dir='ltr'><strong>longo</strong></span> <span class='ocrx_word' id='word_1_845' title='bbox 2586 5649 2823 5709; x_wconf 86' lang='lat' dir='ltr'><strong>tempore</strong></span> <span class='ocrx_word' id='word_1_846' title='bbox 2851 5644 3143 5698; x_wconf 64' lang='lat' dir='ltr'><strong>caederetur</strong></span> <span class='ocrx_word' id='word_1_847' title='bbox 3176 5645 3417 5717; x_wconf 80' lang='lat' dir='ltr'><strong>ﬂagellis,</strong></span> 
     </span>
    </p>
   </div>
   <div class='ocr_carea' id='block_1_120' title="bbox 1863 5726 3421 5803">
    <p class='ocr_par' dir='ltr' id='par_1_120' title="bbox 1863 5726 3421 5803">
     <span class='ocr_line' id='line_1_120' title="bbox 1863 5726 3421 5803; baseline 0.01 -26"><span class='ocrx_word' id='word_1_848' title='bbox 1863 5726 2246 5777; x_wconf 79' lang='lat' dir='ltr'><strong>cmitlebantur</strong></span> <span class='ocrx_word' id='word_1_849' title='bbox 2298 5727 2510 5792; x_wconf 82' lang='lat' dir='ltr'><strong>quidem</strong></span> <span class='ocrx_word' id='word_1_850' title='bbox 2562 5730 2657 5781; x_wconf 75' lang='lat' dir='ltr'><strong>rivi</strong></span> <span class='ocrx_word' id='word_1_851' title='bbox 2707 5736 3004 5801; x_wconf 80' lang='lat' dir='ltr'><strong>sanguinis,</strong></span> <span class='ocrx_word' id='word_1_852' title='bbox 3068 5743 3323 5803; x_wconf 78' lang='lat' dir='ltr'><strong>tanquam</strong></span> <span class='ocrx_word' id='word_1_853' title='bbox 3356 5757 3421 5793; x_wconf 79' lang='lat' dir='ltr'><strong>ex</strong></span> 
     </span>
    </p>
   </div>
   <div class='ocr_carea' id='block_1_121' title="bbox 1862 5813 3424 5891">
    <p class='ocr_par' dir='ltr' id='par_1_121' title="bbox 1862 5813 3424 5891">
     <span class='ocr_line' id='line_1_121' title="bbox 1862 5813 3424 5891; baseline 0.014 -27"><span class='ocrx_word' id='word_1_854' title='bbox 1862 5816 2090 5881; x_wconf 85' lang='lat' dir='ltr'><strong>quodam</strong></span> <span class='ocrx_word' id='word_1_855' title='bbox 2128 5813 2292 5883; x_wconf 78' lang='lat' dir='ltr'><strong>fonte,</strong></span> <span class='ocrx_word' id='word_1_856' title='bbox 2355 5834 2448 5871; x_wconf 87' lang='lat' dir='ltr'><strong>suo</strong></span> <span class='ocrx_word' id='word_1_857' title='bbox 2482 5830 2658 5875; x_wconf 84' lang='lat' dir='ltr'><strong>autem</strong></span> <span class='ocrx_word' id='word_1_858' title='bbox 2699 5824 3059 5891; x_wconf 71' lang='lat' dir='ltr'><strong>integumento</strong></span> <span class='ocrx_word' id='word_1_859' title='bbox 3088 5828 3424 5886; x_wconf 80' lang='lat' dir='ltr'><strong>nudabantur</strong></span> 
     </span>
    </p>
   </div>
  </div>
