4180 6506
730 459 833 519 ll5

2020 449 2300 508 MENSlS
2335 450 2666 511 APRILIS.

3869 453 3963 517 116

732 572 960 632 viscera,
1013 564 1408 621 divellebantur
1458 564 1683 619 niusculi
1744 580 1774 617 a
1832 563 2204 633 compagibus,
2242 571 2283 616 el

2395 562 2644 631 αἴσθησις
2685 563 2850 630 πολλή
2888 581 2970 625 τις
3028 562 3269 632 ἀτεχνῶς
3327 563 3417 614 καὶ
3449 561 3668 631 δριμεῖα
3705 565 3800 615 τὸν
3845 579 3965 629 γεν-

729 674 918 714 sensus
981 656 1184 713 doloris
1235 670 1424 709 revera
1487 669 1711 725 magnus
1747 665 1802 709 et
1835 668 1961 708 acer
2003 652 2292 707 invadebat

731 751 900 803 virum
936 748 1154 803 fortem.
1189 746 1282 801 llle
1317 755 1495 801 autem
1534 746 1758 816 perinde
1785 761 1848 799 ac
1876 745 1921 800 si
1963 745 2162 798 nullam
2193 760 2292 813 pa-

726 848 932 892 teretur
965 835 1288 902 molestiam,
1326 836 1377 889 in
1403 836 1560 890 malis
1596 837 1666 890 ita
1706 843 1824 889 erat
1854 834 2100 900 aﬂ'ectus,
2126 834 2292 889 silen-

727 931 801 982 tio
821 928 1005 984 ferens
1059 928 1281 981 crebros
1335 928 1470 981 ictus
1527 926 1882 997 flagellorum,
1921 935 1975 980 et
2016 927 2124 995 pati
2160 941 2290 995 pro—

728 1029 846 1087 pter
869 1020 1169 1087 Christum,
1201 1021 1409 1076 habens
1431 1020 1566 1075 satis
1598 1034 1848 1089 magnum
1869 1019 2113 1074 dolorum
2143 1020 2291 1074 sola-

726 1111 881 1166 tium.

796 1199 887 1255 ΙΧ.
921 1199 1055 1254 Cum
1081 1212 1259 1257 autem
1282 1201 1395 1272 jam
1425 1201 1670 1257 defessus
1705 1201 1922 1269 quidem
1951 1210 2094 1256 esset
2134 1199 2293 1255 Vale-

725 1289 854 1356 rius,
890 1291 1161 1360 defatigati
1193 1301 1370 1347 autem
1410 1302 1589 1347 essent
1624 1293 1842 1347 lictores
1870 1291 2136 1356 feriendo,
2164 1306 2290 1346 eum

722 1395 851 1436 vero
908 1391 1175 1438 tormenta
1225 1385 1394 1458 magis
1421 1385 1777 1450 lmtilicarent,
1804 1386 2055 1441 Christus
2082 1401 2203 1440 eum
2233 1387 2287 1440 in

721 1472 890 1527 ctelos
926 1477 1179 1541 accersit,
1219 1478 1478 1531 athletam
1505 1478 1665 1548 digne
1709 1487 2084 1532 coronaturus.
2116 1475 2165 1530 ls
2188 1493 2289 1531 au-

725 1573 828 1617 tem
857 1574 913 1618 et
943 1566 1125 1620 statim
1157 1567 1402 1636 spiritum
1428 1567 1482 1621 in
1512 1583 1701 1622 manus
1749 1569 1884 1637 ejus,
1916 1569 2007 1638 qui
2054 1569 2287 1634 vocavit,

724 1663 779 1706 οι
805 1670 998 1723 carpus
1029 1667 1300 1713 mortuum
1340 1660 1562 1714 tradidit
1584 1659 1998 1730 ﬂagellantibus.
2024 1659 2177 1726 Quod
2204 1663 2289 1715 in-

722 1746 988 1813 sepultum
1043 1750 1255 1817 quidem
1288 1749 1389 1804 fuit
1421 1751 1746 1820 projectum,
1785 1761 1844 1805 ut
1870 1752 2222 1807 devci-aretur
2257 1766 2286 1804 a

725 1838 853 1890 feris
880 1848 934 1892 et
958 1829 1198 1904 alitibus,
1225 1857 1348 1895 cum
1381 1845 1452 1895 ita
1476 1841 1724 1910 jussissel
1761 1843 2021 1898 Valerius.
2056 1842 2287 1913 Vespere

720 1939 900 1985 autem
939 1931 1154 2001 quidam
1186 1948 1251 1987 cx
1285 1933 1349 1988 iis
1375 1933 1465 2002 qui
1496 1933 1602 1988 illic
1654 1949 1819 2004 prope
1854 1935 2189 2001 habitabant,
2235 1936 2286 1990 id

720 2021 1054 2077 abscondunt
1075 2023 1125 2077 in
1149 2025 1376 2092 quadam
1403 2028 1700 2095 pr0pinqua
1725 2027 2000 2090 spelunca,
2030 2027 2286 2080 ducentes

721 2112 824 2167 hoc
864 2128 982 2168 esse
1029 2127 1164 2184 opus
1231 2114 1443 2184 benigni
1473 2125 1524 2170 et
1559 2116 1840 2170 clementis
1857 2116 2043 2177 animi,
2080 2128 2173 2171 aut
2209 2118 2285 2171 sic

721 2203 886 2258 etiam
917 2205 1096 2258 divina
1126 2205 1475 2274 dispensante
1498 2207 1860 2261 Providentia.
1885 2206 2152 2271 Quidnam
2191 2224 2285 2261 au-

725 2303 831 2348 tem
869 2306 949 2348 est
984 2304 1167 2365 postea
1213 2298 1606 2351 consecutum?
1645 2296 1892 2352 Valerius
1942 2312 2159 2365 praeses.
2192 2299 2282 2365 qui

721 2396 838 2440 erat
873 2402 1056 2442 revera
1083 2397 1292 2443 versuta
1325 2399 1378 2443 et
1405 2388 1742 2445 fraudulenta
1763 2389 1967 2457 vulpes,
1992 2389 2285 2442 lenioribus

721 2478 901 2532 verbis
952 2488 1172 2534 sanctos
1233 2480 1563 2547 aggreditur,
1613 2481 1804 2533 timens
1843 2480 1999 2543 forte,
2042 2495 2105 2534 ne
2142 2481 2286 2548 ipsos

719 2582 954 2637 quoque,
973 2571 1110 2626 sicut
1124 2572 1236 2639 jam
1254 2572 1417 2624 etiam
1441 2571 1862 2636 Agathodornm,
1887 2573 2172 2626 amitteret.
2196 2571 2281 2623 Οἱς

719 2662 1043 2716 cebaLenim
1080 2679 1094 2716 :
1126 2661 1220 2716 Ille
1251 2661 1469 2731 quidem
1524 2663 1726 2716 invenit
1784 2674 2010 2718 mortem
2065 2664 2281 2733 dignam

722 2753 810 2805 tali
844 2756 1152 2824 arrogantia
1209 2765 1260 2809 et
1294 2754 1554 2816 amentia,
1599 2769 1720 2808 cum
1758 2769 1861 2807 non
1898 2757 2190 2822 paruisset,
2228 2765 2285 2804 nt

723 2844 1057 2897 sacrificaret
1081 2843 1183 2896 diis
1214 2843 1632 2896 immortalibus.
1669 2842 1771 2896 Vos
1803 2853 1978 2895 autem
2009 2859 2126 2895 cum
2163 2844 2284 2898 sitis

717 2933 1008 2999 sapientes,
1042 2948 1140 2988 cur
1167 2949 1270 2988 non
1312 2934 1554 3002 aspicitis
1600 2937 1665 2988 ad
1709 2936 1780 2994 id.
1827 2937 1967 3003 quod
2013 2946 2094 2989 est
2132 2935 2283 2990 vobis

716 3024 1076 3088 conducibile,
1115 3027 1208 3080 sed
1248 3027 1406 3080 vultis
1435 3042 1556 3082 esse
1583 3027 1785 3081 similes
1812 3027 2016 3080 homini
2047 3043 2169 3083 vere
2199 3031 2282 3080 in-

717 3115 883 3179 felici,
911 3118 1000 3186 qui
1037 3132 1134 3186 pro
1163 3119 1269 3171 vita
1303 3127 1356 3171 et
1385 3118 1578 3186 gaudio
1600 3118 1764 3170 stulte
1796 3119 2083 3172 violentam
2147 3133 2283 3171 mor-

2396 656 2541 706 ναῖον
2569 654 2738 724 εἰσῄει
2764 672 2777 686 ο
2813 657 2840 706 6
2865 655 2942 719 δὲ,
2976 655 3224 721 καθάπερ
3256 653 3363 706 τῶν
3393 653 3708 705 λυπούντων
3741 655 3966 721 πάσχων

2394 745 2566 808 ούδᾶν,
2612 745 2786 808 οὕτως
2815 748 2873 798 ὲν
2908 749 3017 808 τοῖς
3066 745 3261 806 δεινοῖς
3289 745 3545 804 διέκειτο,
3570 742 3752 813 ησυχῆ
3775 745 3962 812 φέρων

2394 835 2489 898 τὰς
2515 837 2622 887 τῶν
2655 838 2936 905 μαστίγων
2971 839 3197 904 νιφάδας
3250 835 3342 888 καὶ
3377 836 3437 886 τὸ
3466 835 3553 887 διὰ
3584 835 3828 904 Χριστὸν
3860 836 3961 886 πα-

2395 941 2544 993 σχειν
2569 925 2773 996 ἀρκοῦν
2795 925 2930 994 ἔχων
2963 926 3067 977 τῶν
3098 924 3296 977 ὀδυνῶν
3321 922 3690 992 παραμύθιον.

2461 1196 2538 1250 ϐ’.
2569 1196 2657 1256 '0;
2687 1193 2742 1246 δὲ
2768 1191 3058 1261 ἀπειρήκει
3087 1189 3186 1256 μὲν
3214 1191 3240 1240 6
3262 1186 3552 1257 Οὐαλέριος
3579 1185 3701 1256 ήδη,
3727 1184 3961 1254 ἔκαμνον

2393 1287 2448 1338 δὲ
2477 1288 2526 1339 οἱ
2562 1286 2747 1355 δήμιοι
2777 1283 3054 1342 παίοντες,
3089 1282 3180 1332 τὸν
3213 1277 3270 1330 δὲ
3311 1279 3403 1329 καὶ
3435 1276 3669 1346 ἧγαλλον
3707 1274 3769 1327 αε
3795 1274 3960 1342 βάσα-

2393 1395 2471 1431 νοι
2504 1377 2724 1447 μᾶλλον,
2760 1373 3149 1444 μετακαλεῖται
3202 1369 3302 1439 μὲν
3332 1371 3411 1431 είς
3459 1367 3719 1436 οὐρανοὺς
3765 1368 3794 1417 6
3828 1366 3959 1434 Χρι-

2393 1469 2537 1532 στὸς,
2578 1467 2742 1532 ἀξίως
2771 1460 3135 1532 στεφανώσων
3177 1460 3269 1514 τῦν
3309 1458 3580 1527 ἀθλητήν
3630 1450 3788 1517 οὗτος
3821 1455 3877 1507 δὲ
3904 1454 3960 1506 τὸ

2391 1558 2609 1629 πνεῦμά
2640 1574 2699 1611 τε
2721 1559 2798 1621 είς
2833 1558 3022 1626 χεῖρας
3049 1553 3207 1615 εὐθὺς
3256 1550 3349 1603 τοῦ
3385 1549 3712 1609 καλέσαντος
3772 1545 3870 1598 καὶ
3903 1545 3960 1601 τδ

2390 1651 2551 1722 σῶμα
2581 1648 2774 1720 νεκρὸν
2801 1650 2915 1710 τοῖς
2942 1645 3215 1708 αίκίζουσι
3257 1641 3560 1712 παρετίθει,
3586 1641 3726 1710 ὅπερ
3754 1639 3960 1707 ἄταφον

2392 1744 2492 1814 μὲν
2517 1741 2950 1812 παρερῤίπτετο,
2981 1738 3197 1790 δεῖπνον
3239 1734 3458 1801 ἕτοιμον
3487 1729 3698 1801 θηρίοις
3728 1731 3826 1782 καὶ
3863 1745 3959 1782 πε-

2387 1836 2584 1896 τεινοῖς
2611 1832 2932 1899 ἐκκείμενον
2954 1845 2967 1857 ·
2992 1827 3135 1879 οὕτω
3161 1821 3470 1894 προσταγὲν
3507 1823 3610 1875 ὑπὸ
3637 1819 3957 1890 Οὐαλερίου.

2317 1895 2363 1954 Β
2404 1925 2594 1996 Ὀψίας
2623 1923 2680 1977 δὲ
2703 1921 3028 1990 γενομένης,
3059 1917 3203 1977 τινὲς
3238 1913 3348 1967 τῶν
3382 1915 3496 1966 ἐκεῖ
3522 1911 3961 1981 προσοικούντων

2392 2015 2690 2088 κρύπτουσι
2717 2011 2874 2064 τοῦτο
2903 2008 2960 2062 ἐν
2989 2024 3095 2060 τινι
3129 2002 3458 2074 γειτονοῦντι
3500 1999 3771 2071 σπηλαίῳ,
3801 2001 3962 2069 ἔργον

2389 2105 2774 2178 φιλανθρώπου
2813 2101 2992 2172 ψυχῆς
3045 2097 3351 2160 ποιοῦντες,
3412 2095 3448 2162 ἢ
3500 2093 3591 2145 καὶ
3626 2092 3782 2154 θείας
3819 2092 3961 2144 οὕτω

2388 2199 2643 2270 προνοίας
2671 2194 3083 2263 οίκονομούσης.
3115 2191 3187 2241 Τὸ
3221 2189 3277 2241 δὲ
3311 2186 3449 2255 μετὰ
3487 2183 3662 2238 ταῦτα
3693 2183 3782 2246 τίς
3821 2183 3962 2234 Οὐα-

2385 2294 2563 2361 λέριος
2597 2290 2886 2358 ὁὴγεμὼν,
2911 2288 2945 2355 ἡ
2985 2283 3324 2353 παλίμϐολος
3366 2281 3442 2349 τῷ
3474 2281 3589 2333 ὄντι
3630 2277 3726 2335 καὶ
3765 2277 3962 2346 δολερὰ

2386 2383 2548 2437 πάλιν
2582 2379 2827 2450 ἀλώπηξ,
2870 2375 3200 2447 ὴπιωτέροις
3228 2373 3354 2436 τοὺς
3411 2371 3600 2439 ἁγίους
3650 2369 3960 2440 ὑπέρχεται

2385 2475 2583 2541 λόγοις,
2616 2473 2873 2542 φοϐηθεὶς
2908 2470 3057 2532 ῐσως,
3089 2467 3165 2537 μὴ
3193 2465 3285 2519 καὶ
3311 2464 3530 2527 αὐτοὺς,
3561 2463 3709 2515 ὥσπε
3721 2479 3753 2530 ρ
3779 2463 3847 2530 δὴ
3867 2460 3960 2512 καὶ

2398 2566 2787 2634 Ἀγαθόδωρον,
2815 2565 2918 2633 ἥδη
2942 2558 3249 2631 ζημιωθείη
3268 2576 3282 2589 ο
3309 2555 3463 2625 ἔλεγε
3482 2555 3618 2624 γάρ’
3635 2554 3728 2616 Ὠς
3755 2555 3960 2614 ἐκεῖνος

2387 2662 2484 2729 μιν
2520 2659 2669 2720 ἄξιον
2709 2656 2966 2716 ἀπονοίας
2996 2652 3255 2720 τοιαύτης
3283 2649 3516 2703 θάνατον
3546 2639 3697 2716 εὗρε.
3735 2644 3812 2714 μὴ
3841 2660 3960 2696 τει-

2387 2748 2533 2810 σθεὶς
2565 2747 2724 2798 θῦσαι
2753 2748 2866 2805 τοῖς
2899 2742 3187 2803 ἀθανάτοις
3233 2742 3402 2804 θεοῖς’
3448 2739 3606 2794 αὐτοὶ
3644 2737 3704 2790 δὲ
3747 2734 3962 2787 συνετοὶ

2384 2840 2559 2902 ὄντες,
2595 2837 2741 2899 τίνος
2805 2835 2871 2888 ἂν
2900 2834 3060 2905 χάριν
3100 2832 3159 2883 ού
3205 2829 3342 2900 προς
3398 2832 3459 2882 τὺ
3514 2829 3800 2898 συμφέρον
3829 2827 3958 2894 ὑμῖν

2381 2931 2746 3000 ἀποϐλέψητε,
2773 2927 2887 2980 ἀλλ’
2931 2921 3328 2993 ἑξομοιωθῆναι
3377 2919 3644 2989 θελήσητε
3678 2916 3957 2986 ἀνθρώπῳ

2381 3024 2571 3085 δεινῶς
2596 3021 2978 3086 κικοδαίμονι,
3001 3016 3126 3070 ἀντὶ
3144 3012 3239 3068 τοῦ
3273 3012 3374 3084 ζῇν
3409 3012 3503 3066 καὶ
3536 3009 3751 3080 χαίρειν
3799 3008 3961 3076 ἀνοήο

2383 3132 2490 3176 τως
2530 3115 2704 3182 βίαιον
2741 3112 2972 3165 θάνατον
3030 3108 3306 3178 ἑλομένῳς
3337 3106 3461 3173 ,Καὶ
3499 3103 3672 3157 ταῦτα
3715 3100 3821 3172 μὲν
3856 3096 3961 3154 οὖν

720 3217 825 3263 tem
879 3207 1076 3276 elegit?
1104 3206 1169 3261 Et
1210 3209 1322 3261 lure
1357 3207 1571 3276 quidem
1619 3205 1882 3262 Valerius.
1920 3208 2054 3262 Cum
2099 3220 2276 3264 autem

2383 3207 2696 3277 Οὐαλέριος.
2741 3205 2891 3258 Ἐπεὶ
2921 3203 3014 3257 καὶ
3045 3202 3167 3262 τοὺς
3198 3199 3385 3268 ἁγίους
3425 3198 3588 3268 ἠκουε
3615 3193 3821 3286 πολλὴν
3857 3191 3960 3262 μὲν

720 3296 1012 3352 audivisset
1035 3309 1251 3353 sanctos
1284 3313 1406 3353 eum
1455 3315 1662 3371 magnae
1724 3316 1982 3356 accusare
2040 3302 2281 3357 stultitia:

2382 3299 2548 3354 αὑτοῦ
2579 3296 3089 3363 καταγινώσκοντας
3140 3291 3352 3353 ἄνοιαν,
3404 3289 3568 3340 ἕνεκα
3600 3285 3698 3353 τῆς
3755 3283 3959 3349 ἀλόγου

718 3398 940 3456 propter
963 3390 1063 3444 hoc
1087 3405 1114 3443 a
1147 3390 1357 3445 ratione
1395 3390 1628 3445 alienum
1653 3391 1959 3452 consilium,
1993 3407 2050 3446 se
2102 3401 2278 3446 autem

720 3489 848 3533 tunc
878 3479 1287 3549 conspiciendos
1316 3480 1471 3549 plane
1491 3478 1678 3536 felices
1705 3496 1770 3536 ac
1787 3480 1973 3535 beatos
1999 3484 2277 3546 arbitrari,

717 3570 936 3637 quando
962 3570 1278 3631 violentam,
1311 3586 1431 3640 quae
1461 3572 1602 3639 apud
1636 3588 1757 3627 eum
1779 3573 2007 3635 videtur,
2045 3576 2280 3642 Agatho-

719 3657 840 3711 dori
869 3667 1094 3711 mortem
1130 3659 1321 3713 imitati
1371 3658 1568 3712 fuerint
1602 3676 1615 3711 :
1647 3660 1829 3713 relicta
1880 3675 2066 3714 rursus
2093 3677 2280 3716 emen-

719 3747 812 3800 tita
847 3745 1156 3812 clementia,
1187 3747 1252 3800 ad
1281 3747 1329 3802 ei
1357 3759 1671 3805 consuetam
1711 3760 1761 3805 et
1789 3758 1992 3822 gratam
2033 3767 2278 3808 reversus

718 3845 801 3890 est
823 3836 1089 3890 feritatem
1121 3854 1136 3890 :
1173 3847 1228 3891 et
1256 3852 1314 3892 ea
1352 3837 1500 3902 facit,
1535 3855 1655 3908 qua:
1691 3841 1860 3908 ipsam
1897 3844 2107 3895 decent.
2139 3842 2280 3895 Lon-

718 3942 784 3996 ge
803 3928 944 3980 enim
978 3927 1341 3994 profecturus,
1375 3943 1402 3981 a
1428 3930 1644 3985 civitate
1676 3930 2044 3987 Sardanorum
2079 3931 2279 4002 Perga-

721 4033 864 4070 mum
939 4031 1108 4084 usque
1142 4014 1292 4083 iubet
1350 4017 1527 4084 ipsum
1581 4021 1733 4087 sequi
1765 4030 2021 4076 sanctos:
2052 4030 2106 4076 et
2136 4025 2279 4089 cogit

718 4123 810 4161 eos
854 4109 969 4174 pari
1020 4122 1180 4174 passu
1205 4107 1432 4176 pedibus
1463 4124 1684 4166 currere
1713 4126 1834 4166 cum
1865 4115 2022 4181 equis
2047 4116 2280 4181 pernici-

719 4201 840 4261 bus,
895 4203 954 4249 ut
984 4194 1167 4251 labore
1200 4211 1395 4253 cursus
1440 4198 1738 4270 defatigati,
1759 4200 1887 4270 quid
1919 4201 2086 4268 aliud,
2117 4215 2280 4270 quam

718 4287 872 4341 inviti
904 4296 1243 4341 mutarentur
1271 4298 1324 4343 et
1359 4293 1814 4360 persuaderentur
1857 4294 2084 4348 adorare
2112 4295 2279 4349 simu-

715 4377 863 4430 lacra
887 4376 908 4428 ?
934 4374 1117 4428 Sancti
1148 4384 1352 4440 autem,
1382 4379 1524 4444 quod
1551 4395 1654 4433 non
1684 4395 1831 4438 esset
1852 4384 2024 4453 maior
2059 4399 2276 4451 cursus,

717 4483 835 4522 eam
869 4481 981 4522 rem
1019 4465 1405 4524 existimabant
1434 4471 1714 4528 detrahere
1749 4475 1815 4532 de
1863 4478 2156 4546 voluptate.
2187 4477 2279 4533 Sic

2386 3392 2697 3461 συμὸουλῆς
2729 3389 2957 3454 ταύτης,
2983 3384 3180 3446 αὐτοὺς
3206 3384 3262 3435 δι
3294 3382 3415 3433 τότε
3439 3378 3715 3449 ζηλωτοὺς
3751 3374 3959 3446 μᾶλλον

2382 3485 2476 3537 καὶ
2528 3480 2831 3550 μακαρίους
2868 3474 3223 3545 ὀφθήσεσθαι,
3286 3473 3376 3524 ὅτε
3412 3471 3502 3524 τὸν
3531 3467 3796 3522 δοκοῦντα
3819 3465 3958 3536 παρ’

2382 3573 2529 3642 αύτῷ
2571 3573 2745 3642 βίαιον
2785 3569 3016 3624 θάνατον
3077 3566 3172 3620 τοῦ
3213 3560 3584 3631 Ἀγαθοδώρου
3627 3561 3956 3630 μνήσονται,

2381 3665 2661 3719 ἀπολιπὼν
2681 3665 2842 3717 πάλιν
2870 3664 2968 3733 τὴν
2991 3661 3332 3732 ἐψευσμένην
3356 3655 3791 3726 φιλανθρωπίαν,
3815 3651 3958 3722 πρὸς

2380 3759 2476 3827 τὴν
2499 3757 2644 3825 αύτῷ
2677 3757 2882 3824 συνήθη
2920 3756 3011 3806 καὶ
3038 3754 3199 3820 φίλην
3234 3749 3504 3815 ἐπανῆλθε
3535 3745 3834 3815 θηριωδίαν
3859 3744 3957 3796 καὶ

2379 3850 2449 3902 τὰ
2479 3847 2824 3914 προσήκοντα
2851 3845 3021 3896 ταῦτα
3079 3843 3223 3892 ποιεῖ
3249 3855 3261 3868 ·
3316 3838 3536 3908 μακρὰν
3587 3835 3697 3905 γὰρ
3734 3835 3952 3886 ὁδοιποο

2382 3938 2504 4011 ρίαν
2526 3935 2838 3991 στείλασθαι
2872 3934 3085 4004 μέλλων
3112 3931 3218 3985 ἀπδ
3250 3931 3349 3999 τῆς
3382 3925 3694 3998 Σαρδιανῶν
3738 3923 3954 3986 πόλεως

2380 4029 2516 4097 πρὸς
2552 4027 2652 4094 τὴν
2703 4026 3018 4094 Πέργαμον,
3068 4020 3382 4074 ἀκολουθεῖν
3409 4016 3560 4086 αύτῷ
3585 4013 3804 4069 κελεύει
3857 4014 3954 4066 καὶ

2380 4117 2507 4177 τοὺς
2534 4114 2843 4180 ἁγίουςκαὶ
2888 4112 2966 4182 τῷ
2987 4111 3140 4180 τάχει
3165 4111 3272 4163 τῶν
3313 4111 3496 4162 ἵππων
3526 4105 3846 4174 συντρέχειν
3886 4105 3953 4156 ἐκ

2381 4206 2538 4269 ποδὸς
2569 4204 2891 4273 ἀναγκάζει,
2924 4203 3010 4257 ἵνα
3041 4203 3175 4272 πρὸς
3206 4202 3300 4254 τὸν
3327 4201 3391 4252 ὲκ
3423 4197 3517 4251 τοῦ
3549 4197 3753 4266 δρόμου
3783 4196 3950 4248 κόπον

2381 4296 2861 4367 ἀπαγορεύσαντες
2901 4297 2989 4366 (τί
3020 4311 3082 4362 γε
3109 4293 3236 4346 ἄλλο
3260 4290 3310 4358 ;)
3337 4290 3369 4358 ἢ
3399 4291 3492 4339 καὶ
3522 4288 3750 4347 ἄκοντες
3780 4302 3951 4354 μετα-

2381 4390 2631 4444 ὕαλοιντο
2663 4388 2757 4440 καὶ
2788 4387 3086 4448 πεισθεῖεν,
3130 4379 3324 4434 εἴδωλα
3344 4378 3692 4447 προσκυνεῖν.
3714 4377 3776 4428 Οἱ
3803 4376 3951 4442 ἂγιοι

2380 4478 2456 4543 δε,
2496 4479 2578 4530 ὅτι
2604 4475 2683 4546 μὴ
2708 4477 2803 4528 καὶ
2823 4473 3022 4528 πλείων
3048 4475 3076 4527 ὀ
3101 4471 3298 4542 δρόμος
3321 4465 3412 4540 ἦν,
3444 4468 3634 4535 ἡδονῆς
3666 4464 3863 4534 ὕφεσιν
3890 4466 3951 4517 τὸ

716 4560 975 4630 quidquid
1031 4573 1252 4635 propter
1307 4565 1580 4621 Christum
1642 4566 1993 4632 inferebatur,
2017 4583 2120 4622 non
2156 4583 2274 4624 mo-

2382 4568 2613 4636 πρᾶγμα
2647 4564 2880 4636 ἡγοῦντο
2903 4581 2915 4593 ’
2947 4564 3092 4619 οὕτω
3121 4565 3231 4616 πᾶν
3264 4561 3326 4614 τὸ
3354 4559 3439 4613 διὰ
3479 4559 3713 4628 Χριστὸν
3748 4557 3952 4624 ἑπαγό-

716 4651 948 4719 lestiam,
978 4655 1070 4708 sed
1117 4670 1366 4725 magnam
1414 4659 1590 4727 petius
1615 4657 1876 4713 afferebat
1916 4658 2176 4724 laetitiam,
2218 4668 2278 4714 ut

719 4744 859 4810 quod
892 4752 1036 4798 esset
1066 4745 1147 4800 eis
1189 4760 1377 4814 magna
1409 4747 1795 4802 demonstratio
1816 4749 1897 4803 sui
1924 4751 1972 4803 iu
2001 4750 2270 4807 Christum

719 4832 988 4887 desiderii.

784 4923 847 4976 Χ.
881 4924 1012 4978 Cum
1037 4941 1163 4996 ergo
1213 4929 1264 4981 in
1312 4928 1443 4982 tanti
1485 4941 1679 4983 cursus
1711 4924 1891 4983 labore
1914 4927 2056 4981 diem
2097 4935 2275 4983 trans-

716 5016 974 5083 egissent,
1042 5027 1203 5086 atque
1247 5018 1313 5070 ad
1369 5017 1611 5072 dolorem
1639 5018 1922 5072 vulnerum
1948 5033 2166 5072 suorum
2195 5019 2278 5090 (ut

712 5121 837 5160 cum
865 5108 1049 5163 divino
1074 5109 1236 5165 David
1273 5111 1447 5165 dicam
1483 5110 1524 5177 ’)
1551 5109 1652 5166 hoe
1693 5126 1906 5179 quoque
1921 5121 2064 5167 esset
2082 5115 2158 5168 eis
2179 5114 2275 5168 ad-

718 5201 911 5262 ditum,
936 5200 1206 5269 simulque
1238 5211 1523 5256 consecuta
1559 5201 1752 5256 fuisset
1791 5203 2061 5267 custodia,
2086 5211 2139 5257 et
2171 5218 2273 5258 nox

709 5289 822 5355 jam
851 5290 1214 5354 adventasset,
1239 5292 1478 5363 angelica
1503 5292 1744 5359 quadam
1794 5301 1848 5346 et
1889 5293 2070 5346 divina
2108 5293 2277 5348 virtus

715 5380 792 5431 eis
845 5393 1128 5449 apparens.
1160 5383 1369 5437 curavit
1403 5397 1586 5437 eorum
1631 5382 1871 5448 vulnera,
1900 5394 1955 5439 et
2009 5385 2071 5436 ad
2105 5395 2272 5440 certa-

720 5468 865 5519 mina
920 5469 1261 5539 suscipienda
1298 5473 1380 5528 eis
1413 5472 1670 5540 majorem
1732 5471 1924 5527 indidit
1967 5473 2128 5528 animi
2157 5473 2269 5532 alr

721 5556 987 5606 nitatem.
1021 5558 1152 5611 Cum
1183 5576 1311 5630 ergo
1343 5578 1500 5617 mane
1534 5567 1856 5620 surrexisset
1891 5566 2158 5630 Valerius,
2183 5567 2268 5634 ju-

729 5641 888 5694 bebat
945 5659 1038 5696 eos
1086 5648 1309 5714 ingredi,
1343 5653 1407 5706 ab
1447 5653 1679 5706 laborem
1728 5657 2058 5709 solummodo
2088 5667 2142 5708 et
2180 5657 2272 5709 lie.

803 5796 822 5825 ‘
851 5794 984 5847 Psal.
1036 5813 1212 5860 [λι-ιιι,
1252 5801 1338 5852 ‘27.

2382 4673 2544 4727 μενον
2577 4658 2638 4710 οὐ
2658 4647 2865 4726 λύπην,
2909 4655 3044 4708 ἀλλὰ
3095 4653 3296 4725 πολλὴν
3349 4650 3548 4722 μᾶλλον
3581 4649 3818 4704 ἐνεποίει
3851 4647 3950 4717 τὴν

2375 4750 2743 4819 εὐφροσύνην,
2773 4744 3027 4815 καθάπερ
3065 4745 3340 4809 ἀπόδειξις
3374 4742 3557 4804 αὐτοῖς
3605 4739 3700 4794 τοῦ
3749 4735 3952 4792 πολλοῦ

2376 4844 2542 4898 πίθου
2565 4839 2660 4893 τοῦ
2685 4837 2928 4910 πρδςςτὸν
2961 4835 3170 4904 Ἰησοῦν
3190 4835 3506 4904 γενομένον.

2447 4932 2504 4989 l'.
2530 4932 2625 5003 Τῷ
2657 4931 2787 5001 γοῦν
2809 4929 2901 4982 τοῦ
2935 4929 3190 4982 τοσούτου
3223 4927 3424 4997 δρόμου
3471 4925 3706 4996 καμάτῳ
3758 4925 3951 4996 διημι.

2378 5021 2667 5092 ρεύσαντες
2717 5020 2808 5073 ἐπὶ
2840 5017 2914 5087 τῷ
2952 5019 3108 5086 ἄλγει
3145 5031 3203 5068 τε
3235 5015 3344 5069 τῶν
3378 5016 3710 5086 τραυμάτων
3739 5017 3946 5078 αὐτῶν,

2377 5114 2514 5168 κατὰ
2538 5112 2629 5164 τὸν
2645 5109 2786 5164 θεῖον
2812 5109 2975 5178 φάναι
2996 5105 3184 5170 Δαυὶδ,
3206 5107 3299 5160 καὶ
3323 5108 3514 5160 τούτου
3550 5106 3949 5174 προστεθέντος

2373 5204 2582 5266 αὐτοῖς,
2627 5196 2746 5253 εἶτα
2777 5201 2870 5254 καὶ
2926 5196 3172 5267 φυλακῆς
3217 5199 3391 5252 ταῦτα
3419 5195 3833 5265 διαδεξαμένης,
3861 5217 3950 5251 νυ-

2374 5296 2499 5360 κτὸς
2530 5296 2924 5364 ἐπιγενομένης
2968 5296 3090 5366 ήδη,
3139 5292 3406 5362 ἁγγελική
3453 5308 3534 5352 τις
3577 5290 3674 5343 καὶ
3695 5291 3950 5359 θειοτέρα

2373 5389 2603 5460 δύναμις
2631 5387 2901 5441 ἐπιστᾶσα
2932 5389 3272 5459 ἐθεράπευσε
3303 5403 3360 5439 τε
3390 5388 3570 5449 αὐτοῖς
3601 5386 3700 5446 τὰς
3731 5385 3948 5455 πληγὰς

2377 5483 2471 5534 καὶ
2515 5479 2737 5551 μείζονα
2757 5480 2893 5550 πρὸς
2914 5484 3039 5543 τοὺς
3061 5481 3279 5550 ἀγῶνας
3299 5479 3398 5550 τὴν
3427 5478 3734 5549 προθυμίαν
3759 5477 3946 5547 meq-

2379 5589 2493 5625 κεν.
2527 5573 2821 5642 Οὐαλέριος
2847 5574 3047 5638 τοίνυν,
3081 5572 3251 5626 ἔωθεν
3281 5572 3539 5634 ἀναστὰς.
3570 5568 3814 5639 βαδίζειν
3845 5570 3942 5623 αὖ·

2380 5663 2502 5722 τοὺς
2531 5664 2744 5714 ἐκέλευε
2785 5665 2915 5732 πρὸς
2955 5667 3047 5717 τὸν
3083 5664 3239 5717 πόνον
3287 5663 3471 5724 ἁπλῶς
3502 5665 3592 5716 καὶ
3624 5662 3723 5734 τὴν
3759 5662 3940 5718 ταλαιυ
