4180 6468
193 370 291 435 ll?

1260 384 1436 444 VITA
1477 390 1537 448 S.
1584 391 1808 453 CARPI
1855 396 1947 458 ET
1993 398 2414 463 SOCIORUM.

3340 406 3441 469 118

184 490 406 559 πωρίαν
437 492 543 560 τῆς
611 492 739 561 χθὲς
770 492 986 562 ἡμέρας
1041 494 1377 550 ἀποσκοπῶν
1429 503 1521 555 καὶ
1546 502 1769 573 οίόμενος

1886 518 2082 566 sternte
2114 513 2219 569 diei
2248 515 2516 586 aspiciens
2536 517 2898 582 aﬂtictionem,
2928 528 2979 574 ct
3002 520 3319 574 existimans
3347 534 3445 573 eos

182 580 339 649 μόλις
370 582 443 635 ἀν
486 585 593 637 καὶ
621 584 1068 654 βασταζομένους
1087 585 1188 655 τὴν
1215 587 1335 641 ὁδὸν
1368 590 1561 646 ἀνύσαι
1586 611 1598 624 -
1630 596 1702 659 ὡς
1728 598 1784 651 δὲ

1887 599 1969 653 vix
2000 604 2213 658 tandem
2247 615 2488 675 portatas
2535 608 2641 663 lter
2676 624 2823 677 posse
2850 610 3140 665 coniicere.
3171 610 3307 663 Cum
3342 626 3438 663 au-

177 672 357 736 οὕτως
395 674 645 745 ἔχοντας
701 675 1059 748 ἐρρωμένους
1121 679 1290 747 ἑώρα,
1351 682 1443 735 καὶ
1485 684 1551 737 τὰ
1586 687 1769 740 τούτωι

1884 698 1992 744 tem
2016 672 2384 753 vidissetillos
2416 700 2551 754 adeo
2579 701 2820 757 valentes
2859 711 2911 754 et
2940 702 3208 763 robustos,
3236 713 3290 755 et
3328 705 3446 757 vnl-

177 764 457 834 πρόσωπα
488 769 759 822 θάλλοντα
786 768 995 836 μᾶλλον
1028 768 1139 820 τῶν
1168 768 1409 841 λουτροῖς
1445 776 1537 828 καὶ
1569 778 1785 832 ἀνέσεσι

177 859 269 909 καὶ
301 860 662 930 σκιατραφίᾳ
683 859 951 927 διηνεκῶς
983 862 1420 931 προσκειμένων,
1456 870 1701 937 γοητείαν
1724 872 1780 924 τὸ

176 950 416 1017 πρᾶγμα
452 953 652 1005 ικάλει
672 954 700 1005 δ
730 951 1011 1020 δαιμόνων
1038 952 1257 1023 ἀληθῶς
1285 955 1553 1025 ἔμπλεως,
1578 963 1672 1016 καὶ
1695 963 1780 1017 διὰ

172 1039 332 1091 τοῦτο
389 1042 495 1093 καὶ
560 1042 879 1111 προσετίθει
936 1046 1055 1106 τοῖς
1110 1045 1409 1110 ἐπιπόνοις,
1466 1050 1778 1121 θεραπεύων

174 1129 355 1196 ἑαυτῷ
388 1131 488 1183 τὸν
559 1132 733 1200 θυμὸν
783 1134 879 1187 καὶ
909 1132 1121 1202 σιδήρῳ
1159 1134 1227 1185 τὰ
1277 1136 1409 1207 μέλη
1443 1143 1776 1211 πανταχόθεν

172 1217 605 1287 βαρυνομένους
639 1223 856 1276 ἐκέλευε
901 1224 1067 1277 πάλιν
1090 1223 1318 1278 ὁδεύειν.
1365 1228 1514 1283 Ἐπεὶ
1542 1231 1598 1285 δὲ
1623 1228 1776 1298 οὗτός

171 1324 228 1359 τε
256 1310 528 1364 κάκεῖνοι
559 1314 622 1367 ιν
665 1315 745 1384 τῷ
770 1314 1072 1387 ὡρισμένῳ
1116 1319 1377 1385 γεγόνασι
1403 1324 1571 1393 τόπῳ,
1605 1326 1773 1393 θύσας

168 1397 427 1467 δαίμοσιν
458 1402 788 1475 Οὐαλέριος,
814 1407 909 1458 επὶ
938 1406 1263 1461 δικαστικοῦ
1290 1411 1531 1482 βήματος
1569 1433 1773 1487 προκα-

168 1490 307 1553 θίξει
332 1494 434 1546 καὶ
457 1494 562 1549 τὸν
595 1498 867 1567 μακάριον
895 1503 1397 1570 παραστησάμενος
1428 1506 1653 1575 Κάρπον
1679 1511 1771 1563 καὶ

166 1582 472 1649 πρόσωπον
538 1586 783 1655 περιθεὶς
828 1587 1007 1658 ἑαυτῷ
1061 1592 1251 1645 πιστοῦ
1290 1610 1436 1659 τινος
1491 1598 1645 1664 φίλου
1677 1603 1769 1653 καὶ

164 1671 382 1761 θερμὴν
414 1675 653 1745 ἔχοντος
683 1677 777 1747 τὴν
830 1680 961 1749 περὶ
1013 1681 1183 1735 αὐτοῦ
1219 1684 1522 1755 μέριμναν·
1574 1692 1770 1761 Ἐχρῆν

164 1763 284 1831 μιν,
321 1760 517 1829 εἶπεν,
546 1767 865 1835 αίδούμενόν
919 1786 979 1823 σε
1029 1772 1128 1842 τὴν
1158 1774 1360 1846 πολλὴν
1393 1779 1552 1848 ἡμῶν
1596 1760 1767 1835 ἐπιεί-

161 1870 344 1918 κειαν,
378 1858 711 1927 αὐτόματον
740 1861 978 1931 ὁρμῆσαι
1013 1863 1148 1932 πρὸς
1194 1866 1253 1919 τὸ
1303 1869 1477 1922 καλὸν
1533 1872 1629 1924 καὶ
1658 1876 1770 1936 τοῖς

164 1944 462 2013 μεγίστοις
497 1944 674 2001 θῦσαι
697 1948 865 2009 θεοῖς·
905 1948 999 2003 νῦν
1027 1950 1083 2004 δὲ
1128 1953 1217 2006 καὶ
1267 1958 1776 2028 παρακαλούμενος

165 2036 307 2100 πρὸς
338 2036 517 2089 τοῦτο
546 2038 646 2089 καὶ
687 2038 1159 2109 εὐεργετούμενος,
1204 2046 1280 2108 ὡς
1304 2048 1442 2117 ὁρῶ,
1478 2050 1604 2103 οὐδὲ
1632 2052 1774 2121 βρα-

160 2126 316 2195 χιὶἀν
351 2143 488 2181 τινα
522 2127 689 2197 χάριν
719 2128 898 2192 αὐτοῖς
923 2131 1233 2202 ἀπονέμεις,
1269 2136 1408 2192 ἀλλά
1428 2140 1529 2194 τοῦ
1560 2142 1773 2197 οἰκείου

160 2214 564 2287 συμφέροντος
597 2216 819 2288 ἀμελεῖς
840 2236 851 2249 ·
883 2220 993 2274 ἰδοὺ
1027 2221 1135 2293 γὰρ
1163 2218 1308 2279 οὗτοί
1336 2245 1398 2281 σε
1440 2229 1539 2283 τοῦ
1578 2234 1772 2303 γήρως

157 2309 581 2380 οἰκτείραντες,
606 2312 987 2386 ἁταλαίπωρόν
1012 2333 1092 2371 σοι
1114 2318 1366 2388 διέθηκαν
1390 2323 1493 2395 τὴν
1512 2329 1767 2396 πορείαν

160 2401 325 2465 αὐτὸς
358 2402 423 2455 δὲ
457 2404 571 2457 οὐκ
600 2398 698 2459 οἷδ’
731 2407 813 2459 ὅτι
838 2406 1027 2461 παθὼν
1053 2408 1318 2480 ἀγνώμων
1370 2431 1431 2466 τε
1468 2418 1599 2485 περὶ
1642 2422 1771 2482 τοὺς

156 2494 477 2564 εὐεργέτας
507 2495 712 2565 ἐλέγχῃ
744 2497 836 2550 καὶ
858 2500 1004 2566 ημᾶς
1022 2501 1078 2551 έν
1106 2501 1292 2568 μηδενὶ
1318 2501 1602 2571 τιθέμενος
1628 2511 1769 2576 πρὸς

158 2583 260 2652 τὴν
291 2584 542 2637 ἐκείνων
574 2586 865 2656 ὀλιγωρεῖς
900 2588 1200 2659 θεραπείαν
1220 2609 1232 2621 ·
1265 2590 1493 2659 θέλησον
1516 2595 1643 2662 γοῦν
1665 2599 1768 2651 κάν

160 2674 291 2743 ἄρτι
330 2676 688 2730 κατανεῦσαι
720 2681 810 2732 καὶ
844 2681 1267 2752 συμϐουλεύοντί
1301 2701 1389 2755 μοι
1420 2689 1488 2741 τὰ
1517 2689 1767 2760 λυσιτελῆ

157 2766 497 2837 πεισθῆναι,
555 2766 637 2831 ὡς
696 2771 793 2841 ἐμὲ
826 2773 860 2845 η
913 2775 980 2844 σὴ
1018 2774 1259 2829 δυσωπεῖ
1298 2776 1459 2830 πολιὰ
1500 2780 1592 2831 καὶ
1623 2779 1768 2854 λύπῃ

156 2859 307 2929 δεινῇ
348 2861 682 2930 συνέχομαι
740 2865 835 2916 καὶ
873 2864 1065 2935 ὥσπερ
1126 2868 1227 2920 οὐκ
1289 2868 1595 2938 ἀλλοτρίαν,
1653 2872 1767 2924 ἀλλ’

157 2950 415 3020 ἐμαυτοῦ
474 2953 775 3021 συμφορὰν
829 2955 891 3007 τὸ
940 2958 1032 3008 σὸν
1082 2960 1463 3029 ἀνακλαίομαι.
1528 2963 1687 3018 Ἀλλὰ
1716 2965 1768 3018 τί

156 3040 358 3104 πάθω;
395 3036 563 3101 οἶδας
597 3044 731 3110 γὰρ,
766 3044 848 3096 ὃτι
873 3045 992 3097 λίαν
1024 3046 1198 3108 οὕτως
1228 3050 1646 3121 ὑπερορώμενος
1666 3057 1769 3112 οὐκ

151 3130 459 3201 ανίξομαι.
498 3134 553 3186 εί
582 3132 777 3205 καὶμὴ
800 3135 870 3188 δι’
894 3138 1148 3205 ἐμαυτὸν,
1182 3138 1317 3191 ἀλλά
1340 3157 1401 3207 γε
1434 3142 1520 3196 δια
1552 3146 1651 3215 τὴν
1683 3152 1764 3212 εἰς

158 3223 282 3283 τοὺς
320 3222 498 3287 θεοὺς
529 3222 718 3293 ὖὸριν.

224 3315 337 3368 IA'.
380 3316 543 3384 Πρὸς
584 3315 757 3367 ταῦτα
787 3318 814 3369 ὁ
844 3317 985 3376 θεῖος
1017 3319 1279 3388 Κάρπος·
1311 3320 1626 3394 Συμσουλὴν
1661 3326 1771 3379 ἀπὸ

154 3406 370 3475 φωτὸς,
398 3407 539 3475 εφη.
569 3405 712 3475 πρὸς
746 3406 935 3469 σκότος
985 3408 1077 3460 καὶ
1110 3408 1218 3460 ἀπὸ
1255 3408 1399 3478 ζωῆς
1433 3415 1571 3481 πρὸς
1605 3416 1770 3470 Θάνα-

151 3516 246 3553 τον
280 3500 551 3565 ἄγουσαν
580 3498 685 3550 οὐκ
712 3497 776 3551 ἄν
799 3514 881 3563 τις
914 3499 1176 3571 λογισμοῦ
1206 3501 1394 3574 κύριος
1436 3506 1766 3580 συμϐουλὴν,

150 3589 269 3645 ἀλλ’
301 3588 452 3642 αὐτὸ
477 3587 672 3651 τοῦτο,
706 3590 841 3660 ὅπερ
873 3592 1045 3656 ἐστὶν,
1074 3593 1367 3665 ἐπιϐουλὴν
1400 3596 1655 3667 ὀνομάσοι
1675 3617 1691 3634 ο
1718 3603 1764 3655 εί

151 3680 209 3736 δὲ
243 3685 350 3737 καὶ
378 3685 417 3756 ἡ
459 3684 580 3753 ἐμή
621 3699 683 3734 σε
706 3683 947 3737 δυσωπεῖ
976 3684 1156 3750 πολιὰ,
1189 3686 1240 3739 τί
1268 3687 1329 3740 τὸ
1354 3689 1669 3757 ἐμποδίζον,
1693 3693 1767 3764 μὴ

150 3775 248 3830 καὶ
309 3777 375 3829 σὶ
416 3772 735 3841 πεισθῆναι
778 3774 979 3841 μᾶλλον
1024 3775 1148 3845 ἐμοὶ
1206 3779 1491 3847 πατρικῶς
1526 3783 1766 3851 συμόου.

151 3868 411 3933 λεύοντι;
460 3867 603 3921 Ὅτι
652 3865 710 3919 δὲ
762 3866 820 3921 σὲ
854 3868 921 3920 τὰ
951 3867 1059 3937 ὶμά
1110 3867 1288 3929 λυπεῖ,
1320 3868 1431 3937 ὲγὼ
1474 3870 1533 3926 σὲ
1568 3874 1769 3942 μᾶλλον

149 3959 428 4029 οίκτείρω
456 3958 569 4027 τῆς
595 3956 895 4023 ἀπωλείας,
932 3960 1025 4012 καὶ
1060 3959 1220 4028 δῆλός
1260 3962 1376 4031 ειμι
1399 3962 1463 4033 (ἡ
1483 3963 1609 4035 φίλη
1641 3965 1771 4020 ίστω

151 4050 433 4122 ἀλήθεια)
472 4045 887 4116 συναχθόμενός
940 4064 1034 4103 σου
1081 4052 1147 4120 τῇ
1199 4054 1477 4122 συμφορᾷ,
1511 4054 1770 4119 τοιούτοις

152 4141 602 4212 προσκειμένου
636 4136 776 4201 Θεοῖς
828 4141 920 4191 καὶ
948 4139 1141 4207 ψεῦδος
1162 4141 1258 4211 τὴν
1288 4144 1478 4198 ἑλπίδι
1509 4146 1764 4214 θεμένου,

148 4234 214 4285 τὸ
240 4232 351 4303 τῆς
402 4230 579 4291 θείας
628 4228 791 4293 φάναι
844 4227 883 4279 Γ
888 4230 1068 4299 ραφῆς
1132 4231 1245 4299 οἶγε
1273 4232 1391 4296 πῶς
1420 4233 1487 4287 ἄν
1535 4253 1665 4289 ποτε
1692 4237 1770 4292 διο

1883 787 1967 835 tus
1996 797 2184 839 eorum
2220 802 2323 842 non
2352 790 2529 846 minus
2555 789 2705 846 laetos
2734 803 2790 846 et
2819 792 3046 855 alacres,
3071 806 3230 859 quam
3250 806 3440 844 eorum

1880 878 1969 945 qui
2004 888 2228 934 utuntur
2272 883 2489 939 assidue
2547 884 2797 949 lavacris,
2835 893 2889 938 et
2924 887 3086 937 vitam
3122 893 3283 952 agunt
3320 901 3441 942 um-

1878 966 2150 1036 bratilem,
2180 986 2300 1026 eam
2334 989 2445 1027 rem
2471 976 2695 1028 vocabat
2718 975 3038 1045 praestigias,
3059 976 3149 1043 qui
3174 990 3301 1030 vere
3319 983 3439 1028 erat

1877 1059 2063 1125 plenus
2095 1061 2429 1118 dmmonibus
2464 1082 2481 1117 :
2507 1076 2561 1118 et
2591 1065 2709 1119 ideo
2742 1066 3057 1133 ampliorem
3089 1067 3167 1119 eis
3195 1066 3439 1135 adiunxit

1873 1148 2112 1203 dolorem
2137 1168 2153 1217 ;
2190 1167 2311 1206 nam
2341 1168 2528 1209 eorum
2557 1156 2812 1210 membris
2843 1154 2992 1209 ferro
3013 1156 3159 1208 omni
3184 1172 3248 1210 ex
3288 1165 3439 1221 parte

1874 1243 2130 1309 gravatis,
2186 1245 2348 1315 jussit
2404 1260 2501 1300 eos
2552 1262 2739 1301 rursus
2767 1246 2905 1299 viam
2944 1246 3100 1300 inire.
3136 1248 3433 1314 Postquam

1875 1343 2054 1387 autem
2106 1344 2160 1390 et
2196 1338 2333 1405 ipse,
2370 1337 2521 1393 etilli
2552 1337 2605 1392 in
2646 1338 2762 1392 loco
2788 1338 2936 1392 fuere
2963 1340 3283 1408 prmstituto,
3312 1354 3436 1391 cum

1873 1423 2207 1482 dwmonibus
2241 1428 2602 1485 sacrificasset
2642 1427 2909 1490 Valerius.
2944 1430 2995 1483 in
3031 1430 3281 1483 tribunali
3304 1445 3440 1496 pra:-

1872 1513 2008 1567 sidet
2032 1514 2295 1579 judiciali.
2328 1516 2393 1569 Et
2422 1534 2541 1573 cum
2574 1520 2787 1573 beatum
2832 1520 3065 1587 Carpum
3100 1518 3215 1571 sisti
3247 1532 3436 1571 curas-

1870 1613 1973 1665 set,
2023 1613 2076 1656 et
2128 1603 2301 1660 fidelis
2335 1608 2565 1675 alicujus
2627 1608 2787 1661 amici
2834 1622 3122 1677 personam
3150 1608 3441 1671 induisset,

1870 1704 1921 1748 et
1955 1695 2043 1763 qui
2077 1696 2143 1750 de
2186 1697 2301 1765 ipso
2335 1708 2455 1753 erat
2492 1697 2779 1753 admodum
2813 1698 3115 1753 sollicitus:
3147 1697 3439 1765 Oportebat

1875 1785 2117 1853 quidem,
2171 1788 2328 1852 dixit,
2362 1798 2415 1844 te
2464 1798 2704 1845 nostram
2763 1799 3097 1845 reverentem
3135 1788 3441 1849 lenitatem,

1880 1887 1965 1929 tua
1997 1889 2187 1946 sponte
2214 1883 2403 1937 venire
2439 1882 2503 1935 ad
2528 1879 2603 1944 id,
2628 1879 2768 1949 quod
2798 1892 2881 1935 est
2942 1882 3137 1934 bonum
3168 1888 3224 1932 et
3267 1878 3438 1931 hone-

1875 1978 2036 2031 srum,
2095 1978 2148 2022 et
2191 1971 2294 2024 diis
2338 1971 2645 2026 sacriﬁcare
2708 1972 2977 2026 maximis.
3035 1969 3185 2024 Nunc
3234 1982 3437 2029 autem,

1873 2070 1994 2107 cum
2030 2067 2083 2109 et
2113 2058 2178 2109 ad
2204 2058 2257 2111 id
2298 2059 2643 2112 suasionibus
2678 2060 2942 2124 inciterls,
2974 2070 3026 2112 et
3068 2059 3325 2112 beneficio
3351 2059 3434 2109 af.

1876 2143 2092 2207 liciaris,
2136 2158 2193 2199 ut
2216 2146 2395 2209 video,
2425 2161 2491 2199 ne
2544 2148 2790 2200 minimas
2815 2149 3029 2215 quidem
3061 2148 3139 2199 eis
3168 2146 3284 2212 agis
3310 2161 3438 2211 gra-

1876 2234 1977 2289 tias
2009 2252 2023 2289 :
2053 2237 2148 2291 sed
2209 2236 2441 2307 negligi:
2481 2232 2555 2302 id,
2586 2237 2727 2306 quod
2788 2249 2870 2292 est
2931 2236 3025 2290 tibi
3068 2235 3431 2290 conducibile.

1874 2324 2015 2379 Ecce
2042 2327 2184 2380 enim
2212 2327 2266 2380 hi
2294 2337 2400 2382 ture
2426 2332 2743 2384 miserentes
2772 2331 3084 2393 senectutis,
3114 2328 3434 2389 effecerunt,

1874 2426 1930 2468 ut
1962 2417 2063 2469 iter
2091 2430 2382 2485 perageres
2404 2418 2607 2486 absque
2634 2418 2939 2474 amictione.
2962 2420 3078 2486 Ipse
3114 2428 3315 2482 autem,
3336 2433 3433 2470 ne-

1870 2507 1987 2559 scio
2013 2507 2309 2574 quomodo,
2342 2517 2394 2560 et
2425 2507 2663 2577 ingratus
2707 2524 2827 2565 esse
2861 2510 3198 2565 convinceris
3233 2510 3283 2563 in
3317 2519 3439 2561 tuos

1868 2593 2275 2658 benefactores,
2313 2605 2367 2650 et
2390 2610 2485 2651 nos
2516 2600 2664 2652 nihili
2695 2600 2919 2666 faciens,
2964 2601 3177 2655 illorum
3234 2601 3436 2653 cultum

1868 2685 2124 2756 despicis.
2158 2686 2307 2742 Veiis
2335 2702 2461 2758 ergo
2513 2704 2657 2745 nunc
2690 2691 2881 2746 saltem
2928 2708 3190 2757 annuere,
3218 2704 3271 2747 et
3304 2692 3437 2745 inihi

1870 2780 2093 2835 credere
2124 2781 2432 2835 consulenti
2463 2797 2547 2846 ea,
2587 2798 2705 2854 qua:
2744 2795 2865 2839 sunt
2892 2785 3065 2840 utilia.
3096 2784 3264 2839 Tuam
3291 2784 3435 2838 enim

1870 2884 2125 2926 revereor
2158 2874 2423 2929 canitiem
2454 2885 2509 2930 et
2538 2892 2729 2946 magno
2762 2878 2945 2933 dolore
2970 2878 3197 2940 allicior,
3230 2889 3285 2932 et
3320 2887 3457 2930 tau-~

1870 2975 2032 3028 quam
2081 2977 2190 3015 non
2237 2963 2495 3028 alienam,
2530 2968 2623 3019 sed
2677 2982 2875 3032 meam,
2904 2977 3047 3021 tuam
3096 2970 3267 3022 deﬂeo
3298 2970 3462 3021 calam

1876 3054 2137 3109 mitutem.
2180 3052 2290 3110 Sed
2319 3059 2446 3128 quid
2503 3057 2703 3128 agam?
2740 3056 2860 3112 Scis
2912 3058 3078 3121 enim,
3139 3058 3281 3128 quod
3316 3073 3445 3112 cum

1873 3145 2008 3198 adeo
2030 3143 2328 3216 despiciar,
2352 3166 2456 3206 non
2482 3151 2674 3217 ieram,
2695 3153 2738 3208 si
2765 3168 2869 3208 non
2895 3161 3113 3223 propter
3137 3167 3222 3206 me
3239 3153 3441 3221 ipsum,

1872 3246 1928 3290 at
1958 3247 2177 3304 pmpter
2198 3243 2421 3295 deorum
2453 3245 2859 3300 contumeliam.

1946 3326 2034 3382 XI.
2065 3329 2143 3382 Ad
2183 3329 2299 3386 haec
2329 3331 2543 3387 divinus
2573 3334 2809 3405 Carpus:
2846 3336 3143 3389 Consilium
3172 3379 3188 3403 ,
3225 3338 3399 3406 inquit
3422 3380 3441 3403 ,

1871 3422 2013 3490 quod
2047 3436 2075 3475 a
2108 3420 2226 3477 luce
2255 3423 2319 3477 ad
2344 3425 2615 3493 tenebras,
2648 3438 2703 3483 et
2731 3443 2760 3481 a
2786 3430 2888 3484 vita
2920 3429 3066 3484 ducit
3089 3431 3154 3484 ad
3187 3442 3443 3497 mortem,

1873 3526 2051 3577 nemo,
2084 3515 2170 3580 qui
2204 3513 2367 3569 inierit
2398 3534 2621 3587 compos
2641 3523 2856 3585 mentis,
2890 3523 3303 3591 consilium,sed
3331 3523 3435 3579 idi-

1872 3616 2048 3670 psum,
2084 3601 2225 3670 quod
2248 3614 2349 3667 est,
2382 3608 2695 3672 nominarit,
2723 3609 2966 3663 insidias.
3002 3612 3154 3675 Quod
3187 3617 3230 3665 si
3267 3629 3441 3667 meam

1873 3694 2128 3746 reveretis
2149 3696 2426 3763 canitiem,
2462 3696 2589 3767 quid
2628 3699 2867 3768 impedit,
2906 3700 3190 3769 quominus
3222 3712 3272 3753 tu
3311 3706 3438 3757 mihi

1872 3783 2042 3853 magis
2080 3785 2270 3838 credas
2299 3797 2519 3854 paterne
2571 3791 2908 3844 consulenti?
2956 3792 3107 3857 Quod
3158 3804 3336 3849 autem
3383 3802 3439 3853 tu

1872 3892 1936 3930 ex
1970 3890 2056 3931 me
2090 3877 2326 3932 dolorem
2360 3879 2581 3947 accipis,
2611 3894 2709 3948 ego
2740 3881 2907 3950 magis
2935 3884 3008 3936 tui
3048 3884 3314 3940 misereor
3354 3887 3436 3940 in-

1874 3967 2085 4029 teritus.
2115 3978 2169 4021 et
2200 3976 2382 4037 aperte
2416 3978 2561 4023 tuam
2596 3969 2741 4039 (hoc
2795 3973 2933 4028 sciat
2975 3974 3147 4030 amica
3201 3976 3437 4044 veritas)

1871 4071 2011 4126 πετο
2038 4056 2150 4111 fero
2186 4058 2569 4125 calamitatem,
2594 4062 2684 4130 qui
2712 4062 2845 4118 tales
2870 4065 2995 4119 deos
3018 4066 3192 4129 colas.
3214 4076 3265 4120 ct
3287 4083 3438 4136 spem

1872 4149 2115 4216 posueris
2147 4149 2520 4217 mendacium,
2566 4163 2625 4206 ut
2663 4155 2836 4207 dicam
2896 4169 3017 4208 cum
3063 4157 3240 4209 divina
3288 4158 3441 4212 Scri-

1870 4244 2023 4303 ptura
2047 4235 2209 4302 ’..Qui
2238 4238 2451 4306 quidem
2484 4240 2937 4306 quemadmodum
2968 4254 3196 4309 possunt
3217 4245 3291 4298 dii
3314 4245 3437 4312 jure

148 4324 329 4386 καίως
368 4320 713 4391 νομισθεῖεν
758 4317 892 4383 θεοὶ,
952 4318 1085 4390 ὕλης
1118 4320 1329 4392 ἀψύχου
1374 4323 1525 4388 ὄντες
1551 4328 1643 4379 καὶ
1670 4326 1769 4399 τὴν

1873 4328 2132 4393 reputari,
2165 4341 2288 4381 cum
2312 4327 2421 4382 sint
2447 4343 2513 4383 ex
2545 4329 2782 4386 inanima
2823 4331 3046 4386 materia
3071 4371 3089 4399 ,
3112 4344 3166 4389 et
3195 4336 3260 4390 ad
3292 4336 3394 4391 hoc
3419 4380 3437 4403 ,

149 4414 230 4476 είς
263 4412 330 4465 τὸ
363 4405 525 4462 εἶναι
560 4407 910 4476 παραγωγὴν
939 4408 998 4474 ἐξ
1031 4409 1376 4482 ἀνθρωπίνης
1408 4413 1588 4485 χειρὸς
1618 4415 1766 4486 ἔχον-

1871 4415 2011 4483 quod
2040 4427 2184 4480 sunt,
2212 4417 2617 4485 productionem
2644 4420 2959 4476 habeantex
2984 4436 3143 4478 manu
3169 4423 3441 4481 humana?

148 4522 282 4571 τεςς
316 4500 653 4569 οὑαλέριος
682 4493 773 4550 οὖν
812 4498 986 4562 οὕτως
1021 4500 1126 4553 ὑπὸ
1178 4503 1404 4571 Κάρπου
1452 4509 1578 4571 τοὺς
1606 4510 1767 4561 αὑτοῦ

1873 4505 2112 4560 Valerius
2138 4520 2266 4575 ergo
2296 4521 2399 4559 nou
2426 4508 2603 4563 ferens
2635 4510 2765 4564 deos
2794 4525 2926 4565 suos
2973 4526 3003 4562 a
3052 4512 3231 4582 Carpo
3260 4554 3277 4581 ,
3337 4521 3441 4573 etsi

150 4596 337 4659 θεοὺς,
400 4592 524 4648 κᾶν
577 4593 609 4643 ὁ
639 4588 797 4658 λόγος
846 4590 1049 4661 ἀληθὴς
1102 4588 1189 4662 ἦν,
1241 4594 1629 4667 ὑϐριζομένους
1672 4603 1769 4654 οὐκ

1870 4612 2057 4653 verum
2087 4596 2313 4663 diceret,
2350 4612 2411 4651 ea
2443 4598 2669 4656 allectos
2700 4602 3028 4657 contumelia
3050 4641 3065 4666 ,
3105 4603 3242 4659 bona
3276 4605 3436 4661 verba

148 4685 437 4754 ἐνεγκὼν,
484 4680 723 4749 ἀγαθῶν
750 4681 923 4749 λόγων
944 4683 1185 4752 πονηρὰν
1217 4685 1483 4740 ἀντίδοσιν
1512 4690 1769 4744 έποιεῖτοο

1870 4688 2007 4742 male
2033 4695 2117 4743 est
2150 4698 2546 4743 remuneratus.
2586 4690 2722 4745 0dio
2756 4692 2898 4745 enim
2933 4694 3119 4747 habuit
3166 4694 3218 4749 in
3268 4698 3441 4765 portis

146 4777 397 4845 ἑμίσησε
432 4772 560 4841 γὰρ
598 4771 660 4822 ἐν
716 4770 913 4833 πύλαις
978 4772 1269 4841 ἐλέγχοντα
1302 4776 1475 4844 (κατά
1500 4778 1592 4831 τὸν
1626 4779 1769 4833 θεῖον

1870 4780 2374 4848 reprehendentem,
2401 4787 2416 4848 (
2442 4790 2499 4834 ut
2523 4780 2738 4837 divinus
2770 4784 2900 4839 dicit
2923 4788 3088 4837 Amos
3125 4786 3183 4851 ⁸)
3211 4799 3267 4839 et
3311 4802 3440 4841 sau-

160 4866 396 4936 ’Δμῶς)
437 4860 553 4917 καὶ
583 4859 743 4926 λόγον
766 4859 910 4912 ὅσιον
951 4860 1290 4926 ὲὸδελύξατο,
1326 4866 1547 4921 ἐκέλευέ
1574 4887 1632 4923 τε
1673 4872 1765 4923 εῦ-

149 4955 313 5018 θέως,
356 4952 469 5006 καὶ
515 4952 548 5005 ὀ
607 4948 776 5017 θυμὸς
815 4948 1051 5020 ἄμετρος
1095 4947 1184 5022 ἦν,
1215 4953 1308 5005 καὶ
1338 4953 1549 5025 δημίων
1578 4962 1762 5030 χεῖρες

145 5042 298 5117 εἶκον
319 5044 427 5099 τδν
447 5042 627 5110 ἅγιον
648 5057 662 5070 ·
687 5039 872 5110 ρἀδοι
898 5057 955 5093 τε
981 5043 1141 5096 αὐτὸν
1171 5044 1504 5113 ἀκανθώδεις
1521 5050 1762 5119 ἀνηλεῶς

146 5141 371 5211 qua»,
399 5134 517 5188 καὶ
548 5132 607 5185 αι
654 5134 851 5201 σάρκες
884 5133 1197 5203 ξαινόμεναι
1252 5140 1494 5208 συνεχῶς
1515 5143 1593 5206 εἰς
1624 5144 1762 5211 ἀέρα

144 5226 618 5292 διεσκεδάςοντο·
646 5220 742 5272 καὶ
776 5220 933 5289 κόρον
977 5224 1033 5275 ἐν
1072 5222 1281 5287 τούτοις
1313 5226 1410 5278 οὐκ
1434 5228 1703 5298 ἐλάμϐανε
1735 5233 1772 5284 ἁ

146 5299 351 5388 θυμὸς,
421 5315 581 5371 ἀλλὰ
614 5313 713 5366 καὶ
766 5311 926 5367 πάλιν
969 5314 1147 5385 ἕτεροι
1179 5314 1285 5368 τῶν
1317 5316 1546 5387 δημίων,
1578 5320 1627 5371 oi
1662 5321 1762 5389 μὲν

146 5409 467 5479 λαμπάδας
486 5400 683 5458 -αὑτοῦ
718 5404 834 5466 ταῖς
866 5401 1128 5475 πλευραῖς
1168 5406 1428 5473 ἀνῆπτον,
1454 5408 1503 5460 οἱ
1545 5408 1599 5460 δὲ
1632 5409 1764 5473 ἅλας

146 5503 263 5563 τοῖς
328 5494 627 5567 μώλωψιν
686 5492 1066 5562 ἀπανθρώπως
1126 5496 1457 5551 ὶπέταττοψ
1523 5500 1767 5552 ἐντεῦθεν

150 5592 419 5663 αἱμάτων
468 5587 582 5658 μὲν
622 5583 822 5655 ρύακες
870 5586 1012 5639 κατά
1062 5586 1155 5639 τοῦ
1219 5589 1446 5657 ἐδάφους
1490 5590 1763 5660 ἐφέροντο,

210 5758 244 5807 1
273 5756 387 5809 lsa.
432 5764 643 5811 xxvttt,
681 5749 762 5802 l5.
839 5748 855 5779 ⁸
885 5753 1049 5804 Amos
1073 5766 1123 5811 ν,
1166 5750 1247 5802 lt).

1866 4879 2011 4923 ctum
2069 4884 2373 4928 sermonem
2424 4879 2509 4925 est
2576 4871 2939 4929 abominatus.
3015 4874 3318 4945 Statimque
3367 4892 3433 4933 ex

1865 4961 2016 5032 jussu
2049 4963 2164 5030 ejus
2208 4961 2454 5015 lictorum
2499 4978 2693 5018 manus
2741 4967 2993 5019 tenebant
3037 4976 3327 5021 sanctum:
3382 4980 3437 5023 et

1872 5052 2033 5117 virga
2062 5052 2259 5116 spinea
2290 5066 2414 5105 eum
2443 5054 2716 5107 caedebant
2767 5053 3107 5109 immaniter:
3135 5070 3435 5127 carnesque

1870 5138 2086 5193 assidue
2128 5139 2372 5194 laceratae
2414 5156 2474 5195 ac
2518 5141 2835 5206 discerpta.
2894 5143 3338 5211 dispergebantur
3382 5146 3435 5199 in

1870 5244 2070 5285 aerem.
2106 5229 2214 5284 Nec
2243 5230 2325 5284 his
2352 5233 2652 5286 satiabatur
2683 5233 2759 5286 ira
2783 5251 2795 5286 :
2834 5234 2925 5285 sed
2949 5233 3035 5285 alii
3062 5250 3248 5288 rursus
3283 5236 3439 5289 licto-

1870 5336 1974 5383 res,
2012 5323 2203 5390 pattitn
2235 5325 2451 5391 quidem
2490 5324 2847 5378 adnmvebattt
2888 5324 3159 5391 lampades
3209 5326 3326 5393 ejus
3357 5326 3439 5379 la-

1870 5412 2094 5476 teribus,
2152 5414 2344 5479 partim
2399 5424 2575 5468 autem
2604 5416 2898 5467 inhumane
2942 5413 3297 5482 nspergebant
3328 5414 3442 5469 sale

1870 5504 1985 5570 ejus
2016 5504 2234 5559 vibices.
2268 5505 2401 5560 Hinc
2436 5508 2533 5561 rivi
2574 5508 2789 5575 quidem
2822 5506 3099 5575 sanguinis
3145 5522 3238 5575 per
3261 5506 3441 5559 solum

1874 5594 2210 5650 ferebantur:
2251 5596 2422 5651 Fibne
2454 5609 2655 5660 autem,
2696 5611 2817 5668 quae
2848 5597 3260 5661 divellebantur,
3293 5610 3436 5649 mat-
