4180 6492
725 411 828 475 119

2013 418 2298 476 MENSlS
2338 420 2668 482 APRILIS.

3863 419 3954 482 120

719 540 817 609 tyri
851 551 1066 605 gravent
1099 536 1331 588 dolorem
1366 533 1682 589 alierebant.
1715 533 1807 588 His
1838 533 2106 588 defessum
2155 531 2286 586 fuis-

2386 527 2495 594 ἶνες
2527 534 2582 585 δὲ
2632 532 3007 602 διασπηέλμεναι
3059 531 3396 602 δριμυτάτην
3450 531 3527 601 τῷ
3564 534 3807 605 μάρτυρι
3860 534 3954 606 τὴν

717 637 842 694 set,
869 628 1030 679 etiam
1069 625 1112 679 si
1141 626 1268 693 quid
1326 624 1621 677 inanimum
1672 624 1742 676 ita
1797 623 1988 676 fuisset
2039 638 2276 676 caesum:

717 718 963 770 doluistis
997 726 1178 769 autem
1215 730 1308 768 vos
1341 729 1555 782 quoque
1581 713 1796 767 omnino
1847 713 1926 767 vel
1973 712 2144 767 solum
2181 727 2274 764 au-

719 810 944 862 dicntes.
981 806 1084 859 Sed
1118 815 1322 874 martyr
1353 821 1456 872 quo
1482 806 1647 873 magis
1671 804 1966 874 augebatur
1995 805 2280 858 multitudo

717 898 1124 966 suppliciorum.
1157 910 1219 947 eo
1261 896 1428 963 magis
1456 904 1571 948 erat
1604 895 1716 962 ipse
1745 902 1931 960 captus
1962 893 2055 947 Dei
2077 908 2278 956 amore,

714 1003 767 1043 et
809 1003 1064 1057 tanquam
1115 979 1178 1041 ex
1242 1003 1299 1042 re
1324 990 1499 1056 aliqua
1551 985 1868 1040 suavissima
1905 1002 1963 1040 sc
2012 984 2282 1052 voluptate

713 1082 961 1149 explebat
993 1097 1054 1134 ex
1088 1080 1395 1134 doloribus:
1433 1080 1606 1132 donec
1637 1078 1755 1145 ejus
1786 1080 1986 1132 virtute
2035 1076 2279 1133 defessus

717 1173 980 1237 Valerius.
1005 1188 1125 1226 eum
1166 1171 1465 1224 transmisit
1500 1171 1550 1223 in
1581 1184 1876 1226 carcerem.

786 1352 899 1405 XII.
933 1352 1068 1407 Cum
1100 1362 1273 1407 autem
1298 1352 1534 1405 divinum
1570 1351 1684 1406 sisti
1718 1360 1956 1406 curasset
2001 1350 2274 1422 Papylnm,

715 1446 936 1511 perinde
967 1461 1026 1500 ac
1047 1446 1090 1499 si
1119 1462 1258 1500 nunc
1284 1461 1402 1499 eum
1433 1445 1660 1512 primunt
1693 1445 2010 1512 aspexisset,
2052 1445 2276 1511 rogavit,

716 1537 930 1602 quinam
961 1546 1138 1589 essent
1167 1543 1414 1603 parentes
1441 1550 1728 1608 ,pqua'nam
1763 1538 1937 1604 patria
1961 1576 1975 1597 .
2029 1547 2081 1590 et
2130 1552 2280 1605 qua:-

717 1641 838 1678 nam
874 1635 1012 1679 esset
1044 1626 1262 1696 martyri
1296 1628 1541 1681 scientia.
1594 1626 1824 1681 Sanctus
1869 1639 2079 1681 autem:
2114 1626 2229 1681 Jam
2259 1668 2275 1694 ,

717 1719 909 1786 inquit.
939 1719 1144 1774 discere
1173 1719 1416 1788 potuisti,
1451 1735 1532 1774 me
1558 1735 1675 1773 esse
1707 1730 1886 1773 natum
1935 1735 1997 1772 ex
2033 1719 2278 1788 ingenuis

2387 623 2637 691 αἴσθησιν
2666 622 2945 675 ἑνεποίουν
2967 638 2979 650 ’
3010 623 3215 689 ἔκαμεν
3241 622 3306 673 ἂν
3337 622 3395 672 ὲν
3427 621 3663 686 τούτοις,
3698 625 3754 674 εί
3784 640 3836 674 τι
3867 627 3954 675 κει.)⁵

2383 711 2489 761 τῶν
2512 710 2735 780 ἀψύχων
2765 706 2832 780 ἦν
2879 708 3255 779 αἰκιζόμενον·
3283 709 3557 780 ηλγήσατι
3587 710 3645 762 δὲ
3676 711 3772 762 καὶ
3801 712 3950 778 ὑμεῖς

2385 805 2602 865 πάντως
2643 804 2735 854 καὶ
2769 802 2902 872 πρὸς
2936 803 3105 872 μόνην
3144 803 3242 870 τὴν
3275 802 3466 870 ἀκοήν.
3512 802 3652 855 Ἀλλ’
3687 804 3715 853 6
3744 805 3951 872 μάρτυς

2383 899 2491 966 ὅσῳ
2541 897 2600 950 τὸ
2652 897 2854 965 πλῆθος
2895 896 3002 948 τῶν
3034 895 3306 948 κολάσεων
3360 896 3689 958 ἐπετείνετο,
3719 897 3954 964 τοσούτῳ

2384 994 2474 1042 καὶ
2536 990 2696 1051 αὐτὸς
2754 990 2952 1058 μᾶλλον
3000 988 3078 1058 τῷ
3113 988 3248 1058 πρὸς
3303 986 3435 1040 Θεὸν
3470 989 3728 1057 ἡλίσκετο
3766 989 3952 1058 ἔρωτι,

2384 1082 2476 1134 καὶ
2516 1082 2706 1152 ὥσπερ
2759 1084 2904 1142 τινος
2960 1081 3178 1150 ἡδίστου
3237 1079 3554 1149 κατετρύφα
3586 1080 3696 1134 τῶν
3731 1081 3951 1140 ὀδυνῶν,

2382 1176 2488 1236 ἓως
2521 1174 2654 1244 πρὸς
2684 1175 2744 1225 τὸ
2773 1172 2865 1226 τοῦ
2897 1171 3091 1241 ἀνδρὸς
3130 1173 3374 1239 γενναῖον
3403 1170 3714 1241 άποκαμὼν
3746 1171 3949 1222 Οὐαλέο

2387 1284 2518 1336 ριος,
2553 1264 2739 1318 τοῦτον
2776 1265 2875 1333 μὲν
2909 1263 3236 1333 παρέπεμψε
3267 1266 3330 1333 τῇ
3359 1263 3575 1332 εἱρκτῇ.

2451 1359 2550 1411 ΙΒ¹.
2578 1359 2682 1410 Τὸν
2713 1357 2769 1408 δὲ
2802 1356 2945 1410 θεῖον
2975 1357 3475 1426 παραστησάμενος
3513 1355 3795 1420 Πάπυλον,
3848 1357 3951 1409 ῶσο

2383 1464 2485 1516 περ
2517 1448 2612 1498 νῦν
2641 1446 2856 1516 πρῶτον
2883 1445 3044 1498 αὑτὸν
3071 1444 3430 1514 θεασάμενος,
3462 1444 3674 1515 ἠρώτα,
3705 1446 3855 1509 τίνες
3903 1448 3949 1500 oi

2380 1541 2616 1609 γενέται,
2646 1539 2729 1601 τίς
2761 1541 2793 1607 ἡ
2824 1540 3025 1606 πατρὶς
3075 1540 3172 1591 καὶ
3208 1537 3292 1600 τίς
3329 1536 3436 1604 ἄρα
3466 1539 3498 1607 η
3548 1539 3834 1608 ἐπιστήμη
3875 1541 3950 1608 τῷ

2383 1631 2639 1702 μάρτυρι.
2693 1630 2753 1682 Ὀ
2788 1629 2846 1682 δὲ
2881 1630 3038 1696 ἅγιος
3067 1644 3081 1657 ⁸
3119 1627 3462 1698 Μεμάθηκας
3485 1627 3609 1697 ήδη,
3643 1630 3834 1697 φησὶν,
3874 1631 3950 1682 ὅτι

2380 1723 2679 1792 ἐλευθέρων
2707 1721 2960 1791 πατέρων
2990 1719 3100 1787 ἐγὼ
3122 1721 3251 1781 παῖς
3274 1736 3289 1750 ο
3321 1721 3383 1771 ὲκ
3415 1718 3732 1786 Θυατείρων
3762 1719 3820 1771 δὲ
3842 1718 3952 1789 ῶρ-

715 1810 1068 1878 parentibns;
1131 1824 1247 1862 sum
1301 1811 1442 1864 enim
1499 1813 1656 1862 natu’s
1708 1807 2013 1868 Thvatiris:
2053 1822 2279 1864 exerceo

2385 1830 2582 1883 μημαι,
2609 1813 2830 1881 μέτειμι
2851 1811 2908 1864 δὲ
2929 1811 3200 1880 ἰατρικὴν,
3225 1810 3323 1878 οὐχ
3355 1809 3525 1877 ὁπόση
3559 1808 3770 1876 γένοιτο
3802 1809 3870 1862 ἂν
3890 1811 3952 1861 ἑκ

717 1906 895 1949 autem
927 1897 1267 1961 medicinam,
1305 1913 1405 1948 non
1442 1913 1558 1964 quae
1593 1897 1752 1949 fuerit
1779 1912 1842 1949 ex
1869 1897 2047 1950 herbis
2078 1911 2107 1950 e
2137 1907 2278 1950 terra

718 1989 1085 2052 nascentibus,
1126 1988 1216 2042 sed
1243 2004 1358 2056 qua:
1395 1987 1553 2041 alicui
1585 2005 1613 2040 a
1647 1988 1752 2042 Deo
1789 1991 1904 2040 data
1943 1987 2125 2041 fuerit.
2160 1986 2276 2042 Non

717 2082 859 2134 enim
894 2096 1062 2150 usque
1098 2080 1162 2133 ad
1197 2096 1420 2149 corpora
1452 2080 1946 2134 circumscribimus
1974 2081 2089 2150 ejus
2135 2081 2280 2135 utili-

718 2181 910 2224 tatem:
954 2173 1045 2225 sed
1073 2172 1231 2224 etiam
1265 2172 1480 2225 morbos
1525 2172 1719 2225 anima:
1760 2171 2099 2241 corrigimus.
2130 2172 2280 2226 Tunc

713 2262 915 2330 jndcx:
953 2261 1066 2314 Non
1097 2264 1224 2325 hac,
1255 2263 1448 2332 inquit,
1475 2263 1587 2317 lieri
1619 2264 1892 2332 potuerint
1921 2264 2038 2316 sine
2067 2264 2277 2318 excrci-

723 2356 921 2409 tatione
949 2371 1158 2418 eorum,
1192 2372 1308 2423 qua:
1344 2357 1510 2422 scipta
1544 2365 1668 2409 sunt
1699 2371 1728 2410 a
1761 2356 1964 2410 Caleno
1988 2367 2040 2410 et
2080 2356 2277 2425 Hippoc

718 2457 886 2512 orate,
914 2450 1001 2515 qui
1022 2458 1345 2516 acceperunt
1377 2463 1405 2499 a
1439 2448 1543 2502 diis
1567 2464 1830 2501 summam
1858 2449 1997 2503 illius
2018 2449 2276 2503 scientim.

717 2539 944 2608 Papylus
977 2548 1186 2593 autem:
1226 2539 1460 2594 Galenus
1492 2541 1726 2608 quidem,
1780 2543 1974 2612 inquit,
2003 2556 2055 2597 et
2080 2543 2277 2612 liippo-

717 2641 918 2693 crates,
954 2641 1005 2684 et
1031 2633 1120 2700 qui
1157 2632 1365 2685 illorum
1390 2643 1557 2686 artem
1591 2645 1864 2696 exercent,
1893 2643 2019 2688 tunc
2045 2636 2276 2704 aliquem

716 2726 1040 2788 curaverint,
1077 2728 1288 2794 quando
1322 2727 1547 2795 gratiam
1585 2742 1694 2782 suae
1749 2730 2095 2795 benignitatis
2129 2744 2280 2784 meus

715 2829 933 2882 quoque
977 2813 1224 2869 Christus
1265 2816 1572 2883 przebuerit.
1624 2817 1719 2870 Sin
1769 2819 1977 2881 minus,
2033 2821 2170 2886 perit
2201 2819 2279 2873 eis

716 2907 976 2968 studium,
1010 2907 1140 2959 nihil
1176 2907 1438 2960 commodi
1475 2923 1808 2976 consequens
1849 2923 1912 2964 ex
1952 2925 2050 2963 sua
2085 2911 2135 2963 in
2162 2919 2280 2965 arte

716 2997 1124 3051 exercitatione.
1158 2997 1304 3064 Quos
1330 3009 1505 3053 autem
1543 3001 1671 3054 deos
1703 3002 1945 3055 nominas
1975 3042 1988 3065 ,
2026 3017 2145 3056 cum
2180 3019 2277 3059 nec

693 3090 817 3148 ,sibi
849 3090 1059 3157 quidem
1099 3090 1304 3158 pes-sint
1337 3092 1536 3157 aliquid
1592 3094 1846 3159 prodesse
1875 3133 1889 3156 ,
1945 3097 2211 3161 quomodo
2241 3097 2274 3148 ii

2384 1905 2623 1976 βοτανῶν
2649 1904 2757 1956 τῶν
2785 1905 2849 1956 ἐκ
2876 1905 2979 1970 γῆς
3004 1901 3316 1970 φυομένων,
3350 1901 3464 1953 ἀλλ’
3489 1902 3586 1970 ὅση
3619 1901 3683 1953 ἄν
3718 1917 3829 1951 τινι
3847 1902 3953 1952 ἀπδ

2381 1995 2514 2049 Θεοῦ
2543 1995 2722 2064 δοθείη
2745 2011 2759 2024 ·
2800 1995 2894 2046 καὶ
2921 1993 3027 2063 γὰρ
3053 1992 3114 2044 οὐ
3151 1991 3313 2061 μέχρι
3362 1991 3469 2043 τῶν
3495 1989 3769 2059 σωμάτων
3798 2006 3952 2059 περι-

2380 2088 2635 2157 ορίζομεν
2662 2085 2759 2156 τὴν
2780 2084 3066 2155 ὠφέλειαν,
3092 2083 3226 2135 ἀλλὰ
3245 2082 3340 2136 καὶ
3359 2082 3468 2135 τῶν
3496 2081 3746 2151 ψυχικῶν
3772 2083 3954 2151 66,62»-

2381 2179 2671 2247 στημάτων
2729 2173 3032 2244 ποιούμεθα
3061 2173 3159 2243 τὴν
3208 2173 3514 2242 διόρθωσιν.
3561 2169 3694 2224 Εἶτα
3729 2173 3760 2223 6
3793 2171 3952 2224 δικαο

2382 2269 2510 2334 στής
2538 2283 2550 2296 ·
2602 2266 2712 2316 Οὐκ
2744 2265 2871 2316 ἄνευ
2917 2265 3203 2331 ἀσκήσεως
3236 2262 3346 2315 τῶν
3401 2261 3666 2330 Γαληνοῦ,
3699 2262 3830 2331 ἔφη,
3860 2262 3954 2314 καὶ

2391 2354 2788 2425 Ἱπποκράτους
2811 2410 2818 2418 ,
2840 2352 2998 2408 ταυτὶ
3025 2353 3253 2420 γένοιτο,
3277 2351 3334 2405 οἱ
3363 2351 3515 2422 παρᾲ
3541 2352 3648 2403 τῶν
3679 2352 3822 2406 θεῶν
3856 2355 3955 2423 τῆς

2379 2440 2690 2518 ἐπιστήμης
2735 2446 2795 2497 τὸ
2829 2444 3123 2510 κεφάλαιον
3156 2444 3367 2498 ἔλαϐον.
3431 2445 3538 2497 Καὶ
3594 2446 3622 2496 6
3658 2445 3914 2507 ῐΙάπυλος
3937 2462 3954 2476 ⁸

2381 2539 2618 2608 Γαληνὸς
2652 2537 2750 2607 μὲν
2795 2535 2889 2589 καὶ
2935 2535 3329 2605 Ἱπποκράτης,
3383 2537 3476 2588 καὶ
3507 2536 3556 2586 oi
3584 2535 3683 2604 τὴν
3723 2534 3961 2608 ἐκείνων

2383 2632 2660 2704 μετιόντες
2691 2629 2909 2699 τέχνην,
2949 2628 3072 2680 τότε
3107 2626 3173 2680 ἄν
3199 2644 3323 2680 τινα
3343 2603 3762 2697 θεραπεύσειαν,
3790 2624 3955 2698 ἡνίκα

2379 2727 2475 2794 τῆς
2499 2722 2696 2776 ἑαυτοῦ
2726 2721 3137 2790 φιλανθρωπίας
3159 2719 3259 2787 τὴν
3305 2719 3465 2789 χάριν
3506 2719 3597 2770 καὶ
3629 2721 3656 2770 6
3688 2719 3821 2787 ἐμὸς
3853 2735 3956 2772 πα-

2382 2818 2572 2887 ράσχοι
2600 2814 2832 2884 Χριστός
2853 2829 2866 2844 ’
2912 2815 2960 2866 εἰ
3002 2812 3047 2866 δ’
3081 2809 3196 2874 οὖν,
3228 2813 3435 2879 οἴχεται
3469 2811 3652 2872 αὐτοῖς
3676 2811 3709 2872 ή
3749 2809 3954 2875 σπουδὴ

2383 2907 2550 2978 μηδὲν
2576 2905 2674 2975 τῆς
2704 2904 2831 2972 περὶ
2862 2902 2959 2971 τὴν
2988 2903 3186 2970 τέχνην
3221 2900 3508 2967 ἀσκήσεως
3553 2897 3916 2949 ἀπολαύσασα
3936 2914 3952 2926 ο

2378 2999 2468 3061 οὒς
2496 2998 2553 3050 δέ
2607 3014 2671 3064 γε
2717 2994 3001 3064 ὀνομάζεις
3035 2992 3213 3056 θεοὺς,
3261 2991 3382 3044 οὐδὲ
3408 2989 3638 3051 ἑαυτοὺς
3673 2987 3869 3058 ὀνῆσαί
3901 3005 3958 3039 τι

2380 3094 2691 3163 δυνάμενοι,
2750 3088 2865 3150 πῶς
2913 3089 2980 3140 ἂν
3036 3087 3135 3155 τῆς
3164 3085 3376 3155 ἑτέρων
3427 3077 3579 3136 οὗτοι
3618 3082 3957 3151 φροντίσωσι

715 3195 897 3231 curam
924 3181 1189 3248 gesserint
1237 3180 1462 3231 aliorum
1506 3180 1774 3236 sanitatis.
1828 3182 1979 3247 Quod
2016 3183 2060 3235 si
2111 3186 2273 3238 etiam

2380 3184 2706 3256 οεραπείας;
2750 3181 2812 3232 Εἰ
2851 3179 2906 3230 δὲ
2933 3178 3027 3231 καὶ
3057 3176 3254 3245 μαθεῖν
3286 3175 3434 3246 ἔργῳ
3478 3174 3538 3226 τὸ
3556 3175 3812 3266 Χπρᾶγμα
3839 3171 3961 3224 ἐθέ-

715 3269 845 3321 v-elis
873 3285 979 3320 rem
1009 3271 1175 3332 ipsam
1208 3285 1329 3321 vere
1367 3269 1662 3333 intelligere
1688 3312 1701 3333 ,
1734 3287 1854 3326 eunt
1889 3313 1902 3336 ,
1933 3274 2023 3341 qui
2057 3286 2275 3344 prepter

716 3362 767 3410 te
796 3360 962 3419 sedet,
983 3360 1151 3412 altero
1178 3373 1230 3411 ut
1264 3362 1410 3414 vides
1437 3361 1593 3415 Oculo
1618 3364 1828 3426 orbum,
1867 3363 2066 3417 faciant
2103 3369 2272 3419 visum

717 3467 1071 3519 recuperare:
1131 3463 1184 3503 et
1229 3463 1412 3520 postea
1455 3455 1584 3507 nihil
1627 3456 1816 3507 dicam.
1870 3455 2051 3508 Fuerit
2098 3467 2275 3510 autem

718 3541 1005 3608 quispiam.
1037 3543 1110 3596 ait
1145 3542 1406 3606 Valerius,
1440 3545 1525 3612 qui
1560 3561 1678 3596 eum
1715 3546 1882 3613 possit
1907 3549 2138 3601 sanare?
2161 3547 2274 3601 Non

717 3633 818 3687 hoc
851 3633 1048 3695 solum,
1079 3634 1248 3699 inquit
1277 3643 1525 3699 sanctus,
1562 3638 1654 3689 sed
1698 3653 1884 3692 omnes
1930 3641 2090 3692 etiam
2145 3641 2281 3694 alios

716 3723 937 3777 morbos
967 3733 1018 3777 et
1057 3722 1369 3780 aﬂectiones
1407 3726 1730 3781 insanabiles
1785 3728 1940 3781 iacile
1979 3731 2273 3796 curaverit,

715 3815 804 3884 qui
841 3816 1116 3869 Chrisuuu
1151 3817 1298 3868 omni
1333 3819 1520 3872 morbo
1577 3818 1877 3873 tnedentcm
1924 3821 2276 3878 invocaverit.

719 3905 862 3959 Dixit
896 3917 1074 3960 autem
1110 3904 1390 3962 Valerius:
1429 3908 1717 3964 Videamus
1769 3911 1818 3963 in
1856 3916 2138 3980 praesentia
2176 3915 2224 3967 id
2262 3955 2275 3977 ,

716 3997 862 4065 quod
889 3999 1055 4052 dicis:
1090 3998 1202 4052 Non
1235 4016 1353 4068 ego,
1386 4002 1557 4068 inquit
1585 4003 1829 4071 Papylus,
1864 4006 2141 4073 aggrediar
2168 4008 2279 4075 pri-

721 4107 863 4143 mus.
898 4090 1098 4144 Vereor
1129 4093 1269 4144 enim
1301 4133 1316 4157 ,
1351 4107 1416 4145 ne
1450 4108 1568 4145 cmn
1597 4094 1710 4161 ipse
1737 4097 1913 4150 omnia
1961 4098 2231 4151 adulteres
2260 4139 2277 4162 ,

718 4183 1034 4236 miraculum
1081 4183 1320 4236 ascribas
1371 4182 1724 4238 dmmonibus.
1774 4188 1877 4238 Sed
1927 4188 1997 4239 tui
2049 4189 2278 4254 primum

718 4276 968 4328 invocent
1000 4291 1157 4342 quem
1193 4274 1354 4329 velint
1389 4289 1601 4331 tuorum
1639 4279 1893 4343 deorum,
1929 4291 1981 4336 ct
2013 4292 2139 4338 tunc
2178 4274 2286 4352 ego

715 4381 928 4437 quoque
959 4369 1243 4422 ostendam
1268 4368 1469 4421 Christi
1501 4371 1607 4422 mei
1633 4372 1908 4426 virtutem.

721 4733 925 4789 triticos
955 4733 1266 4787 adduxisset
1315 4733 1558 4788 Valerius
1588 4773 1603 4796 .
1653 4734 1813 4801 jussit
1861 4749 1988 4788 suos
2028 4735 2280 4789 invocare

722 4831 863 4888 deos,
894 4826 1117 4888 nullam,
1149 4840 1267 4895 qua:
1300 4824 1363 4879 ad
1393 4825 1492 4881 hoc
1523 4824 1709 4889 faciat,
1744 4827 2056 4880 amittentes
2081 4837 2275 4888 artem,

720 4931 812 4969 nec
845 4917 1182 4979 industriam,
1219 4931 1317 4971 nec
1339 4919 1622 4972 rationem.
1652 4918 1730 4972 Illi
1763 4928 1960 4982 autem,
1997 4917 2135 4971 alius
2173 4918 2276 4971 alio

715 5009 1051 5068 accedentes,
1075 5008 1159 5060 hic
1179 5006 1392 5076 quidem
1419 5008 1735 5076 Apollinem,
1765 5010 1852 5063 ille
1877 5019 2054 5063 autem
2082 5008 2278 5062 Αἰδου-

716 5101 936 5165 lapium,
971 5099 1107 5153 alius
1136 5098 1329 5152 deinde
1360 5100 1520 5153 alium
1555 5101 1836 5154 invocabat
1891 5116 1952 5154 ex
1981 5102 2085 5155 diis
2125 5102 2276 5155 adul-

714 5191 902 5244 terinis
934 5231 948 5253 ,
984 5191 1303 5258 impotentes
1338 5191 1389 5243 in
1422 5207 1476 5244 re
1506 5234 1519 5253 ,
1554 5206 1670 5259 quae
1723 5190 1836 5243 ﬁeri
1885 5207 1989 5243 non
2020 5203 2226 5259 poterat
2262 5235 2274 5258 ,

713 5282 856 5346 quod
890 5282 955 5333 ad
988 5281 1231 5335 homines
1272 5283 1483 5345 attinet,
1512 5283 1843 5336 invocantes.
1911 5282 2148 5351 Eratque
2194 5299 2279 5339 res

713 5375 869 5426 valde
897 5374 1145 5430 ridicula.
1173 5383 1223 5427 et
1253 5375 1407 5442 plena
1438 5375 1718 5427 dedecore.
1746 5374 1880 5439 Quid
1919 5377 2061 5429 enim
2097 5375 2163 5428 de
2193 5375 2276 5428 vi-

715 5448 1001 5524 ventibus.
1056 5478 1278 5532 magnus
1331 5466 1500 5531 inquit
1527 5463 1692 5516 lsaias
1744 5466 1803 5527 ⁸,
1859 5466 2279 5521 sciscitobuntur

717 5555 999 5612 mortuos?
1028 5554 1193 5607 Totus
1225 5571 1351 5619 ergo
1379 5555 1491 5607 dies
1528 5555 1779 5621 praeteriit
1807 5595 1818 5616 ,
1855 5565 1906 5608 et
1953 5557 2024 5608 illi
2064 5557 2274 5622 quidem

717 5647 971 5715 rogabant
1000 5687 1011 5706 ,
1057 5648 1462 5724 supplicabant,
1513 5647 1885 5702 sacrificabant
1919 5690 1929 5709 ,
1985 5649 2139 5698 rebus
2177 5650 2278 5697 illis

793 5805 810 5832 '
846 5801 944 5853 Isa.
990 5817 1100 5860 vtn,
1147 5801 1206 5850 l9

2378 3278 2509 3339 λεις,
2555 3276 2644 3327 τὸν
2694 3271 2845 3340 παρὰ
2903 3271 2986 3322 σοὶ
3045 3269 3356 3336 καθήμενον
3416 3264 3843 3335 πεπηρωμένον,
3879 3264 3959 3324 ὡς

2376 3368 2542 3437 ὁρᾷς,
2601 3363 2730 3415 ὅντα
2780 3361 2868 3414 τὸν
2911 3359 3097 3428 ἕτερον
3135 3357 3243 3410 τῶν
3275 3354 3594 3426 ὀφθαλμῶν,
3649 3353 3959 3420 ἀναᾶλέψαι

2379 3456 2781 3528 ποιησάτωσαν,
2839 3452 3008 3522 κάμοὶ
3059 3451 3217 3517 λόγος
3271 3451 3332 3502 τὸ
3379 3448 3520 3518 μετὰ
3541 3445 3720 3498 ταῦτα
3753 3445 3956 3505 οὐδείς.

2380 3548 2480 3615 Εἱή
2533 3547 2578 3599 δ’
2610 3547 2674 3600 ἄν
2723 3561 2828 3607 τις,
2864 3539 3018 3594 εἶπεν
3047 3541 3365 3610 Οὐαλέριος,
3411 3541 3439 3592 6
3486 3538 3677 3592 τοῦτον
3718 3538 3960 3605 ὑγιῶσαι

2378 3639 2710 3706 δυνάμενοςς
2748 3665 2817 3676 —
2851 3632 2926 3685 Οὐ
2966 3631 3156 3683 τοῦτον
3192 3630 3375 3700 μόνον,
3425 3631 3453 3682 6
3483 3629 3635 3696 ἆγιος
3664 3627 3794 3697 ἔφη,
3819 3625 3960 3678 ἀλλέι

2379 3727 2481 3780 κᾶν
2510 3726 2662 3788 νόσος
2691 3725 2825 3792 άλλη
2856 3740 2936 3786 τις
2983 3720 3041 3796 ᾖ,
3082 3723 3186 3776 κᾶν
3240 3721 3409 3782 πάθος
3460 3719 3579 3772 οὐδὲ
3610 3718 3742 3801 παρ’
3774 3716 3964 3782 ὀλίγον

2382 3824 2618 3892 ίάσιμον,
2691 3818 2886 3889 ῥᾳδίως
2929 3817 3146 3870 ἅπαντα
3197 3811 3606 3880 θεραπεύσειεν,
3666 3809 3725 3869 ὃς
3767 3807 3835 3860 ἂν
3865 3807 3959 3860 τὸν

2383 3916 2613 3985 ἰώμενον
2634 3916 2812 3966 πᾶσαν
2836 3912 2992 3963 νόσον
3015 3911 3109 3962 καὶ
3136 3909 3316 3960 πᾶσαν
3345 3904 3615 3977 μαλακίαν
3634 3903 3963 3957 ὲπικαλοῖτο

2379 4007 2635 4078 Χριστόν.
2681 4005 2790 4060 Καὶ
2815 4003 2907 4055 τὸν
2942 4000 3238 4069 Οὐαλέριον
3278 3999 3478 4067 φάναι·
3518 3997 3753 4066 ἰδωμεν
3785 3997 3844 4048 ὲν
3876 3994 3960 4065 τῷ

2384 4093 2610 4162 παρόντι
2647 4093 2674 4142 ὃ
2711 4091 2910 4156 λέγεις.
2961 4121 3031 4132 --
3085 4089 3198 4139 Οὐκ
3255 4087 3383 4153 ἐγὼ,
3413 4086 3578 4153 φησὶν
3610 4087 3638 4134 6
3672 4084 3959 4145 Πάπυλος,

2380 4183 2690 4252 ὲγχειρὴσω
2751 4179 3004 4250 πρῶτοςο
3044 4178 3262 4231 δέδοικα
3314 4175 3444 4246 γὰρ,
3497 4174 3663 4246 μὴτὸ
3717 4177 3962 4244 πρᾶγμα

2382 4276 2640 4337 νοθεύσας
2672 4273 2833 4336 αὐτὸς
2865 4275 2974 4334 τοῖς
3012 4271 3230 4341 δαίμοσι
3287 4271 3355 4322 τὰ
3391 4269 3487 4322 τοῦ
3514 4269 3798 4338 θαύματος
3827 4268 3962 4319 ὑποο

2381 4372 2630 4440 γράψῃς·
2657 4369 2770 4423 ἀλλ’
2805 4371 2853 4420 οί
2887 4370 2970 4419 σοὶ
3028 4367 3316 4436 πρότερον,
3365 4366 3432 4436 ἣν
3481 4365 3806 4433 βούλωνται.
3847 4363 3963 4415 τῶν

2385 4464 2521 4516 θεῶν
2553 4462 2708 4531 ὑμῶν
2736 4460 3027 4528 ἐπίκλησιν
3067 4459 3473 4528 ποιησάτωσαν,
3510 4457 3605 4512 καὶ
3634 4458 3759 4511 τότε
3790 4457 3972 4510 πάλιν

2312 4535 2355 4590 Ῐ)
2386 4552 2547 4613 αὐτὸς
2577 4550 2674 4618 τὴν
2705 4549 2798 4602 τοῦ
2825 4546 2958 4620 ἐμοῦ
2998 4548 3232 4618 Χριστοῦ
3258 4547 3487 4616 δύναμιν
3519 4548 3797 4613 ὶπιδείξω.

784 4639 929 4694 XIII.
970 4640 1124 4695 Tunc
1147 4655 1267 4695 cum
1305 4641 1805 4712 quosdam-deorum
1837 4642 2074 4699 cultores
2105 4653 2157 4696 et
2188 4659 2278 4697 sa-
2337 4671 2357 4692 .

2457 4645 2560 4697 II".
2594 4643 2724 4698 Τότε
2752 4641 3092 4711 θεραπευτάς
3113 4657 3267 4701 τινας
3295 4641 3388 4692 καὶ
3417 4639 3585 4701 θύτας
3606 4641 3959 4710 παραγαγὼν

2380 4739 2408 4790 6
2438 4731 2753 4804 Οὐαλέριος,
2795 4735 2919 4793 τοὺς
2981 4731 3191 4784 ἑαυτῶν
3250 4730 3506 4784 ικιλευεν
3566 4731 3956 4786 ἐπικαλεῖσθαι

2382 4827 2560 4889 θεοὺς,
2600 4826 2734 4894 μηδὲ
2755 4825 2971 4892 τέχνης,
3000 4823 3134 4893 μηδὲ
3161 4823 3429 4889 ἐπινοίας,
3459 4823 3582 4894 μηδ’
3614 4823 3785 4891 ἄλλης
3812 4824 3958 4885 τινὸς

2384 4914 2610 4987 μεθόδου
2663 4915 2796 4984 πρὸς
2849 4913 3005 4966 τοῦτο
3053 4912 3342 4981 μεθιέντας
3395 4911 3584 4982 μηδέν.
3621 4909 3770 4964 Οἱδὲ
3793 4911 3957 4975 ἄλλος

2382 5005 2585 5072 ἀλλαχῆ
2614 5023 2685 5056 πα
2696 5006 2918 5070 ριίντες.
2937 5005 2964 5052 6
2990 5001 3087 5070 μὲν
3115 5001 3448 5065 Ἀπόλλωνα,
3469 5003 3497 5054 6
3517 5000 3573 5054 δὲ
3595 5000 3955 5070 Ἀσκληπιὸν,

2379 5096 2405 5146 6
2435 5097 2489 5148 δὲ
2520 5096 2673 5156 ἄλλος
2704 5095 2862 5148 ἄλλον
2896 5093 3004 5145 τῶν
3028 5093 3298 5161 κιϐδήλων
3327 5093 3511 5144 ἐκάλει
3559 5091 3722 5156 θεῶν,
3754 5093 3956 5145 ἁδυνάο

2375 5207 2504 5251 τους
2539 5189 2676 5243 κατὰ
2697 5189 2957 5242 ἀδυνάτου
2990 5188 3335 5258 πράγματος,
3374 5188 3476 5240 ὅσα
3515 5204 3577 5254 γε
3623 5189 3705 5251 είς
3737 5186 3955 5254 ἀνθρὼ-

2379 5299 2513 5345 πους
2559 5279 2691 5354 ἧκεν
2732 5281 3153 5348 ἐπικαλούμενοι
3175 5298 3188 5311 ·
3234 5282 3327 5333 καὶ
3357 5275 3424 5351 ἦν
3449 5281 3507 5331 τὸ
3529 5280 3721 5351 χρῆμα
3755 5279 3952 5350 κομιδῇ

2388 5375 2581 5440 γέλως.
2637 5371 2863 5442 αἰσχύνη
2921 5373 3120 5440 σαφὴς.
3160 5373 3223 5422 Τί
3273 5373 3380 5440 γὰρ
3413 5372 3539 5440 περὶ
3579 5371 3689 5421 τῶν
3713 5369 3982 5432 ζώντων,-

2400 5463 2626 5523 Ἦσαῖας
2650 5462 2812 5530 φησπν
2844 5463 2870 5512 6
2901 5461 3090 5527 μέγας,
3150 5458 3511 5526 ἑκζητήσουσι
3545 5459 3670 5519 τοὺς
3702 5458 3951 5525 νεκρούςς

2400 5555 2613 5622 Ἡμέρα
2665 5551 2795 5616 γοῦν
2823 5549 3036 5617 διῆλθεν
3067 5550 3184 5613 ὅλη,
3217 5551 3310 5599 καὶ
3338 5549 3385 5600 οἱ
3417 5549 3515 5615 μὲν
3566 5547 3799 5607 ἐδέοντο,
3847 5546 3953 5598 ίκέο

2389 5663 2560 5696 zeum.
2620 5641 2918 5703 ἐθυσὶαζον,
2972 5642 3145 5689 πᾶσαν
3184 5641 3305 5706 περὶ
3337 5639 3403 5688 τὰ
3447 5637 3650 5704 μάταια
3676 5636 3951 5687 ἐποιοῦντο
