4180 6478
174 406 262 470 121
1247 406 1426 462 Vl'l‘A
1468 407 1526 464 S.
1561 406 1784 464 CARl’l
1832 408 1921 466 ET
1954 408 2376 476 SOCIORUM.
3355 423 3454 486 122

167 518 262 580 τὴν
291 517 681 584 προσεδρείαν
705 531 718 545 ⁸
761 517 827 570 τά
857 518 912 569 δέ
959 517 1120 583 κωφὰ
1158 517 1321 582 κωφὰ
1354 513 1449 586 ἦν,
1497 521 1592 571 καὶ
1618 521 1695 590 τῷ
1727 523 1751 572 ἐ

1862 528 2049 576 .vunis
2097 541 2359 595 perpetuo
2403 533 2731 589 assidebant.
2790 535 2960 590 Surda
3016 552 3191 589 autem
3291 539 3450 593 surda

167 606 364 674 μέρους
397 606 788 674 τυφλώττοντι
811 606 1040 673 οὐδεμία
1067 605 1299 674 βοήθεια
1326 607 1480 675 παρὰ
1509 608 1618 659 τῶν
1644 609 1760 662 ὄλω‹

1886 625 2070 668 erant:
2105 629 2156 670 et
2185 620 2230 671 ei
2260 662 2272 672 .
2308 622 2396 688 qui
2429 639 2492 676 ex
2525 636 2676 692 parte
2718 628 3030 681 czecutiebat
3087 629 3288 681 nullum
3335 637 3456 682 eral

165 697 627 763 πεπηρωμένων.
651 695 715 748 Τί
748 696 839 749 οὖν
863 697 891 748 6
920 695 1016 748 τοῦ
1041 696 1286 766 Χριστοῦ
1323 698 1574 769 μάρτυς;
1613 701 1780 771 Ὁμοῦ

165 789 259 838 σὺν
288 790 408 848 τοῖς
444 787 674 858 ὄμμασι
723 790 819 857 τῆς
853 789 1058 858 σαρκὸς
1093 789 1189 840 καὶ
1240 788 1308 840 τά
1335 790 1451 859 τῆς,
1491 791 1667 861 ψυχῆς
1701 794 1776 856 είς

160 879 431 946 οὐρανοὺς
457 882 632 949 ἄρας,
665 882 755 933 τὸν
783 881 979 934 ἑαυτοῦ
1010 882 1150 950 πρὸς
1184 881 1547 935 ἐλεονέκάλει
1578 885 1778 938 Δεσπό-

160 986 276 1036 την.
315 964 454 1022 Εἶτα
496 971 592 1034 τίς
657 973 730 1024 Τὸ
782 973 875 1024 τοῦ
929 972 1169 1042 σταυροῦ
1203 977 1441 1042 σημεῖον
1500 976 1776 1030 ἐπιϐάλλει

160 1063 277 1122 ταῖς
306 1061 538 1128 ὄψεσιν,
587 1063 819 1114 ἅπτεται
843 1065 907 1131 τῇ
953 1064 1120 1133 χειρὶ,
1156 1065 1252 1116 καὶ
1307 1067 1374 1132 τῇ
1415 1066 1532 1136 ἁφῇ
1567 1067 1627 1118 τὸ
1660 1070 1775 1133 φῶς

161 1151 474 1217 ἠκολούθει,
523 1153 627 1202 καὶ
681 1153 708 1203 6
760 1153 1009 1215 οδεσθεὶς
1062 1153 1342 1222 ὀφθαλμὸς
1381 1156 1521 1224 ῥᾷον
1564 1156 1595 1226 ἢ
1638 1159 1772 1226 πρὸς

162 1240 327 1291 ὐπιον
364 1241 798 1311 συγκαλυφθεὶς
843 1243 1171 1311 ἀνεῴγνυτο,
1231 1245 1327 1296 καὶ
1367 1245 1436 1298 τὸ
1467 1245 1531 1314 δὴ
1566 1247 1767 1315 μεῖζον.

161 1334 251 1383 καὶ
281 1335 315 1400 ἡ
349 1333 547 1402 ψυχῆς
577 1334 771 1387 ἐλύετο
807 1335 1075 1402 πήρωσις,
1110 1334 1204 1386 καὶ
1229 1335 1518 1388 πιστεύων
1549 1333 1638 1408 ἦν,
1679 1339 1770 1391 καὶ

159 1423 216 1473 τὸ
250 1423 372 1488 φῶς
404 1424 473 1476 τὸ
515 1425 778 1494 ἀληθινὸν
803 1425 970 1492 ἐώρα,
1010 1423 1038 1475 ὃ
1087 1423 1312 1492 φωτίζει
1347 1426 1535 1478 πάντα
1559 1427 1770 1496 ἄνθρω-

161 1530 260 1565 πον
293 1515 613 1584 ἐρχόμενον
639 1518 718 1577 εἰς
738 1518 825 1567 τὸν
844 1515 1070 1583 κόσμον,
1098 1515 1192 1569 καὶ
1217 1515 1334 1583 ἅμα
1367 1516 1510 1568 πολύ
1543 1535 1594 1569 τι
1627 1520 1767 1586 πλῆ-

159 1605 247 1667 Θος
274 1606 608 1678 ἀνθρώπων
635 1606 712 1677 τῷ
768 1607 1006 1675 θαύματι
1062 1606 1200 1676 πρὸς
1238 1607 1338 1677 τὴν
1369 1607 1477 1676 τῆς
1508 1607 1767 1679 ἀληθείας

157 1698 471 1765 ἐπίγνωσιν
540 1701 986 1768 ἐχειραγωγεῖτο.
1050 1701 1184 1753 Τίνα
1222 1701 1292 1753 ἂν
1340 1701 1407 1753 οὐ
1471 1703 1767 1770 μετέϐαλον

156 1791 350 1858 ταῦτα,
384 1792 491 1845 καὶ
519 1792 610 1855 τίς
644 1795 671 1845 ὀ
703 1793 797 1862 τὴν
840 1793 993 1861 ἰσχὺν
1030 1792 1167 1860 ἔχων
1203 1791 1414 1862 ταύτην
1465 1791 1764 1865 ἐκζητῆσαι

1883 709 2136 763 auxilium
2186 716 2251 766 ab
2293 715 2358 767 iis
2397 717 2484 783 qni
2515 727 2670 770 erant
2697 721 2823 772 caeci
2871 722 3103 789 penitus.
3148 721 3287 786 Quid
3323 737 3456 791 ergo

1881 799 2083 854 Christi
2129 819 2318 858 servus
2349 806 2375 858 ἶ
2425 807 2597 860 Simul
2641 824 2759 861 cum
2810 810 2990 864 carnis
3038 810 3208 864 oeulis
3255 810 3453 863 anima!

1881 907 2092 962 quoque
2122 896 2307 950 oculos
2337 898 2402 950 ad
2437 898 2633 951 coelum
2671 900 2884 961 tollens,
2913 901 2978 952 ad
3017 899 3447 954 misericordiam

1881 999 2036 1038 suum
2088 985 2377 1042 invocabat
2428 989 2738 1047 Dominum.
2795 993 2997 1046 Deinde
3043 991 3211 1060 quid?
3255 991 3444 1046 Crucis

1877 1075 2085 1140 signum
2136 1078 2378 1133 immittit
2430 1082 2636 1146 oculis,
2676 1098 2838 1136 manu
2900 1084 3109 1152 tangit.
3155 1092 3207 1136 et
3243 1091 3444 1136 tactum

1876 1167 1962 1220 lux
1995 1178 2075 1222 est
2100 1182 2392 1226 consecuta
2421 1213 2435 1236 ,
2467 1183 2518 1226 et
2548 1181 2850 1228 exstinctus
2882 1177 3072 1229 oculus
3117 1176 3329 1230 facilius
3363 1187 3447 1228 est

1875 1270 2091 1326 apertus
2117 1302 2131 1326 ,
2169 1278 2327 1330 quam
2360 1265 2404 1318 si
2448 1280 2638 1320 somno
2674 1266 2861 1321 fuisset
2905 1277 3153 1335 opertus:
3206 1277 3257 1320 et
3300 1268 3442 1334 quod

1874 1352 2044 1418 majus
2068 1361 2171 1415 est,
2206 1353 2342 1420 ejus,
2368 1355 2455 1423 qui
2486 1356 2750 1412 beneficio
2782 1359 3005 1411 allectus
3030 1358 3224 1420 fuerat,
3249 1360 3442 1410 animae

1871 1456 2084 1510 quoque
2108 1445 2282 1498 ablata
2303 1459 2385 1500 est
2407 1450 2642 1508 accitas,
2667 1459 2889 1516 eratque
2918 1451 3160 1513 credens,
3185 1459 3439 1503 et'veraui

1870 1530 2040 1585 lucem
2078 1535 2384 1589 intuebatur
2412 1577 2426 1599 ,
2462 1553 2580 1605 quae
2612 1539 2878 1593 illuminat
2906 1554 3124 1594 omnem
3165 1540 3438 1598 hominem

1868 1623 2169 1676 venientem
2202 1625 2254 1677 iu
2281 1626 2421 1681 hunc
2457 1631 2712 1683 mundum
2744 1647 2756 1682 :
2790 1641 2842 1682 et
2872 1629 3030 1682 simul
3053 1631 3213 1683 etiam
3247 1630 3439 1698 magna

1869 1713 2145 1766 hominum
2183 1716 2467 1770 multitudo
2498 1719 2723 1774 deducta
2757 1730 2838 1772 est
2873 1721 3134 1773 miraculo
3169 1721 3233 1772 ad
3287 1721 3438 1787 agni-

1869 1805 2065 1858 tionem
2091 1807 2352 1861 veritatis.
2388 1808 2554 1872 Qucm
2589 1824 2694 1862 non
2729 1810 2842 1864 haec
2891 1819 3228 1874 mutassent,
3275 1819 3327 1865 ct
3351 1811 3434 1864 ef-

157 1879 250 1931 καὶ
305 1880 517 1949 μαθεῖν
569 1883 1014 1950 παρεσχεύασεν;
1081 1883 1218 1934 Ἀλλ’
1277 1885 1325 1935 εί
1373 1884 1471 1936 καὶ
1527 1885 1760 1952 πάντας,

1868 1898 2121 1953 fecissent
2158 1914 2402 1967 quaerere
2429 1910 2484 1954 et
2509 1901 2716 1955 discere
2744 1944 2756 1964 ,
2813 1903 3061 1972 quisnam
3110 1905 3155 1957 is
3188 1905 3297 1968 sit,
3343 1903 3439 1971 qui

154 1971 466 2040 Οὐαλέριον
526 1972 664 2041 γοῦν
714 1973 982 2041 οὐδαμῶς,
1041 1973 1177 2026 ἀλλὰ
1230 1975 1325 2026 καὶ
1371 1976 1512 2027 πολὺ
1552 1978 1760 2045 μᾶλλον

154 2062 551 2130 ἀπηνέστερον
591 2063 783 2115 ἐαυτοῦ
808 2065 1172 2133 πεποιήκασι,
1205 2065 1460 2134 καθάπερ
1493 2067 1760 2136 ἐνηδόμε-

153 2173 240 2205 νον
289 2157 357 2223 τῇ
419 2154 690 2224 ἀπωλείᾳ
723 2155 820 2222 τῆς
853 2155 1060 2226 πλάνης
1099 2155 1194 2208 καὶ
1233 2156 1488 2224 οὐδαμῶς
1523 2160 1763 2212 ἐκκαλυ-

155 2246 358 2315 φθῆναι
396 2249 507 2316 τὴν
545 2247 811 2315 ἀλήθειαν
837 2247 1198 2317 ἀνεχόμενον·
1235 2246 1357 2302 ὅθεν
1380 2251 1476 2301 καὶ
1498 2250 1588 2303 τὸν
1620 2253 1762 2323 μάρ-

150 2355 288 2407 τυρα
327 2340 556 2408 ταύτης
601 2341 692 2391 ἐπὶ
730 2340 886 2404 ξύλου
924 2341 1288 2411 μετεωρίσας,
1340 2343 1612 2408 αἰκίζεται
1641 2348 1761 2414 δρι-

152 2431 443 2496 μυτάτως,
513 2433 777 2495 τοιαύτας
834 2432 984 2502 αὐτῷ
1015 2435 1113 2494 τὰς
1159 2434 1398 2502 ἀμοιϐάς
1428 2436 1526 2503 τῆς
1558 2438 1638 2498 είς
1667 2438 1760 2491 τὸν

150 2519 552 2589 συγκὰθεδρον
585 2520 905 2588 εὐεργεσίας
938 2521 1247 2584 ἀποδιδούς.

218 2694 318 2749 1Δ⁹.
367 2694 666 2758 Ἐξαίνετο
698 2696 796 2764 μὲν
824 2692 917 2750 οὖν
949 2698 1010 2754 τὸ
1041 2699 1205 2753 καλὸν
1243 2703 1420 2758 ἐκεῖνο
1453 2705 1612 2776 σῶμα
1634 2710 1759 2773 ταῖς

1865 1996 2010 2041 tanta
2046 1999 2130 2041 est
2161 1990 2356 2040 virtute
2381 1991 2676 2055 praeditus?
2705 1990 2810 2044 Sed
2839 2001 2894 2044 et
2922 1990 2966 2043 si
2996 2004 3184 2044 omnes
3231 2004 3442 2057 nequa-

1863 2094 2022 2147 quam
2060 2079 2272 2147 quidem
2299 2091 2445 2132 certe
2478 2081 2768 2143 Valerium,
2804 2083 2909 2134 imo
2932 2096 3055 2134 eum
3085 2081 3246 2133 etiam
3269 2096 3327 2134 se
3350 2083 3434 2148 ip-

1864 2187 1959 2240 pso
1993 2172 2236 2225 fecerunt
2266 2171 2420 2240 longe
2443 2174 2742 2237 seriorem,
2777 2174 2998 2242 perinde
3027 2173 3138 2228 acsi
3189 2172 3424 2227 delecta-

1866 2275 2015 2319 retur
2040 2280 2227 2321 errore
2261 2312 2275 2335 ,
2309 2278 2361 2322 ct
2392 2279 2725 2336 nequaquam
2755 2266 3047 2323 sustineret
3087 2267 3290 2333 aperiri
3341 2281 3435 2320 ve-

1865 2360 2097 2413 ritatem.
2131 2359 2285 2415 Unde
2317 2363 2479 2414 etiam
2509 2375 2628 2412 cum
2660 2360 2777 2427 ejus
2805 2367 3094 2428 martyrem
3144 2357 3430 2411 sublimem

1861 2466 2022 2519 supra
2056 2455 2256 2523 lignum
2293 2454 2616 2517 sustulisset,
2647 2453 2897 2504 verberat
2924 2449 3276 2506 acerbissime
3300 2488 3315 2511 ,
3343 2460 3430 2503 ta-

1861 2543 1936 2596 les
1965 2546 2012 2596 ei
2049 2545 2275 2597 reddens
2326 2544 2789 2597 remunerationes
2839 2558 2936 2612 pro
2979 2542 3265 2607 beneﬂcio,
3320 2555 3436 2610 quo

1861 2636 1976 2702 ejus
2009 2633 2262 2689 affecerat
2294 2650 2654 2689 assessorem.

1928 2726 2066 2783 XIV.
2104 2728 2165 2781 Et
2220 2726 2444 2796 ﬂagellis
2501 2728 2714 2794 quidem
2775 2727 3090 2779 cmdebatur
3143 2726 3429 2795 pulchrum

1858 2817 1983 2870 illttd
2004 2833 2231 2886 corpus:
2261 2816 2516 2887 Papylum
2543 2825 2717 2869 autem
2747 2831 2850 2868 non
2879 2815 2980 2869 h’oc
3013 2817 3150 2870 male
3175 2815 3428 2876 habebat,

1855 2910 1946 2960 sed
1982 2910 2125 2975 quod
2154 2925 2256 2960 non
2284 2910 2532 2977 graviora
2569 2908 2942 2977 inlligerentur
2967 2919 3258 2974 tormenta,
3281 2925 3424 2977 aegre

1855 2998 2099 3052 ferebat:
2133 3000 2405 3066 quomodo
2434 3008 2622 3051 contra
2648 2998 2917 3064 Valerius,
2946 3001 3084 3051 victa
3118 3002 3303 3052 videns
3331 3017 3428 3052 sua

1857 3098 2118 3142 tormenta
2153 3104 2180 3141 a
2220 3090 2472 3159 martyris
2517 3089 2678 3141 animi
2711 3089 3100 3158 magnitudine,
3130 3089 3344 3142 dolebat
3373 3099 3428 3142 et

1856 3182 2049 3234 acerbe
2112 3181 2393 3234 tolerabat.
2445 3179 2651 3247 Adiecit
2700 3181 2885 3247 itaque
2944 3180 3111 3233 etium
3171 3180 3307 3241 alia;
3373 3190 3430 3234 et

1857 3273 2030 3340 ignem
2063 3273 2304 3323 accendit
2336 3272 2454 3336 ejus
2491 3272 2770 3336 lateribus,
2800 3282 2849 3324 et
2878 3271 3029 3337 jubet
3087 3287 3207 3324 eum
3244 3272 3429 3338 appeti

1856 3364 2138 3431 lapidibus.
2169 3364 2275 3417 Sed
2312 3379 2410 3416 nec
2435 3365 2691 3416 adversus
2725 3365 2900 3430 ignem
2967 3380 3024 3416 se
3069 3368 3233 3430 gessit
3284 3379 3429 3416 mar-

1857 3463 1946 3521 tyr
1982 3455 2212 3521 ignave:
2246 3463 2298 3507 et
2332 3453 2534 3522 lapides
2557 3453 2716 3505 veluti
2751 3453 2963 3506 reveriti
2989 3467 3184 3520 corpus
3214 3493 3229 3517 ,
3281 3456 3429 3521 quod

1854 3549 1934 3599 sic
1963 3562 2058 3614 pro
2091 3546 2311 3599 Christo
2349 3547 2721 3615 torquebatur,
2759 3545 2866 3598 alio
2891 3546 3105 3612 quidem
3140 3543 3421 3608 iacieban-

1857 3643 1959 3694 tur,
2022 3647 2357 3700 nequaquam
2393 3645 2573 3685 autem
2614 3635 2663 3683 in
2710 3633 2880 3700 ipsum
2924 3634 3255 3686 ferebantur.
3285 3632 3420 3686 Cum

1851 3735 1980 3788 ergo
2004 3722 2115 3788 jam
2147 3713 2391 3775 defessus
2420 3733 2560 3776 esset
2592 3721 2860 3783 Valerius,
2892 3739 2990 3775 nec
3036 3725 3146 3790 jam
3174 3725 3418 3785 haberet,

1852 3811 1992 3876 quod
2027 3813 2228 3865 sanctis
2254 3811 2474 3866 inferret
2502 3815 2567 3865 ad
2599 3813 2925 3881 supplicium
2955 3851 2971 3875 ,
3026 3811 3187 3865 dabat
3208 3819 3422 3880 tempus

1852 3903 2132 3964 vibicibus,
2165 3915 2413 3969 reputans
2444 3903 2693 3965 fortasse,
2733 3907 2874 3969 quod
2899 3906 2942 3957 si
2969 3920 3156 3972 parum
3207 3905 3420 3960 dimissi

1849 3994 1927 4046 sic
1991 3991 2190 4045 fuerint
2239 4003 2525 4062 martyres,
2574 3992 2890 4046 inflammati
2938 3995 3048 4062 jam
3092 3996 3296 4051 vibices
3323 4011 3418 4050 eos

1849 4084 2190 4152 gravioribus
2241 4084 2515 4140 allicerent
2571 4086 2867 4146 doloribus.
2905 4098 2959 4141 et
2991 4088 3072 4142 sic
3130 4088 3422 4142 redderent

150 2784 401 2853 μάστιξι.
470 2784 737 2839 Πάπυλον
767 2786 823 2838 δὲ
875 2787 935 2840 οὐ
974 2789 1134 2842 τοῦτο
1168 2790 1381 2855 ἐλύπει,
1415 2794 1530 2847 ἀλλ’
1570 2797 1652 2848 ὅτι
1681 2799 1756 2869 μὴ

145 2875 552 2945 χαλεπώτεραι
633 2877 832 2945 μᾶλλον
898 2879 1171 2949 ἐπήγοντο
1228 2881 1491 2950 βάσανοι,
1568 2887 1756 2951 δεινῶς

143 2968 426 3036 ἤσχαλλεν
453 2984 469 2997 ο
527 2966 725 3034 ὥσπερ
756 2969 885 3032 γοῦν
911 2971 1004 3021 ἀπ’
1046 2973 1298 3036 ἐναντίας
1329 2976 1423 3027 καὶ
1455 2976 1753 3048 Οὐαλέριος

144 3061 482 3126 ἡττωμένας
510 3057 662 3126 ὁρῶν
695 3059 852 3110 πάλιν
884 3059 983 3122 τάς
1004 3062 1167 3112 αὐτοῦ
1202 3063 1470 3130 βασάνους
1494 3070 1630 3136 πρὸς
1655 3071 1754 3141 τὴν

140 3149 231 3200 τσῦ
275 3148 588 3217 μάρτυρος
623 3146 908 3216 εὐψυχίαν,
947 3149 1118 3213 πάθος
1153 3152 1286 3205 ῐδιον
1324 3151 1436 3224 εἶχε
1465 3157 1621 3210 τοῦτο
1653 3164 1746 3214 καὶ

141 3241 360 3308 πικρῶς
399 3241 583 3310 ἔφερε
607 3255 622 3272 ο
657 3241 944 3310 τοιγαροῦν
967 3243 1276 3310 προσετίθει
1308 3248 1404 3298 καὶ
1435 3246 1620 3315 ἄλλας,
1653 3254 1746 3304 καὶ

139 3335 248 3400 πῦρ
283 3336 418 3395 ταῖς
452 3331 634 3384 αὐτοῦ
662 3332 918 3400 πλευραῖς
954 3334 1262 3389 ύπανάπτει
1300 3339 1395 3389 καὶ
1427 3338 1595 3403 λίθοις
1621 3341 1753 3410 βάλ-

138 3424 329 3476 λεσθαι
365 3423 601 3474 κελεύει
628 3439 641 3451 ·
678 3424 810 3474 ἀλλὰ
850 3424 942 3474 καὶ
977 3427 1114 3490 πρὸς
1153 3427 1214 3477 τὸ
1265 3428 1377 3497 πῦρ
1421 3431 1448 3481 6
1483 3434 1753 3503 μακάριος

135 3517 288 3567 οὐδὲν
327 3515 557 3566 ἔπαθεν
593 3513 838 3577 ἀγεννὲς,
868 3515 962 3565 καὶ
989 3517 1036 3566 oi
1063 3515 1199 3568 λίθοι
1229 3518 1477 3589 καθάπερ
1498 3523 1750 3591 αἰδούμε-

137 3624 211 3658 νοι
239 3607 301 3657 τὸ
331 3606 432 3657 διὰ
457 3603 714 3671 Χριστὸν
737 3603 908 3666 οὕτως
933 3605 1282 3675 αἰκιζόμενον
1309 3609 1488 3679 σῶμα,
1517 3613 1748 3682 ἀλλαχοῦ

139 3700 236 3764 μὲν
263 3695 685 3764 ἠκοντίζοντο,
727 3697 850 3749 κατ’
887 3698 1055 3750 αὐτοῦ
1102 3700 1160 3752 δέ
1189 3701 1438 3769 οὐδαμῶς
1469 3705 1746 3773 ἐφέροντο.

151 3793 301 3845 Ἐπεὶ
353 3788 462 3844 οὖν
521 3788 909 3858 ἀπηγόρευσεν
946 3790 1240 3859 Οὐαλέριος
1297 3793 1399 3862 ἤδη
1452 3798 1544 3846 καὶ
1597 3799 1748 3849 οὐδὲν

135 3880 309 3952 εἶχεν,
339 3885 374 3935 ὃ
416 3883 712 3949 ἐπαγάγοι
756 3885 867 3944 τοῖς
907 3882 1084 3949 άγίοις
1128 3883 1208 3946 είς
1236 3886 1526 3956 τιμωρίαν,
1558 3891 1749 3959 καιρὸν

133 3975 306 4028 ἐδίδου
330 3975 460 4033 τοῖς
488 3970 749 4040 μώλωψι,
784 3972 1133 4041 λογιζόμενος
1164 3976 1318 4040 ῐσως,
1351 3977 1426 4039 ὡς
1467 3979 1519 4030 εῐ
1544 3996 1606 4045 γε
1655 3981 1747 4032 καὶ

136 4063 336 4135 μικρὸν
391 4062 591 4124 οὕτως
638 4061 879 4114 άνεθιῖεν
931 4064 981 4115 oi
1042 4065 1341 4135 μάρτυρες,
1394 4068 1746 4139 δριμυτέραις

131 4158 335 4222 αὐτοὺς
365 4159 423 4211 οἱ
451 4154 736 4226 μώλωπες
766 4155 1155 4221 περιϐαλοῦσιν
1191 4158 1406 4221 ὀδύναις
1442 4162 1543 4229 ἠδη
1577 4163 1743 4230 φλεγ-

1862 4175 2124 4229 molliores
2184 4174 2250 4228 ad
2313 4174 2544 4228 futuram
2611 4179 2988 4243 quaestionem.
3042 4177 3148 4232 Sed
3203 4178 3239 4232 ii
3294 4193 3416 4232 cum

133 4251 422 4317 μήναντες
458 4247 566 4300 καὶ
596 4244 742 4298 οὕτω
767 4244 1125 4317 χαυνοτέρους
1150 4248 1286 4318 πρὸς
1321 4250 1422 4313 τάς
1447 4251 1744 4319 μελλούσας

1862 4282 2009 4333 )rope
2042 4266 2304 4318 baberent
2351 4265 2640 4330 Medicum,
2691 4277 2905 4334 preptcr
2953 4283 3111 4336 quem
3145 4268 3328 4334 plagas
3353 4268 3418 4320 li-

127 4341 421 4404 ἐξετάσεις
456 4338 820 4406 παρέξονται.
870 4338 1012 4392 Ἀλλ’
1045 4332 1192 4396 οὗτοι
1237 4341 1327 4395 τὸν
1365 4343 1548 4415 ἰατρὸν
1574 4346 1743 4416 ἐγγὺς

1862 4332 2033 4408 )enter
2095 4354 2454 4420 accipiebant,
2513 4370 2616 4409 non
2669 4332 2839 4409 solum
2903 4371 2932 4408 a
2973 4332 3274 4419 dolori—bus,
3321 4357 3416 4411 sed

126 4432 372 4502 ἔχοντες,
447 4430 528 4484 δι’
571 4429 634 4481 ὃν
666 4430 758 4482 καὶ
811 4431 909 4494 τάς
940 4431 1157 4502 πληγάς
1185 4433 1356 4503 ἡδέως
1387 4436 1653 4505 ἐδέχοντο,
1678 4442 1740 4494 οὐ

1862 4451 2007 4503 etiam
2036 4465 2063 4501 a
2099 4449 2408 4502 vulneribus
2434 4449 2640 4503 liberati
2680 4460 2807 4506 sunt
2841 4450 3001 4504 simul
3044 4466 3166 4504 cum
3195 4451 3417 4505 cicatri-

124 4527 233 4578 τῶν
264 4523 496 4579 ὀδυνῶν
541 4519 726 4591 μόνον,
754 4520 892 4574 ἀλλὰ
924 4523 1022 4576 καὶ
1053 4524 1161 4575 τῶν
1193 4528 1522 4595 τραυμάτων
1543 4534 1734 4594 αὐταῖς

1862 4543 2016 4607 ribus,
2049 4556 2115 4595 nc
2142 4542 2306 4594 ullum
2333 4543 2549 4610 quidem
2584 4543 2634 4593 in
2676 4557 2734 4594 se
2769 4554 2955 4593 eorum
2990 4541 3222 4594 ferentes
3246 4541 3412 4594 vesti-

123 4619 315 4681 οὐλαῖς
337 4613 803 4686 ἀπηλλάττοντο,
833 4612 969 4684 μηδέ
995 4614 1140 4684 ἴχνος
1171 4631 1224 4668 τι
1263 4617 1469 4671 τούτων
1492 4620 1579 4689 ἐφ’
1611 4623 1739 4676 ἐαυ-

1862 4635 2003 4703 ;ium.
2037 4632 2216 4698 Quare
2246 4634 2484 4702 seipsum
2534 4633 2847 4702 imprudens
2878 4633 3103 4687 feriebat
3146 4631 3409 4696 Valerius,

124 4711 231 4763 τῶν
291 4707 746 4778 περιφέροντες,
792 4705 933 4760 ὥστε
968 4707 1227 4768 ἐλάνθανε
1257 4709 1510 4779 πλήττων
1545 4713 1737 4768 ἑαυτὸν

1862 4739 1944 4779 ton
1977 4737 2264 4795 martyres.
2304 4725 2420 4789 Quo
2456 4724 2600 4778 enim
2639 4726 2710 4778 illi
2743 4728 2913 4794 magis
2975 4725 3284 4779 levabantur
3334 4723 3412 4778 la-

122 4800 463 4870 Οὐαλέριος,
501 4794 567 4847 οὐ
597 4793 725 4856 τοὺς
765 4794 1048 4866 μάρτυρας
1076 4812 1087 4826 δ
1114 4797 1223 4866 ὅσῳ
1252 4800 1359 4869 γάρ
1389 4802 1736 4870 ἐκουφίζοντο

1862 4817 2079 4878 boribus,
2116 4793 2180 4868 eo
2205 4815 2375 4883 magis
2412 4829 2511 4870 cor
2553 4816 2668 4883 ejus
2694 4793 3000 4870 caedebatur
3032 4835 3046 4870 :
3081 4817 3290 4886 itaque,
3315 4830 3409 4884 pe-

120 4893 227 4945 τῶν
263 4892 462 4942 πόνων
498 4886 743 4951 ἐκεῖθεν,
766 4886 1006 4956 τοσούτῳ
1036 4887 1133 4959 τὴν
1158 4889 1385 4959 καρδίαν
1416 4896 1582 4957 αὐτὸς
1606 4897 1736 4966 ipa.-

1862 4909 1992 4962 inde
2017 4923 2078 4962 ac
2103 4908 2262 4978 ignis,
2292 4923 2417 4964 eum
2445 4909 2795 4963 accendebat.

124 4983 366 5046 στίζετο,
395 4980 506 5032 καὶ
533 4978 709 5044 θυμὸς
729 4977 892 5031 αὐτὸν
923 4979 1014 5031 ῐσα
1050 4981 1144 5032 καὶ
1176 4983 1307 5052 πυρὶ
1339 4985 1675 5056 κατεπίπρα.

186 5077 290 5130 IE'.
325 5071 538 5144 Βραχὺ
560 5067 626 5120 τὸ
651 5069 854 5137 μεταξὺ
878 5072 972 5123 καὶ
1007 5071 1168 5124 πάλιν
1206 5075 1234 5126 6
1277 5075 1376 5143 μὲν
1406 5078 1492 5144 ἐφ’
1527 5079 1728 5149 ὑψηλοῦ

1905 5083 2020 5138 XV.
2050 5083 2219 5138 Breve
2251 5093 2462 5155 tempus
2497 5087 2828 5146 intercessit,
2861 5094 2914 5139 et
2957 5100 3143 5140 rursus
3169 5085 3256 5138 ille
3281 5087 3402 5152 qui-

118 5166 490 5236 προκάθηται
522 5159 795 5230 βήματος,
815 5162 1034 5228 φονικόν
1053 5179 1111 5216 τε
1132 5166 1223 5217 καὶ
1243 5167 1472 5234 μανικὸν
1491 5170 1724 5239 βλέπων,

1862 5181 1950 5231 Leni
1978 5175 2231 5244 praesidet
2264 5177 2317 5230 in
2345 5177 2560 5231 excelso
2602 5175 2874 5239 tribunali,
2909 5186 3057 5228 torvo
3091 5184 3142 5227 et
3196 5179 3395 5228 caulem

120 5259 206 5336 καὶ
236 5257 331 5310 διά
361 5255 470 5308 τοῦ
526 5251 635 5321 τῆς
662 5249 839 5321 ψυχῆς
886 5255 1217 5326 κατόπτρου,
1268 5259 1374 5309 τῶν
1406 5259 1723 5329 ὀφθαλμῶν,

1862 5267 2069 5333 pirante
2101 5276 2318 5333 aspectu
2343 5268 2580 5327 intuens,
2606 5275 2661 5316 et
2704 5282 2800 5331 per
2843 5267 3034 5317 anima:
3089 5270 3391 5330 speculum,

118 5349 208 5416 τὴν
241 5349 402 5401 ἔνδον
461 5341 794 5408 ὑποφαίνων
849 5345 1105 5410 πικρίαν,
1164 5349 1254 5398 καὶ
1305 5348 1425 5399 οὐδὲ
1457 5354 1722 5418 προσιτδς

1863 5352 2031 5414 culos,
2087 5352 2349 5404 internam
2409 5351 2704 5402 ostendens
2750 5350 3120 5411 acerbitatem,
3179 5353 3242 5401 et
3291 5364 3385 5401 nec

119 5439 225 5496 τοῖς
263 5435 540 5487 πλείοσιν
582 5431 694 5482 ὧν·
756 5434 1100 5499 περιίσταται
1148 5436 1205 5486 δὲ
1259 5438 1418 5490 αὐτὸν
1463 5442 1571 5490 πᾶν
1597 5442 1720 5492 ὅσον

1862 5441 2062 5491 Ini-ibus
2085 5438 2298 5503 quidem
2334 5437 2417 5489 sui
2444 5439 2686 5503 prmbcns
2713 5436 2938 5489 adeundi
2967 5437 3172 5501 cupiam
3197 5437 3375 5488 :illutu

121 5525 471 5593 ὑπηρετικὸν
514 5515 636 5587 εἶχε
661 5519 757 5585 τῆς
788 5523 1053 5586 σφετέρας
1085 5523 1400 5585 ἀλαζονείας
1424 5543 1434 5554 ·
1463 5528 1711 5591 είσάγον-

1862 5540 1995 5578 utem
2045 5534 2256 5577 tantum
2295 5527 2721 5588 circumsistunt,
2763 5526 3071 5592 quicunque
3093 5535 3250 5575 erant
3274 5527 3371 5576 nii-

120 5615 287 5663 ταιδέ
331 5613 386 5661 oi
441 5608 753 5675 γεννάδαι·
809 5610 1007 5673 μᾶλλον
1045 5610 1101 5660 δὲ
1156 5611 1355 5662 είσίασι
1404 5613 1704 5679 πρόθυμον

1871 5615 1964 5666 stri
2007 5613 2122 5681 ejus
2171 5615 2508 5681 arrogantim.
2552 5615 2968 5666 lntroducuntur
3019 5622 3198 5664 antem
3259 5615 3357 5665 viri

121 5697 265 5760 εἶπες
295 5699 367 5750 ἂν
386 5695 608 5752 αὐτοὺς
640 5695 718 5748 είς
755 5695 1008 5762 εὐωχίαν,
1042 5698 1139 5748 οὐκ
1188 5698 1267 5758 είς
1302 5700 1483 5765 άγῶνα
1521 5701 1699 5752 καλεῖ-

1862 5705 2065 5766 ἀξειέπῐ,
2111 5703 2190 5756 vel
2222 5705 2396 5770 potius
2435 5704 2802 5770 ingrediuntur
2833 5711 3073 5770 prompto
3097 5710 3149 5755 et
3181 5703 3346 5758 alacri

123 5786 272 5837 σθαι·
314 5789 417 5837 καὶ
456 5787 484 5834 ὁ
521 5782 626 5851 μὲν
653 5785 1011 5851 καταπλήξειν
1063 5787 1253 5849 αὐτοὺς
1290 5791 1378 5841 καὶ
1433 5791 1534 5860 πρὸ
1590 5791 1691 5843 τῶν

1872 5796 1994 5849 into.
2038 5797 2248 5851 Diceres
2305 5811 2392 5852 eos
2427 5798 2600 5852 vocari
2651 5799 2717 5853 ad
2750 5798 3074 5862 convivium,
3099 5812 3203 5854 non
3239 5813 3346 5853 att-
