4180 6462
703 410 806 477 123

2003 402 2286 463 MENSIS
2326 401 2658 466 APRILIS.

3873 392 3966 456 124

704 535 816 581 tem
847 522 912 578 ad
943 528 1243 578 certamen.
1270 516 1336 571 Et
1370 515 1460 572 ille
1488 506 1703 585 quidem
1727 512 2030 574 videbatur,
2055 511 2134 563 vel
2156 520 2279 564 ante
2311 561 2313 568 .

2413 510 2623 562 ιπειλῶν
2659 509 2834 562 ἐδόκει
2863 511 3001 582 μόνῃ
3030 513 3092 580 τῇ
3123 509 3244 578 θέᾳ,
3270 509 3366 562 καὶ
3401 507 3588 579 ἠρώτα
3612 508 3717 576 τῆς
3742 504 3969 576 γνώμης

707 618 903 680 minas.
941 631 1035 672 eos
1061 628 1186 670 esse
1220 612 1511 667 territurus
1534 607 1650 676 ipso
1679 605 1792 658 solo
1813 612 2030 670 aspectu
2062 620 2074 655 :
2101 612 2154 655 et
2192 602 2273 655 in-

711 710 1047 778 terrogabat,
1076 705 1360 762 sententiae
1385 714 1681 770 martyrum
1707 697 1910 752 faciens
1938 697 2232 766 periculum
2264 713 2277 748 :

708 811 766 857 et
792 802 1002 856 visione
1033 796 1476 869 apprehendebat
1505 809 1693 849 eorum
1737 790 2113 846 mutationem.
2137 788 2283 842 Tan-

711 903 823 950 tum
855 908 985 948 vero
1008 895 1218 955 aberat,
1251 900 1307 945 ut
1340 891 1414 943 illi
1449 890 1516 941 ita
1571 896 1757 942 essent
1787 883 1987 946 aﬂecti,
2030 893 2088 936 ut
2119 881 2283 936 etiam

713 985 762 1039 ei
785 981 1505 1052 exprobrarenttarditatem
1544 980 1596 1040 in
1645 976 1868 1031 ferenda
1911 973 2202 1032 sententia,
2233 977 2288 1022 et

714 1077 859 1144 quod
914 1089 1020 1129 non
1080 1074 1188 1128 cito
1241 1082 1609 1131 morerentur,
1663 1069 1817 1122 valde
1846 1081 1990 1136 aegre
2035 1065 2285 1120 ferrent:

716 1164 846 1230 Cur,
879 1166 1143 1226 dicentes,
1173 1174 1228 1218 et
1261 1164 1376 1226 tibi,
1400 1175 1453 1215 et
1482 1161 1697 1216 famulis
1719 1160 1940 1214 exhibes
1959 1157 2286 1220 molestiam,

714 1269 816 1309 nos
843 1253 1056 1321 quidem
1093 1267 1233 1318 saepe
1279 1251 1575 1314 adducens,
1621 1259 1907 1320 postremas
1932 1256 2112 1301 autem
2142 1260 2285 1300 sem-

717 1358 815 1414 per
876 1357 1102 1412 parcens
1153 1342 1455 1408 senteutiz,
1515 1355 1740 1410 sperans
1790 1338 2019 1392 fortasse
2071 1338 2209 1397 fore,
2235 1343 2294 1388 ut

717 1449 818 1491 nos
864 1435 1144 1503 pteniteat,
1181 1443 1235 1488 et
1268 1435 1617 1502 persuadeas,
1648 1439 1709 1484 ut
1741 1445 1770 1483 a
1824 1428 2042 1482 Christo
2070 1425 2291 1481 deﬁcia-

718 1541 842 1581 mus
902 1535 959 1580 et
1011 1524 1280 1578 veritate?
1322 1523 1474 1588 Quod
1539 1523 1756 1592 quidem
1821 1531 1946 1575 tunc
1989 1517 2292 1587 aspexeris,

719 1631 846 1672 cum
897 1615 1103 1670 videris
1147 1629 1243 1670 nos
1288 1629 1442 1686 aeque
1481 1630 1544 1670 ac
1589 1614 1720 1669 deos
1752 1621 1891 1676 tuos,
1941 1611 2088 1666 nullo
2132 1625 2292 1665 sensu

722 1708 974 1779 praeditos
1008 1717 1061 1764 et
1114 1709 1330 1764 surdos.
1390 1709 1514 1762 Haec
1563 1723 1688 1761 cum
1743 1708 1973 1773 primum
2010 1704 2294 1766 dixissent,

723 1800 958 1854 murices
1005 1799 1224 1870 quidem
1288 1799 1448 1852 ferrei
1509 1798 1956 1867 disperge-bantur
2012 1797 2062 1849 in
2106 1803 2292 1850 terra:

725 1892 966 1959 praeclari
999 1901 1177 1944 autem
1216 1890 1315 1943 viri
1348 1893 1399 1943 in
1439 1904 1534 1944 eos
1563 1889 1686 1942 nudi
1718 1886 2078 1955 iaciebantur,
2121 1895 2175 1938 et
2197 1900 2288 1938 su-

729 1983 836 2052 pini
863 1996 1026 2050 super
1071 1996 1166 2035 eos
1201 1981 1554 2034 trahebantur
1599 1978 1930 2033 crudeliter:
1966 1992 2052 2031 res
2082 1979 2146 2030 ad
2175 1991 2292 2029 cru-

730 2075 931 2128 ciatum
957 2075 1335 2140 acerbissima,
1363 2089 1486 2128 cum
1525 2073 1605 2126 vel
1638 2072 1809 2126 solum
1856 2069 2141 2138 subjicitur
2173 2083 2302 2124 ocn-

728 2167 817 2220 lis.
848 2166 956 2221 Sed
1010 2183 1106 2221 nec
1144 2169 1194 2220 in
1231 2169 1332 2220 hoc
1359 2167 1575 2235 quidem
1615 2167 1745 2220 deos
1782 2180 1907 2218 suos
1956 2163 2190 2231 neglexit
2223 2160 2304 2214 fa-

734 2259 910 2312 mulos
947 2277 962 2312 :
996 2258 1090 2312 sed
1121 2258 1304 2310 statim
1337 2259 1574 2325 (oportet
1597 2257 1743 2310 enim
1786 2268 1971 2306 rursus
1994 2253 2192 2320 aliquid
2222 2252 2304 2302 di-

729 2364 853 2406 cere
881 2365 946 2405 ex
983 2351 1162 2404 divina
1196 2351 1501 2416 Scriptura)
1532 2347 1777 2401 ascendit
1829 2345 2100 2414 inspirans
2145 2342 2198 2396 in
2226 2342 2307 2394 fa-

731 2440 869 2494 ciem
900 2454 1112 2501 eorum,
1136 2449 1190 2492 et
1219 2454 1312 2492 eos
1337 2439 1570 2491 liberans
1596 2453 1659 2490 ex
1697 2437 2004 2490 aﬂlictione.
2034 2435 2099 2488 Et
2141 2433 2306 2502 proti-

733 2546 840 2587 nus
895 2540 1233 2586 evanuerunt
1283 2530 1535 2595 murices,
1575 2539 1628 2583 et
1662 2529 1968 2583 conservati
2027 2535 2154 2582 sunt
2206 2524 2306 2595 ipsi

733 2623 884 2678 illaasi
925 2638 952 2676 a
987 2623 1162 2677 malis.
1199 2622 1307 2677 Hoc
1342 2623 1751 2692 planejudicetn
1779 2621 2118 2676 accenditad
2155 2620 2306 2674 furo-

735 2730 849 2769 rem
878 2734 890 2769 :
924 2726 976 2768 et
1010 2716 1281 2768 novaculae
1314 2718 1448 2767 adeo
1479 2713 1773 2768 crudeliter
1812 2721 2108 2781 martyrum
2142 2711 2308 2763 latera

735 2806 1030 2866 laniabant,
1069 2817 1123 2860 ut
1153 2818 1447 2874 utrumque
1481 2821 1578 2873 par
1597 2818 1786 2857 rursus
1818 2803 2165 2871 egrederetur
2215 2816 2312 2854 na—

737 2897 940 2952 turales
961 2898 1183 2960 limites,
1211 2912 1401 2962 nempe
1423 2905 1476 2951 et
1513 2897 1731 2950 lictores
1759 2896 1810 2949 in
1843 2894 2112 2964 puniendo
2137 2892 2312 2946 inuni-

737 2987 1110 3049 sericnrditcr,
1135 2999 1185 3042 et
1216 2989 1386 3042 sancti
1422 2987 1473 3041 iu
1506 2987 1630 3041 forti
1664 2989 1846 3040 animo
1879 2985 2173 3040 tolerandis
2197 2999 2311 3038 mo-

738 3077 930 3132 hstiis.

809 3167 948 3223 χγι.
992 3169 1115 3223 Post
1157 3170 1269 3221 hac
1312 3183 1497 3221 rursns
1546 3177 1842 3236 congregat
1889 3167 2089 3220 bestius
2124 3167 2313 3221 crude-
2342 3180 2385 3241 (ζ

738 3257 1005 3322 lissimas,
1029 3270 1084 3312 et
1116 3259 1316 3313 sanctis
1339 3264 1611 3314 theatrum
1640 3260 1941 3324 Constituit,
1979 3270 2032 3312 et
2077 3260 2191 3328 ipse
2224 3275 2312 3312 se-

739 3354 831 3405 det
858 3361 1152 3422 spectator.
1191 3353 1405 3407 Etcum
1447 3354 1499 3407 in
1533 3355 1768 3406 medium
1820 3354 2133 3408 adduxisset
2181 3368 2314 3405 mar-

742 3455 910 3513 tyres,
959 3445 1014 3497 in
1039 3461 1132 3500 eos
1169 3445 1408 3498 immittit
1442 3462 1620 3499 ursam
1658 3464 1670 3499 :
1700 3455 1754 3498 et
1787 3461 1905 3499 cum
1937 3456 2199 3512 putasset,
2237 3447 2315 3500 si-

744 3532 853 3585 tnul
885 3541 1047 3603 atque
1070 3533 1300 3588 fuissent
1323 3535 1579 3597 immissi,
1614 3532 1726 3586 fore
1751 3542 1808 3586 ut
1832 3535 2070 3586 virorum
2096 3537 2316 3601 praecla-

747 3640 930 3678 rorum
962 3640 1188 3694 corpora
1235 3626 1588 3693 discerperet,
1641 3627 1773 3678 vidit
1830 3626 2009 3693 potius
2069 3638 2316 3678 naturam

746 3718 1060 3772 animalium
1096 3720 1304 3774 ratione
1342 3720 1668 3782 carentium,
1700 3717 2090 3772 admirabiliter
2121 3718 2320 3778 ducen-

749 3822 856 3864 tem
894 3813 1307 3880 intelligentiam
1358 3827 1451 3864 eos
1476 3816 1565 3878 qui
1603 3820 1728 3864 sunt
1762 3811 2051 3878 participes
2071 3812 2316 3864 rationis.

753 3902 890 3955 Ursa
931 3901 1096 3967 enim,
1133 3902 1292 3956 veluti
1319 3903 1546 3956 reverita
1611 3901 1888 3970 speciosos
1915 3915 2102 3955 eorum
2137 3901 2318 3968 pedes,

748 4001 805 4047 et
835 4008 1019 4060 pacem
1060 4008 1183 4047 vere
1215 3993 1623 4057 annuntiautes,
1662 4009 1765 4046 non
1815 3992 1990 4048 solum
2049 3992 2184 4046 nihil
2236 4008 2324 4046 no—

752 4085 921 4147 xium,
953 4100 1053 4136 nec
1081 4094 1296 4153 agreste
1331 4083 1478 4146 fecit,
1526 4098 1624 4135 nec
1671 4092 1728 4135 ut
1757 4084 1924 4136 semel
1980 4085 2180 4146 dicam,
2211 4083 2316 4136 bel-

751 4175 958 4230 luinum
999 4193 1014 4228 :
1045 4179 1138 4230 sed
1163 4177 1229 4228 ad
1258 4191 1443 4230 eorum
1480 4175 1640 4243 pedes
1683 4175 1930 4244 procidit,
1957 4185 2010 4228 et
2043 4177 2216 4229 amice
2245 4185 2327 4229 est

755 4269 1025 4337 amplexa.
1079 4267 1186 4323 Nec
1245 4270 1348 4323 hoc
1403 4270 1616 4336 quidem
1666 4268 1879 4322 sull‘ecit
1937 4269 2209 4337 insipienti
2259 4270 2324 4324 ad

757 4365 986 4416 dandam
1020 4367 1066 4416 ei
1097 4363 1529 4430 intelligentiam.
1559 4361 1662 4414 Sed
1711 4362 1794 4414 leo
1836 4377 2050 4429 quoque
2084 4364 2328 4428 protinus

761 4455 1079 4509 immittitur
1112 4471 1126 4507 :
1158 4453 1247 4522 qui
1286 4454 1400 4521 ipse
1460 4453 1710 4507 similiter
1754 4462 1914 4522 atque
1949 4468 2095 4517 ursa,
2133 4453 2328 4507 divinis

2384 603 2841 674 ἀποπειρώμενος
2898 603 3008 655 τῶν
3041 603 3214 669 ἁγίων
3261 603 3356 655 καὶ
3395 602 3701 670 μεταϐολὴν
3731 600 3966 669 ὲφαντάυ

2384 695 2506 757 ζετο
2527 710 2540 726 ⁹
2577 696 2624 748 oi
2660 694 2716 746 δὲ
2744 692 2996 746 τοσοῦτον
3019 692 3262 762 ἀπέσχον
3284 691 3378 744 τοῦ
3407 707 3459 743 τι
3485 691 3730 745 τοιοῦτον
3753 688 3968 763 παθεῖν,

2384 784 2525 838 ὥστε
2576 786 2670 837 καὶ
2716 785 2992 848 ὠνείδιζον
3034 783 3185 853 αὐτῷ
3224 785 3324 852 τὴν
3368 783 3498 850 περὶ
3530 782 3626 852 τὴν
3685 781 3968 847 ἀπόφασιν

2389 875 2717 945 βραδυτῆτα,
2754 875 2845 927 καὶ
2874 876 2957 926 ὃτι
2985 876 3058 944 μὴ
3082 874 3293 943 ταχέως
3328 875 3676 943 ἀπέθνησκον
3711 872 3969 936 επιεικῶς

2388 965 2787 1035 ἐδυσχέραινον.
2822 965 2888 1017 Τί
2942 965 3272 1034 πράγματα,
3331 963 3601 1031 λέγοντες,
3654 965 3752 1015 καὶ
3790 963 3970 1030 σαυτῷ

2391 1057 2485 1110 καὶ
2513 1059 2627 1120 τοῖς
2655 1056 2961 1126 ὑπηρέταις
3014 1056 3298 1126 παρέχεις,
3345 1057 3664 1126 ἀγωγίμους
3703 1056 3804 1125 μὲν
3831 1057 3971 1124 ἡμᾶς

2390 1149 2652 1211 πολλάκις
2673 1148 2863 1214 ποιῶν,
2885 1150 2983 1217 τῆς
3011 1149 3066 1202 δὲ
3090 1148 3408 1210 τελευταίας
3429 1148 3612 1216 ψήφου
3636 1148 3972 1225 φειδόμενος,

2391 1242 2627 1305 ἐλπίζων
2657 1244 2798 1311 τάχα
2838 1243 3170 1312 μεταϐαλεῖν
3197 1244 3228 1311 ἡ
3241 1242 3346 1310 μᾶς
3377 1241 3470 1293 καὶ
3507 1245 3694 1294 πεῖσαι
3727 1239 3971 1307 ἀποστῆ-

2394 1352 2481 1388 ναι
2536 1335 2775 1405 Χριστοῦ
2829 1335 2926 1386 καὶ
2981 1337 3080 1404 τῆς
3146 1334 3441 1403 ἀληθείαςς
3492 1334 3669 1403 Ὅπερ
3724 1333 3851 1384 τότε
3912 1330 3973 1384 ἂν

2394 1427 2622 1490 ἐθεάσω,
2649 1428 2738 1479 ὅτε
2764 1426 2965 1496 ὁμοίως
2989 1429 3099 1486 τοῖς
3126 1429 3240 1488 σοῖς
3271 1426 3414 1488 θεοῖς
3443 1425 3808 1494 ἀναισθήτους
3832 1423 3975 1492 ἡμᾶς

2395 1517 2649 1590 ἑώρακας
2677 1520 2773 1572 καὶ
2807 1519 3050 1585 κωφούς.
3087 1517 3272 1568 Ταῦτα
3302 1519 3399 1568 οὐκ
3435 1516 3677 1584 ἔφθασαν
3708 1517 3790 1579 είς
3829 1514 3974 1574 τέλος

2397 1613 2593 1676 εἰπεῖν,
2630 1610 2725 1664 καὶ
2764 1611 2973 1681 σιδηροῖ
3009 1611 3108 1679 μὲν
3143 1613 3284 1662 κατὰ
3311 1611 3412 1678 γῆς
3445 1608 3764 1676 ὲσττείροντο
3798 1604 3976 1675 τρίϐο⁴

2399 1703 2509 1756 λοι·
2546 1703 2894 1771 ἠκοντίζοντο
2923 1701 2979 1753 δὲ
3018 1703 3137 1753 κατ’
3167 1701 3349 1754 αὐτῶν
3404 1702 3452 1753 oi
3511 1702 3750 1767 γενναῖοι
3782 1699 3978 1766 γυμνοὶ

2401 1799 2492 1851 καὶ
2518 1797 2698 1849 ὕπτιοι
2734 1796 2920 1850 ἐπάνω
2943 1794 3149 1847 τούτων
3183 1794 3420 1863 ἀφειδῶς
3452 1793 3714 1852 εἶλκοντο,
3749 1792 3981 1860 πρᾶγμα

2403 1887 2730 1955 πικρότατον
2787 1885 2867 1946 είς
2899 1883 3173 1953 τιμωρίαν
3233 1884 3326 1934 καὶ
3366 1883 3526 1951 μόνον
3554 1885 3633 1941 εἰς
3665 1880 3982 1948 ὀφθαλμοὺς

2405 1977 2733 2047 ἐρχόμενονο
2787 1973 2902 2027 ἀλλ’
2956 1973 3064 2025 οὐδ’
3122 1975 3179 2024 ὲν
3207 1970 3381 2042 τούτῳ
3441 1970 3572 2032 Θεὸς
3625 1970 3735 2022 τῶν
3767 1966 3983 2021 οἰκείων

2405 2067 2594 2139 ἠμέλει
2630 2066 3004 2136 θεραπευτῶν,
3035 2065 3152 2119 ἀλλ’
3175 2065 3381 2126 εὐθέως
3425 2064 3542 2128 (δεῖ
3570 2063 3678 2133 γάρ
3704 2062 3799 2115 καὶ
3831 2058 3983 2122 αὖθις

2404 2157 2465 2211 τὸ
2497 2159 2593 2228 τῆς
2623 2156 2771 2220 θείας
2810 2158 2978 2222 φάναι
3010 2155 3273 2225 Γραφῆς)
3333 2154 3501 2224 ἀνέϐη
3538 2155 3567 2207 ό
3607 2152 3874 2222 ἐμφυσῶν
3911 2153 3985 2212 είς

2407 2250 2699 2318 πρόσωπον
2758 2247 2940 2300 αὐτῶν
2997 2247 3091 2299 καὶ
3122 2245 3512 2316 ἐξαιρούμενος
3557 2245 3758 2304 αὐτοὺς
3784 2245 3851 2294 ἐκ
3876 2242 3984 2294 θλί-

2407 2342 2551 2410 ψεως
2571 2357 2583 2369 ⁸
2615 2341 2707 2394 καὶ
2739 2340 3080 2409 παραχρῆμα
3111 2339 3160 2390 οἱ
3185 2337 3425 2408 τρίϐολοι
3463 2338 3684 2403 ἀφανεῖς
3708 2331 3856 2406 ἦσαν
3897 2334 3986 2386 καὶ

2407 2434 2560 2486 αὐτοὶ
2609 2432 2794 2485 κακῶν
2848 2430 3082 2490 ἀπαθεῖς
3142 2429 3546 2499 ἐφυλάχθησαν.
3611 2427 3788 2478 Τοῦτο
3851 2427 3985 2494 πιρὸς

2411 2526 2630 2578 πλείονα
2667 2527 2862 2595 μανίαν
2902 2525 3104 2594 ἐξῆπτε
3149 2523 3242 2576 τὸν
3277 2524 3559 2592 δικαστὴν,
3591 2520 3686 2595 καὶ
3715 2518 3984 2588 ξυστῆρες

2410 2619 2571 2671 πάλιν
2593 2619 2689 2680 τὰς
2711 2618 2948 2688 πλευράς
2970 2615 3194 2679 ὑπέξεον
3215 2615 3321 2667 τῶν
3344 2614 3536 2683 ἁγίων,
3555 2594 3728 2673 οὕτως
3757 2610 3984 2683 ἀγρίως,

2409 2711 2484 2773 ὡς
2522 2712 2867 2780 ἀμφοτέρους
2899 2709 3054 2770 αὖθις
3087 2708 3190 2771 ἔξω
3221 2708 3328 2759 τῶν
3363 2706 3611 2775 φυσικῶν
3658 2706 3803 2774 ὅρων
3842 2704 3988 2770 γενὲ-

2415 2802 2557 2862 σθαι,
2585 2802 2680 2854 καὶ
2723 2802 2849 2864 τοὺς
2895 2798 3122 2870 δημίους
3162 2799 3219 2851 ιν
3254 2797 3329 2867 τῷ
3362 2797 3616 2858 κολάζειν
3649 2795 3990 2862 ἀσυμπαθῶς

2413 2893 2507 2946 καὶ
2539 2892 2664 2956 τοὺς
2692 2893 2883 2961 ἀγίους
2914 2893 2971 2946 ὲν
3004 2890 3082 2961 τῷ
3115 2889 3303 2961 φέρειν
3333 2888 3582 2958 εὐψύχως
3623 2885 3688 2939 τὰ
3717 2887 3957 2954 λυπηρά.

2490 3155 2607 3223 ICT.
2642 3155 2795 3209 Μετὰ
2846 3155 3021 3209 ταῦτα
3058 3153 3220 3208 πάλιν
3261 3153 3331 3206 τά
3360 3152 3469 3205 τῶν
3500 3149 3703 3218 θηρίων
3737 3148 3999 3215 ὡμότατα

2429 3247 2794 3318 συναθροίζει,
2830 3249 3057 3316 θέατρόν
3088 3265 3145 3299 τε
3203 3247 3483 3312 συνίστησι
3537 3245 3646 3302 τοῖς
3680 3242 3880 3304 ἁγίοις,
3911 3242 4002 3290 καὶ

2417 3340 2613 3410 θεατὴς
2637 3339 2797 3401 αὐτὸς
2828 3340 3106 3407 κάθηται·
3143 3339 3218 3399 είς
3256 3337 3419 3405 μέσον
3445 3352 3502 3387 τε
3535 3335 3661 3395 τοὺς
3705 3334 3998 3400 μάρτυρας

2416 3432 2660 3501 ἀγαγὼν,
2687 3434 2886 3500 άρκτον
2927 3431 3110 3492 αὐτοῖς
3147 3429 3416 3497 ἐπαφίησι
3463 3428 3557 3478 καὶ
3599 3427 3836 3495 νομίσας
3867 3423 4002 3491 ὁμοῦ

2420 3539 2473 3574 τε
2533 3521 2802 3590 ἀφεθῆναι
2861 3522 2955 3574 καὶ
2996 3521 3111 3582 τοῖς
3165 3519 3454 3588 γεννάδαις
3515 3516 3899 3586 διασπαράξαι
3940 3514 4003 3565 τι

2420 3614 2664 3681 σώματα,
2696 3613 2804 3665 τῶν
2828 3612 3037 3678 ἀλόγων
3069 3611 3269 3680 μᾶλλον
3312 3610 3457 3677 ἑώρα
3487 3609 3584 3679 τὴν
3619 3608 3784 3676 φύσιν
3824 3625 4003 3674 παρα-

2419 3705 2584 3768 δόξως
2611 3705 2736 3766 τοὺς
2789 3704 3040 3770 λογικοῦς
3091 3704 3511 3765 συνετίζουσανο
3543 3703 3573 3768 ἡ
3631 3705 3740 3768 γὰρ
3778 3700 4003 3767 ἄρκτος.

2420 3798 2608 3867 ὥσπερ
2657 3796 2950 3867 αἴδουμένη
2999 3797 3125 3858 τοῦς
3169 3793 3407 3861 ὡραίους
3445 3793 3625 3845 αὐτῶν
3681 3792 3848 3850 πόδας
3911 3794 4002 3845 καὶ

2422 3890 2642 3956 εἰρήνην
2666 3888 2880 3954 άληθῶς
2912 3884 3459 3953 εῦαγγελιζομένους,
3485 3884 3543 3936 οὐ
3583 3883 3741 3952 μόνον
3776 3882 4002 3935 ἐπιϐλα-

2422 3976 2513 4039 es;
2545 3977 2697 4029 οὐδὲν
2748 3978 2845 4027 καὶ
2891 3976 3086 4042 ἄγριον
3139 3975 3322 4028 καὶτὸ
3373 3974 3495 4026 ὅλον
3528 3973 3693 4042 φάναι
3737 3973 4006 4043 θηριῶδες

2425 4070 2740 4140 εἰργάσατο,
2794 4068 2930 4124 ἀλλὰ
2979 4070 3071 4123 καὶ
3125 4071 3498 4140 προσέπιπτεν
3563 4070 3749 4126 αὐτοῖς
3806 4069 4006 4134 μᾶλλον

2424 4160 2516 4212 καὶ
2543 4158 2770 4227 φιλικῶς
2798 4159 3106 4228 ⁴ῖισπάζετο·
3153 4158 3452 4212 οὐδὲτοῦτο
3490 4158 3690 4228 ἤρκεσε
3727 4157 3806 4221 τῷ
3840 4159 4006 4209 άσυνυ

2426 4251 2532 4323 έτῳ
2563 4251 2690 4304 νοῦν
2727 4252 3008 4320 ἐμϐαλεῖν,
3039 4251 3174 4306 ἀλλά
3214 4253 3306 4306 καὶ
3331 4251 3469 4304 λέων
3498 4250 3661 4311 εὐθὺς
3691 4251 4007 4318 ὲπαφίεταγ

2429 4345 2522 4397 καὶ
2555 4344 2717 4405 αὐτὸς
2755 4343 2953 4410 ὁμοίως
2980 4347 3046 4412 τῇ
3079 4344 3268 4411 ἄρκτῳ
3297 4344 3410 4410 τοῖς
3437 4342 3602 4403 θείοις
3625 4339 3866 4410 νεύμασι
3899 4360 4012 4394 πει·

2431 4436 2647 4505 θαρχῶν
2681 4431 2750 4506 ἦν
2788 4436 2881 4488 καὶ
2931 4437 3043 4498 τοῖς
3080 4435 3217 4505 ὑπὲρ
3253 4432 3344 4487 τοῦ
3382 4433 3564 4486 κοινοῦ
3621 4432 3903 4496 Δεσπότου
3945 4434 4010 4486 τὰ

762 4543 1046 4598 obediebat
1098 4521 1339 4606 nutibus,
1381 4543 1445 4597 iis
1497 4542 1587 4613 qui
1643 4557 1741 4612 pro
1783 4521 2057 4599 communi
2103 4543 2313 4600 Domint

2438 4529 2649 4601 χαλεπά
2675 4529 2984 4599 πάσχοντας
3016 4529 3115 4599 οὐχ
3144 4529 3290 4592 ὅπως
3315 4528 3514 4597 δρᾶσαί
3542 4545 3593 4578 τι
3618 4526 3860 4597 πονηρὸν
3891 4528 4012 4597 βουο

766 4636 950 4705 gravia
981 4637 1347 4704 patiebantur,
1385 4635 1515 4688 nihil
1542 4637 1763 4690 omnino
1778 4637 1962 4691 volens
1981 4637 2106 4692 mali
2130 4638 2360 4715 facere“

765 4727 1020 4782 Valerius
1045 4737 1248 4787 autem,
1299 4735 1557 4795 tanquam
1589 4726 1703 4794 ipse
1735 4727 1970 4796 seipsurn
1999 4741 2200 4784 conans
2240 4745 2333 4785 su-

762 4835 959 4892 perare
981 4820 1035 4871 in
1077 4819 1304 4882 scelere,
1337 4818 1392 4872 in
1422 4817 1596 4872 lacum
1630 4822 1916 4887 quemdam
1943 4833 2080 4874 nova
2111 4822 2257 4876 calce
2281 4830 2336 4876 et

765 4927 960 4967 recens
993 4911 1286 4975 exstincta,
1319 4911 1426 4975 vel,
1459 4920 1516 4964 ut
1563 4912 1755 4968 melius
1771 4913 1973 4979 dicam,
1995 4927 2218 4968 accensa
2253 4929 2337 4968 re-

766 5004 992 5064 fertum,
1021 5003 1170 5069 jubet
1210 5011 1430 5058 sanctos
1467 5002 1705 5072 immitti,
1737 5006 1865 5060 etin
1899 5021 1963 5060 eo
1999 5006 2192 5077 degere
2229 5017 2336 5060 tres

770 5104 911 5151 totos
947 5094 1085 5158 dies,
1112 5095 1200 5147 tali
1253 5096 1409 5151 modo
1457 5095 1686 5150 invictos
1729 5100 1952 5151 moliens
1986 5099 2204 5152 vincere
2233 5097 2338 5149 im-

771 5187 911 5254 pius.
945 5183 1052 5238 Sed
1081 5184 1279 5239 frustra
1330 5186 1634 5251 laborabat,
1669 5189 1927 5240 adversus
1960 5203 2143 5242 verum
2169 5188 2336 5241 Deum

773 5277 1108 5347 depttgnans.
1165 5275 1296 5331 Nam
1353 5277 1534 5332 divina
1581 5281 1824 5347 qurcdnm
1874 5279 2066 5348 gratia,
2097 5280 2341 5334 etvirtus

775 5367 975 5421 Christi
1002 5369 1184 5421 aderat
1222 5370 1564 5440 martyribus,
1597 5373 1685 5438 qui
1717 5380 1936 5438 propter
1993 5372 2163 5439 ipsum
2190 5380 2343 5424 erant

777 5460 832 5513 in
863 5459 1006 5520 lacu,
1060 5459 1324 5514 hebetans
1385 5464 1600 5529 quidem
1665 5464 1827 5516 calcis
1873 5464 2261 5531 operationem,
2311 5477 2339 5514 a

783 5553 923 5606 tnalo
945 5560 1125 5604 autem
1155 5553 1353 5607 ilhesos
1391 5569 1610 5608 servans
1647 5555 1877 5609 athletas

856 5727 1017 5782 XV".
1056 5728 1297 5782 Valerius
1320 5741 1493 5783 autem
1528 5745 1632 5797 quo
1661 5731 1915 5799 majorem
1943 5733 2171 5800 graliani
2198 5733 2341 5786 vide—

784 5823 868 5877 bat
899 5837 1155 5890 apparere
1212 5823 1260 5873 in
1306 5824 1527 5885 sanctis,
1565 5837 1627 5880 eo
1670 5824 1837 5893 magis
1863 5824 2135 5877 iracundia
2166 5822 2342 5875 ferve-

2436 4621 2679 4693 λόμενος.
2739 4621 3038 4691 Οὐαλέριος
3101 4620 3304 4683 τοίνυν,
3353 4620 3546 4688 ὥσπερ
3601 4617 3764 4681 αὐτὸς
3823 4620 4015 4671 ἑαυτὸν

2437 4715 2766 4786 ὑπερϐαλεῖν
2818 4713 2882 4765 ιν
2934 4711 3104 4780 κακίᾳ
3159 4711 3526 4781 πειρώμενος,
3578 4710 3637 4762 ἓν
3674 4727 3783 4763 τινι
3824 4708 4012 4777 λάκκῳ

2435 4809 2650 4860 τιτάνου
2688 4805 3126 4876 πεπληρωμένῳ,
3157 4803 3216 4857 δν
3253 4803 3481 4872 σύνηθες
3510 4802 3774 4856 ἄσϐεστον
3813 4803 4012 4871 ὀνομά-

2438 4900 2571 4965 ζειν,
2596 4897 2792 4971 νεαροῦ
2817 4901 2910 4951 καὶ
2935 4899 3062 4968 άρτι
3089 4896 3428 4955 σϐεσθέντος,
3455 4895 3485 4960 ἦ
3524 4891 3725 4960 μᾶλλον
3754 4893 4015 4960 ἀναφθέν-

2437 5007 2528 5053 τος
2558 4992 2754 5051 είπεῖν,
2789 4989 3115 5055 εἰσαχθῆναι
3167 4987 3292 5047 τοὺς
3319 4985 3504 5051 ἀγίους
3537 4985 3870 5055 προστάττει
3923 4983 4014 5036 καὶ

2439 5082 2565 5142 ὅλας
2596 5081 2741 5149 τρεῖς
2772 5082 2829 5130 ὲν
2853 5078 3003 5149 αὖτῴ
3029 5078 3239 5143 διάγειν
3275 5075 3512 5145 ἡμέρας,
3541 5076 3730 5144 τρόπῳ
3767 5075 3878 5126 τινὶ
3902 5091 4012 5124 τοι-

2441 5173 2582 5242 ούτῳ
2624 5171 2846 5241 νικῆσαι
2895 5171 3021 5232 τοὺς
3051 5169 3354 5238 ἀηττήτους
3386 5170 3412 5220 ό
3442 5166 3709 5236 δυσσεϐὴς
3757 5166 4012 5236 μηχανώ-

2445 5280 2603 5334 μενος
2628 5277 2642 5292 ⁶
2697 5263 2811 5316 ἀλλ’
2867 5262 3070 5330 ἔκαμνε
3132 5260 3309 5328 μάτην
3336 5259 3795 5328 άντιμαχόμενος
3826 5256 4015 5324 ἀληθεῖ

2442 5355 2561 5424 Θεῷ
2581 5371 2593 5384 ·
2630 5353 2746 5407 θεία
2774 5354 2886 5422 γάρ
2925 5369 3007 5414 τις
3042 5351 3200 5421 χάρις
3230 5353 3326 5402 καὶ
3355 5350 3590 5418 δύναμις
3607 5349 3720 5411 τοῖς
3747 5346 3816 5398 δι’
3851 5346 4012 5399 αὑτοῦ

2448 5447 2713 5516 μάρτυσιν
2748 5446 2805 5494 ὲν
2832 5442 2907 5512 τῷ
2927 5442 3116 5510 λάκκῳ
3166 5441 3372 5510 παρῆν,
3410 5438 3760 5508 ἀμϐλύνουσα
3792 5437 3893 5507 μὲν
3924 5437 4014 5504 τὴν

2446 5539 2726 5609 ἐνέργειαν
2757 5534 2850 5587 τοῦ
2874 5534 3113 5598 τιτάνου,
3143 5531 3314 5584 κακοῦ
3347 5533 3402 5585 δὲ
3427 5532 3653 5592 ἀπαθεῖς
3691 5529 3818 5593 τοὺς
3851 5529 4013 5594 ἁθλη·

2445 5632 2542 5695 τὰς
2575 5647 2738 5699 συντη
2749 5627 2840 5698 ροῦ
2851 5645 2934 5679 σα.

2517 5725 2612 5778 ΙΖ’.
2647 5723 2939 5790 Οὖαλέριος
2971 5718 3025 5770 δὲ
3063 5721 3170 5787 ὅσῳ
3219 5717 3442 5771 πλείονα
3483 5717 3578 5784 τὴν
3609 5715 3770 5784 χάριν
3811 5716 3868 5765 ἐν
3909 5715 4017 5773 τοῖς

2450 5818 2622 5885 ἁγίοις
2649 5810 3067 5883 διαφαινομένην
3125 5808 3291 5880 ἐώρα,
3350 5809 3587 5877 τοσούτῳ
3627 5807 3827 5874 μᾶλλον
3861 5807 4015 5864 αὐτὸς
