4180 6486
149 397 245 466 125

1200 401 1382 464 νιΤΑ
1421 409 1482 466 8.
1515 408 1740 467 CARPI
1781 412 1876 470 ET
1910 412 2337 473 SOCIORUM.

3320 413 3425 482 126

143 510 476 566 ινεανιεύετο
535 511 920 581 ἰσχυρότερος,
958 508 988 562 6
1040 509 1259 581 ἄφρων,
1298 514 1391 567 καὶ
1423 515 1559 568 Θεοῦ
1595 520 1747 585 γενέ-

1854 522 1943 575 bat
1974 524 2090 593 ipse
2131 525 2469 594 juveniliter,
2529 526 2866 581 contendens
2923 525 3121 583 stultus
3174 526 3255 580 vel
3318 526 3424 582 Deo

145 607 259 659 σθαι
281 605 651 673 φιλονεικων’
678 601 955 675 κρηπῖδας
976 598 1075 655 οὗν
1095 603 1330 674 σιδηρᾶς
1363 608 1618 677 περόναις
1648 626 1749 678 μα.

146 700 297 767 κραίς
367 696 839 767 διαπεπαρμένας
902 697 1020 757 τοῖς
1084 700 1453 767 μαρτυρικοῖς
1518 700 1750 764 ἐκεινοις

154 791 297 840 ποσὶν
321 789 668 855 ύπυδεθῆναι
712 789 1050 855 προστάττει
1082 787 1179 840 καὶ
1230 788 1597 852 ὑποδεθέντας
1626 789 1753 859 τρι·⁴

145 897 255 961 χειν
304 881 436 945 τοὺς
497 885 809 950 μάρτυρας,
864 881 948 933 ἵνα
1004 879 1110 933 κᾶν
1158 879 1294 947 γοῦν
1348 883 1451 949 τῆς
1509 881 1749 952 βασάνου

148 975 345 1041 ταύτης
405 972 745 1042 ἡττηθέντες
799 972 1057 1039 ὀφθεῖενο
1116 971 1239 1025 ἀλλ’
1303 972 1432 1041 εἰκῆ
1498 973 1595 1026 καὶ
1645 973 1751 1025 πά-

146 1070 223 1118 λιν
264 1064 485 1116 ἐπόνει·
530 1065 647 1134 ὅσῳ
700 1067 809 1134 γὰρ
856 1064 1149 1133 καινότερα
1201 1064 1447 1128 ἐπενόει,
1506 1065 1753 1134 τοσούτῳ

148 1156 235 1207 καὶ
292 1154 555 1224 θειοτέρα
622 1154 850 1223 δύναμις
907 1153 1305 1217 ἐπισκιάζουσα
1363 1155 1499 1215 τοὺς
1555 1154 1754 1221 ἁγίους

150 1246 427 1314 κρείττους
481 1263 548 1298 τε
608 1246 718 1299 τῶν
772 1247 1125 1314 ἐπαγομένων
1168 1245 1345 1298 ἐποίει
1392 1246 1494 1297 καὶ
1552 1248 1756 1314 ῥωμα-

145 1334 442 1405 λεωτέρους
508 1336 715 1405 μᾶλλον
774 1336 906 1403 πρὸς
958 1336 1026 1387 τὰ
1081 1337 1248 1387 δεινὰν
1285 1333 1754 1400 παρεσκεύαζεν.

155 1426 208 1480 ’0
243 1426 298 1479 δὲ
334 1428 433 1479 καὶ
467 1427 558 1478 tu
586 1428 844 1496 ἐπειρᾶτο
874 1426 1247 1496 μεταπείσειν,
1275 1425 1462 1489 οὕτως
1503 1425 1620 1477 ὑπὸ
1654 1425 1758 1494 τῆς

145 1517 288 1579 θείας
330 1518 574 1589 χάριτος
628 1520 893 1585 ὲπιδῄλως
930 1517 1370 1588 βοηθουμένους·
1412 1519 1511 1571 καὶ
1561 1517 1758 1571 θύσειν

143 1606 291 1675 ἠξίου
328 1609 447 1669 τοῖς
487 1606 803 1675 βδελυκτοίς
827 1622 842 1637 ο
896 1608 1133 1676 τοσαύτη
1162 1605 1581 1674 φρενοϐλάϐεια
1613 1624 1759 1659 κατ-

144 1700 249 1767 εῖχε
299 1698 396 1749 τὸν
455 1698 663 1766 ἀσεϐῆ.
723 1698 814 1767 Μὴ
847 1696 985 1766 ἔχων
1045 1693 1161 1757 οὖν,
1208 1697 1422 1749 ὂτικαὶ
1456 1697 1752 1766 χρήσαιτο,

144 1786 615 1858 κατῃσχνμμένος
640 1787 741 1857 ήδη
761 1790 854 1838 καὶ
879 1785 1123 1855 φανερῶς
1148 1784 1491 1854 ἡττώμενος,
1517 1785 1757 1851 κάμινον

145 1878 243 1951 ὕλῃ
276 1879 451 1947 πο).λῇ
488 1879 842 1947 τρεφομένην
870 1878 1102 1931 ἀνάπτει
1128 1877 1219 1930 καὶ
1252 1875 1400 1928 κατά
1432 1876 1612 1946 μέσης
1651 1877 1753 1928 αύ-

141 1972 237 2037 τῆς
306 1968 591 2039 ἐμϐάλλει
630 1969 755 2031 τοὺς
820 1969 1140 2038 μάρτυραςο
1178 1969 1210 2036 ή
1257 1968 1313 2021 δὲ
1368 1967 1670 2020 ἐσϐέννυτὸ
1694 1983 1754 2020 τε

144 2061 344 2123 εὐθέως
380 2062 480 2114 καὶ
520 2060 651 2123 τοὺς
678 2058 864 2128 ἁγίους
898 2060 1164 2128 ἀνέψυχεν
1186 2076 1199 2087 ·
1228 2059 1317 2111 ὅτε
1351 2059 1455 2111 καὶ
1487 2060 1519 2125 ἡ
1552 2075 1755 2127 σεμνο-

142 2153 274 2220 τάτη
315 2152 662 2220 Ἀγαθονίκη
699 2152 974 2221 μάρτυρος
1002 2150 1172 2212 ὅντως
1219 2148 1432 2217 ἀδελφὴ
1462 2148 1624 2214 οὖσα,
1658 2149 1752 2202 τοῦ

146 2244 311 2304 θείου,
338 2245 515 2313 φημὶ,
556 2242 841 2307 Παπύλου,
874 2243 971 2312 τὴν
998 2241 1173 2311 φλόγα
1204 2258 1265 2293 τε
1297 2241 1397 2293 σὺν
1419 2241 1607 2302 αὐτοῖς
1638 2243 1753 2293 εἱσ-

144 2336 270 2405 ῆλθε
298 2338 400 2389 καὶ
434 2334 557 2387 τῶν
596 2336 846 2403 ἀγώνων,
898 2335 1090 2404 ὥσπερ
1113 2335 1175 2403 δὴ
1199 2335 1293 2386 καὶ
1318 2333 1431 2385 τῶν
1466 2336 1754 2401 στεφάνων

145 2428 407 2489 κοινωνὸς
471 2428 699 2496 γέγονε.
745 2428 909 2482 Πάλιν
933 2423 1027 2480 οὖν
1063 2430 1096 2495 ἡ
1130 2425 1340 2495 φρουρά
1371 2426 1571 2487 αὐτοὺς
1611 2422 1749 2494 εἶχε,

144 2520 238 2573 καὶ
269 2512 640 2571 πάλιν-οὗτοι
674 2518 781 2569 τῶν
806 2518 940 2585 πρὸς
968 2517 1101 2567 Θεὸν
1122 2515 1306 2585 ὕμνων
1336 2515 1431 2567 καὶ
1456 2516 1552 2584 τῆς
1584 2515 1750 2585 εὐχῆς

143 2612 385 2679 εἴχοντο.

214 2706 324 2756 ιη’.
366 2703 538 2754 Ἐπεὶ
568 2702 629 2754 δι
669 2701 869 2772 ἠπόρει
885 2703 997 2763 τοῖς
1025 2700 1169 2761 ὅλοις
1204 2702 1232 2753 ὁ
1267 2699 1552 2770 δικαστὴς,
1597 2701 1752 2770 μόλις

142 2797 260 2848 τότε
292 2797 357 2849 τὸ
392 2795 491 2849 διὰ.
521 2795 718 2863 ξίφους
752 2794 932 2847 αὐτῶν
966 2794 1292 2862 κατακρένει
1318 2794 1495 2855 τέλος.
1520 2794 1751 2859 Ἠγοντο

144 2887 233 2939 οὖν
260 2889 313 2940 οἱ
348 2889 657 2955 μάρτυρες
678 2887 768 2937 ἐπὶ
796 2885 889 2936 τὸν
916 2885 1012 2947 τῆς
1058 2885 1393 2947 τελειώσεως
1429 2884 1611 2945 τόπον,
1650 2904 1746 2955 χα-

145 2979 241 3045 ρᾶς
276 2977 551 3044 ἔμπλεῳ,
592 2975 713 3026 οὐδὲ
743 2978 843 3042 τῆς
897 2976 1155 3039 γενναίας
1207 2975 1566 3043 ’Ᾱγαθονίκης
1613 2980 1749 3029 ἀπο-

143 3068 445 3135 λειφθῆναι
479 3064 699 3117 τούτων
742 3065 1115 3132 ὑπομεινάσης
1142 3082 1157 3095 ⁶
1212 3063 1328 3118 εἶτα
1376 3072 1563 3136 χεῖρας
1597 3073 1749 3136 ὁσίας

1853 633 1974 672 esse
2035 618 2246 672 l‘ortior.
2276 618 2523 685 Crepidis
2576 619 2759 688 itaque
2802 619 3015 683 ferreis,
3052 620 3227 689 longis
3252 618 3427 673 fibulis

1850 713 2103 775 conﬁxis,
2132 710 2285 779 jubet
2314 711 2550 765 calceari
2583 711 2746 781 pedes
2786 720 3103 782 martyrum,
3136 720 3189 764 et
3221 711 3427 766 calcea-

1854 812 1939 856 tos
1970 802 2090 855 illos
2136 802 2217 857 sic
2250 817 2499 869 currere,
2529 811 2588 857 ut
2629 804 2818 858 saltem
2861 804 3170 857 viderentur
3204 803 3328 855 victi
3369 804 3421 856 in

1855 893 1957 947 boc
1984 892 2304 946 certamine.
2332 892 2436 947 Sed
2465 907 2658 947 rursus
2678 909 2890 963 quoque
2909 894 3171 947 laboravit
3200 904 3422 947 temere.

1855 984 1974 1049 Quo
2014 984 2155 1038 enim
2182 983 2355 1052 magis
2383 998 2517 1039 nova
2557 986 2917 1053 excogitabat,
2943 999 3008 1037 eo
3048 987 3218 1053 magis
3239 984 3419 1037 divina

1858 1077 2026 1129 virtus
2058 1074 2414 1129 adumbrabat
2443 1084 2682 1139 sanctos,
2706 1075 2839 1129 etiis
2870 1092 2988 1146 quae
3023 1076 3413 1138 inferebantur.

1860 1167 2121 1221 reddebat
2172 1170 2504 1234 superiores,
2536 1177 2590 1221 et
2617 1168 2877 1223 adversus
2920 1183 3107 1233 aspera
3150 1180 3203 1222 et
3237 1170 3420 1238 gravia

1860 1257 2122 1311 efﬁciebat
2152 1259 2503 1311 robustiores.
2534 1257 2627 1311 Ille
2658 1269 2836 1313 autem
2887 1260 3061 1313 adhuc
3092 1275 3185 1313 eos
3242 1271 3421 1312 tenta-

1863 1347 1953 1401 bat
2000 1363 2027 1400 a
2087 1363 2185 1399 sua
2244 1348 2524 1400 traducere
2573 1348 2860 1410 sententia,
2892 1349 3090 1415 quibus
3119 1349 3196 1401 sit:
3236 1356 3421 1412 aperte

1860 1439 2039 1491 divina
2099 1454 2251 1505 Opem
2288 1439 2494 1491 ferebat
2541 1438 2710 1507 gratia
2742 1456 2755 1491 :
2792 1446 2845 1491 et
2884 1437 3095 1491 volebat
3126 1452 3221 1491 eos
3247 1439 3420 1492 sacri-

1862 1531 2023 1584 ﬁcare
2058 1530 2216 1582 rebus
2246 1530 2617 1583 abominandis
2661 1546 2673 1581 :
2704 1531 2838 1581 adeo
2870 1538 3061 1582 emota:
3093 1528 3285 1581 mentis
3306 1538 3421 1580 erat

1864 1615 2078 1683 impius.
2143 1615 2275 1668 Cum
2330 1630 2459 1683 ergo
2513 1617 2745 1669 nesciret
2803 1617 2931 1684 quid
2987 1627 3190 1682 ageret,
3216 1618 3421 1685 pudore

1857 1704 1967 1773 jam
1998 1704 2241 1769 all‘ectus,
2274 1716 2328 1758 et
2376 1716 2562 1772 aperte
2621 1716 2925 1771 superatus,
2956 1707 3204 1759 accendit
3242 1705 3421 1758 forna-

1863 1813 1999 1861 cem,
2058 1812 2179 1866 qua
2212 1797 2376 1850 multa
2416 1797 2662 1851 alebatur
2717 1798 2940 1851 materia
2971 1815 2984 1852 :
3017 1807 3071 1850 et
3096 1797 3145 1849 iu
3183 1775 3417 1851 medium

1860 1888 1977 1956 ejus
2011 1888 2182 1957 injicit
2233 1899 2519 1959 martyres.
2547 1888 2639 1942 illa
2682 1898 2859 1941 autem
2913 1879 3161 1956 protinus
3197 1888 3419 1941 l'uitex-

1859 1978 2077 2040 stincta,
2114 1989 2167 2032 et
2222 1976 2576 2046 refrigerabat
2621 1986 2856 2031 sanctos.
2887 1974 3004 2042 Quo
3031 1977 3249 2046 quidem
3286 1986 3422 2031 tcm-

1858 2083 1986 2137 pore
2028 2068 2407 2123 honestissima
2475 2084 2686 2139 quoque
2721 2070 3073 2140 Agatlionica,
3132 2083 3251 2137 qua:
3305 2077 3419 2121 erat

1856 2176 1982 2217 vere
2019 2176 2176 2213 soror
2217 2164 2493 2232 martyris,
2554 2164 2744 2227 divini,
2802 2162 3039 2231 inquam,
3094 2159 3300 2230 i’apyli,
3366 2169 3422 2213 et

1856 2258 2127 2311 ﬂammam
2178 2269 2298 2305 cum
2361 2257 2440 2308 eis
2492 2254 2735 2314 intravit,
2778 2263 2831 2305 et
2869 2251 3422 2313 certaminum,sicut

1858 2351 2018 2403 etiam
2077 2362 2424 2410 coronarum,
2458 2345 2558 2399 fuit
2603 2345 2899 2411 particeps.
2930 2343 3137 2395 ltursns
3165 2356 3294 2409 ergo
3332 2356 3421 2393 re-

1856 2440 2073 2492 dierunt
2110 2442 2159 2492 iu
2192 2440 2491 2492 custodiam
2532 2455 2548 2492 :
2580 2448 2634 2493 et
2684 2450 2874 2491 rursus
2912 2434 3173 2488 vacabant
3204 2432 3421 2503 hymnis

1857 2536 1921 2589 ad
1956 2530 2121 2584 Deum
2156 2542 2208 2585 et
2241 2530 2514 2600 precibus.

1926 2714 2108 2769 XVlll.
2147 2715 2279 2769 Cum
2305 2726 2484 2768 autem
2514 2714 2710 2767 dubius
2743 2723 2887 2767 esset
2913 2711 3075 2764 animi
3103 2708 3288 2777 juclex,
3318 2721 3418 2761 nec

1855 2808 2018 2859 ullum
2096 2808 2362 2860 inveniret
2391 2809 2614 2868 exitum,
2656 2805 2737 2857 vix
2788 2805 3002 2855 tandem
3035 2814 3127 2853 eos
3162 2798 3417 2852 condem-

1854 2910 1964 2963 nat,
1999 2909 2057 2951 ut
2084 2904 2246 2953 vitam
2275 2898 2489 2950 linirent
2518 2899 2717 2967 gladio.
2748 2895 3092 2949 Ducebantur
3122 2906 3251 2959 ergo
3273 2904 3418 2943 mar-

1852 2999 1995 3059 tyres
2024 2992 2217 3058 gaudio
2247 2989 2386 3058 pleni
2426 2992 2491 3041 ad
2520 2989 2691 3039 locum
2742 2982 3248 3047 consummationis,
3288 2996 3413 3035 cum

1854 3098 1950 3132 nrt:
1981 3081 2231 3149 praeclara
2285 3079 2502 3148 quidem
2541 3076 2876 3145 Agalltonica
2916 3074 2985 3127 ab
3010 3074 3089 3126 eis
3122 3071 3418 3126 abscedere

141 3160 380 3229 ἄραντες
415 3158 570 3228 πρὸς
598 3156 755 3221 Θεὸν,
784 3159 882 3226 οὐχ
915 3158 1123 3211 ἑαυτῶν
1156 3158 1531 3229 ύπερηύχοντο
1566 3162 1745 3229 μόνον,

1852 3173 2217 3223 sustinuisset.
2253 3169 2451 3222 Deinde
2476 3183 2597 3221 cum
2660 3174 2877 3221 sanctas
2925 3178 3112 3218 manus
3148 3165 3213 3215 ad
3248 3159 3414 3214 Deum

138 3251 274 3305 ἀλλὰ
328 3253 435 3305 καὶ
504 3252 642 3313 τοὺς
696 3250 876 3304 αὐτῶν
928 3250 1193 3318 φονεντὰς
1246 3251 1511 3321 ρυσθῆναί
1561 3269 1617 3303 τε
1649 3254 1745 3323 τῆς

137 3346 353 3413 πλάνης
390 3345 500 3397 καὶ
544 3343 880 3411 μεταόαλείν
928 3344 1063 3411 πρὸς
1114 3343 1433 3397 εὐσέϐειαν·
1469 3345 1747 3408 τοιαύταις

137 3435 405 3505 ἀμοιϐαῖς
448 3431 758 3499 ἠμείϐοντο
782 3434 903 3492 τοὺς
937 3432 1167 3500 ἐχθροὺς
1196 3436 1244 3487 ol
1281 3433 1377 3487 τοῦ
1404 3434 1610 3500 ἀγαθοῦ
1642 3453 1746 3503 μα-

132 3526 319 3595 θηταὶ,
368 3525 477 3575 καὶ
532 3522 733 3588 ἄφεσιν
759 3520 852 3573 τοῦ
903 3524 1252 3593 τολμήματος
1301 3527 1604 3595 εὐξαμένου
1630 3532 1745 3590 τοῖς

126 3620 457 3685 ωνευταῖς,
520 3614 703 3677 ἄλλως
736 3632 793 3667 τε
820 3616 877 3668 δὲ
910 3616 1003 3669 καὶ
1052 3617 1205 3671 αὐτοὶ
1232 3618 1479 3688 μεγάλην
1507 3621 1745 3679 ἐκείνοις

122 3712 347 3783 ᾔᾶεισαν
383 3711 592 3780 χάριν,
620 3708 734 3761 ἀνθ’
754 3701 829 3761 ὧν
850 3709 917 3762 δι’
939 3710 1117 3763 αὐτῶν
1147 3709 1441 3779 ἐξεδήμουν
1478 3710 1616 3781 πρὸς
1644 3711 1742 3763 τὸν

120 3804 509 3872 ποθούμενον.
565 3800 962 3870 Ἕπευξάμενοι
984 3803 1038 3853 δὲ
1060 3804 1130 3854 τὰ
1157 3804 1412 3874 λυσιτελῆ
1440 3806 1601 3863 πᾶσι.
1641 3805 1742 3868 τὰς

120 3895 371 3963 κεφαλὰς
406 3892 852 3963 ἀπετμήθησαν,
870 3893 1334 3963 τρισκαιδεκάτην
1359 3895 1590 3960 ἄγοντος
1617 3896 1739 3948 τότε

116 3986 210 4039 τοῦ
256 3984 630 4053 Ὀκτωσρίου
691 3986 875 4052 μηνός.
933 3986 1015 4038 Τὰ
1044 3984 1175 4053 γοῦν
1206 3985 1363 4056 τίμια
1394 3986 1599 4039 τούτων
1628 3985 1736 4038 λεια

118 4078 264 4147 ψανα
293 4076 494 4137 οὓτως
517 4072 736 4141 ἀτίμως
754 4078 847 4127 καὶ
874 4076 1096 4143 ἀμελῶς
1127 4078 1357 4147 κείμενα
1396 4079 1736 4147 Χριστιανῶν

124 4168 471 4237 ἀνελόμεναι
507 4164 721 4234 χεῖρες,
756 4164 893 4232 μετά
916 4163 1218 4232 λαμπάδων
1249 4166 1385 4231 ὁμοῦ
1419 4169 1509 4219 καὶ
1551 4168 1734 4235 ὓμνων

121 4256 406 4330 λαμπρῶς
444 4261 513 4311 ιν
534 4258 795 4325 ἐπιφανεῖ
823 4257 1115 4310 κατέθεντο
1146 4258 1315 4327 τόπῳ,
1348 4257 1575 4309 πλοῦτον
1594 4259 1729 4324 Χρι·

121 4354 365 4411 στιανοῐς
426 4348 673 4411 ἄσυλον,
707 4349 983 4420 πνεύμασι
1036 4352 1293 4420 πονηροῖς
1324 4350 1562 4423 φοϐερὰν
1626 4352 1729 4422 μά-

119 4457 306 4506 στιγα,
363 4443 475 4493 καὶ
517 4438 745 4492 νοσοῦσι
775 4443 908 4492 πᾶσι
945 4441 1136 4511 δρόσον
1171 4446 1266 4496 καὶ
1314 4443 1542 4511 ἀψευδὲς
1571 4444 1724 4514 ἴαμα,

117 4536 192 4593 εἰς
224 4535 402 4601 δόξαν
431 4529 617 4635 ⁹Θεοῦ
665 4531 876 4601 Harpe;
932 4535 1026 4585 καὶ
1083 4535 1290 4603 Κυρίου
1338 4536 1497 4603 ἡμῶν
1553 4536 1726 4608 Ἰησοῦ
1762 4579 1806 4635 D

116 4625 387 4697 Χριστοῦ,
511 4623 723 4693 πρέπει
744 4625 877 4697 τιμὴ
906 4627 999 4680 καὶ
1026 4625 1230 4698 κράτος
1253 4626 1350 4679 σὺν
1379 4627 1455 4695 τῷ
1476 4631 1725 4699 παναγξῳ

118 4718 209 4770 καὶ
240 4717 527 4785 ζωοποιῷ
585 4716 887 4785 Πνεύματι,
947 4719 1043 4773 νῦν
1081 4722 1173 4773 καὶ
1203 4721 1310 4787 ἀεὶ,
1366 4720 1458 4774 καὶ
1490 4722 1567 4784 εἰς
1595 4721 1723 4784 τοὺς

118 4808 321 4875 αιῶνας
352 4806 481 4863 τῶν
511 4806 753 4860 αἰώνων.
810 4810 1004 4879 ’Λμηειη

1851 3261 2217 3324 sustulissent,
2266 3277 2369 3314 non
2412 3276 2509 3329 pro
2556 3274 2616 3313 se
2648 3259 2821 3312 solum
2871 3271 3057 3327 preces
3098 3253 3414 3315 fundebant,

1850 3348 1943 3400 sed
1976 3350 2137 3400 etiam
2174 3348 2423 3412 orabant,
2452 3357 2512 3399 ut
2543 3347 2623 3399 sui
2663 3347 2937 3398 occisores
2964 3346 3030 3395 ab
3060 3358 3249 3396 errore
3280 3343 3416 3395 libe-

1850 3448 2121 3502 rarentur,
2166 3451 2219 3492 et
2265 3447 2712 3491 converterentur
2743 3435 2810 3490 ad
2856 3434 3132 3504 pietatem.
3177 3431 3269 3486 Sic
3292 3446 3418 3502 gra-

1852 3531 1978 3583 tiam
2034 3532 2147 3582 suis
2182 3529 2489 3582 relcrebant
2524 3529 2781 3589 inimicis,
2812 3527 2949 3593 ejus,
2984 3526 3073 3595 qui
3100 3526 3273 3580 bonus
3302 3536 3411 3589 est,

1849 3621 2115 3689 disripuli,
2152 3619 2479 3675 occisoribus
2502 3617 2619 3672 suis
2666 3627 2948 3686 precantes
3000 3618 3210 3669 veniam
3267 3616 3410 3681 ejus.

1844 3714 1985 3779 quod
2034 3722 2217 3764 erant.
2253 3713 2562 3777 atlmissurl,
2615 3696 2875 3764 facinoris
2906 3726 2922 3765 :
2953 3709 3149 3778 quibus
3206 3706 3410 3777 alioqui

1844 3802 1943 3871 ipsi
1994 3815 2240 3869 magnam
2272 3799 2543 3854 ltabebant
2598 3802 2846 3868 gratiam,
2871 3799 3013 3868 quod
3042 3812 3138 3867 per
3172 3812 3266 3850 eos
3303 3798 3411 3849 mi-

1841 3903 2059 3962 grarent
2088 3894 2155 3946 ad
2185 3906 2333 3954 eum,
2365 3904 2523 3961 quem
2575 3888 2973 3946 desiderabant.
3013 3887 3147 3941 Cum
3202 3887 3408 3957 precati

1839 4000 2050 4054 quoque
2082 3993 2265 4039 essent
2298 4000 2360 4039 ea
2388 3999 2504 4053 quae
2540 3990 2699 4038 erant
2723 3979 2973 4036 omnibus
3001 3980 3174 4041 utilia,
3206 3980 3285 4033 eis
3309 3993 3405 4033 ca-

1836 4076 1945 4145 pita
1989 4074 2207 4128 bierunt
2242 4082 2519 4143 amputata
2562 4070 2720 4125 tertio
2762 4068 2974 4126 decimo
3005 4069 3206 4124 mensis
3239 4069 3407 4122 Octo-

1838 4167 1970 4220 bris.
2003 4165 2281 4219 Pretiosas
2315 4175 2491 4220 autem
2520 4178 2706 4217 eorum
2733 4162 3012 4231 reliquias,
3040 4176 3160 4231 qua
3197 4160 3409 4231 abjecte

1835 4265 1886 4310 et
1944 4256 2296 4324 contemptim
2349 4256 2633 4323 jacebant,
2698 4252 3133 4306 Christianorum
3210 4266 3405 4305 manus

1836 4364 1957 4403 cum
1993 4346 2360 4410 sustulissent,
2386 4361 2510 4400 cum
2561 4344 2899 4413 lampadibus
2925 4341 3084 4396 simul
3108 4353 3162 4397 et
3187 4342 3408 4411 hymnis

1839 4439 1892 4493 in
1945 4439 2064 4494 loco
2133 4426 2325 4504 insigni
2382 4438 2643 4508 praclare
2678 4437 3068 4504 deposuerunt,
3094 4450 3221 4504 apes
3246 4435 3408 4489 Chri-

1836 4531 2025 4586 stianis
2087 4530 2443 4591 inviolabiles,
2508 4526 2755 4596 malignis
2804 4525 3084 4595 spiritibus
3136 4527 3402 4594 ﬂagellum

1838 4620 2099 4682 terribile,
2134 4628 2189 4673 et
2218 4633 2394 4673 rorem
2430 4617 2682 4671 omnibus
2707 4616 3097 4687 aegrotantibus
3113 4625 3167 4670 et
3191 4626 3396 4669 certam

1838 4712 2100 4769 medelam
2128 4727 2143 4765 :
2170 4712 2234 4764 ad
2266 4711 2495 4782 gloriam
2523 4710 2616 4765 Dei
2653 4710 2831 4766 Patris
2881 4720 2935 4765 et
2963 4708 3177 4764 Domini
3207 4708 3401 4776 nostri,

1832 4803 1961 4861 Jesu
1994 4800 2195 4857 Christi
2225 4821 2239 4858 :
2269 4818 2427 4873 quem
2478 4804 2635 4857 decet
2690 4802 2863 4856 lionor
2889 4810 2944 4856 et
2983 4802 3245 4871 potentia,
3277 4815 3399 4855 cum

1832 4894 2175 4951 sanctissimo
2205 4905 2260 4948 et
2294 4890 2506 4947 viviﬁco
2541 4892 2770 4963 Spiritu,
2801 4906 2945 4947 nunc
2989 4900 3043 4947 et
3069 4904 3305 4963 semper,
3341 4897 3399 4946 et

1832 4984 1886 5038 iu
1913 4985 2107 5040 szecula
2135 4983 2477 5040 saeculorum.
2502 4986 2697 5041 Amen.
