4180 6478
737 410 837 461 12'!
2033 399 2312 459 MENSIS
2350 398 2679 459 APRILIS.
3876 390 3969 452 128

795 541 3966 571 MM

2025 725 2701 846 ΑΘΛΗΣΙΣ

1284 954 1514 1042 ΤΟΥ
1586 956 1924 1042 ΑΓΙΟΥ
1974 958 2166 1040 ΚΑΙ
2242 949 2779 1042 ΕΝΔΟΞΟΥ
2834 960 2921 1042 Μ

1773 956 1924 1042 ΟΥ
1974 958 2166 1040 ΚΑΙ
2242 949 2779 1042 ΕΝΔ-ΟΞΟΥ
2834 954 3420 1042 ΜᾹΡΤΥΡΟΣ

1840 1143 2899 1279 ΕΛΕΥΘΕΡΙΟΥ

2000 1545 2707 1651 CERTAMEN

1372 1775 1785 1863 SANC'I‘I
1870 1773 2016 1859 ET
2089 1768 2661 1860 GLORIOSI
2745 1767 3358 1855 MARTYRIS

1175 1989 2463 2145 ELEUTHERII
2594 1984 3557 2139 EPISCOPI

764 2278 961 2339 (Latine
982 2278 1112 2341 apud
1136 2278 1335 2327 Surium
1361 2278 1423 2327 ad
1441 2276 1570 2325 diem
1596 2276 1654 2326 i8
1676 2276 1880 2339 Aprilis,
1910 2277 2081 2327 Grece
2106 2277 2231 2339 apud
2252 2277 2483 2327 Bolland.
2504 2278 2625 2327 tom.
2651 2274 2695 2324 Ῑῐ
2722 2275 2927 2337 Aprilis,
2950 2289 3001 2337 p.
3021 2274 3135 2333 976‘,
3159 2288 3219 2323 ex
3249 2277 3359 2326 cad.
3392 2275 3514 2325 1190
3534 2274 3769 2325 biblioth.
3810 2273 3991 2335 Vatic.)

834 2581 875 2634 l.
907 2576 1041 2630 Cum
1074 2574 1245 2631 Allius
1264 2576 1531 2630 Adrianus
1554 2576 1811 2633 Romanis
1842 2576 2053 2648 quidem
2085 2578 2319 2648 impera-
2349 2580 2394 2639 Α

2349 2580 2394 2639 Α
2495 2581 2570 2631 Ᾱ’.
2604 2579 2784 2632 Αἰλίου
2809 2575 3096 2647 Ἀδριανοῦ
3137 2576 3421 2646 Ῥωμαίων
3452 2575 3550 2643 μὲν
3593 2575 3992 2643 βασιλεύοντος,

761 2682 867 2735 ret.
899 2669 1238 2725 damonibus
1266 2680 1446 2723 autem
1480 2680 1531 2723 et
1564 2671 1865 2724 simulacris
1901 2672 2183 2739 diligenter
2211 2686 2327 2724 ser-

2429 2674 2644 2740 δαίμοσι
2674 2674 2731 2724 δὲ
2784 2675 2876 2723 καὶ
2906 2672 3144 2731 εἰδώλοις
3192 2670 3469 2737 ἐπιμελῶς
3503 2671 3874 2731 δουλεύοντος,
3908 2673 3999 2721 καὶ

763 2764 905 2817 viret
935 2778 948 2815 :
977 2758 1309 2813 admirabilis
1345 2775 1560 2829 quoque
1594 2760 1930 2814 Eleutherius
1965 2761 2055 2813 illo
2089 2769 2329 2827 tempore

2430 2766 2458 2816 ὁ
2485 2764 2795 2830 θαυμαστὴς
2838 2761 3171 2830 Ἐλευθέριος
3201 2761 3321 2812 κατ’
3343 2761 3519 2812 ὲκεῖνο
3542 2760 3762 2827 καιροῦ,
3798 2757 3890 2813 οἶά
3920 2777 3999 2822 τις

760 2852 1014 2919 cognitus
1041 2858 1144 2913 est,
1182 2849 1343 2900 veluti
1390 2850 1633 2915 quzcdam
1670 2847 1821 2902 stella
1864 2848 2000 2903 diem
2032 2848 2327 2903 illustrans.

2432 2855 2832 2927 ἡμερολαμπὴς
2886 2854 3061 2926 ἀστὴρ
3114 2852 3464 2922 ὲγνωρίζετο·
3492 2845 3537 2919 ᾧ
3590 2854 3789 2924 πατρὶς
3830 2854 3929 2922 μὲν
3966 2856 3998 2921 ἠ

766 2941 867 2996 Cui
912 2940 1083 3010 patria
1137 2938 1351 3008 quidem
1392 2938 1491 2992 fuit
1540 2941 1733 3011 inclyta
1766 2951 1818 2995 et
1858 2957 2046 3013 magna
2106 2942 2274 2997 Roma
2310 2960 2323 2997 :

2435 2947 2646 3017 μεγάλη
2686 2946 2779 2998 καὶ
2815 2944 3112 3017 περιφανὴς
3145 2942 3406 3012 ἐτύγχανε
3437 2940 3645 3011 Ῥώμη,
3678 2942 3921 3012 πατέρες
3946 2943 4001 2995 δὲ

765 3041 1019 3103 parentes
1049 3040 1227 3085 autem
1262 3046 1456 3101 genere
1496 3032 1709 3097 quidem
1744 3032 2083 3099 nobilissimi,
2130 3034 2330 3087 divitiis

2432 3040 2600 3106 γένει,
2632 3036 2845 3106 πλούτῳ
2873 3054 2930 3087 τε
2964 3038 3055 3088 καὶ
3080 3036 3204 3105 δόξῃ
3236 3034 3695 3103 περιφανέστατοι
3728 3035 3824 3087 καὶ
3859 3032 3999 3101 λαμ-

765 3141 898 3180 vero
943 3124 1360 3191 opulentissimi,
1416 3124 1582 3191 gloria
1635 3124 1793 3176 etiam
1859 3126 2166 3179 clarissimi.
2228 3126 2333 3179 Ter

2434 3130 2693 3196 πρότατοι
2720 3146 2731 3162 ⁸
2759 3128 3104 3198 τρισύπατον
3128 3128 3239 3196 γὰρ
3271 3126 3439 3179 αὐτοῦ
3475 3126 3564 3179 τὸν
3600 3128 3820 3197 πατέρα
3851 3126 4003 3193 γενέ-

771 3216 1049 3269 consulem
1087 3215 1227 3267 enim
1255 3212 1421 3269 fuisse
1452 3214 1567 3283 ejus
1597 3225 1826 3283 patrem,
1875 3214 1992 3285 ejus
2033 3216 2220 3271 scribit
2250 3217 2337 3271 hi-

2438 3217 2558 3270 σθαι
2586 3217 2772 3285 φασίν.
2842 3216 3003 3269 Ἀλλὰ
3057 3217 3152 3269 καὶ
3185 3217 3327 3269 οὓτω
3369 3217 3730 3285 περιφανείας
3764 3216 4003 3285 ἔχοντες,

769 3308 961 3364 storia.
998 3307 1104 3361 Sed
1132 3323 1253 3362 cum
1280 3319 1469 3363 essent
1498 3310 1631 3363 adeo
1664 3309 1921 3378 insignes,
1950 3326 2049 3365 nec
2091 3314 2171 3365 eis
2212 3312 2334 3381 qui-

2435 3312 2555 3364 οὐδὲ
2609 3311 2707 3382 τῆς
2741 3311 2860 3363 κατ’
2888 3309 3171 3361 εὐσέϐειαν
3214 3308 3573 3361 ἀπελείποντο
3624 3310 3941 3375 εὐγενείαςι
3977 3312 4006 3376 ἡ

768 3404 891 3455 dem
929 3403 1116 3453 deerat
1147 3400 1399 3453 nobilitas
1444 3416 1507 3452 ex
1550 3400 1746 3468 pietate
1779 3410 1895 3453 orta
1949 3412 2003 3454 et
2052 3401 2332 3468 religione.

2440 3404 2619 3472 μήτηρ
2675 3402 2785 3471 γὰρ
2837 3400 2986 3469 αὐτῷ
3021 3399 3279 3465 Εὐανθία,
3310 3402 3428 3462 ταῖς
3458 3398 3552 3452 τοῦ
3606 3398 3757 3452 θείου
3791 3399 4006 3452 Παύλου

773 3494 900 3558 Ejus
929 3492 1069 3545 enim
1104 3500 1274 3544 mater
1296 3491 1579 3553 Evanthia.
1607 3507 1724 3547 cum
1749 3492 1916 3547 divini
1942 3491 2087 3544 Pauli
2120 3502 2336 3559 aposto-

2438 3492 2822 3555 ἀποστολικαῖς
2877 3492 3240 3562 παραινέσεσι
3296 3491 3394 3563 τὴν
3442 3491 3625 3545 πίστιν
3661 3490 4010 3560 δκμαθοῦσα,

773 3582 893 3636 licis
927 3580 1383 3636 admonitionibus
1418 3582 1572 3636 iidem
1594 3592 1849 3635 accurate
1883 3583 2178 3643 didicisset.
2215 3598 2336 3636 cum

2440 3581 2639 3655 πολλὴν
2668 3582 2881 3651 ὑπῆρχε
2909 3587 3005 3635 σὺν
3026 3585 3091 3651 τῇ
3138 3583 3306 3652 ἀρετῇ
3340 3582 3648 3636 πλουτοῦσα
3692 3586 3789 3637 καὶ
3821 3586 4011 3637 θεοσέ-

772 3673 949 3727 studio
975 3672 1213 3725 virtutis.
1240 3672 1329 3724 Dei
1352 3686 1566 3740 quoque
1586 3671 1733 3725 cultu
1759 3681 1877 3726 erat
1904 3671 2057 3727 valde
2084 3672 2337 3744 locuples.

2441 3671 2615 3724 ϐειαν.
2668 3670 2815 3741 Αὕτη
2848 3670 2940 3723 τδν
2978 3671 3121 3740 ἱερὸν
3172 3670 3364 3723 τοῦτον
3418 3672 3767 3724 ἀποτεκοῦσα
3821 3673 4009 3735 παῖδα,

778 3766 850 3819 Ea
877 3779 997 3819 cum
1031 3766 1173 3819 buuc
1204 3774 1450 3821 sanetum
1487 3764 1779 3833 peperisset
1807 3780 2050 3833 puerum,
2075 3765 2339 3821 Eleuthe-

2452 3762 2789 3835 Ἐλευθέριον
2816 3762 2915 3833 μὲν
2940 3761 3246 3831 ὠνόμασεν,
3298 3760 3620 3831 ἐλευθερίως
3653 3760 3709 3813 δὲ
3741 3761 3889 3814 οὕτω
3922 3764 4012 3816 καὶ

771 3855 913 3910 rium
974 3855 1191 3923 quidem
1246 3852 1459 3908 vocavit
1513 3869 1577 3909 ex
1639 3854 1754 3923 ipso
1796 3865 1916 3908 ortu
1952 3873 1967 3909 :
1999 3855 2135 3908 adeo
2163 3865 2337 3908 autem
2367 3913 2413 3927 __

2367 3913 2413 3927 Ἀ
2440 3854 2622 3918 καλῶς
2650 3855 3021 3927 ἀναθρέψασα,
3057 3854 3199 3907 ὥστε
3244 3855 3310 3925 τῇ
3342 3852 3535 3924 κλήσει
3570 3857 3888 3922 συμφωνεῖν
3917 3859 4011 3909 καὶ

771 3946 1070 4001 liberaliter
1110 3954 1164 3999 et
1193 3945 1418 4000 honeste
1463 3959 1584 3999 eum
1618 3946 1886 4007 educavit,
1918 3953 1974 3996 ut
2006 3944 2209 3997 nomini
2254 3960 2341 3999 res
2367 3913 2414 3972 Β

2367 3913 2414 3972 Β
2440 3947 2511 4000 τὰ
2540 3913 2877 4015 πράγματα..
2907 3913 3196 4015 Τραφέντα
3248 3913 3380 4014 γοῦν
3423 3913 3516 4001 καὶ
3547 3913 3897 4019 ἀνδρωθέντα
3932 3947 4009 4017 τῷ

773 4051 989 4107 quoque
1024 4035 1397 4089 convenirent.
1450 4034 1542 4089 Sic
1591 4049 1720 4104 ergo
1760 4037 2065 4100 educatum,
2100 4050 2220 4090 cum
2273 4034 2340 4090 ad

2440 4040 2688 4109 ἀρχιερεῖ
2707 4040 2805 4107 τῆς
2847 4037 3135 4106 Ῥωμαίων
3167 4038 3493 4109 Ἐκκλησίας
3532 4040 3801 4109 ’Δνικήτῳ
3826 4039 4013 4111 [Ἄνα-

778 4126 988 4180 virilem
1044 4136 1256 4180 aetatem
1309 4126 1671 4194 pervenisset.
1708 4124 1815 4181 Deo
1846 4136 1899 4181 et
1939 4126 2343 4198 archiepiscopo

2441 4128 2649 4202 κλήτῳ]
2687 4128 2860 4202 δῶρον
2895 4129 3045 4195 ἄξιον
3074 4130 3309 4197 δίδωσιν,
3342 4130 3401 4194 ὃς
3431 4130 3493 4184 τὸ
3525 4130 3620 4183 τοῦ
3643 4124 3813 4201 ἤθους
3843 4129 4010 4184 αὑτοῦ

771 4216 1001 4271 Aniceto
1031 4214 1106 4285 (i)
1139 4216 1228 4269 dat
1250 4215 1612 4279 eum,donum
1648 4215 1765 4286 ipso
1788 4216 2028 4286 dignum.
2051 4218 2168 4287 Ipse
2196 4219 2339 4273 enim

2440 4222 2664 4295 κόσμιον
2695 4223 2788 4275 καὶ
2816 4223 2914 4293 τὴν
2941 4223 3108 4289 ἄλλην
3146 4223 3291 4291 ὀρῶν
3336 4220 3558 4290 ἀρετὴν,
3618 4221 3871 4273 διάκονον
3915 4222 4011 4290 μὶν

776 4316 903 4361 tunc
935 4307 1189 4361 Romanae
1214 4317 1441 4375 praeerat
1471 4306 1743 4361 Ecclesize.
1777 4307 1876 4373 Qui
1905 4308 2090 4363 videns
2131 4324 2339 4362 morum

2440 4315 2681 4384 πρῶτον,
2704 4309 2821 4365 εἶτα
2844 4312 3234 4383 πρεσϐύτερον,
3258 4311 3353 4364 καὶ
3375 4310 3681 4366 τελευταῖον
3710 4310 4011 4368 ἔπίσκοτων

777 4399 897 4467 ejus
946 4397 1366 4450 moderationem
1417 4405 1471 4449 et
1510 4396 1647 4451 alias
1677 4399 1921 4462 virtutes,
1969 4412 2091 4451 eum
2127 4400 2342 4466 quidem

1567 4396 1647 4451 ias
1677 4399 1921 4462 virtutes,
1969 4412 2091 4451 eum
2127 4400 2342 4466 quidem
2442 4404 2735 4476 χειροτονεῖ
2759 4401 2852 4454 τοῦ
2898 4402 3218 4471 Ἰλλυρικοῦ.

775 4489 1009 4559 primum
1033 4486 1342 4551 diaconum,
1396 4486 1588 4541 deinde
1634 4487 2033 4559 presbyterum,
2072 4502 2342 4558 postremo

775 4580 1091 4649 episc0pum
1126 4578 1347 4635 ordinat
1368 4576 1584 4649 Illyrici.

847 4670 914 4723 11.
949 4669 1148 4737 Sicque
1200 4669 1439 4730 lucerna,
1468 4679 1521 4722 ut
1543 4670 1848 4740 evangeliee
1878 4673 2049 4727 dicam
2079 4675 2121 4737 ί,
2172 4674 2341 4743 posita

2515 4672 2591 4727 B'.
2623 4672 2731 4724 Καὶ
2764 4672 2904 4725 οὕτω
2932 4672 2994 4741 δὴ
3015 4670 3108 4722 τοῦ
3145 4668 3359 4741 λύχνου,
3400 4668 3772 4735 εὐαγγελικῶς
3814 4671 4008 4734 εἰπεῖν,

778 4774 941 4828 super
968 4758 1373 4824 candelabrum,
1390 4760 1600 4815 etverbi
1622 4759 1852 4829 vitaeque
1874 4762 1992 4818 luce
2008 4764 2346 4820 illuminante

2446 4763 2539 4814 ἐπὶ
2567 4763 2666 4829 τὴν
2692 4760 2914 4831 λυχνίαν
2945 4759 3218 4822 τεθέντος,
3277 4762 3371 4813 καὶ
3400 4758 3580 4827 πολλῷ
3632 4760 3709 4827 τῷ
3743 4760 3841 4814 τοῦ
3897 4760 4010 4829 βίου

779 4849 1072 4905 multorum
1099 4850 1456 4919 cogitationes
1490 4860 1570 4906 :et
1600 4852 1788 4908 falsam
1813 4854 2027 4924 quidem
2067 4858 2333 4911 mendacii

2447 4854 2543 4907 καὶ
2571 4854 2646 4923 τῷ
2682 4853 2775 4907 τοῦ
2830 4854 2990 4919 λόγου
3045 4852 3185 4920 φωτὶ
3232 4852 3331 4912 τὰς
3364 4850 3472 4902 τῶν
3504 4850 3715 4904 πολλῶν
3772 4851 4012 4913 διανοίας

779 4940 1079 4995 doctrinam
1102 4942 1471 5011 proculcante,
1508 4941 1763 5001 doctrinae
1791 4961 2039 5002 sermone
2072 4948 2344 5011 aiiluente.

2450 4946 3004 5014 περιαστράπτοντος,
3029 4942 3125 4995 καὶ
3162 4941 3597 5008 καθοδηγοῦντος
3641 4941 3779 5009 πρὸς
3828 4941 4012 4995 θεοσέ-

778 5032 845 5084 ad
907 5030 1078 5086 solius
1155 5041 1332 5085 autem
1403 5032 1495 5088 Dei
1540 5036 1898 5103 cognitionem
1965 5041 2159 5097 multos
2214 5057 2347 5095 con-

2449 5037 2600 5088 ϐειαν
2625 5076 2639 5099 ,
2678 5037 2777 5088 οὐκ
2810 5022 2887 5104 ἦν’
2920 5033 3091 5086 ταῦτα
3147 5032 3339 5100 πράως
3360 5033 3450 5085 τὸν
3473 5031 3710 5101 πονηρὸν
3743 5033 4009 5100 ἐνεγκεῖν,

781 5130 1031 5176 vertente
1088 5132 1145 5177 et
1212 5122 1509 5179 deducente
1578 5124 1644 5179 ad
1694 5127 1972 5195 pietatem,
2006 5145 2110 5184 non
2140 5140 2348 5199 poterat

2449 5126 2585 5179 ἀλλὰ
2609 5127 2728 5180 κατ’
2764 5125 2927 5178 αὐτοῦ
2956 5126 3049 5178 καὶ
3087 5124 3184 5190 τῆς
3208 5123 3493 5185 εὐσεϐείας
3518 5122 3692 5175 δεινὸν
3742 5122 3895 5177 ἔπνει
3925 5126 4013 5177 καὶ

784 5211 1053 5280 malignus
1082 5213 1196 5267 haec
1230 5212 1371 5269 lerre
1396 5215 1710 5276 moderate:
1746 5220 1838 5273 sed
1872 5222 2017 5275 rabie
2042 5222 2260 5289 quidem
2294 5223 2345 5274 in
2377 5268 2415 5291 η

2377 5268 2415 5291 η
2455 5222 2701 5291 μανικὸν,
2756 5218 2878 5272 ὅθεν
2932 5217 3145 5270 καὶτὸν
3184 5216 3461 5285 Ἀδριανὸν
3504 5214 3706 5272 ὑποδὺς
3733 5213 3878 5277 ὅλον,
3912 5215 4013 5283 πρὸ

783 5302 961 5371 ipsum
993 5304 1318 5371 agitabatur,
1352 5313 1406 5359 et
1430 5306 1665 5375 graviter
1688 5308 1922 5378 spirabat
1948 5321 2137 5364 contra
2172 5312 2345 5383 pieta—
2376 5302 2417 5325 ν

2376 5302 2417 5325 ν
2452 5311 2561 5364 τῶν
2587 5312 2760 5366 ἄλλων
2788 5309 3063 5369 ἁπάντων,
3091 5309 3180 5360 τὸν
3219 5306 3551 5374 Ἐλευθέριον
3588 5304 3730 5357 ὲλείν
3752 5303 4013 5372 ἀγωνίζε-

787 5403 919 5447 tem.
951 5389 1149 5448 Totum
1171 5408 1299 5449 vero
1330 5394 1547 5450 subiens
1563 5396 1876 5463 Adrianum,
1908 5414 2029 5454 cum
2057 5399 2146 5454 illo
2170 5414 2349 5453 arma-

2456 5417 2565 5459 ται.
2606 5401 2731 5459 τούς
2758 5396 3056 5465 ἐπισημοτέ
3067 5412 3192 5467 ρους
3212 5395 3320 5446 τῶν
3354 5392 3592 5447 εὐσεϐῶν
3617 5394 3867 5448 σπεύδων
3885 5395 4009 5447 ἀπο-

786 5494 876 5537 tur
906 5494 1093 5537 contra
1126 5486 1408 5541 veritatem
1446 5504 1460 5541 :
1493 5494 1547 5542 et
1579 5494 1703 5541 ante
1741 5489 1875 5541 alios
1914 5505 2099 5545 omnes
2126 5498 2352 5545 coman-

2459 5487 2923 5557 θερίζειν,ὄ›σπερ
2952 5486 3014 5557 δή
3044 5503 3193 5547 τινας
3223 5484 3328 5536 τῶν
3348 5484 3634 5554 ἀσταχύων
3664 5484 4011 5554 προέχοντας,

857 5646 872 5676 ¹
910 5646 1090 5705 Matth.
1133 5666 1183 5703 v.

858 5766 932 5831 (Ι)
978 5762 1114 5834 Lege
1174 5767 1449 5833 Amtclclo,
1518 5784 1641 5825 cum
1687 5771 1947 5825 Anicetus
1980 5770 2179 5823 sederit
2218 5777 2337 5837 post
2377 5767 2504 5822 Adrt

2118 5771 2179 5822 rit
2218 5777 2337 5837 post
2377 5767 2702 5827 Adrtanum,
2738 5762 2838 5815 sub
2876 5776 2982 5830 quo
3018 5774 3206 5826 passus
3238 5768 3322 5813 est
3393 5756 3757 5811 Eletttherius.
