4180 6482
177 414 271 479 129

1389 410 1570 470 VITA
1613 409 1676 467 S.
1719 408 2224 472 ELEUTHERII.

3343 417 3445 482 130

165 529 333 589 Εὐθὺς
367 521 464 579 οὖν
491 525 670 594 Mth
700 541 779 586 τις
803 523 913 575 τῶν
947 522 1300 591 στρατιωτῶν
1337 525 1640 592 πέμπεται,
1671 525 1730 577 τὺ

1864 522 1942 577 dit
1977 525 2042 576 de
2077 525 2254 578 medio
2310 524 2498 579 tollere
2532 524 2924 594 Eleutherinm,
2960 545 3024 583 ex
3081 532 3181 599 piis
3227 537 3445 589 studens

175 617 516 684 Ἐλευθέριον
543 617 629 687 τῷ
654 613 917 685 βασιλικῷ
955 613 1163 679 βήματι
1193 615 1546 700 παραστῆναι
1595 632 1746 668 κεκε-

162 709 478 776 λευσμένος.
549 711 594 760 Ο
620 709 674 760 δὲ
714 707 811 775 τὴν
843 704 1146 771 ἐκκλησίαν
1177 704 1748 775 καταλαϐὼν,πλήθει

158 817 211 851 τε
244 798 810 866 περικυκλωσάμενος
873 795 1250 864 στρατιωτῶν,
1296 797 1391 847 καὶ
1449 797 1542 848 τὸν
1591 797 1745 864 ἅγιον

158 890 298 942 ἔνδον
330 889 658 948 ἀπολαὸὼν,
693 883 809 939 εἶτα
835 887 930 938 καὶ
961 884 1245 948 εἰσελθὼν,
1279 887 1373 938 καὶ
1420 888 1600 958 ἀγρίῳ
1650 891 1746 956 μὲν

155 983 380 1048 δμματι,
407 980 742 1048 ἀγριωτέρῳ
762 979 816 1031 δὲ
845 978 1160 1046 φρονήματι
1182 981 1296 1040 τοῖς
1321 979 1492 1048 ὁρῶσι
1528 981 1742 1045 φανείςο

152 1070 219 1132 ὡς
248 1071 300 1122 δὲ
331 1066 476 1122 εἶδον
520 1071 689 1122 αὐτὸν
718 1076 776 1123 τὸ
801 1073 897 1139 τῆς
928 1068 1285 1130 διδασκαλίας
1338 1070 1558 1137 ἥδιστον
1593 1072 1747 1138 νᾶμα

156 1161 475 1229 προχέοντι.
509 1162 610 1213 καὶ
641 1162 736 1212 σὺν
757 1161 1026 1230 εὐκοσμία
1054 1158 1220 1228 πολλῇ
1254 1163 1363 1221 τοῖς
1395 1159 1621 1212 συνοῦσι
1645 1163 1749 1228 τὴν

155 1253 431 1304 εὐσέϐειαν
463 1252 930 1320 καταγγέλλοντα,
965 1252 1064 1320 τὴν
1097 1250 1191 1303 τοῦ
1227 1249 1466 1318 Χριστοῦ
1501 1250 1744 1318 δύναμιν

154 1342 443 1411 θαυμάζων
480 1339 575 1412 ἦν.
609 1344 715 1396 Καὶ
749 1341 1069 1411 μεταϐαλὼν
1104 1341 1303 1393 αὐτίκα
1333 1343 1431 1410 τῆς
1467 1341 1742 1408 ἀγριότη-

151 1451 253 1497 τος,
286 1432 573 1502 πρόϐατον
600 1436 718 1488 ἀντὶ
743 1432 928 1496 λύκου,
962 1433 1054 1485 καὶ
1082 1430 1327 1500 μαθητὴς
1354 1430 1474 1484 ἀντὶ
1500 1429 1744 1483 διώκτου

150 1526 382 1591 γίνεται·
421 1529 522 1578 καὶ
557 1526 802 1595 ὑπερορᾷ
839 1526 938 1593 μὲν
962 1524 1129 1576 αὐτοῦ
1166 1523 1457 1592 βασιλέως,
1498 1521 1746 1592 προσπί-

147 1616 340 1669 πτειδὲ
370 1620 491 1678 τοῖς
522 1617 654 1668 ποσὶ
682 1614 772 1667 τοῦ
811 1615 989 1681 ἁγίου,
1029 1615 1123 1666 καλ⁵
1151 1614 1209 1666 τὸ
1242 1614 1350 1666 ἀπὸ
1374 1613 1526 1665 τοῦδε
1570 1614 1743 1682 συνῆν

146 1705 286 1773 αὐτῷ
320 1709 438 1766 τοῖς
472 1707 693 1759 ἐκείνου
725 1706 900 1771 λόγοις
933 1705 1070 1771 πρὸς
1092 1703 1191 1769 τὴν
1223 1702 1509 1755 εὐσέϐειαν
1543 1719 1746 1772 στηρι-

146 1797 384 1864 ζόμενος.
440 1797 592 1848 Ἀλλ’
637 1795 776 1848 οὕτω
804 1793 904 1862 μὲν
949 1794 977 1845 ὁ
1005 1793 1173 1862 Φίληξ
1207 1793 1408 1858 ἐποίει,
1466 1792 1564 1850 καὶ
1605 1795 1749 1864 πρὸς

1855 618 2136 670 demetere
2159 632 2273 680 eos,
2305 620 2398 686 qui
2431 631 2586 672 erant
2613 621 2957 690 insigniores,
2989 632 3243 691 tanquam
3272 629 3446 694 spicas

1856 709 2119 774 quasdam
2158 712 2370 763 caeteris
2401 713 2807 780 priI'SlallllOI'CS
2841 731 2852 766 :
2888 725 2941 766 et
2965 716 3144 767 statim
3184 732 3306 770 cum
3343 728 3447 771 ter-

1858 795 2000 849 ribili
2022 796 2290 865 legatione
2327 799 2559 853 mittitur
2580 801 2731 855 Felix
2757 801 2997 871 quidam,
3031 820 3167 859 unus
3195 820 3260 857 ex
3292 806 3444 860 duci-

1854 888 1957 939 bus
2009 889 2300 952 exercitus,
2332 888 2514 954 jussus
2545 901 2601 945 ut
2649 907 2745 960 per
2788 896 2893 947 vim
2927 895 3158 952 adducat
3189 896 3442 951 Eleuthe-

1855 978 2022 1041 rium,
2057 990 2111 1032 et
2143 994 2264 1033 eum
2294 982 2448 1034 sistat
2475 994 2596 1036 ante
2624 986 2858 1039 tribunal
2887 987 3315 1056 imperatorium.
3337 990 3440 1058 Qui

1853 1083 1979 1120 cum
2001 1071 2065 1121 ad
2086 1069 2284 1124 Christi
2313 1074 2589 1127 mandram
2612 1077 2965 1142 pervenisset,
2993 1081 3298 1146 ecclesiam,
3317 1099 3437 1137 eam

1854 1165 2204 1214 extrinsecus
2267 1164 2612 1219 circumsidet
2676 1168 3016 1224 multitudine
3071 1173 3295 1227 militum
3334 1194 3350 1230 :
3383 1187 3438 1230 et

1856 1267 1976 1303 cum
2012 1253 2156 1306 intus
2190 1254 2566 1322 intercepisset
2599 1258 2989 1329 Eleutherium,
3025 1275 3274 1334 tanquam
3300 1286 3438 1336 pra:-

1856 1344 1978 1396 datn
2002 1345 2233 1414 aliquam
2271 1350 2517 1403 studebat
2536 1351 2737 1406 habere
2768 1368 2960 1422 agnum
2986 1357 3208 1410 Christi.
3237 1359 3436 1415 Deinde

1859 1436 2118 1504 templum
2157 1438 2454 1508 ingressus,
2487 1452 2539 1496 et
2574 1444 2888 1499 truculentis
2918 1446 3135 1514 quidem
3167 1451 3344 1504 oculis
3379 1463 3434 1507 et

1859 1533 2241 1589 truculentiore
2263 1537 2424 1590 etiam
2454 1539 2928 1611 spiritu,tanquam
2969 1545 3085 1614 ipso
3114 1546 3260 1599 vultu
3292 1545 3431 1615 ejus,

1854 1625 1944 1690 qui
1981 1626 2219 1689 miserat,
2241 1629 2553 1696 significans
2596 1635 2884 1699 saevitiam,
2920 1651 2978 1689 se
3027 1640 3318 1692 ostendens
3345 1638 3432 1704 iis,

1854 1714 1950 1781 qui
1988 1716 2241 1771 videbant
2279 1739 2291 1772 :
2335 1729 2615 1789 postquam
2650 1724 2779 1778 vidit
2813 1726 3184 1782 Eleutherium
3213 1730 3430 1784 suavis-

1851 1801 2048 1855 simum
2087 1806 2346 1862 doctrina:
2384 1808 2644 1864 ﬂuentum
2691 1814 3121 1881 profundentem,
3162 1829 3217 1872 et
3264 1834 3430 1872 orna-

144 1887 227 1938 τὸν
267 1887 690 1939 ἀποστείλαντα
736 1885 987 1953 οὐδαμῶς
1050 1885 1420 1955 ἀναστρέφειν
1457 1883 1691 1955 ἠγάπαο
1724 1889 1734 1937 ι

1859 1893 2064 1950 tissime
2118 1897 2370 1965 pietatem
2433 1904 2837 1958 annuntiantem
2899 1905 2986 1970 iis,
3053 1908 3144 1976 qui
3189 1923 3311 1962 cum
3361 1923 3431 1964 eo

142 1975 275 2038 θεῖος
306 1974 365 2028 δὲ
413 1974 769 2045 Ἐλευθέριος
793 1974 1278 2046 παρρησιάσασθαι
1306 1975 1411 2046 τὴν
1445 1975 1747 2029 εὐσέὸειαν

141 2067 628 2138 προθυμούμενος,
682 2065 906 2138 πορείας
940 2065 1100 2129 εὐθὺς
1146 2066 1347 2136 εἴχετο,
1401 2067 1501 2118 καὶ
1533 2067 1629 2119 τὸν
1650 2066 1746 2119 Φί-

140 2159 276 2229 ληκα
299 2162 689 2230 συνεπόμενον
721 2160 879 2228 έχων.
922 2159 1008 2220 Ὠς
1045 2157 1102 2209 δὲ
1137 2160 1278 2210 κατὰ
1299 2159 1402 2228 τὴν
1435 2157 1748 2213 ὀδὸνῦδατι

138 2252 491 2322 περιέτυχον,
549 2252 711 2314 ἄλλος
738 2245 891 2313 οὗτος
924 2249 1214 2318 Κανδάκης
1244 2252 1272 2302 ὁ
1297 2247 1471 2319 Φίληξ
1499 2249 1744 2316 γίνεται,

139 2347 227 2396 καὶ
247 2346 405 2414 παρὰ
430 2345 712 2397 Φιλίππου
744 2343 838 2396 τοῦ
875 2342 1019 2396 θείου
1072 2341 1418 2412 Ἐλευθερίου
1465 2340 1736 2413 βαπτίζε-

134 2451 239 2500 ται,
273 2436 377 2505 τὴν
411 2435 868 2504 είδωλολατρείαν
900 2453 959 2488 τε
995 2434 1391 2491 ἀποϐάλλεται.

1854 1985 2236 2052 versabantur,
2269 1988 2356 2043 ille
2380 1989 2678 2045 mirandum
2710 1995 2761 2047 in
2791 1995 3004 2048 modum
3059 1997 3430 2053 admirabatur

1848 2072 2051 2127 Christi
2089 2076 2344 2132 virtutem
2379 2097 2393 2132 :
2425 2089 2478 2134 et
2502 2082 2687 2136 statim
2715 2095 2916 2138 mutata
2956 2087 3162 2140 saevitia
3232 2089 3250 2155 (
3281 2087 3430 2144 visus

1848 2174 1933 2218 est
1966 2167 2111 2220 enim
2154 2167 2352 2223 habere
2390 2171 2628 2225 animum
2665 2184 2853 2241 aprum
2903 2179 2968 2228 ad
3025 2179 3426 2246 suscipiendum

1846 2255 2050 2308 semina
2081 2257 2344 2326 pietatis),
2377 2260 2570 2316 fitovis
2585 2277 2680 2330 pro
2709 2263 2849 2332 lupo,
2879 2274 2932 2318 et
2969 2281 3062 2334 pro
3085 2277 3428 2334 persecutore

1848 2344 2142 2414 discipulus
2176 2362 2191 2400 :
2223 2358 2275 2402 et
2298 2353 2539 2418 priorum
2589 2354 2750 2406 veluti
2786 2357 3005 2422 oblitus,
3053 2375 3156 2411 non
3202 2360 3338 2412 latro
3373 2368 3428 2412 et

1845 2447 2186 2504 persecutor,
2225 2442 2318 2494 sed
2351 2439 2575 2509 Christi,
2611 2459 2768 2512 quem
2799 2449 3247 2516 persequebatur,
3289 2451 3428 2504 ami-

135 2540 224 2583 cus
255 2537 310 2583 et
348 2530 662 2598 discipulus
695 2548 708 2584 :
744 2541 796 2584 et
829 2530 1055 2600 despicit
1089 2531 1302 2598 quidem
1338 2531 1514 2596 ipsum
1554 2531 1982 2600 imperatorem:
2017 2536 2261 2600 procedit
2325 2548 2506 2591 autem
2545 2545 2612 2594 ad
2672 2544 2832 2609 pedes
2898 2544 3102 2608 sancti,
3159 2557 3214 2600 et
3266 2546 3332 2599 ab
3363 2561 3427 2602 eo

139 2633 381 2692 tempore
413 2624 617 2678 lubens
636 2625 950 2678 versabatur
975 2638 1094 2676 cum
1124 2623 1408 2690 magistro,
1463 2623 1616 2674 illius
1661 2624 1838 2676 verbis
1901 2623 2256 2689 illuminatns,
2298 2639 2353 2682 et
2396 2629 2451 2682 in
2499 2632 2696 2699 pietate
2760 2637 3136 2689 continuatus.
3172 2635 3274 2690 Sed
3345 2637 3424 2690 sic

132 2717 344 2783 quidem
374 2715 513 2768 fecit
540 2714 715 2776 Felix,
741 2724 792 2766 et
814 2727 1147 2782 nequaquam
1175 2713 1387 2766 curavit
1421 2713 1624 2776 reverti
1664 2712 1728 2766 ad
1772 2726 1918 2780 cum,
1989 2718 2077 2784 qui
2115 2718 2360 2773 miserat.
2395 2718 2512 2774 Non
2542 2735 2660 2778 erat
2687 2735 2888 2790 autem,
2923 2725 2974 2777 id
3003 2726 3144 2793 quod
3204 2726 3424 2782 videba-

136 2820 215 2861 tur
249 2809 608 2862 Eleutherio.
638 2807 945 2862 Festinabat
969 2809 1111 2862 enim
1156 2808 1222 2862 ad
1263 2805 1677 2862 confessionem
1715 2826 1734 2864 ι
1770 2818 1996 2878 eratque
2061 2823 2309 2880 prompto
2339 2823 2392 2866 et
2458 2817 2624 2870 alacri
2658 2819 2838 2872 animo
2866 2823 2929 2872 ad
2963 2821 3217 2888 pietatem
3253 2823 3421 2879 libere

132 2901 632 2957 efferendam.lter
658 2900 1060 2971 certeprotinus
1103 2910 1186 2956 est
1242 2901 1545 2970 ingressus,
1605 2902 1817 2957 habens
1881 2904 2043 2957 etiam
2108 2919 2166 2958 se
2219 2918 2532 2976 sequentem
2591 2907 2819 2962 Felicem
2877 2913 3065 2964 ducem
3124 2916 3420 2970 exercitus.

130 3001 258 3052 Cum
314 3008 510 3052 autem
578 3001 719 3053 inter
769 3000 1018 3052 eumdum
1072 2997 1125 3051 in
1185 3011 1380 3066 aquam
1439 2995 1783 3063 incidissent,
1815 2999 1872 3050 tit
1905 2999 1993 3052 hic
2032 2999 2181 3054 Felix
2245 3003 2384 3057 alius
2445 3004 2720 3059 Caudaces
2757 3022 2771 3056 :
2813 3014 2866 3059 et
2902 3021 2932 3057 a
2967 3007 3146 3061 divino
3173 3007 3423 3078 Philippo

130 3087 446 3156 baptizatur
477 3085 521 3150 ',
581 3099 772 3152 nempe
843 3085 1189 3151 Eleutherio,
1271 3094 1326 3138 et
1407 3084 1736 3139 idololatria:
1798 3086 2077 3156 caligine,
2167 3098 2420 3159 tanquam
2502 3094 2718 3160 putrido
2799 3095 2981 3163 aliquo
3051 3097 3418 3168 indumento,

133 3179 369 3232 exuitur.

201 3269 277 3327 I".
319 3270 491 3324 Ἐπεὶ
523 3271 581 3323 δὲ
599 3269 694 3324 καὶ
717 3269 813 3341 τὴν
846 3269 1069 3342 Ῥώμην
1098 3271 1422 3334 κατέλαϐον,
1445 3272 1610 3342 Φίληξ
1639 3274 1737 3341 μὲν
1767 3289 1808 3345 c

133 3366 238 3426 τοῖς
269 3366 330 3416 ὲν
405 3362 614 3433 Ῥώμῃ
675 3365 883 3424 πιστοῖς
941 3363 1008 3416 τά
1066 3365 1208 3416 κατά
1258 3362 1348 3415 τὸν
1393 3362 1730 3431 Ἐλευθέριον

131 3456 509 3524 ἀπαγγέλλει,
588 3455 925 3524 Ἐλευθέριον
974 3456 1030 3508 δὲ
1078 3458 1106 3508 ὁ
1137 3456 1390 3525 βασιλεὺς
1423 3456 1498 3524 τῷ
1537 3455 1730 3508 ἑαυτοῦ

131 3547 439 3614 παρίστησι
480 3544 700 3612 βήματι
724 3559 738 3574 ⁸
773 3544 830 3594 ὃν
870 3545 966 3594 καὶ
1001 3544 1128 3595 ἰδὼν
1181 3547 1297 3595 νέον
1324 3563 1381 3598 τε
1442 3547 1536 3598 καὶ¹
1572 3563 1730 3616 περι-

129 3637 324 3704 καλλῆ,
389 3635 494 3686 καὶ
543 3631 625 3700 τῷ
684 3635 781 3700 τῆς
814 3633 1016 3701 ἀρετῆς
1051 3633 1243 3702 κόσμῳ
1280 3634 1459 3702 ψυχὴν
1487 3635 1604 3702 ἅμα
1638 3637 1731 3689 καὶ

126 3726 452 3794 ὀφθαλμοὺς
498 3723 857 3790 ἀγλαϊζοντα,
912 3722 1027 3775 ’Ἰνα
1059 3723 1133 3786 τί,
1168 3725 1354 3791 φησὶν,
1403 3723 1726 3793 Ἐλευθέριε,

124 3820 221 3888 τὴν
245 3815 532 3886 πατρῴαν
560 3813 859 3884 θρησκείαν
883 3813 1187 3875 ἀπολιπὼν,
1210 3814 1395 3866 καινόν
1413 3831 1531 3866 τινα
1559 3830 1727 3884 πρεσ-

124 3909 301 3972 Satist;
333 3909 508 3972 Θεὸν,
540 3909 638 3960 καὶ
671 3905 856 3959 τοῦτον
886 3905 1302 3975 ἐσταυρωμένον
1329 3922 1344 3970 ;
1391 3907 1728 3976 Ἐλευθέριος

121 4004 173 4055 δὲ
199 4003 342 4071 πρὸς
367 4000 563 4059 οὕτως
591 3997 956 4049 ἀσυνετοῦντα
1007 3998 1142 4064 μηδὲ
1183 3997 1580 4064 ἀποκρίνεσθαι
1635 3999 1726 4050 θέ-

123 4095 248 4159 λων,
281 4091 476 4151 ἄλλως
532 4104 594 4139 τε
627 4087 682 4138 δὲ
705 4087 795 4138 καὶ
820 4087 959 4140 αὐτά
977 4087 1041 4158 δὴ
1064 4089 1130 4139 τα
1153 4087 1245 4140 τοῦ
1268 4089 1502 4158 Χριστοῦ
1534 4091 1591 4142 ὲν
1615 4093 1726 4154 τοῖς

121 4187 258 4255 ὑπὲρ
303 4177 572 4253 Χριστοῦ
613 4177 967 4248 μιμούμενος,
1027 4179 1246 4233 σιωπῶν
1287 4181 1536 4252 ἑστήκει.
1585 4182 1722 4236 Ἀλλ’

121 4278 418 4348 ἀπόκρινε,
459 4271 565 4324 καὶ
607 4265 762 4332 αὖθις
787 4272 814 4322 ὁ
849 4270 1106 4338 βασιλεὺς
1134 4270 1259 4339 ἐφη,
1308 4273 1437 4340 περὶ
1469 4267 1544 4326 ὧν
1575 4275 1721 4341 imm-

119 4367 314 4438 τήθης.
353 4361 508 4420 Εῐτα
541 4361 758 4430 καὶτῆς
797 4359 1019 4430 πικρίας
1060 4361 1279 4426 ἐνδοὺς,
1313 4361 1572 4432 Πείσθητί
1610 4379 1720 4430 μοι,

121 4459 300 4524 ἔλεγε,
368 4459 480 4510 καὶ
527 4456 647 4517 τοῖς
696 4454 987 4523 ἀηττήτοις
1037 4453 1198 4507 θῦσον
1248 4452 1429 4517 θεοῖς’
1482 4455 1532 4506 εί
1561 4454 1604 4507 δ’
1635 4452 1719 4518 οὓ,

119 4549 368 4618 χαλεπὰς
403 4546 610 4608 ἐπάξω
641 4561 722 4595 σοι
752 4545 1040 4613 τιμωρίας,
1065 4545 1372 4615 πειθομένῳ
1403 4546 1459 4598 δὲ
1492 4545 1589 4608 τὰς
1623 4563 1720 4614 με·

1912 3273 2005 3330 lll.
2033 3274 2324 3342 Postquam
2347 3290 2471 3329 vero
2500 3275 2694 3331 itinere
2726 3277 2974 3333 confecto
2997 3278 3223 3335 Romam
3260 3297 3421 3339 vene-

1845 3377 1999 3428 runt,
2025 3383 2052 3418 a
2090 3367 2336 3419 fidelibus
2368 3367 2606 3434 quidem,
2643 3367 2732 3434 qui
2773 3379 2928 3422 erant
2967 3369 3166 3434 Batnae,
3205 3375 3419 3438 agnitus

1839 3455 2116 3522 sigillatim
2166 3455 2232 3509 de
2269 3455 2584 3510 Eleutherio
2616 3457 2797 3509 omnia
2828 3459 3131 3512 annuntiat.
3162 3459 3414 3517 Eleuthe-

1842 3545 1984 3600 riutn
2032 3557 2213 3601 autem
2243 3548 2428 3612 jussus
2477 3549 2817 3614 imperatoris
2862 3549 3159 3616 imperabat
3197 3553 3313 3605 sisti
3348 3553 3416 3607 ad

1843 3639 1982 3693 illius
2014 3638 2268 3692 tribunal.
2301 3636 2393 3690 llle
2427 3651 2552 3690 vero
2605 3647 2711 3690 tam
2747 3654 2939 3708 magno
2967 3649 3020 3693 et
3051 3642 3266 3696 excelso
3297 3645 3415 3697 ani-

1837 3744 1925 3782 mo
1970 3727 2294 3795 ingreditur,
2327 3743 2388 3782 ac
2415 3729 2459 3782 si
2504 3743 2608 3782 non
2642 3729 2707 3781 ad
2740 3731 3055 3793 certamina,
3097 3732 3188 3782 sed
3236 3734 3300 3783 ad
3334 3734 3414 3787 fe-

1839 3828 1982 3872 stum
2017 3827 2415 3870 accerseretur.
2474 3817 2644 3880 Quem
2692 3834 2812 3870 cum
2847 3823 3146 3888 aspexisset
3175 3823 3410 3891 impera-

1839 3919 1942 3973 tor,
1980 3916 2038 3962 ut
2077 3908 2210 3962 vidit
2237 3923 2358 3963 eum
2395 3922 2515 3963 esse
2563 3918 2618 3962 et
2643 3909 2896 3977 juvenem
2929 3920 2981 3963 et
3024 3909 3321 3967 formosum
3353 3921 3410 3970 et

1834 3998 2050 4050 virtutis
2107 4005 2427 4050 ornamento
2477 4003 2530 4047 et
2587 3998 2766 4048 animo
2808 4005 2862 4048 et
2907 3997 3074 4049 oculis
3099 3999 3356 4052 decorum
3387 4014 3408 4055 :

1833 4087 1960 4149 Cur,
2008 4086 2202 4155 inquit,
2249 4099 2280 4139 ο
2327 4085 2622 4150 Eleutheri,
2659 4086 2829 4154 patria
2883 4086 3069 4141 relicta
3123 4088 3404 4158 religione,

1833 4181 2053 4234 deorum
2101 4178 2302 4234 cultum
2353 4177 2505 4232 nihili
2555 4177 2784 4242 faciens,
2857 4193 3055 4232 novum
3119 4180 3404 4248 quemdam

1832 4272 2000 4323 Deum
2032 4270 2166 4324 colis
2199 4287 2213 4322 :
2256 4269 2408 4337 isque
2440 4284 2559 4322 cum
2591 4285 2696 4322 non
2725 4270 2898 4323 solum
2933 4272 3005 4323 sit
3045 4284 3228 4339 aperte
3261 4289 3403 4328 mor-

1830 4369 1975 4422 tuus,
2012 4360 2106 4415 sed
2140 4359 2304 4413 etiam
2356 4367 2583 4414 mortem
2629 4357 2860 4412 subierit
2920 4359 3284 4426 turpissimam
3320 4361 3342 4414 τ
3377 4380 3395 4413 ι

1831 4449 2175 4504 Eleutherius
2201 4459 2380 4502 autem
2410 4449 2482 4511 ei,
2509 4448 2596 4515 qui
2635 4453 2693 4502 Se
2725 4458 2830 4502 tam
2854 4449 3011 4504 stulte
3035 4451 3273 4520 gerebat,
3303 4467 3401 4506 nec

1832 4544 2263 4610 respondendum
2299 4542 2514 4610 quidem
2577 4555 2698 4594 esse
2742 4541 3056 4605 arbitratus,
3111 4553 3163 4596 et
3197 4544 3398 4612 alioqui

118 4643 312 4707 γίστας
351 4634 601 4706 παρέξω
631 4635 815 4702 τιμάς.
853 4635 958 4684 Καὶ
988 4637 1016 4686 6
1064 4634 1403 4702 Ἐλευθέριος
1432 4636 1716 4703 εὐπαρῤηο

1848 4650 2001 4701 psum
2059 4633 2334 4687 Christum
2383 4633 2434 4684 in
2493 4633 2578 4695 iis,
2613 4645 2728 4696 quae
2776 4646 2870 4697 pro
2899 4630 3114 4684 Christo
3141 4646 3396 4698 passurus

122 4733 401 4792 σιάστως·
447 4725 569 4779 Καὶ
624 4723 740 4787 πῶς
811 4726 897 4787 ἂν,
937 4724 1064 4795 ἔφη,
1123 4723 1386 4788 τοιούτοις
1443 4725 1725 4795 λατρεύσω

120 4823 296 4886 θεοῖς,
331 4821 368 4888 ἢ
405 4818 554 4874 ἀλλο
601 4815 914 4884 ἀνεχομένῳ
974 4815 1350 4886 συνθήσομαι;
1399 4817 1521 4877 Πῶς
1577 4815 1630 4868 δὲ
1661 4818 1722 4866 οὐ

128 4916 333 4985 μᾶλλον
373 4909 704 4978 ἀποστῆναι
730 4908 932 4960 τούτων
962 4909 1056 4962 καὶ
1081 4909 1206 4978 ὑμῖν
1233 4906 1724 4976 συμϐουλεύσαιμι;

124 5004 514 5061 ἀπειθοῦντας
582 5000 638 5051 δὲ
691 4997 944 5066 δακρύσω
976 4997 1074 5065 τῆς
1123 4996 1399 5058 ἀπονοίας,
1463 4997 1543 5048 ὅτι
1583 4997 1725 5066 λόγῳ

130 5101 255 5167 προς
284 5095 438 5149 Θεοῦ
477 5089 832 5160 τιμηθέντες,
873 5089 1045 5154 ξύλων
1084 5092 1179 5142 καὶ
1222 5089 1382 5142 λίθων
1409 5088 1723 5157 ἀτιμότεροι

126 5188 556 5256 καθεστήκατε,
595 5179 750 5241 θεοὺς
780 5177 950 5230 ταῦτα
975 5177 1285 5246 ἡγούμενοι,
1319 5175 1520 5227 καὶτὸν
1547 5172 1720 5241 ἀληθῆ

126 5279 252 5329 Θεὸν
276 5276 561 5346 ἀφρόνως
592 5270 1080 5337 ἀποστρεφόμενοι,
1121 5267 1178 5327 ὃς
1217 5266 1284 5317 τὰ
1319 5266 1492 5316 πάντα
1516 5265 1723 5333 ῥήματι

129 5369 524 5437 συνεστήσατο
625 5363 720 5412 καὶ
759 5362 906 5428 ἡμᾶς
957 5359 1032 5419 δὲ,
1061 5358 1165 5410 τῶν
1215 5355 1378 5408 αὐτοῦ
1408 5357 1723 5424 κτισμάτων

127 5462 182 5512 τὶ
203 5458 519 5513 κάλλιστόν
545 5471 606 5504 τε
643 5455 732 5505 καὶ
763 5452 1109 5519 τιμιώτατον,
1141 5451 1188 5500 εί
1215 5451 1304 5502 καὶ
1334 5447 1521 5516 ὥσπερ
1548 5451 1602 5499 ὲν
1630 5465 1721 5497 νυ-

133 5554 440 5622 κτομαχίᾳ,
474 5551 539 5600 το
569 5547 726 5614 φίλον
776 5563 832 5596 τε
866 5545 960 5598 καὶ
993 5543 1240 5611 πολέμιον
1272 5542 1597 5610 ἀγνοοῦμγς
1630 5543 1724 5616 καὶ

137 5647 265 5716 πρὸς
298 5647 404 5710 μὲν
441 5643 543 5695 τὸν
602 5639 866 5707 ἡμέτερον
924 5637 1192 5705 Δεσπότην
1244 5634 1720 5703 ἐκπολεμούμεθα,

197 5783 214 5810 ’
245 5782 373 5834 Act.
416 5791 546 5828 \‘lll.
631 5772 649 5800 ³
696 5769 821 5824 Luc.
863 5785 970 5821 XXI.

1825 4735 1963 4787 erat,
1997 4724 2216 4780 imitans
2243 4722 2421 4778 stabat
2448 4732 2651 4777 tacens.
2685 4741 2704 4774 ι
2738 4720 2844 4778 Sed
2878 4726 3164 4792 responde,
3204 4741 3398 4780 rursus

1825 4817 1958 4871 dixit
1994 4818 2321 4884 imperator:
2364 4815 2463 4880 Qui
2491 4816 2568 4878 fit,
2598 4817 2738 4881 quod
2768 4827 2816 4867 te
2852 4825 2956 4868 tam
2989 4816 3188 4870 stolide
3213 4833 3391 4888 geras.

1821 4917 1876 4960 et
1905 4909 1958 4959 in
1989 4907 2133 4958 hunc
2158 4903 2586 4957 Christianorum
2616 4903 2818 4956 cultum
2850 4903 3097 4958 insanum
3135 4915 3186 4960 te
3213 4906 3395 4960 immi-

1820 4997 1958 5052 seris
1992 4995 2014 5048 ἲ
2053 5013 2072 5046 ι
2116 4995 2315 5049 Deinde
2351 4995 2684 5062 aliquantum
2718 4997 2998 5050 remittens
3030 4997 3094 5050 de
3123 4999 3392 5049 acerbita-

1821 5097 1875 5142 te
1905 5106 1918 5142 :
1949 5105 1966 5138 ι
2004 5084 2162 5151 Pare,
2197 5086 2386 5155 inquit,
2415 5086 2548 5138 mihi
2577 5095 2628 5138 et
2655 5085 2758 5139 diis
2790 5083 3006 5138 invictis
3035 5085 3296 5142 sacrifica.
3331 5088 3390 5142 Si

1826 5184 1969 5235 enim
2007 5193 2301 5247 persuasus
2340 5179 2700 5240 convertaris,
2749 5176 2982 5230 honores
3021 5179 3110 5230 tibi
3142 5182 3390 5246 praebebo

1825 5270 2088 5324 tnaxitnos
2124 5288 2135 5324 :
2173 5269 2254 5323 sin
2301 5277 2479 5321 autem
2513 5283 2616 5320 non
2646 5282 2854 5334 pareas,
2901 5267 3214 5335 gravissima
3255 5270 3388 5325 infe-

1826 5378 1936 5415 ram
2001 5363 2284 5430 supplicia.
2345 5359 2684 5412 Eleutherius
2743 5375 2869 5412 vero
2946 5357 3173 5413 Domino
3240 5363 3390 5415 invo-

1821 5467 1961 5517 eato,
2031 5457 2119 5522 qni
2172 5453 2302 5504 dixit
2355 5471 2367 5505 :
2420 5450 2592 5505 Nolite
2653 5466 2770 5505 esse
2817 5450 3070 5517 solliciti,
3119 5457 3385 5519 quomodo

1821 5555 1912 5598 aut
1962 5547 2088 5613 quid
2142 5546 2525 5611 respondeatis.
2576 5533 2794 5595 Dabitur
2842 5543 2982 5595 enim
3017 5543 3186 5607 vobis,
3216 5547 3387 5610 inquit

1824 5635 1929 5700 ille,
1973 5633 2256 5703 sapientia,
2296 5633 2376 5686 cui
2431 5632 2605 5686 nullus
2664 5633 2859 5701 poterit
2905 5633 3387 5696 resistere’:Quo-
