4180 6482
734 415 833 466 12⁵1
2031 403 2308 462 MENSIS
2347 405 2385 461 A

2347 402 2676 463 APRILIS.
3873 393 3961 454 128

791 544 3961 576 _______________________________________________.______.__..

2022 730 2696 850 ΑΘΛΗΣΙΣ

1282 959 1510 1046 ΤΟΥ
1583 961 1920 1046 ΑΓΙΟΥ
1972 963 2162 1043 ΚΑΙ
2240 953 2776 1046 ΕΝΔ-ΟΞΟΥ
2831 964 2933 1046 Μ

1770 961 1920 1046 ΟΥ
1972 963 2162 1043 ΚΑΙ
2240 953 2776 1046 ENA-0301'
2831 958 3415 1046 ΜΑΡΤΥΡΟΣ

1838 1148 2888 1282 ΕΛΕΥΘΕΡΙΟΥ

1997 1550 2704 1655 CERTAMEN

1368 1780 1781 1867 SANC'I‘I
1867 1779 2012 1864 ΕΤ
2087 1772 2658 1864 GLORIOSI
2743 1771 3355 1858 MARTYRIS

1172 1993 2461 2150 ELEUTHERII
2593 1988 3552 2142 EPISCOPI

761 2283 957 2344 (Latine
979 2284 1108 2345 apud
1133 2283 1331 2332 Surium
1358 2283 1418 2331 ad
1438 2281 1567 2329 diem
1593 2282 1651 2331 18
1673 2282 1877 2344 Aprilis,
1907 2282 2078 2331 Graece
2103 2281 2228 2342 apud
2251 2281 2482 2330 Bolland.
2503 2282 2623 2330 tom.
2651 2279 2693 2327 Il
2721 2279 2924 2341 Aprilis,
2949 2293 2998 2341 p.
3019 2278 3132 2337 976‘,
3157 2293 3216 2326 ex
3247 2281 3357 2329 cad.
3390 2279 3510 2329 1190
3531 2278 3770 2328 biblioth.
3811 2277 3989 2337 Valle.)

831 2586 871 2639 1.
903 2582 1038 2635 Cum
1072 2580 1242 2635 Elius
1263 2581 1528 2634 Adrianus
1551 2581 1808 2637 Romanis
1841 2581 2052 2652 quidem
2083 2582 2316 2652 impera-
2347 2585 2392 2642 Α

2347 2585 2392 2642 Α
2494 2585 2568 2634 Λ’.
2603 2583 2782 2635 Αἰλίου
2808 2579 3094 2650 ’Λδριανοῦ
3135 2580 3418 2649 Ῥωμαίων
3449 2579 3546 2646 μὲν
3591 2579 3990 2646 βασιλεύοντος.

758 2687 863 2740 ret,
897 2675 1235 2730 daemonibus
1265 2684 1444 2727 autem
1478 2685 1528 2728 et
1563 2675 1863 2728 simulacris
1901 2676 2180 2742 diligenter
2210 2690 2324 2728 ser-

2427 2678 2642 2744 δαέμοσι
2673 2679 2729 2728 δὲ
2783 2679 2874 2727 καὶ
2905 2676 3142 2735 εἰδώλοις
3191 2675 3466 2740 ἐπιμελῶς
3500 2675 3874 2732 δουλεύοντος,
3909 2677 3995 2724 καὶ

761 2769 900 2822 viret
932 2784 944 2819 :
974 2763 1307 2818 admirabilis
1343 2780 1558 2833 quoque
1593 2765 1929 2818 Eleutlierius
1963 2765 2053 2816 illo
2088 2773 2326 2832 tempore

2429 2771 2455 2820 ὁ
2484 2768 2793 2833 Θαυμαστὶς
2836 2765 3169 2833 Ἐλευθέριος
3199 2765 3318 2815 κατ’
3341 2765 3516 2815 ὲκεῖνο
3540 2764 3760 2830 καιροῦ,
3799 2761 3890 2816 οἷά
3919 2781 3996 2825 τις

758 2857 1010 2924 cognitus
1037 2863 1140 2918 est,
1180 2855 1341 2905 veluti
1388 2855 1630 2919 quwdam
1669 2851 1819 2905 stella
1863 2853 1997 2906 diem
2032 2853 2324 2907 illustrans.

2431 2860 2830 2931 ἡμερολαμπὴς
2885 2859 3060 2929 ἀστὴρ
3113 2857 3461 2925 ὲγνωρὶζετο·
3490 2849 3533 2922 ᾧ
3587 2858 3789 2926 πατρὶς
3831 2858 3995 2925 μὲνὴ

764 2947 863 3002 Cui
908 2946 1079 3016 patria
1134 2944 1348 3014 quidem
1391 2944 1488 2997 fuit
1538 2945 1731 3015 inclyta
1765 2955 1816 2999 et
1857 2961 2044 3017 magna
2105 2947 2272 3000 Roma
2308 2965 2321 3001 :

2434 2951 2645 3021 μεγάλη
2684 2950 2777 3002 καὶ
2815 2948 3111 3020 περιφανὴς
3144 2946 3404 3016 ἐτύγχανε
3435 2943 3643 3014 Ῥώμη,
3677 2946 3920 3015 πατέρες
3943 2946 3997 2998 δὲ

761 3047 1015 3108 parentes
1046 3046 1224 3090 autem
1259 3051 1453 3106 genere
1494 3037 1706 3101 quidem
1742 3037 2081 3102 nobilissimi,
2129 3038 2328 3091 divitiis

2431 3043 2598 3110 γένει,
2631 3041 2843 3109 πλούτῳ
2872 3058 2928 3090 τε
2963 3043 3052 3092 καὶ
3079 3040 3202 3108 δόξῃ
3235 3038 3694 3107 περιφανέστατοι
3728 3039 3824 3089 καὶ
3860 3036 3995 3103 λαμ-

763 3147 894 3185 vero
941 3131 1358 3196 opulentissimi,
1414 3129 1579 3196 gloria
1633 3129 1791 3181 etiam
1858 3130 2164 3182 clarissimi.
2226 3130 2331 3182 Ter

2432 3134 2691 3201 πρότατοι
2719 3151 2729 3165 ·
2759 3132 3102 3201 τρισύπατον
3127 3132 3236 3199 γὰρ
3270 3130 3436 3182 αὑτοῦ
3473 3130 3561 3182 τὸν
3599 3131 3820 3199 πατέρα
3852 3130 3999 3196 γενέ-

769 3222 1047 3274 consulem
1085 3221 1225 3272 enim
1253 3219 1418 3274 fuisse
1449 3220 1564 3289 ejus
1595 3231 1824 3288 patrem,
1873 3219 1990 3289 ejus
2031 3221 2217 3275 scribit
2249 3221 2334 3274 hi-

2436 3221 2556 3274 σθαι
2585 3221 2770 3289 φασιν.
2841 3221 3001 3272 Ἀλλὰ
3055 3221 3150 3272 καὶ
3183 3221 3325 3272 οὕτω
3368 3220 3729 3288 περιφανείας
3763 3220 3999 3286 ἔχοντες,

769 3315 960 3368 storia.
997 3313 1101 3366 Sed
1131 3329 1250 3368 cum
1278 3326 1466 3368 essent
1495 3316 1628 3368 adeo
1663 3315 1918 3382 insignes,
1949 3331 2047 3370 nec
2089 3318 2168 3369 eis
2210 3317 2331 3386 qui-

2433 3317 2553 3368 οὺδὲ
2608 3316 2706 3386 τῆς
2740 3315 2858 3366 κατ’
2887 3313 3168 3365 εὐσέϐειαν
3213 3312 3570 3364 ἀπελείποντο
3622 3313 3939 3378 εὐγενείας·
3975 3315 4003 3379 ἡ

767 3409 890 3459 dem
929 3409 1113 3458 deerat
1146 3406 1396 3458 nobilitas
1441 3422 1503 3457 ex
1547 3406 1743 3473 pietate
1777 3416 1892 3458 orta
1947 3418 2000 3458 et
2050 3406 2329 3472 religione.

2437 3408 2617 3477 μήτηρ
2674 3407 2783 3474 γὰρ
2836 3405 2984 3473 αὑτῷ
3021 3404 3278 3468 Εὖανθία,
3309 3405 3426 3465 ταῖς
3456 3401 3549 3454 τοῦ
3604 3401 3755 3455 ϐείου
3792 3403 4002 3455 Παύλου

773 3499 899 3562 Ejus
929 3498 1067 3550 enim
1102 3506 1271 3549 mater
1294 3497 1576 3557 Evantltia.
1605 3512 1721 3552 cum
1747 3498 1914 3552 divini
1941 3496 2085 3548 Pauli
2119 3508 2333 3562 aposto-

2436 3497 2820 3558 ἀποστολικαῖς
2876 3497 3238 3565 παραινέσεσι
3295 3494 3392 3566 τὴν
3441 3495 3623 3548 πίστιν
3659 3494 4006 3562 ικμαθοῦσα,

773 3588 893 3641 Iicis
926 3587 1380 3640 admonitionibus
1415 3589 1569 3641 iidem
1593 3598 1846 3640 accurate
1882 3589 2176 3647 didicisset,
2214 3604 2334 3640 ettnt

2438 3585 2637 3656 πολλὴν
2667 3587 2880 3654 ὑπῆρχε
2908 3591 3003 3638 σὺν
3025 3589 3089 3654 τῇ
3137 3587 3305 3654 ἀρετῇ
3339 3587 3646 3638 πλουτοῦσα
3691 3591 3790 3640 καὶ
3823 3589 4007 3640 Osos!-

773 3679 948 3731 studio
974 3679 1211 3730 virtutis.
1238 3678 1327 3729 Dei
1351 3691 1564 3746 quoque
1584 3677 1730 3730 cultu
1757 3687 1874 3731 erat
1902 3676 2054 3731 valde
2082 3678 2334 3748 locuples.

2439 3676 2613 3728 εειαν.
2667 3675 2813 3744 Αὕτη
2847 3674 2938 3726 τὸν
2977 3675 3119 3744 ἱερὸν
3171 3674 3363 3726 τοῦτον
3418 3675 3766 3727 ἀποτεκοῦσα
3823 3677 4007 3736 παῖδα,

778 3771 849 3823 Ea
877 3784 995 3824 cum
1031 3771 1171 3824 hunc
1202 3780 1448 3825 sanctum
1485 3769 1776 3838 peperisset
1805 3785 2048 3838 puerum,
2074 3769 2336 3826 Eleuthe-

2451 3766 2788 3838 Ἐλευθέριον
2815 3766 2913 3836 μὲν
2939 3765 3245 3835 ὠνόμασεν,
3298 3764 3618 3834 ἐλευθερίως
3652 3764 3710 3816 δὲ
3742 3765 3888 3817 οὕτω
3922 3768 4009 3818 καὶ

773 3860 913 3914 rium
973 3861 1189 3927 quidem
1245 3858 1456 3912 vocavit
1511 3875 1575 3914 ex
1638 3859 1751 3928 ipso
1795 3870 1914 3912 ortu
1951 3878 1964 3913 :
1998 3861 2134 3911 adeo
2162 3870 2334 3912 autem
2366 3918 2410 3930 _

2366 3918 2410 3930 _
2439 3859 2620 3921 καλῶς
2649 3859 3019 3930 ἁναθρέψασα,
3056 3859 3197 3911 ὥστε
3245 3859 3310 3927 τῇ
3343 3856 3533 3927 κλήσει
3569 3861 3888 3925 συμφωνεῖν
3918 3863 4008 3911 καὶ

773 3951 1070 4005 liberaliter
1110 3959 1163 4004 et
1192 3951 1416 4005 honeste
1462 3965 1583 4003 eum
1617 3952 1884 4012 educavit,
1916 3959 1972 4000 ut
2006 3949 2208 4002 nomini
2253 3965 2338 4004 res
2366 3918 2412 3976 Β

2366 3918 2412 3976 Β
2439 3951 2510 4004 τὰ
2539 3918 2875 4018 πράγμαέαί
2906 3918 3194 4018 Τραφέντα
3248 3918 3380 4017 γοῦν
3423 3918 3515 4004 καὶ
3547 3918 3897 4021 ἀνδρωθέντα
3932 3951 4007 4020 τῷ

775 4056 988 4111 quoque
1024 4040 1396 4093 convenirent.
1449 4039 1540 4093 Sic
1590 4054 1718 4108 ergo
1759 4042 2063 4104 educatum,
2099 4054 2218 4094 cum
2272 4039 2338 4094 ad

2439 4045 2686 4113 ἀρχιερεῖ
2707 4044 2803 4110 τῆς
2847 4041 3134 4109 Ῥωμαίων
3165 4042 3493 4112 Ἐκκλησίας
3532 4043 3802 4112 Ἀνικήτῳ
3829 4043 4011 4114 [Ἃναο

780 4132 987 4185 virilem
1045 4141 1255 4184 aetatem
1309 4132 1669 4198 pervenisset,
1707 4129 1813 4186 Deo
1845 4141 1898 4185 et
1938 4130 2340 4202 archiepiscopo

2439 4132 2648 4205 κλήτῳ]
2686 4133 2858 4206 δῶρον
2895 4134 3043 4199 ἄξιον
3073 4134 3310 4200 δίδωσιν,
3343 4135 3401 4198 ὃς
3431 4133 3493 4186 τὸ
3525 4133 3619 4186 τοῦ
3643 4128 3815 4203 ἤθους
3846 4133 4007 4186 αὑτοῦ

772 4221 1000 4275 Aniceto
1031 4219 1106 4290 (1)
1139 4220 1228 4273 dat
1250 4219 1612 4283 eum,donum
1648 4219 1764 4290 ipso
1787 4221 2026 4290 dignum.
2050 4222 2167 4291 Ipse
2195 4224 2337 4278 enim

2439 4226 2663 4297 κόσμιον
2695 4228 2787 4279 καὶ
2815 4227 2913 4296 τὴν
2940 4227 3107 4293 ἄλλην
3145 4227 3292 4293 ὀρῶν
3337 4224 3558 4293 ἀρετὴν,
3618 4225 3872 4276 διάκονον
3915 4226 4009 4292 μὲν

777 4321 903 4365 tunc
935 4311 1188 4365 Romanae
1214 4321 1441 4380 praeerat
1471 4311 1742 4365 Ecclesiae.
1777 4312 1874 4377 Qui
1904 4313 2090 4366 videns
2131 4329 2337 4366 tuorum

2439 4319 2680 4388 πρῶτον,
2704 4314 2820 4368 εἶτα
2843 4317 3233 4386 πρεσϐύτερον.
3259 4315 3353 4367 καὶ
3376 4314 3681 4368 τελευταῖον
3711 4313 4008 4370 ἐπίσκοπον

777 4403 898 4470 ejus
947 4401 1366 4454 moderationem
1418 4409 1470 4453 et
1509 4401 1646 4454 alias
1677 4403 1920 4466 virtutes,
1969 4417 2090 4454 eum
2127 4404 2340 4468 quidem

1567 4401 1646 4454 ias
1677 4403 1920 4466 virtutes,
1969 4417 2090 4454 eum
2127 4404 2340 4468 quidem
2441 4409 2734 4480 χειροτονεῖ
2759 4405 2851 4458 τοῦ
2897 4405 3217 4475 Ἰλλυρικοῦ.

777 4493 1009 4562 primum
1034 4491 1342 4554 diaconum,
1397 4490 1588 4545 deinde
1634 4492 2032 4563 presbyterum,
2072 4505 2340 4560 postremo

776 4585 1092 4653 episcopum
1127 4582 1346 4638 ordinat
1370 4581 1584 4653 Illyrici.

847 4674 914 4727 11.
950 4673 1148 4740 Sicque
1202 4673 1440 4732 lucerna,
1469 4684 1521 4725 ut
1543 4675 1848 4743 evangelice
1878 4677 2048 4729 dicam
2079 4678 2120 4740 ¹,
2172 4678 2340 4745 posita

2515 4677 2590 4730 B'.
2623 4676 2730 4728 Καὶ
2763 4676 2902 4728 οὕτω
2931 4676 2993 4744 δὴ
3014 4675 3107 4726 τοῦ
3145 4672 3360 4744 λύχνου,
3402 4671 3774 4738 εὐαγγελικῶς
3816 4675 4005 4736 εἰπεῖν,

779 4779 942 4832 super
970 4762 1374 4827 candelabrum,
1391 4765 1601 4819 etverbi
1623 4763 1852 4832 vitaeque
1875 4767 1992 4820 luce
2009 4767 2344 4824 illutninante

2445 4769 2538 4819 ἐπὶ
2567 4767 2665 4832 τὴν
2692 4765 2913 4835 λυχνίαν
2945 4763 3217 4825 τεθέντος,
3280 4766 3372 4817 καὶ
3403 4761 3581 4830 πολλῷ
3634 4763 3710 4830 τῷ
3747 4764 3842 4817 τοῦ
3898 4763 4007 4832 βίου

780 4854 1072 4908 multorum
1100 4854 1457 4922 cogitationes
1490 4865 1570 4909 :et
1602 4855 1788 4910 falsam
1814 4858 2028 4926 quidem
2067 4862 2332 4915 mendacii

2447 4859 2542 4911 καὶ
2571 4858 2645 4926 τῷ
2682 4857 2774 4910 τοῦ
2830 4858 2989 4923 λόγου
3045 4856 3184 4924 φωτὶ
3233 4857 3332 4916 τὰς
3366 4854 3473 4905 τῶν
3506 4854 3717 4907 πολλῶν
3775 4854 4010 4915 διανοίας

780 4945 1079 4998 doctrinam
1104 4946 1471 5014 proculcante,
1509 4945 1765 5003 doctrina:
1793 4964 2040 5004 sermone
2072 4950 2343 5014 afﬂuente,

2451 4952 3003 5018 περιαστράπτοντος,
3028 4947 3124 5000 καὶ
3163 4945 3598 5012 καθοδηγοῦντος
3642 4945 3782 5013 πρὸς
3832 4945 4008 4997 Θεοσέ-

778 5037 846 5088 ad
908 5035 1078 5090 solius
1156 5046 1333 5088 autem
1405 5036 1495 5091 Dei
1541 5039 1899 5105 cognitionem
1967 5043 2160 5098 multos
2215 5061 2346 5099 con-

2449 5043 2599 5093 ϐειαν
2625 5081 2639 5102 ,
2678 5041 2776 5092 οὐκ
2810 5027 2886 5108 ἦν’
2920 5037 3090 5090 ταῦτα
3147 5037 3339 5104 πράως
3363 5037 3451 5088 τὸν
3475 5035 3712 5104 πονηρὸν
3747 5037 4005 5102 ἐνεγκεῖν,

782 5135 1031 5180 vertente
1090 5135 1145 5180 et
1213 5126 1510 5182 deducente
1579 5127 1645 5181 ad
1697 5129 1974 5196 pietatem,
2007 5149 2110 5187 non
2142 5145 2347 5200 poterat

2449 5131 2584 5184 ἀλλὰ
2609 5132 2726 5184 κατ’
2763 5131 2926 5182 αὑτοῦ
2955 5131 3048 5182 καὶ
3087 5129 3183 5195 τῆς
3208 5128 3493 5189 εὐσεϐείας
3519 5125 3694 5178 δεινὸν
3745 5127 3896 5179 ἔπνει
3925 5129 4012 5179 καὶ

784 5216 1054 5284 malignus
1084 5217 1197 5271 haec
1231 5217 1372 5272 ferre
1398 5219 1670 5275 moderate
1697 5238 1712 5277 :
1748 5223 1840 5275 sed
1874 5225 2018 5277 rabie
2045 5224 2260 5292 quidem
2294 5228 2345 5279 in
2377 5275 2414 5297 η

2377 5275 2414 5297 η
2455 5227 2700 5297 μανικὸν,
2756 5223 2876 5276 ὅθεν
2931 5222 3144 5274 καὶτὸν
3184 5220 3461 5289 Ἀδριανὺν
3505 5218 3708 5276 ὑποδὺς
3737 5218 3880 5279 ὅλον,
3913 5219 4013 5285 προ

784 5307 961 5376 ipsum
994 5309 1319 5375 agitabatur,
1355 5317 1407 5362 et
1431 5310 1666 5378 graviter
1691 5311 1923 5378 spirabat
1951 5325 2138 5367 Contra
2174 5317 2344 5385 pieta-
2376 5307 2416 5330 υ

2376 5307 2416 5330 υ
2452 5317 2560 5370 τῶν
2587 5316 2759 5369 ἄλλων
2788 5314 3062 5373 ἁπάντων,
3091 5314 3180 5365 τὸν
3218 5311 3551 5377 Ἐλευθέριον
3590 5309 3732 5360 ἑλεῖν
3756 5307 4013 5376 ἀγωνίζε-

787 5409 919 5451 tem.
952 5394 1149 5452 Totum
1172 5413 1300 5452 vero
1332 5399 1877 5464 subieusAdriauum,
1910 5417 2030 5456 cum
2060 5403 2148 5457 illo
2172 5419 2348 5458 arma-

2455 5424 2564 5463 ται.
2607 5405 2730 5463 τοὺς
2758 5401 3191 5472 ἐπισημοτέρους
3211 5399 3321 5450 τῶν
3355 5396 3593 5450 εὑσεὸὦν
3619 5399 3869 5451 σπεύδων
3887 5399 4011 5449 ἁπο-

787 5499 876 5542 tur
906 5498 1094 5542 ccutra
1128 5491 1409 5544 veritatem
1448 5508 1462 5545 :
1495 5499 1548 5544 et
1581 5496 1705 5544 ante
1744 5491 1876 5544 alios
1916 5509 2101 5549 omnes
2128 5503 2351 5548 conton-

2458 5494 2716 5562 Θερξζειν,
2736 5493 2921 5560 ὥσπερ
2952 5491 3013 5561 δή
3043 5508 3192 5551 τινας
3223 5489 3328 5539 τῶν
3349 5489 3634 5558 ἀσταχύων
3667 5489 4013 5557 προέχοντος,

858 5652 872 5681 ¹
912 5652 1091 5709 Matth.
1136 5672 1184 5708 ν.

859 5772 932 5836 (l)
981 5769 1116 5839 Lege
1178 5772 1450 5838 Amidam,
1519 5787 1642 5827 cum
1689 5774 1949 5829 Anicetus
1981 5775 2179 5827 sederit
2219 5784 2335 5842 post
2376 5775 2701 5831 Adrtanum,
2738 5767 2837 5819 sub
2876 5782 2981 5834 quo
3018 5780 3206 5830 passus
3238 5772 3322 5816 est
3394 5760 3762 5814 Eletttherius.
