  <div class='ocr_page' id='page_1' title='image "/cluster/home/n/w/nwhite01/storage/ocr_20150623/115/uva.x004215515/080.png"; bbox 0 0 4180 6482; ppageno 0'>
   <div class='ocr_carea' id='block_1_1' title="bbox 167 414 262 478">
    <p class='ocr_par' dir='ltr' id='par_1_1' title="bbox 167 414 262 478">
     <span class='ocr_line' id='line_1_1' title="bbox 167 414 262 478; baseline -0.021 -1"><span class='ocrx_word' id='word_1_1' title='bbox 167 414 262 478; x_wconf 78' lang='grc'><strong>129</strong></span> 
     </span>
    </p>
   </div>
   <div class='ocr_carea' id='block_1_2' title="bbox 1380 408 2215 471">
    <p class='ocr_par' dir='ltr' id='par_1_2' title="bbox 1380 408 2215 471">
     <span class='ocr_line' id='line_1_2' title="bbox 1380 408 2215 471; baseline 0 -1"><span class='ocrx_word' id='word_1_2' title='bbox 1380 409 1561 470; x_wconf 76' lang='lat' dir='ltr'><strong>VITA</strong></span> <span class='ocrx_word' id='word_1_3' title='bbox 1605 409 1666 467; x_wconf 91' lang='lat' dir='ltr'><strong>S.</strong></span> <span class='ocrx_word' id='word_1_4' title='bbox 1711 408 2215 471; x_wconf 78' lang='lat' dir='ltr'><strong>ELEUTHERII.</strong></span> 
     </span>
    </p>
   </div>
   <div class='ocr_carea' id='block_1_3' title="bbox 3334 416 3436 480">
    <p class='ocr_par' dir='ltr' id='par_1_3' title="bbox 3334 416 3436 480">
     <span class='ocr_line' id='line_1_3' title="bbox 3334 416 3436 480; baseline 0.02 -2"><span class='ocrx_word' id='word_1_5' title='bbox 3334 416 3436 480; x_wconf 84' lang='lat'><strong>130</strong></span> 
     </span>
    </p>
   </div>
   <div class='ocr_carea' id='block_1_4' title="bbox 156 521 1726 598">
    <p class='ocr_par' dir='ltr' id='par_1_4' title="bbox 156 521 1726 594">
     <span class='ocr_line' id='line_1_4' title="bbox 156 521 1726 594; baseline -0.003 -12"><span class='ocrx_word' id='word_1_6' title='bbox 156 529 324 589; x_wconf 74' lang='grc' dir='ltr'>Εὐθὺς</span> <span class='ocrx_word' id='word_1_7' title='bbox 357 521 454 578; x_wconf 77' lang='grc' dir='ltr'><strong>οὖν</strong></span> <span class='ocrx_word' id='word_1_8' title='bbox 481 525 660 594; x_wconf 79' lang='grc' dir='ltr'>Φίληξ</span> <span class='ocrx_word' id='word_1_9' title='bbox 690 540 770 586; x_wconf 84' lang='grc' dir='ltr'><strong>τις</strong></span> <span class='ocrx_word' id='word_1_10' title='bbox 794 523 904 575; x_wconf 82' lang='grc' dir='ltr'>τῶν</span> <span class='ocrx_word' id='word_1_11' title='bbox 938 522 1291 591; x_wconf 71' lang='grc' dir='ltr'><strong>στρατιωτῶν</strong></span> <span class='ocrx_word' id='word_1_12' title='bbox 1328 524 1631 592; x_wconf 86' lang='grc' dir='ltr'>πέμπεται,</span> <span class='ocrx_word' id='word_1_13' title='bbox 1663 525 1726 577; x_wconf 68' lang='grc' dir='ltr'><strong>τὸ</strong></span> 
     </span>
    </p>
   </div>
   <div class='ocr_carea' id='block_1_5' title="bbox 1835 521 3436 598">
    <p class='ocr_par' dir='ltr' id='par_1_5' title="bbox 1855 522 3436 598">
     <span class='ocr_line' id='line_1_5' title="bbox 1855 522 3436 598; baseline 0.006 -21"><span class='ocrx_word' id='word_1_14' title='bbox 1855 522 1932 577; x_wconf 92' lang='lat' dir='ltr'><strong>dit</strong></span> <span class='ocrx_word' id='word_1_15' title='bbox 1967 525 2032 577; x_wconf 92' lang='lat' dir='ltr'><strong>de</strong></span> <span class='ocrx_word' id='word_1_16' title='bbox 2067 525 2245 578; x_wconf 88' lang='lat' dir='ltr'><strong>medio</strong></span> <span class='ocrx_word' id='word_1_17' title='bbox 2300 523 2490 579; x_wconf 89' lang='lat' dir='ltr'><strong>tollere</strong></span> <span class='ocrx_word' id='word_1_18' title='bbox 2523 524 2915 594; x_wconf 85' lang='lat' dir='ltr'><strong>Eleutherlum,</strong></span> <span class='ocrx_word' id='word_1_19' title='bbox 2951 544 3014 582; x_wconf 81' lang='lat' dir='ltr'><strong>ex</strong></span> <span class='ocrx_word' id='word_1_20' title='bbox 3072 531 3172 598; x_wconf 88' lang='lat' dir='ltr'><strong>piis</strong></span> <span class='ocrx_word' id='word_1_21' title='bbox 3218 536 3436 587; x_wconf 76' lang='lat' dir='ltr'><strong>studens</strong></span> 
     </span>
    </p>
   </div>
   <div class='ocr_carea' id='block_1_6' title="bbox 167 613 1738 686">
    <p class='ocr_par' dir='ltr' id='par_1_6' title="bbox 167 613 1738 686">
     <span class='ocr_line' id='line_1_6' title="bbox 167 613 1738 686; baseline -0.001 -17"><span class='ocrx_word' id='word_1_22' title='bbox 167 617 506 684; x_wconf 77' lang='grc' dir='ltr'><strong>Ἐλευθέριον</strong></span> <span class='ocrx_word' id='word_1_23' title='bbox 533 617 619 686; x_wconf 84' lang='grc' dir='ltr'>τῷ</span> <span class='ocrx_word' id='word_1_24' title='bbox 644 613 907 684; x_wconf 81' lang='grc' dir='ltr'>βασιλικῷ</span> <span class='ocrx_word' id='word_1_25' title='bbox 946 613 1153 678; x_wconf 79' lang='grc' dir='ltr'><strong>βήματι</strong></span> <span class='ocrx_word' id='word_1_26' title='bbox 1184 615 1537 681; x_wconf 73' lang='grc' dir='ltr'><strong>παραστῆναι</strong></span> <span class='ocrx_word' id='word_1_27' title='bbox 1587 632 1738 668; x_wconf 85' lang='grc' dir='ltr'>κεκε-</span> 
     </span>
    </p>
   </div>
   <div class='ocr_carea' id='block_1_7' title="bbox 153 688 1739 776">
    <p class='ocr_par' dir='ltr' id='par_1_7' title="bbox 153 688 1739 776">
     <span class='ocr_line' id='line_1_7' title="bbox 153 688 1739 776; baseline 0.001 -20"><span class='ocrx_word' id='word_1_28' title='bbox 153 708 468 776; x_wconf 78' lang='grc' dir='ltr'>λευσμένος.</span> <span class='ocrx_word' id='word_1_29' title='bbox 540 710 584 760; x_wconf 91' lang='grc' dir='ltr'><strong>Ο</strong></span> <span class='ocrx_word' id='word_1_30' title='bbox 610 708 665 759; x_wconf 83' lang='grc' dir='ltr'><strong>δὲ</strong></span> <span class='ocrx_word' id='word_1_31' title='bbox 705 706 802 774; x_wconf 82' lang='grc' dir='ltr'><strong>τὴν</strong></span> <span class='ocrx_word' id='word_1_32' title='bbox 833 704 1137 770; x_wconf 76' lang='grc' dir='ltr'><strong>ἐκκλησίαν</strong></span> <span class='ocrx_word' id='word_1_33' title='bbox 1168 688 1523 769; x_wconf 77' lang='grc' dir='ltr'>κατά).α6ὼν,</span> <span class='ocrx_word' id='word_1_34' title='bbox 1543 705 1739 775; x_wconf 79' lang='grc' dir='ltr'>πλήθει</span> 
     </span>
    </p>
   </div>
   <div class='ocr_carea' id='block_1_8' title="bbox 149 795 1736 866">
    <p class='ocr_par' dir='ltr' id='par_1_8' title="bbox 149 795 1736 866">
     <span class='ocr_line' id='line_1_8' title="bbox 149 795 1736 866; baseline 0 -16"><span class='ocrx_word' id='word_1_35' title='bbox 149 817 203 850; x_wconf 77' lang='grc' dir='ltr'><strong>τε</strong></span> <span class='ocrx_word' id='word_1_36' title='bbox 235 798 800 866; x_wconf 75' lang='grc' dir='ltr'>περικυκλωσάμενος</span> <span class='ocrx_word' id='word_1_37' title='bbox 863 795 1242 864; x_wconf 82' lang='grc' dir='ltr'><strong>στρατιωτῶν,</strong></span> <span class='ocrx_word' id='word_1_38' title='bbox 1287 797 1382 847; x_wconf 79' lang='grc' dir='ltr'><strong>καὶ</strong></span> <span class='ocrx_word' id='word_1_39' title='bbox 1440 796 1533 848; x_wconf 78' lang='grc' dir='ltr'>τὸν</span> <span class='ocrx_word' id='word_1_40' title='bbox 1583 797 1736 863; x_wconf 73' lang='grc' dir='ltr'>ἅγιον</span> 
     </span>
    </p>
   </div>
   <div class='ocr_carea' id='block_1_9' title="bbox 150 883 1737 957">
    <p class='ocr_par' dir='ltr' id='par_1_9' title="bbox 150 883 1737 957">
     <span class='ocr_line' id='line_1_9' title="bbox 150 883 1737 957; baseline 0 -17"><span class='ocrx_word' id='word_1_41' title='bbox 150 890 289 942; x_wconf 76' lang='grc' dir='ltr'>ἔνδον</span> <span class='ocrx_word' id='word_1_42' title='bbox 321 889 649 948; x_wconf 81' lang='grc' dir='ltr'>ἀπολαὸὼν,</span> <span class='ocrx_word' id='word_1_43' title='bbox 683 883 800 938; x_wconf 75' lang='grc' dir='ltr'>εἶτα</span> <span class='ocrx_word' id='word_1_44' title='bbox 826 887 920 938; x_wconf 76' lang='grc' dir='ltr'><strong>καὶ</strong></span> <span class='ocrx_word' id='word_1_45' title='bbox 951 884 1236 948; x_wconf 74' lang='grc' dir='ltr'>εἰσελθὼν,</span> <span class='ocrx_word' id='word_1_46' title='bbox 1270 886 1364 938; x_wconf 82' lang='grc' dir='ltr'><strong>καὶ</strong></span> <span class='ocrx_word' id='word_1_47' title='bbox 1411 887 1590 957; x_wconf 79' lang='grc' dir='ltr'>ἀγρίῳ</span> <span class='ocrx_word' id='word_1_48' title='bbox 1641 890 1737 956; x_wconf 84' lang='grc' dir='ltr'>μὲν</span> 
     </span>
    </p>
   </div>
   <div class='ocr_carea' id='block_1_10' title="bbox 146 978 1733 1048">
    <p class='ocr_par' dir='ltr' id='par_1_10' title="bbox 146 978 1733 1048">
     <span class='ocr_line' id='line_1_10' title="bbox 146 978 1733 1048; baseline -0.001 -17"><span class='ocrx_word' id='word_1_49' title='bbox 146 982 370 1048; x_wconf 70' lang='grc' dir='ltr'>ὄμματι,</span> <span class='ocrx_word' id='word_1_50' title='bbox 397 979 733 1048; x_wconf 78' lang='grc' dir='ltr'>ἀγριωτέρῳ</span> <span class='ocrx_word' id='word_1_51' title='bbox 753 978 806 1030; x_wconf 86' lang='grc' dir='ltr'>δὲ</span> <span class='ocrx_word' id='word_1_52' title='bbox 835 978 1151 1046; x_wconf 74' lang='grc' dir='ltr'>φρονήματι</span> <span class='ocrx_word' id='word_1_53' title='bbox 1174 980 1287 1040; x_wconf 87' lang='grc' dir='ltr'>τοῖς</span> <span class='ocrx_word' id='word_1_54' title='bbox 1313 978 1483 1047; x_wconf 84' lang='grc' dir='ltr'>ὁρῶσι</span> <span class='ocrx_word' id='word_1_55' title='bbox 1519 980 1733 1044; x_wconf 81' lang='grc' dir='ltr'>φανείς·</span> 
     </span>
    </p>
   </div>
   <div class='ocr_carea' id='block_1_11' title="bbox 143 1066 1738 1138">
    <p class='ocr_par' dir='ltr' id='par_1_11' title="bbox 143 1066 1738 1138">
     <span class='ocr_line' id='line_1_11' title="bbox 143 1066 1738 1138; baseline 0 -16"><span class='ocrx_word' id='word_1_56' title='bbox 143 1070 210 1132; x_wconf 82' lang='grc' dir='ltr'><strong>ὡς</strong></span> <span class='ocrx_word' id='word_1_57' title='bbox 239 1070 291 1122; x_wconf 82' lang='grc' dir='ltr'>δὲ</span> <span class='ocrx_word' id='word_1_58' title='bbox 322 1066 466 1122; x_wconf 76' lang='grc' dir='ltr'>εἶδον</span> <span class='ocrx_word' id='word_1_59' title='bbox 511 1071 680 1122; x_wconf 82' lang='grc' dir='ltr'>αὐτὸν</span> <span class='ocrx_word' id='word_1_60' title='bbox 708 1075 767 1122; x_wconf 80' lang='grc' dir='ltr'><strong>τὸ</strong></span> <span class='ocrx_word' id='word_1_61' title='bbox 791 1073 888 1138; x_wconf 85' lang='grc' dir='ltr'>τῆς</span> <span class='ocrx_word' id='word_1_62' title='bbox 919 1068 1276 1130; x_wconf 79' lang='grc' dir='ltr'>διδασκαλίας</span> <span class='ocrx_word' id='word_1_63' title='bbox 1329 1070 1548 1136; x_wconf 73' lang='grc' dir='ltr'>ἥδιστον</span> <span class='ocrx_word' id='word_1_64' title='bbox 1583 1071 1738 1137; x_wconf 84' lang='grc' dir='ltr'>νᾶμα</span> 
     </span>
    </p>
   </div>
   <div class='ocr_carea' id='block_1_12' title="bbox 147 1158 1740 1230">
    <p class='ocr_par' dir='ltr' id='par_1_12' title="bbox 147 1158 1740 1230">
     <span class='ocr_line' id='line_1_12' title="bbox 147 1158 1740 1230; baseline 0.001 -20"><span class='ocrx_word' id='word_1_65' title='bbox 147 1161 466 1229; x_wconf 76' lang='grc' dir='ltr'>προχέοντα,</span> <span class='ocrx_word' id='word_1_66' title='bbox 499 1161 601 1212; x_wconf 71' lang='grc' dir='ltr'><strong>καὶ</strong></span> <span class='ocrx_word' id='word_1_67' title='bbox 632 1161 726 1212; x_wconf 76' lang='grc' dir='ltr'><strong>σὺν</strong></span> <span class='ocrx_word' id='word_1_68' title='bbox 748 1161 1018 1230; x_wconf 74' lang='grc' dir='ltr'>εὐκοσμία</span> <span class='ocrx_word' id='word_1_69' title='bbox 1045 1158 1210 1228; x_wconf 84' lang='grc' dir='ltr'>πολλῇ</span> <span class='ocrx_word' id='word_1_70' title='bbox 1245 1163 1354 1221; x_wconf 82' lang='grc' dir='ltr'>τοῖς</span> <span class='ocrx_word' id='word_1_71' title='bbox 1385 1158 1612 1211; x_wconf 75' lang='grc' dir='ltr'>συνοῦσι</span> <span class='ocrx_word' id='word_1_72' title='bbox 1636 1163 1740 1228; x_wconf 76' lang='grc' dir='ltr'><strong>τὴν</strong></span> 
     </span>
    </p>
   </div>
   <div class='ocr_carea' id='block_1_13' title="bbox 146 1248 1734 1320">
    <p class='ocr_par' dir='ltr' id='par_1_13' title="bbox 146 1248 1734 1320">
     <span class='ocr_line' id='line_1_13' title="bbox 146 1248 1734 1320; baseline -0.001 -16"><span class='ocrx_word' id='word_1_73' title='bbox 146 1252 422 1304; x_wconf 77' lang='grc' dir='ltr'>εὐσέϐειαν</span> <span class='ocrx_word' id='word_1_74' title='bbox 454 1252 922 1319; x_wconf 81' lang='grc' dir='ltr'>καταγγέλλοντα,</span> <span class='ocrx_word' id='word_1_75' title='bbox 957 1252 1055 1320; x_wconf 81' lang='grc' dir='ltr'>τὴν</span> <span class='ocrx_word' id='word_1_76' title='bbox 1087 1250 1182 1303; x_wconf 78' lang='grc' dir='ltr'><strong>τοῦ</strong></span> <span class='ocrx_word' id='word_1_77' title='bbox 1218 1248 1456 1317; x_wconf 84' lang='grc' dir='ltr'>Χριστοῦ</span> <span class='ocrx_word' id='word_1_78' title='bbox 1491 1249 1734 1317; x_wconf 79' lang='grc' dir='ltr'>δύναμιν</span> 
     </span>
    </p>
   </div>
   <div class='ocr_carea' id='block_1_14' title="bbox 146 1339 1733 1411">
    <p class='ocr_par' dir='ltr' id='par_1_14' title="bbox 146 1339 1733 1411">
     <span class='ocr_line' id='line_1_14' title="bbox 146 1339 1733 1411; baseline -0.003 -17"><span class='ocrx_word' id='word_1_79' title='bbox 146 1342 434 1410; x_wconf 76' lang='grc' dir='ltr'>θαυμάζων</span> <span class='ocrx_word' id='word_1_80' title='bbox 471 1339 566 1411; x_wconf 84' lang='grc' dir='ltr'><strong>ἦν.</strong></span> <span class='ocrx_word' id='word_1_81' title='bbox 599 1343 706 1395; x_wconf 75' lang='grc' dir='ltr'>Καὶ</span> <span class='ocrx_word' id='word_1_82' title='bbox 740 1341 1060 1411; x_wconf 79' lang='grc' dir='ltr'>μεταϐαλὼν</span> <span class='ocrx_word' id='word_1_83' title='bbox 1095 1340 1294 1393; x_wconf 87' lang='grc' dir='ltr'>αὐτίκα</span> <span class='ocrx_word' id='word_1_84' title='bbox 1323 1342 1422 1409; x_wconf 82' lang='grc' dir='ltr'>τῆς</span> <span class='ocrx_word' id='word_1_85' title='bbox 1457 1340 1733 1408; x_wconf 80' lang='grc' dir='ltr'>ἀγριότη-</span> 
     </span>
    </p>
   </div>
   <div class='ocr_carea' id='block_1_15' title="bbox 143 1429 1735 1502">
    <p class='ocr_par' dir='ltr' id='par_1_15' title="bbox 143 1429 1735 1502">
     <span class='ocr_line' id='line_1_15' title="bbox 143 1429 1735 1502; baseline -0.003 -16"><span class='ocrx_word' id='word_1_86' title='bbox 143 1451 244 1496; x_wconf 86' lang='grc' dir='ltr'>τος,</span> <span class='ocrx_word' id='word_1_87' title='bbox 277 1432 565 1502; x_wconf 72' lang='grc' dir='ltr'>πρόϐατον</span> <span class='ocrx_word' id='word_1_88' title='bbox 591 1436 710 1488; x_wconf 71' lang='grc' dir='ltr'>ἀντὶ</span> <span class='ocrx_word' id='word_1_89' title='bbox 733 1432 920 1496; x_wconf 80' lang='grc' dir='ltr'>λύκου,</span> <span class='ocrx_word' id='word_1_90' title='bbox 953 1432 1046 1484; x_wconf 74' lang='grc' dir='ltr'>καὶ</span> <span class='ocrx_word' id='word_1_91' title='bbox 1073 1430 1318 1500; x_wconf 74' lang='grc' dir='ltr'>μαθητὴς</span> <span class='ocrx_word' id='word_1_92' title='bbox 1345 1430 1465 1483; x_wconf 68' lang='grc' dir='ltr'><strong>διντλ⁸</strong></span> <span class='ocrx_word' id='word_1_93' title='bbox 1491 1429 1735 1482; x_wconf 81' lang='grc' dir='ltr'>διώκτου</span> 
     </span>
    </p>
   </div>
   <div class='ocr_carea' id='block_1_16' title="bbox 142 1521 1736 1594">
    <p class='ocr_par' dir='ltr' id='par_1_16' title="bbox 142 1521 1736 1594">
     <span class='ocr_line' id='line_1_16' title="bbox 142 1521 1736 1594; baseline -0.001 -20"><span class='ocrx_word' id='word_1_94' title='bbox 142 1525 373 1590; x_wconf 78' lang='grc' dir='ltr'>γίνεται·</span> <span class='ocrx_word' id='word_1_95' title='bbox 413 1528 514 1578; x_wconf 82' lang='grc' dir='ltr'>καὶ</span> <span class='ocrx_word' id='word_1_96' title='bbox 548 1525 794 1594; x_wconf 71' lang='grc' dir='ltr'>ὑπερορᾷ</span> <span class='ocrx_word' id='word_1_97' title='bbox 831 1526 928 1593; x_wconf 78' lang='grc' dir='ltr'>μὲν</span> <span class='ocrx_word' id='word_1_98' title='bbox 954 1523 1120 1576; x_wconf 85' lang='grc' dir='ltr'>αὐτοῦ</span> <span class='ocrx_word' id='word_1_99' title='bbox 1157 1522 1448 1592; x_wconf 87' lang='grc' dir='ltr'>βασιλέως,</span> <span class='ocrx_word' id='word_1_100' title='bbox 1489 1521 1736 1591; x_wconf 85' lang='grc' dir='ltr'>προσπί-</span> 
     </span>
    </p>
   </div>
   <div class='ocr_carea' id='block_1_17' title="bbox 139 1613 1734 1682">
    <p class='ocr_par' dir='ltr' id='par_1_17' title="bbox 139 1613 1734 1682">
     <span class='ocr_line' id='line_1_17' title="bbox 139 1613 1734 1682; baseline -0.001 -17"><span class='ocrx_word' id='word_1_101' title='bbox 139 1616 331 1668; x_wconf 82' lang='grc' dir='ltr'>πτειδὲ</span> <span class='ocrx_word' id='word_1_102' title='bbox 362 1619 482 1677; x_wconf 80' lang='grc' dir='ltr'>τοῖς</span> <span class='ocrx_word' id='word_1_103' title='bbox 514 1617 644 1668; x_wconf 82' lang='grc' dir='ltr'>ποσὶ</span> <span class='ocrx_word' id='word_1_104' title='bbox 674 1615 764 1666; x_wconf 86' lang='grc' dir='ltr'><strong>τοῦ</strong></span> <span class='ocrx_word' id='word_1_105' title='bbox 802 1615 980 1680; x_wconf 86' lang='grc' dir='ltr'>ἁγίου,</span> <span class='ocrx_word' id='word_1_106' title='bbox 1020 1614 1114 1666; x_wconf 70' lang='grc' dir='ltr'>καὶ</span> <span class='ocrx_word' id='word_1_107' title='bbox 1143 1614 1200 1665; x_wconf 82' lang='grc' dir='ltr'><strong>τὸ</strong></span> <span class='ocrx_word' id='word_1_108' title='bbox 1233 1614 1341 1666; x_wconf 74' lang='grc' dir='ltr'>ἀπὸ</span> <span class='ocrx_word' id='word_1_109' title='bbox 1366 1613 1517 1665; x_wconf 83' lang='grc' dir='ltr'>τοῦδε</span> <span class='ocrx_word' id='word_1_110' title='bbox 1561 1613 1734 1682; x_wconf 83' lang='grc' dir='ltr'>συνῆν</span> 
     </span>
    </p>
   </div>
   <div class='ocr_carea' id='block_1_18' title="bbox 138 1702 1736 1772">
    <p class='ocr_par' dir='ltr' id='par_1_18' title="bbox 138 1702 1736 1772">
     <span class='ocr_line' id='line_1_18' title="bbox 138 1702 1736 1772; baseline -0.001 -16"><span class='ocrx_word' id='word_1_111' title='bbox 138 1705 278 1772; x_wconf 78' lang='grc' dir='ltr'>αὐτῷ</span> <span class='ocrx_word' id='word_1_112' title='bbox 312 1708 430 1766; x_wconf 86' lang='grc' dir='ltr'>τοῖς</span> <span class='ocrx_word' id='word_1_113' title='bbox 464 1707 684 1758; x_wconf 67' lang='grc' dir='ltr'>ἐκείνου</span> <span class='ocrx_word' id='word_1_114' title='bbox 716 1705 891 1770; x_wconf 80' lang='grc' dir='ltr'>λόγοις</span> <span class='ocrx_word' id='word_1_115' title='bbox 925 1704 1062 1770; x_wconf 84' lang='grc' dir='ltr'>πρὸς</span> <span class='ocrx_word' id='word_1_116' title='bbox 1083 1702 1182 1768; x_wconf 79' lang='grc' dir='ltr'>τὴν</span> <span class='ocrx_word' id='word_1_117' title='bbox 1215 1702 1500 1754; x_wconf 79' lang='grc' dir='ltr'>εὐσέϐειαν</span> <span class='ocrx_word' id='word_1_118' title='bbox 1534 1718 1736 1772; x_wconf 83' lang='grc' dir='ltr'>στηρι-</span> 
     </span>
    </p>
   </div>
   <div class='ocr_carea' id='block_1_19' title="bbox 138 1791 1740 1864">
    <p class='ocr_par' dir='ltr' id='par_1_19' title="bbox 138 1791 1740 1864">
     <span class='ocr_line' id='line_1_19' title="bbox 138 1791 1740 1864; baseline -0.001 -18"><span class='ocrx_word' id='word_1_119' title='bbox 138 1797 375 1864; x_wconf 71' lang='grc' dir='ltr'>ζόμενος.</span> <span class='ocrx_word' id='word_1_120' title='bbox 433 1796 583 1847; x_wconf 77' lang='grc' dir='ltr'>Ἀλλ’</span> <span class='ocrx_word' id='word_1_121' title='bbox 628 1795 767 1847; x_wconf 71' lang='grc' dir='ltr'>οὕτω</span> <span class='ocrx_word' id='word_1_122' title='bbox 795 1793 896 1862; x_wconf 78' lang='grc' dir='ltr'>μὲν</span> <span class='ocrx_word' id='word_1_123' title='bbox 941 1794 968 1844; x_wconf 82' lang='grc' dir='ltr'>ὁ</span> <span class='ocrx_word' id='word_1_124' title='bbox 996 1793 1164 1861; x_wconf 73' lang='grc' dir='ltr'>Φίληξ</span> <span class='ocrx_word' id='word_1_125' title='bbox 1198 1793 1400 1857; x_wconf 71' lang='grc' dir='ltr'>ἐποίει,</span> <span class='ocrx_word' id='word_1_126' title='bbox 1457 1791 1554 1848; x_wconf 79' lang='grc' dir='ltr'><strong>καὶ</strong></span> <span class='ocrx_word' id='word_1_127' title='bbox 1596 1794 1740 1863; x_wconf 83' lang='grc' dir='ltr'>πρὸς</span> 
     </span>
    </p>
   </div>
   <div class='ocr_carea' id='block_1_20' title="bbox 1847 618 3437 693">
    <p class='ocr_par' dir='ltr' id='par_1_20' title="bbox 1847 618 3437 693">
     <span class='ocr_line' id='line_1_20' title="bbox 1847 618 3437 693; baseline 0.007 -24"><span class='ocrx_word' id='word_1_128' title='bbox 1847 618 2126 669; x_wconf 89' lang='lat' dir='ltr'><strong>demetere</strong></span> <span class='ocrx_word' id='word_1_129' title='bbox 2149 631 2264 680; x_wconf 90' lang='lat' dir='ltr'><strong>eos,</strong></span> <span class='ocrx_word' id='word_1_130' title='bbox 2295 620 2388 686; x_wconf 98' lang='lat' dir='ltr'><strong>qui</strong></span> <span class='ocrx_word' id='word_1_131' title='bbox 2422 630 2577 672; x_wconf 89' lang='lat' dir='ltr'><strong>erant</strong></span> <span class='ocrx_word' id='word_1_132' title='bbox 2605 620 2948 689; x_wconf 69' lang='lat' dir='ltr'><strong>insigniores,</strong></span> <span class='ocrx_word' id='word_1_133' title='bbox 2981 632 3234 690; x_wconf 81' lang='lat' dir='ltr'><strong>tanquam</strong></span> <span class='ocrx_word' id='word_1_134' title='bbox 3263 627 3437 693; x_wconf 83' lang='lat' dir='ltr'><strong>spicas</strong></span> 
     </span>
    </p>
   </div>
   <div class='ocr_carea' id='block_1_21' title="bbox 1847 708 3438 779">
    <p class='ocr_par' dir='ltr' id='par_1_21' title="bbox 1847 708 3438 779">
     <span class='ocr_line' id='line_1_21' title="bbox 1847 708 3438 779; baseline 0.008 -21"><span class='ocrx_word' id='word_1_135' title='bbox 1847 708 2109 774; x_wconf 90' lang='lat' dir='ltr'><strong>quasdam</strong></span> <span class='ocrx_word' id='word_1_136' title='bbox 2149 712 2360 763; x_wconf 69' lang='lat' dir='ltr'><strong>caeteris</strong></span> <span class='ocrx_word' id='word_1_137' title='bbox 2392 712 2798 779; x_wconf 69' lang='lat' dir='ltr'><strong>przrstantiorcs</strong></span> <span class='ocrx_word' id='word_1_138' title='bbox 2832 730 2843 766; x_wconf 92' lang='lat'>:</span> <span class='ocrx_word' id='word_1_139' title='bbox 2879 724 2932 766; x_wconf 88' lang='lat' dir='ltr'><strong>et</strong></span> <span class='ocrx_word' id='word_1_140' title='bbox 2956 716 3135 767; x_wconf 90' lang='lat' dir='ltr'><strong>statim</strong></span> <span class='ocrx_word' id='word_1_141' title='bbox 3175 731 3297 769; x_wconf 89' lang='lat' dir='ltr'><strong>curn</strong></span> <span class='ocrx_word' id='word_1_142' title='bbox 3333 727 3438 770; x_wconf 85' lang='lat' dir='ltr'><strong>ter-</strong></span> 
     </span>
    </p>
   </div>
   <div class='ocr_carea' id='block_1_22' title="bbox 1849 795 3435 870">
    <p class='ocr_par' dir='ltr' id='par_1_22' title="bbox 1849 795 3435 870">
     <span class='ocr_line' id='line_1_22' title="bbox 1849 795 3435 870; baseline 0.006 -21"><span class='ocrx_word' id='word_1_143' title='bbox 1849 795 1991 849; x_wconf 89' lang='lat' dir='ltr'><strong>ribili</strong></span> <span class='ocrx_word' id='word_1_144' title='bbox 2013 795 2281 864; x_wconf 82' lang='lat' dir='ltr'><strong>legatione</strong></span> <span class='ocrx_word' id='word_1_145' title='bbox 2317 799 2550 852; x_wconf 77' lang='lat' dir='ltr'><strong>mittitur</strong></span> <span class='ocrx_word' id='word_1_146' title='bbox 2571 800 2722 854; x_wconf 80' lang='lat' dir='ltr'><strong>Felix</strong></span> <span class='ocrx_word' id='word_1_147' title='bbox 2748 801 2988 870; x_wconf 83' lang='lat' dir='ltr'><strong>quidam,</strong></span> <span class='ocrx_word' id='word_1_148' title='bbox 3022 819 3158 858; x_wconf 90' lang='lat' dir='ltr'><strong>unus</strong></span> <span class='ocrx_word' id='word_1_149' title='bbox 3186 819 3251 856; x_wconf 84' lang='lat' dir='ltr'><strong>ex</strong></span> <span class='ocrx_word' id='word_1_150' title='bbox 3283 805 3435 859; x_wconf 78' lang='lat' dir='ltr'><strong>duci-</strong></span> 
     </span>
    </p>
   </div>
   <div class='ocr_carea' id='block_1_23' title="bbox 1845 887 3434 959">
    <p class='ocr_par' dir='ltr' id='par_1_23' title="bbox 1845 887 3434 959">
     <span class='ocr_line' id='line_1_23' title="bbox 1845 887 3434 959; baseline 0.006 -21"><span class='ocrx_word' id='word_1_151' title='bbox 1845 887 1948 939; x_wconf 90' lang='lat' dir='ltr'><strong>bus</strong></span> <span class='ocrx_word' id='word_1_152' title='bbox 1999 888 2291 951; x_wconf 85' lang='lat' dir='ltr'><strong>exercitus,</strong></span> <span class='ocrx_word' id='word_1_153' title='bbox 2322 888 2504 954; x_wconf 85' lang='lat' dir='ltr'><strong>jussus</strong></span> <span class='ocrx_word' id='word_1_154' title='bbox 2536 901 2592 944; x_wconf 92' lang='lat' dir='ltr'><strong>ut</strong></span> <span class='ocrx_word' id='word_1_155' title='bbox 2640 907 2736 959; x_wconf 84' lang='lat' dir='ltr'><strong>per</strong></span> <span class='ocrx_word' id='word_1_156' title='bbox 2779 895 2884 946; x_wconf 87' lang='lat' dir='ltr'><strong>vim</strong></span> <span class='ocrx_word' id='word_1_157' title='bbox 2918 895 3149 952; x_wconf 77' lang='lat' dir='ltr'><strong>adducat</strong></span> <span class='ocrx_word' id='word_1_158' title='bbox 3181 896 3434 950; x_wconf 84' lang='lat' dir='ltr'><strong>Eleuthe-</strong></span> 
     </span>
    </p>
   </div>
   <div class='ocr_carea' id='block_1_24' title="bbox 1846 978 3431 1057">
    <p class='ocr_par' dir='ltr' id='par_1_24' title="bbox 1846 978 3431 1057">
     <span class='ocr_line' id='line_1_24' title="bbox 1846 978 3431 1057; baseline 0.008 -28"><span class='ocrx_word' id='word_1_159' title='bbox 1846 978 2014 1040; x_wconf 91' lang='lat' dir='ltr'><strong>rium,</strong></span> <span class='ocrx_word' id='word_1_160' title='bbox 2048 989 2102 1032; x_wconf 93' lang='lat' dir='ltr'><strong>et</strong></span> <span class='ocrx_word' id='word_1_161' title='bbox 2133 994 2255 1032; x_wconf 88' lang='lat' dir='ltr'><strong>eum</strong></span> <span class='ocrx_word' id='word_1_162' title='bbox 2285 981 2438 1034; x_wconf 83' lang='lat' dir='ltr'><strong>sistat</strong></span> <span class='ocrx_word' id='word_1_163' title='bbox 2465 993 2588 1035; x_wconf 86' lang='lat' dir='ltr'><strong>ante</strong></span> <span class='ocrx_word' id='word_1_164' title='bbox 2615 985 2850 1038; x_wconf 83' lang='lat' dir='ltr'><strong>tribunal</strong></span> <span class='ocrx_word' id='word_1_165' title='bbox 2878 987 3306 1055; x_wconf 85' lang='lat' dir='ltr'><strong>imperatorium.</strong></span> <span class='ocrx_word' id='word_1_166' title='bbox 3328 989 3431 1057; x_wconf 86' lang='lat' dir='ltr'><strong>Qui</strong></span> 
     </span>
    </p>
   </div>
   <div class='ocr_carea' id='block_1_25' title="bbox 1845 1069 3428 1145">
    <p class='ocr_par' dir='ltr' id='par_1_25' title="bbox 1845 1069 3428 1145">
     <span class='ocr_line' id='line_1_25' title="bbox 1845 1069 3428 1145; baseline 0.01 -25"><span class='ocrx_word' id='word_1_167' title='bbox 1845 1083 1970 1120; x_wconf 91' lang='lat' dir='ltr'><strong>cum</strong></span> <span class='ocrx_word' id='word_1_168' title='bbox 1992 1071 2056 1120; x_wconf 92' lang='lat' dir='ltr'><strong>ad</strong></span> <span class='ocrx_word' id='word_1_169' title='bbox 2076 1069 2274 1124; x_wconf 86' lang='lat' dir='ltr'><strong>Christi</strong></span> <span class='ocrx_word' id='word_1_170' title='bbox 2303 1074 2580 1126; x_wconf 88' lang='lat' dir='ltr'><strong>mandrain</strong></span> <span class='ocrx_word' id='word_1_171' title='bbox 2602 1077 2956 1141; x_wconf 71' lang='lat' dir='ltr'><strong>pervenisset,</strong></span> <span class='ocrx_word' id='word_1_172' title='bbox 2984 1079 3289 1145; x_wconf 77' lang='lat' dir='ltr'><strong>ecclesiam,</strong></span> <span class='ocrx_word' id='word_1_173' title='bbox 3308 1098 3428 1136; x_wconf 88' lang='lat' dir='ltr'><strong>eam</strong></span> 
     </span>
    </p>
   </div>
   <div class='ocr_carea' id='block_1_26' title="bbox 1845 1164 3430 1229">
    <p class='ocr_par' dir='ltr' id='par_1_26' title="bbox 1845 1164 3430 1229">
     <span class='ocr_line' id='line_1_26' title="bbox 1845 1164 3430 1229; baseline 0.011 -17"><span class='ocrx_word' id='word_1_174' title='bbox 1845 1164 2195 1214; x_wconf 80' lang='lat' dir='ltr'><strong>extrinsecus</strong></span> <span class='ocrx_word' id='word_1_175' title='bbox 2257 1164 2603 1218; x_wconf 81' lang='lat' dir='ltr'><strong>circumsidet</strong></span> <span class='ocrx_word' id='word_1_176' title='bbox 2666 1167 3007 1224; x_wconf 88' lang='lat' dir='ltr'><strong>multitudine</strong></span> <span class='ocrx_word' id='word_1_177' title='bbox 3063 1172 3286 1227; x_wconf 86' lang='lat' dir='ltr'><strong>militum</strong></span> <span class='ocrx_word' id='word_1_178' title='bbox 3326 1187 3430 1229; x_wconf 87' lang='lat' dir='ltr'><strong>:et</strong></span> 
     </span>
    </p>
   </div>
   <div class='ocr_carea' id='block_1_27' title="bbox 1847 1253 3429 1334">
    <p class='ocr_par' dir='ltr' id='par_1_27' title="bbox 1847 1253 3429 1334">
     <span class='ocr_line' id='line_1_27' title="bbox 1847 1253 3429 1334; baseline 0.013 -33"><span class='ocrx_word' id='word_1_179' title='bbox 1847 1266 1967 1302; x_wconf 87' lang='lat' dir='ltr'><strong>cum</strong></span> <span class='ocrx_word' id='word_1_180' title='bbox 2002 1253 2146 1306; x_wconf 91' lang='lat' dir='ltr'><strong>intus</strong></span> <span class='ocrx_word' id='word_1_181' title='bbox 2181 1253 2556 1321; x_wconf 84' lang='lat' dir='ltr'><strong>intercepisset</strong></span> <span class='ocrx_word' id='word_1_182' title='bbox 2589 1257 2981 1328; x_wconf 80' lang='lat' dir='ltr'><strong>Eleutherium,</strong></span> <span class='ocrx_word' id='word_1_183' title='bbox 3017 1274 3265 1334; x_wconf 80' lang='lat' dir='ltr'><strong>tanquam</strong></span> <span class='ocrx_word' id='word_1_184' title='bbox 3292 1285 3429 1334; x_wconf 70' lang='lat' dir='ltr'><strong>prte-</strong></span> 
     </span>
    </p>
   </div>
   <div class='ocr_carea' id='block_1_28' title="bbox 1847 1344 3428 1421">
    <p class='ocr_par' dir='ltr' id='par_1_28' title="bbox 1847 1344 3428 1421">
     <span class='ocr_line' id='line_1_28' title="bbox 1847 1344 3428 1421; baseline 0.013 -27"><span class='ocrx_word' id='word_1_185' title='bbox 1847 1344 1969 1395; x_wconf 89' lang='lat' dir='ltr'><strong>dam</strong></span> <span class='ocrx_word' id='word_1_186' title='bbox 1992 1344 2224 1413; x_wconf 82' lang='lat' dir='ltr'><strong>aliquam</strong></span> <span class='ocrx_word' id='word_1_187' title='bbox 2261 1349 2728 1406; x_wconf 87' lang='lat' dir='ltr'><strong>studebathabere</strong></span> <span class='ocrx_word' id='word_1_188' title='bbox 2759 1367 2951 1421; x_wconf 88' lang='lat' dir='ltr'><strong>agnum</strong></span> <span class='ocrx_word' id='word_1_189' title='bbox 2977 1356 3199 1410; x_wconf 81' lang='lat' dir='ltr'><strong>Christi.</strong></span> <span class='ocrx_word' id='word_1_190' title='bbox 3227 1357 3428 1414; x_wconf 81' lang='lat' dir='ltr'><strong>Deinde</strong></span> 
     </span>
    </p>
   </div>
   <div class='ocr_carea' id='block_1_29' title="bbox 1849 1435 3425 1513">
    <p class='ocr_par' dir='ltr' id='par_1_29' title="bbox 1849 1435 3425 1513">
     <span class='ocr_line' id='line_1_29' title="bbox 1849 1435 3425 1513; baseline 0.011 -26"><span class='ocrx_word' id='word_1_191' title='bbox 1849 1435 2109 1504; x_wconf 81' lang='lat' dir='ltr'><strong>templum</strong></span> <span class='ocrx_word' id='word_1_192' title='bbox 2148 1437 2444 1507; x_wconf 88' lang='lat' dir='ltr'><strong>ingressus,</strong></span> <span class='ocrx_word' id='word_1_193' title='bbox 2478 1451 2530 1495; x_wconf 87' lang='lat' dir='ltr'><strong>et</strong></span> <span class='ocrx_word' id='word_1_194' title='bbox 2565 1443 2879 1498; x_wconf 86' lang='lat' dir='ltr'><strong>truculentis</strong></span> <span class='ocrx_word' id='word_1_195' title='bbox 2909 1445 3126 1513; x_wconf 86' lang='lat' dir='ltr'><strong>quidem</strong></span> <span class='ocrx_word' id='word_1_196' title='bbox 3159 1450 3336 1504; x_wconf 83' lang='lat' dir='ltr'><strong>oculis</strong></span> <span class='ocrx_word' id='word_1_197' title='bbox 3371 1462 3425 1506; x_wconf 88' lang='lat' dir='ltr'><strong>et</strong></span> 
     </span>
    </p>
   </div>
   <div class='ocr_carea' id='block_1_30' title="bbox 1849 1532 3422 1614">
    <p class='ocr_par' dir='ltr' id='par_1_30' title="bbox 1849 1532 3422 1614">
     <span class='ocr_line' id='line_1_30' title="bbox 1849 1532 3422 1614; baseline 0.009 -30"><span class='ocrx_word' id='word_1_198' title='bbox 1849 1532 2232 1588; x_wconf 85' lang='lat' dir='ltr'><strong>truculentiore</strong></span> <span class='ocrx_word' id='word_1_199' title='bbox 2253 1535 2414 1590; x_wconf 89' lang='lat' dir='ltr'><strong>etiam</strong></span> <span class='ocrx_word' id='word_1_200' title='bbox 2445 1539 2920 1610; x_wconf 79' lang='lat' dir='ltr'><strong>spiritu,tanquam</strong></span> <span class='ocrx_word' id='word_1_201' title='bbox 2961 1544 3076 1613; x_wconf 88' lang='lat' dir='ltr'><strong>ipso</strong></span> <span class='ocrx_word' id='word_1_202' title='bbox 3105 1545 3252 1598; x_wconf 87' lang='lat' dir='ltr'><strong>vultu</strong></span> <span class='ocrx_word' id='word_1_203' title='bbox 3285 1545 3422 1614; x_wconf 80' lang='lat' dir='ltr'><strong>ejus,</strong></span> 
     </span>
    </p>
   </div>
   <div class='ocr_carea' id='block_1_31' title="bbox 1845 1625 3424 1704">
    <p class='ocr_par' dir='ltr' id='par_1_31' title="bbox 1845 1625 3424 1704">
     <span class='ocr_line' id='line_1_31' title="bbox 1845 1625 3424 1704; baseline 0.011 -32"><span class='ocrx_word' id='word_1_204' title='bbox 1845 1625 1935 1690; x_wconf 91' lang='lat' dir='ltr'><strong>qui</strong></span> <span class='ocrx_word' id='word_1_205' title='bbox 1971 1625 2210 1688; x_wconf 86' lang='lat' dir='ltr'><strong>miserat,</strong></span> <span class='ocrx_word' id='word_1_206' title='bbox 2232 1628 2544 1695; x_wconf 84' lang='lat' dir='ltr'><strong>significans</strong></span> <span class='ocrx_word' id='word_1_207' title='bbox 2586 1634 2874 1698; x_wconf 78' lang='lat' dir='ltr'><strong>saevitiam,</strong></span> <span class='ocrx_word' id='word_1_208' title='bbox 2911 1650 2969 1689; x_wconf 90' lang='lat' dir='ltr'><strong>se</strong></span> <span class='ocrx_word' id='word_1_209' title='bbox 3018 1639 3309 1691; x_wconf 84' lang='lat' dir='ltr'><strong>ostendens</strong></span> <span class='ocrx_word' id='word_1_210' title='bbox 3337 1637 3424 1704; x_wconf 82' lang='lat' dir='ltr'><strong>iis,</strong></span> 
     </span>
    </p>
   </div>
   <div class='ocr_carea' id='block_1_32' title="bbox 1845 1713 3422 1788">
    <p class='ocr_par' dir='ltr' id='par_1_32' title="bbox 1845 1713 3422 1788">
     <span class='ocr_line' id='line_1_32' title="bbox 1845 1713 3422 1788; baseline 0.011 -23"><span class='ocrx_word' id='word_1_211' title='bbox 1845 1713 1940 1780; x_wconf 90' lang='lat' dir='ltr'><strong>qui</strong></span> <span class='ocrx_word' id='word_1_212' title='bbox 1979 1715 2232 1770; x_wconf 80' lang='lat' dir='ltr'><strong>videbant</strong></span> <span class='ocrx_word' id='word_1_213' title='bbox 2269 1738 2282 1772; x_wconf 92' lang='lat'><strong>:</strong></span> <span class='ocrx_word' id='word_1_214' title='bbox 2326 1728 2606 1788; x_wconf 84' lang='lat' dir='ltr'><strong>postquam</strong></span> <span class='ocrx_word' id='word_1_215' title='bbox 2641 1724 2770 1777; x_wconf 92' lang='lat' dir='ltr'><strong>vidit</strong></span> <span class='ocrx_word' id='word_1_216' title='bbox 2804 1725 3175 1781; x_wconf 87' lang='lat' dir='ltr'><strong>Eleutheriutn</strong></span> <span class='ocrx_word' id='word_1_217' title='bbox 3205 1730 3422 1783; x_wconf 86' lang='lat' dir='ltr'><strong>suavis-</strong></span> 
     </span>
    </p>
   </div>
   <div class='ocr_carea' id='block_1_33' title="bbox 1842 1800 3422 1880">
    <p class='ocr_par' dir='ltr' id='par_1_33' title="bbox 1842 1800 3422 1880">
     <span class='ocr_line' id='line_1_33' title="bbox 1842 1800 3422 1880; baseline 0.011 -27"><span class='ocrx_word' id='word_1_218' title='bbox 1842 1800 2039 1854; x_wconf 85' lang='lat' dir='ltr'><strong>simum</strong></span> <span class='ocrx_word' id='word_1_219' title='bbox 2078 1805 2336 1861; x_wconf 73' lang='lat' dir='ltr'><strong>doctrina:</strong></span> <span class='ocrx_word' id='word_1_220' title='bbox 2375 1808 2634 1863; x_wconf 83' lang='lat' dir='ltr'><strong>ﬂuentum</strong></span> <span class='ocrx_word' id='word_1_221' title='bbox 2681 1814 3112 1880; x_wconf 80' lang='lat' dir='ltr'><strong>profundentem,</strong></span> <span class='ocrx_word' id='word_1_222' title='bbox 3153 1829 3208 1872; x_wconf 91' lang='lat' dir='ltr'><strong>et</strong></span> <span class='ocrx_word' id='word_1_223' title='bbox 3255 1834 3422 1871; x_wconf 82' lang='lat' dir='ltr'><strong>orna-</strong></span> 
     </span>
    </p>
   </div>
   <div class='ocr_carea' id='block_1_34' title="bbox 136 1873 1726 1976">
    <p class='ocr_par' dir='ltr' id='par_1_34' title="bbox 136 1883 1726 1954">
     <span class='ocr_line' id='line_1_34' title="bbox 136 1883 1726 1954; baseline -0.001 -16"><span class='ocrx_word' id='word_1_224' title='bbox 136 1887 219 1938; x_wconf 75' lang='grc' dir='ltr'><strong>τὸν</strong></span> <span class='ocrx_word' id='word_1_225' title='bbox 259 1886 681 1939; x_wconf 76' lang='grc' dir='ltr'>ἀποστείλαντα</span> <span class='ocrx_word' id='word_1_226' title='bbox 727 1883 978 1952; x_wconf 78' lang='grc' dir='ltr'><strong>οὐδαμῶς</strong></span> <span class='ocrx_word' id='word_1_227' title='bbox 1041 1884 1411 1954; x_wconf 80' lang='grc' dir='ltr'>ἀναστρέφειν</span> <span class='ocrx_word' id='word_1_228' title='bbox 1447 1883 1682 1954; x_wconf 72' lang='grc' dir='ltr'>ἠγάπα·</span> <span class='ocrx_word' id='word_1_229' title='bbox 1715 1887 1726 1936; x_wconf 82' lang='lat' dir='ltr'><strong>i</strong></span> 
     </span>
    </p>
   </div>
   <div class='ocr_carea' id='block_1_35' title="bbox 1835 1873 3423 1976">
    <p class='ocr_par' dir='ltr' id='par_1_35' title="bbox 1850 1892 3423 1976">
     <span class='ocr_line' id='line_1_35' title="bbox 1850 1892 3423 1976; baseline 0.011 -31"><span class='ocrx_word' id='word_1_230' title='bbox 1850 1892 2055 1949; x_wconf 86' lang='lat' dir='ltr'><strong>tissime</strong></span> <span class='ocrx_word' id='word_1_231' title='bbox 2109 1896 2360 1964; x_wconf 88' lang='lat' dir='ltr'><strong>pietatem</strong></span> <span class='ocrx_word' id='word_1_232' title='bbox 2423 1903 2828 1957; x_wconf 87' lang='lat' dir='ltr'><strong>annuntiantem</strong></span> <span class='ocrx_word' id='word_1_233' title='bbox 2890 1905 2977 1970; x_wconf 89' lang='lat' dir='ltr'><strong>iis,</strong></span> <span class='ocrx_word' id='word_1_234' title='bbox 3045 1908 3135 1976; x_wconf 91' lang='lat' dir='ltr'><strong>qui</strong></span> <span class='ocrx_word' id='word_1_235' title='bbox 3181 1922 3303 1962; x_wconf 92' lang='lat' dir='ltr'><strong>cum</strong></span> <span class='ocrx_word' id='word_1_236' title='bbox 3354 1923 3423 1963; x_wconf 90' lang='lat' dir='ltr'><strong>eo</strong></span> 
     </span>
    </p>
   </div>
   <div class='ocr_carea' id='block_1_36' title="bbox 135 1973 1738 2045">
    <p class='ocr_par' dir='ltr' id='par_1_36' title="bbox 135 1973 1738 2045">
     <span class='ocr_line' id='line_1_36' title="bbox 135 1973 1738 2045; baseline 0.001 -18"><span class='ocrx_word' id='word_1_237' title='bbox 135 1976 267 2037; x_wconf 88' lang='grc' dir='ltr'>θεῖος</span> <span class='ocrx_word' id='word_1_238' title='bbox 299 1974 357 2027; x_wconf 78' lang='grc' dir='ltr'>δὲ</span> <span class='ocrx_word' id='word_1_239' title='bbox 406 1974 760 2045; x_wconf 81' lang='grc' dir='ltr'><strong>Ἐλευθέριος</strong></span> <span class='ocrx_word' id='word_1_240' title='bbox 785 1973 1269 2045; x_wconf 76' lang='grc' dir='ltr'>παρρησιάσασθαι</span> <span class='ocrx_word' id='word_1_241' title='bbox 1298 1974 1402 2045; x_wconf 79' lang='grc' dir='ltr'>τὴν</span> <span class='ocrx_word' id='word_1_242' title='bbox 1436 1973 1738 2028; x_wconf 77' lang='grc' dir='ltr'>εὐσέϐειαν</span> 
     </span>
    </p>
   </div>
   <div class='ocr_carea' id='block_1_37' title="bbox 133 2065 1738 2138">
    <p class='ocr_par' dir='ltr' id='par_1_37' title="bbox 133 2065 1738 2138">
     <span class='ocr_line' id='line_1_37' title="bbox 133 2065 1738 2138; baseline -0.001 -18"><span class='ocrx_word' id='word_1_243' title='bbox 133 2067 620 2138; x_wconf 77' lang='grc' dir='ltr'>προθυμούμενος,</span> <span class='ocrx_word' id='word_1_244' title='bbox 673 2065 898 2137; x_wconf 81' lang='grc' dir='ltr'>πορείας</span> <span class='ocrx_word' id='word_1_245' title='bbox 931 2065 1092 2128; x_wconf 79' lang='grc' dir='ltr'>εὐθὺς</span> <span class='ocrx_word' id='word_1_246' title='bbox 1137 2065 1338 2136; x_wconf 78' lang='grc' dir='ltr'>εἴχετο,</span> <span class='ocrx_word' id='word_1_247' title='bbox 1393 2067 1492 2118; x_wconf 82' lang='grc' dir='ltr'>καὶ</span> <span class='ocrx_word' id='word_1_248' title='bbox 1524 2065 1620 2118; x_wconf 74' lang='grc' dir='ltr'><strong>τὸν</strong></span> <span class='ocrx_word' id='word_1_249' title='bbox 1641 2065 1738 2118; x_wconf 79' lang='grc' dir='ltr'><strong>Φί-</strong></span> 
     </span>
    </p>
   </div>
   <div class='ocr_carea' id='block_1_38' title="bbox 132 2157 1738 2230">
    <p class='ocr_par' dir='ltr' id='par_1_38' title="bbox 132 2157 1738 2230">
     <span class='ocr_line' id='line_1_38' title="bbox 132 2157 1738 2230; baseline -0.001 -19"><span class='ocrx_word' id='word_1_250' title='bbox 132 2159 269 2230; x_wconf 79' lang='grc' dir='ltr'>ληκα</span> <span class='ocrx_word' id='word_1_251' title='bbox 291 2162 680 2229; x_wconf 85' lang='grc' dir='ltr'>συνεπόμενον</span> <span class='ocrx_word' id='word_1_252' title='bbox 713 2159 870 2228; x_wconf 74' lang='grc' dir='ltr'>ἔχων.</span> <span class='ocrx_word' id='word_1_253' title='bbox 913 2158 1000 2220; x_wconf 84' lang='grc' dir='ltr'>Ὠς</span> <span class='ocrx_word' id='word_1_254' title='bbox 1036 2157 1092 2208; x_wconf 78' lang='grc' dir='ltr'>δὲ</span> <span class='ocrx_word' id='word_1_255' title='bbox 1128 2159 1270 2210; x_wconf 77' lang='grc' dir='ltr'>κατὰ</span> <span class='ocrx_word' id='word_1_256' title='bbox 1291 2158 1393 2228; x_wconf 80' lang='grc' dir='ltr'><strong>τὴν</strong></span> <span class='ocrx_word' id='word_1_257' title='bbox 1426 2159 1547 2210; x_wconf 81' lang='grc' dir='ltr'>ὁδὸν</span> <span class='ocrx_word' id='word_1_258' title='bbox 1577 2157 1738 2212; x_wconf 80' lang='grc' dir='ltr'>ὕδατι</span> 
     </span>
    </p>
   </div>
   <div class='ocr_carea' id='block_1_39' title="bbox 131 2243 1736 2322">
    <p class='ocr_par' dir='ltr' id='par_1_39' title="bbox 131 2243 1736 2322">
     <span class='ocr_line' id='line_1_39' title="bbox 131 2243 1736 2322; baseline -0.004 -17"><span class='ocrx_word' id='word_1_259' title='bbox 131 2251 483 2322; x_wconf 83' lang='grc' dir='ltr'>περιέτυχον,</span> <span class='ocrx_word' id='word_1_260' title='bbox 541 2251 702 2314; x_wconf 76' lang='grc' dir='ltr'>ἄλλος</span> <span class='ocrx_word' id='word_1_261' title='bbox 729 2243 882 2313; x_wconf 73' lang='grc' dir='ltr'>οὗτος</span> <span class='ocrx_word' id='word_1_262' title='bbox 915 2249 1205 2318; x_wconf 83' lang='grc' dir='ltr'>Κανδάκης</span> <span class='ocrx_word' id='word_1_263' title='bbox 1235 2251 1263 2302; x_wconf 89' lang='grc' dir='ltr'>ὁ</span> <span class='ocrx_word' id='word_1_264' title='bbox 1287 2247 1462 2319; x_wconf 80' lang='grc' dir='ltr'>Φίληξ</span> <span class='ocrx_word' id='word_1_265' title='bbox 1490 2249 1736 2316; x_wconf 81' lang='grc' dir='ltr'>γίνεται,</span> 
     </span>
    </p>
   </div>
   <div class='ocr_carea' id='block_1_40' title="bbox 132 2339 1728 2414">
    <p class='ocr_par' dir='ltr' id='par_1_40' title="bbox 132 2339 1728 2414">
     <span class='ocr_line' id='line_1_40' title="bbox 132 2339 1728 2414; baseline -0.003 -18"><span class='ocrx_word' id='word_1_266' title='bbox 132 2348 220 2397; x_wconf 78' lang='grc' dir='ltr'><strong>καὶ</strong></span> <span class='ocrx_word' id='word_1_267' title='bbox 241 2346 397 2414; x_wconf 85' lang='grc' dir='ltr'><strong>παρὰ</strong></span> <span class='ocrx_word' id='word_1_268' title='bbox 423 2345 704 2396; x_wconf 83' lang='grc' dir='ltr'>Φιλίππου</span> <span class='ocrx_word' id='word_1_269' title='bbox 735 2343 830 2396; x_wconf 91' lang='grc' dir='ltr'><strong>τοῦ</strong></span> <span class='ocrx_word' id='word_1_270' title='bbox 866 2341 1010 2395; x_wconf 87' lang='grc' dir='ltr'>θείου</span> <span class='ocrx_word' id='word_1_271' title='bbox 1063 2340 1408 2411; x_wconf 82' lang='grc' dir='ltr'>Ἐλευθερίου</span> <span class='ocrx_word' id='word_1_272' title='bbox 1456 2339 1728 2412; x_wconf 74' lang='grc' dir='ltr'>βαπτίζε-</span> 
     </span>
    </p>
   </div>
   <div class='ocr_carea' id='block_1_41' title="bbox 126 2433 1382 2504">
    <p class='ocr_par' dir='ltr' id='par_1_41' title="bbox 126 2433 1382 2504">
     <span class='ocr_line' id='line_1_41' title="bbox 126 2433 1382 2504; baseline 0 -18"><span class='ocrx_word' id='word_1_273' title='bbox 126 2451 232 2500; x_wconf 87' lang='grc' dir='ltr'>ται,</span> <span class='ocrx_word' id='word_1_274' title='bbox 265 2436 370 2504; x_wconf 76' lang='grc' dir='ltr'>τὴν</span> <span class='ocrx_word' id='word_1_275' title='bbox 403 2434 860 2503; x_wconf 78' lang='grc' dir='ltr'>εἰδωλολατρείαν</span> <span class='ocrx_word' id='word_1_276' title='bbox 891 2452 950 2487; x_wconf 90' lang='grc' dir='ltr'><strong>τε</strong></span> <span class='ocrx_word' id='word_1_277' title='bbox 986 2433 1382 2491; x_wconf 79' lang='grc' dir='ltr'>ἀποϐάλλεται.</span> 
     </span>
    </p>
   </div>
   <div class='ocr_carea' id='block_1_42' title="bbox 1844 1985 3422 2052">
    <p class='ocr_par' dir='ltr' id='par_1_42' title="bbox 1844 1985 3422 2052">
     <span class='ocr_line' id='line_1_42' title="bbox 1844 1985 3422 2052; baseline 0.013 -20"><span class='ocrx_word' id='word_1_278' title='bbox 1844 1985 2226 2051; x_wconf 65' lang='lat' dir='ltr'><strong>versabantur,</strong></span> <span class='ocrx_word' id='word_1_279' title='bbox 2260 1987 2346 2042; x_wconf 84' lang='lat' dir='ltr'><strong>ille</strong></span> <span class='ocrx_word' id='word_1_280' title='bbox 2370 1989 2668 2044; x_wconf 89' lang='lat' dir='ltr'><strong>mirandum</strong></span> <span class='ocrx_word' id='word_1_281' title='bbox 2700 1995 2752 2046; x_wconf 90' lang='lat' dir='ltr'><strong>in</strong></span> <span class='ocrx_word' id='word_1_282' title='bbox 2782 1994 2996 2048; x_wconf 89' lang='lat' dir='ltr'><strong>modum</strong></span> <span class='ocrx_word' id='word_1_283' title='bbox 3051 1996 3422 2052; x_wconf 86' lang='lat' dir='ltr'><strong>admirabatur</strong></span> 
     </span>
    </p>
   </div>
   <div class='ocr_carea' id='block_1_43' title="bbox 1839 2071 3421 2155">
    <p class='ocr_par' dir='ltr' id='par_1_43' title="bbox 1839 2071 3421 2155">
     <span class='ocr_line' id='line_1_43' title="bbox 1839 2071 3421 2155; baseline 0.011 -29"><span class='ocrx_word' id='word_1_284' title='bbox 1839 2071 2042 2127; x_wconf 86' lang='lat' dir='ltr'><strong>Christi</strong></span> <span class='ocrx_word' id='word_1_285' title='bbox 2080 2075 2334 2131; x_wconf 82' lang='lat' dir='ltr'><strong>virtutem</strong></span> <span class='ocrx_word' id='word_1_286' title='bbox 2369 2096 2384 2132; x_wconf 88' lang='lat'><strong><em>:</em></strong></span> <span class='ocrx_word' id='word_1_287' title='bbox 2415 2089 2468 2133; x_wconf 90' lang='lat' dir='ltr'><strong>et</strong></span> <span class='ocrx_word' id='word_1_288' title='bbox 2492 2081 2678 2136; x_wconf 85' lang='lat' dir='ltr'><strong>statim</strong></span> <span class='ocrx_word' id='word_1_289' title='bbox 2705 2095 2907 2137; x_wconf 88' lang='lat' dir='ltr'><strong>mutata</strong></span> <span class='ocrx_word' id='word_1_290' title='bbox 2947 2086 3152 2139; x_wconf 66' lang='lat' dir='ltr'><strong>saevitia</strong></span> <span class='ocrx_word' id='word_1_291' title='bbox 3224 2089 3242 2155; x_wconf 95' lang='lat'>(</span> <span class='ocrx_word' id='word_1_292' title='bbox 3273 2087 3421 2144; x_wconf 81' lang='lat' dir='ltr'><strong>visus</strong></span> 
     </span>
    </p>
   </div>
   <div class='ocr_carea' id='block_1_44' title="bbox 1839 2166 3418 2245">
    <p class='ocr_par' dir='ltr' id='par_1_44' title="bbox 1839 2166 3418 2245">
     <span class='ocr_line' id='line_1_44' title="bbox 1839 2166 3418 2245; baseline 0.011 -28"><span class='ocrx_word' id='word_1_293' title='bbox 1839 2173 1924 2218; x_wconf 86' lang='lat' dir='ltr'><strong>est</strong></span> <span class='ocrx_word' id='word_1_294' title='bbox 1957 2167 2102 2218; x_wconf 90' lang='lat' dir='ltr'><strong>enim</strong></span> <span class='ocrx_word' id='word_1_295' title='bbox 2145 2166 2343 2222; x_wconf 83' lang='lat' dir='ltr'><strong>habere</strong></span> <span class='ocrx_word' id='word_1_296' title='bbox 2381 2171 2618 2224; x_wconf 90' lang='lat' dir='ltr'><strong>animum</strong></span> <span class='ocrx_word' id='word_1_297' title='bbox 2655 2183 2844 2240; x_wconf 85' lang='lat' dir='ltr'><strong>aptum</strong></span> <span class='ocrx_word' id='word_1_298' title='bbox 2894 2179 2959 2228; x_wconf 85' lang='lat' dir='ltr'><strong>ad</strong></span> <span class='ocrx_word' id='word_1_299' title='bbox 3017 2179 3418 2245; x_wconf 85' lang='lat' dir='ltr'><strong>suscipiendum</strong></span> 
     </span>
    </p>
   </div>
   <div class='ocr_carea' id='block_1_45' title="bbox 1837 2254 3420 2334">
    <p class='ocr_par' dir='ltr' id='par_1_45' title="bbox 1837 2254 3420 2334">
     <span class='ocr_line' id='line_1_45' title="bbox 1837 2254 3420 2334; baseline 0.009 -27"><span class='ocrx_word' id='word_1_300' title='bbox 1837 2254 2041 2307; x_wconf 86' lang='lat' dir='ltr'><strong>semina</strong></span> <span class='ocrx_word' id='word_1_301' title='bbox 2072 2257 2334 2326; x_wconf 87' lang='lat' dir='ltr'><strong>pietatis),</strong></span> <span class='ocrx_word' id='word_1_302' title='bbox 2367 2259 2424 2312; x_wconf 86' lang='lat' dir='ltr'><strong>fit</strong></span> <span class='ocrx_word' id='word_1_303' title='bbox 2444 2261 2560 2316; x_wconf 87' lang='lat' dir='ltr'><strong>ovis</strong></span> <span class='ocrx_word' id='word_1_304' title='bbox 2575 2276 2670 2328; x_wconf 92' lang='lat' dir='ltr'><strong>pro</strong></span> <span class='ocrx_word' id='word_1_305' title='bbox 2700 2263 2840 2332; x_wconf 90' lang='lat' dir='ltr'><strong>lupo,</strong></span> <span class='ocrx_word' id='word_1_306' title='bbox 2870 2273 2923 2317; x_wconf 90' lang='lat' dir='ltr'><strong>et</strong></span> <span class='ocrx_word' id='word_1_307' title='bbox 2960 2281 3054 2333; x_wconf 89' lang='lat' dir='ltr'><strong>pro</strong></span> <span class='ocrx_word' id='word_1_308' title='bbox 3076 2276 3420 2334; x_wconf 85' lang='lat' dir='ltr'><strong>persecutore</strong></span> 
     </span>
    </p>
   </div>
   <div class='ocr_carea' id='block_1_46' title="bbox 1839 2343 3420 2422">
    <p class='ocr_par' dir='ltr' id='par_1_46' title="bbox 1839 2343 3420 2422">
     <span class='ocr_line' id='line_1_46' title="bbox 1839 2343 3420 2422; baseline 0.01 -26"><span class='ocrx_word' id='word_1_309' title='bbox 1839 2343 2133 2414; x_wconf 88' lang='lat' dir='ltr'><strong>discipulus</strong></span> <span class='ocrx_word' id='word_1_310' title='bbox 2167 2361 2181 2399; x_wconf 89' lang='lat'><strong>:</strong></span> <span class='ocrx_word' id='word_1_311' title='bbox 2213 2357 2266 2400; x_wconf 90' lang='lat' dir='ltr'><strong>et</strong></span> <span class='ocrx_word' id='word_1_312' title='bbox 2289 2352 2529 2416; x_wconf 89' lang='lat' dir='ltr'><strong>priorum</strong></span> <span class='ocrx_word' id='word_1_313' title='bbox 2579 2354 2741 2406; x_wconf 87' lang='lat' dir='ltr'><strong>veluti</strong></span> <span class='ocrx_word' id='word_1_314' title='bbox 2777 2357 2996 2422; x_wconf 87' lang='lat' dir='ltr'><strong>oblitus,</strong></span> <span class='ocrx_word' id='word_1_315' title='bbox 3045 2374 3147 2411; x_wconf 89' lang='lat' dir='ltr'><strong>non</strong></span> <span class='ocrx_word' id='word_1_316' title='bbox 3193 2359 3330 2412; x_wconf 88' lang='lat' dir='ltr'><strong>latro</strong></span> <span class='ocrx_word' id='word_1_317' title='bbox 3364 2367 3420 2412; x_wconf 89' lang='lat' dir='ltr'><strong>et</strong></span> 
     </span>
    </p>
   </div>
   <div class='ocr_carea' id='block_1_47' title="bbox 1835 2439 3420 2516">
    <p class='ocr_par' dir='ltr' id='par_1_47' title="bbox 1835 2439 3420 2516">
     <span class='ocr_line' id='line_1_47' title="bbox 1835 2439 3420 2516; baseline 0.011 -29"><span class='ocrx_word' id='word_1_318' title='bbox 1835 2447 2176 2503; x_wconf 89' lang='lat' dir='ltr'><strong>persecutor,</strong></span> <span class='ocrx_word' id='word_1_319' title='bbox 2216 2441 2308 2493; x_wconf 87' lang='lat' dir='ltr'><strong>sed</strong></span> <span class='ocrx_word' id='word_1_320' title='bbox 2341 2439 2565 2508; x_wconf 87' lang='lat' dir='ltr'><strong>Christi,</strong></span> <span class='ocrx_word' id='word_1_321' title='bbox 2601 2458 2759 2512; x_wconf 91' lang='lat' dir='ltr'><strong>quem</strong></span> <span class='ocrx_word' id='word_1_322' title='bbox 2791 2449 3239 2516; x_wconf 88' lang='lat' dir='ltr'><strong>persequebatur,</strong></span> <span class='ocrx_word' id='word_1_323' title='bbox 3281 2451 3420 2504; x_wconf 87' lang='lat' dir='ltr'><strong>ami-</strong></span> 
     </span>
    </p>
   </div>
   <div class='ocr_carea' id='block_1_48' title="bbox 129 2529 3418 2609">
    <p class='ocr_par' dir='ltr' id='par_1_48' title="bbox 129 2529 3418 2609">
     <span class='ocr_line' id='line_1_48' title="bbox 129 2529 3418 2609; baseline 0.007 -30"><span class='ocrx_word' id='word_1_324' title='bbox 129 2540 216 2583; x_wconf 92' lang='lat' dir='ltr'><strong>cus</strong></span> <span class='ocrx_word' id='word_1_325' title='bbox 248 2537 302 2583; x_wconf 87' lang='lat' dir='ltr'><strong>et</strong></span> <span class='ocrx_word' id='word_1_326' title='bbox 341 2530 654 2598; x_wconf 88' lang='lat' dir='ltr'><strong>discipulus</strong></span> <span class='ocrx_word' id='word_1_327' title='bbox 687 2547 700 2584; x_wconf 89' lang='lat'><strong>:</strong></span> <span class='ocrx_word' id='word_1_328' title='bbox 735 2541 786 2583; x_wconf 89' lang='lat' dir='ltr'><strong>et</strong></span> <span class='ocrx_word' id='word_1_329' title='bbox 820 2529 1046 2599; x_wconf 89' lang='lat' dir='ltr'><strong>despicit</strong></span> <span class='ocrx_word' id='word_1_330' title='bbox 1080 2531 1292 2598; x_wconf 90' lang='lat' dir='ltr'><strong>quidem</strong></span> <span class='ocrx_word' id='word_1_331' title='bbox 1329 2531 1505 2596; x_wconf 85' lang='lat' dir='ltr'><strong>ipsum</strong></span> <span class='ocrx_word' id='word_1_332' title='bbox 1545 2530 1973 2599; x_wconf 88' lang='lat' dir='ltr'><strong>imperatorem:</strong></span> <span class='ocrx_word' id='word_1_333' title='bbox 2008 2535 2252 2599; x_wconf 85' lang='lat' dir='ltr'><strong>procedit</strong></span> <span class='ocrx_word' id='word_1_334' title='bbox 2315 2547 2497 2590; x_wconf 87' lang='lat' dir='ltr'><strong>autem</strong></span> <span class='ocrx_word' id='word_1_335' title='bbox 2535 2544 2602 2593; x_wconf 87' lang='lat' dir='ltr'><strong>ad</strong></span> <span class='ocrx_word' id='word_1_336' title='bbox 2663 2543 2823 2609; x_wconf 87' lang='lat' dir='ltr'><strong>pedes</strong></span> <span class='ocrx_word' id='word_1_337' title='bbox 2890 2544 3093 2608; x_wconf 87' lang='lat' dir='ltr'><strong>saneti,</strong></span> <span class='ocrx_word' id='word_1_338' title='bbox 3151 2557 3206 2600; x_wconf 90' lang='lat' dir='ltr'><strong>et</strong></span> <span class='ocrx_word' id='word_1_339' title='bbox 3258 2546 3324 2599; x_wconf 86' lang='lat' dir='ltr'><strong>ab</strong></span> <span class='ocrx_word' id='word_1_340' title='bbox 3355 2561 3418 2602; x_wconf 91' lang='lat' dir='ltr'><strong>eo</strong></span> 
     </span>
    </p>
   </div>
   <div class='ocr_carea' id='block_1_49' title="bbox 132 2622 3416 2698">
    <p class='ocr_par' dir='ltr' id='par_1_49' title="bbox 132 2622 3416 2698">
     <span class='ocr_line' id='line_1_49' title="bbox 132 2622 3416 2698; baseline 0.003 -22"><span class='ocrx_word' id='word_1_341' title='bbox 132 2633 373 2692; x_wconf 90' lang='lat' dir='ltr'><strong>tempore</strong></span> <span class='ocrx_word' id='word_1_342' title='bbox 406 2624 608 2677; x_wconf 91' lang='lat' dir='ltr'><strong>lubens</strong></span> <span class='ocrx_word' id='word_1_343' title='bbox 627 2624 941 2677; x_wconf 82' lang='lat' dir='ltr'><strong>versabatur</strong></span> <span class='ocrx_word' id='word_1_344' title='bbox 966 2637 1086 2675; x_wconf 88' lang='lat' dir='ltr'><strong>cum</strong></span> <span class='ocrx_word' id='word_1_345' title='bbox 1115 2623 1398 2690; x_wconf 83' lang='lat' dir='ltr'><strong>magistro,</strong></span> <span class='ocrx_word' id='word_1_346' title='bbox 1453 2622 1607 2674; x_wconf 91' lang='lat' dir='ltr'><strong>illius</strong></span> <span class='ocrx_word' id='word_1_347' title='bbox 1651 2623 1829 2676; x_wconf 85' lang='lat' dir='ltr'><strong>verbis</strong></span> <span class='ocrx_word' id='word_1_348' title='bbox 1892 2622 2246 2688; x_wconf 85' lang='lat' dir='ltr'><strong>illuminatus,</strong></span> <span class='ocrx_word' id='word_1_349' title='bbox 2289 2638 2343 2680; x_wconf 90' lang='lat' dir='ltr'><strong>et</strong></span> <span class='ocrx_word' id='word_1_350' title='bbox 2386 2628 2442 2680; x_wconf 92' lang='lat' dir='ltr'><strong>in</strong></span> <span class='ocrx_word' id='word_1_351' title='bbox 2489 2631 2686 2698; x_wconf 87' lang='lat' dir='ltr'><strong>pietate</strong></span> <span class='ocrx_word' id='word_1_352' title='bbox 2751 2636 3127 2688; x_wconf 85' lang='lat' dir='ltr'><strong>confirmatus.</strong></span> <span class='ocrx_word' id='word_1_353' title='bbox 3163 2634 3266 2690; x_wconf 82' lang='lat' dir='ltr'><strong>Sed</strong></span> <span class='ocrx_word' id='word_1_354' title='bbox 3337 2637 3416 2690; x_wconf 87' lang='lat' dir='ltr'><strong>sic</strong></span> 
     </span>
    </p>
   </div>
   <div class='ocr_carea' id='block_1_50' title="bbox 125 2711 3416 2793">
    <p class='ocr_par' dir='ltr' id='par_1_50' title="bbox 125 2711 3416 2793">
     <span class='ocr_line' id='line_1_50' title="bbox 125 2711 3416 2793; baseline 0.005 -29"><span class='ocrx_word' id='word_1_355' title='bbox 125 2717 338 2783; x_wconf 88' lang='lat' dir='ltr'><strong>quidem</strong></span> <span class='ocrx_word' id='word_1_356' title='bbox 367 2715 504 2768; x_wconf 90' lang='lat' dir='ltr'><strong>fecit</strong></span> <span class='ocrx_word' id='word_1_357' title='bbox 532 2714 706 2776; x_wconf 79' lang='lat' dir='ltr'><strong>Felix,</strong></span> <span class='ocrx_word' id='word_1_358' title='bbox 732 2724 783 2766; x_wconf 92' lang='lat' dir='ltr'><strong>et</strong></span> <span class='ocrx_word' id='word_1_359' title='bbox 806 2727 1138 2782; x_wconf 87' lang='lat' dir='ltr'><strong>nequaquam</strong></span> <span class='ocrx_word' id='word_1_360' title='bbox 1166 2713 1378 2765; x_wconf 85' lang='lat' dir='ltr'><strong>curavit</strong></span> <span class='ocrx_word' id='word_1_361' title='bbox 1412 2712 1616 2775; x_wconf 64' lang='lat' dir='ltr'><strong>reverti</strong></span> <span class='ocrx_word' id='word_1_362' title='bbox 1655 2711 1720 2765; x_wconf 91' lang='lat' dir='ltr'><strong>ad</strong></span> <span class='ocrx_word' id='word_1_363' title='bbox 1763 2725 1910 2778; x_wconf 90' lang='lat' dir='ltr'><strong>cum,</strong></span> <span class='ocrx_word' id='word_1_364' title='bbox 1980 2717 2068 2783; x_wconf 87' lang='lat' dir='ltr'><strong>qui</strong></span> <span class='ocrx_word' id='word_1_365' title='bbox 2106 2718 2350 2772; x_wconf 87' lang='lat' dir='ltr'><strong>miserat.</strong></span> <span class='ocrx_word' id='word_1_366' title='bbox 2386 2718 2502 2774; x_wconf 81' lang='lat' dir='ltr'><strong>NOn</strong></span> <span class='ocrx_word' id='word_1_367' title='bbox 2533 2733 2650 2776; x_wconf 89' lang='lat' dir='ltr'><strong>erat</strong></span> <span class='ocrx_word' id='word_1_368' title='bbox 2677 2734 2878 2789; x_wconf 85' lang='lat' dir='ltr'><strong>autem,</strong></span> <span class='ocrx_word' id='word_1_369' title='bbox 2915 2725 2965 2776; x_wconf 89' lang='lat' dir='ltr'><strong>id</strong></span> <span class='ocrx_word' id='word_1_370' title='bbox 2994 2725 3136 2793; x_wconf 86' lang='lat' dir='ltr'><strong>quod</strong></span> <span class='ocrx_word' id='word_1_371' title='bbox 3196 2726 3416 2782; x_wconf 83' lang='lat' dir='ltr'><strong>videba-</strong></span> 
     </span>
    </p>
   </div>
   <div class='ocr_carea' id='block_1_51' title="bbox 128 2805 3413 2888">
    <p class='ocr_par' dir='ltr' id='par_1_51' title="bbox 128 2805 3413 2888">
     <span class='ocr_line' id='line_1_51' title="bbox 128 2805 3413 2888; baseline 0.005 -28"><span class='ocrx_word' id='word_1_372' title='bbox 128 2819 208 2861; x_wconf 91' lang='lat' dir='ltr'><strong>tur</strong></span> <span class='ocrx_word' id='word_1_373' title='bbox 241 2809 600 2862; x_wconf 83' lang='lat' dir='ltr'><strong>Eleutherio.</strong></span> <span class='ocrx_word' id='word_1_374' title='bbox 629 2807 936 2861; x_wconf 82' lang='lat' dir='ltr'><strong>Festinabat</strong></span> <span class='ocrx_word' id='word_1_375' title='bbox 961 2808 1102 2861; x_wconf 90' lang='lat' dir='ltr'><strong>enim</strong></span> <span class='ocrx_word' id='word_1_376' title='bbox 1147 2808 1213 2862; x_wconf 87' lang='lat' dir='ltr'><strong>ad</strong></span> <span class='ocrx_word' id='word_1_377' title='bbox 1255 2805 1668 2862; x_wconf 78' lang='lat' dir='ltr'><strong>confessionem</strong></span> <span class='ocrx_word' id='word_1_378' title='bbox 1706 2825 1724 2862; x_wconf 69' lang='grc' dir='ltr'><strong>ι</strong></span> <span class='ocrx_word' id='word_1_379' title='bbox 1761 2818 1986 2877; x_wconf 87' lang='lat' dir='ltr'><strong>eratque</strong></span> <span class='ocrx_word' id='word_1_380' title='bbox 2051 2822 2300 2879; x_wconf 88' lang='lat' dir='ltr'><strong>prompto</strong></span> <span class='ocrx_word' id='word_1_381' title='bbox 2329 2821 2383 2865; x_wconf 93' lang='lat' dir='ltr'><strong>et</strong></span> <span class='ocrx_word' id='word_1_382' title='bbox 2449 2816 2615 2870; x_wconf 88' lang='lat' dir='ltr'><strong>alacri</strong></span> <span class='ocrx_word' id='word_1_383' title='bbox 2649 2818 2830 2872; x_wconf 87' lang='lat' dir='ltr'><strong>animo</strong></span> <span class='ocrx_word' id='word_1_384' title='bbox 2857 2822 2920 2871; x_wconf 88' lang='lat' dir='ltr'><strong>ad</strong></span> <span class='ocrx_word' id='word_1_385' title='bbox 2954 2821 3208 2888; x_wconf 85' lang='lat' dir='ltr'><strong>pietatem</strong></span> <span class='ocrx_word' id='word_1_386' title='bbox 3245 2823 3413 2879; x_wconf 88' lang='lat' dir='ltr'><strong>libere</strong></span> 
     </span>
    </p>
   </div>
   <div class='ocr_carea' id='block_1_52' title="bbox 125 2899 3412 2975">
    <p class='ocr_par' dir='ltr' id='par_1_52' title="bbox 125 2899 3412 2975">
     <span class='ocr_line' id='line_1_52' title="bbox 125 2899 3412 2975; baseline 0.004 -18"><span class='ocrx_word' id='word_1_387' title='bbox 125 2901 624 2957; x_wconf 74' lang='lat' dir='ltr'><strong>eﬂ&#39;erendamJter</strong></span> <span class='ocrx_word' id='word_1_388' title='bbox 649 2899 1051 2970; x_wconf 89' lang='lat' dir='ltr'><strong>certeprotinus</strong></span> <span class='ocrx_word' id='word_1_389' title='bbox 1094 2909 1177 2956; x_wconf 90' lang='lat' dir='ltr'><strong>est</strong></span> <span class='ocrx_word' id='word_1_390' title='bbox 1233 2901 1536 2968; x_wconf 72' lang='lat' dir='ltr'><strong>ingrcssus,</strong></span> <span class='ocrx_word' id='word_1_391' title='bbox 1595 2901 1808 2956; x_wconf 89' lang='lat' dir='ltr'><strong>habens</strong></span> <span class='ocrx_word' id='word_1_392' title='bbox 1871 2903 2034 2956; x_wconf 87' lang='lat' dir='ltr'><strong>etiam</strong></span> <span class='ocrx_word' id='word_1_393' title='bbox 2099 2918 2157 2958; x_wconf 91' lang='lat' dir='ltr'><strong>se</strong></span> <span class='ocrx_word' id='word_1_394' title='bbox 2209 2917 2523 2975; x_wconf 86' lang='lat' dir='ltr'><strong>sequentem</strong></span> <span class='ocrx_word' id='word_1_395' title='bbox 2582 2907 2810 2962; x_wconf 87' lang='lat' dir='ltr'><strong>Felicem</strong></span> <span class='ocrx_word' id='word_1_396' title='bbox 2868 2912 3057 2964; x_wconf 88' lang='lat' dir='ltr'><strong>ducem</strong></span> <span class='ocrx_word' id='word_1_397' title='bbox 3116 2916 3412 2969; x_wconf 82' lang='lat' dir='ltr'><strong>exercitus.</strong></span> 
     </span>
    </p>
   </div>
   <div class='ocr_carea' id='block_1_53' title="bbox 123 2994 3415 3078">
    <p class='ocr_par' dir='ltr' id='par_1_53' title="bbox 123 2994 3415 3078">
     <span class='ocr_line' id='line_1_53' title="bbox 123 2994 3415 3078; baseline 0.003 -26"><span class='ocrx_word' id='word_1_398' title='bbox 123 3001 250 3052; x_wconf 84' lang='lat' dir='ltr'><strong>Cum</strong></span> <span class='ocrx_word' id='word_1_399' title='bbox 307 3008 502 3052; x_wconf 88' lang='lat' dir='ltr'><strong>autem</strong></span> <span class='ocrx_word' id='word_1_400' title='bbox 570 3001 710 3052; x_wconf 91' lang='lat' dir='ltr'><strong>inter</strong></span> <span class='ocrx_word' id='word_1_401' title='bbox 760 3000 1009 3052; x_wconf 88' lang='lat' dir='ltr'><strong>eumdum</strong></span> <span class='ocrx_word' id='word_1_402' title='bbox 1063 2996 1116 3050; x_wconf 90' lang='lat' dir='ltr'><strong>in</strong></span> <span class='ocrx_word' id='word_1_403' title='bbox 1176 3011 1370 3066; x_wconf 89' lang='lat' dir='ltr'><strong>aquam</strong></span> <span class='ocrx_word' id='word_1_404' title='bbox 1430 2994 1773 3062; x_wconf 80' lang='lat' dir='ltr'><strong>incidissent,</strong></span> <span class='ocrx_word' id='word_1_405' title='bbox 1806 2998 1863 3050; x_wconf 84' lang='lat' dir='ltr'><strong>lit</strong></span> <span class='ocrx_word' id='word_1_406' title='bbox 1897 2999 1984 3051; x_wconf 91' lang='lat' dir='ltr'><strong>hic</strong></span> <span class='ocrx_word' id='word_1_407' title='bbox 2023 2998 2171 3054; x_wconf 80' lang='lat' dir='ltr'><strong>Felix</strong></span> <span class='ocrx_word' id='word_1_408' title='bbox 2236 3003 2375 3056; x_wconf 86' lang='lat' dir='ltr'><strong>alius</strong></span> <span class='ocrx_word' id='word_1_409' title='bbox 2435 3003 2711 3058; x_wconf 82' lang='lat' dir='ltr'><strong>Candaces</strong></span> <span class='ocrx_word' id='word_1_410' title='bbox 2749 3021 2762 3055; x_wconf 92' lang='lat'><strong>:</strong></span> <span class='ocrx_word' id='word_1_411' title='bbox 2804 3013 2857 3058; x_wconf 90' lang='lat' dir='ltr'><strong>et</strong></span> <span class='ocrx_word' id='word_1_412' title='bbox 2894 3021 2923 3056; x_wconf 90' lang='lat' dir='ltr'><strong>a</strong></span> <span class='ocrx_word' id='word_1_413' title='bbox 2959 3007 3138 3061; x_wconf 81' lang='lat' dir='ltr'><strong>divino</strong></span> <span class='ocrx_word' id='word_1_414' title='bbox 3164 3007 3415 3078; x_wconf 83' lang='lat' dir='ltr'><strong>Philippo</strong></span> 
     </span>
    </p>
   </div>
   <div class='ocr_carea' id='block_1_54' title="bbox 123 3083 3410 3168">
    <p class='ocr_par' dir='ltr' id='par_1_54' title="bbox 123 3083 3410 3168">
     <span class='ocr_line' id='line_1_54' title="bbox 123 3083 3410 3168; baseline 0.003 -27"><span class='ocrx_word' id='word_1_415' title='bbox 123 3088 439 3156; x_wconf 77' lang='lat' dir='ltr'><strong>baptizatur</strong></span> <span class='ocrx_word' id='word_1_416' title='bbox 469 3085 514 3150; x_wconf 85' lang='lat'><strong>&#39;,</strong></span> <span class='ocrx_word' id='word_1_417' title='bbox 573 3099 764 3152; x_wconf 88' lang='lat' dir='ltr'><strong>nempe</strong></span> <span class='ocrx_word' id='word_1_418' title='bbox 834 3084 1180 3150; x_wconf 77' lang='lat' dir='ltr'><strong>Eleutherio,</strong></span> <span class='ocrx_word' id='word_1_419' title='bbox 1262 3093 1317 3138; x_wconf 87' lang='lat' dir='ltr'><strong>et</strong></span> <span class='ocrx_word' id='word_1_420' title='bbox 1398 3083 1727 3138; x_wconf 73' lang='lat' dir='ltr'><strong>idololatria:</strong></span> <span class='ocrx_word' id='word_1_421' title='bbox 1789 3085 2068 3154; x_wconf 86' lang='lat' dir='ltr'><strong>caligine,</strong></span> <span class='ocrx_word' id='word_1_422' title='bbox 2158 3097 2411 3158; x_wconf 85' lang='lat' dir='ltr'><strong>tanquam</strong></span> <span class='ocrx_word' id='word_1_423' title='bbox 2493 3093 2709 3160; x_wconf 90' lang='lat' dir='ltr'><strong>putrido</strong></span> <span class='ocrx_word' id='word_1_424' title='bbox 2791 3095 2973 3162; x_wconf 88' lang='lat' dir='ltr'><strong>aliquo</strong></span> <span class='ocrx_word' id='word_1_425' title='bbox 3042 3097 3410 3168; x_wconf 81' lang='lat' dir='ltr'><strong>indumento,</strong></span> 
     </span>
    </p>
   </div>
   <div class='ocr_carea' id='block_1_55' title="bbox 126 3179 362 3232">
    <p class='ocr_par' dir='ltr' id='par_1_55' title="bbox 126 3179 362 3232">
     <span class='ocr_line' id='line_1_55' title="bbox 126 3179 362 3232; baseline -0.013 0"><span class='ocrx_word' id='word_1_426' title='bbox 126 3179 362 3232; x_wconf 74' lang='lat' dir='ltr'><strong>exuitur.</strong></span> 
     </span>
    </p>
   </div>
   <div class='ocr_carea' id='block_1_56' title="bbox 195 3268 1799 3344">
    <p class='ocr_par' dir='ltr' id='par_1_56' title="bbox 195 3268 1799 3344">
     <span class='ocr_line' id='line_1_56' title="bbox 195 3268 1799 3344; baseline -0.001 -19"><span class='ocrx_word' id='word_1_427' title='bbox 195 3269 270 3327; x_wconf 73' lang='grc' dir='ltr'><strong>Γ.</strong></span> <span class='ocrx_word' id='word_1_428' title='bbox 313 3270 483 3324; x_wconf 71' lang='grc' dir='ltr'>Ἐπεὶ</span> <span class='ocrx_word' id='word_1_429' title='bbox 515 3269 685 3323; x_wconf 75' lang='grc' dir='ltr'>δὲκαὶ</span> <span class='ocrx_word' id='word_1_430' title='bbox 709 3268 804 3341; x_wconf 78' lang='grc' dir='ltr'>τὴν</span> <span class='ocrx_word' id='word_1_431' title='bbox 837 3269 1060 3341; x_wconf 83' lang='grc' dir='ltr'>Ῥώμην</span> <span class='ocrx_word' id='word_1_432' title='bbox 1089 3270 1413 3333; x_wconf 75' lang='grc' dir='ltr'>κατέλαϐον,</span> <span class='ocrx_word' id='word_1_433' title='bbox 1436 3271 1601 3341; x_wconf 79' lang='grc' dir='ltr'>Φὶληξ</span> <span class='ocrx_word' id='word_1_434' title='bbox 1630 3273 1728 3341; x_wconf 79' lang='grc' dir='ltr'>μὲν</span> <span class='ocrx_word' id='word_1_435' title='bbox 1758 3288 1799 3344; x_wconf 80' lang='lat' dir='ltr'>c</span> 
     </span>
    </p>
   </div>
   <div class='ocr_carea' id='block_1_57' title="bbox 128 3361 1722 3433">
    <p class='ocr_par' dir='ltr' id='par_1_57' title="bbox 128 3361 1722 3433">
     <span class='ocr_line' id='line_1_57' title="bbox 128 3361 1722 3433; baseline -0.001 -18"><span class='ocrx_word' id='word_1_436' title='bbox 128 3366 232 3426; x_wconf 77' lang='grc' dir='ltr'>τοῖς</span> <span class='ocrx_word' id='word_1_437' title='bbox 263 3365 324 3415; x_wconf 74' lang='grc' dir='ltr'>ἐν</span> <span class='ocrx_word' id='word_1_438' title='bbox 398 3362 606 3433; x_wconf 83' lang='grc' dir='ltr'><strong>Ῥώμῃ</strong></span> <span class='ocrx_word' id='word_1_439' title='bbox 666 3365 874 3424; x_wconf 87' lang='grc' dir='ltr'>πιστοῖς</span> <span class='ocrx_word' id='word_1_440' title='bbox 933 3362 1000 3416; x_wconf 83' lang='grc' dir='ltr'>τὰ</span> <span class='ocrx_word' id='word_1_441' title='bbox 1057 3365 1199 3415; x_wconf 67' lang='grc' dir='ltr'>κατὰ</span> <span class='ocrx_word' id='word_1_442' title='bbox 1249 3361 1340 3415; x_wconf 79' lang='grc' dir='ltr'><strong>τὸν</strong></span> <span class='ocrx_word' id='word_1_443' title='bbox 1383 3361 1722 3430; x_wconf 80' lang='grc' dir='ltr'>Ἐλευθέριον</span> 
     </span>
    </p>
   </div>
   <div class='ocr_carea' id='block_1_58' title="bbox 124 3454 1720 3524">
    <p class='ocr_par' dir='ltr' id='par_1_58' title="bbox 124 3454 1720 3524">
     <span class='ocr_line' id='line_1_58' title="bbox 124 3454 1720 3524; baseline -0.003 -15"><span class='ocrx_word' id='word_1_444' title='bbox 124 3455 501 3524; x_wconf 77' lang='grc' dir='ltr'>ἀπαγγέλλει,</span> <span class='ocrx_word' id='word_1_445' title='bbox 580 3455 916 3524; x_wconf 82' lang='grc' dir='ltr'>Ἐλευθέριον</span> <span class='ocrx_word' id='word_1_446' title='bbox 965 3455 1022 3507; x_wconf 83' lang='grc' dir='ltr'>δὲ</span> <span class='ocrx_word' id='word_1_447' title='bbox 1069 3457 1097 3507; x_wconf 85' lang='grc' dir='ltr'>ὁ</span> <span class='ocrx_word' id='word_1_448' title='bbox 1129 3455 1380 3524; x_wconf 82' lang='grc' dir='ltr'>βασιλεὺς</span> <span class='ocrx_word' id='word_1_449' title='bbox 1414 3455 1489 3524; x_wconf 82' lang='grc' dir='ltr'>τῷ</span> <span class='ocrx_word' id='word_1_450' title='bbox 1528 3454 1720 3507; x_wconf 74' lang='grc' dir='ltr'>ἑαυτοῦ</span> 
     </span>
    </p>
   </div>
   <div class='ocr_carea' id='block_1_59' title="bbox 125 3543 1721 3616">
    <p class='ocr_par' dir='ltr' id='par_1_59' title="bbox 125 3543 1721 3616">
     <span class='ocr_line' id='line_1_59' title="bbox 125 3543 1721 3616; baseline 0.001 -20"><span class='ocrx_word' id='word_1_451' title='bbox 125 3547 431 3614; x_wconf 82' lang='grc' dir='ltr'>παρίστησι</span> <span class='ocrx_word' id='word_1_452' title='bbox 473 3544 691 3612; x_wconf 86' lang='grc' dir='ltr'>βήματι</span> <span class='ocrx_word' id='word_1_453' title='bbox 715 3559 729 3573; x_wconf 78' lang='grc' dir='ltr'><strong>ο</strong></span> <span class='ocrx_word' id='word_1_454' title='bbox 764 3543 821 3594; x_wconf 84' lang='grc' dir='ltr'>ὃν</span> <span class='ocrx_word' id='word_1_455' title='bbox 861 3544 958 3594; x_wconf 69' lang='grc' dir='ltr'><strong>καὶ</strong></span> <span class='ocrx_word' id='word_1_456' title='bbox 993 3543 1119 3594; x_wconf 76' lang='grc' dir='ltr'>ἰδὼν</span> <span class='ocrx_word' id='word_1_457' title='bbox 1171 3546 1288 3594; x_wconf 91' lang='grc' dir='ltr'>νέον</span> <span class='ocrx_word' id='word_1_458' title='bbox 1315 3563 1372 3597; x_wconf 76' lang='grc' dir='ltr'><strong>τε</strong></span> <span class='ocrx_word' id='word_1_459' title='bbox 1433 3546 1527 3597; x_wconf 72' lang='grc' dir='ltr'><strong>καὶ</strong></span> <span class='ocrx_word' id='word_1_460' title='bbox 1563 3562 1721 3616; x_wconf 84' lang='grc' dir='ltr'>περι-</span> 
     </span>
    </p>
   </div>
   <div class='ocr_carea' id='block_1_60' title="bbox 122 3631 1722 3704">
    <p class='ocr_par' dir='ltr' id='par_1_60' title="bbox 122 3631 1722 3704">
     <span class='ocr_line' id='line_1_60' title="bbox 122 3631 1722 3704; baseline 0.003 -19"><span class='ocrx_word' id='word_1_461' title='bbox 122 3636 318 3704; x_wconf 79' lang='grc' dir='ltr'>καλλῆ,</span> <span class='ocrx_word' id='word_1_462' title='bbox 382 3635 486 3686; x_wconf 71' lang='grc' dir='ltr'><strong>καὶ</strong></span> <span class='ocrx_word' id='word_1_463' title='bbox 536 3631 617 3699; x_wconf 78' lang='grc' dir='ltr'>τῷ</span> <span class='ocrx_word' id='word_1_464' title='bbox 675 3634 772 3700; x_wconf 75' lang='grc' dir='ltr'><strong>τῆς</strong></span> <span class='ocrx_word' id='word_1_465' title='bbox 805 3633 1007 3701; x_wconf 82' lang='grc' dir='ltr'>ἀρετῆς</span> <span class='ocrx_word' id='word_1_466' title='bbox 1042 3633 1234 3702; x_wconf 81' lang='grc' dir='ltr'>κόσμῳ</span> <span class='ocrx_word' id='word_1_467' title='bbox 1271 3634 1450 3702; x_wconf 76' lang='grc' dir='ltr'>ψυχὴν</span> <span class='ocrx_word' id='word_1_468' title='bbox 1479 3635 1595 3702; x_wconf 73' lang='grc' dir='ltr'><strong>ἅμα</strong></span> <span class='ocrx_word' id='word_1_469' title='bbox 1629 3637 1722 3688; x_wconf 75' lang='grc' dir='ltr'><strong>καὶ</strong></span> 
     </span>
    </p>
   </div>
   <div class='ocr_carea' id='block_1_61' title="bbox 120 3721 1717 3793">
    <p class='ocr_par' dir='ltr' id='par_1_61' title="bbox 120 3721 1717 3793">
     <span class='ocr_line' id='line_1_61' title="bbox 120 3721 1717 3793; baseline -0.003 -16"><span class='ocrx_word' id='word_1_470' title='bbox 120 3726 445 3793; x_wconf 70' lang='grc' dir='ltr'>ὀφθαλμοὺς</span> <span class='ocrx_word' id='word_1_471' title='bbox 491 3722 848 3790; x_wconf 77' lang='grc' dir='ltr'>ἁγλαῖζοντα,</span> <span class='ocrx_word' id='word_1_472' title='bbox 903 3721 1018 3774; x_wconf 82' lang='grc' dir='ltr'>Ἵνα</span> <span class='ocrx_word' id='word_1_473' title='bbox 1050 3723 1124 3786; x_wconf 88' lang='grc' dir='ltr'><strong>τί,</strong></span> <span class='ocrx_word' id='word_1_474' title='bbox 1159 3725 1345 3791; x_wconf 76' lang='grc' dir='ltr'>φησὶν,</span> <span class='ocrx_word' id='word_1_475' title='bbox 1393 3722 1717 3792; x_wconf 80' lang='grc' dir='ltr'>Ἐλευθέριε,</span> 
     </span>
    </p>
   </div>
   <div class='ocr_carea' id='block_1_62' title="bbox 117 3813 1718 3888">
    <p class='ocr_par' dir='ltr' id='par_1_62' title="bbox 117 3813 1718 3888">
     <span class='ocr_line' id='line_1_62' title="bbox 117 3813 1718 3888; baseline -0.002 -18"><span class='ocrx_word' id='word_1_476' title='bbox 117 3820 215 3888; x_wconf 74' lang='grc' dir='ltr'>τὴν</span> <span class='ocrx_word' id='word_1_477' title='bbox 239 3814 524 3886; x_wconf 73' lang='grc' dir='ltr'>πατρῴαν</span> <span class='ocrx_word' id='word_1_478' title='bbox 552 3813 850 3884; x_wconf 79' lang='grc' dir='ltr'>θρησκείαν</span> <span class='ocrx_word' id='word_1_479' title='bbox 874 3813 1178 3875; x_wconf 82' lang='grc' dir='ltr'>ἀπολιπὼν,</span> <span class='ocrx_word' id='word_1_480' title='bbox 1201 3813 1386 3866; x_wconf 81' lang='grc' dir='ltr'>καινόν</span> <span class='ocrx_word' id='word_1_481' title='bbox 1404 3830 1522 3866; x_wconf 90' lang='grc' dir='ltr'>τινα</span> <span class='ocrx_word' id='word_1_482' title='bbox 1551 3829 1718 3884; x_wconf 83' lang='grc' dir='ltr'>πρεσ-</span> 
     </span>
    </p>
   </div>
   <div class='ocr_carea' id='block_1_63' title="bbox 118 3905 1720 3976">
    <p class='ocr_par' dir='ltr' id='par_1_63' title="bbox 118 3905 1720 3976">
     <span class='ocr_line' id='line_1_63' title="bbox 118 3905 1720 3976; baseline -0.002 -15"><span class='ocrx_word' id='word_1_483' title='bbox 118 3909 295 3971; x_wconf 76' lang='grc' dir='ltr'>δεύεις</span> <span class='ocrx_word' id='word_1_484' title='bbox 327 3908 500 3973; x_wconf 80' lang='grc' dir='ltr'>Θεὸν,</span> <span class='ocrx_word' id='word_1_485' title='bbox 533 3909 630 3959; x_wconf 81' lang='grc' dir='ltr'><strong>καὶ</strong></span> <span class='ocrx_word' id='word_1_486' title='bbox 662 3905 848 3958; x_wconf 80' lang='grc' dir='ltr'>τοῦτον</span> <span class='ocrx_word' id='word_1_487' title='bbox 877 3905 1293 3974; x_wconf 76' lang='grc' dir='ltr'>ἐσταυρωμένον</span> <span class='ocrx_word' id='word_1_488' title='bbox 1320 3921 1334 3970; x_wconf 90' lang='grc'>;</span> <span class='ocrx_word' id='word_1_489' title='bbox 1382 3905 1720 3976; x_wconf 84' lang='grc' dir='ltr'>Ἐλευθέριος</span> 
     </span>
    </p>
   </div>
   <div class='ocr_carea' id='block_1_64' title="bbox 115 3995 1716 4071">
    <p class='ocr_par' dir='ltr' id='par_1_64' title="bbox 115 3995 1716 4071">
     <span class='ocr_line' id='line_1_64' title="bbox 115 3995 1716 4071; baseline -0.003 -17"><span class='ocrx_word' id='word_1_490' title='bbox 115 4003 168 4054; x_wconf 75' lang='grc' dir='ltr'>δὲ</span> <span class='ocrx_word' id='word_1_491' title='bbox 193 4002 336 4071; x_wconf 70' lang='grc' dir='ltr'>πρὸς</span> <span class='ocrx_word' id='word_1_492' title='bbox 361 3999 556 4059; x_wconf 78' lang='grc' dir='ltr'>οὕτως</span> <span class='ocrx_word' id='word_1_493' title='bbox 583 3995 947 4048; x_wconf 84' lang='grc' dir='ltr'>ἀσυνετοῦντα</span> <span class='ocrx_word' id='word_1_494' title='bbox 998 3997 1134 4064; x_wconf 81' lang='grc' dir='ltr'>μηδὲ</span> <span class='ocrx_word' id='word_1_495' title='bbox 1174 3997 1570 4064; x_wconf 82' lang='grc' dir='ltr'>ἀποκρίνεσθαι</span> <span class='ocrx_word' id='word_1_496' title='bbox 1626 3997 1716 4050; x_wconf 83' lang='grc' dir='ltr'>θέ-</span> 
     </span>
    </p>
   </div>
   <div class='ocr_carea' id='block_1_65' title="bbox 118 4087 1717 4159">
    <p class='ocr_par' dir='ltr' id='par_1_65' title="bbox 118 4087 1717 4159">
     <span class='ocr_line' id='line_1_65' title="bbox 118 4087 1717 4159; baseline 0.001 -20"><span class='ocrx_word' id='word_1_497' title='bbox 118 4095 243 4159; x_wconf 73' lang='grc' dir='ltr'>λων,</span> <span class='ocrx_word' id='word_1_498' title='bbox 276 4091 470 4151; x_wconf 76' lang='grc' dir='ltr'>ἄλλως</span> <span class='ocrx_word' id='word_1_499' title='bbox 524 4103 587 4139; x_wconf 87' lang='grc' dir='ltr'><strong>τε</strong></span> <span class='ocrx_word' id='word_1_500' title='bbox 619 4087 673 4138; x_wconf 85' lang='grc' dir='ltr'><strong>δὲ</strong></span> <span class='ocrx_word' id='word_1_501' title='bbox 697 4087 787 4138; x_wconf 74' lang='grc' dir='ltr'><strong>καὶ</strong></span> <span class='ocrx_word' id='word_1_502' title='bbox 811 4087 950 4140; x_wconf 79' lang='grc' dir='ltr'>αὐτὰ</span> <span class='ocrx_word' id='word_1_503' title='bbox 968 4087 1031 4158; x_wconf 79' lang='grc' dir='ltr'><strong>δὴ</strong></span> <span class='ocrx_word' id='word_1_504' title='bbox 1055 4089 1121 4139; x_wconf 69' lang='grc' dir='ltr'><strong>τὰ</strong></span> <span class='ocrx_word' id='word_1_505' title='bbox 1145 4087 1236 4140; x_wconf 91' lang='grc' dir='ltr'><strong>τοῦ</strong></span> <span class='ocrx_word' id='word_1_506' title='bbox 1259 4088 1493 4158; x_wconf 82' lang='grc' dir='ltr'>Χριστοῦ</span> <span class='ocrx_word' id='word_1_507' title='bbox 1525 4091 1581 4141; x_wconf 78' lang='grc' dir='ltr'>ὲν</span> <span class='ocrx_word' id='word_1_508' title='bbox 1606 4093 1717 4154; x_wconf 87' lang='grc' dir='ltr'>τοῖς</span> 
     </span>
    </p>
   </div>
   <div class='ocr_carea' id='block_1_66' title="bbox 116 4176 1714 4255">
    <p class='ocr_par' dir='ltr' id='par_1_66' title="bbox 116 4176 1714 4255">
     <span class='ocr_line' id='line_1_66' title="bbox 116 4176 1714 4255; baseline -0.003 -17"><span class='ocrx_word' id='word_1_509' title='bbox 116 4186 253 4255; x_wconf 76' lang='grc' dir='ltr'>ὑπὲρ</span> <span class='ocrx_word' id='word_1_510' title='bbox 297 4176 564 4253; x_wconf 85' lang='grc' dir='ltr'>Χριστοῦ</span> <span class='ocrx_word' id='word_1_511' title='bbox 605 4178 958 4248; x_wconf 81' lang='grc' dir='ltr'>μιμούμενος,</span> <span class='ocrx_word' id='word_1_512' title='bbox 1017 4179 1237 4232; x_wconf 84' lang='grc' dir='ltr'>σιωπῶν</span> <span class='ocrx_word' id='word_1_513' title='bbox 1278 4181 1526 4251; x_wconf 76' lang='grc' dir='ltr'>ἑστήκει.</span> <span class='ocrx_word' id='word_1_514' title='bbox 1576 4181 1714 4235; x_wconf 81' lang='grc' dir='ltr'>Ἀλλ’</span> 
     </span>
    </p>
   </div>
   <div class='ocr_carea' id='block_1_67' title="bbox 115 4265 1712 4347">
    <p class='ocr_par' dir='ltr' id='par_1_67' title="bbox 115 4265 1712 4347">
     <span class='ocr_line' id='line_1_67' title="bbox 115 4265 1712 4347; baseline -0.012 -18"><span class='ocrx_word' id='word_1_515' title='bbox 115 4277 412 4347; x_wconf 74' lang='grc' dir='ltr'>ἀπόκρινε,</span> <span class='ocrx_word' id='word_1_516' title='bbox 452 4271 558 4324; x_wconf 74' lang='grc' dir='ltr'>καὶ</span> <span class='ocrx_word' id='word_1_517' title='bbox 600 4265 754 4332; x_wconf 73' lang='grc' dir='ltr'>αὖθις</span> <span class='ocrx_word' id='word_1_518' title='bbox 779 4273 806 4322; x_wconf 84' lang='grc' dir='ltr'>ὁ</span> <span class='ocrx_word' id='word_1_519' title='bbox 841 4270 1097 4338; x_wconf 80' lang='grc' dir='ltr'>βασιλεὺς</span> <span class='ocrx_word' id='word_1_520' title='bbox 1125 4270 1250 4338; x_wconf 81' lang='grc' dir='ltr'>ἐφη,</span> <span class='ocrx_word' id='word_1_521' title='bbox 1299 4273 1428 4339; x_wconf 78' lang='grc' dir='ltr'>περὶ</span> <span class='ocrx_word' id='word_1_522' title='bbox 1461 4267 1534 4325; x_wconf 82' lang='grc' dir='ltr'>ὧν</span> <span class='ocrx_word' id='word_1_523' title='bbox 1565 4274 1712 4340; x_wconf 55' lang='lat' dir='ltr'><strong>imo-</strong></span> 
     </span>
    </p>
   </div>
   <div class='ocr_carea' id='block_1_68' title="bbox 114 4359 1711 4438">
    <p class='ocr_par' dir='ltr' id='par_1_68' title="bbox 114 4359 1711 4438">
     <span class='ocr_line' id='line_1_68' title="bbox 114 4359 1711 4438; baseline -0.004 -19"><span class='ocrx_word' id='word_1_524' title='bbox 114 4367 308 4438; x_wconf 74' lang='grc' dir='ltr'>τήθης.</span> <span class='ocrx_word' id='word_1_525' title='bbox 347 4361 500 4419; x_wconf 84' lang='grc' dir='ltr'>Εῐτα</span> <span class='ocrx_word' id='word_1_526' title='bbox 533 4361 630 4414; x_wconf 72' lang='grc' dir='ltr'><strong>καὶ</strong></span> <span class='ocrx_word' id='word_1_527' title='bbox 656 4362 749 4430; x_wconf 78' lang='grc' dir='ltr'><strong>τῆς</strong></span> <span class='ocrx_word' id='word_1_528' title='bbox 787 4359 1010 4429; x_wconf 75' lang='grc' dir='ltr'>πικρίας</span> <span class='ocrx_word' id='word_1_529' title='bbox 1051 4361 1270 4425; x_wconf 74' lang='grc' dir='ltr'>ἐνδοὺς,</span> <span class='ocrx_word' id='word_1_530' title='bbox 1304 4361 1563 4431; x_wconf 83' lang='grc' dir='ltr'>Πείσθητί</span> <span class='ocrx_word' id='word_1_531' title='bbox 1601 4379 1711 4430; x_wconf 91' lang='grc' dir='ltr'>μοι,</span> 
     </span>
    </p>
   </div>
   <div class='ocr_carea' id='block_1_69' title="bbox 116 4452 1710 4524">
    <p class='ocr_par' dir='ltr' id='par_1_69' title="bbox 116 4452 1710 4524">
     <span class='ocr_line' id='line_1_69' title="bbox 116 4452 1710 4524; baseline -0.002 -15"><span class='ocrx_word' id='word_1_532' title='bbox 116 4459 295 4524; x_wconf 75' lang='grc' dir='ltr'>ἔλεγε,</span> <span class='ocrx_word' id='word_1_533' title='bbox 363 4457 474 4510; x_wconf 83' lang='grc' dir='ltr'><strong>καί</strong></span> <span class='ocrx_word' id='word_1_534' title='bbox 519 4455 639 4516; x_wconf 84' lang='grc' dir='ltr'>τοῖς</span> <span class='ocrx_word' id='word_1_535' title='bbox 687 4454 978 4522; x_wconf 83' lang='grc' dir='ltr'>ἀηττήτοις</span> <span class='ocrx_word' id='word_1_536' title='bbox 1027 4453 1189 4506; x_wconf 85' lang='grc' dir='ltr'>θῦσον</span> <span class='ocrx_word' id='word_1_537' title='bbox 1239 4452 1420 4516; x_wconf 86' lang='grc' dir='ltr'>θεοῖς·</span> <span class='ocrx_word' id='word_1_538' title='bbox 1473 4455 1522 4506; x_wconf 83' lang='grc' dir='ltr'><strong>εί</strong></span> <span class='ocrx_word' id='word_1_539' title='bbox 1551 4453 1595 4506; x_wconf 82' lang='grc' dir='ltr'>δ’</span> <span class='ocrx_word' id='word_1_540' title='bbox 1626 4452 1710 4518; x_wconf 85' lang='grc' dir='ltr'><strong>οὒ,</strong></span> 
     </span>
    </p>
   </div>
   <div class='ocr_carea' id='block_1_70' title="bbox 114 4544 1712 4617">
    <p class='ocr_par' dir='ltr' id='par_1_70' title="bbox 114 4544 1712 4617">
     <span class='ocr_line' id='line_1_70' title="bbox 114 4544 1712 4617; baseline -0.008 -17"><span class='ocrx_word' id='word_1_541' title='bbox 114 4549 363 4617; x_wconf 67' lang='grc' dir='ltr'>χαλεπὰς</span> <span class='ocrx_word' id='word_1_542' title='bbox 397 4545 603 4607; x_wconf 63' lang='grc' dir='ltr'>ἐπάξω</span> <span class='ocrx_word' id='word_1_543' title='bbox 633 4560 713 4594; x_wconf 88' lang='grc' dir='ltr'><strong>σοι</strong></span> <span class='ocrx_word' id='word_1_544' title='bbox 743 4544 1031 4612; x_wconf 85' lang='grc' dir='ltr'>τιμωρίας,</span> <span class='ocrx_word' id='word_1_545' title='bbox 1055 4544 1362 4614; x_wconf 83' lang='grc' dir='ltr'>πειθομένῳ</span> <span class='ocrx_word' id='word_1_546' title='bbox 1394 4546 1450 4598; x_wconf 86' lang='grc' dir='ltr'>δὲ</span> <span class='ocrx_word' id='word_1_547' title='bbox 1483 4545 1580 4608; x_wconf 81' lang='grc' dir='ltr'>τὰς</span> <span class='ocrx_word' id='word_1_548' title='bbox 1614 4563 1712 4614; x_wconf 84' lang='grc' dir='ltr'>με-</span> 
     </span>
    </p>
   </div>
   <div class='ocr_carea' id='block_1_71' title="bbox 1903 3273 3413 3342">
    <p class='ocr_par' dir='ltr' id='par_1_71' title="bbox 1903 3273 3413 3342">
     <span class='ocr_line' id='line_1_71' title="bbox 1903 3273 3413 3342; baseline 0.007 -14"><span class='ocrx_word' id='word_1_549' title='bbox 1903 3273 1996 3330; x_wconf 88' lang='lat' dir='ltr'><strong>lll.</strong></span> <span class='ocrx_word' id='word_1_550' title='bbox 2024 3274 2314 3342; x_wconf 87' lang='lat' dir='ltr'><strong>Postquam</strong></span> <span class='ocrx_word' id='word_1_551' title='bbox 2337 3289 2462 3328; x_wconf 87' lang='lat' dir='ltr'><strong>vero</strong></span> <span class='ocrx_word' id='word_1_552' title='bbox 2491 3275 2686 3331; x_wconf 88' lang='lat' dir='ltr'><strong>itinere</strong></span> <span class='ocrx_word' id='word_1_553' title='bbox 2717 3277 2965 3333; x_wconf 88' lang='lat' dir='ltr'><strong>confecto</strong></span> <span class='ocrx_word' id='word_1_554' title='bbox 2989 3277 3215 3335; x_wconf 78' lang='lat' dir='ltr'><strong>Romam</strong></span> <span class='ocrx_word' id='word_1_555' title='bbox 3253 3297 3413 3339; x_wconf 84' lang='lat' dir='ltr'><strong>vene-</strong></span> 
     </span>
    </p>
   </div>
   <div class='ocr_carea' id='block_1_72' title="bbox 1836 3367 3411 3438">
    <p class='ocr_par' dir='ltr' id='par_1_72' title="bbox 1836 3367 3411 3438">
     <span class='ocr_line' id='line_1_72' title="bbox 1836 3367 3411 3438; baseline 0.006 -20"><span class='ocrx_word' id='word_1_556' title='bbox 1836 3376 1990 3428; x_wconf 89' lang='lat' dir='ltr'><strong>runt,</strong></span> <span class='ocrx_word' id='word_1_557' title='bbox 2015 3381 2043 3418; x_wconf 91' lang='lat' dir='ltr'><strong>a</strong></span> <span class='ocrx_word' id='word_1_558' title='bbox 2081 3367 2328 3418; x_wconf 82' lang='lat' dir='ltr'><strong>fidelibus</strong></span> <span class='ocrx_word' id='word_1_559' title='bbox 2358 3367 2598 3434; x_wconf 89' lang='lat' dir='ltr'><strong>quidem,</strong></span> <span class='ocrx_word' id='word_1_560' title='bbox 2635 3367 2724 3433; x_wconf 89' lang='lat' dir='ltr'><strong>qui</strong></span> <span class='ocrx_word' id='word_1_561' title='bbox 2765 3378 2919 3422; x_wconf 86' lang='lat' dir='ltr'><strong>erant</strong></span> <span class='ocrx_word' id='word_1_562' title='bbox 2958 3369 3158 3434; x_wconf 66' lang='lat' dir='ltr'><strong>Batnae,</strong></span> <span class='ocrx_word' id='word_1_563' title='bbox 3197 3374 3411 3438; x_wconf 81' lang='lat' dir='ltr'><strong>agnitus</strong></span> 
     </span>
    </p>
   </div>
   <div class='ocr_carea' id='block_1_73' title="bbox 1830 3454 3406 3522">
    <p class='ocr_par' dir='ltr' id='par_1_73' title="bbox 1830 3454 3406 3522">
     <span class='ocr_line' id='line_1_73' title="bbox 1830 3454 3406 3522; baseline 0.006 -15"><span class='ocrx_word' id='word_1_564' title='bbox 1830 3455 2106 3522; x_wconf 83' lang='lat' dir='ltr'><strong>sigillatim</strong></span> <span class='ocrx_word' id='word_1_565' title='bbox 2157 3455 2222 3509; x_wconf 91' lang='lat' dir='ltr'><strong>de</strong></span> <span class='ocrx_word' id='word_1_566' title='bbox 2260 3454 2575 3509; x_wconf 81' lang='lat' dir='ltr'><strong>Eleutherio</strong></span> <span class='ocrx_word' id='word_1_567' title='bbox 2607 3457 2788 3509; x_wconf 86' lang='lat' dir='ltr'><strong>omnia</strong></span> <span class='ocrx_word' id='word_1_568' title='bbox 2819 3459 3123 3512; x_wconf 86' lang='lat' dir='ltr'><strong>annuntiat.</strong></span> <span class='ocrx_word' id='word_1_569' title='bbox 3153 3459 3406 3517; x_wconf 84' lang='lat' dir='ltr'><strong>Eleuthe-</strong></span> 
     </span>
    </p>
   </div>
   <div class='ocr_carea' id='block_1_74' title="bbox 1833 3545 3408 3616">
    <p class='ocr_par' dir='ltr' id='par_1_74' title="bbox 1833 3545 3408 3616">
     <span class='ocr_line' id='line_1_74' title="bbox 1833 3545 3408 3616; baseline 0.006 -18"><span class='ocrx_word' id='word_1_570' title='bbox 1833 3545 1975 3599; x_wconf 90' lang='lat' dir='ltr'><strong>rium</strong></span> <span class='ocrx_word' id='word_1_571' title='bbox 2023 3556 2204 3600; x_wconf 85' lang='lat' dir='ltr'><strong>autem</strong></span> <span class='ocrx_word' id='word_1_572' title='bbox 2234 3547 2418 3612; x_wconf 88' lang='lat' dir='ltr'><strong>jussus</strong></span> <span class='ocrx_word' id='word_1_573' title='bbox 2467 3549 2808 3614; x_wconf 87' lang='lat' dir='ltr'><strong>imperatoris</strong></span> <span class='ocrx_word' id='word_1_574' title='bbox 2854 3549 3150 3616; x_wconf 87' lang='lat' dir='ltr'><strong>imperabat</strong></span> <span class='ocrx_word' id='word_1_575' title='bbox 3189 3553 3305 3605; x_wconf 86' lang='lat' dir='ltr'><strong>sisti</strong></span> <span class='ocrx_word' id='word_1_576' title='bbox 3340 3554 3408 3607; x_wconf 86' lang='lat' dir='ltr'><strong>ad</strong></span> 
     </span>
    </p>
   </div>
   <div class='ocr_carea' id='block_1_75' title="bbox 1833 3636 3407 3707">
    <p class='ocr_par' dir='ltr' id='par_1_75' title="bbox 1833 3636 3407 3707">
     <span class='ocr_line' id='line_1_75' title="bbox 1833 3636 3407 3707; baseline -0.006 -15"><span class='ocrx_word' id='word_1_577' title='bbox 1833 3639 1973 3692; x_wconf 87' lang='lat' dir='ltr'><strong>illius</strong></span> <span class='ocrx_word' id='word_1_578' title='bbox 2004 3637 2258 3691; x_wconf 86' lang='lat' dir='ltr'><strong>tribunal.</strong></span> <span class='ocrx_word' id='word_1_579' title='bbox 2291 3636 2384 3690; x_wconf 91' lang='lat' dir='ltr'><strong>llle</strong></span> <span class='ocrx_word' id='word_1_580' title='bbox 2418 3651 2543 3690; x_wconf 87' lang='lat' dir='ltr'><strong>vero</strong></span> <span class='ocrx_word' id='word_1_581' title='bbox 2595 3647 2702 3690; x_wconf 86' lang='lat' dir='ltr'><strong>tam</strong></span> <span class='ocrx_word' id='word_1_582' title='bbox 2739 3653 2930 3707; x_wconf 88' lang='lat' dir='ltr'><strong>magno</strong></span> <span class='ocrx_word' id='word_1_583' title='bbox 2958 3650 3011 3693; x_wconf 89' lang='lat' dir='ltr'><strong>et</strong></span> <span class='ocrx_word' id='word_1_584' title='bbox 3042 3642 3258 3696; x_wconf 75' lang='lat' dir='ltr'><strong>excelso</strong></span> <span class='ocrx_word' id='word_1_585' title='bbox 3290 3645 3407 3698; x_wconf 89' lang='lat' dir='ltr'><strong>ani.</strong></span> 
     </span>
    </p>
   </div>
   <div class='ocr_carea' id='block_1_76' title="bbox 1829 3727 3407 3794">
    <p class='ocr_par' dir='ltr' id='par_1_76' title="bbox 1829 3727 3407 3794">
     <span class='ocr_line' id='line_1_76' title="bbox 1829 3727 3407 3794; baseline 0.004 -14"><span class='ocrx_word' id='word_1_586' title='bbox 1829 3743 1916 3781; x_wconf 92' lang='lat' dir='ltr'><strong>mo</strong></span> <span class='ocrx_word' id='word_1_587' title='bbox 1961 3727 2285 3794; x_wconf 77' lang='lat' dir='ltr'><strong>ingreditur,</strong></span> <span class='ocrx_word' id='word_1_588' title='bbox 2317 3742 2379 3781; x_wconf 87' lang='lat' dir='ltr'><strong>ac</strong></span> <span class='ocrx_word' id='word_1_589' title='bbox 2406 3729 2450 3781; x_wconf 87' lang='lat' dir='ltr'><strong>si</strong></span> <span class='ocrx_word' id='word_1_590' title='bbox 2495 3743 2599 3782; x_wconf 89' lang='lat' dir='ltr'><strong>non</strong></span> <span class='ocrx_word' id='word_1_591' title='bbox 2633 3729 2699 3780; x_wconf 88' lang='lat' dir='ltr'><strong>ad</strong></span> <span class='ocrx_word' id='word_1_592' title='bbox 2731 3731 3047 3793; x_wconf 78' lang='lat' dir='ltr'><strong>certamina,</strong></span> <span class='ocrx_word' id='word_1_593' title='bbox 3088 3732 3180 3782; x_wconf 88' lang='lat' dir='ltr'><strong>sed</strong></span> <span class='ocrx_word' id='word_1_594' title='bbox 3228 3734 3293 3784; x_wconf 90' lang='lat' dir='ltr'><strong>ad</strong></span> <span class='ocrx_word' id='word_1_595' title='bbox 3325 3734 3407 3787; x_wconf 83' lang='lat' dir='ltr'><strong>fe-</strong></span> 
     </span>
    </p>
   </div>
   <div class='ocr_carea' id='block_1_77' title="bbox 1830 3817 3403 3891">
    <p class='ocr_par' dir='ltr' id='par_1_77' title="bbox 1830 3817 3403 3891">
     <span class='ocr_line' id='line_1_77' title="bbox 1830 3817 3403 3891; baseline 0.003 -20"><span class='ocrx_word' id='word_1_596' title='bbox 1830 3828 1973 3871; x_wconf 88' lang='lat' dir='ltr'><strong>stum</strong></span> <span class='ocrx_word' id='word_1_597' title='bbox 2008 3826 2405 3870; x_wconf 89' lang='lat' dir='ltr'><strong>accerseretur.</strong></span> <span class='ocrx_word' id='word_1_598' title='bbox 2465 3817 2635 3880; x_wconf 86' lang='lat' dir='ltr'><strong>Quem</strong></span> <span class='ocrx_word' id='word_1_599' title='bbox 2683 3834 2804 3870; x_wconf 91' lang='lat' dir='ltr'><strong>cum</strong></span> <span class='ocrx_word' id='word_1_600' title='bbox 2838 3823 3137 3887; x_wconf 68' lang='lat' dir='ltr'><strong>aspexisset</strong></span> <span class='ocrx_word' id='word_1_601' title='bbox 3166 3823 3403 3891; x_wconf 86' lang='lat' dir='ltr'><strong>impera-</strong></span> 
     </span>
    </p>
   </div>
   <div class='ocr_carea' id='block_1_78' title="bbox 1829 3907 3402 3977">
    <p class='ocr_par' dir='ltr' id='par_1_78' title="bbox 1829 3907 3402 3977">
     <span class='ocr_line' id='line_1_78' title="bbox 1829 3907 3402 3977; baseline 0.003 -14"><span class='ocrx_word' id='word_1_602' title='bbox 1829 3918 1933 3972; x_wconf 92' lang='lat' dir='ltr'><strong>tor,</strong></span> <span class='ocrx_word' id='word_1_603' title='bbox 1971 3916 2030 3962; x_wconf 92' lang='lat' dir='ltr'><strong>ut</strong></span> <span class='ocrx_word' id='word_1_604' title='bbox 2068 3907 2200 3962; x_wconf 86' lang='lat' dir='ltr'><strong>vidit</strong></span> <span class='ocrx_word' id='word_1_605' title='bbox 2228 3922 2349 3962; x_wconf 92' lang='lat' dir='ltr'><strong>eum</strong></span> <span class='ocrx_word' id='word_1_606' title='bbox 2386 3922 2506 3963; x_wconf 88' lang='lat' dir='ltr'><strong>esse</strong></span> <span class='ocrx_word' id='word_1_607' title='bbox 2555 3917 2609 3962; x_wconf 92' lang='lat' dir='ltr'><strong>et</strong></span> <span class='ocrx_word' id='word_1_608' title='bbox 2635 3908 2888 3977; x_wconf 75' lang='lat' dir='ltr'><strong>juvenem</strong></span> <span class='ocrx_word' id='word_1_609' title='bbox 2921 3919 2973 3963; x_wconf 89' lang='lat' dir='ltr'><strong>et</strong></span> <span class='ocrx_word' id='word_1_610' title='bbox 3016 3909 3312 3967; x_wconf 89' lang='lat' dir='ltr'><strong>formosum</strong></span> <span class='ocrx_word' id='word_1_611' title='bbox 3345 3921 3402 3970; x_wconf 87' lang='lat' dir='ltr'><strong>et</strong></span> 
     </span>
    </p>
   </div>
   <div class='ocr_carea' id='block_1_79' title="bbox 1825 3997 3400 4056">
    <p class='ocr_par' dir='ltr' id='par_1_79' title="bbox 1825 3997 3400 4056">
     <span class='ocr_line' id='line_1_79' title="bbox 1825 3997 3400 4056; baseline 0.004 -8"><span class='ocrx_word' id='word_1_612' title='bbox 1825 3998 2042 4049; x_wconf 83' lang='lat' dir='ltr'><strong>virtutis</strong></span> <span class='ocrx_word' id='word_1_613' title='bbox 2097 4005 2418 4049; x_wconf 88' lang='lat' dir='ltr'><strong>ornamento</strong></span> <span class='ocrx_word' id='word_1_614' title='bbox 2467 4003 2521 4046; x_wconf 91' lang='lat' dir='ltr'><strong>et</strong></span> <span class='ocrx_word' id='word_1_615' title='bbox 2578 3997 2758 4048; x_wconf 86' lang='lat' dir='ltr'><strong>animo</strong></span> <span class='ocrx_word' id='word_1_616' title='bbox 2799 4005 2854 4048; x_wconf 92' lang='lat' dir='ltr'><strong>et</strong></span> <span class='ocrx_word' id='word_1_617' title='bbox 2899 3997 3066 4049; x_wconf 92' lang='lat' dir='ltr'><strong>oculis</strong></span> <span class='ocrx_word' id='word_1_618' title='bbox 3091 3999 3348 4052; x_wconf 84' lang='lat' dir='ltr'><strong>decorum</strong></span> <span class='ocrx_word' id='word_1_619' title='bbox 3379 4014 3400 4056; x_wconf 75' lang='grc' dir='ltr'><strong>τ</strong></span> 
     </span>
    </p>
   </div>
   <div class='ocr_carea' id='block_1_80' title="bbox 1824 4085 3397 4158">
    <p class='ocr_par' dir='ltr' id='par_1_80' title="bbox 1824 4085 3397 4158">
     <span class='ocr_line' id='line_1_80' title="bbox 1824 4085 3397 4158; baseline 0.002 -18"><span class='ocrx_word' id='word_1_620' title='bbox 1824 4087 1951 4148; x_wconf 90' lang='lat' dir='ltr'><strong>Cur,</strong></span> <span class='ocrx_word' id='word_1_621' title='bbox 1999 4085 2193 4154; x_wconf 90' lang='lat' dir='ltr'><strong>inquit,</strong></span> <span class='ocrx_word' id='word_1_622' title='bbox 2239 4099 2271 4138; x_wconf 91' lang='grc' dir='ltr'><strong>ο</strong></span> <span class='ocrx_word' id='word_1_623' title='bbox 2318 4085 2613 4150; x_wconf 85' lang='lat' dir='ltr'><strong>Eleutheri,</strong></span> <span class='ocrx_word' id='word_1_624' title='bbox 2650 4086 2821 4154; x_wconf 89' lang='lat' dir='ltr'><strong>patria</strong></span> <span class='ocrx_word' id='word_1_625' title='bbox 2874 4086 3061 4141; x_wconf 89' lang='lat' dir='ltr'><strong>relicta</strong></span> <span class='ocrx_word' id='word_1_626' title='bbox 3115 4088 3397 4158; x_wconf 77' lang='lat' dir='ltr'><strong>religione,</strong></span> 
     </span>
    </p>
   </div>
   <div class='ocr_carea' id='block_1_81' title="bbox 1824 4176 3396 4248">
    <p class='ocr_par' dir='ltr' id='par_1_81' title="bbox 1824 4176 3396 4248">
     <span class='ocr_line' id='line_1_81' title="bbox 1824 4176 3396 4248; baseline 0.002 -15"><span class='ocrx_word' id='word_1_627' title='bbox 1824 4180 2044 4233; x_wconf 90' lang='lat' dir='ltr'><strong>deorum</strong></span> <span class='ocrx_word' id='word_1_628' title='bbox 2093 4177 2293 4234; x_wconf 88' lang='lat' dir='ltr'><strong>cultum</strong></span> <span class='ocrx_word' id='word_1_629' title='bbox 2343 4176 2496 4232; x_wconf 87' lang='lat' dir='ltr'><strong>nihili</strong></span> <span class='ocrx_word' id='word_1_630' title='bbox 2545 4177 2776 4242; x_wconf 75' lang='lat' dir='ltr'><strong>faciens,</strong></span> <span class='ocrx_word' id='word_1_631' title='bbox 2848 4193 3046 4232; x_wconf 88' lang='lat' dir='ltr'><strong>novum</strong></span> <span class='ocrx_word' id='word_1_632' title='bbox 3110 4181 3396 4248; x_wconf 79' lang='lat' dir='ltr'><strong>quemdam</strong></span> 
     </span>
    </p>
   </div>
   <div class='ocr_carea' id='block_1_82' title="bbox 1823 4268 3396 4339">
    <p class='ocr_par' dir='ltr' id='par_1_82' title="bbox 1823 4268 3396 4339">
     <span class='ocr_line' id='line_1_82' title="bbox 1823 4268 3396 4339; baseline 0.003 -16"><span class='ocrx_word' id='word_1_633' title='bbox 1823 4271 1991 4323; x_wconf 90' lang='lat' dir='ltr'><strong>Deum</strong></span> <span class='ocrx_word' id='word_1_634' title='bbox 2023 4269 2157 4322; x_wconf 88' lang='lat' dir='ltr'><strong>colis</strong></span> <span class='ocrx_word' id='word_1_635' title='bbox 2190 4286 2204 4322; x_wconf 92' lang='lat'><strong>:</strong></span> <span class='ocrx_word' id='word_1_636' title='bbox 2247 4268 2398 4336; x_wconf 90' lang='lat' dir='ltr'><strong>isque</strong></span> <span class='ocrx_word' id='word_1_637' title='bbox 2431 4283 2550 4320; x_wconf 90' lang='lat' dir='ltr'><strong>cum</strong></span> <span class='ocrx_word' id='word_1_638' title='bbox 2582 4285 2688 4322; x_wconf 89' lang='lat' dir='ltr'><strong>non</strong></span> <span class='ocrx_word' id='word_1_639' title='bbox 2717 4270 2890 4323; x_wconf 90' lang='lat' dir='ltr'><strong>solum</strong></span> <span class='ocrx_word' id='word_1_640' title='bbox 2924 4272 2996 4323; x_wconf 87' lang='lat' dir='ltr'><strong>sit</strong></span> <span class='ocrx_word' id='word_1_641' title='bbox 3037 4284 3220 4339; x_wconf 87' lang='lat' dir='ltr'><strong>aperte</strong></span> <span class='ocrx_word' id='word_1_642' title='bbox 3253 4289 3396 4328; x_wconf 83' lang='lat' dir='ltr'><strong>mor-</strong></span> 
     </span>
    </p>
   </div>
   <div class='ocr_carea' id='block_1_83' title="bbox 1821 4357 3387 4426">
    <p class='ocr_par' dir='ltr' id='par_1_83' title="bbox 1821 4357 3387 4426">
     <span class='ocr_line' id='line_1_83' title="bbox 1821 4357 3387 4426; baseline -0.001 -11"><span class='ocrx_word' id='word_1_643' title='bbox 1821 4369 1966 4422; x_wconf 88' lang='lat' dir='ltr'><strong>tuus,</strong></span> <span class='ocrx_word' id='word_1_644' title='bbox 2003 4359 2097 4414; x_wconf 91' lang='lat' dir='ltr'><strong>sed</strong></span> <span class='ocrx_word' id='word_1_645' title='bbox 2131 4359 2295 4412; x_wconf 88' lang='lat' dir='ltr'><strong>etiam</strong></span> <span class='ocrx_word' id='word_1_646' title='bbox 2347 4367 2574 4414; x_wconf 86' lang='lat' dir='ltr'><strong>mortem</strong></span> <span class='ocrx_word' id='word_1_647' title='bbox 2621 4357 2852 4412; x_wconf 84' lang='lat' dir='ltr'><strong>subierit</strong></span> <span class='ocrx_word' id='word_1_648' title='bbox 2912 4359 3276 4426; x_wconf 87' lang='lat' dir='ltr'><strong>turpissimam</strong></span> <span class='ocrx_word' id='word_1_649' title='bbox 3312 4361 3334 4414; x_wconf 69' lang='lat'><strong><em>1</em></strong></span> <span class='ocrx_word' id='word_1_650' title='bbox 3369 4381 3387 4413; x_wconf 76' lang='grc' dir='ltr'><strong>ι</strong></span> 
     </span>
    </p>
   </div>
   <div class='ocr_carea' id='block_1_84' title="bbox 1822 4447 3393 4520">
    <p class='ocr_par' dir='ltr' id='par_1_84' title="bbox 1822 4447 3393 4520">
     <span class='ocr_line' id='line_1_84' title="bbox 1822 4447 3393 4520; baseline 0.003 -18"><span class='ocrx_word' id='word_1_651' title='bbox 1822 4449 2166 4503; x_wconf 81' lang='lat' dir='ltr'><strong>Eleutherius</strong></span> <span class='ocrx_word' id='word_1_652' title='bbox 2191 4458 2370 4502; x_wconf 87' lang='lat' dir='ltr'><strong>autem</strong></span> <span class='ocrx_word' id='word_1_653' title='bbox 2401 4448 2473 4510; x_wconf 90' lang='lat' dir='ltr'><strong>ei,</strong></span> <span class='ocrx_word' id='word_1_654' title='bbox 2500 4447 2588 4515; x_wconf 92' lang='lat' dir='ltr'><strong>qui</strong></span> <span class='ocrx_word' id='word_1_655' title='bbox 2627 4452 2684 4502; x_wconf 71' lang='lat' dir='ltr'><strong>Se</strong></span> <span class='ocrx_word' id='word_1_656' title='bbox 2717 4458 2821 4502; x_wconf 86' lang='lat' dir='ltr'><strong>tam</strong></span> <span class='ocrx_word' id='word_1_657' title='bbox 2845 4449 3003 4503; x_wconf 88' lang='lat' dir='ltr'><strong>stulte</strong></span> <span class='ocrx_word' id='word_1_658' title='bbox 3026 4451 3265 4520; x_wconf 75' lang='lat' dir='ltr'><strong>gerebat,</strong></span> <span class='ocrx_word' id='word_1_659' title='bbox 3295 4467 3393 4506; x_wconf 91' lang='lat' dir='ltr'><strong>nec</strong></span> 
     </span>
    </p>
   </div>
   <div class='ocr_carea' id='block_1_85' title="bbox 1823 4541 3390 4612">
    <p class='ocr_par' dir='ltr' id='par_1_85' title="bbox 1823 4541 3390 4612">
     <span class='ocr_line' id='line_1_85' title="bbox 1823 4541 3390 4612; baseline 0 -16"><span class='ocrx_word' id='word_1_660' title='bbox 1823 4543 2254 4610; x_wconf 87' lang='lat' dir='ltr'><strong>respondendum</strong></span> <span class='ocrx_word' id='word_1_661' title='bbox 2290 4541 2506 4610; x_wconf 84' lang='lat' dir='ltr'><strong>quidem</strong></span> <span class='ocrx_word' id='word_1_662' title='bbox 2568 4554 2690 4593; x_wconf 89' lang='lat' dir='ltr'><strong>esse</strong></span> <span class='ocrx_word' id='word_1_663' title='bbox 2733 4541 3048 4605; x_wconf 84' lang='lat' dir='ltr'><strong>arbitratus,</strong></span> <span class='ocrx_word' id='word_1_664' title='bbox 3102 4552 3155 4596; x_wconf 92' lang='lat' dir='ltr'><strong>et</strong></span> <span class='ocrx_word' id='word_1_665' title='bbox 3188 4544 3390 4612; x_wconf 84' lang='lat' dir='ltr'><strong>alioqui</strong></span> 
     </span>
    </p>
   </div>
   <div class='ocr_carea' id='block_1_86' title="bbox 114 4628 1726 4707">
    <p class='ocr_par' dir='ltr' id='par_1_86' title="bbox 114 4633 1708 4707">
     <span class='ocr_line' id='line_1_86' title="bbox 114 4633 1708 4707; baseline 0 -22"><span class='ocrx_word' id='word_1_666' title='bbox 114 4643 307 4707; x_wconf 70' lang='grc' dir='ltr'>γίπτας</span> <span class='ocrx_word' id='word_1_667' title='bbox 345 4633 593 4706; x_wconf 81' lang='grc' dir='ltr'>παρέξω</span> <span class='ocrx_word' id='word_1_668' title='bbox 623 4634 806 4701; x_wconf 78' lang='grc' dir='ltr'>τιμάς.</span> <span class='ocrx_word' id='word_1_669' title='bbox 843 4634 949 4684; x_wconf 75' lang='grc' dir='ltr'><strong>Καὶ</strong></span> <span class='ocrx_word' id='word_1_670' title='bbox 979 4636 1006 4685; x_wconf 81' lang='grc' dir='ltr'><strong>ὁ</strong></span> <span class='ocrx_word' id='word_1_671' title='bbox 1055 4633 1394 4701; x_wconf 85' lang='grc' dir='ltr'>Ἐλευθέριος</span> <span class='ocrx_word' id='word_1_672' title='bbox 1423 4636 1708 4703; x_wconf 76' lang='grc' dir='ltr'>εὐπαρῤη·</span> 
     </span>
    </p>
   </div>
   <div class='ocr_carea' id='block_1_87' title="bbox 1835 4628 3388 4707">
    <p class='ocr_par' dir='ltr' id='par_1_87' title="bbox 1839 4630 3388 4701">
     <span class='ocr_line' id='line_1_87' title="bbox 1839 4630 3388 4701; baseline -0.001 -14"><span class='ocrx_word' id='word_1_673' title='bbox 1839 4649 1992 4701; x_wconf 91' lang='lat' dir='ltr'><strong>psum</strong></span> <span class='ocrx_word' id='word_1_674' title='bbox 2049 4632 2326 4686; x_wconf 89' lang='lat' dir='ltr'><strong>Christum</strong></span> <span class='ocrx_word' id='word_1_675' title='bbox 2373 4633 2426 4684; x_wconf 87' lang='lat' dir='ltr'><strong>in</strong></span> <span class='ocrx_word' id='word_1_676' title='bbox 2483 4632 2569 4695; x_wconf 86' lang='lat' dir='ltr'><strong>iis,</strong></span> <span class='ocrx_word' id='word_1_677' title='bbox 2604 4644 2720 4696; x_wconf 65' lang='lat' dir='ltr'><strong>quae</strong></span> <span class='ocrx_word' id='word_1_678' title='bbox 2768 4646 2862 4697; x_wconf 93' lang='lat' dir='ltr'><strong>pro</strong></span> <span class='ocrx_word' id='word_1_679' title='bbox 2891 4630 3106 4684; x_wconf 90' lang='lat' dir='ltr'><strong>Christo</strong></span> <span class='ocrx_word' id='word_1_680' title='bbox 3133 4645 3388 4698; x_wconf 89' lang='lat' dir='ltr'><strong>passurus</strong></span> 
     </span>
    </p>
   </div>
   <div class='ocr_carea' id='block_1_88' title="bbox 117 4721 1716 4795">
    <p class='ocr_par' dir='ltr' id='par_1_88' title="bbox 117 4721 1716 4795">
     <span class='ocr_line' id='line_1_88' title="bbox 117 4721 1716 4795; baseline -0.003 -14"><span class='ocrx_word' id='word_1_681' title='bbox 117 4732 394 4791; x_wconf 72' lang='grc' dir='ltr'>σιὰστωςο</span> <span class='ocrx_word' id='word_1_682' title='bbox 441 4725 561 4778; x_wconf 73' lang='grc' dir='ltr'><strong>Καὶ</strong></span> <span class='ocrx_word' id='word_1_683' title='bbox 616 4721 731 4786; x_wconf 81' lang='grc' dir='ltr'>πῶς</span> <span class='ocrx_word' id='word_1_684' title='bbox 802 4725 888 4787; x_wconf 82' lang='grc' dir='ltr'><strong>ἂν,</strong></span> <span class='ocrx_word' id='word_1_685' title='bbox 927 4723 1056 4795; x_wconf 74' lang='grc' dir='ltr'>ἔφη,</span> <span class='ocrx_word' id='word_1_686' title='bbox 1113 4723 1377 4788; x_wconf 85' lang='grc' dir='ltr'>τοιούτοις</span> <span class='ocrx_word' id='word_1_687' title='bbox 1435 4724 1716 4794; x_wconf 81' lang='grc' dir='ltr'>λατρεύσω</span> 
     </span>
    </p>
   </div>
   <div class='ocr_carea' id='block_1_89' title="bbox 115 4814 1713 4888">
    <p class='ocr_par' dir='ltr' id='par_1_89' title="bbox 115 4814 1713 4888">
     <span class='ocr_line' id='line_1_89' title="bbox 115 4814 1713 4888; baseline -0.002 -19"><span class='ocrx_word' id='word_1_688' title='bbox 115 4822 290 4884; x_wconf 76' lang='grc' dir='ltr'>θεοῖς,</span> <span class='ocrx_word' id='word_1_689' title='bbox 325 4819 362 4888; x_wconf 75' lang='grc' dir='ltr'>ἢ</span> <span class='ocrx_word' id='word_1_690' title='bbox 399 4817 546 4873; x_wconf 68' lang='grc' dir='ltr'>ἄλλο</span> <span class='ocrx_word' id='word_1_691' title='bbox 593 4814 904 4884; x_wconf 77' lang='grc' dir='ltr'>ἁνεχομένῳ</span> <span class='ocrx_word' id='word_1_692' title='bbox 964 4815 1341 4886; x_wconf 86' lang='grc' dir='ltr'>συνθήσομαι;</span> <span class='ocrx_word' id='word_1_693' title='bbox 1391 4816 1512 4877; x_wconf 82' lang='grc' dir='ltr'><strong>Πῶς</strong></span> <span class='ocrx_word' id='word_1_694' title='bbox 1568 4815 1622 4867; x_wconf 79' lang='grc' dir='ltr'><strong>δὲ</strong></span> <span class='ocrx_word' id='word_1_695' title='bbox 1652 4817 1713 4866; x_wconf 82' lang='grc' dir='ltr'><strong>οὐ</strong></span> 
     </span>
    </p>
   </div>
   <div class='ocr_carea' id='block_1_90' title="bbox 123 4906 1716 4984">
    <p class='ocr_par' dir='ltr' id='par_1_90' title="bbox 123 4906 1716 4984">
     <span class='ocr_line' id='line_1_90' title="bbox 123 4906 1716 4984; baseline -0.008 -16"><span class='ocrx_word' id='word_1_696' title='bbox 123 4915 327 4984; x_wconf 73' lang='grc' dir='ltr'>μᾶλλον</span> <span class='ocrx_word' id='word_1_697' title='bbox 367 4909 696 4978; x_wconf 83' lang='grc' dir='ltr'>ἀποστῆναι</span> <span class='ocrx_word' id='word_1_698' title='bbox 721 4908 923 4960; x_wconf 82' lang='grc' dir='ltr'>τούτων</span> <span class='ocrx_word' id='word_1_699' title='bbox 953 4909 1047 4962; x_wconf 72' lang='grc' dir='ltr'>καὶ</span> <span class='ocrx_word' id='word_1_700' title='bbox 1071 4909 1197 4977; x_wconf 85' lang='grc' dir='ltr'>ὑμῖν</span> <span class='ocrx_word' id='word_1_701' title='bbox 1225 4906 1716 4975; x_wconf 69' lang='grc' dir='ltr'>συμϐουλεύσαιμις</span> 
     </span>
    </p>
   </div>
   <div class='ocr_carea' id='block_1_91' title="bbox 119 4996 1717 5066">
    <p class='ocr_par' dir='ltr' id='par_1_91' title="bbox 119 4996 1717 5066">
     <span class='ocr_line' id='line_1_91' title="bbox 119 4996 1717 5066; baseline -0.005 -9"><span class='ocrx_word' id='word_1_702' title='bbox 119 5004 507 5061; x_wconf 75' lang='grc' dir='ltr'>ἀπειθοῦντας</span> <span class='ocrx_word' id='word_1_703' title='bbox 575 5000 631 5050; x_wconf 81' lang='grc' dir='ltr'>δὲ</span> <span class='ocrx_word' id='word_1_704' title='bbox 683 4996 936 5066; x_wconf 76' lang='grc' dir='ltr'>δακρύσω</span> <span class='ocrx_word' id='word_1_705' title='bbox 966 4997 1064 5065; x_wconf 76' lang='grc' dir='ltr'>τῆς</span> <span class='ocrx_word' id='word_1_706' title='bbox 1114 4996 1390 5058; x_wconf 81' lang='grc' dir='ltr'>ἀπονοίας,</span> <span class='ocrx_word' id='word_1_707' title='bbox 1454 4997 1534 5048; x_wconf 80' lang='grc' dir='ltr'>ὅτι</span> <span class='ocrx_word' id='word_1_708' title='bbox 1574 4996 1717 5066; x_wconf 83' lang='grc' dir='ltr'>λόγῳ</span> 
     </span>
    </p>
   </div>
   <div class='ocr_carea' id='block_1_92' title="bbox 125 5088 1714 5167">
    <p class='ocr_par' dir='ltr' id='par_1_92' title="bbox 125 5088 1714 5167">
     <span class='ocr_line' id='line_1_92' title="bbox 125 5088 1714 5167; baseline -0.006 -17"><span class='ocrx_word' id='word_1_709' title='bbox 125 5100 250 5167; x_wconf 58' lang='grc' dir='ltr'>πρὸς</span> <span class='ocrx_word' id='word_1_710' title='bbox 279 5095 431 5149; x_wconf 85' lang='grc' dir='ltr'>Θεοῦ</span> <span class='ocrx_word' id='word_1_711' title='bbox 471 5089 822 5160; x_wconf 81' lang='grc' dir='ltr'>τιμηθέντες,</span> <span class='ocrx_word' id='word_1_712' title='bbox 864 5089 1036 5155; x_wconf 73' lang='grc' dir='ltr'>ξύὶων</span> <span class='ocrx_word' id='word_1_713' title='bbox 1075 5093 1170 5142; x_wconf 82' lang='grc' dir='ltr'>καὶ</span> <span class='ocrx_word' id='word_1_714' title='bbox 1213 5089 1374 5142; x_wconf 85' lang='grc' dir='ltr'>λίθων</span> <span class='ocrx_word' id='word_1_715' title='bbox 1400 5088 1714 5156; x_wconf 82' lang='grc' dir='ltr'>ἀτιμότεροι</span> 
     </span>
    </p>
   </div>
   <div class='ocr_carea' id='block_1_93' title="bbox 120 5172 1710 5256">
    <p class='ocr_par' dir='ltr' id='par_1_93' title="bbox 120 5172 1710 5256">
     <span class='ocr_line' id='line_1_93' title="bbox 120 5172 1710 5256; baseline -0.011 -17"><span class='ocrx_word' id='word_1_716' title='bbox 120 5188 548 5256; x_wconf 69' lang='grc' dir='ltr'>καθεστήκατε,</span> <span class='ocrx_word' id='word_1_717' title='bbox 587 5179 741 5241; x_wconf 73' lang='grc' dir='ltr'>θεοὺς</span> <span class='ocrx_word' id='word_1_718' title='bbox 771 5178 940 5231; x_wconf 87' lang='grc' dir='ltr'>ταῦτα</span> <span class='ocrx_word' id='word_1_719' title='bbox 965 5177 1276 5246; x_wconf 76' lang='grc' dir='ltr'>ἡγούμενοι,</span> <span class='ocrx_word' id='word_1_720' title='bbox 1310 5175 1511 5228; x_wconf 77' lang='grc' dir='ltr'>καὶτὸν</span> <span class='ocrx_word' id='word_1_721' title='bbox 1538 5172 1710 5242; x_wconf 80' lang='grc' dir='ltr'>ἀληθῆ</span> 
     </span>
    </p>
   </div>
   <div class='ocr_carea' id='block_1_94' title="bbox 122 5265 1714 5346">
    <p class='ocr_par' dir='ltr' id='par_1_94' title="bbox 122 5265 1714 5346">
     <span class='ocr_line' id='line_1_94' title="bbox 122 5265 1714 5346; baseline -0.009 -17"><span class='ocrx_word' id='word_1_722' title='bbox 122 5278 247 5329; x_wconf 74' lang='grc' dir='ltr'>θεὸν</span> <span class='ocrx_word' id='word_1_723' title='bbox 271 5277 554 5346; x_wconf 62' lang='grc' dir='ltr'>ἀφρόνως</span> <span class='ocrx_word' id='word_1_724' title='bbox 585 5271 1071 5338; x_wconf 68' lang='grc' dir='ltr'>ἀποστρεφόμενοι,</span> <span class='ocrx_word' id='word_1_725' title='bbox 1112 5268 1168 5328; x_wconf 82' lang='grc' dir='ltr'>ὃς</span> <span class='ocrx_word' id='word_1_726' title='bbox 1208 5266 1275 5318; x_wconf 75' lang='grc' dir='ltr'>τὰ</span> <span class='ocrx_word' id='word_1_727' title='bbox 1309 5267 1484 5317; x_wconf 77' lang='grc' dir='ltr'>πάντα</span> <span class='ocrx_word' id='word_1_728' title='bbox 1508 5265 1714 5334; x_wconf 72' lang='grc' dir='ltr'>ῥήματι</span> 
     </span>
    </p>
   </div>
   <div class='ocr_carea' id='block_1_95' title="bbox 124 5356 1714 5436">
    <p class='ocr_par' dir='ltr' id='par_1_95' title="bbox 124 5356 1714 5436">
     <span class='ocr_line' id='line_1_95' title="bbox 124 5356 1714 5436; baseline -0.008 -19"><span class='ocrx_word' id='word_1_729' title='bbox 124 5369 517 5436; x_wconf 75' lang='grc' dir='ltr'>συνεστήσατο</span> <span class='ocrx_word' id='word_1_730' title='bbox 617 5363 711 5412; x_wconf 73' lang='grc' dir='ltr'><strong>καὶ</strong></span> <span class='ocrx_word' id='word_1_731' title='bbox 750 5362 896 5429; x_wconf 73' lang='grc' dir='ltr'>ἡμᾶς</span> <span class='ocrx_word' id='word_1_732' title='bbox 948 5359 1022 5420; x_wconf 78' lang='grc' dir='ltr'><strong>δὲ,</strong></span> <span class='ocrx_word' id='word_1_733' title='bbox 1052 5359 1156 5411; x_wconf 81' lang='grc' dir='ltr'><strong>τῶν</strong></span> <span class='ocrx_word' id='word_1_734' title='bbox 1207 5356 1369 5409; x_wconf 82' lang='grc' dir='ltr'>αὐτοῦ</span> <span class='ocrx_word' id='word_1_735' title='bbox 1400 5357 1714 5424; x_wconf 77' lang='grc' dir='ltr'>κτισμάτων</span> 
     </span>
    </p>
   </div>
   <div class='ocr_carea' id='block_1_96' title="bbox 123 5448 1712 5520">
    <p class='ocr_par' dir='ltr' id='par_1_96' title="bbox 123 5448 1712 5520">
     <span class='ocr_line' id='line_1_96' title="bbox 123 5448 1712 5520; baseline -0.008 -9"><span class='ocrx_word' id='word_1_736' title='bbox 123 5461 177 5512; x_wconf 66' lang='grc' dir='ltr'>τὶ</span> <span class='ocrx_word' id='word_1_737' title='bbox 199 5457 512 5512; x_wconf 70' lang='grc' dir='ltr'>κάλλιστόν</span> <span class='ocrx_word' id='word_1_738' title='bbox 538 5471 598 5505; x_wconf 89' lang='grc' dir='ltr'><strong>τε</strong></span> <span class='ocrx_word' id='word_1_739' title='bbox 635 5455 723 5506; x_wconf 70' lang='grc' dir='ltr'><strong>καὶ</strong></span> <span class='ocrx_word' id='word_1_740' title='bbox 754 5453 1100 5520; x_wconf 82' lang='grc' dir='ltr'>τιμιώτατον,</span> <span class='ocrx_word' id='word_1_741' title='bbox 1132 5452 1178 5501; x_wconf 88' lang='grc' dir='ltr'><strong>εί</strong></span> <span class='ocrx_word' id='word_1_742' title='bbox 1205 5451 1295 5502; x_wconf 75' lang='grc' dir='ltr'><strong>καὶ</strong></span> <span class='ocrx_word' id='word_1_743' title='bbox 1325 5448 1512 5516; x_wconf 78' lang='grc' dir='ltr'>ὥσπερ</span> <span class='ocrx_word' id='word_1_744' title='bbox 1539 5452 1594 5500; x_wconf 76' lang='grc' dir='ltr'>ἐν</span> <span class='ocrx_word' id='word_1_745' title='bbox 1620 5466 1712 5498; x_wconf 89' lang='grc' dir='ltr'>νυ-</span> 
     </span>
    </p>
   </div>
   <div class='ocr_carea' id='block_1_97' title="bbox 128 5542 1715 5622">
    <p class='ocr_par' dir='ltr' id='par_1_97' title="bbox 128 5542 1715 5622">
     <span class='ocr_line' id='line_1_97' title="bbox 128 5542 1715 5622; baseline -0.008 -18"><span class='ocrx_word' id='word_1_746' title='bbox 128 5553 435 5622; x_wconf 70' lang='grc' dir='ltr'>κτομαχίᾳ,</span> <span class='ocrx_word' id='word_1_747' title='bbox 466 5551 532 5600; x_wconf 74' lang='grc' dir='ltr'><strong>τὸ</strong></span> <span class='ocrx_word' id='word_1_748' title='bbox 562 5547 718 5614; x_wconf 76' lang='grc' dir='ltr'>φίλον</span> <span class='ocrx_word' id='word_1_749' title='bbox 767 5564 822 5597; x_wconf 90' lang='grc' dir='ltr'><strong>τε</strong></span> <span class='ocrx_word' id='word_1_750' title='bbox 857 5546 950 5598; x_wconf 68' lang='grc' dir='ltr'><strong>καὶ</strong></span> <span class='ocrx_word' id='word_1_751' title='bbox 984 5544 1231 5612; x_wconf 81' lang='grc' dir='ltr'>πολέμιον</span> <span class='ocrx_word' id='word_1_752' title='bbox 1263 5542 1588 5611; x_wconf 78' lang='grc' dir='ltr'>ἀγνοοῦμεν;</span> <span class='ocrx_word' id='word_1_753' title='bbox 1621 5543 1715 5616; x_wconf 58' lang='lat' dir='ltr'><strong>xui;</strong></span> 
     </span>
    </p>
   </div>
   <div class='ocr_carea' id='block_1_98' title="bbox 133 5634 1711 5715">
    <p class='ocr_par' dir='ltr' id='par_1_98' title="bbox 133 5634 1711 5715">
     <span class='ocr_line' id='line_1_98' title="bbox 133 5634 1711 5715; baseline -0.006 -21"><span class='ocrx_word' id='word_1_754' title='bbox 133 5646 261 5715; x_wconf 62' lang='grc' dir='ltr'>πρὸς</span> <span class='ocrx_word' id='word_1_755' title='bbox 293 5647 399 5710; x_wconf 82' lang='grc' dir='ltr'><strong>μὲν</strong></span> <span class='ocrx_word' id='word_1_756' title='bbox 435 5642 536 5694; x_wconf 67' lang='grc' dir='ltr'>τὸν</span> <span class='ocrx_word' id='word_1_757' title='bbox 595 5639 856 5708; x_wconf 75' lang='grc' dir='ltr'>ἡμέτερον</span> <span class='ocrx_word' id='word_1_758' title='bbox 915 5638 1183 5706; x_wconf 74' lang='grc' dir='ltr'>Δεσπότην</span> <span class='ocrx_word' id='word_1_759' title='bbox 1235 5634 1711 5704; x_wconf 71' lang='grc' dir='ltr'>ἑκπολεμούμεθα,</span> 
     </span>
    </p>
   </div>
   <div class='ocr_carea' id='block_1_99' title="bbox 193 5770 961 5832">
    <p class='ocr_par' dir='ltr' id='par_1_99' title="bbox 193 5770 961 5832">
     <span class='ocr_line' id='line_1_99' title="bbox 193 5770 961 5832; baseline -0.02 2"><span class='ocrx_word' id='word_1_760' title='bbox 193 5782 211 5808; x_wconf 87' lang='grc'>¹</span> <span class='ocrx_word' id='word_1_761' title='bbox 240 5781 368 5832; x_wconf 72' lang='lat' dir='ltr'><strong>Act.</strong></span> <span class='ocrx_word' id='word_1_762' title='bbox 412 5791 538 5828; x_wconf 72' lang='grc' dir='ltr'>ιἰιι.</span> <span class='ocrx_word' id='word_1_763' title='bbox 624 5772 641 5800; x_wconf 88' lang='grc'>³</span> <span class='ocrx_word' id='word_1_764' title='bbox 687 5770 812 5824; x_wconf 90' lang='lat' dir='ltr'><strong>Luc.</strong></span> <span class='ocrx_word' id='word_1_765' title='bbox 853 5786 961 5822; x_wconf 71' lang='lat' dir='ltr'><strong>XXI.</strong></span> 
     </span>
    </p>
   </div>
   <div class='ocr_carea' id='block_1_100' title="bbox 1815 4720 3390 4792">
    <p class='ocr_par' dir='ltr' id='par_1_100' title="bbox 1815 4720 3390 4792">
     <span class='ocr_line' id='line_1_100' title="bbox 1815 4720 3390 4792; baseline 0 -13"><span class='ocrx_word' id='word_1_766' title='bbox 1815 4735 1954 4787; x_wconf 90' lang='lat' dir='ltr'><strong>erat,</strong></span> <span class='ocrx_word' id='word_1_767' title='bbox 1988 4724 2206 4780; x_wconf 89' lang='lat' dir='ltr'><strong>imitans</strong></span> <span class='ocrx_word' id='word_1_768' title='bbox 2234 4721 2412 4778; x_wconf 86' lang='lat' dir='ltr'><strong>stabat</strong></span> <span class='ocrx_word' id='word_1_769' title='bbox 2439 4732 2642 4777; x_wconf 87' lang='lat' dir='ltr'><strong>tacens.</strong></span> <span class='ocrx_word' id='word_1_770' title='bbox 2676 4740 2695 4774; x_wconf 78' lang='grc' dir='ltr'><strong>ι</strong></span> <span class='ocrx_word' id='word_1_771' title='bbox 2730 4720 2836 4778; x_wconf 90' lang='lat' dir='ltr'><strong>Sed</strong></span> <span class='ocrx_word' id='word_1_772' title='bbox 2869 4726 3156 4792; x_wconf 81' lang='lat' dir='ltr'><strong>responde,</strong></span> <span class='ocrx_word' id='word_1_773' title='bbox 3196 4741 3390 4779; x_wconf 77' lang='lat' dir='ltr'><strong>rursus</strong></span> 
     </span>
    </p>
   </div>
   <div class='ocr_carea' id='block_1_101' title="bbox 1815 4815 3382 4888">
    <p class='ocr_par' dir='ltr' id='par_1_101' title="bbox 1815 4815 3382 4888">
     <span class='ocr_line' id='line_1_101' title="bbox 1815 4815 3382 4888; baseline 0 -18"><span class='ocrx_word' id='word_1_774' title='bbox 1815 4817 1948 4871; x_wconf 79' lang='lat' dir='ltr'><strong>dixit</strong></span> <span class='ocrx_word' id='word_1_775' title='bbox 1985 4818 2312 4883; x_wconf 87' lang='lat' dir='ltr'><strong>imperator:</strong></span> <span class='ocrx_word' id='word_1_776' title='bbox 2355 4815 2454 4880; x_wconf 88' lang='lat' dir='ltr'><strong>Qui</strong></span> <span class='ocrx_word' id='word_1_777' title='bbox 2482 4816 2560 4878; x_wconf 89' lang='lat' dir='ltr'><strong>fit,</strong></span> <span class='ocrx_word' id='word_1_778' title='bbox 2589 4816 2730 4880; x_wconf 88' lang='lat' dir='ltr'><strong>quod</strong></span> <span class='ocrx_word' id='word_1_779' title='bbox 2760 4827 2808 4867; x_wconf 84' lang='lat' dir='ltr'><strong>te</strong></span> <span class='ocrx_word' id='word_1_780' title='bbox 2843 4825 2948 4868; x_wconf 80' lang='lat' dir='ltr'><strong>tam</strong></span> <span class='ocrx_word' id='word_1_781' title='bbox 2980 4816 3180 4870; x_wconf 90' lang='lat' dir='ltr'><strong>stolide</strong></span> <span class='ocrx_word' id='word_1_782' title='bbox 3204 4833 3382 4888; x_wconf 82' lang='lat' dir='ltr'><strong>geras,</strong></span> 
     </span>
    </p>
   </div>
   <div class='ocr_carea' id='block_1_102' title="bbox 1812 4903 3387 4960">
    <p class='ocr_par' dir='ltr' id='par_1_102' title="bbox 1812 4903 3387 4960">
     <span class='ocr_line' id='line_1_102' title="bbox 1812 4903 3387 4960; baseline -0.001 0"><span class='ocrx_word' id='word_1_783' title='bbox 1812 4917 1867 4960; x_wconf 91' lang='lat' dir='ltr'><strong>et</strong></span> <span class='ocrx_word' id='word_1_784' title='bbox 1896 4909 1950 4958; x_wconf 90' lang='lat' dir='ltr'><strong>in</strong></span> <span class='ocrx_word' id='word_1_785' title='bbox 1980 4906 2124 4958; x_wconf 89' lang='lat' dir='ltr'><strong>hunc</strong></span> <span class='ocrx_word' id='word_1_786' title='bbox 2149 4903 2576 4957; x_wconf 90' lang='lat' dir='ltr'><strong>Christianorum</strong></span> <span class='ocrx_word' id='word_1_787' title='bbox 2607 4903 2808 4956; x_wconf 86' lang='lat' dir='ltr'><strong>cultum</strong></span> <span class='ocrx_word' id='word_1_788' title='bbox 2841 4903 3088 4958; x_wconf 82' lang='lat' dir='ltr'><strong>insanum</strong></span> <span class='ocrx_word' id='word_1_789' title='bbox 3127 4915 3177 4960; x_wconf 88' lang='lat' dir='ltr'><strong>te</strong></span> <span class='ocrx_word' id='word_1_790' title='bbox 3205 4906 3387 4960; x_wconf 77' lang='lat' dir='ltr'><strong>immi-</strong></span> 
     </span>
    </p>
   </div>
   <div class='ocr_carea' id='block_1_103' title="bbox 1811 4994 3384 5062">
    <p class='ocr_par' dir='ltr' id='par_1_103' title="bbox 1811 4994 3384 5062">
     <span class='ocr_line' id='line_1_103' title="bbox 1811 4994 3384 5062; baseline -0.003 -10"><span class='ocrx_word' id='word_1_791' title='bbox 1811 4997 1950 5052; x_wconf 85' lang='lat' dir='ltr'><strong>seris</strong></span> <span class='ocrx_word' id='word_1_792' title='bbox 1983 4995 2005 5048; x_wconf 75' lang='grc'><strong><em>2</em></strong></span> <span class='ocrx_word' id='word_1_793' title='bbox 2045 5013 2063 5045; x_wconf 73' lang='grc' dir='ltr'><strong>ι</strong></span> <span class='ocrx_word' id='word_1_794' title='bbox 2107 4995 2306 5048; x_wconf 86' lang='lat' dir='ltr'><strong>Deinde</strong></span> <span class='ocrx_word' id='word_1_795' title='bbox 2341 4994 2675 5062; x_wconf 83' lang='lat' dir='ltr'><strong>aliquantum</strong></span> <span class='ocrx_word' id='word_1_796' title='bbox 2709 4997 2989 5050; x_wconf 85' lang='lat' dir='ltr'><strong>remittens</strong></span> <span class='ocrx_word' id='word_1_797' title='bbox 3021 4997 3084 5050; x_wconf 88' lang='lat' dir='ltr'><strong>de</strong></span> <span class='ocrx_word' id='word_1_798' title='bbox 3114 4999 3384 5050; x_wconf 84' lang='lat' dir='ltr'><strong>acerbita-</strong></span> 
     </span>
    </p>
   </div>
   <div class='ocr_carea' id='block_1_104' title="bbox 1812 5083 3381 5154">
    <p class='ocr_par' dir='ltr' id='par_1_104' title="bbox 1812 5083 3381 5154">
     <span class='ocr_line' id='line_1_104' title="bbox 1812 5083 3381 5154; baseline 0.001 -13"><span class='ocrx_word' id='word_1_799' title='bbox 1812 5097 1866 5142; x_wconf 91' lang='lat' dir='ltr'><strong>te</strong></span> <span class='ocrx_word' id='word_1_800' title='bbox 1896 5106 1908 5142; x_wconf 92' lang='lat'><strong>:</strong></span> <span class='ocrx_word' id='word_1_801' title='bbox 1940 5105 1957 5138; x_wconf 82' lang='grc' dir='ltr'><strong>ι</strong></span> <span class='ocrx_word' id='word_1_802' title='bbox 1995 5083 2153 5151; x_wconf 74' lang='lat' dir='ltr'><strong>Pure,</strong></span> <span class='ocrx_word' id='word_1_803' title='bbox 2187 5085 2378 5154; x_wconf 87' lang='lat' dir='ltr'><strong>inquit,</strong></span> <span class='ocrx_word' id='word_1_804' title='bbox 2406 5085 2538 5138; x_wconf 87' lang='lat' dir='ltr'><strong>mihi</strong></span> <span class='ocrx_word' id='word_1_805' title='bbox 2567 5095 2619 5138; x_wconf 91' lang='lat' dir='ltr'><strong>et</strong></span> <span class='ocrx_word' id='word_1_806' title='bbox 2646 5085 2750 5139; x_wconf 88' lang='lat' dir='ltr'><strong>diis</strong></span> <span class='ocrx_word' id='word_1_807' title='bbox 2781 5083 2997 5138; x_wconf 84' lang='lat' dir='ltr'><strong>invictis</strong></span> <span class='ocrx_word' id='word_1_808' title='bbox 3026 5086 3288 5143; x_wconf 83' lang='lat' dir='ltr'><strong>sacriﬁca.</strong></span> <span class='ocrx_word' id='word_1_809' title='bbox 3322 5088 3381 5143; x_wconf 87' lang='lat' dir='ltr'><strong>Si</strong></span> 
     </span>
    </p>
   </div>
   <div class='ocr_carea' id='block_1_105' title="bbox 1817 5176 3382 5247">
    <p class='ocr_par' dir='ltr' id='par_1_105' title="bbox 1817 5176 3382 5247">
     <span class='ocr_line' id='line_1_105' title="bbox 1817 5176 3382 5247; baseline -0.001 -11"><span class='ocrx_word' id='word_1_810' title='bbox 1817 5183 1960 5236; x_wconf 89' lang='lat' dir='ltr'><strong>enim</strong></span> <span class='ocrx_word' id='word_1_811' title='bbox 1998 5193 2292 5247; x_wconf 88' lang='lat' dir='ltr'><strong>persuasus</strong></span> <span class='ocrx_word' id='word_1_812' title='bbox 2331 5179 2690 5240; x_wconf 84' lang='lat' dir='ltr'><strong>convertaris,</strong></span> <span class='ocrx_word' id='word_1_813' title='bbox 2740 5176 2974 5230; x_wconf 88' lang='lat' dir='ltr'><strong>honores</strong></span> <span class='ocrx_word' id='word_1_814' title='bbox 3011 5179 3101 5230; x_wconf 89' lang='lat' dir='ltr'><strong>tibi</strong></span> <span class='ocrx_word' id='word_1_815' title='bbox 3133 5181 3382 5246; x_wconf 65' lang='lat' dir='ltr'><strong>praebebo</strong></span> 
     </span>
    </p>
   </div>
   <div class='ocr_carea' id='block_1_106' title="bbox 1816 5268 3379 5335">
    <p class='ocr_par' dir='ltr' id='par_1_106' title="bbox 1816 5268 3379 5335">
     <span class='ocr_line' id='line_1_106' title="bbox 1816 5268 3379 5335; baseline 0.001 -12"><span class='ocrx_word' id='word_1_816' title='bbox 1816 5270 2079 5324; x_wconf 80' lang='lat' dir='ltr'><strong>maximos</strong></span> <span class='ocrx_word' id='word_1_817' title='bbox 2115 5288 2126 5324; x_wconf 88' lang='lat'><strong>:</strong></span> <span class='ocrx_word' id='word_1_818' title='bbox 2163 5269 2245 5322; x_wconf 89' lang='lat' dir='ltr'><strong>sin</strong></span> <span class='ocrx_word' id='word_1_819' title='bbox 2291 5277 2470 5321; x_wconf 80' lang='lat' dir='ltr'><strong>autem</strong></span> <span class='ocrx_word' id='word_1_820' title='bbox 2504 5283 2606 5319; x_wconf 92' lang='lat' dir='ltr'><strong>non</strong></span> <span class='ocrx_word' id='word_1_821' title='bbox 2637 5281 2845 5334; x_wconf 87' lang='lat' dir='ltr'><strong>pareas,</strong></span> <span class='ocrx_word' id='word_1_822' title='bbox 2892 5268 3206 5335; x_wconf 81' lang='lat' dir='ltr'><strong>gravissima</strong></span> <span class='ocrx_word' id='word_1_823' title='bbox 3246 5271 3379 5325; x_wconf 85' lang='lat' dir='ltr'><strong>infe-</strong></span> 
     </span>
    </p>
   </div>
   <div class='ocr_carea' id='block_1_107' title="bbox 1816 5357 3381 5430">
    <p class='ocr_par' dir='ltr' id='par_1_107' title="bbox 1816 5357 3381 5430">
     <span class='ocr_line' id='line_1_107' title="bbox 1816 5357 3381 5430; baseline 0.001 -16"><span class='ocrx_word' id='word_1_824' title='bbox 1816 5378 1927 5415; x_wconf 89' lang='lat' dir='ltr'><strong>ram</strong></span> <span class='ocrx_word' id='word_1_825' title='bbox 1992 5363 2274 5430; x_wconf 82' lang='lat' dir='ltr'><strong>supplicia.</strong></span> <span class='ocrx_word' id='word_1_826' title='bbox 2336 5359 2676 5412; x_wconf 86' lang='lat' dir='ltr'><strong>Eleutherius</strong></span> <span class='ocrx_word' id='word_1_827' title='bbox 2735 5375 2860 5412; x_wconf 84' lang='lat' dir='ltr'><strong>vero</strong></span> <span class='ocrx_word' id='word_1_828' title='bbox 2937 5357 3164 5414; x_wconf 90' lang='lat' dir='ltr'><strong>Domino</strong></span> <span class='ocrx_word' id='word_1_829' title='bbox 3231 5365 3381 5416; x_wconf 82' lang='lat' dir='ltr'><strong>invo-</strong></span> 
     </span>
    </p>
   </div>
   <div class='ocr_carea' id='block_1_108' title="bbox 1813 5450 3376 5522">
    <p class='ocr_par' dir='ltr' id='par_1_108' title="bbox 1813 5450 3376 5522">
     <span class='ocr_line' id='line_1_108' title="bbox 1813 5450 3376 5522; baseline 0.001 -15"><span class='ocrx_word' id='word_1_830' title='bbox 1813 5467 1952 5517; x_wconf 80' lang='lat' dir='ltr'><strong>Cato,</strong></span> <span class='ocrx_word' id='word_1_831' title='bbox 2021 5458 2110 5522; x_wconf 91' lang='lat' dir='ltr'><strong>qui</strong></span> <span class='ocrx_word' id='word_1_832' title='bbox 2163 5453 2292 5504; x_wconf 81' lang='lat' dir='ltr'><strong>dixit</strong></span> <span class='ocrx_word' id='word_1_833' title='bbox 2346 5471 2358 5505; x_wconf 90' lang='lat'><strong>:</strong></span> <span class='ocrx_word' id='word_1_834' title='bbox 2411 5450 2583 5504; x_wconf 77' lang='lat' dir='ltr'><strong>Nolite</strong></span> <span class='ocrx_word' id='word_1_835' title='bbox 2643 5466 2762 5504; x_wconf 87' lang='lat' dir='ltr'><strong>esse</strong></span> <span class='ocrx_word' id='word_1_836' title='bbox 2809 5450 3061 5517; x_wconf 89' lang='lat' dir='ltr'><strong>solliciti,</strong></span> <span class='ocrx_word' id='word_1_837' title='bbox 3110 5457 3376 5519; x_wconf 85' lang='lat' dir='ltr'><strong>quomodo</strong></span> 
     </span>
    </p>
   </div>
   <div class='ocr_carea' id='block_1_109' title="bbox 1811 5532 3378 5613">
    <p class='ocr_par' dir='ltr' id='par_1_109' title="bbox 1811 5532 3378 5613">
     <span class='ocr_line' id='line_1_109' title="bbox 1811 5532 3378 5613; baseline 0 -15"><span class='ocrx_word' id='word_1_838' title='bbox 1811 5555 1904 5598; x_wconf 88' lang='lat' dir='ltr'><strong>aut</strong></span> <span class='ocrx_word' id='word_1_839' title='bbox 1953 5547 2079 5613; x_wconf 88' lang='lat' dir='ltr'><strong>quid</strong></span> <span class='ocrx_word' id='word_1_840' title='bbox 2133 5545 2516 5610; x_wconf 75' lang='lat' dir='ltr'><strong>respondeatis.</strong></span> <span class='ocrx_word' id='word_1_841' title='bbox 2567 5532 2786 5595; x_wconf 68' lang='lat' dir='ltr'><strong>Dabitur</strong></span> <span class='ocrx_word' id='word_1_842' title='bbox 2833 5544 2974 5595; x_wconf 87' lang='lat' dir='ltr'><strong>enim</strong></span> <span class='ocrx_word' id='word_1_843' title='bbox 3007 5543 3177 5607; x_wconf 84' lang='lat' dir='ltr'><strong>vobis,</strong></span> <span class='ocrx_word' id='word_1_844' title='bbox 3208 5548 3378 5610; x_wconf 86' lang='lat' dir='ltr'><strong>inquit</strong></span> 
     </span>
    </p>
   </div>
   <div class='ocr_carea' id='block_1_110' title="bbox 1815 5632 3378 5703">
    <p class='ocr_par' dir='ltr' id='par_1_110' title="bbox 1815 5632 3378 5703">
     <span class='ocr_line' id='line_1_110' title="bbox 1815 5632 3378 5703; baseline 0 -15"><span class='ocrx_word' id='word_1_845' title='bbox 1815 5635 1920 5700; x_wconf 89' lang='lat' dir='ltr'><strong>ille,</strong></span> <span class='ocrx_word' id='word_1_846' title='bbox 1964 5633 2248 5703; x_wconf 84' lang='lat' dir='ltr'><strong>sapientia,</strong></span> <span class='ocrx_word' id='word_1_847' title='bbox 2286 5632 2367 5686; x_wconf 89' lang='lat' dir='ltr'><strong>cui</strong></span> <span class='ocrx_word' id='word_1_848' title='bbox 2422 5632 2596 5686; x_wconf 89' lang='lat' dir='ltr'><strong>nullus</strong></span> <span class='ocrx_word' id='word_1_849' title='bbox 2655 5632 2850 5700; x_wconf 83' lang='lat' dir='ltr'><strong>poterit</strong></span> <span class='ocrx_word' id='word_1_850' title='bbox 2897 5634 3378 5697; x_wconf 80' lang='lat' dir='ltr'><strong>resistere’:Quo—</strong></span> 
     </span>
    </p>
   </div>
  </div>
