  <div class='ocr_page' id='page_1' title='image "/cluster/home/n/w/nwhite01/storage/ocr_20150623/115/uva.x004215515/081.png"; bbox 0 0 4180 6462; ppageno 0'>
   <div class='ocr_carea' id='block_1_1' title="bbox 790 410 4022 487">
    <p class='ocr_par' dir='ltr' id='par_1_1' title="bbox 790 410 4022 487">
     <span class='ocr_line' id='line_1_1' title="bbox 790 410 4022 487; baseline -0.002 -15"><span class='ocrx_word' id='word_1_1' title='bbox 790 421 883 487; x_wconf 80' lang='lat'><strong>|31</strong></span> <span class='ocrx_word' id='word_1_2' title='bbox 2071 410 2356 470; x_wconf 75' lang='lat' dir='ltr'><strong>MENSIS</strong></span> <span class='ocrx_word' id='word_1_3' title='bbox 2389 411 2725 471; x_wconf 78' lang='lat' dir='ltr'><strong>APRILIS.</strong></span> <span class='ocrx_word' id='word_1_4' title='bbox 3931 417 4022 477; x_wconf 74' lang='lat'><strong>132</strong></span> 
     </span>
    </p>
   </div>
   <div class='ocr_carea' id='block_1_2' title="bbox 789 517 2361 599">
    <p class='ocr_par' dir='ltr' id='par_1_2' title="bbox 789 520 2354 599">
     <span class='ocr_line' id='line_1_2' title="bbox 789 520 2354 599; baseline -0.01 -10"><span class='ocrx_word' id='word_1_5' title='bbox 789 532 968 597; x_wconf 89' lang='lat' dir='ltr'><strong>modo,</strong></span> <span class='ocrx_word' id='word_1_6' title='bbox 1005 528 1196 599; x_wconf 98' lang='lat' dir='ltr'><strong>inquit,</strong></span> <span class='ocrx_word' id='word_1_7' title='bbox 1229 537 1416 597; x_wconf 87' lang='lat' dir='ltr'><strong>potero</strong></span> <span class='ocrx_word' id='word_1_8' title='bbox 1457 526 1728 579; x_wconf 84' lang='lat' dir='ltr'><strong>sustinere</strong></span> <span class='ocrx_word' id='word_1_9' title='bbox 1768 520 1966 575; x_wconf 90' lang='lat' dir='ltr'><strong>talibus</strong></span> <span class='ocrx_word' id='word_1_10' title='bbox 1998 520 2102 574; x_wconf 85' lang='lat' dir='ltr'><strong>diis</strong></span> <span class='ocrx_word' id='word_1_11' title='bbox 2130 523 2354 586; x_wconf 78' lang='lat' dir='ltr'><strong>servire,</strong></span> 
     </span>
    </p>
   </div>
   <div class='ocr_carea' id='block_1_3' title="bbox 2452 517 4026 599">
    <p class='ocr_par' dir='ltr' id='par_1_3' title="bbox 2462 517 4026 592">
     <span class='ocr_line' id='line_1_3' title="bbox 2462 517 4026 592; baseline -0.002 -20"><span class='ocrx_word' id='word_1_12' title='bbox 2462 521 2587 576; x_wconf 72' lang='grc' dir='ltr'>τοὺς</span> <span class='ocrx_word' id='word_1_13' title='bbox 2618 520 2673 572; x_wconf 76' lang='grc' dir='ltr'>δι</span> <span class='ocrx_word' id='word_1_14' title='bbox 2695 518 2912 586; x_wconf 83' lang='grc' dir='ltr'>ἀληθῶς</span> <span class='ocrx_word' id='word_1_15' title='bbox 2940 517 3233 586; x_wconf 84' lang='grc' dir='ltr'>πολεμίους</span> <span class='ocrx_word' id='word_1_16' title='bbox 3260 519 3382 582; x_wconf 70' lang='grc' dir='ltr'>τοὺς</span> <span class='ocrx_word' id='word_1_17' title='bbox 3406 520 3669 588; x_wconf 71' lang='grc' dir='ltr'>δαίμονας</span> <span class='ocrx_word' id='word_1_18' title='bbox 3719 527 3909 592; x_wconf 77' lang='grc' dir='ltr'>τιμαῖς</span> <span class='ocrx_word' id='word_1_19' title='bbox 3942 528 4026 579; x_wconf 75' lang='grc' dir='ltr'><strong>θι-</strong></span> 
     </span>
    </p>
   </div>
   <div class='ocr_carea' id='block_1_4' title="bbox 791 609 2361 683">
    <p class='ocr_par' dir='ltr' id='par_1_4' title="bbox 791 613 2348 683">
     <span class='ocr_line' id='line_1_4' title="bbox 791 613 2348 683; baseline -0.01 -4"><span class='ocrx_word' id='word_1_20' title='bbox 791 634 884 679; x_wconf 86' lang='lat' dir='ltr'><strong>ant</strong></span> <span class='ocrx_word' id='word_1_21' title='bbox 926 624 1016 676; x_wconf 88' lang='lat' dir='ltr'><strong>alii</strong></span> <span class='ocrx_word' id='word_1_22' title='bbox 1065 622 1351 674; x_wconf 78' lang='lat' dir='ltr'><strong>sustinenti</strong></span> <span class='ocrx_word' id='word_1_23' title='bbox 1385 619 1652 672; x_wconf 85' lang='lat' dir='ltr'><strong>assentiar</strong></span> <span class='ocrx_word' id='word_1_24' title='bbox 1681 613 2014 683; x_wconf 51' lang='lat' dir='ltr'><strong>{Quomodo</strong></span> <span class='ocrx_word' id='word_1_25' title='bbox 2044 622 2348 664; x_wconf 77' lang='lat' dir='ltr'><strong>autemnon</strong></span> 
     </span>
    </p>
   </div>
   <div class='ocr_carea' id='block_1_5' title="bbox 2452 609 4025 683">
    <p class='ocr_par' dir='ltr' id='par_1_5' title="bbox 2461 609 4025 682">
     <span class='ocr_line' id='line_1_5' title="bbox 2461 609 4025 682; baseline 0.004 -20"><span class='ocrx_word' id='word_1_26' title='bbox 2461 611 2772 682; x_wconf 76' lang='grc' dir='ltr'>ραπεύομεν</span> <span class='ocrx_word' id='word_1_27' title='bbox 2804 612 2896 662; x_wconf 80' lang='grc' dir='ltr'><strong>καὶ</strong></span> <span class='ocrx_word' id='word_1_28' title='bbox 2918 609 3148 671; x_wconf 84' lang='grc' dir='ltr'>θυσίαις.</span> <span class='ocrx_word' id='word_1_29' title='bbox 3183 610 3397 676; x_wconf 83' lang='grc' dir='ltr'>Ἔγωγε</span> <span class='ocrx_word' id='word_1_30' title='bbox 3419 610 3510 662; x_wconf 77' lang='grc' dir='ltr'><strong>οὖν</strong></span> <span class='ocrx_word' id='word_1_31' title='bbox 3535 610 3630 663; x_wconf 75' lang='grc' dir='ltr'>τοῦ</span> <span class='ocrx_word' id='word_1_32' title='bbox 3658 613 3798 680; x_wconf 74' lang='grc' dir='ltr'>ἐμοῦ</span> <span class='ocrx_word' id='word_1_33' title='bbox 3826 617 4025 669; x_wconf 59' lang='lat' dir='ltr'><strong>Accad-</strong></span> 
     </span>
    </p>
   </div>
   <div class='ocr_carea' id='block_1_6' title="bbox 793 699 2361 785">
    <p class='ocr_par' dir='ltr' id='par_1_6' title="bbox 793 705 2348 785">
     <span class='ocr_line' id='line_1_6' title="bbox 793 705 2348 785; baseline -0.008 -17"><span class='ocrx_word' id='word_1_34' title='bbox 793 717 961 785; x_wconf 83' lang='lat' dir='ltr'><strong>magis</strong></span> <span class='ocrx_word' id='word_1_35' title='bbox 996 715 1146 768; x_wconf 75' lang='lat' dir='ltr'><strong>vobis</strong></span> <span class='ocrx_word' id='word_1_36' title='bbox 1182 712 1541 767; x_wconf 82' lang='lat' dir='ltr'><strong>consuluerim</strong></span> <span class='ocrx_word' id='word_1_37' title='bbox 1573 710 1640 762; x_wconf 80' lang='lat' dir='ltr'><strong>ab</strong></span> <span class='ocrx_word' id='word_1_38' title='bbox 1661 708 1736 761; x_wconf 85' lang='lat' dir='ltr'><strong>eis</strong></span> <span class='ocrx_word' id='word_1_39' title='bbox 1770 707 2002 760; x_wconf 78' lang='lat' dir='ltr'><strong>deﬁcere</strong></span> <span class='ocrx_word' id='word_1_40' title='bbox 2039 721 2052 758; x_wconf 92' lang='lat'>:</span> <span class='ocrx_word' id='word_1_41' title='bbox 2080 714 2132 757; x_wconf 88' lang='lat' dir='ltr'><strong>et</strong></span> <span class='ocrx_word' id='word_1_42' title='bbox 2170 705 2213 758; x_wconf 90' lang='lat' dir='ltr'><strong>si</strong></span> <span class='ocrx_word' id='word_1_43' title='bbox 2243 718 2348 755; x_wconf 86' lang='lat' dir='ltr'><strong>non</strong></span> 
     </span>
    </p>
   </div>
   <div class='ocr_carea' id='block_1_7' title="bbox 2452 699 4024 785">
    <p class='ocr_par' dir='ltr' id='par_1_7' title="bbox 2458 699 4024 773">
     <span class='ocr_line' id='line_1_7' title="bbox 2458 699 4024 773; baseline 0.004 -21"><span class='ocrx_word' id='word_1_44' title='bbox 2458 717 2550 752; x_wconf 85' lang='grc' dir='ltr'>του</span> <span class='ocrx_word' id='word_1_45' title='bbox 2586 702 2676 752; x_wconf 73' lang='grc' dir='ltr'><strong>ἀεὶ</strong></span> <span class='ocrx_word' id='word_1_46' title='bbox 2731 699 3054 768; x_wconf 74' lang='grc' dir='ltr'><strong>περιέχομαι</strong></span> <span class='ocrx_word' id='word_1_47' title='bbox 3119 716 3179 751; x_wconf 87' lang='grc' dir='ltr'><strong>τε</strong></span> <span class='ocrx_word' id='word_1_48' title='bbox 3243 701 3338 751; x_wconf 71' lang='grc' dir='ltr'><strong>καὶ</strong></span> <span class='ocrx_word' id='word_1_49' title='bbox 3399 702 3746 770; x_wconf 70' lang='grc' dir='ltr'>περιέξνιμαι,</span> <span class='ocrx_word' id='word_1_50' title='bbox 3808 705 4024 773; x_wconf 79' lang='grc' dir='ltr'>ἀτιμίας</span> 
     </span>
    </p>
   </div>
   <div class='ocr_carea' id='block_1_8' title="bbox 787 789 2361 876">
    <p class='ocr_par' dir='ltr' id='par_1_8' title="bbox 787 795 2351 876">
     <span class='ocr_line' id='line_1_8' title="bbox 787 795 2351 876; baseline -0.008 -16"><span class='ocrx_word' id='word_1_51' title='bbox 787 805 1048 876; x_wconf 74' lang='lat' dir='ltr'><strong>parcatis,</strong></span> <span class='ocrx_word' id='word_1_52' title='bbox 1079 814 1315 858; x_wconf 74' lang='lat' dir='ltr'><strong>vestram</strong></span> <span class='ocrx_word' id='word_1_53' title='bbox 1346 800 1567 855; x_wconf 73' lang='lat' dir='ltr'><strong>deﬂeam</strong></span> <span class='ocrx_word' id='word_1_54' title='bbox 1602 799 1917 859; x_wconf 89' lang='lat' dir='ltr'><strong>amentiam,</strong></span> <span class='ocrx_word' id='word_1_55' title='bbox 1958 797 2098 865; x_wconf 92' lang='lat' dir='ltr'><strong>quod</strong></span> <span class='ocrx_word' id='word_1_56' title='bbox 2145 795 2351 848; x_wconf 89' lang='lat' dir='ltr'><strong>ratione</strong></span> 
     </span>
    </p>
   </div>
   <div class='ocr_carea' id='block_1_9' title="bbox 2452 789 4025 876">
    <p class='ocr_par' dir='ltr' id='par_1_9' title="bbox 2459 789 4025 867">
     <span class='ocr_line' id='line_1_9' title="bbox 2459 789 4025 867; baseline 0.003 -24"><span class='ocrx_word' id='word_1_57' title='bbox 2459 792 2611 857; x_wconf 77' lang='grc' dir='ltr'>ὑμῶν</span> <span class='ocrx_word' id='word_1_58' title='bbox 2643 789 2984 860; x_wconf 76' lang='grc' dir='ltr'><strong>περιφρονῶν</strong></span> <span class='ocrx_word' id='word_1_59' title='bbox 3007 791 3308 858; x_wconf 75' lang='grc' dir='ltr'>καὶτιμὰς,</span> <span class='ocrx_word' id='word_1_60' title='bbox 3343 791 3437 843; x_wconf 78' lang='grc' dir='ltr'>καὶ</span> <span class='ocrx_word' id='word_1_61' title='bbox 3465 793 3523 843; x_wconf 73' lang='grc' dir='ltr'>τὸ</span> <span class='ocrx_word' id='word_1_62' title='bbox 3553 793 3854 846; x_wconf 66' lang='grc' dir='ltr'>ἀπιθινεῖν</span> <span class='ocrx_word' id='word_1_63' title='bbox 3893 797 4025 867; x_wconf 76' lang='grc' dir='ltr'>ὑπὲρ</span> 
     </span>
    </p>
   </div>
   <div class='ocr_carea' id='block_1_10' title="bbox 788 883 2361 957">
    <p class='ocr_par' dir='ltr' id='par_1_10' title="bbox 788 887 2350 957">
     <span class='ocr_line' id='line_1_10' title="bbox 788 887 2350 957; baseline -0.006 -9"><span class='ocrx_word' id='word_1_64' title='bbox 788 914 815 948; x_wconf 85' lang='lat' dir='ltr'><strong>a</strong></span> <span class='ocrx_word' id='word_1_65' title='bbox 853 895 961 949; x_wconf 90' lang='lat' dir='ltr'><strong>Deo</strong></span> <span class='ocrx_word' id='word_1_66' title='bbox 997 895 1276 957; x_wconf 85' lang='lat' dir='ltr'><strong>honorari,</strong></span> <span class='ocrx_word' id='word_1_67' title='bbox 1305 893 1482 947; x_wconf 75' lang='lat' dir='ltr'><strong>eﬂ‘ccti</strong></span> <span class='ocrx_word' id='word_1_68' title='bbox 1527 893 1657 946; x_wconf 84' lang='lat' dir='ltr'><strong>estis</strong></span> <span class='ocrx_word' id='word_1_69' title='bbox 1699 891 1918 943; x_wconf 71' lang='lat' dir='ltr'><strong>tiliores</strong></span> <span class='ocrx_word' id='word_1_70' title='bbox 1947 888 2103 956; x_wconf 80' lang='lat' dir='ltr'><strong>lignis</strong></span> <span class='ocrx_word' id='word_1_71' title='bbox 2133 897 2182 940; x_wconf 89' lang='lat' dir='ltr'><strong>et</strong></span> <span class='ocrx_word' id='word_1_72' title='bbox 2215 887 2350 953; x_wconf 84' lang='lat' dir='ltr'><strong>lapi-</strong></span> 
     </span>
    </p>
   </div>
   <div class='ocr_carea' id='block_1_11' title="bbox 2452 883 3955 957">
    <p class='ocr_par' dir='ltr' id='par_1_11' title="bbox 2457 883 3955 956">
     <span class='ocr_line' id='line_1_11' title="bbox 2457 883 3955 956; baseline 0.002 -19"><span class='ocrx_word' id='word_1_73' title='bbox 2457 883 2695 954; x_wconf 78' lang='grc' dir='ltr'>Χριστοῦ</span> <span class='ocrx_word' id='word_1_74' title='bbox 2727 883 2939 953; x_wconf 76' lang='grc' dir='ltr'>τρυφὴν</span> <span class='ocrx_word' id='word_1_75' title='bbox 2963 883 3055 935; x_wconf 76' lang='grc' dir='ltr'><strong>καὶ</strong></span> <span class='ocrx_word' id='word_1_76' title='bbox 3084 883 3404 948; x_wconf 78' lang='grc' dir='ltr'>ἁγαλλίασιν</span> <span class='ocrx_word' id='word_1_77' title='bbox 3427 883 3592 947; x_wconf 75' lang='grc' dir='ltr'>ὅντως</span> <span class='ocrx_word' id='word_1_78' title='bbox 3622 886 3955 956; x_wconf 79' lang='grc' dir='ltr'>ἡγούμενος.</span> 
     </span>
    </p>
   </div>
   <div class='ocr_carea' id='block_1_12' title="bbox 787 976 4026 1052">
    <p class='ocr_par' dir='ltr' id='par_1_12' title="bbox 787 976 4026 1052">
     <span class='ocr_line' id='line_1_12' title="bbox 787 976 4026 1052; baseline -0.002 -12"><span class='ocrx_word' id='word_1_79' title='bbox 787 989 965 1052; x_wconf 86' lang='lat' dir='ltr'><strong>dibus,</strong></span> <span class='ocrx_word' id='word_1_80' title='bbox 990 991 1125 1041; x_wconf 87' lang='lat' dir='ltr'><strong>adeo</strong></span> <span class='ocrx_word' id='word_1_81' title='bbox 1159 997 1216 1040; x_wconf 91' lang='lat' dir='ltr'><strong>ut</strong></span> <span class='ocrx_word' id='word_1_82' title='bbox 1253 986 1362 1039; x_wconf 77' lang='lat' dir='ltr'><strong>haec</strong></span> <span class='ocrx_word' id='word_1_83' title='bbox 1387 987 1516 1038; x_wconf 79' lang='lat' dir='ltr'><strong>deos</strong></span> <span class='ocrx_word' id='word_1_84' title='bbox 1537 1000 1657 1038; x_wconf 87' lang='lat' dir='ltr'><strong>esse</strong></span> <span class='ocrx_word' id='word_1_85' title='bbox 1684 984 1886 1051; x_wconf 86' lang='lat' dir='ltr'><strong>putetis</strong></span> <span class='ocrx_word' id='word_1_86' title='bbox 1916 1000 1931 1038; x_wconf 87' lang='lat'>:</span> <span class='ocrx_word' id='word_1_87' title='bbox 1966 993 2020 1035; x_wconf 87' lang='lat' dir='ltr'><strong>et</strong></span> <span class='ocrx_word' id='word_1_88' title='bbox 2050 997 2153 1034; x_wconf 91' lang='lat' dir='ltr'><strong>non</strong></span> <span class='ocrx_word' id='word_1_89' title='bbox 2186 982 2356 1033; x_wconf 85' lang='lat' dir='ltr'><strong>solum</strong></span> <span class='ocrx_word' id='word_1_90' title='bbox 2383 993 2528 1043; x_wconf 84' lang='lat' dir='ltr'><strong>esse,</strong></span> <span class='ocrx_word' id='word_1_91' title='bbox 2573 980 2669 1032; x_wconf 88' lang='lat' dir='ltr'><strong>sed</strong></span> <span class='ocrx_word' id='word_1_92' title='bbox 2704 977 2866 1031; x_wconf 89' lang='lat' dir='ltr'><strong>etiam</strong></span> <span class='ocrx_word' id='word_1_93' title='bbox 2904 976 3038 1030; x_wconf 83' lang='lat' dir='ltr'><strong>bene</strong></span> <span class='ocrx_word' id='word_1_94' title='bbox 3107 991 3229 1033; x_wconf 89' lang='lat' dir='ltr'><strong>esse</strong></span> <span class='ocrx_word' id='word_1_95' title='bbox 3269 978 3591 1034; x_wconf 78' lang='lat' dir='ltr'><strong>existimetis</strong></span> <span class='ocrx_word' id='word_1_96' title='bbox 3624 997 3637 1031; x_wconf 89' lang='lat'><strong>:</strong></span> <span class='ocrx_word' id='word_1_97' title='bbox 3709 980 3880 1049; x_wconf 82' lang='lat' dir='ltr'><strong>idque</strong></span> <span class='ocrx_word' id='word_1_98' title='bbox 3909 995 4026 1037; x_wconf 72' lang='lat' dir='ltr'><strong>vero</strong></span> 
     </span>
    </p>
   </div>
   <div class='ocr_carea' id='block_1_13' title="bbox 789 1070 4022 1145">
    <p class='ocr_par' dir='ltr' id='par_1_13' title="bbox 789 1070 4022 1145">
     <span class='ocr_line' id='line_1_13' title="bbox 789 1070 4022 1145; baseline -0.001 -12"><span class='ocrx_word' id='word_1_99' title='bbox 789 1082 898 1133; x_wconf 86' lang='lat' dir='ltr'><strong>Deo</strong></span> <span class='ocrx_word' id='word_1_100' title='bbox 936 1079 1142 1141; x_wconf 89' lang='lat' dir='ltr'><strong>relicto,</strong></span> <span class='ocrx_word' id='word_1_101' title='bbox 1179 1081 1266 1145; x_wconf 87' lang='lat' dir='ltr'><strong>qui</strong></span> <span class='ocrx_word' id='word_1_102' title='bbox 1301 1079 1504 1130; x_wconf 78' lang='lat' dir='ltr'><strong>ratione</strong></span> <span class='ocrx_word' id='word_1_103' title='bbox 1528 1077 1805 1129; x_wconf 84' lang='lat' dir='ltr'><strong>constituit</strong></span> <span class='ocrx_word' id='word_1_104' title='bbox 1840 1075 2190 1128; x_wconf 76' lang='lat' dir='ltr'><strong>universum?</strong></span> <span class='ocrx_word' id='word_1_105' title='bbox 2254 1071 2461 1126; x_wconf 65' lang='lat' dir='ltr'><strong>Caelum</strong></span> <span class='ocrx_word' id='word_1_106' title='bbox 2534 1070 2676 1125; x_wconf 86' lang='lat' dir='ltr'><strong>enim</strong></span> <span class='ocrx_word' id='word_1_107' title='bbox 2739 1080 2792 1124; x_wconf 86' lang='lat' dir='ltr'><strong>et</strong></span> <span class='ocrx_word' id='word_1_108' title='bbox 2825 1079 2966 1123; x_wconf 85' lang='lat' dir='ltr'><strong>terra</strong></span> <span class='ocrx_word' id='word_1_109' title='bbox 3019 1079 3142 1124; x_wconf 86' lang='lat' dir='ltr'><strong>sunt</strong></span> <span class='ocrx_word' id='word_1_110' title='bbox 3206 1085 3341 1138; x_wconf 79' lang='lat' dir='ltr'><strong>opus</strong></span> <span class='ocrx_word' id='word_1_111' title='bbox 3372 1087 3564 1125; x_wconf 82' lang='lat' dir='ltr'><strong>manus</strong></span> <span class='ocrx_word' id='word_1_112' title='bbox 3605 1072 3778 1128; x_wconf 87' lang='lat' dir='ltr'><strong>illius.</strong></span> <span class='ocrx_word' id='word_1_113' title='bbox 3830 1073 4022 1130; x_wconf 86' lang='lat' dir='ltr'><strong>Sumus</strong></span> 
     </span>
    </p>
   </div>
   <div class='ocr_carea' id='block_1_14' title="bbox 785 1161 4024 1235">
    <p class='ocr_par' dir='ltr' id='par_1_14' title="bbox 785 1161 4024 1235">
     <span class='ocr_line' id='line_1_14' title="bbox 785 1161 4024 1235; baseline -0.001 -15"><span class='ocrx_word' id='word_1_114' title='bbox 785 1183 914 1221; x_wconf 74' lang='lat' dir='ltr'><strong>vero</strong></span> <span class='ocrx_word' id='word_1_115' title='bbox 945 1183 1042 1222; x_wconf 80' lang='lat' dir='ltr'><strong>nos</strong></span> <span class='ocrx_word' id='word_1_116' title='bbox 1065 1182 1132 1221; x_wconf 80' lang='lat' dir='ltr'><strong>ex</strong></span> <span class='ocrx_word' id='word_1_117' title='bbox 1164 1168 1247 1229; x_wconf 88' lang='lat' dir='ltr'><strong>iis,</strong></span> <span class='ocrx_word' id='word_1_118' title='bbox 1278 1183 1398 1235; x_wconf 65' lang='lat' dir='ltr'><strong>quae</strong></span> <span class='ocrx_word' id='word_1_119' title='bbox 1427 1170 1653 1231; x_wconf 80' lang='lat' dir='ltr'><strong>creavit,</strong></span> <span class='ocrx_word' id='word_1_120' title='bbox 1687 1181 1820 1233; x_wconf 86' lang='lat' dir='ltr'><strong>opus</strong></span> <span class='ocrx_word' id='word_1_121' title='bbox 1853 1164 2270 1233; x_wconf 88' lang='lat' dir='ltr'><strong>pulcherrimum</strong></span> <span class='ocrx_word' id='word_1_122' title='bbox 2297 1174 2351 1215; x_wconf 90' lang='lat' dir='ltr'><strong>et</strong></span> <span class='ocrx_word' id='word_1_123' title='bbox 2392 1162 2875 1230; x_wconf 85' lang='lat' dir='ltr'><strong>pretiosissimum:</strong></span> <span class='ocrx_word' id='word_1_124' title='bbox 2942 1161 3152 1215; x_wconf 88' lang='lat' dir='ltr'><strong>etiamsi</strong></span> <span class='ocrx_word' id='word_1_125' title='bbox 3185 1172 3440 1230; x_wconf 85' lang='lat' dir='ltr'><strong>tanquam</strong></span> <span class='ocrx_word' id='word_1_126' title='bbox 3508 1165 3561 1217; x_wconf 91' lang='lat' dir='ltr'><strong>in</strong></span> <span class='ocrx_word' id='word_1_127' title='bbox 3592 1181 3768 1233; x_wconf 80' lang='lat' dir='ltr'><strong>pugna</strong></span> <span class='ocrx_word' id='word_1_128' title='bbox 3809 1174 4024 1218; x_wconf 83' lang='lat' dir='ltr'><strong>noctur-</strong></span> 
     </span>
    </p>
   </div>
   <div class='ocr_carea' id='block_1_15' title="bbox 786 1253 4027 1327">
    <p class='ocr_par' dir='ltr' id='par_1_15' title="bbox 786 1253 4027 1327">
     <span class='ocr_line' id='line_1_15' title="bbox 786 1253 4027 1327; baseline 0 -16"><span class='ocrx_word' id='word_1_129' title='bbox 786 1275 853 1311; x_wconf 88' lang='lat' dir='ltr'><strong>na</strong></span> <span class='ocrx_word' id='word_1_130' title='bbox 915 1261 1228 1327; x_wconf 83' lang='lat' dir='ltr'><strong>ignoramus</strong></span> <span class='ocrx_word' id='word_1_131' title='bbox 1271 1258 1322 1311; x_wconf 88' lang='lat' dir='ltr'><strong>id</strong></span> <span class='ocrx_word' id='word_1_132' title='bbox 1375 1259 1513 1326; x_wconf 88' lang='lat' dir='ltr'><strong>quod</strong></span> <span class='ocrx_word' id='word_1_133' title='bbox 1555 1267 1635 1310; x_wconf 87' lang='lat' dir='ltr'><strong>est</strong></span> <span class='ocrx_word' id='word_1_134' title='bbox 1677 1260 1908 1309; x_wconf 88' lang='lat' dir='ltr'><strong>amicum</strong></span> <span class='ocrx_word' id='word_1_135' title='bbox 1943 1267 1997 1309; x_wconf 89' lang='lat' dir='ltr'><strong>et</strong></span> <span class='ocrx_word' id='word_1_136' title='bbox 2063 1254 2259 1309; x_wconf 84' lang='lat' dir='ltr'><strong>hostile</strong></span> <span class='ocrx_word' id='word_1_137' title='bbox 2294 1274 2305 1308; x_wconf 91' lang='lat'>:</span> <span class='ocrx_word' id='word_1_138' title='bbox 2377 1263 2428 1305; x_wconf 89' lang='lat' dir='ltr'><strong>et</strong></span> <span class='ocrx_word' id='word_1_139' title='bbox 2469 1253 2727 1307; x_wconf 74' lang='lat' dir='ltr'><strong>adversus</strong></span> <span class='ocrx_word' id='word_1_140' title='bbox 2775 1261 3014 1305; x_wconf 84' lang='lat' dir='ltr'><strong>nostrum</strong></span> <span class='ocrx_word' id='word_1_141' title='bbox 3057 1253 3270 1320; x_wconf 80' lang='lat' dir='ltr'><strong>quidem</strong></span> <span class='ocrx_word' id='word_1_142' title='bbox 3317 1254 3600 1309; x_wconf 86' lang='lat' dir='ltr'><strong>Dominum</strong></span> <span class='ocrx_word' id='word_1_143' title='bbox 3652 1256 3853 1310; x_wconf 89' lang='lat' dir='ltr'><strong>bellum</strong></span> <span class='ocrx_word' id='word_1_144' title='bbox 3896 1259 4027 1327; x_wconf 83' lang='lat' dir='ltr'><strong>geri-</strong></span> 
     </span>
    </p>
   </div>
   <div class='ocr_carea' id='block_1_16' title="bbox 784 1343 4026 1419">
    <p class='ocr_par' dir='ltr' id='par_1_16' title="bbox 784 1343 4026 1419">
     <span class='ocr_line' id='line_1_16' title="bbox 784 1343 4026 1419; baseline -0.001 -13"><span class='ocrx_word' id='word_1_145' title='bbox 784 1368 905 1406; x_wconf 85' lang='lat' dir='ltr'><strong>mus</strong></span> <span class='ocrx_word' id='word_1_146' title='bbox 935 1370 948 1405; x_wconf 91' lang='lat'><strong>:</strong></span> <span class='ocrx_word' id='word_1_147' title='bbox 984 1368 1075 1406; x_wconf 86' lang='lat' dir='ltr'><strong>eos</strong></span> <span class='ocrx_word' id='word_1_148' title='bbox 1103 1361 1300 1415; x_wconf 89' lang='lat' dir='ltr'><strong>autem,</strong></span> <span class='ocrx_word' id='word_1_149' title='bbox 1330 1352 1420 1419; x_wconf 86' lang='lat' dir='ltr'><strong>qui</strong></span> <span class='ocrx_word' id='word_1_150' title='bbox 1449 1360 1570 1403; x_wconf 90' lang='lat' dir='ltr'><strong>sunt</strong></span> <span class='ocrx_word' id='word_1_151' title='bbox 1590 1364 1715 1404; x_wconf 80' lang='lat' dir='ltr'><strong>vere</strong></span> <span class='ocrx_word' id='word_1_152' title='bbox 1739 1349 1905 1402; x_wconf 89' lang='lat' dir='ltr'><strong>nostri</strong></span> <span class='ocrx_word' id='word_1_153' title='bbox 1937 1349 2138 1402; x_wconf 87' lang='lat' dir='ltr'><strong>inimici</strong></span> <span class='ocrx_word' id='word_1_154' title='bbox 2166 1358 2221 1400; x_wconf 89' lang='lat' dir='ltr'><strong>et</strong></span> <span class='ocrx_word' id='word_1_155' title='bbox 2247 1347 2429 1399; x_wconf 83' lang='lat' dir='ltr'><strong>hostes</strong></span> <span class='ocrx_word' id='word_1_156' title='bbox 2452 1357 2504 1397; x_wconf 89' lang='lat' dir='ltr'><strong>et</strong></span> <span class='ocrx_word' id='word_1_157' title='bbox 2538 1344 2832 1405; x_wconf 65' lang='lat' dir='ltr'><strong>daemones,</strong></span> <span class='ocrx_word' id='word_1_158' title='bbox 2859 1343 3099 1412; x_wconf 89' lang='lat' dir='ltr'><strong>inquam,</strong></span> <span class='ocrx_word' id='word_1_159' title='bbox 3137 1354 3374 1408; x_wconf 88' lang='lat' dir='ltr'><strong>nostros,</strong></span> <span class='ocrx_word' id='word_1_160' title='bbox 3397 1361 3430 1398; x_wconf 92' lang='lat' dir='ltr'><strong>o</strong></span> <span class='ocrx_word' id='word_1_161' title='bbox 3457 1348 3747 1410; x_wconf 80' lang='lat' dir='ltr'><strong>insaniam,</strong></span> <span class='ocrx_word' id='word_1_162' title='bbox 3778 1360 4026 1417; x_wconf 83' lang='lat' dir='ltr'><strong>putamus</strong></span> 
     </span>
    </p>
   </div>
   <div class='ocr_carea' id='block_1_17' title="bbox 781 1439 4028 1516">
    <p class='ocr_par' dir='ltr' id='par_1_17' title="bbox 781 1439 4028 1516">
     <span class='ocr_line' id='line_1_17' title="bbox 781 1439 4028 1516; baseline -0.001 -12"><span class='ocrx_word' id='word_1_163' title='bbox 781 1464 905 1504; x_wconf 68' lang='lat' dir='ltr'><strong>esse</strong></span> <span class='ocrx_word' id='word_1_164' title='bbox 936 1447 1205 1508; x_wconf 87' lang='lat' dir='ltr'><strong>dominos,</strong></span> <span class='ocrx_word' id='word_1_165' title='bbox 1245 1456 1300 1499; x_wconf 91' lang='lat' dir='ltr'><strong>et</strong></span> <span class='ocrx_word' id='word_1_166' title='bbox 1328 1461 1418 1499; x_wconf 88' lang='lat' dir='ltr'><strong>eos</strong></span> <span class='ocrx_word' id='word_1_167' title='bbox 1452 1445 1745 1498; x_wconf 88' lang='lat' dir='ltr'><strong>honoribus</strong></span> <span class='ocrx_word' id='word_1_168' title='bbox 1775 1445 2081 1497; x_wconf 82' lang='lat' dir='ltr'><strong>extollimus</strong></span> <span class='ocrx_word' id='word_1_169' title='bbox 2103 1453 2156 1495; x_wconf 91' lang='lat' dir='ltr'><strong>et</strong></span> <span class='ocrx_word' id='word_1_170' title='bbox 2186 1441 2487 1495; x_wconf 83' lang='lat' dir='ltr'><strong>sacriﬁciis.</strong></span> <span class='ocrx_word' id='word_1_171' title='bbox 2534 1439 2647 1510; x_wconf 86' lang='lat' dir='ltr'><strong>Ego</strong></span> <span class='ocrx_word' id='word_1_172' title='bbox 2717 1440 2880 1509; x_wconf 89' lang='lat' dir='ltr'><strong>igitur</strong></span> <span class='ocrx_word' id='word_1_173' title='bbox 2915 1440 3141 1495; x_wconf 87' lang='lat' dir='ltr'><strong>Domino</strong></span> <span class='ocrx_word' id='word_1_174' title='bbox 3178 1458 3298 1498; x_wconf 89' lang='lat' dir='ltr'><strong>meo</strong></span> <span class='ocrx_word' id='word_1_175' title='bbox 3363 1444 3632 1505; x_wconf 65' lang='lat' dir='ltr'><strong>adita-reo,</strong></span> <span class='ocrx_word' id='word_1_176' title='bbox 3702 1454 3757 1499; x_wconf 87' lang='lat' dir='ltr'><strong>et</strong></span> <span class='ocrx_word' id='word_1_177' title='bbox 3817 1462 4028 1516; x_wconf 81' lang='lat' dir='ltr'><strong>semper</strong></span> 
     </span>
    </p>
   </div>
   <div class='ocr_carea' id='block_1_18' title="bbox 783 1536 4022 1609">
    <p class='ocr_par' dir='ltr' id='par_1_18' title="bbox 783 1536 4022 1609">
     <span class='ocr_line' id='line_1_18' title="bbox 783 1536 4022 1609; baseline 0 -13"><span class='ocrx_word' id='word_1_178' title='bbox 783 1542 1094 1602; x_wconf 64' lang='lat' dir='ltr'><strong>adhaerebo,</strong></span> <span class='ocrx_word' id='word_1_179' title='bbox 1131 1554 1185 1596; x_wconf 89' lang='lat' dir='ltr'><strong>et</strong></span> <span class='ocrx_word' id='word_1_180' title='bbox 1217 1539 1436 1594; x_wconf 84' lang='lat' dir='ltr'><strong>Christo</strong></span> <span class='ocrx_word' id='word_1_181' title='bbox 1468 1552 1588 1589; x_wconf 88' lang='lat' dir='ltr'><strong>meo</strong></span> <span class='ocrx_word' id='word_1_182' title='bbox 1620 1537 1877 1601; x_wconf 83' lang='lat' dir='ltr'><strong>serviam,</strong></span> <span class='ocrx_word' id='word_1_183' title='bbox 1910 1536 2230 1603; x_wconf 73' lang='lat' dir='ltr'><strong>ignominias</strong></span> <span class='ocrx_word' id='word_1_184' title='bbox 2284 1545 2492 1590; x_wconf 76' lang='lat' dir='ltr'><strong>vestras</strong></span> <span class='ocrx_word' id='word_1_185' title='bbox 2545 1544 2599 1589; x_wconf 87' lang='lat' dir='ltr'><strong>et</strong></span> <span class='ocrx_word' id='word_1_186' title='bbox 2657 1536 2911 1601; x_wconf 84' lang='lat' dir='ltr'><strong>honores.</strong></span> <span class='ocrx_word' id='word_1_187' title='bbox 2968 1546 3022 1592; x_wconf 83' lang='lat' dir='ltr'><strong>et</strong></span> <span class='ocrx_word' id='word_1_188' title='bbox 3049 1538 3144 1593; x_wconf 88' lang='lat' dir='ltr'><strong>has</strong></span> <span class='ocrx_word' id='word_1_189' title='bbox 3165 1539 3400 1606; x_wconf 81' lang='lat' dir='ltr'><strong>pueriles</strong></span> <span class='ocrx_word' id='word_1_190' title='bbox 3426 1540 3598 1594; x_wconf 77' lang='lat' dir='ltr'><strong>larvas</strong></span> <span class='ocrx_word' id='word_1_191' title='bbox 3616 1541 4022 1609; x_wconf 79' lang='lat' dir='ltr'><strong>suppliciorum,</strong></span> 
     </span>
    </p>
   </div>
   <div class='ocr_carea' id='block_1_19' title="bbox 785 1629 4025 1702">
    <p class='ocr_par' dir='ltr' id='par_1_19' title="bbox 785 1629 4025 1702">
     <span class='ocr_line' id='line_1_19' title="bbox 785 1629 4025 1702; baseline 0 -11"><span class='ocrx_word' id='word_1_192' title='bbox 785 1634 1070 1691; x_wconf 75' lang='lat' dir='ltr'><strong>infantium</strong></span> <span class='ocrx_word' id='word_1_193' title='bbox 1098 1648 1217 1688; x_wconf 85' lang='lat' dir='ltr'><strong>esse</strong></span> <span class='ocrx_word' id='word_1_194' title='bbox 1244 1633 1426 1702; x_wconf 79' lang='lat' dir='ltr'><strong>plagas</strong></span> <span class='ocrx_word' id='word_1_195' title='bbox 1445 1640 1722 1700; x_wconf 87' lang='lat' dir='ltr'><strong>reputans.</strong></span> <span class='ocrx_word' id='word_1_196' title='bbox 1752 1629 1878 1684; x_wconf 84' lang='lat' dir='ltr'><strong>Mihi</strong></span> <span class='ocrx_word' id='word_1_197' title='bbox 1905 1631 2072 1695; x_wconf 88' lang='lat' dir='ltr'><strong>enim,</strong></span> <span class='ocrx_word' id='word_1_198' title='bbox 2133 1642 2190 1684; x_wconf 91' lang='lat' dir='ltr'><strong>ut</strong></span> <span class='ocrx_word' id='word_1_199' title='bbox 2225 1647 2376 1684; x_wconf 88' lang='lat' dir='ltr'><strong>meus</strong></span> <span class='ocrx_word' id='word_1_200' title='bbox 2449 1631 2586 1684; x_wconf 83' lang='lat' dir='ltr'><strong>dixit</strong></span> <span class='ocrx_word' id='word_1_201' title='bbox 2615 1631 2802 1684; x_wconf 81' lang='lat' dir='ltr'><strong>doctor</strong></span> <span class='ocrx_word' id='word_1_202' title='bbox 2837 1631 3053 1698; x_wconf 83' lang='lat' dir='ltr'><strong>Paulus,</strong></span> <span class='ocrx_word' id='word_1_203' title='bbox 3093 1642 3235 1686; x_wconf 87' lang='lat' dir='ltr'><strong>totus</strong></span> <span class='ocrx_word' id='word_1_204' title='bbox 3267 1636 3494 1687; x_wconf 90' lang='lat' dir='ltr'><strong>tnundus</strong></span> <span class='ocrx_word' id='word_1_205' title='bbox 3520 1645 3600 1689; x_wconf 88' lang='lat' dir='ltr'><strong>est</strong></span> <span class='ocrx_word' id='word_1_206' title='bbox 3633 1636 3950 1701; x_wconf 80' lang='lat' dir='ltr'><strong>cruciﬁxus,</strong></span> <span class='ocrx_word' id='word_1_207' title='bbox 3975 1646 4025 1692; x_wconf 75' lang='lat' dir='ltr'><strong>et</strong></span> 
     </span>
    </p>
   </div>
   <div class='ocr_carea' id='block_1_20' title="bbox 782 1726 2892 1802">
    <p class='ocr_par' dir='ltr' id='par_1_20' title="bbox 782 1726 2892 1802">
     <span class='ocr_line' id='line_1_20' title="bbox 782 1726 2892 1802; baseline -0.002 -18"><span class='ocrx_word' id='word_1_208' title='bbox 782 1748 884 1802; x_wconf 83' lang='lat' dir='ltr'><strong>ego</strong></span> <span class='ocrx_word' id='word_1_209' title='bbox 916 1728 1114 1784; x_wconf 88' lang='lat' dir='ltr'><strong>mundo</strong></span> <span class='ocrx_word' id='word_1_210' title='bbox 1140 1734 1160 1764; x_wconf 74' lang='grc' dir='ltr'>ι</span> <span class='ocrx_word' id='word_1_211' title='bbox 1190 1745 1204 1781; x_wconf 91' lang='lat'>:</span> <span class='ocrx_word' id='word_1_212' title='bbox 1237 1737 1292 1782; x_wconf 90' lang='lat' dir='ltr'><strong>et</strong></span> <span class='ocrx_word' id='word_1_213' title='bbox 1319 1727 1453 1780; x_wconf 83' lang='lat' dir='ltr'><strong>mori</strong></span> <span class='ocrx_word' id='word_1_214' title='bbox 1487 1741 1581 1796; x_wconf 88' lang='lat' dir='ltr'><strong>pro</strong></span> <span class='ocrx_word' id='word_1_215' title='bbox 1611 1726 1848 1789; x_wconf 87' lang='lat' dir='ltr'><strong>Christo,</strong></span> <span class='ocrx_word' id='word_1_216' title='bbox 1879 1727 2087 1780; x_wconf 74' lang='lat' dir='ltr'><strong>delicia:</strong></span> <span class='ocrx_word' id='word_1_217' title='bbox 2122 1727 2249 1779; x_wconf 88' lang='lat' dir='ltr'><strong>mihi</strong></span> <span class='ocrx_word' id='word_1_218' title='bbox 2277 1737 2401 1780; x_wconf 86' lang='lat' dir='ltr'><strong>sunt</strong></span> <span class='ocrx_word' id='word_1_219' title='bbox 2442 1737 2494 1779; x_wconf 92' lang='lat' dir='ltr'><strong>et</strong></span> <span class='ocrx_word' id='word_1_220' title='bbox 2522 1727 2838 1782; x_wconf 86' lang='lat' dir='ltr'><strong>exsultatio.</strong></span> <span class='ocrx_word' id='word_1_221' title='bbox 2872 1744 2892 1778; x_wconf 75' lang='grc' dir='ltr'>ι</span> 
     </span>
    </p>
   </div>
   <div class='ocr_carea' id='block_1_21' title="bbox 857 1817 2361 1890">
    <p class='ocr_par' dir='ltr' id='par_1_21' title="bbox 857 1819 2354 1887">
     <span class='ocr_line' id='line_1_21' title="bbox 857 1819 2354 1887; baseline -0.006 -10"><span class='ocrx_word' id='word_1_222' title='bbox 857 1822 946 1877; x_wconf 86' lang='lat' dir='ltr'><strong>IV.</strong></span> <span class='ocrx_word' id='word_1_223' title='bbox 985 1821 1064 1874; x_wconf 86' lang='lat' dir='ltr'><strong>Ira</strong></span> <span class='ocrx_word' id='word_1_224' title='bbox 1104 1820 1293 1887; x_wconf 86' lang='lat' dir='ltr'><strong>plenus</strong></span> <span class='ocrx_word' id='word_1_225' title='bbox 1321 1832 1407 1887; x_wconf 86' lang='lat' dir='ltr'><strong>per</strong></span> <span class='ocrx_word' id='word_1_226' title='bbox 1441 1820 1556 1872; x_wconf 70' lang='lat' dir='ltr'><strong>haec</strong></span> <span class='ocrx_word' id='word_1_227' title='bbox 1601 1820 1779 1871; x_wconf 79' lang='lat' dir='ltr'><strong>evadit</strong></span> <span class='ocrx_word' id='word_1_228' title='bbox 1806 1819 2115 1885; x_wconf 84' lang='lat' dir='ltr'><strong>imperator,</strong></span> <span class='ocrx_word' id='word_1_229' title='bbox 2151 1829 2201 1870; x_wconf 89' lang='lat' dir='ltr'><strong>et</strong></span> <span class='ocrx_word' id='word_1_230' title='bbox 2233 1834 2354 1884; x_wconf 81' lang='lat' dir='ltr'><strong>gra-</strong></span> 
     </span>
    </p>
   </div>
   <div class='ocr_carea' id='block_1_22' title="bbox 2452 1817 4022 1890">
    <p class='ocr_par' dir='ltr' id='par_1_22' title="bbox 2530 1817 4022 1890">
     <span class='ocr_line' id='line_1_22' title="bbox 2530 1817 4022 1890; baseline 0.005 -22"><span class='ocrx_word' id='word_1_231' title='bbox 2530 1817 2603 1871; x_wconf 82' lang='lat' dir='ltr'><strong>A&#39;.</strong></span> <span class='ocrx_word' id='word_1_232' title='bbox 2640 1819 2825 1886; x_wconf 78' lang='grc' dir='ltr'><strong>Θυμοῦ</strong></span> <span class='ocrx_word' id='word_1_233' title='bbox 2857 1818 3124 1890; x_wconf 34' lang='grc' dir='ltr'>πλήρηςιό</span> <span class='ocrx_word' id='word_1_234' title='bbox 3157 1817 3408 1886; x_wconf 65' lang='grc' dir='ltr'>βασιλεὺς</span> <span class='ocrx_word' id='word_1_235' title='bbox 3453 1819 3511 1870; x_wconf 78' lang='grc' dir='ltr'>ὲν</span> <span class='ocrx_word' id='word_1_236' title='bbox 3547 1819 3762 1884; x_wconf 71' lang='grc' dir='ltr'>τούτοις</span> <span class='ocrx_word' id='word_1_237' title='bbox 3793 1821 4022 1889; x_wconf 85' lang='grc' dir='ltr'>γίνεται,</span> 
     </span>
    </p>
   </div>
   <div class='ocr_carea' id='block_1_23' title="bbox 790 1908 2352 1980">
    <p class='ocr_par' dir='ltr' id='par_1_23' title="bbox 790 1908 2352 1980">
     <span class='ocr_line' id='line_1_23' title="bbox 790 1908 2352 1980; baseline -0.007 -10"><span class='ocrx_word' id='word_1_238' title='bbox 790 1916 970 1970; x_wconf 85' lang='lat' dir='ltr'><strong>batum</strong></span> <span class='ocrx_word' id='word_1_239' title='bbox 1000 1913 1150 1980; x_wconf 82' lang='lat' dir='ltr'><strong>jubet</strong></span> <span class='ocrx_word' id='word_1_240' title='bbox 1187 1910 1367 1963; x_wconf 77' lang='lat' dir='ltr'><strong>ali&#39;erri</strong></span> <span class='ocrx_word' id='word_1_241' title='bbox 1400 1925 1630 1971; x_wconf 66' lang='lat' dir='ltr'><strong>tensum,</strong></span> <span class='ocrx_word' id='word_1_242' title='bbox 1666 1917 1718 1962; x_wconf 83' lang='lat' dir='ltr'><strong>et</strong></span> <span class='ocrx_word' id='word_1_243' title='bbox 1764 1908 1812 1962; x_wconf 87' lang='lat' dir='ltr'><strong>ei</strong></span> <span class='ocrx_word' id='word_1_244' title='bbox 1861 1908 2089 1960; x_wconf 84' lang='lat' dir='ltr'><strong>multum</strong></span> <span class='ocrx_word' id='word_1_245' title='bbox 2138 1909 2352 1976; x_wconf 87' lang='lat' dir='ltr'><strong>quidem</strong></span> 
     </span>
    </p>
   </div>
   <div class='ocr_carea' id='block_1_24' title="bbox 789 1995 2353 2071">
    <p class='ocr_par' dir='ltr' id='par_1_24' title="bbox 789 1995 2353 2071">
     <span class='ocr_line' id='line_1_24' title="bbox 789 1995 2353 2071; baseline -0.006 -14"><span class='ocrx_word' id='word_1_246' title='bbox 789 2003 930 2071; x_wconf 84' lang='lat' dir='ltr'><strong>ignis</strong></span> <span class='ocrx_word' id='word_1_247' title='bbox 963 2000 1232 2056; x_wconf 82' lang='lat' dir='ltr'><strong>substerni</strong></span> <span class='ocrx_word' id='word_1_248' title='bbox 1267 2016 1281 2053; x_wconf 92' lang='lat'><strong>:</strong></span> <span class='ocrx_word' id='word_1_249' title='bbox 1323 2014 1484 2068; x_wconf 89' lang='lat' dir='ltr'><strong>supra</strong></span> <span class='ocrx_word' id='word_1_250' title='bbox 1536 2015 1657 2052; x_wconf 90' lang='lat' dir='ltr'><strong>eum</strong></span> <span class='ocrx_word' id='word_1_251' title='bbox 1684 2009 1860 2050; x_wconf 87' lang='lat' dir='ltr'><strong>autem</strong></span> <span class='ocrx_word' id='word_1_252' title='bbox 1897 1999 2093 2050; x_wconf 90' lang='lat' dir='ltr'><strong>nudum</strong></span> <span class='ocrx_word' id='word_1_253' title='bbox 2141 1995 2353 2050; x_wconf 75' lang='lat' dir='ltr'><strong>estendi</strong></span> 
     </span>
    </p>
   </div>
   <div class='ocr_carea' id='block_1_25' title="bbox 791 2090 2355 2161">
    <p class='ocr_par' dir='ltr' id='par_1_25' title="bbox 791 2090 2355 2161">
     <span class='ocr_line' id='line_1_25' title="bbox 791 2090 2355 2161; baseline -0.002 -14"><span class='ocrx_word' id='word_1_254' title='bbox 791 2095 1072 2158; x_wconf 80' lang='lat' dir='ltr'><strong>athletam,</strong></span> <span class='ocrx_word' id='word_1_255' title='bbox 1106 2104 1159 2145; x_wconf 89' lang='lat' dir='ltr'><strong>et</strong></span> <span class='ocrx_word' id='word_1_256' title='bbox 1191 2093 1269 2146; x_wconf 88' lang='lat' dir='ltr'><strong>sic</strong></span> <span class='ocrx_word' id='word_1_257' title='bbox 1295 2103 1552 2161; x_wconf 84' lang='lat' dir='ltr'><strong>perpetuo</strong></span> <span class='ocrx_word' id='word_1_258' title='bbox 1590 2090 1908 2159; x_wconf 80' lang='lat' dir='ltr'><strong>deﬂagrare,</strong></span> <span class='ocrx_word' id='word_1_259' title='bbox 1937 2093 2106 2144; x_wconf 86' lang='lat' dir='ltr'><strong>donec</strong></span> <span class='ocrx_word' id='word_1_260' title='bbox 2135 2091 2355 2144; x_wconf 89' lang='lat' dir='ltr'><strong>omnino</strong></span> 
     </span>
    </p>
   </div>
   <div class='ocr_carea' id='block_1_26' title="bbox 787 2181 2351 2252">
    <p class='ocr_par' dir='ltr' id='par_1_26' title="bbox 787 2181 2351 2252">
     <span class='ocr_line' id='line_1_26' title="bbox 787 2181 2351 2252; baseline -0.003 -16"><span class='ocrx_word' id='word_1_261' title='bbox 787 2184 1074 2240; x_wconf 78' lang='lat' dir='ltr'><strong>Interierit.</strong></span> <span class='ocrx_word' id='word_1_262' title='bbox 1138 2181 1429 2252; x_wconf 84' lang='lat' dir='ltr'><strong>Postquam</strong></span> <span class='ocrx_word' id='word_1_263' title='bbox 1489 2183 1670 2240; x_wconf 75' lang='lat' dir='ltr'><strong>autem</strong></span> <span class='ocrx_word' id='word_1_264' title='bbox 1719 2184 1830 2234; x_wconf 69' lang='lat' dir='ltr'><strong>hare</strong></span> <span class='ocrx_word' id='word_1_265' title='bbox 1874 2185 1983 2234; x_wconf 83' lang='lat' dir='ltr'><strong>cito</strong></span> <span class='ocrx_word' id='word_1_266' title='bbox 2027 2181 2165 2234; x_wconf 78' lang='lat' dir='ltr'><strong>facta</strong></span> <span class='ocrx_word' id='word_1_267' title='bbox 2209 2187 2351 2246; x_wconf 79' lang='lat' dir='ltr'><strong>sunt,</strong></span> 
     </span>
    </p>
   </div>
   <div class='ocr_carea' id='block_1_27' title="bbox 794 2271 2356 2342">
    <p class='ocr_par' dir='ltr' id='par_1_27' title="bbox 794 2271 2356 2342">
     <span class='ocr_line' id='line_1_27' title="bbox 794 2271 2356 2342; baseline -0.004 -14"><span class='ocrx_word' id='word_1_268' title='bbox 794 2285 1001 2342; x_wconf 81' lang='lat' dir='ltr'><strong>martyr</strong></span> <span class='ocrx_word' id='word_1_269' title='bbox 1040 2273 1244 2326; x_wconf 85' lang='lat' dir='ltr'><strong>insiluit</strong></span> <span class='ocrx_word' id='word_1_270' title='bbox 1287 2272 1339 2324; x_wconf 85' lang='lat' dir='ltr'><strong>in</strong></span> <span class='ocrx_word' id='word_1_271' title='bbox 1392 2278 1673 2340; x_wconf 75' lang='lat' dir='ltr'><strong>grabatum</strong></span> <span class='ocrx_word' id='word_1_272' title='bbox 1699 2311 1713 2334; x_wconf 93' lang='lat'><strong>,</strong></span> <span class='ocrx_word' id='word_1_273' title='bbox 1749 2280 1802 2324; x_wconf 89' lang='lat' dir='ltr'><strong>et</strong></span> <span class='ocrx_word' id='word_1_274' title='bbox 1840 2280 1978 2323; x_wconf 85' lang='lat' dir='ltr'><strong>totus</strong></span> <span class='ocrx_word' id='word_1_275' title='bbox 2024 2271 2074 2323; x_wconf 89' lang='lat' dir='ltr'><strong>in</strong></span> <span class='ocrx_word' id='word_1_276' title='bbox 2113 2281 2223 2324; x_wconf 92' lang='lat' dir='ltr'><strong>toto</strong></span> <span class='ocrx_word' id='word_1_277' title='bbox 2258 2271 2356 2323; x_wconf 76' lang='lat' dir='ltr'><strong>fuit</strong></span> 
     </span>
    </p>
   </div>
   <div class='ocr_carea' id='block_1_28' title="bbox 791 2361 2354 2431">
    <p class='ocr_par' dir='ltr' id='par_1_28' title="bbox 791 2361 2354 2431">
     <span class='ocr_line' id='line_1_28' title="bbox 791 2361 2354 2431; baseline -0.005 -12"><span class='ocrx_word' id='word_1_278' title='bbox 791 2375 1070 2419; x_wconf 85' lang='lat' dir='ltr'><strong>extensus.</strong></span> <span class='ocrx_word' id='word_1_279' title='bbox 1107 2363 1310 2418; x_wconf 76' lang='lat' dir='ltr'><strong>Civitas</strong></span> <span class='ocrx_word' id='word_1_280' title='bbox 1349 2377 1475 2417; x_wconf 74' lang='lat' dir='ltr'><strong>vero</strong></span> <span class='ocrx_word' id='word_1_281' title='bbox 1502 2377 1642 2431; x_wconf 66' lang='lat' dir='ltr'><strong>aegre</strong></span> <span class='ocrx_word' id='word_1_282' title='bbox 1681 2362 1858 2416; x_wconf 82' lang='lat' dir='ltr'><strong>ferens</strong></span> <span class='ocrx_word' id='word_1_283' title='bbox 1899 2363 1951 2414; x_wconf 91' lang='lat' dir='ltr'><strong>id</strong></span> <span class='ocrx_word' id='word_1_284' title='bbox 1980 2363 2118 2429; x_wconf 84' lang='lat' dir='ltr'><strong>quod</strong></span> <span class='ocrx_word' id='word_1_285' title='bbox 2155 2361 2354 2412; x_wconf 81' lang='lat' dir='ltr'><strong>factum</strong></span> 
     </span>
    </p>
   </div>
   <div class='ocr_carea' id='block_1_29' title="bbox 790 2453 2355 2525">
    <p class='ocr_par' dir='ltr' id='par_1_29' title="bbox 790 2453 2355 2525">
     <span class='ocr_line' id='line_1_29' title="bbox 790 2453 2355 2525; baseline -0.004 -16"><span class='ocrx_word' id='word_1_286' title='bbox 790 2457 956 2509; x_wconf 81' lang='lat' dir='ltr'><strong>fuerat</strong></span> <span class='ocrx_word' id='word_1_287' title='bbox 989 2456 1198 2525; x_wconf 87' lang='lat' dir='ltr'><strong>(omnes</strong></span> <span class='ocrx_word' id='word_1_288' title='bbox 1235 2455 1378 2508; x_wconf 89' lang='lat' dir='ltr'><strong>enim</strong></span> <span class='ocrx_word' id='word_1_289' title='bbox 1422 2453 1534 2507; x_wconf 82' lang='lat' dir='ltr'><strong>fere</strong></span> <span class='ocrx_word' id='word_1_290' title='bbox 1580 2463 1946 2506; x_wconf 87' lang='lat' dir='ltr'><strong>convenerant</strong></span> <span class='ocrx_word' id='word_1_291' title='bbox 1979 2453 2041 2504; x_wconf 88' lang='lat' dir='ltr'><strong>ad</strong></span> <span class='ocrx_word' id='word_1_292' title='bbox 2071 2461 2355 2519; x_wconf 82' lang='lat' dir='ltr'><strong>spectacu-</strong></span> 
     </span>
    </p>
   </div>
   <div class='ocr_carea' id='block_1_30' title="bbox 790 2543 2351 2616">
    <p class='ocr_par' dir='ltr' id='par_1_30' title="bbox 790 2543 2351 2616">
     <span class='ocr_line' id='line_1_30' title="bbox 790 2543 2351 2616; baseline -0.004 -15"><span class='ocrx_word' id='word_1_293' title='bbox 790 2548 923 2614; x_wconf 91' lang='lat' dir='ltr'><strong>lnm)</strong></span> <span class='ocrx_word' id='word_1_294' title='bbox 953 2546 1354 2616; x_wconf 83' lang='lat' dir='ltr'><strong>exproprabant</strong></span> <span class='ocrx_word' id='word_1_295' title='bbox 1399 2545 1712 2614; x_wconf 84' lang='lat' dir='ltr'><strong>imperatori</strong></span> <span class='ocrx_word' id='word_1_296' title='bbox 1749 2544 2117 2598; x_wconf 87' lang='lat' dir='ltr'><strong>crudelitatem</strong></span> <span class='ocrx_word' id='word_1_297' title='bbox 2158 2560 2170 2596; x_wconf 89' lang='lat'>:</span> <span class='ocrx_word' id='word_1_298' title='bbox 2223 2543 2351 2604; x_wconf 84' lang='lat' dir='ltr'><strong>Cur,</strong></span> 
     </span>
    </p>
   </div>
   <div class='ocr_carea' id='block_1_31' title="bbox 793 2635 2354 2706">
    <p class='ocr_par' dir='ltr' id='par_1_31' title="bbox 793 2635 2354 2706">
     <span class='ocr_line' id='line_1_31' title="bbox 793 2635 2354 2706; baseline -0.004 -15"><span class='ocrx_word' id='word_1_299' title='bbox 793 2639 1054 2700; x_wconf 78' lang='lat' dir='ltr'><strong>dicentes,</strong></span> <span class='ocrx_word' id='word_1_300' title='bbox 1081 2637 1162 2690; x_wconf 70' lang='lat' dir='ltr'><strong>vir</strong></span> <span class='ocrx_word' id='word_1_301' title='bbox 1187 2637 1320 2690; x_wconf 88' lang='lat' dir='ltr'><strong>adeo</strong></span> <span class='ocrx_word' id='word_1_302' title='bbox 1350 2636 1550 2699; x_wconf 85' lang='lat' dir='ltr'><strong>clarus,</strong></span> <span class='ocrx_word' id='word_1_303' title='bbox 1579 2651 1881 2706; x_wconf 87' lang='lat' dir='ltr'><strong>genereque</strong></span> <span class='ocrx_word' id='word_1_304' title='bbox 1911 2643 1963 2689; x_wconf 89' lang='lat' dir='ltr'><strong>et</strong></span> <span class='ocrx_word' id='word_1_305' title='bbox 1987 2635 2248 2703; x_wconf 81' lang='lat' dir='ltr'><strong>sapientia</strong></span> <span class='ocrx_word' id='word_1_306' title='bbox 2277 2637 2354 2686; x_wconf 83' lang='lat' dir='ltr'><strong>in-</strong></span> 
     </span>
    </p>
   </div>
   <div class='ocr_carea' id='block_1_32' title="bbox 791 2727 2355 2798">
    <p class='ocr_par' dir='ltr' id='par_1_32' title="bbox 791 2727 2355 2798">
     <span class='ocr_line' id='line_1_32' title="bbox 791 2727 2355 2798; baseline -0.001 -16"><span class='ocrx_word' id='word_1_307' title='bbox 791 2729 980 2798; x_wconf 85' lang='lat' dir='ltr'><strong>signis,</strong></span> <span class='ocrx_word' id='word_1_308' title='bbox 1008 2729 1143 2781; x_wconf 85' lang='lat' dir='ltr'><strong>male</strong></span> <span class='ocrx_word' id='word_1_309' title='bbox 1168 2729 1327 2796; x_wconf 89' lang='lat' dir='ltr'><strong>perit,</strong></span> <span class='ocrx_word' id='word_1_310' title='bbox 1361 2739 1614 2797; x_wconf 82' lang='lat' dir='ltr'><strong>tanquam</strong></span> <span class='ocrx_word' id='word_1_311' title='bbox 1640 2727 1857 2782; x_wconf 77' lang='lat' dir='ltr'><strong>infamis</strong></span> <span class='ocrx_word' id='word_1_312' title='bbox 1885 2728 2192 2796; x_wconf 85' lang='lat' dir='ltr'><strong>quispiam?</strong></span> <span class='ocrx_word' id='word_1_313' title='bbox 2217 2728 2355 2780; x_wconf 79' lang='lat' dir='ltr'><strong>Deus</strong></span> 
     </span>
    </p>
   </div>
   <div class='ocr_carea' id='block_1_33' title="bbox 791 2820 2354 2887">
    <p class='ocr_par' dir='ltr' id='par_1_33' title="bbox 791 2820 2354 2887">
     <span class='ocr_line' id='line_1_33' title="bbox 791 2820 2354 2887; baseline -0.003 -13"><span class='ocrx_word' id='word_1_314' title='bbox 791 2831 973 2874; x_wconf 88' lang='lat' dir='ltr'><strong>autem</strong></span> <span class='ocrx_word' id='word_1_315' title='bbox 1043 2820 1282 2874; x_wconf 88' lang='lat' dir='ltr'><strong>dolorem</strong></span> <span class='ocrx_word' id='word_1_316' title='bbox 1334 2820 1937 2887; x_wconf 84' lang='lat' dir='ltr'><strong>allevabatesnperis:</strong></span> <span class='ocrx_word' id='word_1_317' title='bbox 1994 2829 2048 2871; x_wconf 92' lang='lat' dir='ltr'><strong>et</strong></span> <span class='ocrx_word' id='word_1_318' title='bbox 2103 2831 2354 2885; x_wconf 88' lang='lat' dir='ltr'><strong>tanquam</strong></span> 
     </span>
    </p>
   </div>
   <div class='ocr_carea' id='block_1_34' title="bbox 790 2907 2353 2979">
    <p class='ocr_par' dir='ltr' id='par_1_34' title="bbox 790 2907 2353 2979">
     <span class='ocr_line' id='line_1_34' title="bbox 790 2907 2353 2979; baseline 0 -17"><span class='ocrx_word' id='word_1_319' title='bbox 790 2913 1022 2979; x_wconf 86' lang='lat' dir='ltr'><strong>quodam</strong></span> <span class='ocrx_word' id='word_1_320' title='bbox 1042 2927 1163 2965; x_wconf 91' lang='lat' dir='ltr'><strong>rore</strong></span> <span class='ocrx_word' id='word_1_321' title='bbox 1196 2911 1568 2979; x_wconf 77' lang='lat' dir='ltr'><strong>refrigeratus,</strong></span> <span class='ocrx_word' id='word_1_322' title='bbox 1601 2919 1656 2962; x_wconf 86' lang='lat' dir='ltr'><strong>et</strong></span> <span class='ocrx_word' id='word_1_323' title='bbox 1686 2911 1736 2959; x_wconf 90' lang='lat' dir='ltr'><strong>in</strong></span> <span class='ocrx_word' id='word_1_324' title='bbox 1767 2907 1910 2960; x_wconf 89' lang='lat' dir='ltr'><strong>molli</strong></span> <span class='ocrx_word' id='word_1_325' title='bbox 1944 2908 2105 2961; x_wconf 84' lang='lat' dir='ltr'><strong>herba</strong></span> <span class='ocrx_word' id='word_1_326' title='bbox 2132 2908 2353 2971; x_wconf 85' lang='lat' dir='ltr'><strong>cubans,</strong></span> 
     </span>
    </p>
   </div>
   <div class='ocr_carea' id='block_1_35' title="bbox 796 2996 2353 3070">
    <p class='ocr_par' dir='ltr' id='par_1_35' title="bbox 796 2996 2353 3070">
     <span class='ocr_line' id='line_1_35' title="bbox 796 2996 2353 3070; baseline -0.001 -18"><span class='ocrx_word' id='word_1_327' title='bbox 796 3009 1002 3070; x_wconf 82' lang='lat' dir='ltr'><strong>martyr</strong></span> <span class='ocrx_word' id='word_1_328' title='bbox 1023 3000 1294 3054; x_wconf 79' lang='lat' dir='ltr'><strong>sentiebat</strong></span> <span class='ocrx_word' id='word_1_329' title='bbox 1318 2998 1664 3068; x_wconf 81' lang='lat' dir='ltr'><strong>voluptatem.</strong></span> <span class='ocrx_word' id='word_1_330' title='bbox 1695 2996 1988 3067; x_wconf 83' lang='lat' dir='ltr'><strong>Imperator</strong></span> <span class='ocrx_word' id='word_1_331' title='bbox 2006 3008 2181 3053; x_wconf 79' lang='lat' dir='ltr'><strong>autem</strong></span> <span class='ocrx_word' id='word_1_332' title='bbox 2207 3010 2353 3067; x_wconf 89' lang='lat' dir='ltr'><strong>post-</strong></span> 
     </span>
    </p>
   </div>
   <div class='ocr_carea' id='block_1_36' title="bbox 791 3089 2349 3161">
    <p class='ocr_par' dir='ltr' id='par_1_36' title="bbox 791 3089 2349 3161">
     <span class='ocr_line' id='line_1_36' title="bbox 791 3089 2349 3161; baseline -0.001 -20"><span class='ocrx_word' id='word_1_333' title='bbox 791 3107 952 3161; x_wconf 88' lang='lat' dir='ltr'><strong>quam</strong></span> <span class='ocrx_word' id='word_1_334' title='bbox 991 3091 1154 3145; x_wconf 79' lang='lat' dir='ltr'><strong>animi</strong></span> <span class='ocrx_word' id='word_1_335' title='bbox 1210 3090 1411 3145; x_wconf 80' lang='lat' dir='ltr'><strong>rabiem</strong></span> <span class='ocrx_word' id='word_1_336' title='bbox 1467 3099 1733 3145; x_wconf 84' lang='lat' dir='ltr'><strong>tormento</strong></span> <span class='ocrx_word' id='word_1_337' title='bbox 1771 3091 1882 3157; x_wconf 85' lang='lat' dir='ltr'><strong>jam</strong></span> <span class='ocrx_word' id='word_1_338' title='bbox 1925 3091 2056 3148; x_wconf 78' lang='lat' dir='ltr'><strong>satis</strong></span> <span class='ocrx_word' id='word_1_339' title='bbox 2105 3089 2349 3154; x_wconf 80' lang='lat' dir='ltr'><strong>lenierat,</strong></span> 
     </span>
    </p>
   </div>
   <div class='ocr_carea' id='block_1_37' title="bbox 2455 1906 4021 1977">
    <p class='ocr_par' dir='ltr' id='par_1_37' title="bbox 2455 1906 4021 1977">
     <span class='ocr_line' id='line_1_37' title="bbox 2455 1906 4021 1977; baseline 0.003 -16"><span class='ocrx_word' id='word_1_340' title='bbox 2455 1910 2551 1961; x_wconf 73' lang='grc' dir='ltr'><strong>καὶ</strong></span> <span class='ocrx_word' id='word_1_341' title='bbox 2579 1906 2853 1977; x_wconf 76' lang='grc' dir='ltr'>κράϐατον</span> <span class='ocrx_word' id='word_1_342' title='bbox 2887 1908 3173 1976; x_wconf 73' lang='grc' dir='ltr'><strong>ἐνεχθῆναι</strong></span> <span class='ocrx_word' id='word_1_343' title='bbox 3215 1908 3427 1961; x_wconf 77' lang='grc' dir='ltr'><strong>κελεύει</strong></span> <span class='ocrx_word' id='word_1_344' title='bbox 3451 1910 3707 1977; x_wconf 76' lang='grc' dir='ltr'><strong>χαλκοῦν,</strong></span> <span class='ocrx_word' id='word_1_345' title='bbox 3745 1906 3808 1964; x_wconf 74' lang='grc' dir='ltr'>οὗ</span> <span class='ocrx_word' id='word_1_346' title='bbox 3848 1915 4021 1966; x_wconf 77' lang='grc' dir='ltr'>κάτω-</span> 
     </span>
    </p>
   </div>
   <div class='ocr_carea' id='block_1_38' title="bbox 2453 1996 4025 2071">
    <p class='ocr_par' dir='ltr' id='par_1_38' title="bbox 2453 1996 4025 2071">
     <span class='ocr_line' id='line_1_38' title="bbox 2453 1996 4025 2071; baseline 0.002 -20"><span class='ocrx_word' id='word_1_347' title='bbox 2453 1998 2546 2051; x_wconf 88' lang='grc' dir='ltr'><strong>θεν</strong></span> <span class='ocrx_word' id='word_1_348' title='bbox 2572 1999 2670 2067; x_wconf 66' lang='grc' dir='ltr'>μὲν</span> <span class='ocrx_word' id='word_1_349' title='bbox 2702 1996 2815 2066; x_wconf 79' lang='grc' dir='ltr'><strong>πῦρ</strong></span> <span class='ocrx_word' id='word_1_350' title='bbox 2842 1998 3260 2067; x_wconf 77' lang='grc' dir='ltr'>ὑποστρωθῆναι</span> <span class='ocrx_word' id='word_1_351' title='bbox 3289 1998 3446 2062; x_wconf 78' lang='grc' dir='ltr'>πολὺ,</span> <span class='ocrx_word' id='word_1_352' title='bbox 3476 1999 3682 2053; x_wconf 78' lang='grc' dir='ltr'>ἄνωθεν</span> <span class='ocrx_word' id='word_1_353' title='bbox 3712 2001 3770 2053; x_wconf 83' lang='grc' dir='ltr'>δὲ</span> <span class='ocrx_word' id='word_1_354' title='bbox 3810 2019 4025 2071; x_wconf 77' lang='grc' dir='ltr'>γυμνωο</span> 
     </span>
    </p>
   </div>
   <div class='ocr_carea' id='block_1_39' title="bbox 2455 2089 4022 2162">
    <p class='ocr_par' dir='ltr' id='par_1_39' title="bbox 2455 2089 4022 2162">
     <span class='ocr_line' id='line_1_39' title="bbox 2455 2089 4022 2162; baseline 0.003 -20"><span class='ocrx_word' id='word_1_355' title='bbox 2455 2092 2619 2143; x_wconf 87' lang='grc' dir='ltr'>θέντα</span> <span class='ocrx_word' id='word_1_356' title='bbox 2654 2089 2977 2160; x_wconf 83' lang='grc' dir='ltr'>διαταθῆναι</span> <span class='ocrx_word' id='word_1_357' title='bbox 3001 2091 3090 2142; x_wconf 78' lang='grc' dir='ltr'><strong>τὸν</strong></span> <span class='ocrx_word' id='word_1_358' title='bbox 3117 2091 3378 2162; x_wconf 79' lang='grc' dir='ltr'>ἀθλητὴν,</span> <span class='ocrx_word' id='word_1_359' title='bbox 3414 2092 3518 2156; x_wconf 69' lang='grc' dir='ltr'><strong>ἕως</strong></span> <span class='ocrx_word' id='word_1_360' title='bbox 3547 2092 3611 2144; x_wconf 78' lang='grc' dir='ltr'>ἂν</span> <span class='ocrx_word' id='word_1_361' title='bbox 3643 2093 3737 2145; x_wconf 80' lang='grc' dir='ltr'>καὶ</span> <span class='ocrx_word' id='word_1_362' title='bbox 3765 2095 3848 2156; x_wconf 84' lang='grc' dir='ltr'><strong>είς</strong></span> <span class='ocrx_word' id='word_1_363' title='bbox 3875 2094 4022 2156; x_wconf 77' lang='grc' dir='ltr'>τέλος</span> 
     </span>
    </p>
   </div>
   <div class='ocr_carea' id='block_1_40' title="bbox 2453 2181 4020 2255">
    <p class='ocr_par' dir='ltr' id='par_1_40' title="bbox 2453 2181 4020 2255">
     <span class='ocr_line' id='line_1_40' title="bbox 2453 2181 4020 2255; baseline 0.004 -23"><span class='ocrx_word' id='word_1_364' title='bbox 2453 2181 2745 2251; x_wconf 75' lang='grc' dir='ltr'>διαφθαρῇ.</span> <span class='ocrx_word' id='word_1_365' title='bbox 2806 2181 2891 2244; x_wconf 83' lang='grc' dir='ltr'>Ὦς</span> <span class='ocrx_word' id='word_1_366' title='bbox 2921 2181 2977 2232; x_wconf 72' lang='grc' dir='ltr'>δὲ</span> <span class='ocrx_word' id='word_1_367' title='bbox 3007 2182 3179 2235; x_wconf 82' lang='grc' dir='ltr'>ταῦτα</span> <span class='ocrx_word' id='word_1_368' title='bbox 3205 2183 3399 2236; x_wconf 78' lang='grc' dir='ltr'>θᾶττον</span> <span class='ocrx_word' id='word_1_369' title='bbox 3430 2185 3661 2252; x_wconf 75' lang='grc' dir='ltr'>ἐγίνετο,</span> <span class='ocrx_word' id='word_1_370' title='bbox 3685 2186 3780 2237; x_wconf 76' lang='grc' dir='ltr'>καὶ</span> <span class='ocrx_word' id='word_1_371' title='bbox 3818 2189 3846 2238; x_wconf 83' lang='grc' dir='ltr'>ὁ</span> <span class='ocrx_word' id='word_1_372' title='bbox 3883 2186 4020 2255; x_wconf 70' lang='grc' dir='ltr'>μάρ-</span> 
     </span>
    </p>
   </div>
   <div class='ocr_carea' id='block_1_41' title="bbox 2451 2271 4020 2342">
    <p class='ocr_par' dir='ltr' id='par_1_41' title="bbox 2451 2271 4020 2342">
     <span class='ocr_line' id='line_1_41' title="bbox 2451 2271 4020 2342; baseline 0.003 -20"><span class='ocrx_word' id='word_1_373' title='bbox 2451 2289 2547 2332; x_wconf 79' lang='grc' dir='ltr'><strong>τυς</strong></span> <span class='ocrx_word' id='word_1_374' title='bbox 2585 2272 2716 2332; x_wconf 77' lang='grc' dir='ltr'>ὅλως</span> <span class='ocrx_word' id='word_1_375' title='bbox 2753 2271 2858 2340; x_wconf 77' lang='grc' dir='ltr'>ὅλῳ</span> <span class='ocrx_word' id='word_1_376' title='bbox 2897 2271 2972 2339; x_wconf 86' lang='grc' dir='ltr'>τῷ</span> <span class='ocrx_word' id='word_1_377' title='bbox 3009 2273 3266 2341; x_wconf 76' lang='grc' dir='ltr'>κραϐάτῳ</span> <span class='ocrx_word' id='word_1_378' title='bbox 3297 2276 3605 2342; x_wconf 78' lang='grc' dir='ltr'>ὲφὴπλωτο,</span> <span class='ocrx_word' id='word_1_379' title='bbox 3648 2277 3867 2329; x_wconf 78' lang='grc' dir='ltr'>οἱκατὰ</span> <span class='ocrx_word' id='word_1_380' title='bbox 3893 2277 4020 2328; x_wconf 78' lang='grc' dir='ltr'>θέαν</span> 
     </span>
    </p>
   </div>
   <div class='ocr_carea' id='block_1_42' title="bbox 2454 2361 4021 2433">
    <p class='ocr_par' dir='ltr' id='par_1_42' title="bbox 2454 2361 4021 2433">
     <span class='ocr_line' id='line_1_42' title="bbox 2454 2361 4021 2433; baseline 0.004 -21"><span class='ocrx_word' id='word_1_381' title='bbox 2454 2361 2852 2428; x_wconf 67' lang='grc' dir='ltr'>ἀθροισθέντες,</span> <span class='ocrx_word' id='word_1_382' title='bbox 2912 2363 3124 2429; x_wconf 79' lang='grc' dir='ltr'>βαρέως</span> <span class='ocrx_word' id='word_1_383' title='bbox 3184 2365 3504 2429; x_wconf 68' lang='grc' dir='ltr'><strong>ἐνεγκόντες</strong></span> <span class='ocrx_word' id='word_1_384' title='bbox 3546 2365 3607 2417; x_wconf 83' lang='grc' dir='ltr'>τὸ</span> <span class='ocrx_word' id='word_1_385' title='bbox 3649 2369 3895 2433; x_wconf 74' lang='grc' dir='ltr'>γεγονὸς,</span> <span class='ocrx_word' id='word_1_386' title='bbox 3945 2369 4021 2430; x_wconf 80' lang='grc' dir='ltr'><strong>εἰς</strong></span> 
     </span>
    </p>
   </div>
   <div class='ocr_carea' id='block_1_43' title="bbox 2452 2448 4019 2525">
    <p class='ocr_par' dir='ltr' id='par_1_43' title="bbox 2452 2448 4019 2525">
     <span class='ocr_line' id='line_1_43' title="bbox 2452 2448 4019 2525; baseline 0.004 -21"><span class='ocrx_word' id='word_1_387' title='bbox 2452 2451 2712 2522; x_wconf 76' lang='grc' dir='ltr'>ὠμότητα</span> <span class='ocrx_word' id='word_1_388' title='bbox 2744 2453 3044 2522; x_wconf 75' lang='grc' dir='ltr'>ἐλοιδόρουν</span> <span class='ocrx_word' id='word_1_389' title='bbox 3079 2454 3168 2506; x_wconf 74' lang='grc' dir='ltr'>τὸν</span> <span class='ocrx_word' id='word_1_390' title='bbox 3204 2454 3454 2522; x_wconf 85' lang='grc' dir='ltr'>βασιλέα,</span> <span class='ocrx_word' id='word_1_391' title='bbox 3498 2457 3615 2508; x_wconf 83' lang='grc' dir='ltr'>Ἷνα</span> <span class='ocrx_word' id='word_1_392' title='bbox 3649 2448 3726 2520; x_wconf 61' lang='grc' dir='ltr'><strong>τί,</strong></span> <span class='ocrx_word' id='word_1_393' title='bbox 3755 2457 4019 2525; x_wconf 81' lang='grc' dir='ltr'>λέγοντες,</span> 
     </span>
    </p>
   </div>
   <div class='ocr_carea' id='block_1_44' title="bbox 2453 2544 4020 2618">
    <p class='ocr_par' dir='ltr' id='par_1_44' title="bbox 2453 2544 4020 2618">
     <span class='ocr_line' id='line_1_44' title="bbox 2453 2544 4020 2618; baseline 0.004 -22"><span class='ocrx_word' id='word_1_394' title='bbox 2453 2544 2590 2614; x_wconf 77' lang='grc' dir='ltr'>ἀνὴρ</span> <span class='ocrx_word' id='word_1_395' title='bbox 2616 2545 2756 2598; x_wconf 79' lang='grc' dir='ltr'>οὕτω</span> <span class='ocrx_word' id='word_1_396' title='bbox 2817 2547 2962 2614; x_wconf 74' lang='grc' dir='ltr'>γένει</span> <span class='ocrx_word' id='word_1_397' title='bbox 2992 2564 3050 2598; x_wconf 89' lang='grc' dir='ltr'><strong>τε</strong></span> <span class='ocrx_word' id='word_1_398' title='bbox 3080 2548 3173 2599; x_wconf 80' lang='grc' dir='ltr'><strong>καὶ</strong></span> <span class='ocrx_word' id='word_1_399' title='bbox 3204 2549 3366 2617; x_wconf 78' lang='grc' dir='ltr'>σοφία</span> <span class='ocrx_word' id='word_1_400' title='bbox 3414 2549 3796 2618; x_wconf 76' lang='grc' dir='ltr'>περίϐλεπτος,</span> <span class='ocrx_word' id='word_1_401' title='bbox 3827 2546 3914 2603; x_wconf 80' lang='grc' dir='ltr'><strong>οἶά</strong></span> <span class='ocrx_word' id='word_1_402' title='bbox 3942 2569 4020 2613; x_wconf 84' lang='grc' dir='ltr'><strong>τις</strong></span> 
     </span>
    </p>
   </div>
   <div class='ocr_carea' id='block_1_45' title="bbox 2453 2636 4021 2705">
    <p class='ocr_par' dir='ltr' id='par_1_45' title="bbox 2453 2636 4021 2705">
     <span class='ocr_line' id='line_1_45' title="bbox 2453 2636 4021 2705; baseline 0.004 -20"><span class='ocrx_word' id='word_1_403' title='bbox 2453 2636 2560 2687; x_wconf 75' lang='grc' dir='ltr'><strong>τῶν</strong></span> <span class='ocrx_word' id='word_1_404' title='bbox 2629 2636 2837 2705; x_wconf 82' lang='grc' dir='ltr'>ἀτίμων</span> <span class='ocrx_word' id='word_1_405' title='bbox 2892 2639 3077 2701; x_wconf 83' lang='grc' dir='ltr'>κακῶς</span> <span class='ocrx_word' id='word_1_406' title='bbox 3132 2639 3476 2704; x_wconf 76' lang='grc' dir='ltr'>ἀπόλλυταις</span> <span class='ocrx_word' id='word_1_407' title='bbox 3524 2639 3653 2704; x_wconf 81' lang='grc' dir='ltr'>Θεὸς</span> <span class='ocrx_word' id='word_1_408' title='bbox 3698 2639 3754 2693; x_wconf 73' lang='grc' dir='ltr'>δὲ</span> <span class='ocrx_word' id='word_1_409' title='bbox 3817 2642 4021 2695; x_wconf 74' lang='grc' dir='ltr'>ἄνωθεν</span> 
     </span>
    </p>
   </div>
   <div class='ocr_carea' id='block_1_46' title="bbox 2455 2723 4021 2802">
    <p class='ocr_par' dir='ltr' id='par_1_46' title="bbox 2455 2723 4021 2802">
     <span class='ocr_line' id='line_1_46' title="bbox 2455 2723 4021 2802; baseline 0.006 -23"><span class='ocrx_word' id='word_1_410' title='bbox 2455 2727 2781 2795; x_wconf 71' lang='grc' dir='ltr'>ἑπεκούφιζε</span> <span class='ocrx_word' id='word_1_411' title='bbox 2805 2729 2902 2790; x_wconf 74' lang='grc' dir='ltr'>τὰς</span> <span class='ocrx_word' id='word_1_412' title='bbox 2935 2723 3147 2793; x_wconf 73' lang='grc' dir='ltr'>ὀδύνας,</span> <span class='ocrx_word' id='word_1_413' title='bbox 3187 2732 3282 2784; x_wconf 74' lang='grc' dir='ltr'><strong>καὶ</strong></span> <span class='ocrx_word' id='word_1_414' title='bbox 3315 2731 3502 2801; x_wconf 80' lang='grc' dir='ltr'>ὥσπερ</span> <span class='ocrx_word' id='word_1_415' title='bbox 3529 2733 3634 2784; x_wconf 78' lang='grc' dir='ltr'>τινὶ</span> <span class='ocrx_word' id='word_1_416' title='bbox 3667 2734 4021 2802; x_wconf 73' lang='grc' dir='ltr'>μαλακῇ’πόᾳ</span> 
     </span>
    </p>
   </div>
   <div class='ocr_carea' id='block_1_47' title="bbox 2457 2819 4022 2893">
    <p class='ocr_par' dir='ltr' id='par_1_47' title="bbox 2457 2819 4022 2893">
     <span class='ocr_line' id='line_1_47' title="bbox 2457 2819 4022 2893; baseline 0.003 -23"><span class='ocrx_word' id='word_1_417' title='bbox 2457 2819 2549 2870; x_wconf 73' lang='grc' dir='ltr'><strong>καὶ</strong></span> <span class='ocrx_word' id='word_1_418' title='bbox 2578 2819 2834 2888; x_wconf 84' lang='grc' dir='ltr'>δροσώδει</span> <span class='ocrx_word' id='word_1_419' title='bbox 2873 2823 3302 2889; x_wconf 74' lang='grc' dir='ltr'><strong>κατακείμενος,</strong></span> <span class='ocrx_word' id='word_1_420' title='bbox 3340 2824 3512 2884; x_wconf 77' lang='grc' dir='ltr'>οὕτως</span> <span class='ocrx_word' id='word_1_421' title='bbox 3554 2827 3582 2876; x_wconf 78' lang='grc' dir='ltr'><strong><em>ὁ</em></strong></span> <span class='ocrx_word' id='word_1_422' title='bbox 3608 2827 3818 2893; x_wconf 79' lang='grc' dir='ltr'><strong>μάρτυς</strong></span> <span class='ocrx_word' id='word_1_423' title='bbox 3843 2828 4022 2876; x_wconf 70' lang='grc' dir='ltr'>εὐπα-</span> 
     </span>
    </p>
   </div>
   <div class='ocr_carea' id='block_1_48' title="bbox 2457 2905 4020 2981">
    <p class='ocr_par' dir='ltr' id='par_1_48' title="bbox 2457 2905 4020 2981">
     <span class='ocr_line' id='line_1_48' title="bbox 2457 2905 4020 2981; baseline 0.004 -21"><span class='ocrx_word' id='word_1_424' title='bbox 2457 2909 2563 2961; x_wconf 86' lang='grc' dir='ltr'><strong>θῶν</strong></span> <span class='ocrx_word' id='word_1_425' title='bbox 2590 2905 2676 2978; x_wconf 79' lang='grc' dir='ltr'>ἦν.</span> <span class='ocrx_word' id='word_1_426' title='bbox 2709 2911 2804 2961; x_wconf 74' lang='lat' dir='ltr'><strong>&quot;Ov</strong></span> <span class='ocrx_word' id='word_1_427' title='bbox 2826 2914 2852 2963; x_wconf 83' lang='grc' dir='ltr'>ὁ</span> <span class='ocrx_word' id='word_1_428' title='bbox 2877 2911 3141 2978; x_wconf 77' lang='grc' dir='ltr'>τύραννος</span> <span class='ocrx_word' id='word_1_429' title='bbox 3161 2912 3414 2965; x_wconf 78' lang='grc' dir='ltr'>τεθνάναι</span> <span class='ocrx_word' id='word_1_430' title='bbox 3445 2913 3754 2975; x_wconf 62' lang='grc' dir='ltr'>ὑπολαβὼν,</span> <span class='ocrx_word' id='word_1_431' title='bbox 3791 2914 4020 2981; x_wconf 79' lang='grc' dir='ltr'>ἀρθῆναι</span> 
     </span>
    </p>
   </div>
   <div class='ocr_carea' id='block_1_49' title="bbox 2453 3000 4021 3076">
    <p class='ocr_par' dir='ltr' id='par_1_49' title="bbox 2453 3000 4021 3076">
     <span class='ocr_line' id='line_1_49' title="bbox 2453 3000 4021 3076; baseline 0.004 -25"><span class='ocrx_word' id='word_1_432' title='bbox 2453 3000 2545 3053; x_wconf 73' lang='grc' dir='ltr'><strong>τὸν</strong></span> <span class='ocrx_word' id='word_1_433' title='bbox 2573 3001 2780 3053; x_wconf 74' lang='grc' dir='ltr'>ἐκείνου</span> <span class='ocrx_word' id='word_1_434' title='bbox 2810 3003 3003 3071; x_wconf 81' lang='grc' dir='ltr'>νεκρὸν</span> <span class='ocrx_word' id='word_1_435' title='bbox 3022 3004 3294 3056; x_wconf 74' lang='grc' dir='ltr'>ἐκέλευεν.</span> <span class='ocrx_word' id='word_1_436' title='bbox 3327 3004 3414 3067; x_wconf 83' lang='grc' dir='ltr'>Ὠς</span> <span class='ocrx_word' id='word_1_437' title='bbox 3438 3004 3495 3056; x_wconf 72' lang='grc' dir='ltr'>δὲ</span> <span class='ocrx_word' id='word_1_438' title='bbox 3519 3006 3615 3072; x_wconf 81' lang='grc' dir='ltr'>τῆς</span> <span class='ocrx_word' id='word_1_439' title='bbox 3645 3005 3873 3076; x_wconf 72' lang='grc' dir='ltr'>σιδηρᾶς</span> <span class='ocrx_word' id='word_1_440' title='bbox 3907 3006 4021 3058; x_wconf 84' lang='grc' dir='ltr'>κλί-</span> 
     </span>
    </p>
   </div>
   <div class='ocr_carea' id='block_1_50' title="bbox 2454 3093 4024 3170">
    <p class='ocr_par' dir='ltr' id='par_1_50' title="bbox 2454 3093 4024 3170">
     <span class='ocr_line' id='line_1_50' title="bbox 2454 3093 4024 3170; baseline 0.004 -27"><span class='ocrx_word' id='word_1_441' title='bbox 2454 3109 2548 3159; x_wconf 84' lang='grc' dir='ltr'><strong>νης</strong></span> <span class='ocrx_word' id='word_1_442' title='bbox 2584 3093 2796 3160; x_wconf 74' lang='grc' dir='ltr'>ἐκείνης</span> <span class='ocrx_word' id='word_1_443' title='bbox 2829 3095 3070 3158; x_wconf 74' lang='grc' dir='ltr'>ἀναστὰς</span> <span class='ocrx_word' id='word_1_444' title='bbox 3099 3097 3128 3149; x_wconf 78' lang='grc' dir='ltr'><strong>ό</strong></span> <span class='ocrx_word' id='word_1_445' title='bbox 3168 3096 3405 3166; x_wconf 80' lang='grc' dir='ltr'><strong>μάρτυς,</strong></span> <span class='ocrx_word' id='word_1_446' title='bbox 3443 3097 3661 3168; x_wconf 72' lang='grc' dir='ltr'>ἀπαθὴς</span> <span class='ocrx_word' id='word_1_447' title='bbox 3712 3093 3783 3170; x_wconf 81' lang='grc' dir='ltr'><strong>ἦν</strong></span> <span class='ocrx_word' id='word_1_448' title='bbox 3817 3100 3912 3152; x_wconf 75' lang='grc' dir='ltr'>καὶ</span> <span class='ocrx_word' id='word_1_449' title='bbox 3937 3097 4024 3150; x_wconf 80' lang='grc' dir='ltr'><strong>εῦ-</strong></span> 
     </span>
    </p>
   </div>
   <div class='ocr_carea' id='block_1_51' title="bbox 790 3159 2361 3259">
    <p class='ocr_par' dir='ltr' id='par_1_51' title="bbox 790 3179 2350 3248">
     <span class='ocr_line' id='line_1_51' title="bbox 790 3179 2350 3248; baseline -0.002 -13"><span class='ocrx_word' id='word_1_450' title='bbox 790 3183 1107 3236; x_wconf 81' lang='lat' dir='ltr'><strong>existimatts</strong></span> <span class='ocrx_word' id='word_1_451' title='bbox 1140 3197 1262 3236; x_wconf 86' lang='lat' dir='ltr'><strong>eum</strong></span> <span class='ocrx_word' id='word_1_452' title='bbox 1289 3182 1400 3248; x_wconf 87' lang='lat' dir='ltr'><strong>jam</strong></span> <span class='ocrx_word' id='word_1_453' title='bbox 1431 3196 1550 3233; x_wconf 88' lang='lat' dir='ltr'><strong>esse</strong></span> <span class='ocrx_word' id='word_1_454' title='bbox 1580 3190 1868 3242; x_wconf 83' lang='lat' dir='ltr'><strong>mortuum,</strong></span> <span class='ocrx_word' id='word_1_455' title='bbox 1898 3180 2047 3245; x_wconf 84' lang='lat' dir='ltr'><strong>iubet</strong></span> <span class='ocrx_word' id='word_1_456' title='bbox 2077 3179 2222 3232; x_wconf 85' lang='lat' dir='ltr'><strong>illinc</strong></span> <span class='ocrx_word' id='word_1_457' title='bbox 2249 3183 2350 3232; x_wconf 91' lang='grc' dir='ltr'>ιοι-</span> 
     </span>
    </p>
   </div>
   <div class='ocr_carea' id='block_1_52' title="bbox 2452 3159 4020 3259">
    <p class='ocr_par' dir='ltr' id='par_1_52' title="bbox 2455 3159 4020 3259">
     <span class='ocr_line' id='line_1_52' title="bbox 2455 3159 4020 3259; baseline 0.007 -27"><span class='ocrx_word' id='word_1_458' title='bbox 2455 3181 2644 3250; x_wconf 84' lang='grc' dir='ltr'>θυμος,</span> <span class='ocrx_word' id='word_1_459' title='bbox 2675 3159 2907 3252; x_wconf 52' lang='grc' dir='ltr'><strong>’Υᾴώσω</strong></span> <span class='ocrx_word' id='word_1_460' title='bbox 2938 3202 3019 3249; x_wconf 87' lang='grc' dir='ltr'><strong>σε,</strong></span> <span class='ocrx_word' id='word_1_461' title='bbox 3037 3187 3064 3237; x_wconf 82' lang='grc' dir='ltr'><strong>δ</strong></span> <span class='ocrx_word' id='word_1_462' title='bbox 3086 3159 3216 3250; x_wconf 75' lang='grc' dir='ltr'>Θεός</span> <span class='ocrx_word' id='word_1_463' title='bbox 3243 3159 3369 3256; x_wconf 76' lang='grc' dir='ltr'>μου,</span> <span class='ocrx_word' id='word_1_464' title='bbox 3393 3159 3430 3238; x_wconf 22' lang='grc' dir='ltr'><strong>*ὁ</strong></span> <span class='ocrx_word' id='word_1_465' title='bbox 3454 3159 3717 3250; x_wconf 66' lang='grc' dir='ltr'>Βασιλεύς</span> <span class='ocrx_word' id='word_1_466' title='bbox 3735 3159 3877 3258; x_wconf 54' lang='grc' dir='ltr'>μου,</span> <span class='ocrx_word' id='word_1_467' title='bbox 3905 3188 4020 3259; x_wconf 76' lang='grc' dir='ltr'>μεθ’</span> 
     </span>
    </p>
   </div>
   <div class='ocr_carea' id='block_1_53' title="bbox 793 3266 2356 3338">
    <p class='ocr_par' dir='ltr' id='par_1_53' title="bbox 793 3266 2356 3338">
     <span class='ocr_line' id='line_1_53' title="bbox 793 3266 2356 3338; baseline -0.004 -14"><span class='ocrx_word' id='word_1_468' title='bbox 793 3271 828 3324; x_wconf 93' lang='lat' dir='ltr'><strong>li</strong></span> <span class='ocrx_word' id='word_1_469' title='bbox 877 3271 1020 3325; x_wconf 87' lang='lat' dir='ltr'><strong>illius</strong></span> <span class='ocrx_word' id='word_1_470' title='bbox 1071 3284 1286 3338; x_wconf 82' lang='lat' dir='ltr'><strong>corpus.</strong></span> <span class='ocrx_word' id='word_1_471' title='bbox 1332 3267 1620 3337; x_wconf 85' lang='lat' dir='ltr'><strong>Postquam</strong></span> <span class='ocrx_word' id='word_1_472' title='bbox 1652 3283 1681 3321; x_wconf 91' lang='lat' dir='ltr'><strong>e</strong></span> <span class='ocrx_word' id='word_1_473' title='bbox 1715 3266 1852 3321; x_wconf 90' lang='lat' dir='ltr'><strong>lecto</strong></span> <span class='ocrx_word' id='word_1_474' title='bbox 1908 3267 2083 3322; x_wconf 78' lang='lat' dir='ltr'><strong>ferreo</strong></span> <span class='ocrx_word' id='word_1_475' title='bbox 2123 3269 2356 3320; x_wconf 80' lang='lat' dir='ltr'><strong>surrexit</strong></span> 
     </span>
    </p>
   </div>
   <div class='ocr_carea' id='block_1_54' title="bbox 793 3355 2358 3431">
    <p class='ocr_par' dir='ltr' id='par_1_54' title="bbox 793 3355 2358 3431">
     <span class='ocr_line' id='line_1_54' title="bbox 793 3355 2358 3431; baseline -0.006 -14"><span class='ocrx_word' id='word_1_476' title='bbox 793 3375 1022 3431; x_wconf 78' lang='lat' dir='ltr'><strong>martyr,</strong></span> <span class='ocrx_word' id='word_1_477' title='bbox 1058 3376 1162 3416; x_wconf 83' lang='lat' dir='ltr'><strong>non</strong></span> <span class='ocrx_word' id='word_1_478' title='bbox 1197 3361 1368 3416; x_wconf 85' lang='lat' dir='ltr'><strong>solum</strong></span> <span class='ocrx_word' id='word_1_479' title='bbox 1409 3359 1628 3423; x_wconf 72' lang='lat' dir='ltr'><strong>illzsus,</strong></span> <span class='ocrx_word' id='word_1_480' title='bbox 1667 3357 1760 3411; x_wconf 90' lang='lat' dir='ltr'><strong>sed</strong></span> <span class='ocrx_word' id='word_1_481' title='bbox 1791 3358 1951 3412; x_wconf 88' lang='lat' dir='ltr'><strong>etiam</strong></span> <span class='ocrx_word' id='word_1_482' title='bbox 1991 3356 2141 3411; x_wconf 63' lang='lat' dir='ltr'><strong>laetus</strong></span> <span class='ocrx_word' id='word_1_483' title='bbox 2169 3365 2220 3409; x_wconf 87' lang='lat' dir='ltr'><strong>et</strong></span> <span class='ocrx_word' id='word_1_484' title='bbox 2245 3355 2358 3409; x_wconf 84' lang='lat' dir='ltr'><strong>ala-</strong></span> 
     </span>
    </p>
   </div>
   <div class='ocr_carea' id='block_1_55' title="bbox 793 3450 2361 3518">
    <p class='ocr_par' dir='ltr' id='par_1_55' title="bbox 793 3450 2361 3518">
     <span class='ocr_line' id='line_1_55' title="bbox 793 3450 2361 3518; baseline -0.004 -9"><span class='ocrx_word' id='word_1_485' title='bbox 793 3471 930 3509; x_wconf 89' lang='lat' dir='ltr'><strong>cer:</strong></span> <span class='ocrx_word' id='word_1_486' title='bbox 967 3453 1230 3508; x_wconf 84' lang='lat' dir='ltr'><strong>Estollam</strong></span> <span class='ocrx_word' id='word_1_487' title='bbox 1272 3463 1322 3506; x_wconf 88' lang='lat' dir='ltr'><strong>te</strong></span> <span class='ocrx_word' id='word_1_488' title='bbox 1360 3453 1502 3506; x_wconf 84' lang='lat' dir='ltr'><strong>Deus</strong></span> <span class='ocrx_word' id='word_1_489' title='bbox 1559 3467 1729 3518; x_wconf 89' lang='lat' dir='ltr'><strong>meus,</strong></span> <span class='ocrx_word' id='word_1_490' title='bbox 1764 3450 1874 3504; x_wconf 82' lang='lat' dir='ltr'><strong>Rex</strong></span> <span class='ocrx_word' id='word_1_491' title='bbox 1913 3465 2083 3509; x_wconf 86' lang='lat' dir='ltr'><strong>meus.</strong></span> <span class='ocrx_word' id='word_1_492' title='bbox 2131 3450 2361 3505; x_wconf 82' lang='lat' dir='ltr'><strong>canebat</strong></span> 
     </span>
    </p>
   </div>
   <div class='ocr_carea' id='block_1_56' title="bbox 793 3541 2358 3613">
    <p class='ocr_par' dir='ltr' id='par_1_56' title="bbox 793 3541 2358 3613">
     <span class='ocr_line' id='line_1_56' title="bbox 793 3541 2358 3613; baseline -0.004 -14"><span class='ocrx_word' id='word_1_493' title='bbox 793 3558 915 3599; x_wconf 83' lang='lat' dir='ltr'><strong>cum</strong></span> <span class='ocrx_word' id='word_1_494' title='bbox 963 3543 1179 3613; x_wconf 87' lang='lat' dir='ltr'><strong>gaudio,</strong></span> <span class='ocrx_word' id='word_1_495' title='bbox 1226 3550 1283 3598; x_wconf 88' lang='lat' dir='ltr'><strong>et</strong></span> <span class='ocrx_word' id='word_1_496' title='bbox 1341 3541 1569 3595; x_wconf 85' lang='lat' dir='ltr'><strong>laudabo</strong></span> <span class='ocrx_word' id='word_1_497' title='bbox 1619 3555 1812 3594; x_wconf 87' lang='lat' dir='ltr'><strong>nomen</strong></span> <span class='ocrx_word' id='word_1_498' title='bbox 1861 3547 2010 3592; x_wconf 87' lang='lat' dir='ltr'><strong>tuum</strong></span> <span class='ocrx_word' id='word_1_499' title='bbox 2079 3548 2358 3607; x_wconf 84' lang='lat' dir='ltr'><strong>perpetuo.</strong></span> 
     </span>
    </p>
   </div>
   <div class='ocr_carea' id='block_1_57' title="bbox 794 3630 2357 3702">
    <p class='ocr_par' dir='ltr' id='par_1_57' title="bbox 794 3630 2357 3702">
     <span class='ocr_line' id='line_1_57' title="bbox 794 3630 2357 3702; baseline -0.003 -13"><span class='ocrx_word' id='word_1_500' title='bbox 794 3634 1050 3690; x_wconf 82' lang='lat' dir='ltr'><strong>Laudabo</strong></span> <span class='ocrx_word' id='word_1_501' title='bbox 1100 3635 1292 3699; x_wconf 87' lang='lat' dir='ltr'><strong>Deum,</strong></span> <span class='ocrx_word' id='word_1_502' title='bbox 1347 3635 1434 3702; x_wconf 87' lang='lat' dir='ltr'><strong>qui</strong></span> <span class='ocrx_word' id='word_1_503' title='bbox 1491 3632 1724 3684; x_wconf 69' lang='lat' dir='ltr'><strong>laetiﬁcat</strong></span> <span class='ocrx_word' id='word_1_504' title='bbox 1764 3630 2104 3695; x_wconf 77' lang='lat' dir='ltr'><strong>iuventutem</strong></span> <span class='ocrx_word' id='word_1_505' title='bbox 2160 3643 2357 3685; x_wconf 85' lang='lat' dir='ltr'><strong>meam.</strong></span> 
     </span>
    </p>
   </div>
   <div class='ocr_carea' id='block_1_58' title="bbox 793 3720 2352 3794">
    <p class='ocr_par' dir='ltr' id='par_1_58' title="bbox 793 3720 2352 3794">
     <span class='ocr_line' id='line_1_58' title="bbox 793 3720 2352 3794; baseline -0.003 -16"><span class='ocrx_word' id='word_1_506' title='bbox 793 3726 1056 3791; x_wconf 81' lang='lat' dir='ltr'><strong>Quoniam</strong></span> <span class='ocrx_word' id='word_1_507' title='bbox 1090 3726 1366 3794; x_wconf 82' lang='lat' dir='ltr'><strong>generatio</strong></span> <span class='ocrx_word' id='word_1_508' title='bbox 1398 3733 1448 3778; x_wconf 90' lang='lat' dir='ltr'><strong>et</strong></span> <span class='ocrx_word' id='word_1_509' title='bbox 1476 3721 1752 3792; x_wconf 81' lang='lat' dir='ltr'><strong>generatio</strong></span> <span class='ocrx_word' id='word_1_510' title='bbox 1779 3720 2018 3774; x_wconf 89' lang='lat' dir='ltr'><strong>laudabit</strong></span> <span class='ocrx_word' id='word_1_511' title='bbox 2051 3734 2213 3788; x_wconf 81' lang='lat' dir='ltr'><strong>opera</strong></span> <span class='ocrx_word' id='word_1_512' title='bbox 2240 3730 2352 3786; x_wconf 89' lang='lat' dir='ltr'><strong>tua,</strong></span> 
     </span>
    </p>
   </div>
   <div class='ocr_carea' id='block_1_59' title="bbox 2449 3272 4023 3347">
    <p class='ocr_par' dir='ltr' id='par_1_59' title="bbox 2449 3272 4023 3347">
     <span class='ocr_line' id='line_1_59' title="bbox 2449 3272 4023 3347; baseline 0.008 -26"><span class='ocrx_word' id='word_1_513' title='bbox 2449 3272 2642 3340; x_wconf 76' lang='grc' dir='ltr'>ἡδονῆς</span> <span class='ocrx_word' id='word_1_514' title='bbox 2673 3273 2892 3340; x_wconf 66' lang='grc' dir='ltr'>ἔψαλλε,</span> <span class='ocrx_word' id='word_1_515' title='bbox 2933 3278 3026 3327; x_wconf 70' lang='grc' dir='ltr'>καὶ</span> <span class='ocrx_word' id='word_1_516' title='bbox 3057 3278 3254 3330; x_wconf 82' lang='grc' dir='ltr'>αίνέσω</span> <span class='ocrx_word' id='word_1_517' title='bbox 3282 3279 3341 3330; x_wconf 79' lang='grc' dir='ltr'><strong>τδ</strong></span> <span class='ocrx_word' id='word_1_518' title='bbox 3367 3279 3540 3347; x_wconf 72' lang='grc' dir='ltr'>ὄνομά</span> <span class='ocrx_word' id='word_1_519' title='bbox 3565 3297 3658 3332; x_wconf 81' lang='grc' dir='ltr'>σου</span> <span class='ocrx_word' id='word_1_520' title='bbox 3680 3280 3771 3332; x_wconf 64' lang='grc' dir='ltr'>διὰ</span> <span class='ocrx_word' id='word_1_521' title='bbox 3796 3282 4023 3344; x_wconf 80' lang='grc' dir='ltr'>παντός.</span> 
     </span>
    </p>
   </div>
   <div class='ocr_carea' id='block_1_60' title="bbox 2463 3361 4026 3442">
    <p class='ocr_par' dir='ltr' id='par_1_60' title="bbox 2463 3361 4026 3442">
     <span class='ocr_line' id='line_1_60' title="bbox 2463 3361 4026 3442; baseline 0.008 -30"><span class='ocrx_word' id='word_1_522' title='bbox 2463 3361 2618 3414; x_wconf 75' lang='grc' dir='ltr'><strong>Ἐπεὶ</strong></span> <span class='ocrx_word' id='word_1_523' title='bbox 2677 3362 2734 3414; x_wconf 69' lang='grc' dir='ltr'>δὲ</span> <span class='ocrx_word' id='word_1_524' title='bbox 2791 3363 2881 3415; x_wconf 84' lang='grc' dir='ltr'><strong>τὸν</strong></span> <span class='ocrx_word' id='word_1_525' title='bbox 2929 3364 3062 3418; x_wconf 82' lang='grc' dir='ltr'>Θεὸν</span> <span class='ocrx_word' id='word_1_526' title='bbox 3121 3365 3264 3419; x_wconf 74' lang='grc' dir='ltr'>οὕτω</span> <span class='ocrx_word' id='word_1_527' title='bbox 3301 3367 3538 3433; x_wconf 72' lang='grc' dir='ltr'>δοξάζων</span> <span class='ocrx_word' id='word_1_528' title='bbox 3573 3370 4026 3442; x_wconf 69' lang='grc' dir='ltr'>θαρῤαλεὼτερος</span> 
     </span>
    </p>
   </div>
   <div class='ocr_carea' id='block_1_61' title="bbox 2453 3454 4024 3531">
    <p class='ocr_par' dir='ltr' id='par_1_61' title="bbox 2453 3454 4024 3531">
     <span class='ocr_line' id='line_1_61' title="bbox 2453 3454 4024 3531; baseline 0.008 -26"><span class='ocrx_word' id='word_1_529' title='bbox 2453 3454 2578 3525; x_wconf 73' lang='grc' dir='ltr'><strong>ἑξῆς</strong></span> <span class='ocrx_word' id='word_1_530' title='bbox 2609 3454 2686 3524; x_wconf 87' lang='grc' dir='ltr'>τῷ</span> <span class='ocrx_word' id='word_1_531' title='bbox 2715 3458 2963 3526; x_wconf 81' lang='grc' dir='ltr'>τυράννῳ</span> <span class='ocrx_word' id='word_1_532' title='bbox 2996 3460 3261 3530; x_wconf 70' lang='grc' dir='ltr'>παρέστη.</span> <span class='ocrx_word' id='word_1_533' title='bbox 3290 3461 3490 3531; x_wconf 78' lang='grc' dir='ltr'>Βλέψον</span> <span class='ocrx_word' id='word_1_534' title='bbox 3515 3463 3593 3525; x_wconf 75' lang='grc' dir='ltr'><strong>εἰς</strong></span> <span class='ocrx_word' id='word_1_535' title='bbox 3616 3463 3738 3530; x_wconf 71' lang='grc' dir='ltr'>ἐμὲ,</span> <span class='ocrx_word' id='word_1_536' title='bbox 3779 3462 4024 3531; x_wconf 74' lang='grc' dir='ltr'>βασιλεῦ,</span> 
     </span>
    </p>
   </div>
   <div class='ocr_carea' id='block_1_62' title="bbox 2453 3546 4030 3625">
    <p class='ocr_par' dir='ltr' id='par_1_62' title="bbox 2453 3546 4030 3625">
     <span class='ocr_line' id='line_1_62' title="bbox 2453 3546 4030 3625; baseline 0.007 -29"><span class='ocrx_word' id='word_1_537' title='bbox 2453 3546 2577 3614; x_wconf 64' lang='grc' dir='ltr'>ἔφη,</span> <span class='ocrx_word' id='word_1_538' title='bbox 2612 3547 2670 3598; x_wconf 76' lang='grc' dir='ltr'>ὃν</span> <span class='ocrx_word' id='word_1_539' title='bbox 2717 3549 2783 3599; x_wconf 78' lang='grc' dir='ltr'><strong>σὺ</strong></span> <span class='ocrx_word' id='word_1_540' title='bbox 2820 3551 2993 3619; x_wconf 79' lang='grc' dir='ltr'>πυρὸς</span> <span class='ocrx_word' id='word_1_541' title='bbox 3039 3551 3201 3618; x_wconf 71' lang='grc' dir='ltr'>ἔργον</span> <span class='ocrx_word' id='word_1_542' title='bbox 3254 3554 3511 3620; x_wconf 79' lang='grc' dir='ltr'>γενέσθαι</span> <span class='ocrx_word' id='word_1_543' title='bbox 3552 3554 3881 3625; x_wconf 83' lang='grc' dir='ltr'>νενόμικας,</span> <span class='ocrx_word' id='word_1_544' title='bbox 3939 3556 4030 3608; x_wconf 73' lang='grc' dir='ltr'>καὶ</span> 
     </span>
    </p>
   </div>
   <div class='ocr_carea' id='block_1_63' title="bbox 2461 3636 4028 3717">
    <p class='ocr_par' dir='ltr' id='par_1_63' title="bbox 2461 3636 4028 3717">
     <span class='ocr_line' id='line_1_63' title="bbox 2461 3636 4028 3717; baseline 0.007 -31"><span class='ocrx_word' id='word_1_545' title='bbox 2461 3636 2616 3698; x_wconf 82' lang='grc' dir='ltr'>σὺνες</span> <span class='ocrx_word' id='word_1_546' title='bbox 2659 3638 2757 3706; x_wconf 73' lang='grc' dir='ltr'>μὲν</span> <span class='ocrx_word' id='word_1_547' title='bbox 2789 3639 2878 3690; x_wconf 74' lang='grc' dir='ltr'><strong>τὸν</strong></span> <span class='ocrx_word' id='word_1_548' title='bbox 2910 3642 3001 3693; x_wconf 77' lang='grc' dir='ltr'><strong>ὑπ’</strong></span> <span class='ocrx_word' id='word_1_549' title='bbox 3037 3645 3171 3710; x_wconf 64' lang='grc' dir='ltr'>ἐμοῦ</span> <span class='ocrx_word' id='word_1_550' title='bbox 3223 3648 3648 3717; x_wconf 70' lang='grc' dir='ltr'>κηρυττόμενον,</span> <span class='ocrx_word' id='word_1_551' title='bbox 3675 3646 3947 3716; x_wconf 73' lang='grc' dir='ltr'>επίγνωθι</span> <span class='ocrx_word' id='word_1_552' title='bbox 3974 3647 4028 3699; x_wconf 77' lang='grc' dir='ltr'><strong>δε</strong></span> 
     </span>
    </p>
   </div>
   <div class='ocr_carea' id='block_1_64' title="bbox 2461 3728 3435 3801">
    <p class='ocr_par' dir='ltr' id='par_1_64' title="bbox 2461 3728 3435 3801">
     <span class='ocr_line' id='line_1_64' title="bbox 2461 3728 3435 3801; baseline 0.012 -22"><span class='ocrx_word' id='word_1_553' title='bbox 2461 3728 2554 3779; x_wconf 73' lang='grc' dir='ltr'><strong>καὶ</strong></span> <span class='ocrx_word' id='word_1_554' title='bbox 2582 3729 2688 3780; x_wconf 85' lang='grc' dir='ltr'><strong>τῶν</strong></span> <span class='ocrx_word' id='word_1_555' title='bbox 2712 3729 2820 3782; x_wconf 85' lang='grc' dir='ltr'>σῶν</span> <span class='ocrx_word' id='word_1_556' title='bbox 2847 3730 2986 3784; x_wconf 81' lang='grc' dir='ltr'>θεῶν</span> <span class='ocrx_word' id='word_1_557' title='bbox 3010 3733 3107 3801; x_wconf 82' lang='grc' dir='ltr'><strong>τὴν</strong></span> <span class='ocrx_word' id='word_1_558' title='bbox 3132 3735 3435 3792; x_wconf 80' lang='grc' dir='ltr'>ἀσθένειαν.</span> 
     </span>
    </p>
   </div>
   <div class='ocr_carea' id='block_1_65' title="bbox 789 3815 4025 3899">
    <p class='ocr_par' dir='ltr' id='par_1_65' title="bbox 789 3815 4025 3899">
     <span class='ocr_line' id='line_1_65' title="bbox 789 3815 4025 3899; baseline 0.003 -24"><span class='ocrx_word' id='word_1_559' title='bbox 789 3832 844 3876; x_wconf 84' lang='lat' dir='ltr'><strong>et</strong></span> <span class='ocrx_word' id='word_1_560' title='bbox 870 3819 1161 3891; x_wconf 85' lang='lat' dir='ltr'><strong>potentiam</strong></span> <span class='ocrx_word' id='word_1_561' title='bbox 1207 3827 1351 3872; x_wconf 87' lang='lat' dir='ltr'><strong>tuam</strong></span> <span class='ocrx_word' id='word_1_562' title='bbox 1416 3815 1836 3878; x_wconf 84' lang='lat' dir='ltr'><strong>annuntiabunt,</strong></span> <span class='ocrx_word' id='word_1_563' title='bbox 1892 3823 1947 3867; x_wconf 82' lang='lat' dir='ltr'><strong>et</strong></span> <span class='ocrx_word' id='word_1_564' title='bbox 2013 3816 2274 3869; x_wconf 88' lang='lat' dir='ltr'><strong>tniracula</strong></span> <span class='ocrx_word' id='word_1_565' title='bbox 2346 3826 2432 3870; x_wconf 86' lang='lat' dir='ltr'><strong>tua</strong></span> <span class='ocrx_word' id='word_1_566' title='bbox 2493 3822 2849 3876; x_wconf 85' lang='lat' dir='ltr'><strong>narrabunt&#39;.</strong></span> <span class='ocrx_word' id='word_1_567' title='bbox 2881 3822 3170 3892; x_wconf 84' lang='lat' dir='ltr'><strong>Postquam</strong></span> <span class='ocrx_word' id='word_1_568' title='bbox 3226 3842 3353 3880; x_wconf 74' lang='lat' dir='ltr'><strong>vero</strong></span> <span class='ocrx_word' id='word_1_569' title='bbox 3399 3828 3508 3881; x_wconf 86' lang='lat' dir='ltr'><strong>Deo</strong></span> <span class='ocrx_word' id='word_1_570' title='bbox 3568 3829 3645 3884; x_wconf 87' lang='lat' dir='ltr'><strong>sic</strong></span> <span class='ocrx_word' id='word_1_571' title='bbox 3704 3830 4025 3899; x_wconf 86' lang='lat' dir='ltr'><strong>gioriticato.</strong></span> 
     </span>
    </p>
   </div>
   <div class='ocr_carea' id='block_1_66' title="bbox 794 3909 2149 3978">
    <p class='ocr_par' dir='ltr' id='par_1_66' title="bbox 794 3909 2149 3978">
     <span class='ocr_line' id='line_1_66' title="bbox 794 3909 2149 3978; baseline -0.004 -12"><span class='ocrx_word' id='word_1_572' title='bbox 794 3912 1051 3967; x_wconf 83' lang='lat' dir='ltr'><strong>audacius</strong></span> <span class='ocrx_word' id='word_1_573' title='bbox 1106 3909 1363 3976; x_wconf 83' lang='lat' dir='ltr'><strong>deinceps</strong></span> <span class='ocrx_word' id='word_1_574' title='bbox 1411 3910 1582 3961; x_wconf 82' lang='lat' dir='ltr'><strong>astitit</strong></span> <span class='ocrx_word' id='word_1_575' title='bbox 1630 3916 1753 3961; x_wconf 89' lang='lat' dir='ltr'><strong>ante</strong></span> <span class='ocrx_word' id='word_1_576' title='bbox 1805 3915 2090 3978; x_wconf 80' lang='lat' dir='ltr'><strong>tyrannum</strong></span> <span class='ocrx_word' id='word_1_577' title='bbox 2136 3923 2149 3960; x_wconf 90' lang='lat'>:</span> 
     </span>
    </p>
   </div>
   <div class='ocr_carea' id='block_1_67' title="bbox 2211 3908 4027 3990">
    <p class='ocr_par' dir='ltr' id='par_1_67' title="bbox 2211 3908 4027 3990">
     <span class='ocr_line' id='line_1_67' title="bbox 2211 3908 4027 3990; baseline 0.011 -29"><span class='ocrx_word' id='word_1_578' title='bbox 2211 3908 2404 3978; x_wconf 74' lang='lat' dir='ltr'><strong>Aspice</strong></span> <span class='ocrx_word' id='word_1_579' title='bbox 2455 3913 2522 3966; x_wconf 85' lang='lat' dir='ltr'><strong>ad</strong></span> <span class='ocrx_word' id='word_1_580' title='bbox 2581 3929 2685 3979; x_wconf 88' lang='lat' dir='ltr'><strong>me,</strong></span> <span class='ocrx_word' id='word_1_581' title='bbox 2739 3916 2846 3981; x_wconf 88' lang='lat' dir='ltr'><strong>ait,</strong></span> <span class='ocrx_word' id='word_1_582' title='bbox 2911 3932 2945 3972; x_wconf 89' lang='grc' dir='ltr'><strong>ο</strong></span> <span class='ocrx_word' id='word_1_583' title='bbox 3001 3917 3328 3987; x_wconf 87' lang='lat' dir='ltr'><strong>imperator,</strong></span> <span class='ocrx_word' id='word_1_584' title='bbox 3379 3934 3536 3990; x_wconf 85' lang='lat' dir='ltr'><strong>quem</strong></span> <span class='ocrx_word' id='word_1_585' title='bbox 3588 3931 3641 3975; x_wconf 87' lang='lat' dir='ltr'><strong>tu</strong></span> <span class='ocrx_word' id='word_1_586' title='bbox 3699 3924 4027 3988; x_wconf 78' lang='lat' dir='ltr'><strong>existimasti</strong></span> 
     </span>
    </p>
   </div>
   <div class='ocr_carea' id='block_1_68' title="bbox 793 4002 4026 4087">
    <p class='ocr_par' dir='ltr' id='par_1_68' title="bbox 793 4002 4026 4087">
     <span class='ocr_line' id='line_1_68' title="bbox 793 4002 4026 4087; baseline 0.003 -27"><span class='ocrx_word' id='word_1_587' title='bbox 793 4010 863 4066; x_wconf 75' lang='lat' dir='ltr'><strong>ab</strong></span> <span class='ocrx_word' id='word_1_588' title='bbox 886 4009 1006 4079; x_wconf 88' lang='lat' dir='ltr'><strong>igne</strong></span> <span class='ocrx_word' id='word_1_589' title='bbox 1033 4002 1393 4067; x_wconf 78' lang='lat' dir='ltr'><strong>exedendum,</strong></span> <span class='ocrx_word' id='word_1_590' title='bbox 1420 4011 1477 4058; x_wconf 90' lang='lat' dir='ltr'><strong>et</strong></span> <span class='ocrx_word' id='word_1_591' title='bbox 1498 4002 1734 4071; x_wconf 86' lang='lat' dir='ltr'><strong>intellige</strong></span> <span class='ocrx_word' id='word_1_592' title='bbox 1794 4017 1941 4065; x_wconf 87' lang='lat' dir='ltr'><strong>eum,</strong></span> <span class='ocrx_word' id='word_1_593' title='bbox 2006 4002 2098 4068; x_wconf 91' lang='lat' dir='ltr'><strong>qui</strong></span> <span class='ocrx_word' id='word_1_594' title='bbox 2157 4017 2292 4056; x_wconf 86' lang='lat' dir='ltr'><strong>ame</strong></span> <span class='ocrx_word' id='word_1_595' title='bbox 2344 4006 2693 4072; x_wconf 66' lang='lat' dir='ltr'><strong>praedicatur.</strong></span> <span class='ocrx_word' id='word_1_596' title='bbox 2747 4011 2993 4079; x_wconf 80' lang='lat' dir='ltr'><strong>Agnosce</strong></span> <span class='ocrx_word' id='word_1_597' title='bbox 3034 4025 3212 4066; x_wconf 87' lang='lat' dir='ltr'><strong>autem</strong></span> <span class='ocrx_word' id='word_1_598' title='bbox 3265 4021 3476 4069; x_wconf 90' lang='lat' dir='ltr'><strong>tuorum</strong></span> <span class='ocrx_word' id='word_1_599' title='bbox 3533 4030 3746 4087; x_wconf 86' lang='lat' dir='ltr'><strong>quoque</strong></span> <span class='ocrx_word' id='word_1_600' title='bbox 3804 4022 4026 4080; x_wconf 70' lang='lat' dir='ltr'><strong>deorum</strong></span> 
     </span>
    </p>
   </div>
   <div class='ocr_carea' id='block_1_69' title="bbox 797 4097 1243 4154">
    <p class='ocr_par' dir='ltr' id='par_1_69' title="bbox 797 4097 1243 4154">
     <span class='ocr_line' id='line_1_69' title="bbox 797 4097 1243 4154; baseline -0.011 -1"><span class='ocrx_word' id='word_1_601' title='bbox 797 4097 1243 4154; x_wconf 85' lang='lat' dir='ltr'><strong>imbecillitatem.</strong></span> 
     </span>
    </p>
   </div>
   <div class='ocr_carea' id='block_1_70' title="bbox 869 4183 2357 4251">
    <p class='ocr_par' dir='ltr' id='par_1_70' title="bbox 869 4183 2357 4251">
     <span class='ocr_line' id='line_1_70' title="bbox 869 4183 2357 4251; baseline -0.003 -7"><span class='ocrx_word' id='word_1_602' title='bbox 869 4189 934 4244; x_wconf 63' lang='grc' dir='ltr'><strong>Ὗ.</strong></span> <span class='ocrx_word' id='word_1_603' title='bbox 989 4185 1140 4240; x_wconf 83' lang='lat' dir='ltr'><strong>Hanc</strong></span> <span class='ocrx_word' id='word_1_604' title='bbox 1187 4184 1467 4240; x_wconf 81' lang='lat' dir='ltr'><strong>audaciam</strong></span> <span class='ocrx_word' id='word_1_605' title='bbox 1508 4193 1563 4238; x_wconf 90' lang='lat' dir='ltr'><strong>et</strong></span> <span class='ocrx_word' id='word_1_606' title='bbox 1603 4183 1814 4239; x_wconf 84' lang='lat' dir='ltr'><strong>dicendi</strong></span> <span class='ocrx_word' id='word_1_607' title='bbox 1847 4183 2172 4251; x_wconf 84' lang='lat' dir='ltr'><strong>libertatem,</strong></span> <span class='ocrx_word' id='word_1_608' title='bbox 2205 4199 2357 4239; x_wconf 85' lang='lat' dir='ltr'><strong>suam</strong></span> 
     </span>
    </p>
   </div>
   <div class='ocr_carea' id='block_1_71' title="bbox 795 4275 2359 4346">
    <p class='ocr_par' dir='ltr' id='par_1_71' title="bbox 795 4275 2359 4346">
     <span class='ocr_line' id='line_1_71' title="bbox 795 4275 2359 4346; baseline -0.004 -10"><span class='ocrx_word' id='word_1_609' title='bbox 795 4295 917 4336; x_wconf 85' lang='lat' dir='ltr'><strong>esse</strong></span> <span class='ocrx_word' id='word_1_610' title='bbox 947 4275 1326 4333; x_wconf 82' lang='lat' dir='ltr'><strong>contumeliam</strong></span> <span class='ocrx_word' id='word_1_611' title='bbox 1355 4275 1645 4346; x_wconf 89' lang='lat' dir='ltr'><strong>imperator</strong></span> <span class='ocrx_word' id='word_1_612' title='bbox 1664 4276 1976 4337; x_wconf 88' lang='lat' dir='ltr'><strong>arbitratus,</strong></span> <span class='ocrx_word' id='word_1_613' title='bbox 1997 4286 2052 4331; x_wconf 92' lang='lat' dir='ltr'><strong>et</strong></span> <span class='ocrx_word' id='word_1_614' title='bbox 2079 4290 2138 4331; x_wconf 84' lang='lat' dir='ltr'><strong>se</strong></span> <span class='ocrx_word' id='word_1_615' title='bbox 2162 4275 2359 4331; x_wconf 76' lang='lat' dir='ltr'><strong>victum</strong></span> 
     </span>
    </p>
   </div>
   <div class='ocr_carea' id='block_1_72' title="bbox 2538 4174 4028 4272">
    <p class='ocr_par' dir='ltr' id='par_1_72' title="bbox 2538 4174 4028 4272">
     <span class='ocr_line' id='line_1_72' title="bbox 2538 4174 4028 4272; baseline 0.009 -32"><span class='ocrx_word' id='word_1_616' title='bbox 2538 4183 2614 4241; x_wconf 83' lang='lat' dir='ltr'><strong>E&#39;.</strong></span> <span class='ocrx_word' id='word_1_617' title='bbox 2659 4187 2714 4240; x_wconf 88' lang='lat'><strong>&#39;0</strong></span> <span class='ocrx_word' id='word_1_618' title='bbox 2743 4186 2799 4241; x_wconf 69' lang='grc' dir='ltr'>δὲ</span> <span class='ocrx_word' id='word_1_619' title='bbox 2830 4187 3110 4260; x_wconf 81' lang='grc' dir='ltr'>τύραννος,</span> <span class='ocrx_word' id='word_1_620' title='bbox 3140 4190 3368 4260; x_wconf 85' lang='grc' dir='ltr'>νομίσας</span> <span class='ocrx_word' id='word_1_621' title='bbox 3411 4193 3726 4263; x_wconf 77' lang='grc' dir='ltr'>ὑϐρίζεσθαι</span> <span class='ocrx_word' id='word_1_622' title='bbox 3763 4174 3833 4267; x_wconf 68' lang='grc' dir='ltr'>τῇ</span> <span class='ocrx_word' id='word_1_623' title='bbox 3887 4206 4028 4272; x_wconf 78' lang='grc' dir='ltr'><strong>παῤ-</strong></span> 
     </span>
    </p>
   </div>
   <div class='ocr_carea' id='block_1_73' title="bbox 2469 4276 4027 4360">
    <p class='ocr_par' dir='ltr' id='par_1_73' title="bbox 2469 4276 4027 4360">
     <span class='ocr_line' id='line_1_73' title="bbox 2469 4276 4027 4360; baseline 0.008 -30"><span class='ocrx_word' id='word_1_624' title='bbox 2469 4277 2634 4350; x_wconf 81' lang='grc' dir='ltr'>ρησίᾳ</span> <span class='ocrx_word' id='word_1_625' title='bbox 2660 4276 2749 4330; x_wconf 85' lang='grc' dir='ltr'>τοῦ</span> <span class='ocrx_word' id='word_1_626' title='bbox 2777 4277 3072 4349; x_wconf 80' lang='grc' dir='ltr'>μάρτυρος,</span> <span class='ocrx_word' id='word_1_627' title='bbox 3113 4282 3206 4333; x_wconf 67' lang='grc' dir='ltr'>καὶ</span> <span class='ocrx_word' id='word_1_628' title='bbox 3239 4282 3542 4352; x_wconf 76' lang='grc' dir='ltr'>ἡττηθῆναι</span> <span class='ocrx_word' id='word_1_629' title='bbox 3570 4284 3728 4348; x_wconf 77' lang='grc' dir='ltr'>δόξας</span> <span class='ocrx_word' id='word_1_630' title='bbox 3763 4289 3841 4356; x_wconf 84' lang='grc' dir='ltr'>τῷ</span> <span class='ocrx_word' id='word_1_631' title='bbox 3869 4306 4027 4360; x_wconf 71' lang='grc' dir='ltr'>περι-</span> 
     </span>
    </p>
   </div>
   <div class='ocr_carea' id='block_1_74' title="bbox 799 4365 2361 4455">
    <p class='ocr_par' dir='ltr' id='par_1_74' title="bbox 799 4365 2361 4436">
     <span class='ocr_line' id='line_1_74' title="bbox 799 4365 2361 4436; baseline -0.001 -14"><span class='ocrx_word' id='word_1_632' title='bbox 799 4379 919 4422; x_wconf 84' lang='lat' dir='ltr'><strong>esse</strong></span> <span class='ocrx_word' id='word_1_633' title='bbox 947 4366 1218 4436; x_wconf 82' lang='lat' dir='ltr'><strong>Opinatus,</strong></span> <span class='ocrx_word' id='word_1_634' title='bbox 1252 4365 1396 4432; x_wconf 90' lang='lat' dir='ltr'><strong>quod</strong></span> <span class='ocrx_word' id='word_1_635' title='bbox 1437 4373 1898 4428; x_wconf 83' lang='lat' dir='ltr'><strong>contemneretur,</strong></span> <span class='ocrx_word' id='word_1_636' title='bbox 1945 4365 2262 4433; x_wconf 85' lang='lat' dir='ltr'><strong>supplicium</strong></span> <span class='ocrx_word' id='word_1_637' title='bbox 2295 4379 2361 4421; x_wconf 90' lang='lat' dir='ltr'><strong>eo</strong></span> 
     </span>
    </p>
   </div>
   <div class='ocr_carea' id='block_1_75' title="bbox 2452 4365 4026 4455">
    <p class='ocr_par' dir='ltr' id='par_1_75' title="bbox 2466 4369 4026 4455">
     <span class='ocr_line' id='line_1_75' title="bbox 2466 4369 4026 4455; baseline 0.003 -33"><span class='ocrx_word' id='word_1_638' title='bbox 2466 4369 2716 4439; x_wconf 85' lang='grc' dir='ltr'>φρονητῷ</span> <span class='ocrx_word' id='word_1_639' title='bbox 2742 4369 2840 4438; x_wconf 77' lang='grc' dir='ltr'>τῆς</span> <span class='ocrx_word' id='word_1_640' title='bbox 2871 4370 3164 4434; x_wconf 77' lang='grc' dir='ltr'>κολάσεως,</span> <span class='ocrx_word' id='word_1_641' title='bbox 3193 4373 3416 4438; x_wconf 80' lang='grc' dir='ltr'>μείζονα</span> <span class='ocrx_word' id='word_1_642' title='bbox 3443 4374 3643 4444; x_wconf 82' lang='grc' dir='ltr'>ταύτης</span> <span class='ocrx_word' id='word_1_643' title='bbox 3673 4381 3767 4429; x_wconf 76' lang='grc' dir='ltr'><strong>καὶ</strong></span> <span class='ocrx_word' id='word_1_644' title='bbox 3796 4383 4026 4455; x_wconf 52' lang='lat' dir='ltr'><strong>etpost”-</strong></span> 
     </span>
    </p>
   </div>
   <div class='ocr_carea' id='block_1_76' title="bbox 799 4453 2357 4527">
    <p class='ocr_par' dir='ltr' id='par_1_76' title="bbox 799 4453 2357 4527">
     <span class='ocr_line' id='line_1_76' title="bbox 799 4453 2357 4527; baseline 0 -15"><span class='ocrx_word' id='word_1_645' title='bbox 799 4460 1073 4525; x_wconf 81' lang='lat' dir='ltr'><strong>excogitat</strong></span> <span class='ocrx_word' id='word_1_646' title='bbox 1118 4455 1294 4524; x_wconf 74' lang='lat' dir='ltr'><strong>majus</strong></span> <span class='ocrx_word' id='word_1_647' title='bbox 1332 4463 1386 4506; x_wconf 90' lang='lat' dir='ltr'><strong>et</strong></span> <span class='ocrx_word' id='word_1_648' title='bbox 1440 4453 1833 4509; x_wconf 80' lang='lat' dir='ltr'><strong>vehementius.</strong></span> <span class='ocrx_word' id='word_1_649' title='bbox 1881 4455 2091 4511; x_wconf 77' lang='lat' dir='ltr'><strong>Rursus</strong></span> <span class='ocrx_word' id='word_1_650' title='bbox 2138 4471 2267 4527; x_wconf 84' lang='lat' dir='ltr'><strong>ergo</strong></span> <span class='ocrx_word' id='word_1_651' title='bbox 2306 4458 2357 4512; x_wconf 88' lang='lat' dir='ltr'><strong>in</strong></span> 
     </span>
    </p>
   </div>
   <div class='ocr_carea' id='block_1_77' title="bbox 803 4545 2360 4618">
    <p class='ocr_par' dir='ltr' id='par_1_77' title="bbox 803 4545 2360 4618">
     <span class='ocr_line' id='line_1_77' title="bbox 803 4545 2360 4618; baseline 0 -14"><span class='ocrx_word' id='word_1_652' title='bbox 803 4548 982 4604; x_wconf 89' lang='lat' dir='ltr'><strong>medio</strong></span> <span class='ocrx_word' id='word_1_653' title='bbox 1041 4545 1358 4618; x_wconf 86' lang='lat' dir='ltr'><strong>proponitur</strong></span> <span class='ocrx_word' id='word_1_654' title='bbox 1409 4546 1687 4613; x_wconf 81' lang='lat' dir='ltr'><strong>craticula,</strong></span> <span class='ocrx_word' id='word_1_655' title='bbox 1735 4548 1857 4618; x_wconf 83' lang='lat' dir='ltr'><strong>igne</strong></span> <span class='ocrx_word' id='word_1_656' title='bbox 1904 4549 2118 4618; x_wconf 88' lang='lat' dir='ltr'><strong>quidem</strong></span> <span class='ocrx_word' id='word_1_657' title='bbox 2171 4553 2360 4606; x_wconf 88' lang='lat' dir='ltr'><strong>subtus</strong></span> 
     </span>
    </p>
   </div>
   <div class='ocr_carea' id='block_1_78' title="bbox 797 4636 2358 4708">
    <p class='ocr_par' dir='ltr' id='par_1_78' title="bbox 797 4636 2358 4708">
     <span class='ocr_line' id='line_1_78' title="bbox 797 4636 2358 4708; baseline -0.001 -15"><span class='ocrx_word' id='word_1_658' title='bbox 797 4651 1030 4693; x_wconf 80' lang='lat' dir='ltr'><strong>accenso</strong></span> <span class='ocrx_word' id='word_1_659' title='bbox 1063 4655 1076 4692; x_wconf 90' lang='lat'><strong>:</strong></span> <span class='ocrx_word' id='word_1_660' title='bbox 1106 4636 1228 4692; x_wconf 85' lang='lat' dir='ltr'><strong>oleo</strong></span> <span class='ocrx_word' id='word_1_661' title='bbox 1263 4645 1442 4692; x_wconf 83' lang='lat' dir='ltr'><strong>autem</strong></span> <span class='ocrx_word' id='word_1_662' title='bbox 1475 4638 1705 4707; x_wconf 82' lang='lat' dir='ltr'><strong>desuper</strong></span> <span class='ocrx_word' id='word_1_663' title='bbox 1735 4654 1975 4708; x_wconf 84' lang='lat' dir='ltr'><strong>aspersa,</strong></span> <span class='ocrx_word' id='word_1_664' title='bbox 2009 4649 2064 4695; x_wconf 90' lang='lat' dir='ltr'><strong>et</strong></span> <span class='ocrx_word' id='word_1_665' title='bbox 2087 4639 2358 4694; x_wconf 80' lang='lat' dir='ltr'><strong>ﬂammam</strong></span> 
     </span>
    </p>
   </div>
   <div class='ocr_carea' id='block_1_79' title="bbox 799 4726 2360 4802">
    <p class='ocr_par' dir='ltr' id='par_1_79' title="bbox 799 4726 2360 4802">
     <span class='ocr_line' id='line_1_79' title="bbox 799 4726 2360 4802; baseline 0.002 -22"><span class='ocrx_word' id='word_1_666' title='bbox 799 4728 1039 4798; x_wconf 78' lang='lat' dir='ltr'><strong>graviter</strong></span> <span class='ocrx_word' id='word_1_667' title='bbox 1071 4728 1391 4781; x_wconf 80' lang='lat' dir='ltr'><strong>accendens.</strong></span> <span class='ocrx_word' id='word_1_668' title='bbox 1426 4726 1532 4780; x_wconf 83' lang='lat' dir='ltr'><strong>Sed</strong></span> <span class='ocrx_word' id='word_1_669' title='bbox 1564 4742 1628 4781; x_wconf 86' lang='lat' dir='ltr'><strong>ne</strong></span> <span class='ocrx_word' id='word_1_670' title='bbox 1657 4740 1783 4782; x_wconf 89' lang='lat' dir='ltr'><strong>tunc</strong></span> <span class='ocrx_word' id='word_1_671' title='bbox 1817 4731 2032 4798; x_wconf 89' lang='lat' dir='ltr'><strong>quidem</strong></span> <span class='ocrx_word' id='word_1_672' title='bbox 2064 4732 2234 4802; x_wconf 88' lang='lat' dir='ltr'><strong>gratia</strong></span> <span class='ocrx_word' id='word_1_673' title='bbox 2267 4742 2360 4783; x_wconf 61' lang='lat' dir='ltr'><strong>ne-</strong></span> 
     </span>
    </p>
   </div>
   <div class='ocr_carea' id='block_1_80' title="bbox 801 4817 2360 4892">
    <p class='ocr_par' dir='ltr' id='par_1_80' title="bbox 801 4817 2360 4892">
     <span class='ocr_line' id='line_1_80' title="bbox 801 4817 2360 4892; baseline -0.001 -19"><span class='ocrx_word' id='word_1_674' title='bbox 801 4819 968 4889; x_wconf 80' lang='lat' dir='ltr'><strong>glexit</strong></span> <span class='ocrx_word' id='word_1_675' title='bbox 1009 4825 1302 4888; x_wconf 76' lang='lat' dir='ltr'><strong>martyrem</strong></span> <span class='ocrx_word' id='word_1_676' title='bbox 1333 4833 1348 4871; x_wconf 87' lang='lat'>:</span> <span class='ocrx_word' id='word_1_677' title='bbox 1397 4819 1491 4872; x_wconf 88' lang='lat' dir='ltr'><strong>sed</strong></span> <span class='ocrx_word' id='word_1_678' title='bbox 1523 4817 1845 4888; x_wconf 83' lang='lat' dir='ltr'><strong>simulatque</strong></span> <span class='ocrx_word' id='word_1_679' title='bbox 1878 4821 1972 4880; x_wconf 78' lang='lat' dir='ltr'><strong>fuit</strong></span> <span class='ocrx_word' id='word_1_680' title='bbox 2000 4823 2112 4892; x_wconf 80' lang='lat' dir='ltr'><strong>ipse</strong></span> <span class='ocrx_word' id='word_1_681' title='bbox 2139 4820 2360 4889; x_wconf 80' lang='lat' dir='ltr'><strong>imposi-</strong></span> 
     </span>
    </p>
   </div>
   <div class='ocr_carea' id='block_1_81' title="bbox 802 4910 2359 4977">
    <p class='ocr_par' dir='ltr' id='par_1_81' title="bbox 802 4910 2359 4977">
     <span class='ocr_line' id='line_1_81' title="bbox 802 4910 2359 4977; baseline 0 -12"><span class='ocrx_word' id='word_1_682' title='bbox 802 4921 891 4966; x_wconf 85' lang='lat' dir='ltr'><strong>tus</strong></span> <span class='ocrx_word' id='word_1_683' title='bbox 920 4910 1209 4973; x_wconf 65' lang='lat' dir='ltr'><strong>craticula,</strong></span> <span class='ocrx_word' id='word_1_684' title='bbox 1230 4911 1367 4977; x_wconf 87' lang='lat' dir='ltr'><strong>ignis</strong></span> <span class='ocrx_word' id='word_1_685' title='bbox 1391 4913 1572 4967; x_wconf 84' lang='lat' dir='ltr'><strong>statim</strong></span> <span class='ocrx_word' id='word_1_686' title='bbox 1606 4911 1707 4968; x_wconf 80' lang='lat' dir='ltr'><strong>fuit</strong></span> <span class='ocrx_word' id='word_1_687' title='bbox 1745 4915 2066 4977; x_wconf 76' lang='lat' dir='ltr'><strong>exstinctus,</strong></span> <span class='ocrx_word' id='word_1_688' title='bbox 2089 4923 2142 4967; x_wconf 89' lang='lat' dir='ltr'><strong>et</strong></span> <span class='ocrx_word' id='word_1_689' title='bbox 2169 4913 2359 4966; x_wconf 86' lang='lat' dir='ltr'><strong>carbo-</strong></span> 
     </span>
    </p>
   </div>
   <div class='ocr_carea' id='block_1_82' title="bbox 800 5003 2355 5072">
    <p class='ocr_par' dir='ltr' id='par_1_82' title="bbox 800 5003 2355 5072">
     <span class='ocr_line' id='line_1_82' title="bbox 800 5003 2355 5072; baseline 0.001 -17"><span class='ocrx_word' id='word_1_690' title='bbox 800 5013 897 5055; x_wconf 85' lang='lat' dir='ltr'><strong>nes</strong></span> <span class='ocrx_word' id='word_1_691' title='bbox 945 5010 1376 5055; x_wconf 88' lang='lat' dir='ltr'><strong>emarcuerunt:</strong></span> <span class='ocrx_word' id='word_1_692' title='bbox 1423 5003 1677 5059; x_wconf 90' lang='lat' dir='ltr'><strong>craticula</strong></span> <span class='ocrx_word' id='word_1_693' title='bbox 1740 5020 1891 5066; x_wconf 84' lang='lat' dir='ltr'><strong>vero,</strong></span> <span class='ocrx_word' id='word_1_694' title='bbox 1945 5014 2198 5072; x_wconf 87' lang='lat' dir='ltr'><strong>tanquam</strong></span> <span class='ocrx_word' id='word_1_695' title='bbox 2251 5017 2355 5057; x_wconf 87' lang='lat' dir='ltr'><strong>non</strong></span> 
     </span>
    </p>
   </div>
   <div class='ocr_carea' id='block_1_83' title="bbox 799 5093 2355 5165">
    <p class='ocr_par' dir='ltr' id='par_1_83' title="bbox 799 5093 2355 5165">
     <span class='ocr_line' id='line_1_83' title="bbox 799 5093 2355 5165; baseline 0 -19"><span class='ocrx_word' id='word_1_696' title='bbox 799 5093 1003 5158; x_wconf 87' lang='lat' dir='ltr'><strong>oleum,</strong></span> <span class='ocrx_word' id='word_1_697' title='bbox 1039 5093 1132 5146; x_wconf 86' lang='lat' dir='ltr'><strong>sed</strong></span> <span class='ocrx_word' id='word_1_698' title='bbox 1161 5109 1295 5162; x_wconf 80' lang='lat' dir='ltr'><strong>aqua</strong></span> <span class='ocrx_word' id='word_1_699' title='bbox 1327 5093 1502 5160; x_wconf 88' lang='lat' dir='ltr'><strong>potius</strong></span> <span class='ocrx_word' id='word_1_700' title='bbox 1528 5093 1758 5165; x_wconf 87' lang='lat' dir='ltr'><strong>desuper</strong></span> <span class='ocrx_word' id='word_1_701' title='bbox 1786 5096 1953 5150; x_wconf 86' lang='lat' dir='ltr'><strong>tuisse</strong></span> <span class='ocrx_word' id='word_1_702' title='bbox 1988 5093 2185 5158; x_wconf 79' lang='lat' dir='ltr'><strong>infusa,</strong></span> <span class='ocrx_word' id='word_1_703' title='bbox 2241 5094 2355 5161; x_wconf 87' lang='lat' dir='ltr'><strong>ipsa</strong></span> 
     </span>
    </p>
   </div>
   <div class='ocr_carea' id='block_1_84' title="bbox 799 5183 2353 5254">
    <p class='ocr_par' dir='ltr' id='par_1_84' title="bbox 799 5183 2353 5254">
     <span class='ocr_line' id='line_1_84' title="bbox 799 5183 2353 5254; baseline -0.002 -17"><span class='ocrx_word' id='word_1_704' title='bbox 799 5199 1016 5254; x_wconf 88' lang='lat' dir='ltr'><strong>quoque</strong></span> <span class='ocrx_word' id='word_1_705' title='bbox 1068 5191 1186 5239; x_wconf 87' lang='lat' dir='ltr'><strong>erat</strong></span> <span class='ocrx_word' id='word_1_706' title='bbox 1216 5183 1426 5252; x_wconf 78' lang='lat' dir='ltr'><strong>frigida,</strong></span> <span class='ocrx_word' id='word_1_707' title='bbox 1459 5195 1703 5241; x_wconf 82' lang='lat' dir='ltr'><strong>sanctum</strong></span> <span class='ocrx_word' id='word_1_708' title='bbox 1739 5201 2068 5240; x_wconf 73' lang='lat' dir='ltr'><strong>conservans</strong></span> <span class='ocrx_word' id='word_1_709' title='bbox 2109 5187 2353 5238; x_wconf 75' lang='lat' dir='ltr'><strong>illzcsum.</strong></span> 
     </span>
    </p>
   </div>
   <div class='ocr_carea' id='block_1_85' title="bbox 797 5275 2359 5345">
    <p class='ocr_par' dir='ltr' id='par_1_85' title="bbox 797 5275 2359 5345">
     <span class='ocr_line' id='line_1_85' title="bbox 797 5275 2359 5345; baseline -0.002 -15"><span class='ocrx_word' id='word_1_710' title='bbox 797 5275 937 5340; x_wconf 85' lang='lat' dir='ltr'><strong>Quid</strong></span> <span class='ocrx_word' id='word_1_711' title='bbox 961 5290 1087 5331; x_wconf 82' lang='lat' dir='ltr'><strong>vero</strong></span> <span class='ocrx_word' id='word_1_712' title='bbox 1108 5275 1130 5330; x_wconf 65' lang='grc' dir='ltr'><strong><em>ἲ</em></strong></span> <span class='ocrx_word' id='word_1_713' title='bbox 1160 5290 1281 5332; x_wconf 87' lang='lat' dir='ltr'><strong>cum</strong></span> <span class='ocrx_word' id='word_1_714' title='bbox 1307 5276 1461 5331; x_wconf 88' lang='lat' dir='ltr'><strong>hisne</strong></span> <span class='ocrx_word' id='word_1_715' title='bbox 1479 5277 1577 5331; x_wconf 86' lang='lat' dir='ltr'><strong>l&#39;uit</strong></span> <span class='ocrx_word' id='word_1_716' title='bbox 1594 5277 1948 5333; x_wconf 85' lang='lat' dir='ltr'><strong>exstinctaria</strong></span> <span class='ocrx_word' id='word_1_717' title='bbox 1975 5277 2314 5345; x_wconf 82' lang='lat' dir='ltr'><strong>imperatoris</strong></span> <span class='ocrx_word' id='word_1_718' title='bbox 2334 5275 2359 5327; x_wconf 84' lang='lat'><strong>?</strong></span> 
     </span>
    </p>
   </div>
   <div class='ocr_carea' id='block_1_86' title="bbox 795 5364 2353 5438">
    <p class='ocr_par' dir='ltr' id='par_1_86' title="bbox 795 5364 2353 5438">
     <span class='ocr_line' id='line_1_86' title="bbox 795 5364 2353 5438; baseline -0.003 -16"><span class='ocrx_word' id='word_1_719' title='bbox 795 5364 1147 5436; x_wconf 74' lang='lat' dir='ltr'><strong>Nequaquam</strong></span> <span class='ocrx_word' id='word_1_720' title='bbox 1181 5385 1195 5421; x_wconf 89' lang='lat'><strong>:</strong></span> <span class='ocrx_word' id='word_1_721' title='bbox 1237 5368 1330 5423; x_wconf 85' lang='lat' dir='ltr'><strong>sed</strong></span> <span class='ocrx_word' id='word_1_722' title='bbox 1370 5368 1516 5424; x_wconf 84' lang='lat' dir='ltr'><strong>rabie</strong></span> <span class='ocrx_word' id='word_1_723' title='bbox 1548 5371 1712 5425; x_wconf 86' lang='lat' dir='ltr'><strong>semel</strong></span> <span class='ocrx_word' id='word_1_724' title='bbox 1765 5368 2023 5438; x_wconf 83' lang='lat' dir='ltr'><strong>percitus,</strong></span> <span class='ocrx_word' id='word_1_725' title='bbox 2058 5375 2112 5420; x_wconf 90' lang='lat' dir='ltr'><strong>et</strong></span> <span class='ocrx_word' id='word_1_726' title='bbox 2150 5366 2215 5420; x_wconf 87' lang='lat' dir='ltr'><strong>ad</strong></span> <span class='ocrx_word' id='word_1_727' title='bbox 2250 5367 2353 5420; x_wconf 89' lang='lat' dir='ltr'><strong>alia</strong></span> 
     </span>
    </p>
   </div>
   <div class='ocr_carea' id='block_1_87' title="bbox 797 5458 2353 5531">
    <p class='ocr_par' dir='ltr' id='par_1_87' title="bbox 797 5458 2353 5531">
     <span class='ocr_line' id='line_1_87' title="bbox 797 5458 2353 5531; baseline -0.003 -18"><span class='ocrx_word' id='word_1_728' title='bbox 797 5458 1016 5528; x_wconf 90' lang='lat' dir='ltr'><strong>quidem</strong></span> <span class='ocrx_word' id='word_1_729' title='bbox 1075 5459 1240 5513; x_wconf 80' lang='lat' dir='ltr'><strong>nihilo</strong></span> <span class='ocrx_word' id='word_1_730' title='bbox 1291 5460 1484 5515; x_wconf 85' lang='lat' dir='ltr'><strong>melius</strong></span> <span class='ocrx_word' id='word_1_731' title='bbox 1521 5458 1761 5526; x_wconf 80' lang='lat' dir='ltr'><strong>affectus,</strong></span> <span class='ocrx_word' id='word_1_732' title='bbox 1799 5476 1960 5531; x_wconf 88' lang='lat' dir='ltr'><strong>quam</strong></span> <span class='ocrx_word' id='word_1_733' title='bbox 1991 5473 2167 5514; x_wconf 70' lang='lat' dir='ltr'><strong>caecus</strong></span> <span class='ocrx_word' id='word_1_734' title='bbox 2211 5477 2225 5513; x_wconf 90' lang='lat'><strong>:</strong></span> <span class='ocrx_word' id='word_1_735' title='bbox 2288 5458 2353 5510; x_wconf 91' lang='lat' dir='ltr'><strong>ad</strong></span> 
     </span>
    </p>
   </div>
   <div class='ocr_carea' id='block_1_88' title="bbox 801 5547 2355 5624">
    <p class='ocr_par' dir='ltr' id='par_1_88' title="bbox 801 5547 2355 5624">
     <span class='ocr_line' id='line_1_88' title="bbox 801 5547 2355 5624; baseline 0.001 -22"><span class='ocrx_word' id='word_1_736' title='bbox 801 5547 904 5604; x_wconf 88' lang='lat' dir='ltr'><strong>boe</strong></span> <span class='ocrx_word' id='word_1_737' title='bbox 933 5558 1114 5604; x_wconf 88' lang='lat' dir='ltr'><strong>autem</strong></span> <span class='ocrx_word' id='word_1_738' title='bbox 1145 5551 1318 5605; x_wconf 83' lang='lat' dir='ltr'><strong>solum</strong></span> <span class='ocrx_word' id='word_1_739' title='bbox 1343 5553 1582 5614; x_wconf 83' lang='lat' dir='ltr'><strong>intuens.</strong></span> <span class='ocrx_word' id='word_1_740' title='bbox 1603 5564 1660 5606; x_wconf 87' lang='lat' dir='ltr'><strong>ut</strong></span> <span class='ocrx_word' id='word_1_741' title='bbox 1687 5556 1791 5610; x_wconf 85' lang='lat' dir='ltr'><strong>diis</strong></span> <span class='ocrx_word' id='word_1_742' title='bbox 1820 5558 1932 5609; x_wconf 88' lang='lat' dir='ltr'><strong>suis</strong></span> <span class='ocrx_word' id='word_1_743' title='bbox 1960 5554 2355 5624; x_wconf 82' lang='lat' dir='ltr'><strong>gratiﬁcaretur</strong></span> 
     </span>
    </p>
   </div>
   <div class='ocr_carea' id='block_1_89' title="bbox 799 5638 2351 5714">
    <p class='ocr_par' dir='ltr' id='par_1_89' title="bbox 799 5638 2351 5714">
     <span class='ocr_line' id='line_1_89' title="bbox 799 5638 2351 5714; baseline 0.001 -20"><span class='ocrx_word' id='word_1_744' title='bbox 799 5638 856 5694; x_wconf 83' lang='lat' dir='ltr'><strong>in</strong></span> <span class='ocrx_word' id='word_1_745' title='bbox 879 5650 1065 5696; x_wconf 88' lang='lat' dir='ltr'><strong>sancto</strong></span> <span class='ocrx_word' id='word_1_746' title='bbox 1093 5643 1382 5710; x_wconf 88' lang='lat' dir='ltr'><strong>puniendo,</strong></span> <span class='ocrx_word' id='word_1_747' title='bbox 1410 5646 1502 5714; x_wconf 87' lang='lat' dir='ltr'><strong>qui</strong></span> <span class='ocrx_word' id='word_1_748' title='bbox 1525 5645 1743 5714; x_wconf 85' lang='lat' dir='ltr'><strong>quidem</strong></span> <span class='ocrx_word' id='word_1_749' title='bbox 1770 5657 1891 5701; x_wconf 83' lang='lat' dir='ltr'><strong>sunt</strong></span> <span class='ocrx_word' id='word_1_750' title='bbox 1915 5647 2134 5701; x_wconf 87' lang='lat' dir='ltr'><strong>omnino</strong></span> <span class='ocrx_word' id='word_1_751' title='bbox 2152 5646 2351 5700; x_wconf 72' lang='lat' dir='ltr'><strong>daemo-</strong></span> 
     </span>
    </p>
   </div>
   <div class='ocr_carea' id='block_1_90' title="bbox 870 5773 1670 5837">
    <p class='ocr_par' dir='ltr' id='par_1_90' title="bbox 870 5773 1670 5837">
     <span class='ocr_line' id='line_1_90' title="bbox 870 5773 1670 5837; baseline 0.01 -8"><span class='ocrx_word' id='word_1_752' title='bbox 870 5773 893 5805; x_wconf 68' lang='grc'>⁸</span> <span class='ocrx_word' id='word_1_753' title='bbox 914 5775 1088 5830; x_wconf 87' lang='lat' dir='ltr'><strong>Galat.</strong></span> <span class='ocrx_word' id='word_1_754' title='bbox 1125 5793 1198 5832; x_wconf 76' lang='lat' dir='ltr'><strong>vn.</strong></span> <span class='ocrx_word' id='word_1_755' title='bbox 1274 5780 1294 5810; x_wconf 84' lang='grc'><strong><em>⁸</em></strong></span> <span class='ocrx_word' id='word_1_756' title='bbox 1326 5779 1464 5834; x_wconf 79' lang='lat' dir='ltr'><strong>Psal.</strong></span> <span class='ocrx_word' id='word_1_757' title='bbox 1493 5795 1670 5837; x_wconf 83' lang='lat' dir='ltr'><strong>chtv.</strong></span> 
     </span>
    </p>
   </div>
   <div class='ocr_carea' id='block_1_91' title="bbox 2459 4460 4024 4539">
    <p class='ocr_par' dir='ltr' id='par_1_91' title="bbox 2459 4460 4024 4539">
     <span class='ocr_line' id='line_1_91' title="bbox 2459 4460 4024 4539; baseline 0.011 -27"><span class='ocrx_word' id='word_1_758' title='bbox 2459 4461 2625 4529; x_wconf 81' lang='grc' dir='ltr'>τέραν</span> <span class='ocrx_word' id='word_1_759' title='bbox 2648 4461 2870 4511; x_wconf 67' lang='grc' dir='ltr'>ἐπινοεῖ.</span> <span class='ocrx_word' id='word_1_760' title='bbox 2942 4460 3182 4530; x_wconf 82' lang='grc' dir='ltr'>Ἐσχάρα</span> <span class='ocrx_word' id='word_1_761' title='bbox 3227 4460 3357 4528; x_wconf 80' lang='grc' dir='ltr'>γοῦν</span> <span class='ocrx_word' id='word_1_762' title='bbox 3403 4463 3462 4516; x_wconf 73' lang='grc' dir='ltr'><strong>εν</strong></span> <span class='ocrx_word' id='word_1_763' title='bbox 3508 4464 3656 4536; x_wconf 65' lang='grc' dir='ltr'>μέσῳ</span> <span class='ocrx_word' id='word_1_764' title='bbox 3685 4472 4024 4539; x_wconf 81' lang='grc' dir='ltr'>προτίθεται,</span> 
     </span>
    </p>
   </div>
   <div class='ocr_carea' id='block_1_92' title="bbox 2461 4548 4025 4630">
    <p class='ocr_par' dir='ltr' id='par_1_92' title="bbox 2461 4548 4025 4630">
     <span class='ocr_line' id='line_1_92' title="bbox 2461 4548 4025 4630; baseline 0.012 -29"><span class='ocrx_word' id='word_1_765' title='bbox 2461 4550 2593 4619; x_wconf 79' lang='grc' dir='ltr'>πυρὶ</span> <span class='ocrx_word' id='word_1_766' title='bbox 2627 4548 2726 4619; x_wconf 79' lang='grc' dir='ltr'>μὲν</span> <span class='ocrx_word' id='word_1_767' title='bbox 2760 4549 3007 4603; x_wconf 80' lang='grc' dir='ltr'>κάτωθεν</span> <span class='ocrx_word' id='word_1_768' title='bbox 3059 4551 3440 4626; x_wconf 73' lang='grc' dir='ltr'>διακαιομίνη,</span> <span class='ocrx_word' id='word_1_769' title='bbox 3488 4557 3653 4630; x_wconf 62' lang='grc' dir='ltr'>ἐλαίῳ</span> <span class='ocrx_word' id='word_1_770' title='bbox 3699 4560 3756 4614; x_wconf 69' lang='grc' dir='ltr'>δὲ</span> <span class='ocrx_word' id='word_1_771' title='bbox 3815 4565 4025 4619; x_wconf 75' lang='grc' dir='ltr'>ἄνωθεν</span> 
     </span>
    </p>
   </div>
   <div class='ocr_carea' id='block_1_93' title="bbox 2458 4639 4022 4718">
    <p class='ocr_par' dir='ltr' id='par_1_93' title="bbox 2458 4639 4022 4718">
     <span class='ocr_line' id='line_1_93' title="bbox 2458 4639 4022 4718; baseline 0.013 -27"><span class='ocrx_word' id='word_1_772' title='bbox 2458 4639 2873 4712; x_wconf 70' lang='grc' dir='ltr'>διασρεχομένη,</span> <span class='ocrx_word' id='word_1_773' title='bbox 2921 4643 3016 4697; x_wconf 81' lang='grc' dir='ltr'>καὶ</span> <span class='ocrx_word' id='word_1_774' title='bbox 3069 4645 3166 4715; x_wconf 75' lang='grc' dir='ltr'>τὴν</span> <span class='ocrx_word' id='word_1_775' title='bbox 3205 4647 3377 4716; x_wconf 77' lang='grc' dir='ltr'>φλόγα</span> <span class='ocrx_word' id='word_1_776' title='bbox 3438 4651 3627 4714; x_wconf 82' lang='grc' dir='ltr'>δεινῶς</span> <span class='ocrx_word' id='word_1_777' title='bbox 3687 4655 4022 4718; x_wconf 74' lang='grc' dir='ltr'>ἐξάπτουσα.</span> 
     </span>
    </p>
   </div>
   <div class='ocr_carea' id='block_1_94' title="bbox 2460 4730 4024 4813">
    <p class='ocr_par' dir='ltr' id='par_1_94' title="bbox 2460 4730 4024 4813">
     <span class='ocr_line' id='line_1_94' title="bbox 2460 4730 4024 4813; baseline 0.018 -31"><span class='ocrx_word' id='word_1_778' title='bbox 2460 4731 2604 4797; x_wconf 78' lang='grc' dir='ltr'>Πλὴν</span> <span class='ocrx_word' id='word_1_779' title='bbox 2658 4730 2779 4784; x_wconf 66' lang='grc' dir='ltr'>οὐδὲ</span> <span class='ocrx_word' id='word_1_780' title='bbox 2829 4732 2948 4786; x_wconf 74' lang='grc' dir='ltr'>τότε</span> <span class='ocrx_word' id='word_1_781' title='bbox 2977 4735 3072 4788; x_wconf 81' lang='grc' dir='ltr'>τοῦ</span> <span class='ocrx_word' id='word_1_782' title='bbox 3106 4738 3384 4807; x_wconf 75' lang='grc' dir='ltr'>μάρτυρος</span> <span class='ocrx_word' id='word_1_783' title='bbox 3433 4741 3465 4808; x_wconf 79' lang='grc' dir='ltr'>ὴ</span> <span class='ocrx_word' id='word_1_784' title='bbox 3497 4741 3654 4810; x_wconf 84' lang='grc' dir='ltr'>χάρις</span> <span class='ocrx_word' id='word_1_785' title='bbox 3686 4745 3887 4812; x_wconf 72' lang='grc' dir='ltr'>ἠμέλει</span> <span class='ocrx_word' id='word_1_786' title='bbox 3907 4766 3922 4779; x_wconf 84' lang='grc'><strong>·</strong></span> <span class='ocrx_word' id='word_1_787' title='bbox 3951 4750 4024 4813; x_wconf 80' lang='grc' dir='ltr'>ὡς</span> 
     </span>
    </p>
   </div>
   <div class='ocr_carea' id='block_1_95' title="bbox 2458 4822 4023 4906">
    <p class='ocr_par' dir='ltr' id='par_1_95' title="bbox 2458 4822 4023 4906">
     <span class='ocr_line' id='line_1_95' title="bbox 2458 4822 4023 4906; baseline 0.013 -33"><span class='ocrx_word' id='word_1_788' title='bbox 2458 4823 2565 4892; x_wconf 79' lang='grc' dir='ltr'>γὰρ</span> <span class='ocrx_word' id='word_1_789' title='bbox 2595 4822 2876 4877; x_wconf 66' lang='grc' dir='ltr'>ἐπετίθετο</span> <span class='ocrx_word' id='word_1_790' title='bbox 2898 4830 2964 4897; x_wconf 81' lang='grc' dir='ltr'>τῇ</span> <span class='ocrx_word' id='word_1_791' title='bbox 3001 4828 3232 4897; x_wconf 70' lang='grc' dir='ltr'>ἐσχάρᾳ,</span> <span class='ocrx_word' id='word_1_792' title='bbox 3252 4829 3312 4881; x_wconf 79' lang='grc' dir='ltr'>τὸ</span> <span class='ocrx_word' id='word_1_793' title='bbox 3330 4829 3441 4898; x_wconf 78' lang='grc' dir='ltr'><strong>πῦρ</strong></span> <span class='ocrx_word' id='word_1_794' title='bbox 3471 4831 3674 4897; x_wconf 79' lang='grc' dir='ltr'>εὐθέως</span> <span class='ocrx_word' id='word_1_795' title='bbox 3709 4836 4023 4906; x_wconf 73' lang='grc' dir='ltr'>ἐσϐέννυτο,</span> 
     </span>
    </p>
   </div>
   <div class='ocr_carea' id='block_1_96' title="bbox 2459 4914 4024 4995">
    <p class='ocr_par' dir='ltr' id='par_1_96' title="bbox 2459 4914 4024 4995">
     <span class='ocr_line' id='line_1_96' title="bbox 2459 4914 4024 4995; baseline 0.013 -30"><span class='ocrx_word' id='word_1_796' title='bbox 2459 4914 2554 4965; x_wconf 81' lang='grc' dir='ltr'>καὶ</span> <span class='ocrx_word' id='word_1_797' title='bbox 2582 4916 2630 4965; x_wconf 74' lang='grc' dir='ltr'>οἱ</span> <span class='ocrx_word' id='word_1_798' title='bbox 2659 4914 2928 4982; x_wconf 77' lang='grc' dir='ltr'>ἄνθρακες</span> <span class='ocrx_word' id='word_1_799' title='bbox 2955 4919 3318 4986; x_wconf 76' lang='grc' dir='ltr'>εμαραίνοντο</span> <span class='ocrx_word' id='word_1_800' title='bbox 3337 4935 3350 4949; x_wconf 85' lang='grc'>⁶</span> <span class='ocrx_word' id='word_1_801' title='bbox 3380 4921 3412 4992; x_wconf 74' lang='grc' dir='ltr'><strong>η</strong></span> <span class='ocrx_word' id='word_1_802' title='bbox 3448 4923 3654 4995; x_wconf 58' lang='grc' dir='ltr'>ἐσχάρα</span> <span class='ocrx_word' id='word_1_803' title='bbox 3693 4925 3775 4990; x_wconf 74' lang='grc' dir='ltr'>δὲ,</span> <span class='ocrx_word' id='word_1_804' title='bbox 3813 4929 3891 4992; x_wconf 83' lang='grc' dir='ltr'>ὡς</span> <span class='ocrx_word' id='word_1_805' title='bbox 3926 4931 4024 4984; x_wconf 79' lang='grc' dir='ltr'>οὐκ</span> 
     </span>
    </p>
   </div>
   <div class='ocr_carea' id='block_1_97' title="bbox 2459 5001 4021 5090">
    <p class='ocr_par' dir='ltr' id='par_1_97' title="bbox 2459 5001 4021 5090">
     <span class='ocr_line' id='line_1_97' title="bbox 2459 5001 4021 5090; baseline 0.014 -38"><span class='ocrx_word' id='word_1_806' title='bbox 2459 5001 2638 5055; x_wconf 70' lang='grc' dir='ltr'>ελαίου</span> <span class='ocrx_word' id='word_1_807' title='bbox 2665 5005 2866 5072; x_wconf 76' lang='grc' dir='ltr'>μᾶλλον</span> <span class='ocrx_word' id='word_1_808' title='bbox 2903 5006 3018 5059; x_wconf 75' lang='grc' dir='ltr'>ἀλλ’</span> <span class='ocrx_word' id='word_1_809' title='bbox 3074 5007 3263 5073; x_wconf 80' lang='grc' dir='ltr'>ὕδατος</span> <span class='ocrx_word' id='word_1_810' title='bbox 3299 5012 3673 5084; x_wconf 72' lang='grc' dir='ltr'>ιπιχεομένου,</span> <span class='ocrx_word' id='word_1_811' title='bbox 3705 5017 3896 5090; x_wconf 73' lang='grc' dir='ltr'>ψυχρὰ</span> <span class='ocrx_word' id='word_1_812' title='bbox 3933 5026 4021 5076; x_wconf 80' lang='grc' dir='ltr'><strong>καὶ</strong></span> 
     </span>
    </p>
   </div>
   <div class='ocr_carea' id='block_1_98' title="bbox 2458 5091 4020 5175">
    <p class='ocr_par' dir='ltr' id='par_1_98' title="bbox 2458 5091 4020 5175">
     <span class='ocr_line' id='line_1_98' title="bbox 2458 5091 4020 5175; baseline 0.013 -30"><span class='ocrx_word' id='word_1_813' title='bbox 2458 5093 2593 5164; x_wconf 77' lang='grc' dir='ltr'>αὑτὴ</span> <span class='ocrx_word' id='word_1_814' title='bbox 2642 5091 2730 5164; x_wconf 76' lang='grc' dir='ltr'>ἦν,</span> <span class='ocrx_word' id='word_1_815' title='bbox 2772 5097 2957 5149; x_wconf 80' lang='grc' dir='ltr'>κακῶν</span> <span class='ocrx_word' id='word_1_816' title='bbox 2985 5099 3170 5171; x_wconf 81' lang='grc' dir='ltr'>ἁπαθῆ</span> <span class='ocrx_word' id='word_1_817' title='bbox 3207 5102 3535 5173; x_wconf 77' lang='grc' dir='ltr'>διατηροῦσα</span> <span class='ocrx_word' id='word_1_818' title='bbox 3591 5108 3683 5159; x_wconf 82' lang='grc' dir='ltr'><strong>τὸν</strong></span> <span class='ocrx_word' id='word_1_819' title='bbox 3726 5110 3908 5175; x_wconf 72' lang='grc' dir='ltr'>ἅγιον.</span> <span class='ocrx_word' id='word_1_820' title='bbox 3959 5115 4020 5168; x_wconf 84' lang='grc' dir='ltr'>Τί</span> 
     </span>
    </p>
   </div>
   <div class='ocr_carea' id='block_1_99' title="bbox 2456 5181 4016 5264">
    <p class='ocr_par' dir='ltr' id='par_1_99' title="bbox 2456 5181 4016 5264">
     <span class='ocr_line' id='line_1_99' title="bbox 2456 5181 4016 5264; baseline 0.013 -30"><span class='ocrx_word' id='word_1_821' title='bbox 2456 5181 2512 5236; x_wconf 67' lang='grc' dir='ltr'>δέ</span> <span class='ocrx_word' id='word_1_822' title='bbox 2540 5200 2554 5249; x_wconf 87' lang='grc'><strong>;</strong></span> <span class='ocrx_word' id='word_1_823' title='bbox 2594 5184 2917 5238; x_wconf 81' lang='grc' dir='ltr'>συνέσόεστο</span> <span class='ocrx_word' id='word_1_824' title='bbox 2945 5190 3151 5249; x_wconf 80' lang='grc' dir='ltr'>τούτοις</span> <span class='ocrx_word' id='word_1_825' title='bbox 3192 5190 3298 5258; x_wconf 72' lang='grc' dir='ltr'>ἄρα</span> <span class='ocrx_word' id='word_1_826' title='bbox 3328 5193 3417 5242; x_wconf 78' lang='grc' dir='ltr'>καὶ</span> <span class='ocrx_word' id='word_1_827' title='bbox 3445 5194 3474 5244; x_wconf 83' lang='grc' dir='ltr'><strong>ό</strong></span> <span class='ocrx_word' id='word_1_828' title='bbox 3503 5193 3593 5245; x_wconf 83' lang='grc' dir='ltr'>τοῦ</span> <span class='ocrx_word' id='word_1_829' title='bbox 3626 5194 3900 5264; x_wconf 71' lang='grc' dir='ltr'>βασιλέως</span> <span class='ocrx_word' id='word_1_830' title='bbox 3927 5202 4016 5256; x_wconf 81' lang='grc' dir='ltr'><strong>θυ-</strong></span> 
     </span>
    </p>
   </div>
   <div class='ocr_carea' id='block_1_100' title="bbox 2459 5273 4020 5360">
    <p class='ocr_par' dir='ltr' id='par_1_100' title="bbox 2459 5273 4020 5360">
     <span class='ocr_line' id='line_1_100' title="bbox 2459 5273 4020 5360; baseline 0.012 -35"><span class='ocrx_word' id='word_1_831' title='bbox 2459 5273 2591 5342; x_wconf 76' lang='grc' dir='ltr'>μόςς</span> <span class='ocrx_word' id='word_1_832' title='bbox 2657 5275 2966 5342; x_wconf 75' lang='grc' dir='ltr'>Οὗμενοῦν·</span> <span class='ocrx_word' id='word_1_833' title='bbox 3044 5278 3200 5340; x_wconf 79' lang='grc' dir='ltr'>αὖθις</span> <span class='ocrx_word' id='word_1_834' title='bbox 3250 5282 3359 5352; x_wconf 78' lang='grc' dir='ltr'>γὰρ</span> <span class='ocrx_word' id='word_1_835' title='bbox 3424 5285 3711 5358; x_wconf 77' lang='grc' dir='ltr'>ἐνεχθῆναι</span> <span class='ocrx_word' id='word_1_836' title='bbox 3782 5294 4020 5360; x_wconf 82' lang='grc' dir='ltr'>τήγανον</span> 
     </span>
    </p>
   </div>
   <div class='ocr_carea' id='block_1_101' title="bbox 2456 5365 4019 5454">
    <p class='ocr_par' dir='ltr' id='par_1_101' title="bbox 2456 5365 4019 5454">
     <span class='ocr_line' id='line_1_101' title="bbox 2456 5365 4019 5454; baseline 0.013 -38"><span class='ocrx_word' id='word_1_837' title='bbox 2456 5365 2804 5435; x_wconf 71' lang='grc' dir='ltr'>προστάττει,</span> <span class='ocrx_word' id='word_1_838' title='bbox 2861 5370 3029 5438; x_wconf 84' lang='grc' dir='ltr'>κηρόν</span> <span class='ocrx_word' id='word_1_839' title='bbox 3083 5387 3139 5422; x_wconf 82' lang='grc' dir='ltr'><strong>τε</strong></span> <span class='ocrx_word' id='word_1_840' title='bbox 3189 5374 3281 5426; x_wconf 81' lang='grc' dir='ltr'>καὶ</span> <span class='ocrx_word' id='word_1_841' title='bbox 3334 5375 3552 5440; x_wconf 79' lang='grc' dir='ltr'>πίσσαν,</span> <span class='ocrx_word' id='word_1_842' title='bbox 3613 5382 3708 5432; x_wconf 74' lang='grc' dir='ltr'><strong>καὶ</strong></span> <span class='ocrx_word' id='word_1_843' title='bbox 3764 5383 3936 5454; x_wconf 79' lang='grc' dir='ltr'>στέαρ</span> <span class='ocrx_word' id='word_1_844' title='bbox 3966 5387 4019 5436; x_wconf 76' lang='grc' dir='ltr'><strong>εν</strong></span> 
     </span>
    </p>
   </div>
   <div class='ocr_carea' id='block_1_102' title="bbox 2456 5457 4014 5540">
    <p class='ocr_par' dir='ltr' id='par_1_102' title="bbox 2456 5457 4014 5540">
     <span class='ocr_line' id='line_1_102' title="bbox 2456 5457 4014 5540; baseline 0.011 -30"><span class='ocrx_word' id='word_1_845' title='bbox 2456 5457 2603 5528; x_wconf 83' lang='grc' dir='ltr'><strong>αὑτῷ</strong></span> <span class='ocrx_word' id='word_1_846' title='bbox 2633 5457 2990 5528; x_wconf 76' lang='grc' dir='ltr'>ιμσ).ηθῆναι,</span> <span class='ocrx_word' id='word_1_847' title='bbox 3018 5462 3149 5532; x_wconf 72' lang='grc' dir='ltr'>πυρὶ</span> <span class='ocrx_word' id='word_1_848' title='bbox 3170 5463 3226 5516; x_wconf 80' lang='grc' dir='ltr'>δὲ</span> <span class='ocrx_word' id='word_1_849' title='bbox 3252 5465 3432 5534; x_wconf 83' lang='grc' dir='ltr'>πολλῴ</span> <span class='ocrx_word' id='word_1_850' title='bbox 3466 5469 4014 5540; x_wconf 72' lang='grc' dir='ltr'>εκκαῆναικὰτωθεν,</span> 
     </span>
    </p>
   </div>
   <div class='ocr_carea' id='block_1_103' title="bbox 2455 5550 4012 5638">
    <p class='ocr_par' dir='ltr' id='par_1_103' title="bbox 2455 5550 4012 5638">
     <span class='ocr_line' id='line_1_103' title="bbox 2455 5550 4012 5638; baseline 0.012 -34"><span class='ocrx_word' id='word_1_851' title='bbox 2455 5552 2546 5604; x_wconf 76' lang='grc' dir='ltr'>καὶ</span> <span class='ocrx_word' id='word_1_852' title='bbox 2587 5550 2758 5617; x_wconf 73' lang='grc' dir='ltr'>οὕτως</span> <span class='ocrx_word' id='word_1_853' title='bbox 2789 5554 2846 5604; x_wconf 80' lang='grc' dir='ltr'>ὲν</span> <span class='ocrx_word' id='word_1_854' title='bbox 2879 5553 3028 5623; x_wconf 83' lang='grc' dir='ltr'>αὐτῷ</span> <span class='ocrx_word' id='word_1_855' title='bbox 3055 5557 3219 5608; x_wconf 72' lang='grc' dir='ltr'>πάλιν</span> <span class='ocrx_word' id='word_1_856' title='bbox 3262 5556 3579 5631; x_wconf 82' lang='grc' dir='ltr'>διαταθῆναι</span> <span class='ocrx_word' id='word_1_857' title='bbox 3613 5563 3702 5616; x_wconf 78' lang='grc' dir='ltr'>τὸν</span> <span class='ocrx_word' id='word_1_858' title='bbox 3736 5567 4012 5638; x_wconf 81' lang='grc' dir='ltr'>μάρτυρα.</span> 
     </span>
    </p>
   </div>
   <div class='ocr_carea' id='block_1_104' title="bbox 2467 5642 4012 5722">
    <p class='ocr_par' dir='ltr' id='par_1_104' title="bbox 2467 5642 4012 5722">
     <span class='ocr_line' id='line_1_104' title="bbox 2467 5642 4012 5722; baseline 0.008 -26"><span class='ocrx_word' id='word_1_859' title='bbox 2467 5644 2551 5706; x_wconf 83' lang='grc' dir='ltr'>Ὠ,</span> <span class='ocrx_word' id='word_1_860' title='bbox 2577 5642 2671 5698; x_wconf 80' lang='grc' dir='ltr'><strong>οὖν</strong></span> <span class='ocrx_word' id='word_1_861' title='bbox 2705 5644 2862 5714; x_wconf 74' lang='grc' dir='ltr'>ἔργον</span> <span class='ocrx_word' id='word_1_862' title='bbox 2902 5644 3092 5715; x_wconf 75' lang='grc' dir='ltr'>γέγονε</span> <span class='ocrx_word' id='word_1_863' title='bbox 3123 5647 3183 5701; x_wconf 72' lang='grc' dir='ltr'>τὸ</span> <span class='ocrx_word' id='word_1_864' title='bbox 3221 5651 3667 5722; x_wconf 75' lang='grc' dir='ltr'>κεκελευσμένον,</span> <span class='ocrx_word' id='word_1_865' title='bbox 3699 5659 3793 5709; x_wconf 78' lang='grc' dir='ltr'><strong>καὶ</strong></span> <span class='ocrx_word' id='word_1_866' title='bbox 3828 5658 3891 5710; x_wconf 81' lang='grc' dir='ltr'>τὸ</span> <span class='ocrx_word' id='word_1_867' title='bbox 3921 5657 4012 5720; x_wconf 80' lang='grc' dir='ltr'><strong>τή-</strong></span> 
     </span>
    </p>
   </div>
  </div>
