4180 6484
168 408 260 472 ,³3
1407 399 1584 456 νιΤΑ
1622 399 1683 457 s.
1722 397 2234 458 ELEUTHERII.

3361 409 3466 476 13$

164 544 317 597 ,μνον
359 524 492 576 ὅλον
527 517 884 589 ἀνθρακῶδες
936 511 1025 584 ἦν,
1069 511 1260 563 ἵστατο
1295 511 1352 563 δὲ
1388 511 1485 564 καὶ
1512 512 1540 564 ὁ
1576 511 1792 581 μάρτυς

1901 525 1999 565 nes
2033 512 2343 580 homicidae,
2384 527 2574 569 rursus
2601 513 2754 581 jubet
2786 514 2972 571 aﬂ‘erri
3012 521 3361 592 sartaginem,
3394 542 3484 584 ce‘

161 621 253 686 τὴν
289 613 583 684 τιμωρίαν
609 607 1027 674 ὑποδεξάμενος,
1064 604 1090 653 ὁ
1128 600 1404 669 τύραννος
1436 601 1612 653 πολλὰ
1641 617 1786 672 παρ-

163 709 379 766 αινέσας
414 702 598 770 αὐτῷ,
633 698 908 756 ποικίλαις
934 711 990 745 τε
1022 691 1317 752 κολακίαις
1356 690 1640 755 ὑπελθὼν,
1668 690 1794 742 ἐπεὶ

162 796 508 855 ἀπειθοῦντα
545 773 715 861 ἑώρα,
745 789 835 840 καὶ
859 789 958 848 τὰς
1001 783 1268 842 κολακίας
1296 781 1585 848 εὐστόχως
1628 781 1796 850 ὕϐρε-

165 908 242 942 σιν
273 887 665 955 ἁ;.ιει6άμενον
703 879 905 949 (λύκον
935 877 1041 944 γὰρ
1094 874 1396 944 Ἀραϐικὸν
1433 871 1633 924 τοῦτον
1666 872 1800 924 ἑκά·-

164 984 262 1042 λει,
294 981 390 1032 az;
429 979 547 1037 τοῖς
585 975 676 1026 τοῦ
704 971 938 1040 Χριστοῦ
971 970 1262 1040 προϐάτοις
1296 963 1796 1031 ἐπιϐουλεύοντα),

167 1073 240 1139 τῷ
275 1071 508 1138 τηγάνῳ
533 1069 699 1120 αὑτὸν
731 1064 942 1117 κελεύει
970 1062 1313 1131 διαταϐἧναι.
1376 1056 1565 1118 Εὑῦὺς
1601 1053 1700 1108 οῦν
1729 1057 1798 1109 τὰ

168 1166 303 1217 αὐτὰ
333 1165 454 1223 τοῖς
491 1160 780 1228 προτέροις
818 1155 1196 1226 ἐπηκολούθει,
1231 1154 1329 1206 καὶ
1363 1149 1794 1221 μεταϐάλλεται

174 1260 269 1325 μὲν
303 1257 380 1315 εἰς
415 1253 615 1321 δρόσον
647 1250 708 1301 τὸ
733 1249 864 1319 πῦρ,
899 1247 1042 1318 αὖρα
1075 1247 1130 1299 δέ
1167 1263 1251 1308 τις
1304 1243 1509 1314 ἡδίστη
1535 1240 1639 1293 τὸν
1669 1258 1799 1309 γεν-

172 1351 324 1399 ναῖον
352 1343 663 1410 ἁνέψυχεν.

1896 619 2127 672 ramque
2155 615 2208 659 et
2251 607 2448 673 picem,
2496 619 2550 662 et
2583 608 2796 677 adipem
2832 611 2882 663 in
2917 625 3035 665 eam
3089 612 3262 681 injici,
3308 620 3479 674 multo

1899 709 2027 747 vero
2054 697 2174 763 igne
2205 699 2397 752 subtus
2426 699 2669 763 accendi,
2694 710 2748 754 et
2776 702 2928 754 sicin
2949 717 3010 755 ea
3042 719 3227 758 rursus
3260 712 3479 762 extendi

1902 796 2221 856 martyrem.
2265 789 2554 859 Postquam
2589 807 2719 860 ergo
2751 792 2952 846 factum
2986 794 3107 858 fuit,
3136 800 3275 865 quod
3301 799 3485 852 fuerat

1900 876 2251 947 imperatum,
2297 892 2351 935 et
2408 892 2633 951 sartago
2673 895 2781 939 tota
2837 899 2956 939 erat
3008 891 3291 946 candens:
3330 893 3483 945 stetit

1899 979 2080 1024 autem
2132 985 2338 1042 martyr
2385 990 2602 1043 quoque
2651 978 2928 1031 subiturus
2989 980 3355 1048 supplicium:
3403 982 3483 1038 Ne

1898 1059 2137 1124 dilleras,
2173 1063 2346 1130 inquit
2398 1066 2715 1131 imperatur,
2761 1081 2794 1119 0
2846 1065 3147 1133 Eleutlteri,
3179 1081 3294 1126 stas
3334 1073 3482 1126 enim

1901 1154 2109 1206 medius
2143 1156 2285 1208 inter
2317 1169 2546 1209 mortem
2603 1167 2656 1210 et
2699 1160 2884 1222 vitam,
2919 1176 3045 1213 cura
3093 1163 3142 1214 id
3192 1167 3336 1231 quod
3387 1164 3483 1218 tibi

1899 1241 2138 1296 futurum
2173 1255 2257 1299 est
2285 1248 2645 1302 conducibile.
2678 1248 2806 1303 Nam
2847 1267 2945 1319 ego
2977 1253 3190 1320 quidem
3229 1270 3481 1324 magnam

1902 1336 1977 1389 tui
2010 1352 2194 1390 curam
2240 1355 2456 1407 gerens,
2495 1356 2557 1392 ne
2592 1342 2733 1394 male
2760 1357 2970 1410 pereas,
3009 1345 3058 1396 in
3104 1354 3157 1399 te
3194 1362 3314 1400 sum
3345 1346 3482 1400 affe-

169 1450 310 1498 etus,
350 1445 620 1503 tanquam
655 1434 705 1484 in
739 1443 1052 1499 germanum
1077 1425 1240 1479 lilium
1276 1440 1290 1476 :
1330 1437 1436 1477 nec
1465 1420 1670 1476 vellent
1737 1437 1836 1487 per
1875 1423 2023 1488 deos,
2061 1429 2234 1481 virum
2260 1440 2366 1482 tam
2406 1433 2570 1484 nubili
2614 1432 2733 1486 loco
2766 1444 2976 1498 uatum,
3013 1445 3068 1488 et
3103 1438 3194 1502 qui
3223 1445 3307 1491 est
3368 1438 3485 1504 ipse

170 1536 308 1586 adeo
344 1535 547 1590 bonus,
596 1537 702 1578 tam
735 1526 967 1577 disertus
994 1561 1006 1583 ,
1051 1529 1104 1574 et
1147 1527 1254 1571 tam
1309 1517 1540 1586 pulchra
1589 1516 1799 1582 specie,
1844 1518 2086 1585 seipsum
2159 1523 2558 1578 inconsiderate
2588 1526 2808 1592 injicere
2870 1529 2920 1581 in
2953 1529 3249 1595 periculum
3282 1547 3296 1583 :
3325 1533 3486 1597 idque

171 1638 400 1695 prapter
434 1622 576 1676 nihil
610 1622 751 1672 aliud
770 1632 929 1687 quam
961 1608 1564 1683 propterpervicaciam
1635 1623 1795 1663 vana:

1909 1625 1926 1665 ι
1961 1615 2226 1669 inutilem.
2292 1611 2781 1684 Pustquamaurem
2814 1623 2964 1675 stetit
2987 1632 3194 1692 martyr
3225 1625 3486 1678 adtersns

179 1727 294 1778 [me
335 1733 609 1789 generose
657 1717 963 1774 decertans,
1007 1720 1129 1778 apte
1173 1710 1390 1776 probris
1429 1722 1803 1762 remunerans
1841 1709 2152 1772 blanditias,
2220 1722 2273 1764 et
2317 1713 2463 1763 illum
2542 1712 2724 1780 lupum
2773 1719 3052 1782 appellans
3082 1719 3396 1787 Arabicum,
3427 1730 3486 1773 ut

171 1819 265 1886 qui
332 1814 532 1864 nvibus
578 1809 783 1863 Christi
818 1805 1126 1867 insidietur,
1161 1802 1376 1854 tandem
1423 1800 1541 1854 haec
1613 1814 1838 1868 quoque
1879 1802 2073 1870 adjecit
2101 1818 2115 1855 :
2141 1804 2410 1871 Quidquid
2479 1803 2696 1872 feceris,
2716 1822 2820 1860 non
2856 1809 2987 1863 mibi
3022 1813 3394 1881 persuadebis,
3424 1821 3487 1868 ut

173 1913 247 1964 ab
283 1911 384 1961 huc
418 1908 508 1975 pia
537 1914 594 1958 et
619 1905 773 1955 beata
803 1901 1056 1952 desistam
1085 1897 1418 1951 constantia.

248 2001 342 2068 ς’.
390 1995 680 2066 Ἀδριανὸς
733 1991 788 2044 δὲ
837 1993 1056 2042 πάντων
1098 1986 1247 2055 αὐτῷ
1308 1987 1444 2055 πρὸς
1478 1985 1802 2038 τούναντίον
1837 1991 1876 2046 Β

176 2091 641 2163 μεθισταμένων,
707 2082 927 2149 ἀπορῶν
964 2079 1218 2145 ἐκάθητο,
1266 2076 1464 2144 Βαθείᾳ
1515 2077 1668 2146 λύπῃ
1697 2077 1798 2147 τὴν

173 2185 436 2252 γλῶτταν
479 2174 866 2242 πεπεδημένος
887 2189 900 2202 ο
930 2171 990 2222 ὃν
1045 2169 1168 2221 ἰδὼν
1207 2169 1382 2230 οὕτως
1414 2169 1619 2237 ἔχοντα.
1653 2171 1682 2222 ὁ
1705 2186 1800 2239 τη-

176 2273 415 2329 νικαῦτα
450 2271 552 2338 τῆς
595 2268 803 2326 πόλεως
825 2264 1089 2332 ἔπαρχος,
1122 2261 1391 2330 Κορέμων
1416 2259 1568 2328 αὐτῷ
1602 2260 1797 2331 ὃνομα,

175 2369 354 2426 δεινὸς
383 2365 440 2417 δὲ
477 2359 642 2423 οὗτος
687 2358 955 2428 βασάνους
991 2355 1235 2424 ἐξευρεῖν
1272 2353 1628 2422 καινοτέρας.
1661 2355 1800 2408 ἀλλὰ

178 2459 274 2512 καὶ
306 2459 378 2510 τά
432 2456 582 2506 κατὰ
642 2453 735 2504 τὸν
766 2448 1143 2518 στρατηλάτην
1201 2445 1416 2515 Φίληκα
1449 2446 1665 2515 μαθὼν,
1708 2450 1802 2500 καὶ

179 2552 282 2620 ήδη
314 2547 419 2616 μὲν
447 2545 749 2614 σπέρματα
781 2543 878 2611 τῆς
910 2540 1018 2592 τῶν
1051 2537 1397 2607 Χριστιανῶν
1451 2538 1695 2599 πίστεως
1721 2541 1800 2599 είς

183 2642 423 2710 καρδίαν
447 2638 771 2704 δεξάμενος,
806 2633 885 2683 ἔτι
908 2630 964 2682 δὲ
998 2630 1106 2680 τῶν
1142 2627 1480 2694 Ἑλληνικῶν
1511 2629 1796 2695 ἐχόμενος,

183 2734 278 2783 καὶ
337 2729 421 2798 τῷ
482 2725 697 2795 βασιλεῖ
759 2720 1161 2791 χαριζόμενος·
1228 2714 1385 2777 οὗτος
1445 2719 1512 2786 δὴ
1549 2719 1672 2769 τότε
1708 2723 1800 2773 τὸν

195 2821 490 2889 Ἀδριανὸν
511 2813 884 2884 διαποροῦντα
917 2811 1086 2879 ὁρῶν,
1115 2809 1433 2881 προσελθών
1470 2826 1482 2838 ·
1538 2809 1684 2876 Ἐγώ
1716 2826 1796 2874 σε,

185 2919 352 2985 φησι,
415 2908 676 2981 βασιλεῦ,
718 2905 1018 2968 ἀπαλλάξω
1048 2902 1416 2973 πραγμάτων,
1459 2902 1552 2952 καὶ
1587 2901 1801 2953 τουτονὶ

183 3009 276 3057 τὸν
306 3007 435 3055 νέον
464 2999 670 3063 διδάξω
701 2998 792 3050 τὸν
826 2994 1162 3048 ἀπειθοῦντά
1190 3009 1271 3044 σοι
1299 2993 1372 3060 μὴ
1393 2991 1651 3052 τοιούτοις
1675 2993 1798 3042 ἐπι-

182 3100 425 3166 χειρεῖν,
474 3093 616 3143 ἀλλὰ
655 3091 747 3140 καὶ
780 3087 1035 3146 κλίϐανος
1094 3084 1192 3152 μὲν
1232 3084 1510 3150 ὲνεχθήτω
1540 3083 1798 3150 χαλκοῦς,

178 3186 472 3240 ὀϐελίσκοι
509 3182 567 3233 δὲ
595 3180 738 3243 ὀξεῖς
770 3175 854 3244 ἐφ’
878 3175 1120 3244 ἑκάτερα
1145 3172 1254 3224 τῶν
1287 3172 1469 3242 μερῶν
1506 3171 1675 3223 αὑτοῦ
1703 3175 1799 3240 ἐμ-

180 3281 567 3346 παγήτωσαν,
613 3273 709 3324 καὶ
767 3269 887 3338 ὕψει
939 3267 1062 3320 ὅσον
1130 3263 1285 3318 οὔπω
1321 3264 1414 3317 τὸν
1462 3263 1796 3332 Ἐλευθέριον

178 3373 211 3438 ἧ
254 3367 601 3436 πειθόμενον
629 3363 661 3433 ἦ
688 3361 873 3422 κακῶς
896 3358 1294 3428 ἀπολλύμενον.
1327 3356 1517 3409 Ταῦτα
1546 3357 1600 3408 δὲ
1626 3356 1797 3424 λέγων

178 3461 467 3514 ἐλάνθανε
508 3458 608 3509 τὸν
655 3454 845 3505 λέοντα
895 3451 1083 3518 φοϐεῖν
1126 3450 1376 3516 καλάμου
1424 3449 1660 3517 πληγαῖς
1695 3450 1801 3502 old-

179 3570 383 3623 μενος.
423 3552 626 3617 Ὅμως
685 3544 888 3612 ἠρεσκε
948 3543 1126 3594 ταῦτα
1160 3539 1237 3610 τῷ
1296 3539 1528 3608 βασιλεῖ,
1563 3539 1659 3591 καὶ
1706 3540 1799 3592 τοῦ

176 3642 610 3714 μηχανήματος
647 3635 852 3706 σπουδῇ
885 3633 1256 3696 τελεσθέντος,
1290 3633 1429 3702 ἄρας
1455 3632 1580 3695 τοὺς
1615 3648 1802 3701 φαινο-

175 3739 391 3804 μένους
451 3731 578 3799 ἅμα
639 3728 735 3780 καὶ
783 3730 911 3788 τοὺς
962 3726 1190 3794 ἀφανεῖς
1221 3723 1559 3792 ὀφθαλμοὺς,
1587 3724 1802 3776 καὶτὸν

171 3825 305 3877 νοῦν
332 3826 465 3879 ὅλον
497 3825 586 3884 εἰς
619 3816 890 3889 οὐρανοὺς
930 3817 1233 3886 άπερείσας
1256 3831 1270 3844 ’
1331 3815 1658 3885 Εὑχαριστῶ
1696 3831 1800 3879 σοι,

169 3916 307 3985 εφη,
341 3915 530 3984 Κύριε
581 3910 764 3980 Ἰησοῦ
793 3908 997 3978 Χριστὲ
1025 3910 1119 3960 καὶ
1150 3906 1274 3971 Θεὲ,
1326 3907 1408 3960 ὅτι
1439 3905 1701 3960 τοιούτων
1733 3924 1800 3976 με

170 4010 271 4061 καὶ
308 4006 613 4058 τοσούτων
649 4000 872 4066 ἀγαθῶν
902 3999 1165 4066 ἠξίωσας,
1228 3998 1309 4049 ὅτι
1370 3998 1513 4066 χειρὶ
1564 3998 1801 4065 κραταιᾷ

169 4117 270 4151 σου
313 4097 574 4164 δύναμιν
622 4089 990 4160 περιέζωσας,
1031 4089 1112 4140 ὅτι
1147 4087 1288 4158 ὑπὲρ
1329 4087 1422 4139 σοῦ
1448 4086 1670 4140 τοιαῦτα
1694 4087 1800 4140 πά-

168 4208 334 4259 σχειν
364 4187 696 4251 εὐδόκησας
716 4199 728 4211 ·
767 4183 859 4234 καὶ
891 4179 987 4232 νῦν
1021 4179 1318 4246 ὲπίϐλεψον
1347 4179 1404 4244 ἐξ
1428 4177 1677 4250 οὐρανοῦ,
1707 4177 1801 4230 καὶ

168 4285 244 4334 [δε
277 4276 382 4334 οἷα
422 4274 823 4330 τεκταίνουσιν
858 4274 906 4324 οἱ
941 4269 1225 4338 μισοῦντές
1254 4286 1311 4320 σε
1351 4270 1470 4321 κατ’
1495 4269 1650 4338 ἐμοῦ,
1707 4268 1801 4319 καὶ

165 4372 346 4443 ῥῦσαι
416 4369 538 4424 ἀπὸ
594 4365 786 4436 βέλους
815 4363 1001 4416 αὐτῶν
1041 4362 1141 4432 τὴν
1174 4360 1353 4432 ψυχήν
1384 4379 1508 4432 μου,
1544 4361 1628 4413 ἵνα
1653 4361 1799 4413 ἴδωσι

163 4467 421 4528 πάντες,
459 4462 548 4514 ὅτι
586 4458 736 4529 πλὴν
779 4455 872 4510 σοῦ
902 4454 1005 4508 οὐκ
1038 4454 1152 4508 ἔστι
1194 4454 1349 4518 Θεός.
1384 4451 1516 4506 Εἶτα
1539 4454 1632 4506 καὶ
1661 4453 1800 4524 ὑπὲρ

164 4558 280 4611 τῶν
353 4551 753 4617 κολαζόντων,
811 4548 1002 4617 ῶσπερ
1036 4546 1193 4606 ἄλλος
1223 4562 1304 4606 τις
1346 4545 1617 4610 Στέφανος
1658 4543 1799 4611 ὑπὲρ

1983 1983 2068 2036 γι.
2107 1984 2202 2037 Hic
2233 1984 2503 2039 Adrianus
2527 1986 2709 2041 animo
2735 1988 3232 2054 sauciatus,verbis
3260 1993 3488 2062 relictis,

1903 2076 1968 2128 ad
2012 2075 2152 2127 facta
2187 2091 2246 2128 se
2271 2077 2520 2139 contulit,
2550 2086 2604 2130 et
2648 2076 2804 2145 jubet
2847 2093 2973 2131 eum
3017 2083 3233 2135 extendi
3283 2085 3334 2136 in
3364 2100 3484 2139 sar-

1904 2169 2103 2237 tagine.
2133 2167 2286 2232 Quod
2319 2183 2442 2221 cum
2478 2169 2678 2223 factum
2716 2181 2882 2236 esset,
2905 2173 3119 2238 eadem,
3152 2175 3272 2243 quae
3309 2182 3481 2247 prius,

1903 2275 2093 2314 rursus
2137 2270 2263 2314 sunt
2310 2272 2599 2315 consecuta
2639 2278 2653 2315 :
2692 2272 2747 2317 et
2781 2263 2921 2330 ignis
2974 2268 3192 2335 quidem
3241 2280 3484 2326 mutatur

1905 2350 1959 2404 in
2001 2366 2176 2404 rorem
2220 2368 2233 2404 :
2268 2366 2400 2404 aura
2440 2366 2570 2405 vero
2617 2354 2863 2420 quaedam
2920 2358 3244 2412 suavissima
3285 2361 3478 2415 fortem

1901 2459 1966 2498 ac
1998 2458 2322 2511 generosum
2357 2444 2535 2498 virum
2587 2445 2951 2515 refrigeravit.
2980 2450 3254 2508 Adrianus
3300 2465 3478 2510 atatem

1901 2537 2170 2598 nesciens,
2206 2536 2335 2603 quid
2384 2546 2593 2604 ageret,
2631 2553 2755 2592 cum
2803 2540 2851 2594 ei
2903 2551 3244 2599 mutarentur
3297 2548 3483 2604 omnia

1900 2628 1951 2679 in
1993 2628 2349 2689 contrarium,
2383 2629 2607 2682 sedebat
2658 2629 2825 2685 animi
2874 2633 3090 2697 dubius,
3147 2637 3337 2691 bovem
3381 2642 3484 2693 ha-

1901 2718 2031 2772 bens
2085 2717 2136 2770 iu
2207 2719 2409 2787 lingua,
2473 2729 2532 2772 ut
2589 2719 2811 2787 dicitur,
2865 2731 2920 2777 et
2968 2724 3208 2792 linguam
3269 2729 3485 2785 vinctus

1900 2814 2165 2884 profundo
2204 2815 2410 2868 dolore.
2463 2816 2631 2880 Quem
2674 2830 2798 2871 cum
2849 2817 3078 2872 vidisset
3119 2819 3198 2873 sic
3231 2820 3481 2878 affectum

1901 2904 1966 2966 is,
1988 2903 2076 2970 qui
2104 2917 2230 2956 lttttc
2257 2913 2372 2956 erat
2398 2905 2684 2972 prmfectus
2709 2907 2883 2970 urbis,
2903 2909 3118 2962 nomine
3148 2910 3357 2967 Corebo
3381 2914 3481 2983 (Ξ),

1900 2998 1963 3049 ad
2015 3013 2150 3049 nova
2201 2996 2521 3050 invenienda
2567 3007 2835 3052 tormenta
2884 3003 2966 3053 vir
3011 3005 3283 3072 egregius,
3323 3017 3378 3060 et
3414 3009 3482 3063 ad

1902 3088 2206 3142 faciendum
2278 3088 2505 3154 aliquid,
2565 3089 2709 3158 quod
2770 3092 3032 3147 adversus
3094 3097 3475 3154 necessitatem

1898 3189 2043 3232 esset
2067 3194 2192 3234 aere
2224 3188 2276 3234 et
2305 3179 2488 3233 eﬂicax
2539 3182 2682 3251 (erat
2710 3190 2888 3236 autem
2921 3182 3220 3242 Christiani
3255 3187 3480 3259 dogma-

1905 3269 1975 3322 tis
2010 3287 2113 3321 nnn
2147 3272 2371 3323 omnino
2403 3271 2745 3338 ignarus,sed
2777 3283 2830 3325 et
2856 3289 2977 3342 qua:
3004 3273 3167 3330 Felici
3203 3281 3480 3336 exercitus

1905 3359 2025 3413 duci
2055 3360 2394 3424 acciderant,
2421 3361 2600 3415 verbis
2624 3373 2927 3429 acceperat,
2960 3373 3014 3418 et
3043 3365 3479 3424 Christianorum

1905 3449 2027 3503 lidci
2095 3447 2257 3502 veluti
2317 3450 2561 3518 quiedam
2619 3452 2825 3506 semina
2890 3462 2943 3506 et
2996 3454 3148 3513 initia
3209 3458 3260 3511 in
3318 3459 3484 3514 corde

1901 3550 2190 3608 acceperat
2230 3557 2242 3592 :
2280 3542 2457 3595 adhuc
2505 3556 2632 3597 vero
2679 3543 2996 3597 sectabatur
3051 3560 3140 3599 res
3177 3548 3477 3615 gentilium,

1901 3630 2115 3699 plurimi
2160 3631 2360 3686 faciens
2394 3632 2570 3686 colere
2620 3642 2674 3687 et
2709 3633 2999 3688 observare.
3050 3635 3482 3706 imperatorem),

1909 3721 2026 3787 ipse
2074 3730 2252 3773 autem
2304 3732 2428 3775 tunc
2470 3723 2659 3776 videns
2691 3722 2986 3776 Adrianum
3033 3725 3394 3795 dubitantem,
3431 3738 3486 3784 et

1905 3812 2234 3865 nescientem
2272 3815 2542 3880 quomodo
2583 3829 2641 3868 se
2693 3814 2746 3866 in
2801 3825 3051 3869 sanctum
3101 3827 3338 3886 gereret,
3385 3835 3480 3874 ac-

1903 3902 2099 3954 cedens
2149 3917 2164 3954 :
2223 3898 2331 3970 Ego
2381 3911 2452 3966 te,
2495 3901 2691 3970 inquit,
2724 3916 2758 3956 ο
2805 3902 3119 3973 imperator,
3164 3905 3405 3962 liberabo
3445 3924 3479 3963 a

1902 3988 2148 4056 negotiis,
2170 3999 2221 4043 et
2249 3991 2390 4045 hunc
2424 3991 2697 4060 juvenem,
2730 3991 2820 4060 qui
2859 4003 3121 4061 repugnat
3155 3995 3259 4049 tuis
3282 3994 3475 4062 jussis,

1901 4079 2104 4133 docebo
2144 4095 2422 4146 nunquam
2473 4081 2577 4134 tale
2615 4082 2743 4148 quid
2795 4083 3035 4151 aggredi.
3079 4082 3184 4136 Sed
3239 4085 3484 4143 clibanus

1902 4181 2118 4249 quidem
2180 4180 2449 4234 inferatur
2507 4196 2692 4237 amens
2750 4199 2765 4236 :
2817 4180 2966 4235 acuti
3017 4190 3196 4236 autem
3256 4183 3482 4239 Obelisci

1902 4269 2259 4337 iuliganturin
2280 4279 2508 4338 utraque
2524 4269 2638 4338 ejus
2658 4279 2827 4337 parte,
2847 4277 2901 4320 et
2921 4283 3043 4322 mox
3064 4271 3204 4325 scies
3224 4271 3479 4327 Eleuthe-

1903 4361 2042 4416 rium
2073 4371 2162 4415 aut
2186 4359 2435 4431 paruisse
2453 4371 2544 4415 aut
2570 4361 2707 4416 male
2727 4361 2974 4432 periisse.
2989 4359 3112 4417 Haec
3130 4376 3256 4417 vero
3272 4363 3483 4431 dicens,

1903 4469 2010 4508 non
2045 4453 2511 4508 animadvertebat
2541 4467 2599 4508 se
2628 4453 2836 4509 leonem
2873 4469 3066 4525 putare
3096 4471 3252 4525 posse
3279 4464 3486 4512 terrere

1904 4543 2010 4597 ictu
2043 4544 2344 4597 arundinis.
2392 4544 2516 4598 Haec
2561 4554 2738 4599 tamen
2787 4549 3109 4616 placuerunt
3140 4551 3481 4618 imperatori,

160 4650 280 4703 τῶν
317 4643 718 4708 λιθαζόντων,
740 4638 1054 4710 εὐχόμενος,
1079 4637 1250 4706 Ἀψαι
1273 4635 1371 4703 τῆς
1394 4635 1596 4699 αὐτῶν,
1623 4633 1799 4700 έλεγε,

1909 4645 1964 4689 et
1988 4634 2094 4689 cito
2128 4634 2375 4688 confecta
2419 4635 2688 4702 machina,
2724 4649 2929 4711 martyr
2963 4639 3016 4694 in
3048 4640 3244 4694 cadum
3279 4641 3479 4697 tollens

161 4743 450 4813 καρδίας,
487 4732 766 4788 πολυέλεε
798 4732 1070 4797 Δέσποτα,
1113 4729 1210 4782 καὶ
1261 4727 1397 4798 πρὸς
1452 4727 1512 4778 τὸ
1549 4727 1640 4779 σὺν
1673 4726 1800 4780 καθ-

1907 4726 2092 4780 oculos
2123 4736 2227 4780 tam
2267 4726 2357 4794 qui
2388 4739 2709 4794 cernuntur,
2743 4744 2905 4796 quam
2941 4732 3033 4799 qui
3070 4731 3172 4786 sub
3203 4741 3482 4800 aspectum

158 4836 472 4906 οδήγησον
517 4828 768 4895 θέλημα.
812 4823 896 4876 ῐνα
921 4821 1094 4890 γνῶσι
1128 4838 1188 4873 σε
1219 4821 1313 4873 τὸν
1356 4817 1518 4888 μόνον
1552 4817 1800 4888 ἀληθινὸν

1907 4832 2014 4872 non
2059 4817 2279 4877 cadunt,
2316 4825 2369 4869 et
2409 4824 2577 4867 totam
2615 4828 2849 4870 mentem
2885 4820 2936 4872 in
2973 4820 3168 4874 coelum
3218 4822 3481 4891 deligens,

161 4881 481 4989 ξέὲζῖξςξι
523 4881 945 4986 τῆξιόλεορίου.
984 4909 1092 4964 τῶν
1128 4881 1369 4961 εἰδώλων
1396 4881 1678 4962 ἀποστῶσι
1710 4907 1800 4961 λα-

1907 4917 1962 4964 et
1993 4923 2103 4978 pra:
2134 4905 2328 4976 gaudio
2369 4916 2510 4961 totus
2540 4907 2696 4977 quasi
2729 4923 2757 4961 a
2791 4908 2901 4965 Deo
2934 4911 3145 4966 amatus
3180 4929 3194 4966 :
3229 4881 3356 4980 Ago
3380 4881 3483 4967 tibi

160 5014 398 5086 τρείας,
440 5011 538 5062 ὅτι
571 5005 873 5073 εὐλογητὸς
897 4999 948 5057 εἴ
967 5003 1047 5065 είς
1075 5001 1201 5064 τοὺς
1230 5000 1455 5063 αἰῶνας.
1500 5000 1696 5072 Ἀμήν.

1909 4999 2132 5071 gratias,
2165 4998 2360 5066 inquit,
2395 4998 2616 5051 Domine
2648 4995 2776 5052 Jesu
2818 4998 3031 5053 Christe
3060 5011 3115 5055 et
3145 4999 3308 5065 Deus,
3339 5000 3482 5068 quod

166 5127 254 5167 me
288 5109 528 5165 talibus
585 5112 645 5158 et
695 5101 859 5154 tantis
901 5099 1055 5154 bonis
1096 5098 1170 5152 sis
1212 5095 1462 5164 dignatus
1495 5112 1508 5148 :
1575 5097 1717 5164 quod
1754 5110 1840 5151 me
1881 5110 2042 5149 manu
2095 5102 2183 5147 tua
2222 5093 2426 5162 potenti
2495 5094 2692 5148 virtute
2731 5093 3055 5160 accinxeris,
3087 5096 3228 5163 quod
3262 5111 3359 5163 pno
3393 5105 3486 5150 tuo

165 5205 412 5265 noriiine
452 5199 602 5253 talia
653 5195 750 5250 tibi
800 5194 908 5264 pati
981 5193 1152 5247 visum
1201 5193 1294 5248 sit.
1346 5190 1411 5244 Et
1491 5205 1636 5244 nunc
1685 5192 1868 5260 aspice
1910 5191 1976 5246 de
2022 5190 2180 5252 caelo,
2225 5197 2278 5243 et
2333 5186 2453 5242 vide
2503 5188 2682 5258 qualia
2734 5194 2922 5243 contra
2975 5202 3061 5242 me
3115 5186 3474 5251 fabricantur.

167 5303 260 5372 qui
304 5309 364 5353 te
398 5295 670 5352 oderunt
706 5306 719 5340 :
755 5297 809 5340 et
841 5285 1007 5340 libera
1058 5285 1290 5338 animam
1338 5292 1508 5337 meam
1543 5298 1572 5337 a
1607 5282 1787 5351 jaculo
1826 5298 2037 5345 eorum,
2106 5291 2159 5336 et
2199 5298 2227 5335 a
2261 5279 2394 5335 viris
2434 5281 2757 5351 sanguiuum
2781 5281 2825 5348 θ,
2859 5282 2948 5352 qui
2989 5282 3163 5337 bonus
3205 5298 3283 5345 es,
3319 5298 3478 5339 serva

170 5367 335 5450 me}
395 5398 467 5443 ut
524 5381 716 5435 sciant
769 5391 979 5440 omnes,
1032 5386 1082 5430 te
1147 5390 1266 5432 esse
1343 5374 1513 5428 solum
1597 5375 1761 5428 Deum
1811 5384 1865 5428 et
1917 5375 2210 5445 gloriosum
2261 5373 2311 5426 in
2373 5383 2484 5426 toto
2537 5374 2667 5426 orbe
2719 5383 3004 5428 terrarum.
3060 5372 3263 5428 Deinde
3316 5375 3480 5430 etiam

173 5506 270 5563 pro
354 5486 436 5540 iis
512 5477 698 5547 ipsis,
769 5472 857 5540 Qui
916 5471 1064 5525 illum
1124 5471 1474 5534 cruciabant,
1540 5470 1683 5524 sicut
1737 5469 2086 5537 Stephanus’
2151 5483 2259 5563 ρι’οῄ
2295 5468 2378 5532 iis,
2434 5468 2525 5537 qui
2572 5483 2695 5524 eum
2771 5469 3040 5538 lapidibus
3127 5473 3476 5539 appetebam,

176 5561 350 5643 orans
393 5600 408 5634 :
448 5575 666 5641 Tange
708 5582 804 5622 cor
833 5581 1043 5631 eorum,
1082 5566 1316 5631 dicebat,
1349 5581 1381 5618 ο
1425 5565 1671 5628 Domine,
1736 5567 1828 5633 qui
1871 5581 1928 5620 es
1974 5565 2154 5618 multae
2192 5561 2600 5630 misericordiae,
2667 5573 2721 5618 et
2766 5571 2917 5618 tuum
2964 5575 3210 5620 sanctum
3260 5565 3345 5623 eis
3386 5578 3484 5620 tto-

243 5679 265 5711 ⁶
301 5673 467 5734 Psal.
507 5683 571 5722 ν.
658 5664 676 5696 ⁷
709 5662 812 5717 Act
861 5675 954 5713 vn.

251 5799 336 5870 (Ξ)
369 5793 662 5848 Correum
699 5781 841 5834 hunc
870 5788 1024 5834 vocat
1063 5778 1201 5831 Beda
1240 5778 1290 5831 in
1321 5776 1707 5846 Martyrulogio
1750 5779 1814 5831 ad
1856 5779 1995 5833 hunc
2021 5779 2183 5832 diem.
