4180 6470
752 407 856 471 135

2042 401 2327 460 MENSIS
2364 402 2697 460 APRILIS.

3906 391 4002 458 I36

752 533 872 573 men
913 517 998 572 fac
1065 517 1134 571 sit
1210 517 1508 584 cognitum,
1559 524 1612 566 et
1648 514 1818 566 deduc
1849 513 1912 566 ad
1952 524 2095 566 tuam
2152 515 2526 575 voluntatem:
2577 526 2635 567 ιιι
2715 523 3043 582 cognoscant
3100 522 3150 566 te
3217 511 3389 565 solum
3457 527 3642 566 verum
3710 511 3902 574 Deum,
3956 522 4004 565 et

751 611 1012 666 desistant
1048 624 1075 662 a
1123 609 1426 680 pernicioso
1473 607 1617 661 cultu
1653 605 2059 660 simulacrorum
2092 623 2106 660 :
2140 606 2395 674 quoniam
2428 606 2743 662 benedictus
2775 621 2832 659 es
2863 608 2912 659 in
2952 606 3156 659 secula.
3191 606 3383 657 Amen.

825 728 933 782 γιι.
965 727 1098 782 Cum
1145 726 1354 779 Corebo
1407 725 1485 780 sic
1539 733 1781 778 orantem
1817 722 2137 777 attendisset
2176 738 2319 776 mar-

2497 726 2570 776 Z'.
2605 723 2792 783 Οὕτως
2839 721 3126 791 εὐξαμένῳ
3159 720 3235 790 τῷ
3273 720 3510 790 μάρτυρι
3560 719 3817 789 προσχὼν
3853 722 3880 772 ὁ
3910 722 4009 772 Κο-

753 830 946 890 tyrem,
979 817 1140 871 veluti
1185 829 1432 880 accenso,
1466 815 1556 884 qui
1608 823 1723 868 erat
1770 815 1817 868 ei
1867 814 2152 884 repositus,
2193 829 2313 866 car-

753 913 890 964 bone
926 909 1168 978 pietatis,
1203 915 1421 976 repente
1465 915 1703 959 mutatur
1754 906 1912 973 longe
1953 904 2316 972 pulcherrima

751 1001 1055 1055 mutatione
1100 1014 1113 1050 :
1167 1006 1220 1052 et
1271 1007 1518 1066 tanquam
1576 1011 1678 1050 non
1723 996 1770 1050 is
1822 1005 1986 1060 esset,
2023 996 2110 1064 qui
2162 997 2319 1062 paulo

756 1104 880 1146 ante
949 1089 1287 1159 excogitabat
1351 1088 1614 1156 supplicia
1675 1087 1936 1142 adversus
2001 1096 2315 1156 martyrem,

755 1182 1019 1234 accedens
1053 1182 1118 1232 ad
1156 1181 1539 1246 imperatorem
1595 1194 1608 1231 :
1662 1177 1763 1232 Pro
1811 1191 1939 1246 quo,
1979 1176 2167 1244 inquit,
2206 1191 2318 1228 ma-

755 1271 946 1332 lelicit),
1004 1279 1096 1320 aut
1148 1283 1242 1336 pro
1295 1284 1397 1336 quo
1451 1269 1677 1323 crimine
1733 1269 1815 1321 his
1863 1268 2041 1336 pomis
2095 1267 2321 1320 afﬁcitur

756 1361 1142 1416 Eleutherius?
1172 1370 1264 1414 aut
1292 1376 1389 1430 pro
1430 1375 1533 1428 qua
1569 1375 1730 1414 causa
1757 1373 1928 1414 morte
1976 1369 2082 1413 tam
2127 1360 2320 1414 acerba

753 1455 1082 1508 damnatur!
1109 1455 1407 1520 lmperator
1433 1467 1561 1506 vero
1591 1453 1689 1506 hac
1730 1452 2006 1521 inopinata
2047 1451 2320 1506 auditione

756 1543 909 1599 valde
955 1554 1278 1607 commotus,
1317 1551 1468 1597 torre
1502 1543 1716 1595 intuens
1749 1541 2084 1596 Corebonem
2129 1560 2141 1594 :
2184 1541 2318 1596 Num

757 1647 809 1688 tu
845 1651 923 1701 es,
959 1636 1148 1704 inquit,
1182 1634 1247 1698 is,
1277 1649 1435 1704 quem
1466 1648 1566 1703 ego
1597 1634 1741 1698 novi,
1775 1633 2028 1687 Corebo?
2053 1631 2318 1697 Quidnam

752 1741 930 1783 autem
982 1729 1076 1783 tibi
1129 1729 1347 1792 accidit,
1384 1736 1476 1780 aut
1513 1726 1772 1795 quidnam
1808 1727 1898 1778 tibi
1950 1724 2151 1779 factum
2192 1725 2322 1780 fuit?

751 1820 1019 1888 Numquid
1055 1832 1103 1874 te
1136 1820 1278 1887 cepit
1311 1833 1502 1871 aurum
1536 1816 1604 1868 ab
1639 1816 1785 1869 illius
1817 1825 1988 1869 matre
2018 1828 2320 1884 acceptum,

752 1921 808 1964 et
851 1924 958 1963 tam
1011 1922 1226 1978 repente
1263 1907 1526 1962 mutavit?
1573 1906 1740 1972 Quam
1789 1906 1952 1960 multa
2003 1921 2128 1960 vero
2157 1907 2321 1961 etiam

753 2019 784 2056 a
846 2004 1027 2056 multis
1093 2003 1214 2056 aliis
1273 2001 1367 2055 tibi
1420 2000 1565 2066 data,
1609 1999 1885 2068 potuerint
1931 1998 2163 2054 c0nl’erri
2201 2014 2320 2052 cum

2422 817 2625 885 ρέμων,
2648 817 2740 866 καὶ
2767 815 2854 866 τὸν
2888 814 3358 882 προαποκείμ.ενον
3389 812 3536 881 αὑτῷ
3563 812 3659 880 τῆς
3688 812 4006 874 θεοσεϐείας

2420 906 2666 974 ἄνθρακα
2722 903 2910 971 ῶσπερ
2976 904 3452 972 ἁναζωπυρηοεῖς,
3503 903 3656 970 ἄφνω
3692 902 3998 970 μεταϐολὴν

2424 996 2816 1066 gemmam
2844 996 2944 1063 τὴν
2971 995 3291 1064 καλλίστην,
3314 995 3498 1064 καὶτῷ
3537 995 3751 1064 βασιλεῖ
3777 997 4004 1064 προσελο

2422 1089 2552 1153 θὼν,
2587 1089 2772 1152 Ποίου,
2807 1091 2992 1157 φησιν,
3031 1089 3366 1157 ἀδικήματος
3393 1089 3551 1156 χάριν
3580 1091 3606 1140 ὁ
3631 1089 3832 1155 πικρὸς
3856 1085 4003 1147 οὖτος

2433 1180 2755 1250 Ἐλευθερίῳ
2787 1179 3230 1250 καταψηφίζεται
3279 1179 3542 1243 θάνατος;
3605 1181 3716 1232 Καὶ
3775 1183 3802 1232 ὁ
3862 1180 4006 1247 Bas:-

2421 1273 2566 1334 λεὺς,
2599 1272 2675 1342 τῷ
2704 1270 2996 1342 παραδόξῳ
3027 1273 3119 1325 τοῦ
3146 1273 3494 1342 ἀκούσματος
3521 1274 3850 1339 ἐκπλαγεὶς,
3879 1290 4000 1343 γορ·

2421 1364 2517 1428 γόν
2550 1380 2602 1414 τι
2656 1362 2749 1414 καὶ
2796 1361 3060 1432 βλοσυρὸν
3103 1362 3236 1432 πρὸς
3289 1365 3380 1415 τὸν
3441 1365 3732 1435 Κορέμονα
3763 1364 4002 1434 βλέψας’

2423 1450 2494 1503 Σὺ
2530 1450 2693 1513 αὐτὸς
2719 1447 2790 1516 εἴ,
2846 1451 2972 1521 ἔφη,
3012 1449 3070 1504 δν
3112 1451 3220 1520 ἐγὼ
3253 1451 3504 1519 γινώσκω
3551 1454 3878 1524 Κορέμονας
3916 1456 4007 1508 καὶ

2422 1545 2475 1596 τί
2509 1543 2744 1610 πάθοιςς
2802 1545 2949 1616 Μήτι
3007 1562 3066 1597 σε
3100 1545 3300 1614 χρυσὸς
3351 1540 3496 1597 εἷλεν
3551 1547 3654 1598 ὑπὸ
3693 1548 3795 1614 τῆς
3845 1547 4006 1600 αὑτοῦ

2423 1635 2704 1703 δεδομένος
2742 1638 2984 1704 μητρός;
3023 1634 3120 1686 καὶ
3163 1635 3301 1687 πόσα
3336 1634 3401 1687 ἂν
3429 1650 3510 1686 σοι
3543 1635 3637 1686 καὶ
3675 1637 3835 1703 παρὰ
3885 1637 4010 1686 πολι

2424 1727 2532 1780 λῶν
2572 1729 2778 1799 ἐτέρων
2817 1729 3094 1797 διδόμενα,
3153 1729 3262 1782 τῶν
3304 1727 3454 1797 ἐμῶν
3506 1726 3726 1798 δωρεῶν
3783 1728 4008 1792 ἀντάξια

2425 1820 2733 1886 γένοιτο,δν
2771 1819 2881 1887 ἐγὼ
2923 1821 3013 1871 καὶ
3047 1819 3285 1886 πλούτῳ,
3323 1819 3417 1871 καὶ
3449 1819 3596 1890 δόξῃ,
3634 1821 3730 1871 καὶ
3766 1821 3834 1888 τῇ
3875 1822 4006 1888 πρὸς

2426 1908 2527 1977 ἐμὲ
2564 1910 2838 1962 οἰκειώσει
2892 1909 3132 1980 ζηλωτὸν
3169 1913 3222 1960 ἐν
3267 1911 3454 1979 Ῥώμῃ
3491 1912 3848 1980 κατέστησας
3893 1911 4006 1963 ἀλλ’

2426 2003 2472 2054 εἰ
2514 2003 2607 2054 καὶ
2641 2003 2903 2055 πλειόνων
2957 2003 3108 2072 ἐρᾷς,
3142 2003 3188 2054 οῑ
3236 2003 3358 2069 ἐμοὶ
3396 2003 3596 2064 πάντες
3649 2004 3894 2054 ἁνείνταί
3931 2020 4006 2055 σοι

755 2098 888 2151 meis
940 2096 1116 2161 donis,
1174 2109 1334 2163 quem
1393 2107 1492 2159 ego
1526 2103 1578 2145 et
1624 2094 1814 2159 opibus
1863 2103 1916 2144 et
1947 2093 2114 2158 gloria
2171 2107 2312 2155 mea,

2422 2093 2687 2163 θησαυροί
2725 2108 2738 2123 ⁶
2775 2093 2982 2146 τούτων
3005 2095 3342 2163 ἀμφοτέραις
3391 2093 3591 2158 ἄντλει,
3629 2094 3724 2147 καὶ
3761 2095 3839 2163 μὴ
3871 2095 4007 2147 οὓτω

754 2188 1123 2242 familiaritate
1171 2195 1229 2239 et
1264 2183 1645 2252 conjunctione
1702 2182 1914 2236 beatum
1970 2183 2153 2236 Romae
2200 2186 2321 2236 red-

754 2277 902 2330 didi?
931 2276 1082 2342 Quod
1113 2275 1154 2328 si
1193 2274 1344 2344 plura
1373 2275 1670 2336 desideras,
1705 2275 1827 2328 licet
1855 2275 1948 2327 tibi
1989 2275 2188 2326 nostris
2219 2273 2323 2326 frui

753 2363 955 2419 atIatini
996 2383 1010 2418 :
1048 2363 1139 2417 tibi
1172 2373 1296 2416 sunt
1342 2363 1513 2431 aperti
1542 2377 1732 2415 omnes
1772 2363 1872 2414 mei
1925 2363 2161 2414 thesauri
2208 2378 2221 2415 :
2257 2377 2322 2415 ex

754 2458 840 2510 his
890 2455 1044 2508 hauri
1106 2454 1368 2507 ambabus
1435 2454 1700 2516 manibus,
1752 2467 1925 2519 neque
1977 2454 2201 2520 teipsum
2252 2454 2322 2506 ita

756 2550 972 2618 prodas,
1008 2563 1038 2601 a
1090 2547 1290 2599 femina
1351 2544 1494 2600 furto
1545 2545 1805 2610 sublatus,
1860 2553 1914 2598 et
1964 2560 2131 2613 pauco
2183 2561 2315 2600 auro

756 2653 986 2710 emptus.
1030 2641 1238 2696 Corebo
1294 2650 1473 2693 autem
1522 2637 1634 2705 jam
1695 2647 1836 2692 totus
1893 2639 2130 2706 repletus
2174 2639 2314 2692 bono

754 2735 967 2799 Spiritu,
999 2742 1054 2784 et
1101 2733 1351 2800 martyris
1384 2732 1636 2797 precibus
1674 2741 1906 2782 mentem
1948 2731 2148 2782 habens
2198 2732 2318 2782 illit-

755 2823 1401 2888 ininatam,exclamavit
1461 2821 1590 2873 illud
1642 2820 1957 2874 admirabile
2005 2830 2058 2873 et
2100 2820 2314 2888 dignum

753 2916 895 2983 quod
947 2915 1248 2967 celebretur
1303 2930 1314 2964 :
1368 2909 1603 2965 Pretium
1666 2919 1838 2975 tuum,
1881 2911 2088 2973 dicens,
2143 2922 2314 2964 tecum

754 3015 842 3059 eat
884 3009 934 3058 iu
975 3005 1353 3073 perditionem.
1383 3002 1509 3054 Tua:
1552 3018 1673 3055 vero
1725 3003 1960 3068 pecunia:
1995 3001 2100 3054 sint
2147 3001 2318 3054 fomes

755 3097 915 3167 ignis,
951 3097 1042 3166 qui
1072 3107 1122 3151 te
1151 3105 1347 3150 manet.
1383 3095 1520 3158 Quid
1551 3094 1692 3147 enim
1729 3101 1815 3144 tua
1855 3102 2048 3161 sponte
2073 3093 2316 3154 ementis,

2421 2181 2779 2252 καταπροδῷς
2833 2183 3085 2247 σεαυτὸν,
3147 2183 3369 2250 κλέμμα
3406 2182 3667 2246 γυναικὸς
3696 2185 3794 2235 καὶ
3827 2184 4005 2250 ὀλίγον

2421 2274 2623 2343 χρυσοῦ
2690 2276 2980 2343 γενόμενος
3028 2273 3209 2325 ὢνιον.
3280 2273 3338 2324 Ὀ
3373 2275 3428 2325 δὲ
3465 2276 3758 2343 Κορέμων,
3805 2276 3906 2344 ἤδη
3943 2279 4002 2343 τῇ

2421 2366 2514 2418 τοῦ
2553 2367 2828 2435 μάρτυρος
2863 2367 2991 2434 εὐχῇ
3026 2365 3123 2434 τὴν
3156 2365 3334 2434 ψυχὴν
3365 2366 3678 2434 φωτισθεὶς,
3706 2368 3767 2417 τὸ
3790 2367 4004 2434 Θαυμα-

2426 2462 2557 2512 στὸν
2607 2458 2703 2510 καὶ
2758 2458 3090 2529 ἀξιύμνητον
3124 2457 3446 2525 ἐξεϐόησεν·
3488 2459 3687 2519 Ἔστω,
3744 2457 4006 2526 λέγων,ἡ

2419 2549 2550 2618 τιμή
2593 2567 2687 2601 σου
2727 2551 2824 2600 σὺν
2853 2550 2936 2599 σοι⁵
2965 2550 3043 2609 εἰς
3075 2547 3370 2611 ἀπώλειαν,
3407 2547 3472 2600 τὰ
3520 2547 3575 2599 δὲ
3621 2534 3888 2622 χρήματᾲ
3917 2565 4004 2598 σου

2420 2641 2718 2708 ὑπόκαυμα
2744 2640 2821 2709 τῷ
2861 2639 3220 2708 περιμένοντι
3266 2655 3322 2690 σε
3358 2639 3493 2708 πυρὶ
3536 2639 3778 2705 γένοιτο·
3815 2639 3868 2690 τί
3903 2640 4006 2707 γάρ

2420 2731 2484 2797 δὴ
2513 2733 2604 2782 καὶ
2637 2730 2776 2781 ἑκὼν
2810 2731 3168 2797 τυφλώττεις,
3220 2733 3314 2780 καὶ
3367 2729 3538 2782 ταῦτα
3592 2730 3760 2799 πείρᾳ
3797 2730 4005 2798 μαθὼν,

2420 2822 2504 2873 ὅτι
2543 2821 2650 2872 τῶν
2685 2820 2781 2888 μὲν
2816 2819 2924 2871 σῶν
2959 2819 3099 2871 θεῶν
3130 2820 3304 2880 οὐδεὶς
3361 2820 3452 2870 τὸν
3496 2820 3841 2888 ἐμϐληθέντα
3880 2821 4009 2888 πυρὶ

2425 2915 2595 2967 σῶσαι
2630 2913 2874 2976 δύναται,
2901 2913 2959 2965 ὃν
2997 2913 3052 2964 δὲ
3098 2914 3126 2964 ὁ
3166 2911 3508 2978 Ἐλευθέριος
3559 2905 3712 2972 οὗτος
3768 2912 4009 2973 σέϐεται,

2424 3005 2516 3056 καὶ
2558 3004 2727 3072 πυρὸς
2754 3005 2915 3055 αὐτὸν
2939 3004 3180 3054 δείκνυσι
3211 3003 3302 3054 καὶ
3334 3004 3512 3073 πάσης
3545 3001 3708 3072 ἄλλης
3737 3003 4009 3065 κολάσεως

2429 3095 2775 3166 ἰσχυρότερον
2803 3111 2815 3159 ;

755 3204 810 3248 et
848 3193 1064 3247 conaris
1097 3203 1313 3243 movere
1341 3203 1425 3252 ea,
1461 3201 1576 3255 quae
1608 3192 1734 3239 sunt
1767 3185 2097 3240 immobilia?
2131 3186 2312 3252 idque,
2355 3203 2474 3240 cum
2547 3188 2800 3242 didiceris
2845 3189 3207 3258 experientia,
3250 3188 3390 3258 quod
3468 3187 3644 3242 nullus
3690 3189 3915 3257 quidem
3948 3203 4011 3244 ex

757 3286 862 3340 tuis
903 3285 1006 3338 diis
1045 3291 1219 3350 potest
1251 3280 1413 3333 ullum
1446 3294 1509 3331 ex
1546 3279 1631 3342 iis,
1663 3279 1754 3346 qui
1784 3279 1996 3342 adsunt,
2042 3278 2092 3330 in
2141 3277 2318 3346 ignem
2364 3281 2618 3346 injectum
2648 3279 2958 3334 servare.ls
2989 3290 3193 3346 autem,
3221 3296 3378 3350 quem
3442 3281 3571 3335 colit
3634 3280 4011 3349 Eleutherius,

757 3378 935 3433 reddit
964 3393 1084 3430 eum
1117 3384 1168 3428 et
1201 3375 1320 3443 igne
1363 3373 1719 3440 potentiorem
1751 3383 1805 3424 et
1839 3377 2028 3440 quovis
2063 3372 2164 3426 alio
2199 3373 2480 3443 supplicio.

829 3492 964 3546 Vlll.
1001 3492 1090 3544 His
1127 3491 1203 3544 sic
1235 3491 1334 3543 dici
1372 3504 1474 3542 nou
1509 3498 1702 3557 potest,
1731 3499 1929 3558 quanta
1965 3491 2040 3542 ira
2078 3501 2131 3544 et
2163 3491 2318 3544 dictis
2347 3501 2389 3558 ρ

757 3587 967 3640 insania
994 3586 1226 3651 repletus
1257 3581 1413 3634 fuerit
1447 3591 1724 3648 tyrannus.
1765 3581 1946 3634 Solent
1973 3583 2111 3635 enim
2139 3598 2321 3634 revera

756 3679 944 3731 valida:
1003 3677 1250 3727 amicitiae
1306 3674 1508 3724 validas
1565 3687 1774 3738 quoque
1827 3673 2075 3724 similiter
2136 3687 2323 3738 parere

758 3769 1094 3828 inimicitias.
1151 3765 1305 3820 Unde
1359 3767 1522 3818 etiam
1559 3765 1711 3832 jubet
1768 3764 2076 3832 prazfecluui
2136 3766 2321 3818 eodem

757 3862 934 3932 puniri
971 3861 1203 3922 clibano,
1237 3873 1341 3926 quo
1390 3859 1501 3924 ipse
1541 3857 1905 3919 consuluerat,
1935 3868 1990 3906 ut
2042 3858 2322 3924 puniretur

759 3952 1126 4007 Eleutlierius.
1174 3949 1304 4003 Cum
1358 3963 1486 4016 ergo
1542 3948 1652 4014 jam
1705 3958 2157 4016 appropinquaret
2209 3957 2322 3998 tor-

759 4055 961 4108 mcnto,
1011 4044 1114 4095 Ora
1177 4055 1274 4108 pro
1325 4054 1430 4103 me,
1487 4039 1739 4096 clamavit
1797 4040 2010 4095 Corebo
2073 4041 2319 4108 martyri,

758 4147 811 4189 et
845 4149 930 4190 me
963 4150 1109 4186 arma
1166 4133 1251 4186 his
1305 4135 1492 4196 armis,
1541 4148 1728 4200 nempe
1777 4134 1978 4188 Christi
2024 4134 2320 4199 signaculo,

758 4229 955 4296 quibus
985 4227 1171 4279 ducem
1203 4223 1476 4278 exercitus
1515 4225 1731 4279 munisti
1765 4222 2017 4278 Felicem.
2057 4224 2147 4278 Sic
2195 4240 2322 4293 ergo

759 4320 966 4373 Corebo
1017 4328 1254 4371 armatus
1299 4334 1327 4370 a
1381 4325 1642 4387 martyre,
1686 4327 1738 4371 et
1791 4319 2039 4385 protinus
2095 4316 2323 4383 injectus

760 4413 814 4465 in
845 4412 1136 4472 clibannm,
1174 4413 1286 4478 ipse
1320 4426 1535 4478 quoque
1581 4410 1776 4461 mansit
1823 4410 2072 4462 similiter
2103 4411 2168 4460 ab
2204 4409 2324 4476 igne

762 4519 866 4556 non
926 4511 1284 4570 expugnatus.
1342 4501 1614 4555 Adrianus
1670 4508 1849 4553 autent
1907 4500 1988 4552 his
2048 4500 2326 4552 tormentis

762 4591 1025 4658 defessus,
1060 4607 1182 4645 eum
1227 4591 1572 4657 cundeinnat,
1612 4603 1668 4645 ut
1703 4594 1749 4644 ei
1789 4598 1950 4660 caput
1998 4600 2323 4659 amputetur.

760 4685 826 4743 Et
862 4684 1133 4737 Coreboui
1187 4682 1402 4747 quidem
1450 4683 1529 4734 sic
1577 4683 1813 4738 succedit
1865 4683 1988 4737 finis
2029 4683 2270 4751 martyrii
2310 4699 2322 4734 :

759 4781 814 4824 et
871 4772 1023 4840 quia
1077 4770 1318 4826 niultisa
1380 4773 1574 4827 seculo
1611 4774 1984 4836 desideratur,
2037 4774 2121 4826 hic
2180 4775 2322 4826 brevi

763 4871 1001 4927 tempore
1049 4861 1360 4914 thesaurum
1416 4863 1661 4933 arripuit.
1716 4863 1968 4927 Ouzruam
2027 4879 2154 4914 vero
2205 4875 2326 4917 sUnt

758 4947 1070 5006 Eleutherio
1135 4963 1323 5019 p08lea
1401 4955 1732 5008 consecuta?
1809 4955 2047 5008 Primum
2109 4955 2328 5022 quidem

762 5041 876 5108 ipse
907 5041 956 5094 in
982 5043 1249 5095 clibanum
1276 5043 1620 5098 immittitur:
1650 5046 1843 5100 deinde
1868 5048 2028 5099 etiam
2055 5047 2325 5113 obeliscis,

763 5141 822 5185 ut
853 5133 1158 5196 videbatur,
1194 5136 1552 5205 transfigitur.
1589 5134 1654 5190 Et
1682 5139 1930 5192 clibanus
1960 5136 2176 5203 quidem
2209 5153 2328 5189 rur-

763 5237 881 5286 sus,
911 5225 1051 5277 sicut
1091 5227 1241 5294 prius
1290 5227 1651 5298 exstinguitur
1685 5247 1698 5282 :
1730 5239 2119 5283 convertuntur
2149 5238 2325 5282 autem

762 5316 1004 5380 protinus
1044 5318 1293 5384 cuspides
1329 5317 1712 5383 obeliscorum,
1762 5320 2157 5387 quodammodo
2199 5335 2317 5373 car-

762 5418 884 5457 nem
919 5405 1242 5458 houorantes
1270 5407 1540 5476 martyris,
1571 5420 1622 5460 et
1656 5410 1790 5480 ejus,
1818 5408 1905 5474 qui
1933 5407 2107 5472 punit,
2134 5407 2326 5458 animm

762 5503 1051 5561 arguentes
1079 5498 1376 5549 cmeitatem
1419 5514 1431 5550 :
1467 5500 1760 5566 quinetiam
1795 5497 1992 5548 multos
2020 5511 2085 5547 ex
2117 5496 2202 5556 iis,
2236 5495 2326 5561 qui

763 5586 1028 5650 astabant,
1067 5589 1398 5642 attrahentes
1433 5592 1498 5642 ad
1542 5587 1634 5640 Dei
1665 5588 2051 5657 cognitionem,
2091 5587 2179 5654 qui
2218 5589 2329 5641 tunc

762 5679 995 5735 faciebat
1034 5678 1297 5736 miracula
1338 5702 1352 5737 :

761 5787 858 5841 per
893 5772 1284 5828 Eleutlterium.

2500 3489 2579 3543 ΞΓ.
2613 3490 2836 3554 Τούτοις
2874 3492 2970 3544 οὐκ
3006 3491 3154 3545 ἔστιν
3205 3494 3378 3547 εἰπεῖν
3409 3493 3540 3564 ὅσης
3565 3493 3734 3564 ὀργῆς
3785 3494 3884 3547 καὶ
3915 3514 4012 3564 μα-

2427 3581 2543 3643 νίας
2571 3583 2814 3652 ἐπλήσθη
2847 3585 2873 3633 ὁ
2905 3585 3168 3652 τύραννος
3198 3602 3210 3614 °
3241 3587 3466 3637 εἰώθασι
3520 3589 3626 3655 γὰρ
3677 3589 3732 3640 αἱ
3795 3589 4013 3659 ἰσχυραὶ

2429 3673 2598 3739 φιλίαι
2636 3677 2860 3742 ἰσχυράς
2891 3675 3090 3744 ὁμοίως
3116 3676 3315 3746 ἔχθρας
3352 3680 3661 3746 ἀπογεννᾷν
3766 3679 3892 3731 ὅθεν
3928 3683 4014 3732 καὶ

2425 3767 2574 3836 αὑτῴ
2599 3767 2770 3836 τούτῳ
2799 3768 3008 3820 κελεύει
3065 3770 3142 3839 τῷ
3181 3770 3420 3838 κλιϐάνῳ
3471 3771 3864 3838 τιμωρηθῆναι
3925 3774 4014 3824 τὸν

2426 3860 2686 3927 ἔπαρχον,
2725 3854 2880 3927 ᾧπερ
2939 3859 3101 3921 αὐτὸς
3155 3861 3488 3929 κολασθῆναι
3538 3862 3627 3912 τὸν
3673 3862 4010 3932 Ἐλευθέριον

2426 3947 2829 3998 συνεϐούλευεν.
2868 3946 2954 4010 Ὠς
2979 3947 3033 3998 δὲ
3067 3950 3129 4017 τῇ
3168 3947 3384 4020 βασάνῳ
3426 3953 3824 4019 προσήγγισεν,
3849 3951 4011 4018 Εῦξαι

2427 4038 2563 4107 ὑπὲρ
2592 4037 2748 4108 ἐμοῦ,
2773 4037 2800 4088 ὁ
2834 4039 3101 4108 Κορέμων
3138 4042 3215 4111 τῷ
3241 4043 3479 4112 μάρτυρι
3505 4045 3794 4113 ἐπεϐόησε,
3827 4050 3925 4099 καὶ
3952 4052 4010 4117 τῇ

2424 4131 2517 4181 τοῦ
2559 4129 2798 4196 Χριστοῦ
2862 4147 2930 4198 με
2991 4132 3247 4199 σφραγῖδι
3303 4133 3647 4196 καθόπλισον,
3705 4131 3874 4206 ᾖκαὶ
3929 4141 4013 4189 τὸν

2430 4219 2808 4288 στρατηλάτην
2869 4221 3278 4292 περιετύχησας
3336 4222 3564 4293 Φιληκα.
3625 4225 3819 4291 Οὕτως
3863 4225 4012 4280 οὖνὸ

2429 4311 2692 4381 Κορέμων
2725 4311 2830 4363 ὑπὸ
2880 4311 2972 4364 τοῦ
3011 4313 3290 4383 μάρτυρος
3341 4314 3637 4380 ὁπλισοεὶς,
3682 4318 3888 4386 καὶτῷ
3919 4319 4011 4386 («pg

2427 4404 2577 4472 γάνῳ
2609 4402 2850 4472 βληθεὶς,
2886 4382 3160 4464 ἀνάλωτος
3189 4382 3324 4472 πυρὶ
3361 4405 3452 4457 καὶ
3484 4407 3644 4468 αὐτὸς
3667 4401 3756 4476 ἧν.
3803 4382 4013 4478 ἈἰδρειιΣ

2428 4496 2513 4556 νὸς
2545 4497 2600 4547 δὲ
2631 4494 2697 4545 τά
2732 4493 2836 4545 τῶν
2874 4493 3126 4562 βασάνων
3164 4497 3504 4566 ἀπειρηκὼς,
3535 4495 3676 4566 ξίφει
3711 4501 3814 4568 τὴν
3845 4518 4013 4569 κεφα-

2388 4583 2523 4652 .λὴν
2555 4583 2718 4634 αὐτου
2773 4584 3118 4653 ἐκτμηθῆναι
3159 4585 3390 4639 κελεύει.
3447 4589 3556 4639 Καὶ
3605 4589 3881 4658 Κορέμων
3917 4593 4010 4660 μὲν

2429 4671 2583 4737 οὗτος
2617 4668 2694 4727 ἐν’
2731 4675 2921 4744 βραχεῖ
2980 4676 3070 4728 τὸν
3103 4676 3314 4738 πολλοῖς
3347 4678 3405 4742 ἐξ
3447 4678 3639 4740 αἰῶνος
3671 4681 4009 4749 ποθουμενον

2427 4769 2644 4836 ἥρπασε
2704 4768 2999 4837 Θησαυρόν.
3064 4765 3144 4819 Τὰ
3197 4767 3250 4820 δὲ
3285 4770 3424 4838 μετὰ
3482 4769 3656 4824 ταῦτα
3706 4773 3873 4840 τίνας
3911 4779 4010 4827 Και

2365 4870 2404 4922 ο
2449 4857 2781 4924 Ἐλευθέριος
2814 4858 2891 4926 τῷ
2919 4857 3158 4927 κλιϐάνῳ
3190 4861 3539 4928 ἐμϐάλλεται,
3569 4864 3800 4926 καὶτοῖς
3832 4866 4003 4916 ὀδελῐ·

2432 4963 2581 5008 σκοις
2640 4965 2697 4999 τε
2729 4950 2787 5000 τδ
2826 4948 3003 5002 δοκεῖν
3033 4953 3416 5021 περιπείρεται
3439 4969 3452 4982 °
3515 4954 3630 5005 ἀλλ’
3655 4955 3820 5020 εὐθὺς
3852 4959 3880 5010 ὁ
3917 4958 4010 5027 μὲν

2430 5039 2681 5102 κλίϐανος
2716 5041 3021 5105 σϐέννυται,
3057 5045 3379 5113 στρέφονται
3407 5044 3462 5098 δὲ
3507 5048 3594 5099 καὶ
3619 5049 3674 5099 αἱ
3704 5048 3813 5100 τῶν
3842 5049 4010 5101 6651i-

2430 5148 2576 5182 σκων
2634 5133 2830 5200 ἁκμαὶ,
2866 5135 3101 5203 τιμῶσαι
3160 5135 3348 5206 ὥσπερ
3385 5141 3592 5208 σάρκας
3637 5144 4006 5210 μαρτυρικὰς,

2429 5222 2521 5275 καὶ
2560 5223 2738 5294 ψυχῆς
2794 5226 3066 5294 τύφλωσιν
3133 5228 3457 5299 ἐλέγχουσαι
3514 5228 3608 5283 τοῦ
3667 5232 4007 5300 κολάζοντος,

2429 5315 2563 5368 ἀλλὰ
2611 5320 2704 5369 καὶ
2750 5319 2977 5382 πολλοὺς
3005 5322 3114 5373 τῶν
3149 5323 3518 5389 παρεστώτων
3574 5325 3652 5384 εἰς
3709 5325 4005 5390 ἐπίγνωσιν

2435 5409 2568 5461 Θεοῦ
2601 5411 2693 5463 τοῦ
2731 5412 2902 5464 ταῦτα
2931 5414 3471 5483 Θαυματουργοῦντος
3502 5416 3779 5474 ἕλκουσαι.
3815 5418 3865 5469 οἳ
3900 5421 3998 5481 nt-

2435 5501 2621 5568 Μέγας
2645 5503 2672 5553 ὁ
2694 5503 2822 5565 Θεὸς
2853 5505 2961 5555 τῶν
2995 5507 3354 5574 Χριστιανῶν,
3377 5507 3563 5572 ἐὸὁων,
3597 5508 3623 5558 ὸ
3651 5507 3716 5563 δι’
3765 5508 4000 5560 Ἐλευθε-

2439 5596 2553 5660 ρίου
2596 5597 2726 5662 ἡμῖν
2757 5597 3181 5665 κηρυττόμενος.

1405 5686 1497 5752 qui
1549 5685 1735 5748 etiam,
1815 5682 2042 5752 Magnus
2098 5696 2182 5736 est
2235 5682 2374 5740 Deus
2443 5687 2896 5755 Christianorum,
2944 5693 3271 5757 clamabant,
3316 5696 3404 5762 qui
3469 5694 3622 5748 nobis
3687 5696 4006 5763 prmdicatur
