4180 6478
168 422 262 492 137
1386 428 1559 488 Vl’l‘A
1597 427 1656 486 S.
1701 426 2216 490 ELEUTHERlI.

228 533 303 588 ϐ’.
335 529 504 596 Αὖθις
536 528 634 587 οὖν
661 534 862 606 ἀπορία
892 534 983 587 καὶ
1021 535 1162 604 λύπη
1220 536 1491 606 λαμϐάνει
1525 537 1615 590 τὸν
1655 536 1751 591 τύ·
1783 544 1826 599 Α

164 641 370 696 ραννον,
406 622 504 677 καῖ
536 625 661 678 τότε
711 626 809 695 μὲν
834 628 898 696 τῇ
930 630 1140 696 φρουρᾷ
1168 632 1257 680 τὸν
1311 629 1567 698 μάρτυρα
1593 628 1750 682 δίδω-

163 735 262 780 σιν,
320 715 560 786 ὕστερον
602 718 659 771 δὲ
713 716 780 770 δι’
810 718 940 787 ὅλης
979 719 1194 790 ἡμέρας
1253 721 1584 791 σκεψαμένῳ
1616 720 1756 791 μετὰ

157 811 261 864 τῶν
300 810 394 862 ὑπ’
433 809 634 876 αὑτοῦ,
697 809 798 863 ποῦ
831 812 927 864 καὶ
974 811 1124 875 ὅπως
1170 813 1509 884 Ἐλευθέριος
1540 814 1755 887 ὑπόσχῃ

159 903 249 971 τὴν
274 902 581 972 τιμωρίαν,
617 903 782 968 ἔδοξε.
815 903 993 966 Τόπος
1019 904 1119 973 μὲν
1154 907 1180 972 ἡ
1214 906 1444 975 φρουρὰ,
1472 906 1673 975 τρόπος
1696 905 1756 958 δὲ

157 996 426 1056 οἶκτιστος
467 996 498 1048 6
559 994 650 1048 διὰ
704 993 888 1065 λιμοῦ.
941 995 1152 1065 Σνχνὰς
1210 993 1305 1050 οὖν
1337 999 1552 1066 ἡμέρας
1605 1001 1663 1051 ὲν
1685 999 1752 1069 τῇ

156 1087 342 1157 ειρκτῇ
375 1087 727 1140 ἑπυκτεύετο
756 1086 833 1156 τῷ
859 1087 1005 1158 λιμῷ
1031 1105 1045 1119 ο
1072 1088 1187 1142 ἀλλ’
1219 1092 1246 1142 ὁ
1269 1087 1345 1160 τῷ
1376 1090 1576 1160 Δανιὴλ
1600 1105 1751 1156 ποτε,

157 1180 245 1230 καὶ
271 1177 349 1247 τῷ
383 1178 554 1250 Ἠλίᾳ
580 1180 726 1250 μετὰ
756 1180 953 1241 ταῦτα,
985 1181 1194 1252 τροφὴν
1244 1182 1333 1234 διὰ
1386 1183 1593 1252 πτηνοῦ
1623 1200 1754 1253 χορν

158 1269 389 1336 ηγήσας,
418 1271 518 1322 καὶ
541 1269 736 1322 τοῦτον
761 1270 950 1340 τρέφει
971 1270 1057 1323 διὰ
1085 1275 1434 1341 περιστερᾶς.
1469 1273 1576 1326 Καὶ
1596 1275 1624 1325 ό
1656 1272 1754 1343 μὲν

159 1362 480 1427 εὐχαρίστει
506 1358 656 1429 Θεῷ,
687 1360 768 1411 ὃτι
803 1361 907 1410 τῶν
937 1360 1067 1412 ἰσων
1100 1362 1210 1422 τοῖς
1259 1362 1518 1430 μεγάλοις
1545 1359 1754 1423 τούτοες

152 1446 374 1516 ἠξίωται
401 1463 413 1476 ·
447 1450 479 1500 ό
510 1450 574 1503 δὲ
607 1448 872 1520 τύραννος
900 1451 1188 1519 ὲμεμήνει,
1211 1451 1288 1517 ὠς
1316 1451 1574 1514 ἀσθενοῦς
1606 1451 1755 1521 αὐτῷ

155 1540 516 1618 ἐλεγχθέντος
563 1541 662 1595 τοῦ
732 1545 1161 1613 μηχανήματος·
1223 1544 1345 1596 ὅθεν
1404 1549 1495 1601 καὶ
1556 1545 1756 1608 ἵππους

152 1633 381 1703 ἀγρίους
415 1635 531 1687 ὑπὸ
561 1634 733 1702 ζυγὸν
769 1635 984 1688 κελεύει
1014 1634 1238 1702 δεθῆναι
1273 1638 1364 1687 καὶ
1393 1636 1483 1687 τὸν
1512 1636 1758 1690 Ἐλευθέ-

162 1741 293 1794 ριον,
322 1726 415 1778 ἵνα
443 1727 563 1779 τῶν
585 1727 769 1779 ἵππων
789 1727 1013 1795 ἀμαθῶν
1037 1728 1208 1778 ὄντων
1227 1727 1393 1793 ζυγοῦ
1416 1728 1507 1780 καὶ
1524 1729 1752 1797 ἀγρίων,

159 1816 234 1884 τῷ
259 1818 436 1886 ῥοίζῳ
477 1834 539 1869 τε
574 1817 673 1869 τοῦ
710 1816 950 1886 ἅρματος
1003 1818 1140 1880 ἄγαν
1183 1818 1634 1887 ἐκταραχθέντων
1662 1820 1754 1871 καὶ

3329 432 3428 494 138

1930 536 2020 591 ΙΧ.
2079 535 2292 590 Rursus
2345 550 2473 606 ergo
2507 543 2560 591 et
2599 535 2862 591 haesitatio
2913 546 2966 590 et
3017 554 3240 612 magnus
3276 545 3429 600 dolor

1866 630 2079 685 invadit
2148 639 2454 700 tyrannum.
2526 627 2594 682 Et
2660 638 2782 683 tunc
2843 630 3059 698 quidem
3141 645 3430 706 martyrem

1861 723 2034 776 tradit
2075 722 2125 776 in
2172 718 2474 775 custodiam
2509 736 2522 772 :
2567 731 2755 788 postea
2798 730 2977 776 autem
3011 723 3240 782 eximios
3268 730 3434 784 exiis

1856 811 1947 882 qui
1998 810 2046 865 ei
2111 810 2394 881 parebant,
2451 821 2778 866 convocatos
2834 822 3127 884 congregat
3157 833 3171 869 :
3202 826 3256 871 et
3307 834 3432 880 eum

1859 914 1971 959 toto
1999 904 2089 959 die
2120 903 2496 969 deliberasset,
2521 902 2609 957 ubi
2645 914 2702 957 et
2730 918 2964 972 quonam
2995 908 3151 962 modo
3180 908 3436 966 Eleuthe-

1859 997 1973 1052 rius
2045 997 2254 1052 subiret
2326 996 2700 1066 supplicium,
2763 996 2910 1051 visus
2989 1008 3074 1054 est
3157 1001 3206 1055 ei
3285 1000 3434 1056 locus

1858 1089 2075 1160 quidem
2111 1104 2298 1144 career
2341 1104 2358 1142 :
2419 1089 2614 1144 modus
2666 1103 2798 1144 vero
2853 1089 3090 1146 maxime
3141 1094 3430 1148 tuiserabio

1858 1180 1946 1248 lis,
1980 1196 2172 1251 nempe
2229 1195 2328 1249 per
2383 1180 2601 1236 famem.
2667 1179 2735 1236 Et
2801 1193 3085 1252 postquam
3141 1183 3254 1239 haec
3319 1189 3434 1240 visa

1857 1283 2005 1349 sunt,
2067 1273 2266 1329 multos
2317 1273 2530 1340 quidem
2580 1272 2694 1327 dies
2743 1273 2798 1327 in
2855 1289 3079 1333 carcere
3140 1276 3438 1331 decertavit

1858 1377 1980 1416 cum
2061 1362 2222 1416 fame.
2297 1361 2401 1416 Sed
2459 1359 2550 1431 qui
2616 1360 2743 1414 olim
2820 1361 3026 1417 Danieli
3068 1362 3089 1394 ⁸
3138 1375 3191 1416 et
3248 1363 3381 1421 Elite
3415 1366 3436 1395 ’

1860 1472 1953 1523 per
2003 1457 2273 1512 volucrem
2331 1456 2645 1512 alimentum
2709 1456 3091 1527 suppeditavit,
3130 1471 3252 1512 eum
3300 1474 3436 1528 quo—-

1860 1563 1963 1617 que
1997 1549 2092 1601 alit
2126 1564 2219 1616 per
2251 1549 2580 1614 columbam,
2616 1557 2670 1603 et
2709 1546 2825 1616 ejus
2856 1547 3089 1600 animam
3120 1546 3307 1616 implet
3343 1550 3438 1601 bo-

1863 1640 1965 1692 nis.
2027 1639 2093 1691 Et
2159 1638 2247 1691 ille
2312 1639 2527 1707 quidem
2585 1638 2778 1709 agebat
2846 1636 3082 1706 gratias,
3142 1638 3282 1705 quod
3352 1637 3438 1693 his

1862 1731 2073 1798 magnis
2114 1730 2268 1784 bonis
2300 1731 2372 1783 sit
2422 1730 2618 1800 dignus
2672 1729 2889 1784 habitus
2919 1747 2932 1782 :
2966 1737 3232 1799 tyrannus
3259 1740 3439 1784 autem

1863 1825 2187 1888 insaniebat,
2216 1835 2270 1879 et
2303 1825 2443 1894 quod
2479 1835 2759 1879 ostensum
2790 1832 2937 1880 esset
2981 1825 3437 1879 machinationem

161 1907 510 1978 πλημμελῶς
546 1909 889 1978 φερομένων,
919 1912 943 1960 ι
968 1909 1178 1979 μάρτυς
1204 1909 1438 1979 πέτραις
1457 1911 1550 1962 καὶ
1580 1908 1756 1974 ἄλλοις

1863 1914 2028 1971 fuisse
2063 1916 2409 1983 imbecillam,
2433 1914 2766 1970 eﬂerabatur
2803 1935 2817 1972 :
2854 1926 2907 1970 et
2939 1915 3061 1970 ideo
3091 1931 3262 1985 equos
3292 1915 3440 1972 feros

160 2001 713 2071 προσαρασσόμενος,
743 2003 842 2063 τὰς
873 2001 1080 2071 σάρκας
1101 2001 1437 2072 διασπασθῇ,
1473 2002 1566 2055 καὶ
1597 2003 1758 2072 μελη-

155 2093 238 2145 δὸν
269 2094 625 2154 κατακοπεὶς
673 2092 957 2162 ἀπορρήξῃ
1004 2094 1101 2162 τὴν
1151 2095 1349 2163 ψυχήν.
1400 2094 1541 2145 Ἀλλ’
1569 2094 1756 2164 ὥσπερ

1862 2016 1914 2060 et
1947 2005 2169 2059 minime
2203 2018 2535 2067 mansuetos,
2569 2006 2650 2059 eis
2680 2005 2839 2075 longe
2874 2005 3091 2069 saevior,
3121 2004 3277 2073 jubet
3309 2005 3440 2074 jugo

1861 2099 2090 2168 alligari,
2123 2109 2175 2153 et
2216 2097 2295 2152 eis
2326 2099 2489 2151 etiam
2527 2096 2734 2164 alligari
2773 2096 3147 2151 Eleutherium
3182 2113 3195 2150 :
3229 2106 3285 2149 ut
3316 2111 3437 2150 eum

148 2186 353 2248 ἐκεῖνος
406 2186 516 2237 οὐκ
577 2185 784 2253 ἔκαμνε
817 2184 884 2236 τα
946 2185 1080 2254 πρὸς
1131 2185 1434 2254 διαφθορὰν
1488 2186 1751 2256 ἐνεργῶν,

146 2279 318 2341 οὕτως
368 2279 502 2332 οὐδὲ
544 2278 782 2348 Χριστὸς
833 2278 899 2328 τὰ
936 2277 1070 2346 πρὸς
1120 2278 1396 2347 σωτηρίαν
1419 2278 1751 2347 οἰκονομῶνο

147 2368 379 2436 ἄγγελος
437 2369 559 2437 γὰρ
594 2367 653 2432 ἐξ
701 2367 932 2436 οὐρανοῦ
969 2365 1218 2428 ἐπιστὰς,
1247 2369 1370 2428 τοὺς
1400 2367 1627 2437 ἀγρίους
1662 2367 1755 2419 ἴπ-

146 2477 275 2522 πους
311 2459 574 2520 ἐκείνους
606 2458 848 2526 ἡμέρους
881 2457 1035 2524 ἄφνω
1064 2456 1260 2521 ἐποίει,
1299 2463 1394 2510 καὶ
1429 2459 1522 2510 τὸν
1568 2458 1756 2509 Ἑλευ-

145 2551 324 2620 θέριον
347 2551 558 2616 λύσας,
597 2549 908 2612 ἐπιδιδάξει
932 2548 1007 2618 τῷ
1041 2550 1271 2618 ἅρματι,
1303 2550 1400 2601 καὶ
1438 2551 1575 2620 πρὸς
1606 2550 1665 2604 τὸ
1691 2552 1755 2622 τῇ

143 2645 293 2696 πόλει
358 2642 654 2710 γειτονοῦν
688 2642 811 2710 ὄρος
864 2641 990 2702 τοὺς
1041 2641 1241 2704 ἵππους
1282 2641 1489 2706 ίθύνας,
1527 2642 1757 2706 ἀλύπως

146 2735 236 2785 καὶ
289 2732 526 2801 ὁμαλῶς
583 2730 829 2782 ἀνελθεῖν
877 2731 968 2781 τὸν
1030 2729 1284 2799 μάρτυρι
1337 2731 1751 2802 παρεσκεύασε.

146 2827 516 2894 Προσγίνεται
539 2821 598 2874 δὲ
632 2823 805 2892 τούτῳ
832 2823 926 2874 καὶ
961 2821 1149 2892 ἕτερόν
1179 2840 1231 2874 τι
1266 2823 1370 2874 τῶν
1405 2822 1753 2891 παραδόξων.

157 2917 242 2970 ’ί-ἶν
271 2917 352 2986 τῷ
388 2915 516 2983 ὄρει
557 2915 670 2986 γὰρ
717 2915 1009 2984 γενομένου
1057 2914 1151 2967 τοῦ
1190 2915 1492 2984 μάρτυρος,
1531 2917 1626 2966 καὶ
1666 2917 1758 2968 τὸν

143 3010 272 3062 Θεὸν
306 3008 576 3078 συνήθως
604 3007 904 3072 αἱνοῦντος,
938 3007 1132 3076 ἄρκτοι
1165 3007 1259 3060 καὶ
1299 3007 1536 3069 λέοντες,
1573 3009 1671 3059 καὶ
1704 3006 1760 3060 εί

144 3118 191 3152 τι
228 3101 361 3153 ἄλλο
413 3099 535 3150 τῶν
593 3098 885 3166 ἀνημέρων
938 3097 1146 3165 θηρίων
1204 3098 1622 3167 προσελθόντες,
1662 3118 1756 3152 κυ-

142 3189 326 3242 κλοῦσί
361 3205 426 3241 τε
453 3187 555 3239 τὸν
576 3185 672 3238 τοῦ
704 3185 838 3238 Θεοῦ
872 3186 1058 3239 δοῦλον
1085 3187 1176 3239 καὶ
1213 3188 1621 3256 περισαίνουσι,
1662 3191 1757 3243 καὶ

140 3275 221 3336 οἶα
251 3282 357 3352 τῆς
390 3281 623 3335 ἐκείνου
654 3279 900 3333 συνιέντα
936 3279 1140 3350 φωνῆς,
1170 3281 1516 3347 συνευλογείν
1553 3300 1613 3334 τε
1660 3286 1754 3339 καὶ

140 3377 479 3442 προσκυνεῖν
512 3372 797 3444 ὥρμηντο,
827 3373 918 3424 καὶ
952 3371 1108 3424 τοῦτο
1140 3372 1330 3442 ἐδήλου
1380 3376 1444 3444 τῇ
1500 3390 1557 3425 τε
1611 3375 1750 3444 πρὸς

137 3468 240 3539 γῆν
278 3470 498 3533 νεύσει,
533 3468 630 3520 καὶ
683 3468 746 3536 τῇ
777 3465 911 3532 πρὸς
945 3466 1082 3535 ἀέρα
1132 3466 1239 3517 τῶν
1279 3464 1454 3518 ποδῶν
1487 3466 1748 3537 ὲπάρσει,

1860 3477 2068 3535 martyr
2100 3467 2421 3518 ascenderet
2455 3464 2653 3516 leniter
2691 3471 2743 3516 et
2774 3462 3006 3530 placide.
3037 3464 3095 3516 Ei
3131 3481 3258 3518 vero
3293 3467 3439 3520 aliud

135 3565 228 3616 καὶ
255 3565 323 3632 τῇ
360 3561 510 3631 ἄλλῃ
547 3556 879 3609 διατυπώσει
913 3554 1008 3607 τοῦ
1038 3555 1313 3625 σώματος.

1860 3574 2072 3632 quoque
2123 3553 2332 3609 accedit
2392 3554 2709 3608 admirabile
2751 3564 2803 3607 et
2856 3565 3046 3609 centra
3103 3559 3437 3626 Opinionem.

135 3658 265 3712 Nam
298 3673 430 3712 cum
462 3653 634 3709 sicin
665 3661 895 3705 montem
932 3652 1167 3706 venisset
1202 3659 1426 3720 martyr,
1493 3663 1548 3706 et
1626 3657 1824 3716 deinde
1865 3655 2129 3715 rationale
2214 3650 2560 3713 sacrificium,
2637 3660 2950 3718 conSuetam
3024 3653 3129 3704 Deo
3202 3654 3436 3719 laudent,

134 3749 513 3810 sacriﬁcaret,
555 3756 675 3814 qum
709 3745 937 3801 aderant
984 3745 1260 3811 animalia,
1295 3747 1405 3800 ursi
1437 3755 1494 3802 et
1554 3745 1770 3822 leones,
1814 3762 1868 3806 et
1909 3752 1952 3805 si
1992 3764 2110 3817 qum
2156 3758 2312 3798 erant
2358 3745 2475 3797 alia:
2543 3744 2692 3807 ferae,
2740 3747 3062 3804 accedentes
3099 3747 3443 3806 circumdant

135 3847 222 3902 Dei
266 3845 580 3905 famulum,
621 3851 676 3893 et
711 3842 758 3896 ci
799 3841 1148 3896 blandiuntur
1187 3861 1198 3896 :
1239 3854 1295 3897 et
1344 3845 1604 3914 tanqnan’l
1678 3847 1824 3904 illius
1867 3861 2051 3903 vocem
2100 3842 2489 3912 intelligentes,
2524 3837 2842 3892 benedicere
2877 3853 3161 3907 coeperunt
3204 3851 3256 3894 et
3304 3842 3440 3894 adu.

133 3958 279 4007 rare,
315 3954 372 3995 et
414 3944 526 3995 hoc
580 3939 979 4005 signiﬁcabant,
1047 3941 1188 4008 quod
1261 3950 1317 3992 et
1364 3939 1416 3992 in
1470 3951 1676 3998 terram
1736 3953 2070 4006 annuerent,
2144 3951 2200 3994 et
2234 3953 2422 3993 rursus
2453 3937 2504 3990 in
2537 3949 2714 3989 aerem
2751 3932 2973 4004 pedibus
3005 3933 3350 4001 ederrcntur,
3384 3944 3440 3989 et

130 4037 247 4090 aliis
277 4038 454 4090 etiam
489 4034 740 4099 gestibus
765 4033 1033 4097 corporis.

196 4134 254 4187 ι’,
303 4127 480 4184 Ἀλλὰ
525 4125 598 4176 τὰ
660 4125 758 4192 μὲν
795 4124 962 4193 θηρία
1012 4125 1154 4180 οὓτω
1200 4129 1301 4198 τὴν
1338 4129 1559 4199 χορείαν
1586 4128 1754 4200 ὲπλὴο

132 4243 276 4292 ρουν,
301 4222 522 4289 ὥσπερ
579 4215 905 4288 χορολέκτου
943 4220 1036 4268 καὶ
1081 4223 1480 4287 πρωτοστάτου
1519 4223 1755 4292 τυχόντα.

129 4315 218 4368 τοῦ
271 4315 616 4385 μάρτυρος·
687 4306 963 4378 Ἀδριανὸς
1016 4305 1071 4358 δὲ
1107 4309 1207 4379 οὐχ
1260 4310 1343 4360 ὅτι
1382 4311 1596 4375 τούτου,
1638 4313 1754 4363 ἀλλ’

1860 4322 2072 4368 canere,
2104 4321 2181 4358 ea:
2215 4317 2430 4372 quoque
2471 4304 2726 4355 choreum
2758 4301 3041 4368 implentes
3071 4303 3432 4355 circumsilie-

127 4408 246 4459 οὐδὲ
317 4406 439 4458 τῶν
496 4399 711 4472 θηρίων
769 4398 951 4453 αὐτῶν
1010 4399 1190 4470 ᾐδεῖτο
1237 4401 1340 4471 τὴν
1373 4399 1624 4453 σύνεσινο
1674 4404 1754 4464 είς

1860 4401 1987 4453 baut
2036 4406 2087 4450 et
2131 4395 2285 4464 quasi
2336 4393 2753 4462 respondebant,
2792 4400 2846 4443 et
2882 4392 3216 4460 magistrum,
3252 4395 3432 4462 quoad

126 4499 295 4569 ἀκοὴν
348 4494 470 4566 γὰρ
531 4493 761 4546 ἐκείνων
803 4493 994 4556 ἐλθὼν,
1067 4495 1353 4564 Ἀδριανὸς
1405 4491 1474 4566 ἦν
1513 4494 1746 4558 ὁαὺτδς.

1860 4489 1973 4559 ejus
1995 4489 2109 4543 ﬁeri
2129 4495 2359 4558 poterat,
2377 4487 2748 4556 sequebantur
2781 4483 3195 4537 admirabiliter.
3241 4486 3430 4540 Adria-

129 4588 311 4659 πολλῷ
372 4589 478 4640 καὶ
537 4584 752 4653 Θηρίων
801 4586 897 4636 καὶ
957 4585 1094 4635 ὄνων
1150 4585 1511 4655 ἀνοητότερός
1561 4605 1618 4641 τε
1655 4590 1748 4642 καὶ

1860 4597 1959 4636 nus
1987 4593 2289 4636 autemnon
2316 4579 2490 4632 solum
2535 4578 2812 4644 martyris.
2848 4576 2940 4628 sed
2962 4593 3028 4627 ne
3048 4577 3283 4644 ipsarum
3312 4580 3432 4648 qni-

126 4682 482 4751 ἁγριώτερος
509 4692 523 4705 ’
563 4675 627 4726 οὐ
677 4675 837 4742 μόνον
871 4673 977 4745 γὰρ
1032 4673 1263 4743 βελτίων
1322 4676 1476 4729 οὐδὲν
1516 4679 1624 4728 ἀπὸ
1658 4678 1750 4730 τοῦ

1860 4678 1976 4730 dem
2013 4673 2248 4727 ferarum
2285 4669 2631 4722 reverebatur
2662 4666 3070 4734 intelligentiam
3118 4684 3130 4718 :
3166 4669 3258 4721 sed
3306 4685 3426 4723 cum

127 4775 416 4843 Θαύμαντος
488 4768 747 4837 γέγονεν,
781 4767 917 4820 ἀλλὰ
967 4768 1060 4820 καὶ
1115 4765 1466 4838 στρατιώτας
1499 4769 1752 4839 ξιφήρεις

1860 4772 1919 4818 ad
1975 4765 2096 4818 illas
2147 4761 2378 4814 venisset
2428 4758 2753 4822 audiendas,
2804 4770 2921 4813 erat
2972 4758 3113 4814 idem
3161 4761 3429 4816 Adrianus

124 4869 369 4938 ἔπεμπε,
404 4863 618 4918 θᾶττον
655 4859 1092 4930 συλληψομένους
1143 4861 1236 4912 τὸν
1289 4860 1652 4931 Ἐλευθέριον,
1683 4859 1751 4912 τὰ

1860 4857 2038 4911 multis
2071 4855 2231 4909 etiam
2272 4853 2402 4908 feris
2448 4862 2500 4907 et
2550 4852 2720 4906 asinis
2767 4851 3110 4920 insipientior
3138 4863 3192 4907 et
3237 4853 3430 4908 edera-

124 4962 176 5013 δὲ
203 4960 406 5027 θηρία,
447 4956 531 5013 ὡς
577 4954 646 5006 ἂν
686 4953 927 5020 ἀκριϐῶς
958 4953 1150 5016 εἰδότα,
1182 4955 1280 5006 καὶ
1335 4953 1520 5019 φίλους
1546 4955 1751 5024 κρίνειν

1860 4954 1979 5006 tior.
2021 4949 2170 5003 Multi
2227 4949 2395 5011 enim,
2438 4945 2632 5013 quibus
2684 4960 2830 4997 cura:
2875 4953 2992 4996 erat
3033 4946 3266 5008 venatio,
3305 4961 3431 4998 cum

123 5049 213 5104 τοῦ
245 5046 478 5103 ἑαυτῶν
512 5042 785 5096 δεσπότου
817 5042 914 5094 καὶ
947 5042 1267 5113 πολεμίους,
1300 5040 1378 5104 ὡς
1416 5043 1576 5112 μόνον
1608 5042 1746 5098 εἶδον

1860 5046 1968 5099 haec
2003 5044 2118 5098 suis
2149 5044 2406 5094 vidissent
2434 5034 2629 5103 oculis,
2663 5035 3046 5090 renuntiarunt
3107 5036 3417 5106 imperatori

121 5145 245 5204 τοὺς
281 5135 678 5212 στρατιώτας,
715 5135 922 5204 ταχέως
975 5134 1259 5205 ἐφέροντο,
1307 5133 1405 5185 καὶ
1452 5132 1648 5203 μικροῦ
1683 5134 1748 5187 ἂν

1860 5137 1944 5190 sed
1979 5135 2067 5188 ille
2093 5141 2232 5199 erat,
2271 5141 2327 5185 ut
2359 5141 2441 5184 est
2473 5131 2527 5184 in
2563 5131 2868 5198 proverbio,
2901 5129 3084 5182 asinus
3126 5132 3191 5183 ad
3224 5129 3420 5198 lyram.

125 5237 209 5286 καὶ
241 5230 644 5285 διεσπάσαντο
672 5225 892 5298 τούτους
920 5225 1114 5295 κέρασι
1148 5225 1244 5278 καὶ
1277 5222 1518 5287 ὀδοῦσιν,
1550 5225 1598 5274 εί
1623 5223 1697 5292 μὴ
1719 5224 1748 5276 ὀ

1860 5227 1970 5282 Νοη
2000 5226 2175 5281 solum
2207 5225 2350 5278 enim
2383 5221 2650 5278 miraculo
2695 5221 2830 5274 nihil
2873 5221 3047 5276 evasit
3087 5220 3300 5285 melior,
3331 5212 3430 5275 sed

125 5329 337 5399 μάρτυς
402 5324 529 5383 τοῖς
570 5318 672 5387 μὲν
704 5316 778 5378 ὡς
830 5317 956 5386 περί
1012 5327 1138 5370 *τινα
1205 5315 1435 5386 χαλινὸν
1467 5315 1556 5368 τὸν
1592 5314 1748 5382 λόγον

1860 5318 2018 5374 etiam
2070 5326 2315 5371 armatos
2354 5317 2538 5370 emisit
2577 5314 2802 5377 milites,
2834 5328 2956 5365 mox
3009 5311 3426 5381 οοιιιρτοὴοηευυ

121 5419 411 5489 ἐμϐαλὼν,
445 5413 584 5469 ὅθεν
614 5408 774 5482 ἦλθον
808 5410 1087 5463 ἐπανιέναι
1120 5410 1492 5479 προσέταττε,
1543 5409 1653 5469 τοῖς
1686 5407 1742 5460 δὲ

1860 5426 1945 5466 ros
1993 5410 2386 5467 Eleutherium.
2424 5406 2575 5462 Fere
2626 5419 2810 5460 autem
2870 5418 2973 5458 non
3025 5405 3426 5460 conservabant

125 5511 509 5584 στρατιώταις
558 5505 729 5567 λύσας
780 5505 869 5558 τὸν
896 5501 1081 5571 φόϐον,
1115 5503 1217 5556 καὶ
1255 5503 1363 5571 τὴν
1399 5498 1517 5564 μεθ’
1560 5499 1740 5553 ὅπλων

1860 5517 2039 5573 parem
2074 5503 2126 5557 in
2162 5501 2282 5556 illos
2323 5499 2723 5555 observantiam
2759 5515 2773 5551 :
2808 5498 2899 5551 sed
2929 5505 2986 5550 ut
3014 5511 3132 5565 qua:
3177 5503 3430 5549 accurate

123 5606 340 5659 ιλευσιν
374 5599 690 5656 ὀνειδίσας.
727 5596 800 5646 Οὐ
827 5596 935 5665 γὰρ
955 5595 1045 5646 ἐπί
1067 5611 1211 5657 τινα,
1249 5594 1450 5663 φησὶν,
1477 5588 1742 5662 ἀνδροφο-

1860 5598 2058 5650 scirent
2089 5596 2172 5650 sui
2215 5594 2420 5650 domini
2460 5594 2772 5650 discernere
2818 5589 3021 5645 amicos
3052 5595 3105 5641 et
3146 5587 3423 5648 inimicos,

125 5715 207 5753 νον
235 5696 270 5759 ἢ
304 5693 533 5766 λῃστὴν
565 5687 784 5758 mem,
819 5684 912 5747 οὓς
946 5685 1050 5738 εδει
1083 5686 1334 5755 νεύματι
1367 5684 1513 5754 μόνῳ
1563 5683 1744 5754 σημήο

1860 5701 1976 5742 eum
2018 5689 2252 5756 primum
2295 5702 2396 5749 eos
2417 5689 2688 5749 viderunt,
2731 5680 3015 5739 celerrime
3059 5681 3114 5734 in
3159 5695 3251 5734 eos
3277 5679 3421 5734 fere-

1859 2190 2005 2258 equi,
2037 2190 2123 2256 qui
2151 2188 2339 2255 jugum
2377 2186 2516 2240 ferre
2549 2203 2652 2238 non
2685 2187 3009 2253 didicerant,
3042 2197 3096 2240 et
3124 2197 3282 2240 erant
3311 2186 3441 2240 alio-

1860 2280 1949 2349 qui
1977 2278 2099 2346 feri,
2138 2279 2366 2348 strepitu
2402 2293 2599 2332 currus
2633 2279 2787 2331 valde
2818 2287 2999 2331 essent
3037 2279 3358 2345 perturbati,
3385 2290 3440 2331 et

1862 2373 1966 2426 huc
2020 2381 2072 2426 et
2123 2371 2249 2425 illuc
2299 2382 2501 2425 temere
2554 2369 2845 2435 ferrentur,
2888 2371 3135 2439 martyri.
3177 2372 3345 2437 petris
3386 2383 3440 2423 et

1862 2463 1982 2516 aliis
2032 2462 2205 2524 aliiso,
2253 2461 2644 2514 divellerentur
2696 2470 2748 2512 et
2786 2461 3156 2513 lacerarentur
3191 2478 3380 2515 carnes
3419 2469 3437 2514 Ξ

1862 2567 1916 2610 ut
1955 2555 2033 2610 sic
2065 2554 2429 2625 particulatim
2457 2564 2510 2608 et
2542 2547 2885 2607 membratim
2913 2552 3191 2618 concisus,
3219 2557 3439 2607 abrum-

1860 2655 2011 2716 peret
2051 2648 2310 2700 animant.
2359 2646 2466 2700 Sed
2524 2661 2622 2700 nec
2678 2648 2791 2700 haec
2839 2647 2886 2699 ei
2939 2657 3323 2714 processerunt
3371 2662 3437 2699 ex

1858 2737 2024 2791 animi
2051 2737 2355 2801 sententia;
2386 2737 2479 2789 sed
2520 2736 2791 2803 quomodo
2823 2734 2909 2787 ille
2957 2750 3061 2787 non
3103 2737 3348 2787 cessabat
3375 2747 3437 2788 ea

1860 2827 2096 2897 operari,
2130 2841 2247 2896 qua:
2293 2826 2359 2879 ad
2395 2826 2500 2878 vim
2537 2824 2838 2878 faciendam
2893 2823 3255 2893 pertinebant,
3287 2834 3339 2877 et
3371 2827 3438 2877 ad

1861 2918 2193 2975 all'erendum
2226 2919 2505 2974 interitum
2541 2939 2556 2975 :
2599 2917 2681 2972 ita.
2726 2932 2822 2970 nec
2857 2917 3108 2971 Christus
3143 2933 3204 2970 ea
3259 2919 3439 2988 provi-

1859 3008 2009 3075 dere,
2045 3024 2165 3073 quze
2206 3008 2524 3076 spectabant
2567 3007 2633 3057 ad
2671 3005 2920 3059 salutem.
2967 3007 3202 3073 Angelus
3236 3007 3377 3060 enim
3409 3024 3440 3061 ο

1859 3101 2000 3157 coelo
2029 3098 2344 3161 adveniens,
2378 3108 2429 3151 et
2462 3098 2605 3152 feros
2632 3096 2753 3151 illos
2791 3113 2959 3166 equos
2985 3109 3205 3166 repente
3253 3100 3437 3151 reddi-

1863 3197 1941 3250 dit
1976 3195 2133 3250 mites
2160 3203 2220 3248 et
2243 3203 2554 3247 mansuetos
2588 3209 2602 3245 :
2633 3198 2685 3244 et
2717 3206 2836 3244 eum
2885 3190 3136 3246 solvisset
3179 3191 3438 3246 Eleuthe-

1862 3289 2027 3351 rinm,
2059 3299 2182 3339 eum
2216 3283 2458 3336 immittit
2489 3282 2541 3335 iu
2588 3298 2807 3336 currum
2843 3300 2856 3335 :
2895 3291 2950 3336 et
2981 3299 3100 3336 eum
3149 3283 3443 3337 direxisset

1860 3389 2030 3444 equos
2089 3373 2155 3426 ad
2218 3382 2456 3434 montem
2531 3371 2766 3424 vicinum
2828 3371 3058 3435 civitati,
3115 3373 3323 3438 effecit,
3382 3380 3442 3425 ut

1785 3246 1829 3304 C

1931 4123 1996 4180 Χ.
2043 4120 2149 4178 Sed
2200 4119 2283 4174 sic
2324 4118 2543 4188 quidem
2596 4117 2745 4181 ferae,
2782 4117 3005 4185 perinde
3048 4132 3108 4168 ac
3147 4119 3190 4171 si
3235 4127 3435 4190 martyr

1856 4227 2002 4274 esset
2036 4214 2187 4270 ebori
2218 4212 2491 4266 institutor
2517 4220 2570 4263 et
2599 4210 2809 4274 ductor,
2836 4221 2888 4262 et
2919 4224 3038 4261 eum
3071 4208 3115 4262 is
3148 4210 3436 4278 incepisset

192 5842 214 5874 '
242 5844 388 5898 Dan.
417 5850 541 5891 xw.
625 5831 647 5862 ’
672 5831 735 5886 Ill
770 5831 898 5902 Reg.
931 5847 1058 5887 svn.

464 5935 739 5991 PATROL.
784 5935 894 5987 Un.
928 5930 1027 5988 CX
1045 5931 1113 5993 Υ,

2949 5922 2983 5982 5
