  <div class='ocr_page' id='page_1' title='image "/cluster/home/n/w/nwhite01/storage/ocr_20150623/115/uva.x004215515/085.png"; bbox 0 0 4180 6496; ppageno 0'>
   <div class='ocr_carea' id='block_1_1' title="bbox 749 397 4008 478">
    <p class='ocr_par' dir='ltr' id='par_1_1' title="bbox 749 397 4008 478">
     <span class='ocr_line' id='line_1_1' title="bbox 749 397 4008 478; baseline -0.004 -1"><span class='ocrx_word' id='word_1_1' title='bbox 749 414 854 478; x_wconf 78' lang='grc'><strong>135</strong></span> <span class='ocrx_word' id='word_1_2' title='bbox 2038 409 2324 468; x_wconf 82' lang='lat' dir='ltr'><strong>MENSIS</strong></span> <span class='ocrx_word' id='word_1_3' title='bbox 2359 410 2693 468; x_wconf 83' lang='lat' dir='ltr'><strong>APRILIS.</strong></span> <span class='ocrx_word' id='word_1_4' title='bbox 3905 397 4008 465; x_wconf 77' lang='lat' dir='ltr'><strong>I36</strong></span> 
     </span>
    </p>
   </div>
   <div class='ocr_carea' id='block_1_2' title="bbox 749 518 4009 591">
    <p class='ocr_par' dir='ltr' id='par_1_2' title="bbox 749 518 4009 591">
     <span class='ocr_line' id='line_1_2' title="bbox 749 518 4009 591; baseline -0.003 -11"><span class='ocrx_word' id='word_1_5' title='bbox 749 539 869 580; x_wconf 88' lang='lat' dir='ltr'><strong>men</strong></span> <span class='ocrx_word' id='word_1_6' title='bbox 910 522 995 579; x_wconf 78' lang='lat' dir='ltr'><strong>fac</strong></span> <span class='ocrx_word' id='word_1_7' title='bbox 1062 524 1132 579; x_wconf 87' lang='lat' dir='ltr'><strong>sit</strong></span> <span class='ocrx_word' id='word_1_8' title='bbox 1207 524 1506 591; x_wconf 89' lang='lat' dir='ltr'><strong>cognitum,</strong></span> <span class='ocrx_word' id='word_1_9' title='bbox 1556 530 1609 574; x_wconf 88' lang='lat' dir='ltr'><strong>et</strong></span> <span class='ocrx_word' id='word_1_10' title='bbox 1644 521 1815 575; x_wconf 84' lang='lat' dir='ltr'><strong>deduc</strong></span> <span class='ocrx_word' id='word_1_11' title='bbox 1845 520 1909 574; x_wconf 92' lang='lat' dir='ltr'><strong>ad</strong></span> <span class='ocrx_word' id='word_1_12' title='bbox 1948 531 2092 575; x_wconf 89' lang='lat' dir='ltr'><strong>tuam</strong></span> <span class='ocrx_word' id='word_1_13' title='bbox 2148 522 2522 583; x_wconf 80' lang='lat' dir='ltr'><strong>voluntatem:</strong></span> <span class='ocrx_word' id='word_1_14' title='bbox 2572 534 2631 575; x_wconf 93' lang='grc' dir='ltr'><strong>ιιι</strong></span> <span class='ocrx_word' id='word_1_15' title='bbox 2710 530 3038 590; x_wconf 75' lang='lat' dir='ltr'><strong>cngnoscant</strong></span> <span class='ocrx_word' id='word_1_16' title='bbox 3092 529 3144 574; x_wconf 88' lang='lat' dir='ltr'><strong>te</strong></span> <span class='ocrx_word' id='word_1_17' title='bbox 3213 518 3386 573; x_wconf 84' lang='lat' dir='ltr'><strong>solum</strong></span> <span class='ocrx_word' id='word_1_18' title='bbox 3452 535 3638 574; x_wconf 88' lang='lat' dir='ltr'><strong>verum</strong></span> <span class='ocrx_word' id='word_1_19' title='bbox 3706 519 3903 582; x_wconf 87' lang='lat' dir='ltr'><strong>Deum,</strong></span> <span class='ocrx_word' id='word_1_20' title='bbox 3959 528 4009 572; x_wconf 90' lang='lat' dir='ltr'><strong>et</strong></span> 
     </span>
    </p>
   </div>
   <div class='ocr_carea' id='block_1_3' title="bbox 748 612 3380 687">
    <p class='ocr_par' dir='ltr' id='par_1_3' title="bbox 748 612 3380 687">
     <span class='ocr_line' id='line_1_3' title="bbox 748 612 3380 687; baseline -0.003 -14"><span class='ocrx_word' id='word_1_21' title='bbox 748 618 1011 673; x_wconf 83' lang='lat' dir='ltr'><strong>desistant</strong></span> <span class='ocrx_word' id='word_1_22' title='bbox 1044 630 1072 669; x_wconf 88' lang='lat' dir='ltr'><strong>a</strong></span> <span class='ocrx_word' id='word_1_23' title='bbox 1120 616 1423 687; x_wconf 87' lang='lat' dir='ltr'><strong>pernicioso</strong></span> <span class='ocrx_word' id='word_1_24' title='bbox 1470 614 1614 669; x_wconf 89' lang='lat' dir='ltr'><strong>cultu</strong></span> <span class='ocrx_word' id='word_1_25' title='bbox 1649 612 2056 668; x_wconf 81' lang='lat' dir='ltr'><strong>simulacrorum</strong></span> <span class='ocrx_word' id='word_1_26' title='bbox 2088 631 2103 668; x_wconf 91' lang='lat'><strong>:</strong></span> <span class='ocrx_word' id='word_1_27' title='bbox 2135 614 2391 683; x_wconf 85' lang='lat' dir='ltr'><strong>quoniam</strong></span> <span class='ocrx_word' id='word_1_28' title='bbox 2423 614 2739 669; x_wconf 75' lang='lat' dir='ltr'><strong>benedictus</strong></span> <span class='ocrx_word' id='word_1_29' title='bbox 2770 629 2828 667; x_wconf 87' lang='lat' dir='ltr'><strong>es</strong></span> <span class='ocrx_word' id='word_1_30' title='bbox 2858 615 2907 667; x_wconf 90' lang='lat' dir='ltr'><strong>in</strong></span> <span class='ocrx_word' id='word_1_31' title='bbox 2946 614 3151 667; x_wconf 86' lang='lat' dir='ltr'><strong>secula.</strong></span> <span class='ocrx_word' id='word_1_32' title='bbox 3186 613 3380 665; x_wconf 82' lang='lat' dir='ltr'><strong>Amen.</strong></span> 
     </span>
    </p>
   </div>
   <div class='ocr_carea' id='block_1_4' title="bbox 821 726 2472 799">
    <p class='ocr_par' dir='ltr' id='par_1_4' title="bbox 821 730 2394 794">
     <span class='ocr_line' id='line_1_4' title="bbox 821 730 2394 794; baseline -0.004 -5"><span class='ocrx_word' id='word_1_33' title='bbox 821 735 930 790; x_wconf 73' lang='lat' dir='ltr'><strong>VII.</strong></span> <span class='ocrx_word' id='word_1_34' title='bbox 962 734 1096 789; x_wconf 88' lang='lat' dir='ltr'><strong>Cum</strong></span> <span class='ocrx_word' id='word_1_35' title='bbox 1141 733 1351 787; x_wconf 83' lang='lat' dir='ltr'><strong>Corebo</strong></span> <span class='ocrx_word' id='word_1_36' title='bbox 1403 732 1483 788; x_wconf 84' lang='lat' dir='ltr'><strong>sic</strong></span> <span class='ocrx_word' id='word_1_37' title='bbox 1534 740 1777 786; x_wconf 85' lang='lat' dir='ltr'><strong>orantem</strong></span> <span class='ocrx_word' id='word_1_38' title='bbox 1814 730 2134 786; x_wconf 77' lang='lat' dir='ltr'><strong>attendisset</strong></span> <span class='ocrx_word' id='word_1_39' title='bbox 2173 746 2315 784; x_wconf 87' lang='lat' dir='ltr'><strong>mar-</strong></span> <span class='ocrx_word' id='word_1_40' title='bbox 2346 737 2394 794; x_wconf 78' lang='grc' dir='ltr'><strong>Α</strong></span> 
     </span>
    </p>
   </div>
   <div class='ocr_carea' id='block_1_5' title="bbox 2363 726 4014 799">
    <p class='ocr_par' dir='ltr' id='par_1_5' title="bbox 2363 726 4014 799">
     <span class='ocr_line' id='line_1_5' title="bbox 2363 726 4014 799; baseline -0.004 -14"><span class='ocrx_word' id='word_1_41' title='bbox 2363 737 2394 793; x_wconf 58' lang='grc' dir='ltr'><strong>λ</strong></span> <span class='ocrx_word' id='word_1_42' title='bbox 2493 733 2566 785; x_wconf 88' lang='grc' dir='ltr'><strong>Ζ’.</strong></span> <span class='ocrx_word' id='word_1_43' title='bbox 2601 730 2787 791; x_wconf 82' lang='grc' dir='ltr'>Οῦτως</span> <span class='ocrx_word' id='word_1_44' title='bbox 2834 728 3119 799; x_wconf 79' lang='grc' dir='ltr'>εὐξαμένῳ</span> <span class='ocrx_word' id='word_1_45' title='bbox 3152 727 3232 798; x_wconf 81' lang='grc' dir='ltr'>τῷ</span> <span class='ocrx_word' id='word_1_46' title='bbox 3269 728 3505 798; x_wconf 81' lang='grc' dir='ltr'><strong>μάρτυρι</strong></span> <span class='ocrx_word' id='word_1_47' title='bbox 3554 726 3815 798; x_wconf 76' lang='grc' dir='ltr'>προσχὼν</span> <span class='ocrx_word' id='word_1_48' title='bbox 3850 729 3879 780; x_wconf 93' lang='lat'><strong>6</strong></span> <span class='ocrx_word' id='word_1_49' title='bbox 3909 728 4014 779; x_wconf 82' lang='lat' dir='ltr'><strong>Ko-</strong></span> 
     </span>
    </p>
   </div>
   <div class='ocr_carea' id='block_1_6' title="bbox 750 818 2401 897">
    <p class='ocr_par' dir='ltr' id='par_1_6' title="bbox 750 822 2310 897">
     <span class='ocr_line' id='line_1_6' title="bbox 750 822 2310 897; baseline -0.003 -18"><span class='ocrx_word' id='word_1_50' title='bbox 750 836 943 897; x_wconf 90' lang='lat' dir='ltr'><strong>tyrem,</strong></span> <span class='ocrx_word' id='word_1_51' title='bbox 976 824 1137 878; x_wconf 84' lang='lat' dir='ltr'><strong>veluti</strong></span> <span class='ocrx_word' id='word_1_52' title='bbox 1181 836 1429 887; x_wconf 84' lang='lat' dir='ltr'><strong>accenso,</strong></span> <span class='ocrx_word' id='word_1_53' title='bbox 1462 822 1553 892; x_wconf 87' lang='lat' dir='ltr'><strong>qui</strong></span> <span class='ocrx_word' id='word_1_54' title='bbox 1604 830 1720 875; x_wconf 86' lang='lat' dir='ltr'><strong>erat</strong></span> <span class='ocrx_word' id='word_1_55' title='bbox 1767 822 1815 876; x_wconf 87' lang='lat' dir='ltr'><strong>ei</strong></span> <span class='ocrx_word' id='word_1_56' title='bbox 1864 822 2149 892; x_wconf 85' lang='lat' dir='ltr'><strong>repositus,</strong></span> <span class='ocrx_word' id='word_1_57' title='bbox 2188 836 2310 875; x_wconf 88' lang='lat' dir='ltr'><strong>car-</strong></span> 
     </span>
    </p>
   </div>
   <div class='ocr_carea' id='block_1_7' title="bbox 2359 818 4010 897">
    <p class='ocr_par' dir='ltr' id='par_1_7' title="bbox 2417 818 4010 893">
     <span class='ocr_line' id='line_1_7' title="bbox 2417 818 4010 893; baseline -0.003 -17"><span class='ocrx_word' id='word_1_58' title='bbox 2417 824 2621 893; x_wconf 85' lang='grc' dir='ltr'>ρέμων,</span> <span class='ocrx_word' id='word_1_59' title='bbox 2643 824 2736 875; x_wconf 74' lang='grc' dir='ltr'><strong>καὶ</strong></span> <span class='ocrx_word' id='word_1_60' title='bbox 2762 823 2851 875; x_wconf 72' lang='grc' dir='ltr'><strong>τὸν</strong></span> <span class='ocrx_word' id='word_1_61' title='bbox 2882 821 3355 890; x_wconf 68' lang='grc' dir='ltr'>προαποκείμενον</span> <span class='ocrx_word' id='word_1_62' title='bbox 3385 818 3532 889; x_wconf 79' lang='grc' dir='ltr'>αὐτῷ</span> <span class='ocrx_word' id='word_1_63' title='bbox 3557 820 3655 888; x_wconf 82' lang='grc' dir='ltr'><strong>τῆς</strong></span> <span class='ocrx_word' id='word_1_64' title='bbox 3684 819 4010 881; x_wconf 68' lang='grc' dir='ltr'>θεοσεϐείας</span> 
     </span>
    </p>
   </div>
   <div class='ocr_carea' id='block_1_8' title="bbox 750 910 2401 985">
    <p class='ocr_par' dir='ltr' id='par_1_8' title="bbox 750 912 2312 985">
     <span class='ocr_line' id='line_1_8' title="bbox 750 912 2312 985; baseline -0.005 -14"><span class='ocrx_word' id='word_1_65' title='bbox 750 920 888 971; x_wconf 87' lang='lat' dir='ltr'><strong>bone</strong></span> <span class='ocrx_word' id='word_1_66' title='bbox 923 916 1165 985; x_wconf 88' lang='lat' dir='ltr'><strong>pietatis,</strong></span> <span class='ocrx_word' id='word_1_67' title='bbox 1198 922 1418 983; x_wconf 88' lang='lat' dir='ltr'><strong>repente</strong></span> <span class='ocrx_word' id='word_1_68' title='bbox 1462 922 1701 967; x_wconf 90' lang='lat' dir='ltr'><strong>mutatur</strong></span> <span class='ocrx_word' id='word_1_69' title='bbox 1750 913 1908 981; x_wconf 90' lang='lat' dir='ltr'><strong>longe</strong></span> <span class='ocrx_word' id='word_1_70' title='bbox 1949 912 2312 981; x_wconf 85' lang='lat' dir='ltr'><strong>pulcherrima</strong></span> 
     </span>
    </p>
   </div>
   <div class='ocr_carea' id='block_1_9' title="bbox 2350 910 4001 985">
    <p class='ocr_par' dir='ltr' id='par_1_9' title="bbox 2415 910 4001 981">
     <span class='ocr_line' id='line_1_9' title="bbox 2415 910 4001 981; baseline -0.005 -14"><span class='ocrx_word' id='word_1_71' title='bbox 2415 914 2662 981; x_wconf 77' lang='grc' dir='ltr'>ἄνθρακα</span> <span class='ocrx_word' id='word_1_72' title='bbox 2717 911 2906 979; x_wconf 80' lang='grc' dir='ltr'>ῶσπερ</span> <span class='ocrx_word' id='word_1_73' title='bbox 2972 911 3449 980; x_wconf 78' lang='grc' dir='ltr'>ἀναζωπυρηθείς,</span> <span class='ocrx_word' id='word_1_74' title='bbox 3498 910 3653 978; x_wconf 77' lang='grc' dir='ltr'>ἄφνω</span> <span class='ocrx_word' id='word_1_75' title='bbox 3688 910 4001 978; x_wconf 76' lang='grc' dir='ltr'>μεταϐολὴν</span> 
     </span>
    </p>
   </div>
   <div class='ocr_carea' id='block_1_10' title="bbox 748 1002 2399 1074">
    <p class='ocr_par' dir='ltr' id='par_1_10' title="bbox 748 1003 2315 1074">
     <span class='ocr_line' id='line_1_10' title="bbox 748 1003 2315 1074; baseline -0.004 -12"><span class='ocrx_word' id='word_1_76' title='bbox 748 1007 1052 1062; x_wconf 72' lang='lat' dir='ltr'><strong>mulatione</strong></span> <span class='ocrx_word' id='word_1_77' title='bbox 1096 1021 1111 1057; x_wconf 92' lang='lat'><strong>:</strong></span> <span class='ocrx_word' id='word_1_78' title='bbox 1163 1012 1218 1059; x_wconf 81' lang='lat' dir='ltr'><strong>et</strong></span> <span class='ocrx_word' id='word_1_79' title='bbox 1268 1014 1516 1074; x_wconf 85' lang='lat' dir='ltr'><strong>tanquam</strong></span> <span class='ocrx_word' id='word_1_80' title='bbox 1573 1018 1674 1057; x_wconf 87' lang='lat' dir='ltr'><strong>non</strong></span> <span class='ocrx_word' id='word_1_81' title='bbox 1719 1003 1767 1057; x_wconf 90' lang='lat' dir='ltr'><strong>is</strong></span> <span class='ocrx_word' id='word_1_82' title='bbox 1817 1012 1981 1068; x_wconf 81' lang='lat' dir='ltr'><strong>esset,</strong></span> <span class='ocrx_word' id='word_1_83' title='bbox 2018 1004 2107 1072; x_wconf 92' lang='lat' dir='ltr'><strong>qui</strong></span> <span class='ocrx_word' id='word_1_84' title='bbox 2157 1005 2315 1071; x_wconf 86' lang='lat' dir='ltr'><strong>paulo</strong></span> 
     </span>
    </p>
   </div>
   <div class='ocr_carea' id='block_1_11' title="bbox 2357 1002 4008 1074">
    <p class='ocr_par' dir='ltr' id='par_1_11' title="bbox 2420 1002 4008 1074">
     <span class='ocr_line' id='line_1_11' title="bbox 2420 1002 4008 1074; baseline -0.004 -17"><span class='ocrx_word' id='word_1_85' title='bbox 2420 1004 2812 1074; x_wconf 76' lang='grc' dir='ltr'>μεταϐάλλεται</span> <span class='ocrx_word' id='word_1_86' title='bbox 2839 1004 2939 1071; x_wconf 82' lang='grc' dir='ltr'>τὴν</span> <span class='ocrx_word' id='word_1_87' title='bbox 2965 1003 3288 1072; x_wconf 76' lang='grc' dir='ltr'><strong>καλλίστην,</strong></span> <span class='ocrx_word' id='word_1_88' title='bbox 3310 1004 3402 1055; x_wconf 68' lang='grc' dir='ltr'>καὶ</span> <span class='ocrx_word' id='word_1_89' title='bbox 3418 1002 3494 1071; x_wconf 80' lang='grc' dir='ltr'>τῷ</span> <span class='ocrx_word' id='word_1_90' title='bbox 3532 1002 3748 1072; x_wconf 68' lang='grc' dir='ltr'>βασιλεῖ</span> <span class='ocrx_word' id='word_1_91' title='bbox 3773 1004 4008 1071; x_wconf 75' lang='grc' dir='ltr'>προσελ-</span> 
     </span>
    </p>
   </div>
   <div class='ocr_carea' id='block_1_12' title="bbox 753 1092 2404 1166">
    <p class='ocr_par' dir='ltr' id='par_1_12' title="bbox 753 1094 2311 1166">
     <span class='ocr_line' id='line_1_12' title="bbox 753 1094 2311 1166; baseline -0.005 -13"><span class='ocrx_word' id='word_1_92' title='bbox 753 1110 878 1153; x_wconf 89' lang='lat' dir='ltr'><strong>ante</strong></span> <span class='ocrx_word' id='word_1_93' title='bbox 946 1096 1283 1166; x_wconf 76' lang='lat' dir='ltr'><strong>excogitabat</strong></span> <span class='ocrx_word' id='word_1_94' title='bbox 1347 1095 1609 1164; x_wconf 88' lang='lat' dir='ltr'><strong>supplicia</strong></span> <span class='ocrx_word' id='word_1_95' title='bbox 1671 1094 1931 1150; x_wconf 77' lang='lat' dir='ltr'><strong>adversus</strong></span> <span class='ocrx_word' id='word_1_96' title='bbox 1996 1104 2311 1164; x_wconf 86' lang='lat' dir='ltr'><strong>martyrem,</strong></span> 
     </span>
    </p>
   </div>
   <div class='ocr_carea' id='block_1_13' title="bbox 2355 1092 4006 1166">
    <p class='ocr_par' dir='ltr' id='par_1_13' title="bbox 2417 1092 4006 1165">
     <span class='ocr_line' id='line_1_13' title="bbox 2417 1092 4006 1165; baseline -0.004 -15"><span class='ocrx_word' id='word_1_97' title='bbox 2417 1097 2548 1161; x_wconf 85' lang='grc' dir='ltr'>θὼν,</span> <span class='ocrx_word' id='word_1_98' title='bbox 2583 1097 2767 1160; x_wconf 83' lang='grc' dir='ltr'>Ποίου,</span> <span class='ocrx_word' id='word_1_99' title='bbox 2803 1097 2988 1165; x_wconf 68' lang='grc' dir='ltr'>φησιν,</span> <span class='ocrx_word' id='word_1_100' title='bbox 3026 1096 3363 1165; x_wconf 72' lang='grc' dir='ltr'><strong>ἀδικήματος</strong></span> <span class='ocrx_word' id='word_1_101' title='bbox 3389 1097 3546 1164; x_wconf 83' lang='grc' dir='ltr'><strong>χάριν</strong></span> <span class='ocrx_word' id='word_1_102' title='bbox 3574 1098 3603 1148; x_wconf 85' lang='lat'><strong>6</strong></span> <span class='ocrx_word' id='word_1_103' title='bbox 3626 1097 3829 1163; x_wconf 70' lang='grc' dir='ltr'>πικρὸς</span> <span class='ocrx_word' id='word_1_104' title='bbox 3852 1092 4006 1155; x_wconf 59' lang='grc' dir='ltr'>οὗτος</span> 
     </span>
    </p>
   </div>
   <div class='ocr_carea' id='block_1_14' title="bbox 751 1184 2402 1259">
    <p class='ocr_par' dir='ltr' id='par_1_14' title="bbox 751 1184 2314 1254">
     <span class='ocr_line' id='line_1_14' title="bbox 751 1184 2314 1254; baseline -0.003 -15"><span class='ocrx_word' id='word_1_105' title='bbox 751 1188 1017 1241; x_wconf 78' lang='lat' dir='ltr'><strong>accedens</strong></span> <span class='ocrx_word' id='word_1_106' title='bbox 1050 1189 1115 1240; x_wconf 85' lang='lat' dir='ltr'><strong>ad</strong></span> <span class='ocrx_word' id='word_1_107' title='bbox 1152 1187 1535 1254; x_wconf 84' lang='lat' dir='ltr'><strong>imperatorem</strong></span> <span class='ocrx_word' id='word_1_108' title='bbox 1591 1202 1605 1239; x_wconf 89' lang='lat'><strong>:</strong></span> <span class='ocrx_word' id='word_1_109' title='bbox 1657 1184 1759 1239; x_wconf 87' lang='lat' dir='ltr'><strong>Pro</strong></span> <span class='ocrx_word' id='word_1_110' title='bbox 1806 1199 1935 1254; x_wconf 89' lang='lat' dir='ltr'><strong>quo.</strong></span> <span class='ocrx_word' id='word_1_111' title='bbox 1974 1184 2163 1252; x_wconf 86' lang='lat' dir='ltr'><strong>inquit,</strong></span> <span class='ocrx_word' id='word_1_112' title='bbox 2201 1198 2314 1236; x_wconf 86' lang='lat' dir='ltr'><strong>ma-</strong></span> 
     </span>
    </p>
   </div>
   <div class='ocr_carea' id='block_1_15' title="bbox 2358 1184 4009 1259">
    <p class='ocr_par' dir='ltr' id='par_1_15' title="bbox 2428 1186 4009 1259">
     <span class='ocr_line' id='line_1_15' title="bbox 2428 1186 4009 1259; baseline -0.003 -18"><span class='ocrx_word' id='word_1_113' title='bbox 2428 1187 2751 1259; x_wconf 80' lang='grc' dir='ltr'>Ἐλευοερίῳ</span> <span class='ocrx_word' id='word_1_114' title='bbox 2783 1186 3227 1258; x_wconf 67' lang='grc' dir='ltr'><strong>καταψηφίζεται</strong></span> <span class='ocrx_word' id='word_1_115' title='bbox 3275 1186 3537 1251; x_wconf 75' lang='grc' dir='ltr'>θάνατοςς</span> <span class='ocrx_word' id='word_1_116' title='bbox 3600 1189 3713 1241; x_wconf 79' lang='grc' dir='ltr'>Καὶ</span> <span class='ocrx_word' id='word_1_117' title='bbox 3771 1190 3799 1241; x_wconf 98' lang='lat'><strong>6</strong></span> <span class='ocrx_word' id='word_1_118' title='bbox 3858 1187 4009 1255; x_wconf 79' lang='grc' dir='ltr'>βασι-</span> 
     </span>
    </p>
   </div>
   <div class='ocr_carea' id='block_1_16' title="bbox 751 1274 2402 1351">
    <p class='ocr_par' dir='ltr' id='par_1_16' title="bbox 751 1274 2317 1344">
     <span class='ocr_line' id='line_1_16' title="bbox 751 1274 2317 1344; baseline -0.001 -15"><span class='ocrx_word' id='word_1_119' title='bbox 751 1278 944 1340; x_wconf 89' lang='lat' dir='ltr'><strong>lelicio,</strong></span> <span class='ocrx_word' id='word_1_120' title='bbox 1000 1285 1093 1327; x_wconf 90' lang='lat' dir='ltr'><strong>aut</strong></span> <span class='ocrx_word' id='word_1_121' title='bbox 1144 1290 1239 1344; x_wconf 92' lang='lat' dir='ltr'><strong>pro</strong></span> <span class='ocrx_word' id='word_1_122' title='bbox 1290 1290 1394 1344; x_wconf 90' lang='lat' dir='ltr'><strong>quo</strong></span> <span class='ocrx_word' id='word_1_123' title='bbox 1446 1276 1673 1331; x_wconf 84' lang='lat' dir='ltr'><strong>crimine</strong></span> <span class='ocrx_word' id='word_1_124' title='bbox 1727 1276 1810 1329; x_wconf 92' lang='lat' dir='ltr'><strong>his</strong></span> <span class='ocrx_word' id='word_1_125' title='bbox 1857 1276 2037 1344; x_wconf 75' lang='lat' dir='ltr'><strong>pmnis</strong></span> <span class='ocrx_word' id='word_1_126' title='bbox 2090 1274 2317 1328; x_wconf 79' lang='lat' dir='ltr'><strong>atlicitur</strong></span> 
     </span>
    </p>
   </div>
   <div class='ocr_carea' id='block_1_17' title="bbox 2351 1274 4002 1351">
    <p class='ocr_par' dir='ltr' id='par_1_17' title="bbox 2416 1277 4002 1351">
     <span class='ocr_line' id='line_1_17' title="bbox 2416 1277 4002 1351; baseline 0.002 -20"><span class='ocrx_word' id='word_1_127' title='bbox 2416 1280 2563 1343; x_wconf 79' lang='grc' dir='ltr'>λεὺς,</span> <span class='ocrx_word' id='word_1_128' title='bbox 2594 1279 2671 1350; x_wconf 81' lang='grc' dir='ltr'>τῷ</span> <span class='ocrx_word' id='word_1_129' title='bbox 2699 1277 2992 1350; x_wconf 72' lang='grc' dir='ltr'><strong>παραδόξῳ</strong></span> <span class='ocrx_word' id='word_1_130' title='bbox 3022 1279 3113 1333; x_wconf 89' lang='grc' dir='ltr'><strong>τοῦ</strong></span> <span class='ocrx_word' id='word_1_131' title='bbox 3139 1280 3489 1351; x_wconf 76' lang='grc' dir='ltr'><strong>ἀκούσματος</strong></span> <span class='ocrx_word' id='word_1_132' title='bbox 3516 1281 3847 1347; x_wconf 79' lang='grc' dir='ltr'>ἐκπλαγεὶς,</span> <span class='ocrx_word' id='word_1_133' title='bbox 3876 1298 4002 1351; x_wconf 83' lang='grc' dir='ltr'>γορ-</span> 
     </span>
    </p>
   </div>
   <div class='ocr_carea' id='block_1_18' title="bbox 752 1367 2403 1443">
    <p class='ocr_par' dir='ltr' id='par_1_18' title="bbox 752 1367 2316 1438">
     <span class='ocr_line' id='line_1_18' title="bbox 752 1367 2316 1438; baseline -0.001 -15"><span class='ocrx_word' id='word_1_134' title='bbox 752 1368 1139 1423; x_wconf 80' lang='lat' dir='ltr'><strong>Eleutherius?</strong></span> <span class='ocrx_word' id='word_1_135' title='bbox 1168 1377 1261 1422; x_wconf 91' lang='lat' dir='ltr'><strong>aut</strong></span> <span class='ocrx_word' id='word_1_136' title='bbox 1288 1383 1385 1438; x_wconf 92' lang='lat' dir='ltr'><strong>pro</strong></span> <span class='ocrx_word' id='word_1_137' title='bbox 1426 1383 1529 1436; x_wconf 84' lang='lat' dir='ltr'><strong>qua</strong></span> <span class='ocrx_word' id='word_1_138' title='bbox 1564 1382 1725 1422; x_wconf 83' lang='lat' dir='ltr'><strong>causa</strong></span> <span class='ocrx_word' id='word_1_139' title='bbox 1752 1380 1924 1422; x_wconf 90' lang='lat' dir='ltr'><strong>morte</strong></span> <span class='ocrx_word' id='word_1_140' title='bbox 1971 1376 2079 1421; x_wconf 86' lang='lat' dir='ltr'><strong>tam</strong></span> <span class='ocrx_word' id='word_1_141' title='bbox 2123 1367 2316 1422; x_wconf 80' lang='lat' dir='ltr'><strong>acerba</strong></span> 
     </span>
    </p>
   </div>
   <div class='ocr_carea' id='block_1_19' title="bbox 2353 1367 4004 1443">
    <p class='ocr_par' dir='ltr' id='par_1_19' title="bbox 2416 1368 4004 1443">
     <span class='ocr_line' id='line_1_19' title="bbox 2416 1368 4004 1443; baseline 0.001 -20"><span class='ocrx_word' id='word_1_142' title='bbox 2416 1372 2513 1437; x_wconf 72' lang='grc' dir='ltr'>τόν</span> <span class='ocrx_word' id='word_1_143' title='bbox 2546 1387 2598 1421; x_wconf 88' lang='grc' dir='ltr'><strong>τι</strong></span> <span class='ocrx_word' id='word_1_144' title='bbox 2652 1370 2745 1421; x_wconf 78' lang='grc' dir='ltr'>καὶ</span> <span class='ocrx_word' id='word_1_145' title='bbox 2792 1368 3055 1440; x_wconf 80' lang='grc' dir='ltr'>βλοσυρὸν</span> <span class='ocrx_word' id='word_1_146' title='bbox 3095 1369 3233 1439; x_wconf 74' lang='grc' dir='ltr'>πρὸς</span> <span class='ocrx_word' id='word_1_147' title='bbox 3285 1371 3377 1423; x_wconf 79' lang='grc' dir='ltr'><strong>τὸν</strong></span> <span class='ocrx_word' id='word_1_148' title='bbox 3436 1372 3730 1443; x_wconf 81' lang='grc' dir='ltr'>Κορέμονα</span> <span class='ocrx_word' id='word_1_149' title='bbox 3758 1372 4004 1441; x_wconf 73' lang='grc' dir='ltr'>βλέψας’</span> 
     </span>
    </p>
   </div>
   <div class='ocr_carea' id='block_1_20' title="bbox 749 1454 2400 1532">
    <p class='ocr_par' dir='ltr' id='par_1_20' title="bbox 749 1459 2317 1529">
     <span class='ocr_line' id='line_1_20' title="bbox 749 1459 2317 1529; baseline 0.001 -16"><span class='ocrx_word' id='word_1_150' title='bbox 749 1462 1079 1515; x_wconf 75' lang='lat' dir='ltr'><strong>damnatur!</strong></span> <span class='ocrx_word' id='word_1_151' title='bbox 1104 1462 1403 1527; x_wconf 88' lang='lat' dir='ltr'><strong>Imperator</strong></span> <span class='ocrx_word' id='word_1_152' title='bbox 1427 1474 1557 1514; x_wconf 87' lang='lat' dir='ltr'><strong>vero</strong></span> <span class='ocrx_word' id='word_1_153' title='bbox 1586 1460 1685 1513; x_wconf 83' lang='lat' dir='ltr'><strong>hac</strong></span> <span class='ocrx_word' id='word_1_154' title='bbox 1724 1459 2002 1529; x_wconf 87' lang='lat' dir='ltr'><strong>inopinata</strong></span> <span class='ocrx_word' id='word_1_155' title='bbox 2043 1459 2317 1514; x_wconf 82' lang='lat' dir='ltr'><strong>auditione</strong></span> 
     </span>
    </p>
   </div>
   <div class='ocr_carea' id='block_1_21' title="bbox 2358 1454 4009 1532">
    <p class='ocr_par' dir='ltr' id='par_1_21' title="bbox 2418 1454 4009 1532">
     <span class='ocr_line' id='line_1_21' title="bbox 2418 1454 4009 1532; baseline 0.003 -21"><span class='ocrx_word' id='word_1_156' title='bbox 2418 1457 2490 1511; x_wconf 80' lang='grc' dir='ltr'><strong>Σὺ</strong></span> <span class='ocrx_word' id='word_1_157' title='bbox 2526 1458 2689 1521; x_wconf 70' lang='grc' dir='ltr'>αὐτὸς</span> <span class='ocrx_word' id='word_1_158' title='bbox 2714 1454 2785 1523; x_wconf 82' lang='grc' dir='ltr'><strong>εῐ,</strong></span> <span class='ocrx_word' id='word_1_159' title='bbox 2842 1459 2967 1529; x_wconf 70' lang='grc' dir='ltr'>εφη,</span> <span class='ocrx_word' id='word_1_160' title='bbox 3008 1456 3066 1511; x_wconf 81' lang='grc' dir='ltr'>ὃν</span> <span class='ocrx_word' id='word_1_161' title='bbox 3104 1458 3217 1527; x_wconf 72' lang='grc' dir='ltr'><strong>ἐγὼ</strong></span> <span class='ocrx_word' id='word_1_162' title='bbox 3249 1458 3499 1527; x_wconf 80' lang='grc' dir='ltr'><strong>γινώσκω</strong></span> <span class='ocrx_word' id='word_1_163' title='bbox 3545 1462 3875 1532; x_wconf 75' lang='grc' dir='ltr'>Κορέμονας</span> <span class='ocrx_word' id='word_1_164' title='bbox 3913 1462 4009 1516; x_wconf 74' lang='grc' dir='ltr'><strong>καὶ</strong></span> 
     </span>
    </p>
   </div>
   <div class='ocr_carea' id='block_1_22' title="bbox 752 1547 2403 1624">
    <p class='ocr_par' dir='ltr' id='par_1_22' title="bbox 752 1548 2314 1615">
     <span class='ocr_line' id='line_1_22' title="bbox 752 1548 2314 1615; baseline 0.002 -14"><span class='ocrx_word' id='word_1_165' title='bbox 752 1550 906 1605; x_wconf 73' lang='lat' dir='ltr'><strong>valde</strong></span> <span class='ocrx_word' id='word_1_166' title='bbox 951 1560 1275 1615; x_wconf 87' lang='lat' dir='ltr'><strong>commotus,</strong></span> <span class='ocrx_word' id='word_1_167' title='bbox 1312 1558 1465 1605; x_wconf 80' lang='lat' dir='ltr'><strong>torve</strong></span> <span class='ocrx_word' id='word_1_168' title='bbox 1496 1550 1711 1604; x_wconf 84' lang='lat' dir='ltr'><strong>intuens</strong></span> <span class='ocrx_word' id='word_1_169' title='bbox 1744 1548 2081 1605; x_wconf 83' lang='lat' dir='ltr'><strong>Corehonem</strong></span> <span class='ocrx_word' id='word_1_170' title='bbox 2124 1567 2137 1602; x_wconf 90' lang='lat'>:</span> <span class='ocrx_word' id='word_1_171' title='bbox 2179 1549 2314 1604; x_wconf 83' lang='lat' dir='ltr'><strong>Num</strong></span> 
     </span>
    </p>
   </div>
   <div class='ocr_carea' id='block_1_23' title="bbox 2356 1547 4007 1624">
    <p class='ocr_par' dir='ltr' id='par_1_23' title="bbox 2417 1547 4007 1624">
     <span class='ocr_line' id='line_1_23' title="bbox 2417 1547 4007 1624; baseline 0.001 -20"><span class='ocrx_word' id='word_1_172' title='bbox 2417 1552 2471 1604; x_wconf 85' lang='grc' dir='ltr'><strong>τί</strong></span> <span class='ocrx_word' id='word_1_173' title='bbox 2505 1550 2740 1617; x_wconf 58' lang='lat' dir='ltr'><strong>uidete;</strong></span> <span class='ocrx_word' id='word_1_174' title='bbox 2797 1552 2945 1624; x_wconf 74' lang='grc' dir='ltr'>Μήτι</span> <span class='ocrx_word' id='word_1_175' title='bbox 3003 1569 3061 1605; x_wconf 89' lang='grc' dir='ltr'><strong>σε</strong></span> <span class='ocrx_word' id='word_1_176' title='bbox 3094 1552 3296 1622; x_wconf 84' lang='grc' dir='ltr'>χρυσὸς</span> <span class='ocrx_word' id='word_1_177' title='bbox 3346 1547 3491 1605; x_wconf 71' lang='grc' dir='ltr'>εἷλεν</span> <span class='ocrx_word' id='word_1_178' title='bbox 3545 1553 3650 1607; x_wconf 78' lang='grc' dir='ltr'><strong>ὑπὸ</strong></span> <span class='ocrx_word' id='word_1_179' title='bbox 3688 1555 3791 1623; x_wconf 82' lang='grc' dir='ltr'>τῆς</span> <span class='ocrx_word' id='word_1_180' title='bbox 3840 1555 4007 1608; x_wconf 85' lang='grc' dir='ltr'>αύτοῦ</span> 
     </span>
    </p>
   </div>
   <div class='ocr_carea' id='block_1_24' title="bbox 754 1639 2405 1712">
    <p class='ocr_par' dir='ltr' id='par_1_24' title="bbox 754 1639 2315 1711">
     <span class='ocr_line' id='line_1_24' title="bbox 754 1639 2315 1711; baseline -0.001 -16"><span class='ocrx_word' id='word_1_181' title='bbox 754 1654 807 1695; x_wconf 85' lang='grc' dir='ltr'><strong>ιιι</strong></span> <span class='ocrx_word' id='word_1_182' title='bbox 842 1658 921 1708; x_wconf 84' lang='lat' dir='ltr'><strong>es,</strong></span> <span class='ocrx_word' id='word_1_183' title='bbox 956 1642 1146 1711; x_wconf 85' lang='lat' dir='ltr'><strong>inquit,</strong></span> <span class='ocrx_word' id='word_1_184' title='bbox 1178 1641 1245 1706; x_wconf 84' lang='lat' dir='ltr'><strong>is,</strong></span> <span class='ocrx_word' id='word_1_185' title='bbox 1273 1656 1433 1711; x_wconf 89' lang='lat' dir='ltr'><strong>quem</strong></span> <span class='ocrx_word' id='word_1_186' title='bbox 1462 1656 1561 1711; x_wconf 90' lang='lat' dir='ltr'><strong>ego</strong></span> <span class='ocrx_word' id='word_1_187' title='bbox 1591 1642 1736 1707; x_wconf 88' lang='lat' dir='ltr'><strong>novi,</strong></span> <span class='ocrx_word' id='word_1_188' title='bbox 1770 1640 2024 1696; x_wconf 74' lang='lat' dir='ltr'><strong>Corebo?</strong></span> <span class='ocrx_word' id='word_1_189' title='bbox 2048 1639 2315 1706; x_wconf 83' lang='lat' dir='ltr'><strong>Quidnam</strong></span> 
     </span>
    </p>
   </div>
   <div class='ocr_carea' id='block_1_25' title="bbox 2360 1639 4011 1712">
    <p class='ocr_par' dir='ltr' id='par_1_25' title="bbox 2418 1641 4011 1712">
     <span class='ocr_line' id='line_1_25' title="bbox 2418 1641 4011 1712; baseline 0 -18"><span class='ocrx_word' id='word_1_190' title='bbox 2418 1642 2701 1711; x_wconf 75' lang='grc' dir='ltr'>δεδομένος</span> <span class='ocrx_word' id='word_1_191' title='bbox 2738 1645 2980 1712; x_wconf 85' lang='grc' dir='ltr'>μητρός;</span> <span class='ocrx_word' id='word_1_192' title='bbox 3018 1641 3114 1695; x_wconf 76' lang='grc' dir='ltr'>καὶ</span> <span class='ocrx_word' id='word_1_193' title='bbox 3157 1642 3297 1695; x_wconf 84' lang='grc' dir='ltr'>πόσα</span> <span class='ocrx_word' id='word_1_194' title='bbox 3332 1641 3398 1695; x_wconf 75' lang='grc' dir='ltr'><strong>ἀν</strong></span> <span class='ocrx_word' id='word_1_195' title='bbox 3424 1656 3506 1695; x_wconf 87' lang='grc' dir='ltr'><strong>σοι</strong></span> <span class='ocrx_word' id='word_1_196' title='bbox 3537 1642 3632 1695; x_wconf 74' lang='grc' dir='ltr'>καὶ</span> <span class='ocrx_word' id='word_1_197' title='bbox 3670 1644 3832 1712; x_wconf 82' lang='grc' dir='ltr'><strong>παρά</strong></span> <span class='ocrx_word' id='word_1_198' title='bbox 3881 1644 4011 1695; x_wconf 85' lang='grc' dir='ltr'>πολ-</span> 
     </span>
    </p>
   </div>
   <div class='ocr_carea' id='block_1_26' title="bbox 749 1732 2400 1807">
    <p class='ocr_par' dir='ltr' id='par_1_26' title="bbox 749 1732 2318 1803">
     <span class='ocr_line' id='line_1_26' title="bbox 749 1732 2318 1803; baseline -0.001 -15"><span class='ocrx_word' id='word_1_199' title='bbox 749 1747 928 1789; x_wconf 90' lang='lat' dir='ltr'><strong>autem</strong></span> <span class='ocrx_word' id='word_1_200' title='bbox 979 1735 1074 1790; x_wconf 85' lang='lat' dir='ltr'><strong>tibi</strong></span> <span class='ocrx_word' id='word_1_201' title='bbox 1126 1735 1344 1799; x_wconf 89' lang='lat' dir='ltr'><strong>accidit,</strong></span> <span class='ocrx_word' id='word_1_202' title='bbox 1380 1742 1473 1787; x_wconf 88' lang='lat' dir='ltr'><strong>aut</strong></span> <span class='ocrx_word' id='word_1_203' title='bbox 1510 1734 1767 1803; x_wconf 86' lang='lat' dir='ltr'><strong>quidnam</strong></span> <span class='ocrx_word' id='word_1_204' title='bbox 1803 1734 1894 1786; x_wconf 83' lang='lat' dir='ltr'><strong>tibi</strong></span> <span class='ocrx_word' id='word_1_205' title='bbox 1944 1732 2147 1787; x_wconf 84' lang='lat' dir='ltr'><strong>laetum</strong></span> <span class='ocrx_word' id='word_1_206' title='bbox 2188 1733 2318 1788; x_wconf 76' lang='lat' dir='ltr'><strong>fuit?</strong></span> 
     </span>
    </p>
   </div>
   <div class='ocr_carea' id='block_1_27' title="bbox 2358 1732 4009 1807">
    <p class='ocr_par' dir='ltr' id='par_1_27' title="bbox 2420 1734 4009 1807">
     <span class='ocr_line' id='line_1_27' title="bbox 2420 1734 4009 1807; baseline 0 -20"><span class='ocrx_word' id='word_1_207' title='bbox 2420 1734 2528 1788; x_wconf 86' lang='grc' dir='ltr'><strong>λῶν</strong></span> <span class='ocrx_word' id='word_1_208' title='bbox 2568 1737 2774 1807; x_wconf 73' lang='grc' dir='ltr'>ἑτέρων</span> <span class='ocrx_word' id='word_1_209' title='bbox 2812 1736 3088 1805; x_wconf 76' lang='grc' dir='ltr'><strong>διδόμενα,</strong></span> <span class='ocrx_word' id='word_1_210' title='bbox 3147 1736 3259 1790; x_wconf 86' lang='grc' dir='ltr'><strong>τῶν</strong></span> <span class='ocrx_word' id='word_1_211' title='bbox 3300 1734 3451 1805; x_wconf 75' lang='grc' dir='ltr'>ἐμῶν</span> <span class='ocrx_word' id='word_1_212' title='bbox 3501 1734 3723 1807; x_wconf 81' lang='grc' dir='ltr'>δωρεῶν</span> <span class='ocrx_word' id='word_1_213' title='bbox 3778 1736 4009 1800; x_wconf 70' lang='grc' dir='ltr'>ἀντάξια</span> 
     </span>
    </p>
   </div>
   <div class='ocr_carea' id='block_1_28' title="bbox 749 1823 2400 1899">
    <p class='ocr_par' dir='ltr' id='par_1_28' title="bbox 749 1823 2315 1895">
     <span class='ocr_line' id='line_1_28' title="bbox 749 1823 2315 1895; baseline -0.004 -15"><span class='ocrx_word' id='word_1_214' title='bbox 749 1826 1017 1895; x_wconf 81' lang='lat' dir='ltr'><strong>Numquid</strong></span> <span class='ocrx_word' id='word_1_215' title='bbox 1052 1837 1101 1881; x_wconf 92' lang='lat' dir='ltr'><strong>te</strong></span> <span class='ocrx_word' id='word_1_216' title='bbox 1134 1827 1276 1895; x_wconf 82' lang='lat' dir='ltr'><strong>cepit</strong></span> <span class='ocrx_word' id='word_1_217' title='bbox 1308 1840 1499 1878; x_wconf 85' lang='lat' dir='ltr'><strong>aurum</strong></span> <span class='ocrx_word' id='word_1_218' title='bbox 1532 1823 1600 1877; x_wconf 88' lang='lat' dir='ltr'><strong>ab</strong></span> <span class='ocrx_word' id='word_1_219' title='bbox 1633 1823 1781 1877; x_wconf 89' lang='lat' dir='ltr'><strong>illius</strong></span> <span class='ocrx_word' id='word_1_220' title='bbox 1811 1833 1984 1878; x_wconf 85' lang='lat' dir='ltr'><strong>matre</strong></span> <span class='ocrx_word' id='word_1_221' title='bbox 2013 1835 2315 1892; x_wconf 80' lang='lat' dir='ltr'><strong>acceptum,</strong></span> 
     </span>
    </p>
   </div>
   <div class='ocr_carea' id='block_1_29' title="bbox 2357 1823 4008 1899">
    <p class='ocr_par' dir='ltr' id='par_1_29' title="bbox 2420 1825 4008 1899">
     <span class='ocr_line' id='line_1_29' title="bbox 2420 1825 4008 1899; baseline -0.001 -20"><span class='ocrx_word' id='word_1_222' title='bbox 2420 1827 2651 1895; x_wconf 81' lang='grc' dir='ltr'>γένοιτο,</span> <span class='ocrx_word' id='word_1_223' title='bbox 2672 1828 2730 1878; x_wconf 80' lang='grc' dir='ltr'>ὃν</span> <span class='ocrx_word' id='word_1_224' title='bbox 2766 1827 2877 1895; x_wconf 73' lang='grc' dir='ltr'><strong>ἐγὼ</strong></span> <span class='ocrx_word' id='word_1_225' title='bbox 2918 1827 3009 1879; x_wconf 69' lang='grc' dir='ltr'><strong>καὶ</strong></span> <span class='ocrx_word' id='word_1_226' title='bbox 3042 1826 3281 1895; x_wconf 79' lang='grc' dir='ltr'>πλούτῳ,</span> <span class='ocrx_word' id='word_1_227' title='bbox 3319 1827 3414 1879; x_wconf 78' lang='grc' dir='ltr'>καὶ</span> <span class='ocrx_word' id='word_1_228' title='bbox 3444 1825 3592 1899; x_wconf 76' lang='grc' dir='ltr'><strong>δόξῃ,</strong></span> <span class='ocrx_word' id='word_1_229' title='bbox 3628 1828 3725 1880; x_wconf 75' lang='grc' dir='ltr'><strong>καὶ</strong></span> <span class='ocrx_word' id='word_1_230' title='bbox 3762 1830 3831 1897; x_wconf 78' lang='grc' dir='ltr'>τῇ</span> <span class='ocrx_word' id='word_1_231' title='bbox 3871 1829 4008 1896; x_wconf 76' lang='grc' dir='ltr'>προς</span> 
     </span>
    </p>
   </div>
   <div class='ocr_carea' id='block_1_30' title="bbox 749 1913 2400 1989">
    <p class='ocr_par' dir='ltr' id='par_1_30' title="bbox 749 1913 2317 1985">
     <span class='ocr_line' id='line_1_30' title="bbox 749 1913 2317 1985; baseline -0.003 -14"><span class='ocrx_word' id='word_1_232' title='bbox 749 1927 806 1971; x_wconf 91' lang='lat' dir='ltr'><strong>et</strong></span> <span class='ocrx_word' id='word_1_233' title='bbox 848 1930 955 1970; x_wconf 88' lang='lat' dir='ltr'><strong>tam</strong></span> <span class='ocrx_word' id='word_1_234' title='bbox 1008 1927 1224 1985; x_wconf 86' lang='lat' dir='ltr'><strong>repente</strong></span> <span class='ocrx_word' id='word_1_235' title='bbox 1260 1914 1522 1969; x_wconf 81' lang='lat' dir='ltr'><strong>mutavit?</strong></span> <span class='ocrx_word' id='word_1_236' title='bbox 1569 1913 1737 1980; x_wconf 84' lang='lat' dir='ltr'><strong>Quam</strong></span> <span class='ocrx_word' id='word_1_237' title='bbox 1785 1914 1949 1969; x_wconf 78' lang='lat' dir='ltr'><strong>multa</strong></span> <span class='ocrx_word' id='word_1_238' title='bbox 1999 1928 2124 1968; x_wconf 90' lang='lat' dir='ltr'><strong>vero</strong></span> <span class='ocrx_word' id='word_1_239' title='bbox 2152 1914 2317 1969; x_wconf 86' lang='lat' dir='ltr'><strong>etiam</strong></span> 
     </span>
    </p>
   </div>
   <div class='ocr_carea' id='block_1_31' title="bbox 2357 1913 4008 1989">
    <p class='ocr_par' dir='ltr' id='par_1_31' title="bbox 2421 1915 4008 1989">
     <span class='ocr_line' id='line_1_31' title="bbox 2421 1915 4008 1989; baseline 0 -22"><span class='ocrx_word' id='word_1_240' title='bbox 2421 1915 2523 1984; x_wconf 73' lang='grc' dir='ltr'><strong>ἐμὲ</strong></span> <span class='ocrx_word' id='word_1_241' title='bbox 2560 1917 2834 1970; x_wconf 73' lang='grc' dir='ltr'><strong>οἰκειώσει</strong></span> <span class='ocrx_word' id='word_1_242' title='bbox 2888 1916 3126 1989; x_wconf 77' lang='grc' dir='ltr'>ζηλωτὸν</span> <span class='ocrx_word' id='word_1_243' title='bbox 3162 1919 3219 1969; x_wconf 84' lang='grc' dir='ltr'>ὲν</span> <span class='ocrx_word' id='word_1_244' title='bbox 3262 1919 3451 1987; x_wconf 83' lang='grc' dir='ltr'>Ῥώμῃ</span> <span class='ocrx_word' id='word_1_245' title='bbox 3486 1919 3845 1989; x_wconf 67' lang='grc' dir='ltr'>κατέστησας</span> <span class='ocrx_word' id='word_1_246' title='bbox 3889 1919 4008 1972; x_wconf 76' lang='grc' dir='ltr'><strong>ἀλλ⁹</strong></span> 
     </span>
    </p>
   </div>
   <div class='ocr_carea' id='block_1_32' title="bbox 750 2006 2401 2080">
    <p class='ocr_par' dir='ltr' id='par_1_32' title="bbox 750 2006 2316 2076">
     <span class='ocr_line' id='line_1_32' title="bbox 750 2006 2316 2076; baseline -0.002 -13"><span class='ocrx_word' id='word_1_247' title='bbox 750 2025 782 2063; x_wconf 77' lang='lat' dir='ltr'><strong>a</strong></span> <span class='ocrx_word' id='word_1_248' title='bbox 842 2010 1025 2063; x_wconf 88' lang='lat' dir='ltr'><strong>multis</strong></span> <span class='ocrx_word' id='word_1_249' title='bbox 1090 2008 1211 2063; x_wconf 88' lang='lat' dir='ltr'><strong>aliis</strong></span> <span class='ocrx_word' id='word_1_250' title='bbox 1270 2008 1365 2063; x_wconf 91' lang='lat' dir='ltr'><strong>tibi</strong></span> <span class='ocrx_word' id='word_1_251' title='bbox 1416 2007 1561 2073; x_wconf 87' lang='lat' dir='ltr'><strong>data,</strong></span> <span class='ocrx_word' id='word_1_252' title='bbox 1604 2006 1882 2076; x_wconf 89' lang='lat' dir='ltr'><strong>potuerint</strong></span> <span class='ocrx_word' id='word_1_253' title='bbox 1926 2006 2159 2061; x_wconf 77' lang='lat' dir='ltr'><strong>conferri</strong></span> <span class='ocrx_word' id='word_1_254' title='bbox 2197 2021 2316 2060; x_wconf 90' lang='lat' dir='ltr'><strong>cum</strong></span> 
     </span>
    </p>
   </div>
   <div class='ocr_carea' id='block_1_33' title="bbox 2357 2006 4008 2080">
    <p class='ocr_par' dir='ltr' id='par_1_33' title="bbox 2422 2010 4008 2080">
     <span class='ocr_line' id='line_1_33' title="bbox 2422 2010 4008 2080; baseline 0.001 -18"><span class='ocrx_word' id='word_1_255' title='bbox 2422 2010 2469 2062; x_wconf 86' lang='grc' dir='ltr'>εἰ</span> <span class='ocrx_word' id='word_1_256' title='bbox 2510 2011 2603 2061; x_wconf 73' lang='grc' dir='ltr'><strong>καὶ</strong></span> <span class='ocrx_word' id='word_1_257' title='bbox 2636 2010 2899 2063; x_wconf 81' lang='grc' dir='ltr'>πλειόνων</span> <span class='ocrx_word' id='word_1_258' title='bbox 2952 2010 3103 2080; x_wconf 71' lang='grc' dir='ltr'>ἐρᾷς,</span> <span class='ocrx_word' id='word_1_259' title='bbox 3135 2010 3184 2061; x_wconf 77' lang='grc' dir='ltr'><strong>οἱ</strong></span> <span class='ocrx_word' id='word_1_260' title='bbox 3231 2010 3355 2077; x_wconf 77' lang='grc' dir='ltr'>ἐμοὶ</span> <span class='ocrx_word' id='word_1_261' title='bbox 3392 2010 3592 2072; x_wconf 84' lang='grc' dir='ltr'>πάντες</span> <span class='ocrx_word' id='word_1_262' title='bbox 3643 2012 3891 2063; x_wconf 82' lang='grc' dir='ltr'>άνείνταί</span> <span class='ocrx_word' id='word_1_263' title='bbox 3928 2028 4008 2064; x_wconf 86' lang='grc' dir='ltr'><strong>σοι</strong></span> 
     </span>
    </p>
   </div>
   <div class='ocr_carea' id='block_1_34' title="bbox 752 2097 2403 2172">
    <p class='ocr_par' dir='ltr' id='par_1_34' title="bbox 752 2097 2389 2170">
     <span class='ocr_line' id='line_1_34' title="bbox 752 2097 2389 2170; baseline -0.004 -13"><span class='ocrx_word' id='word_1_264' title='bbox 752 2104 885 2157; x_wconf 86' lang='lat' dir='ltr'><strong>meis</strong></span> <span class='ocrx_word' id='word_1_265' title='bbox 936 2102 1113 2168; x_wconf 87' lang='lat' dir='ltr'><strong>donis,</strong></span> <span class='ocrx_word' id='word_1_266' title='bbox 1170 2115 1331 2170; x_wconf 84' lang='lat' dir='ltr'><strong>quem</strong></span> <span class='ocrx_word' id='word_1_267' title='bbox 1390 2114 1489 2167; x_wconf 88' lang='lat' dir='ltr'><strong>ego</strong></span> <span class='ocrx_word' id='word_1_268' title='bbox 1521 2110 1574 2153; x_wconf 91' lang='lat' dir='ltr'><strong>et</strong></span> <span class='ocrx_word' id='word_1_269' title='bbox 1620 2101 1811 2167; x_wconf 82' lang='lat' dir='ltr'><strong>Opibus</strong></span> <span class='ocrx_word' id='word_1_270' title='bbox 1858 2110 1912 2153; x_wconf 91' lang='lat' dir='ltr'><strong>et</strong></span> <span class='ocrx_word' id='word_1_271' title='bbox 1943 2100 2111 2166; x_wconf 86' lang='lat' dir='ltr'><strong>gloria</strong></span> <span class='ocrx_word' id='word_1_272' title='bbox 2166 2114 2309 2163; x_wconf 89' lang='lat' dir='ltr'><strong>mea,</strong></span> <span class='ocrx_word' id='word_1_273' title='bbox 2348 2097 2389 2151; x_wconf 86' lang='grc' dir='ltr'><strong><em>Β</em></strong></span> 
     </span>
    </p>
   </div>
   <div class='ocr_carea' id='block_1_35' title="bbox 2358 2097 4009 2172">
    <p class='ocr_par' dir='ltr' id='par_1_35' title="bbox 2358 2098 4009 2172">
     <span class='ocr_line' id='line_1_35' title="bbox 2358 2098 4009 2172; baseline 0.002 -20"><span class='ocrx_word' id='word_1_274' title='bbox 2358 2098 2389 2151; x_wconf 85' lang='grc' dir='ltr'><strong>Β</strong></span> <span class='ocrx_word' id='word_1_275' title='bbox 2418 2100 2684 2171; x_wconf 84' lang='grc' dir='ltr'>θησαυροί</span> <span class='ocrx_word' id='word_1_276' title='bbox 2720 2116 2735 2131; x_wconf 76' lang='grc' dir='ltr'><strong>ο</strong></span> <span class='ocrx_word' id='word_1_277' title='bbox 2770 2100 2978 2154; x_wconf 90' lang='grc' dir='ltr'>τούτων</span> <span class='ocrx_word' id='word_1_278' title='bbox 3001 2102 3339 2170; x_wconf 71' lang='grc' dir='ltr'><strong>ἀμφοτέραις</strong></span> <span class='ocrx_word' id='word_1_279' title='bbox 3387 2101 3586 2167; x_wconf 80' lang='grc' dir='ltr'>ἄντλει,</span> <span class='ocrx_word' id='word_1_280' title='bbox 3624 2102 3720 2155; x_wconf 81' lang='grc' dir='ltr'>καὶ</span> <span class='ocrx_word' id='word_1_281' title='bbox 3757 2103 3835 2172; x_wconf 81' lang='grc' dir='ltr'>μὴ</span> <span class='ocrx_word' id='word_1_282' title='bbox 3867 2103 4009 2155; x_wconf 78' lang='grc' dir='ltr'>οὕτω</span> 
     </span>
    </p>
   </div>
   <div class='ocr_carea' id='block_1_36' title="bbox 751 2189 2402 2260">
    <p class='ocr_par' dir='ltr' id='par_1_36' title="bbox 751 2189 2317 2259">
     <span class='ocr_line' id='line_1_36' title="bbox 751 2189 2317 2259; baseline -0.003 -11"><span class='ocrx_word' id='word_1_283' title='bbox 751 2194 1120 2248; x_wconf 72' lang='lat' dir='ltr'><strong>Iattiiiiaritate</strong></span> <span class='ocrx_word' id='word_1_284' title='bbox 1168 2202 1227 2246; x_wconf 90' lang='lat' dir='ltr'><strong>et</strong></span> <span class='ocrx_word' id='word_1_285' title='bbox 1260 2190 1642 2259; x_wconf 84' lang='lat' dir='ltr'><strong>conjunctione</strong></span> <span class='ocrx_word' id='word_1_286' title='bbox 1698 2189 1911 2244; x_wconf 88' lang='lat' dir='ltr'><strong>beatum</strong></span> <span class='ocrx_word' id='word_1_287' title='bbox 1965 2190 2149 2245; x_wconf 65' lang='lat' dir='ltr'><strong>Romen</strong></span> <span class='ocrx_word' id='word_1_288' title='bbox 2196 2193 2317 2244; x_wconf 85' lang='lat' dir='ltr'><strong>red-</strong></span> 
     </span>
    </p>
   </div>
   <div class='ocr_carea' id='block_1_37' title="bbox 2354 2189 4005 2260">
    <p class='ocr_par' dir='ltr' id='par_1_37' title="bbox 2416 2189 4005 2260">
     <span class='ocr_line' id='line_1_37' title="bbox 2416 2189 4005 2260; baseline 0 -17"><span class='ocrx_word' id='word_1_289' title='bbox 2416 2189 2775 2260; x_wconf 63' lang='grc' dir='ltr'>καταπροδᾷκ</span> <span class='ocrx_word' id='word_1_290' title='bbox 2829 2190 3080 2256; x_wconf 74' lang='grc' dir='ltr'>σεαυτὸν,</span> <span class='ocrx_word' id='word_1_291' title='bbox 3141 2190 3366 2259; x_wconf 78' lang='grc' dir='ltr'><strong>κλέμμα</strong></span> <span class='ocrx_word' id='word_1_292' title='bbox 3401 2190 3662 2255; x_wconf 82' lang='grc' dir='ltr'>γυναικὸς</span> <span class='ocrx_word' id='word_1_293' title='bbox 3691 2193 3790 2244; x_wconf 66' lang='grc' dir='ltr'><strong>καὶ</strong></span> <span class='ocrx_word' id='word_1_294' title='bbox 3822 2192 4005 2259; x_wconf 73' lang='grc' dir='ltr'>ὀλίγον</span> 
     </span>
    </p>
   </div>
   <div class='ocr_carea' id='block_1_38' title="bbox 751 2280 2402 2353">
    <p class='ocr_par' dir='ltr' id='par_1_38' title="bbox 751 2280 2319 2351">
     <span class='ocr_line' id='line_1_38' title="bbox 751 2280 2319 2351; baseline -0.001 -16"><span class='ocrx_word' id='word_1_295' title='bbox 751 2282 899 2336; x_wconf 84' lang='lat' dir='ltr'><strong>didi?</strong></span> <span class='ocrx_word' id='word_1_296' title='bbox 927 2282 1080 2348; x_wconf 88' lang='lat' dir='ltr'><strong>Quod</strong></span> <span class='ocrx_word' id='word_1_297' title='bbox 1108 2281 1151 2335; x_wconf 95' lang='lat' dir='ltr'><strong>si</strong></span> <span class='ocrx_word' id='word_1_298' title='bbox 1189 2280 1341 2351; x_wconf 86' lang='lat' dir='ltr'><strong>plura</strong></span> <span class='ocrx_word' id='word_1_299' title='bbox 1369 2281 1666 2344; x_wconf 78' lang='lat' dir='ltr'><strong>desideras,</strong></span> <span class='ocrx_word' id='word_1_300' title='bbox 1700 2282 1823 2335; x_wconf 91' lang='lat' dir='ltr'><strong>licet</strong></span> <span class='ocrx_word' id='word_1_301' title='bbox 1852 2282 1945 2335; x_wconf 78' lang='lat' dir='ltr'><strong>tibi</strong></span> <span class='ocrx_word' id='word_1_302' title='bbox 1984 2282 2184 2334; x_wconf 87' lang='lat' dir='ltr'><strong>nostris</strong></span> <span class='ocrx_word' id='word_1_303' title='bbox 2214 2280 2319 2334; x_wconf 80' lang='lat' dir='ltr'><strong>frui</strong></span> 
     </span>
    </p>
   </div>
   <div class='ocr_carea' id='block_1_39' title="bbox 2351 2280 4002 2353">
    <p class='ocr_par' dir='ltr' id='par_1_39' title="bbox 2417 2280 4002 2353">
     <span class='ocr_line' id='line_1_39' title="bbox 2417 2280 4002 2353; baseline 0.001 -20"><span class='ocrx_word' id='word_1_304' title='bbox 2417 2281 2619 2351; x_wconf 78' lang='grc' dir='ltr'>χρυσοῦ</span> <span class='ocrx_word' id='word_1_305' title='bbox 2685 2282 2976 2351; x_wconf 78' lang='grc' dir='ltr'>γενόμενος</span> <span class='ocrx_word' id='word_1_306' title='bbox 3024 2280 3205 2333; x_wconf 80' lang='grc' dir='ltr'>ὢνιον.</span> <span class='ocrx_word' id='word_1_307' title='bbox 3276 2280 3335 2332; x_wconf 83' lang='grc' dir='ltr'><strong>Ὀ</strong></span> <span class='ocrx_word' id='word_1_308' title='bbox 3369 2283 3424 2333; x_wconf 75' lang='grc' dir='ltr'><strong>δὲ</strong></span> <span class='ocrx_word' id='word_1_309' title='bbox 3460 2284 3755 2351; x_wconf 74' lang='grc' dir='ltr'>Κορέμων,</span> <span class='ocrx_word' id='word_1_310' title='bbox 3800 2284 3901 2353; x_wconf 66' lang='grc' dir='ltr'><strong>ἤδη</strong></span> <span class='ocrx_word' id='word_1_311' title='bbox 3938 2287 4002 2352; x_wconf 71' lang='grc' dir='ltr'>τῇ</span> 
     </span>
    </p>
   </div>
   <div class='ocr_carea' id='block_1_40' title="bbox 751 2369 2402 2443">
    <p class='ocr_par' dir='ltr' id='par_1_40' title="bbox 751 2369 2319 2439">
     <span class='ocr_line' id='line_1_40' title="bbox 751 2369 2319 2439; baseline -0.001 -14"><span class='ocrx_word' id='word_1_312' title='bbox 751 2369 953 2425; x_wconf 79' lang='lat' dir='ltr'><strong>aﬂ&#39;atim</strong></span> <span class='ocrx_word' id='word_1_313' title='bbox 993 2389 1007 2425; x_wconf 91' lang='lat'><strong><em>:</em></strong></span> <span class='ocrx_word' id='word_1_314' title='bbox 1045 2370 1136 2424; x_wconf 90' lang='lat' dir='ltr'><strong>tibi</strong></span> <span class='ocrx_word' id='word_1_315' title='bbox 1168 2380 1292 2423; x_wconf 87' lang='lat' dir='ltr'><strong>sunt</strong></span> <span class='ocrx_word' id='word_1_316' title='bbox 1338 2369 1509 2439; x_wconf 87' lang='lat' dir='ltr'><strong>aperti</strong></span> <span class='ocrx_word' id='word_1_317' title='bbox 1538 2384 1728 2423; x_wconf 83' lang='lat' dir='ltr'><strong>omnes</strong></span> <span class='ocrx_word' id='word_1_318' title='bbox 1767 2370 1869 2422; x_wconf 87' lang='lat' dir='ltr'><strong>mei</strong></span> <span class='ocrx_word' id='word_1_319' title='bbox 1920 2370 2157 2423; x_wconf 78' lang='lat' dir='ltr'><strong>thesauri</strong></span> <span class='ocrx_word' id='word_1_320' title='bbox 2204 2385 2217 2423; x_wconf 90' lang='lat'><strong>:</strong></span> <span class='ocrx_word' id='word_1_321' title='bbox 2253 2384 2319 2423; x_wconf 76' lang='lat' dir='ltr'><strong>ex</strong></span> 
     </span>
    </p>
   </div>
   <div class='ocr_carea' id='block_1_41' title="bbox 2352 2369 4003 2443">
    <p class='ocr_par' dir='ltr' id='par_1_41' title="bbox 2416 2371 4003 2443">
     <span class='ocr_line' id='line_1_41' title="bbox 2416 2371 4003 2443; baseline 0.002 -19"><span class='ocrx_word' id='word_1_322' title='bbox 2416 2374 2510 2425; x_wconf 88' lang='grc' dir='ltr'><strong>τοῦ</strong></span> <span class='ocrx_word' id='word_1_323' title='bbox 2548 2374 2825 2443; x_wconf 86' lang='grc' dir='ltr'>μάρτυρος</span> <span class='ocrx_word' id='word_1_324' title='bbox 2858 2374 2988 2442; x_wconf 79' lang='grc' dir='ltr'>εὐχῇ</span> <span class='ocrx_word' id='word_1_325' title='bbox 3021 2372 3117 2442; x_wconf 81' lang='grc' dir='ltr'>τὴν</span> <span class='ocrx_word' id='word_1_326' title='bbox 3149 2371 3330 2442; x_wconf 77' lang='grc' dir='ltr'>ψυχὴν</span> <span class='ocrx_word' id='word_1_327' title='bbox 3361 2374 3674 2441; x_wconf 79' lang='grc' dir='ltr'>φωτισθεὶς,</span> <span class='ocrx_word' id='word_1_328' title='bbox 3701 2376 3764 2426; x_wconf 71' lang='grc' dir='ltr'><strong>τὸ</strong></span> <span class='ocrx_word' id='word_1_329' title='bbox 3785 2374 4003 2443; x_wconf 82' lang='grc' dir='ltr'>θαυμα-</span> 
     </span>
    </p>
   </div>
   <div class='ocr_carea' id='block_1_42' title="bbox 751 2460 2402 2537">
    <p class='ocr_par' dir='ltr' id='par_1_42' title="bbox 751 2460 2319 2528">
     <span class='ocr_line' id='line_1_42' title="bbox 751 2460 2319 2528; baseline -0.001 -12"><span class='ocrx_word' id='word_1_330' title='bbox 751 2464 837 2517; x_wconf 86' lang='lat' dir='ltr'><strong>his</strong></span> <span class='ocrx_word' id='word_1_331' title='bbox 887 2462 1042 2514; x_wconf 85' lang='lat' dir='ltr'><strong>hauri</strong></span> <span class='ocrx_word' id='word_1_332' title='bbox 1103 2460 1365 2514; x_wconf 87' lang='lat' dir='ltr'><strong>ambabus</strong></span> <span class='ocrx_word' id='word_1_333' title='bbox 1431 2461 1697 2523; x_wconf 87' lang='lat' dir='ltr'><strong>manibus,</strong></span> <span class='ocrx_word' id='word_1_334' title='bbox 1748 2474 1921 2527; x_wconf 90' lang='lat' dir='ltr'><strong>neque</strong></span> <span class='ocrx_word' id='word_1_335' title='bbox 1973 2462 2197 2528; x_wconf 90' lang='lat' dir='ltr'><strong>teipsum</strong></span> <span class='ocrx_word' id='word_1_336' title='bbox 2248 2461 2319 2515; x_wconf 89' lang='lat' dir='ltr'><strong>ita</strong></span> 
     </span>
    </p>
   </div>
   <div class='ocr_carea' id='block_1_43' title="bbox 2355 2460 4006 2537">
    <p class='ocr_par' dir='ltr' id='par_1_43' title="bbox 2421 2464 4006 2537">
     <span class='ocr_line' id='line_1_43' title="bbox 2421 2464 4006 2537; baseline -0.001 -19"><span class='ocrx_word' id='word_1_337' title='bbox 2421 2470 2553 2520; x_wconf 74' lang='grc' dir='ltr'>στὸν</span> <span class='ocrx_word' id='word_1_338' title='bbox 2602 2466 2699 2519; x_wconf 77' lang='grc' dir='ltr'>καὶ</span> <span class='ocrx_word' id='word_1_339' title='bbox 2754 2465 3085 2537; x_wconf 74' lang='grc' dir='ltr'>ἀξιύμνητον</span> <span class='ocrx_word' id='word_1_340' title='bbox 3118 2465 3443 2533; x_wconf 75' lang='grc' dir='ltr'>ἐξεϐόησεν⁸</span> <span class='ocrx_word' id='word_1_341' title='bbox 3483 2466 3683 2527; x_wconf 86' lang='grc' dir='ltr'>Ἔστω,</span> <span class='ocrx_word' id='word_1_342' title='bbox 3740 2464 4006 2535; x_wconf 75' lang='grc' dir='ltr'>λέγων,ή</span> 
     </span>
    </p>
   </div>
   <div class='ocr_carea' id='block_1_44' title="bbox 752 2542 2403 2630">
    <p class='ocr_par' dir='ltr' id='par_1_44' title="bbox 752 2551 2311 2624">
     <span class='ocr_line' id='line_1_44' title="bbox 752 2551 2311 2624; baseline -0.001 -15"><span class='ocrx_word' id='word_1_343' title='bbox 752 2556 969 2624; x_wconf 88' lang='lat' dir='ltr'><strong>prodas,</strong></span> <span class='ocrx_word' id='word_1_344' title='bbox 1005 2569 1035 2607; x_wconf 90' lang='lat' dir='ltr'><strong>a</strong></span> <span class='ocrx_word' id='word_1_345' title='bbox 1087 2552 1287 2606; x_wconf 75' lang='lat' dir='ltr'><strong>femina</strong></span> <span class='ocrx_word' id='word_1_346' title='bbox 1346 2551 1490 2607; x_wconf 78' lang='lat' dir='ltr'><strong>furto</strong></span> <span class='ocrx_word' id='word_1_347' title='bbox 1540 2552 1801 2617; x_wconf 82' lang='lat' dir='ltr'><strong>sublatus,</strong></span> <span class='ocrx_word' id='word_1_348' title='bbox 1855 2560 1909 2606; x_wconf 89' lang='lat' dir='ltr'><strong>et</strong></span> <span class='ocrx_word' id='word_1_349' title='bbox 1960 2567 2127 2621; x_wconf 91' lang='lat' dir='ltr'><strong>pauco</strong></span> <span class='ocrx_word' id='word_1_350' title='bbox 2178 2568 2311 2608; x_wconf 89' lang='lat' dir='ltr'><strong>auro</strong></span> 
     </span>
    </p>
   </div>
   <div class='ocr_carea' id='block_1_45' title="bbox 2352 2542 4003 2630">
    <p class='ocr_par' dir='ltr' id='par_1_45' title="bbox 2414 2542 4003 2630">
     <span class='ocr_line' id='line_1_45' title="bbox 2414 2542 4003 2630; baseline -0.002 -20"><span class='ocrx_word' id='word_1_351' title='bbox 2414 2557 2545 2626; x_wconf 84' lang='grc' dir='ltr'>τιμή</span> <span class='ocrx_word' id='word_1_352' title='bbox 2589 2574 2683 2609; x_wconf 90' lang='grc' dir='ltr'><strong>σου</strong></span> <span class='ocrx_word' id='word_1_353' title='bbox 2722 2558 2819 2609; x_wconf 72' lang='grc' dir='ltr'><strong>σὺν</strong></span> <span class='ocrx_word' id='word_1_354' title='bbox 2848 2558 2932 2607; x_wconf 66' lang='grc' dir='ltr'><strong>σοι</strong></span> <span class='ocrx_word' id='word_1_355' title='bbox 2960 2558 3039 2617; x_wconf 83' lang='grc' dir='ltr'><strong>είς</strong></span> <span class='ocrx_word' id='word_1_356' title='bbox 3070 2554 3367 2619; x_wconf 81' lang='grc' dir='ltr'>ἀπώλειαν,</span> <span class='ocrx_word' id='word_1_357' title='bbox 3402 2554 3468 2608; x_wconf 71' lang='grc' dir='ltr'>τὰ</span> <span class='ocrx_word' id='word_1_358' title='bbox 3514 2555 3571 2607; x_wconf 71' lang='grc' dir='ltr'><strong>δὲ</strong></span> <span class='ocrx_word' id='word_1_359' title='bbox 3615 2542 3883 2630; x_wconf 67' lang='grc' dir='ltr'>χρήματᾲ</span> <span class='ocrx_word' id='word_1_360' title='bbox 3912 2572 4003 2607; x_wconf 86' lang='grc' dir='ltr'><strong>σου</strong></span> 
     </span>
    </p>
   </div>
   <div class='ocr_carea' id='block_1_46' title="bbox 752 2644 2403 2717">
    <p class='ocr_par' dir='ltr' id='par_1_46' title="bbox 752 2644 2310 2716">
     <span class='ocr_line' id='line_1_46' title="bbox 752 2644 2310 2716; baseline -0.001 -15"><span class='ocrx_word' id='word_1_361' title='bbox 752 2658 983 2716; x_wconf 87' lang='lat' dir='ltr'><strong>emptus.</strong></span> <span class='ocrx_word' id='word_1_362' title='bbox 1026 2647 1234 2703; x_wconf 87' lang='lat' dir='ltr'><strong>Curebo</strong></span> <span class='ocrx_word' id='word_1_363' title='bbox 1290 2656 1469 2700; x_wconf 88' lang='lat' dir='ltr'><strong>autem</strong></span> <span class='ocrx_word' id='word_1_364' title='bbox 1517 2644 1630 2712; x_wconf 91' lang='lat' dir='ltr'><strong>jam</strong></span> <span class='ocrx_word' id='word_1_365' title='bbox 1690 2654 1832 2700; x_wconf 88' lang='lat' dir='ltr'><strong>totus</strong></span> <span class='ocrx_word' id='word_1_366' title='bbox 1889 2646 2126 2713; x_wconf 89' lang='lat' dir='ltr'><strong>repletus</strong></span> <span class='ocrx_word' id='word_1_367' title='bbox 2169 2646 2310 2699; x_wconf 89' lang='lat' dir='ltr'><strong>bono</strong></span> 
     </span>
    </p>
   </div>
   <div class='ocr_carea' id='block_1_47' title="bbox 2354 2644 4005 2717">
    <p class='ocr_par' dir='ltr' id='par_1_47' title="bbox 2415 2646 4005 2717">
     <span class='ocr_line' id='line_1_47' title="bbox 2415 2646 4005 2717; baseline -0.001 -17"><span class='ocrx_word' id='word_1_368' title='bbox 2415 2648 2714 2717; x_wconf 82' lang='grc' dir='ltr'>ὑπόκαυμα</span> <span class='ocrx_word' id='word_1_369' title='bbox 2739 2647 2817 2717; x_wconf 81' lang='grc' dir='ltr'>τῷ</span> <span class='ocrx_word' id='word_1_370' title='bbox 2856 2646 3215 2717; x_wconf 75' lang='grc' dir='ltr'>περιμένοντι</span> <span class='ocrx_word' id='word_1_371' title='bbox 3261 2662 3318 2698; x_wconf 89' lang='grc' dir='ltr'><strong>σε</strong></span> <span class='ocrx_word' id='word_1_372' title='bbox 3353 2647 3488 2716; x_wconf 70' lang='grc' dir='ltr'>πυρὶ</span> <span class='ocrx_word' id='word_1_373' title='bbox 3531 2647 3773 2714; x_wconf 81' lang='grc' dir='ltr'>γένοιτο·</span> <span class='ocrx_word' id='word_1_374' title='bbox 3810 2647 3864 2698; x_wconf 84' lang='grc' dir='ltr'><strong>τί</strong></span> <span class='ocrx_word' id='word_1_375' title='bbox 3898 2646 4005 2715; x_wconf 79' lang='grc' dir='ltr'>γάρ</span> 
     </span>
    </p>
   </div>
   <div class='ocr_carea' id='block_1_48' title="bbox 750 2736 2401 2807">
    <p class='ocr_par' dir='ltr' id='par_1_48' title="bbox 750 2738 2314 2807">
     <span class='ocr_line' id='line_1_48' title="bbox 750 2738 2314 2807; baseline -0.002 -16"><span class='ocrx_word' id='word_1_376' title='bbox 750 2741 964 2805; x_wconf 74' lang='lat' dir='ltr'><strong>Spiritu,</strong></span> <span class='ocrx_word' id='word_1_377' title='bbox 996 2748 1051 2790; x_wconf 90' lang='lat' dir='ltr'><strong>et</strong></span> <span class='ocrx_word' id='word_1_378' title='bbox 1098 2740 1348 2807; x_wconf 80' lang='lat' dir='ltr'><strong>martyris</strong></span> <span class='ocrx_word' id='word_1_379' title='bbox 1380 2738 1632 2805; x_wconf 80' lang='lat' dir='ltr'><strong>precibus</strong></span> <span class='ocrx_word' id='word_1_380' title='bbox 1669 2747 1902 2790; x_wconf 80' lang='lat' dir='ltr'><strong>mentem</strong></span> <span class='ocrx_word' id='word_1_381' title='bbox 1944 2738 2144 2790; x_wconf 87' lang='lat' dir='ltr'><strong>habens</strong></span> <span class='ocrx_word' id='word_1_382' title='bbox 2193 2739 2314 2789; x_wconf 89' lang='lat' dir='ltr'><strong>illn-</strong></span> 
     </span>
    </p>
   </div>
   <div class='ocr_carea' id='block_1_49' title="bbox 2353 2736 4004 2807">
    <p class='ocr_par' dir='ltr' id='par_1_49' title="bbox 2415 2736 4004 2807">
     <span class='ocr_line' id='line_1_49' title="bbox 2415 2736 4004 2807; baseline -0.001 -17"><span class='ocrx_word' id='word_1_383' title='bbox 2415 2738 2481 2805; x_wconf 82' lang='grc' dir='ltr'><strong>δὴ</strong></span> <span class='ocrx_word' id='word_1_384' title='bbox 2508 2740 2600 2790; x_wconf 70' lang='grc' dir='ltr'><strong>καὶ</strong></span> <span class='ocrx_word' id='word_1_385' title='bbox 2632 2738 2772 2789; x_wconf 81' lang='grc' dir='ltr'>ἑκὼν</span> <span class='ocrx_word' id='word_1_386' title='bbox 2805 2738 3162 2805; x_wconf 83' lang='grc' dir='ltr'>τυφλῶττεις,</span> <span class='ocrx_word' id='word_1_387' title='bbox 3214 2741 3310 2789; x_wconf 75' lang='grc' dir='ltr'><strong>καὶ</strong></span> <span class='ocrx_word' id='word_1_388' title='bbox 3363 2736 3534 2790; x_wconf 81' lang='grc' dir='ltr'>ταῦτα</span> <span class='ocrx_word' id='word_1_389' title='bbox 3586 2738 3756 2807; x_wconf 77' lang='grc' dir='ltr'>πείρᾳ</span> <span class='ocrx_word' id='word_1_390' title='bbox 3793 2738 4004 2807; x_wconf 82' lang='grc' dir='ltr'>μαθὼν,</span> 
     </span>
    </p>
   </div>
   <div class='ocr_carea' id='block_1_50' title="bbox 751 2826 2402 2897">
    <p class='ocr_par' dir='ltr' id='par_1_50' title="bbox 751 2827 2311 2896">
     <span class='ocr_line' id='line_1_50' title="bbox 751 2827 2311 2896; baseline -0.003 -13"><span class='ocrx_word' id='word_1_391' title='bbox 751 2830 1397 2893; x_wconf 68' lang='grc' dir='ltr'><strong>ιιιὴιειιειιι,οειοίοιιιιινίι</strong></span> <span class='ocrx_word' id='word_1_392' title='bbox 1457 2827 1586 2881; x_wconf 85' lang='lat' dir='ltr'><strong>illud</strong></span> <span class='ocrx_word' id='word_1_393' title='bbox 1637 2827 1954 2881; x_wconf 77' lang='lat' dir='ltr'><strong>admirabile</strong></span> <span class='ocrx_word' id='word_1_394' title='bbox 2000 2837 2054 2881; x_wconf 91' lang='lat' dir='ltr'><strong>et</strong></span> <span class='ocrx_word' id='word_1_395' title='bbox 2095 2828 2311 2896; x_wconf 83' lang='lat' dir='ltr'><strong>dignum</strong></span> 
     </span>
    </p>
   </div>
   <div class='ocr_carea' id='block_1_51' title="bbox 2356 2826 4007 2897">
    <p class='ocr_par' dir='ltr' id='par_1_51' title="bbox 2415 2826 4007 2897">
     <span class='ocr_line' id='line_1_51' title="bbox 2415 2826 4007 2897; baseline -0.002 -17"><span class='ocrx_word' id='word_1_396' title='bbox 2415 2830 2500 2880; x_wconf 82' lang='grc' dir='ltr'><strong>ὅτι</strong></span> <span class='ocrx_word' id='word_1_397' title='bbox 2539 2828 2646 2880; x_wconf 85' lang='grc' dir='ltr'><strong>τῶν</strong></span> <span class='ocrx_word' id='word_1_398' title='bbox 2679 2827 2777 2897; x_wconf 77' lang='grc' dir='ltr'>μὲν</span> <span class='ocrx_word' id='word_1_399' title='bbox 2812 2826 2920 2880; x_wconf 87' lang='grc' dir='ltr'>σῶν</span> <span class='ocrx_word' id='word_1_400' title='bbox 2955 2827 3093 2879; x_wconf 82' lang='grc' dir='ltr'>θεῶν</span> <span class='ocrx_word' id='word_1_401' title='bbox 3123 2827 3300 2889; x_wconf 79' lang='grc' dir='ltr'>οὐδεὶς</span> <span class='ocrx_word' id='word_1_402' title='bbox 3356 2828 3447 2879; x_wconf 69' lang='grc' dir='ltr'><strong>τὸν</strong></span> <span class='ocrx_word' id='word_1_403' title='bbox 3491 2828 3836 2896; x_wconf 71' lang='grc' dir='ltr'>ἐμϐληθέντα</span> <span class='ocrx_word' id='word_1_404' title='bbox 3874 2829 4007 2896; x_wconf 82' lang='grc' dir='ltr'>πυρὶ</span> 
     </span>
    </p>
   </div>
   <div class='ocr_carea' id='block_1_52' title="bbox 656 2913 2307 2990">
    <p class='ocr_par' dir='ltr' id='par_1_52' title="bbox 656 2916 2307 2990">
     <span class='ocr_line' id='line_1_52' title="bbox 656 2916 2307 2990; baseline -0.002 -16"><span class='ocrx_word' id='word_1_405' title='bbox 656 2936 657 2939; x_wconf 75' lang='lat'>‘</span> <span class='ocrx_word' id='word_1_406' title='bbox 749 2921 892 2990; x_wconf 89' lang='lat' dir='ltr'><strong>quod</strong></span> <span class='ocrx_word' id='word_1_407' title='bbox 943 2920 1244 2974; x_wconf 85' lang='lat' dir='ltr'><strong>celebretur</strong></span> <span class='ocrx_word' id='word_1_408' title='bbox 1298 2936 1311 2971; x_wconf 88' lang='lat'><strong>:</strong></span> <span class='ocrx_word' id='word_1_409' title='bbox 1364 2916 1599 2972; x_wconf 88' lang='lat' dir='ltr'><strong>Pretium</strong></span> <span class='ocrx_word' id='word_1_410' title='bbox 1661 2926 1833 2983; x_wconf 89' lang='lat' dir='ltr'><strong>tuum,</strong></span> <span class='ocrx_word' id='word_1_411' title='bbox 1876 2919 2084 2981; x_wconf 89' lang='lat' dir='ltr'><strong>dicens,</strong></span> <span class='ocrx_word' id='word_1_412' title='bbox 2138 2930 2307 2972; x_wconf 87' lang='lat' dir='ltr'><strong>tecum</strong></span> 
     </span>
    </p>
   </div>
   <div class='ocr_carea' id='block_1_53' title="bbox 2355 2913 4006 2990">
    <p class='ocr_par' dir='ltr' id='par_1_53' title="bbox 2419 2913 4006 2987">
     <span class='ocr_line' id='line_1_53' title="bbox 2419 2913 4006 2987; baseline -0.002 -14"><span class='ocrx_word' id='word_1_413' title='bbox 2419 2922 2591 2975; x_wconf 87' lang='grc' dir='ltr'>σῶσαι</span> <span class='ocrx_word' id='word_1_414' title='bbox 2625 2920 2869 2985; x_wconf 84' lang='grc' dir='ltr'>δύναται,</span> <span class='ocrx_word' id='word_1_415' title='bbox 2896 2920 2955 2973; x_wconf 83' lang='grc' dir='ltr'>ὃν</span> <span class='ocrx_word' id='word_1_416' title='bbox 2992 2920 3047 2972; x_wconf 78' lang='grc' dir='ltr'><strong>δὲ</strong></span> <span class='ocrx_word' id='word_1_417' title='bbox 3092 2921 3120 2971; x_wconf 90' lang='lat'><strong>6</strong></span> <span class='ocrx_word' id='word_1_418' title='bbox 3159 2918 3504 2987; x_wconf 76' lang='grc' dir='ltr'><strong>Ἐλευθέριος</strong></span> <span class='ocrx_word' id='word_1_419' title='bbox 3553 2913 3707 2981; x_wconf 76' lang='grc' dir='ltr'>οὗτος</span> <span class='ocrx_word' id='word_1_420' title='bbox 3762 2920 4006 2981; x_wconf 83' lang='grc' dir='ltr'>σέϐεται,</span> 
     </span>
    </p>
   </div>
   <div class='ocr_carea' id='block_1_54' title="bbox 750 3008 2401 3082">
    <p class='ocr_par' dir='ltr' id='par_1_54' title="bbox 750 3008 2313 3079">
     <span class='ocr_line' id='line_1_54' title="bbox 750 3008 2313 3079; baseline -0.003 -14"><span class='ocrx_word' id='word_1_421' title='bbox 750 3020 839 3065; x_wconf 87' lang='lat' dir='ltr'><strong>eat</strong></span> <span class='ocrx_word' id='word_1_422' title='bbox 880 3014 930 3064; x_wconf 91' lang='lat' dir='ltr'><strong>in</strong></span> <span class='ocrx_word' id='word_1_423' title='bbox 970 3011 1349 3079; x_wconf 83' lang='lat' dir='ltr'><strong>perditionem.</strong></span> <span class='ocrx_word' id='word_1_424' title='bbox 1379 3009 1505 3062; x_wconf 61' lang='lat' dir='ltr'><strong>Tua:</strong></span> <span class='ocrx_word' id='word_1_425' title='bbox 1547 3024 1669 3062; x_wconf 87' lang='lat' dir='ltr'><strong>vero</strong></span> <span class='ocrx_word' id='word_1_426' title='bbox 1720 3010 1955 3076; x_wconf 77' lang='lat' dir='ltr'><strong>pecunia:</strong></span> <span class='ocrx_word' id='word_1_427' title='bbox 1990 3008 2096 3062; x_wconf 86' lang='lat' dir='ltr'><strong>sint</strong></span> <span class='ocrx_word' id='word_1_428' title='bbox 2141 3008 2313 3061; x_wconf 85' lang='lat' dir='ltr'><strong>lomes</strong></span> 
     </span>
    </p>
   </div>
   <div class='ocr_carea' id='block_1_55' title="bbox 2355 3008 4006 3082">
    <p class='ocr_par' dir='ltr' id='par_1_55' title="bbox 2419 3008 4006 3082">
     <span class='ocr_line' id='line_1_55' title="bbox 2419 3008 4006 3082; baseline 0 -19"><span class='ocrx_word' id='word_1_429' title='bbox 2419 3012 2512 3064; x_wconf 73' lang='grc' dir='ltr'><strong>καὶ</strong></span> <span class='ocrx_word' id='word_1_430' title='bbox 2553 3011 2723 3080; x_wconf 73' lang='grc' dir='ltr'>πυρὸς</span> <span class='ocrx_word' id='word_1_431' title='bbox 2749 3012 2910 3064; x_wconf 69' lang='grc' dir='ltr'>αὑτὸν</span> <span class='ocrx_word' id='word_1_432' title='bbox 2933 3011 3174 3063; x_wconf 78' lang='grc' dir='ltr'>δείκνυσι</span> <span class='ocrx_word' id='word_1_433' title='bbox 3206 3011 3297 3061; x_wconf 70' lang='grc' dir='ltr'>καὶ</span> <span class='ocrx_word' id='word_1_434' title='bbox 3329 3011 3507 3082; x_wconf 83' lang='grc' dir='ltr'>πάσης</span> <span class='ocrx_word' id='word_1_435' title='bbox 3539 3008 3704 3080; x_wconf 82' lang='grc' dir='ltr'>άλλης</span> <span class='ocrx_word' id='word_1_436' title='bbox 3731 3011 4006 3073; x_wconf 82' lang='grc' dir='ltr'>κολάσεως</span> 
     </span>
    </p>
   </div>
   <div class='ocr_carea' id='block_1_56' title="bbox 751 3100 2402 3173">
    <p class='ocr_par' dir='ltr' id='par_1_56' title="bbox 751 3100 2311 3173">
     <span class='ocr_line' id='line_1_56' title="bbox 751 3100 2311 3173; baseline -0.003 -17"><span class='ocrx_word' id='word_1_437' title='bbox 751 3102 911 3173; x_wconf 88' lang='lat' dir='ltr'><strong>ignis,</strong></span> <span class='ocrx_word' id='word_1_438' title='bbox 947 3102 1038 3172; x_wconf 90' lang='lat' dir='ltr'><strong>qui</strong></span> <span class='ocrx_word' id='word_1_439' title='bbox 1067 3113 1118 3158; x_wconf 80' lang='lat' dir='ltr'><strong>te</strong></span> <span class='ocrx_word' id='word_1_440' title='bbox 1146 3111 1343 3157; x_wconf 87' lang='lat' dir='ltr'><strong>manet.</strong></span> <span class='ocrx_word' id='word_1_441' title='bbox 1378 3101 1516 3165; x_wconf 88' lang='lat' dir='ltr'><strong>Quid</strong></span> <span class='ocrx_word' id='word_1_442' title='bbox 1547 3100 1688 3154; x_wconf 91' lang='lat' dir='ltr'><strong>enim</strong></span> <span class='ocrx_word' id='word_1_443' title='bbox 1724 3108 1811 3151; x_wconf 89' lang='lat' dir='ltr'><strong>tua</strong></span> <span class='ocrx_word' id='word_1_444' title='bbox 1850 3108 2043 3169; x_wconf 88' lang='lat' dir='ltr'><strong>sponte</strong></span> <span class='ocrx_word' id='word_1_445' title='bbox 2069 3100 2311 3162; x_wconf 69' lang='lat' dir='ltr'><strong>ementis,</strong></span> 
     </span>
    </p>
   </div>
   <div class='ocr_carea' id='block_1_57' title="bbox 1159 3100 2810 3173">
    <p class='ocr_par' dir='ltr' id='par_1_57' title="bbox 1159 3100 2810 3173">
     <span class='ocr_line' id='line_1_57' title="bbox 1159 3100 2810 3173; baseline 0.001 -19"><span class='ocrx_word' id='word_1_446' title='bbox 1159 3111 1343 3157; x_wconf 80' lang='lat' dir='ltr'><strong>nanet.</strong></span> <span class='ocrx_word' id='word_1_447' title='bbox 1378 3101 1516 3165; x_wconf 90' lang='lat' dir='ltr'><strong>Quid</strong></span> <span class='ocrx_word' id='word_1_448' title='bbox 1547 3100 1688 3154; x_wconf 91' lang='lat' dir='ltr'><strong>enim</strong></span> <span class='ocrx_word' id='word_1_449' title='bbox 1724 3108 1811 3151; x_wconf 89' lang='lat' dir='ltr'><strong>tua</strong></span> <span class='ocrx_word' id='word_1_450' title='bbox 1850 3108 2043 3169; x_wconf 87' lang='lat' dir='ltr'><strong>sponte</strong></span> <span class='ocrx_word' id='word_1_451' title='bbox 2069 3100 2311 3162; x_wconf 69' lang='lat' dir='ltr'><strong>ementis,</strong></span> <span class='ocrx_word' id='word_1_452' title='bbox 2424 3102 2810 3173; x_wconf 73' lang='grc' dir='ltr'>ἰσχυρότερονς</span> 
     </span>
    </p>
   </div>
   <div class='ocr_carea' id='block_1_58' title="bbox 751 3192 4009 3265">
    <p class='ocr_par' dir='ltr' id='par_1_58' title="bbox 751 3192 4009 3265">
     <span class='ocr_line' id='line_1_58' title="bbox 751 3192 4009 3265; baseline -0.001 -12"><span class='ocrx_word' id='word_1_453' title='bbox 751 3209 806 3254; x_wconf 91' lang='lat' dir='ltr'><strong>et</strong></span> <span class='ocrx_word' id='word_1_454' title='bbox 843 3199 1060 3253; x_wconf 81' lang='lat' dir='ltr'><strong>conaris</strong></span> <span class='ocrx_word' id='word_1_455' title='bbox 1092 3209 1309 3250; x_wconf 87' lang='lat' dir='ltr'><strong>movere</strong></span> <span class='ocrx_word' id='word_1_456' title='bbox 1337 3210 1421 3259; x_wconf 89' lang='lat' dir='ltr'><strong>ea,</strong></span> <span class='ocrx_word' id='word_1_457' title='bbox 1456 3208 1572 3262; x_wconf 78' lang='lat' dir='ltr'><strong>quae</strong></span> <span class='ocrx_word' id='word_1_458' title='bbox 1603 3199 1730 3247; x_wconf 88' lang='lat' dir='ltr'><strong>sunt</strong></span> <span class='ocrx_word' id='word_1_459' title='bbox 1763 3192 2093 3248; x_wconf 72' lang='lat' dir='ltr'><strong>immobilia?</strong></span> <span class='ocrx_word' id='word_1_460' title='bbox 2126 3192 2308 3260; x_wconf 89' lang='lat' dir='ltr'><strong>idque,</strong></span> <span class='ocrx_word' id='word_1_461' title='bbox 2350 3210 2470 3248; x_wconf 91' lang='lat' dir='ltr'><strong>cum</strong></span> <span class='ocrx_word' id='word_1_462' title='bbox 2542 3195 2795 3250; x_wconf 87' lang='lat' dir='ltr'><strong>didiceris</strong></span> <span class='ocrx_word' id='word_1_463' title='bbox 2839 3196 3201 3265; x_wconf 79' lang='lat' dir='ltr'><strong>experientia,</strong></span> <span class='ocrx_word' id='word_1_464' title='bbox 3244 3195 3385 3265; x_wconf 89' lang='lat' dir='ltr'><strong>quod</strong></span> <span class='ocrx_word' id='word_1_465' title='bbox 3462 3194 3639 3250; x_wconf 82' lang='lat' dir='ltr'><strong>nullus</strong></span> <span class='ocrx_word' id='word_1_466' title='bbox 3685 3196 3910 3265; x_wconf 86' lang='lat' dir='ltr'><strong>quidem</strong></span> <span class='ocrx_word' id='word_1_467' title='bbox 3942 3210 4009 3252; x_wconf 77' lang='lat' dir='ltr'><strong>ex</strong></span> 
     </span>
    </p>
   </div>
   <div class='ocr_carea' id='block_1_59' title="bbox 752 3284 4008 3357">
    <p class='ocr_par' dir='ltr' id='par_1_59' title="bbox 752 3284 4008 3357">
     <span class='ocr_line' id='line_1_59' title="bbox 752 3284 4008 3357; baseline -0.001 -11"><span class='ocrx_word' id='word_1_468' title='bbox 752 3292 859 3346; x_wconf 83' lang='lat' dir='ltr'><strong>tuis</strong></span> <span class='ocrx_word' id='word_1_469' title='bbox 898 3291 1003 3344; x_wconf 88' lang='lat' dir='ltr'><strong>diis</strong></span> <span class='ocrx_word' id='word_1_470' title='bbox 1040 3296 1216 3357; x_wconf 86' lang='lat' dir='ltr'><strong>potest</strong></span> <span class='ocrx_word' id='word_1_471' title='bbox 1246 3287 1409 3340; x_wconf 87' lang='lat' dir='ltr'><strong>ullmn</strong></span> <span class='ocrx_word' id='word_1_472' title='bbox 1441 3300 1506 3339; x_wconf 80' lang='lat' dir='ltr'><strong>ex</strong></span> <span class='ocrx_word' id='word_1_473' title='bbox 1541 3286 1627 3350; x_wconf 88' lang='lat' dir='ltr'><strong>iis,</strong></span> <span class='ocrx_word' id='word_1_474' title='bbox 1658 3285 1749 3354; x_wconf 86' lang='lat' dir='ltr'><strong>qui</strong></span> <span class='ocrx_word' id='word_1_475' title='bbox 1779 3286 1992 3349; x_wconf 88' lang='lat' dir='ltr'><strong>adsunt,</strong></span> <span class='ocrx_word' id='word_1_476' title='bbox 2037 3284 2088 3337; x_wconf 88' lang='lat' dir='ltr'><strong>in</strong></span> <span class='ocrx_word' id='word_1_477' title='bbox 2136 3284 2314 3353; x_wconf 90' lang='lat' dir='ltr'><strong>ignem</strong></span> <span class='ocrx_word' id='word_1_478' title='bbox 2359 3287 2613 3353; x_wconf 88' lang='lat' dir='ltr'><strong>injectum</strong></span> <span class='ocrx_word' id='word_1_479' title='bbox 2642 3302 2883 3341; x_wconf 81' lang='lat' dir='ltr'><strong>servare.</strong></span> <span class='ocrx_word' id='word_1_480' title='bbox 2905 3286 2953 3342; x_wconf 83' lang='lat' dir='ltr'><strong>Is</strong></span> <span class='ocrx_word' id='word_1_481' title='bbox 2983 3297 3187 3353; x_wconf 85' lang='lat' dir='ltr'><strong>autem,</strong></span> <span class='ocrx_word' id='word_1_482' title='bbox 3214 3304 3373 3357; x_wconf 88' lang='lat' dir='ltr'><strong>quem</strong></span> <span class='ocrx_word' id='word_1_483' title='bbox 3437 3288 3566 3343; x_wconf 92' lang='lat' dir='ltr'><strong>colit</strong></span> <span class='ocrx_word' id='word_1_484' title='bbox 3628 3287 4008 3357; x_wconf 77' lang='lat' dir='ltr'><strong>Eleutherius,</strong></span> 
     </span>
    </p>
   </div>
   <div class='ocr_carea' id='block_1_60' title="bbox 753 3379 2475 3450">
    <p class='ocr_par' dir='ltr' id='par_1_60' title="bbox 753 3379 2475 3450">
     <span class='ocr_line' id='line_1_60' title="bbox 753 3379 2475 3450; baseline -0.003 -11"><span class='ocrx_word' id='word_1_485' title='bbox 753 3384 931 3439; x_wconf 84' lang='lat' dir='ltr'><strong>reddit</strong></span> <span class='ocrx_word' id='word_1_486' title='bbox 959 3398 1080 3436; x_wconf 90' lang='lat' dir='ltr'><strong>eum</strong></span> <span class='ocrx_word' id='word_1_487' title='bbox 1112 3389 1164 3435; x_wconf 84' lang='lat' dir='ltr'><strong>et</strong></span> <span class='ocrx_word' id='word_1_488' title='bbox 1196 3382 1317 3450; x_wconf 83' lang='lat' dir='ltr'><strong>igne</strong></span> <span class='ocrx_word' id='word_1_489' title='bbox 1358 3380 1714 3447; x_wconf 89' lang='lat' dir='ltr'><strong>potentiorem</strong></span> <span class='ocrx_word' id='word_1_490' title='bbox 1746 3390 1801 3431; x_wconf 91' lang='lat' dir='ltr'><strong>et</strong></span> <span class='ocrx_word' id='word_1_491' title='bbox 1833 3383 2023 3448; x_wconf 85' lang='lat' dir='ltr'><strong>quovis</strong></span> <span class='ocrx_word' id='word_1_492' title='bbox 2058 3379 2160 3433; x_wconf 89' lang='lat' dir='ltr'><strong>alio</strong></span> <span class='ocrx_word' id='word_1_493' title='bbox 2194 3380 2475 3450; x_wconf 82' lang='lat' dir='ltr'><strong>supplicio.</strong></span> 
     </span>
    </p>
   </div>
   <div class='ocr_carea' id='block_1_61' title="bbox 824 3495 2475 3573">
    <p class='ocr_par' dir='ltr' id='par_1_61' title="bbox 824 3496 2385 3566">
     <span class='ocr_line' id='line_1_61' title="bbox 824 3496 2385 3566; baseline -0.002 -13"><span class='ocrx_word' id='word_1_494' title='bbox 824 3498 960 3553; x_wconf 80' lang='grc' dir='ltr'>γιιι.</span> <span class='ocrx_word' id='word_1_495' title='bbox 996 3498 1086 3551; x_wconf 89' lang='lat' dir='ltr'><strong>I&#39;Iis</strong></span> <span class='ocrx_word' id='word_1_496' title='bbox 1122 3497 1199 3552; x_wconf 91' lang='lat' dir='ltr'><strong>sic</strong></span> <span class='ocrx_word' id='word_1_497' title='bbox 1230 3496 1331 3550; x_wconf 86' lang='lat' dir='ltr'><strong>diei</strong></span> <span class='ocrx_word' id='word_1_498' title='bbox 1367 3510 1469 3549; x_wconf 86' lang='lat' dir='ltr'><strong>non</strong></span> <span class='ocrx_word' id='word_1_499' title='bbox 1504 3504 1697 3564; x_wconf 83' lang='lat' dir='ltr'><strong>potest,</strong></span> <span class='ocrx_word' id='word_1_500' title='bbox 1726 3506 1925 3565; x_wconf 83' lang='lat' dir='ltr'><strong>quanta</strong></span> <span class='ocrx_word' id='word_1_501' title='bbox 1960 3497 2036 3550; x_wconf 86' lang='lat' dir='ltr'><strong>ira</strong></span> <span class='ocrx_word' id='word_1_502' title='bbox 2074 3507 2127 3551; x_wconf 90' lang='lat' dir='ltr'><strong>et</strong></span> <span class='ocrx_word' id='word_1_503' title='bbox 2158 3498 2314 3551; x_wconf 87' lang='lat' dir='ltr'><strong>dictis</strong></span> <span class='ocrx_word' id='word_1_504' title='bbox 2342 3507 2385 3566; x_wconf 69' lang='grc' dir='ltr'><strong>ρ</strong></span> 
     </span>
    </p>
   </div>
   <div class='ocr_carea' id='block_1_62' title="bbox 2357 3495 4008 3573">
    <p class='ocr_par' dir='ltr' id='par_1_62' title="bbox 2357 3495 4008 3573">
     <span class='ocr_line' id='line_1_62' title="bbox 2357 3495 4008 3573; baseline 0.005 -25"><span class='ocrx_word' id='word_1_505' title='bbox 2357 3507 2385 3566; x_wconf 72' lang='grc'><strong>]</strong></span> <span class='ocrx_word' id='word_1_506' title='bbox 2494 3495 2575 3551; x_wconf 83' lang='lat' dir='ltr'><strong>II&#39;.</strong></span> <span class='ocrx_word' id='word_1_507' title='bbox 2607 3497 2832 3561; x_wconf 81' lang='grc' dir='ltr'>Τούτοις</span> <span class='ocrx_word' id='word_1_508' title='bbox 2870 3499 2967 3552; x_wconf 82' lang='grc' dir='ltr'><strong>οὐκ</strong></span> <span class='ocrx_word' id='word_1_509' title='bbox 3000 3498 3148 3552; x_wconf 77' lang='grc' dir='ltr'>εστιν</span> <span class='ocrx_word' id='word_1_510' title='bbox 3199 3501 3373 3555; x_wconf 68' lang='grc' dir='ltr'>εἰπεῖν</span> <span class='ocrx_word' id='word_1_511' title='bbox 3403 3500 3535 3571; x_wconf 74' lang='grc' dir='ltr'>ὅσης</span> <span class='ocrx_word' id='word_1_512' title='bbox 3559 3500 3729 3571; x_wconf 77' lang='grc' dir='ltr'>ὀργῆς</span> <span class='ocrx_word' id='word_1_513' title='bbox 3778 3501 3879 3555; x_wconf 82' lang='grc' dir='ltr'>καὶ</span> <span class='ocrx_word' id='word_1_514' title='bbox 3908 3520 4008 3573; x_wconf 81' lang='grc' dir='ltr'>μα-</span> 
     </span>
    </p>
   </div>
   <div class='ocr_carea' id='block_1_63' title="bbox 752 3587 2403 3667">
    <p class='ocr_par' dir='ltr' id='par_1_63' title="bbox 752 3587 2318 3658">
     <span class='ocr_line' id='line_1_63' title="bbox 752 3587 2318 3658; baseline -0.005 -11"><span class='ocrx_word' id='word_1_515' title='bbox 752 3592 962 3647; x_wconf 89' lang='lat' dir='ltr'><strong>insania</strong></span> <span class='ocrx_word' id='word_1_516' title='bbox 990 3592 1222 3658; x_wconf 83' lang='lat' dir='ltr'><strong>repletus</strong></span> <span class='ocrx_word' id='word_1_517' title='bbox 1251 3587 1409 3641; x_wconf 82' lang='lat' dir='ltr'><strong>fuerit</strong></span> <span class='ocrx_word' id='word_1_518' title='bbox 1442 3598 1719 3656; x_wconf 85' lang='lat' dir='ltr'><strong>tyrannus.</strong></span> <span class='ocrx_word' id='word_1_519' title='bbox 1760 3588 1943 3642; x_wconf 85' lang='lat' dir='ltr'><strong>Solent</strong></span> <span class='ocrx_word' id='word_1_520' title='bbox 1968 3590 2108 3642; x_wconf 88' lang='lat' dir='ltr'><strong>enim</strong></span> <span class='ocrx_word' id='word_1_521' title='bbox 2134 3604 2318 3642; x_wconf 84' lang='lat' dir='ltr'><strong>revera</strong></span> 
     </span>
    </p>
   </div>
   <div class='ocr_carea' id='block_1_64' title="bbox 2358 3587 4009 3667">
    <p class='ocr_par' dir='ltr' id='par_1_64' title="bbox 2422 3588 4009 3667">
     <span class='ocr_line' id='line_1_64' title="bbox 2422 3588 4009 3667; baseline 0.004 -26"><span class='ocrx_word' id='word_1_522' title='bbox 2422 3588 2539 3649; x_wconf 78' lang='grc' dir='ltr'>νίας</span> <span class='ocrx_word' id='word_1_523' title='bbox 2566 3590 2809 3660; x_wconf 74' lang='grc' dir='ltr'>ἐπλήσθη</span> <span class='ocrx_word' id='word_1_524' title='bbox 2842 3592 2868 3641; x_wconf 89' lang='lat'><strong>6</strong></span> <span class='ocrx_word' id='word_1_525' title='bbox 2900 3591 3163 3660; x_wconf 79' lang='grc' dir='ltr'>τύραννος</span> <span class='ocrx_word' id='word_1_526' title='bbox 3192 3608 3205 3621; x_wconf 73' lang='grc'><strong><em>⁸</em></strong></span> <span class='ocrx_word' id='word_1_527' title='bbox 3235 3593 3461 3645; x_wconf 81' lang='grc' dir='ltr'>εἰώθασι</span> <span class='ocrx_word' id='word_1_528' title='bbox 3514 3596 3621 3663; x_wconf 75' lang='grc' dir='ltr'><strong>γὰρ</strong></span> <span class='ocrx_word' id='word_1_529' title='bbox 3670 3596 3727 3647; x_wconf 73' lang='lat' dir='ltr'><strong>at</strong></span> <span class='ocrx_word' id='word_1_530' title='bbox 3789 3595 4009 3667; x_wconf 74' lang='grc' dir='ltr'>ἰσχυραὶ</span> 
     </span>
    </p>
   </div>
   <div class='ocr_carea' id='block_1_65' title="bbox 750 3680 2401 3753">
    <p class='ocr_par' dir='ltr' id='par_1_65' title="bbox 750 3680 2319 3746">
     <span class='ocr_line' id='line_1_65' title="bbox 750 3680 2319 3746; baseline -0.004 -10"><span class='ocrx_word' id='word_1_531' title='bbox 750 3685 939 3737; x_wconf 75' lang='lat' dir='ltr'><strong>valida:</strong></span> <span class='ocrx_word' id='word_1_532' title='bbox 998 3683 1246 3734; x_wconf 63' lang='lat' dir='ltr'><strong>amicitia:</strong></span> <span class='ocrx_word' id='word_1_533' title='bbox 1300 3680 1503 3731; x_wconf 81' lang='lat' dir='ltr'><strong>validas</strong></span> <span class='ocrx_word' id='word_1_534' title='bbox 1560 3694 1769 3745; x_wconf 85' lang='lat' dir='ltr'><strong>quoque</strong></span> <span class='ocrx_word' id='word_1_535' title='bbox 1822 3680 2071 3732; x_wconf 83' lang='lat' dir='ltr'><strong>similiter</strong></span> <span class='ocrx_word' id='word_1_536' title='bbox 2131 3693 2319 3746; x_wconf 87' lang='lat' dir='ltr'><strong>parere</strong></span> 
     </span>
    </p>
   </div>
   <div class='ocr_carea' id='block_1_66' title="bbox 2361 3680 4012 3753">
    <p class='ocr_par' dir='ltr' id='par_1_66' title="bbox 2423 3680 4012 3753">
     <span class='ocr_line' id='line_1_66' title="bbox 2423 3680 4012 3753; baseline 0.007 -24"><span class='ocrx_word' id='word_1_537' title='bbox 2423 3680 2595 3747; x_wconf 82' lang='grc' dir='ltr'>φιλίαι</span> <span class='ocrx_word' id='word_1_538' title='bbox 2630 3684 2855 3749; x_wconf 79' lang='grc' dir='ltr'>ἰσχυράς</span> <span class='ocrx_word' id='word_1_539' title='bbox 2885 3681 3085 3751; x_wconf 83' lang='grc' dir='ltr'>ὁμοίως</span> <span class='ocrx_word' id='word_1_540' title='bbox 3110 3682 3310 3753; x_wconf 76' lang='grc' dir='ltr'>ἔχθρας</span> <span class='ocrx_word' id='word_1_541' title='bbox 3347 3687 3656 3753; x_wconf 78' lang='grc' dir='ltr'>ἀπογεννᾷν</span> <span class='ocrx_word' id='word_1_542' title='bbox 3760 3686 3887 3739; x_wconf 83' lang='grc' dir='ltr'>ὅθεν</span> <span class='ocrx_word' id='word_1_543' title='bbox 3923 3689 4012 3740; x_wconf 80' lang='grc' dir='ltr'>καὶ</span> 
     </span>
    </p>
   </div>
   <div class='ocr_carea' id='block_1_67' title="bbox 752 3770 2403 3846">
    <p class='ocr_par' dir='ltr' id='par_1_67' title="bbox 752 3770 2317 3839">
     <span class='ocr_line' id='line_1_67' title="bbox 752 3770 2317 3839; baseline -0.008 -5"><span class='ocrx_word' id='word_1_544' title='bbox 752 3775 1089 3834; x_wconf 83' lang='lat' dir='ltr'><strong>inimicitias.</strong></span> <span class='ocrx_word' id='word_1_545' title='bbox 1146 3771 1301 3827; x_wconf 86' lang='lat' dir='ltr'><strong>Unde</strong></span> <span class='ocrx_word' id='word_1_546' title='bbox 1354 3773 1517 3825; x_wconf 88' lang='lat' dir='ltr'><strong>etiam</strong></span> <span class='ocrx_word' id='word_1_547' title='bbox 1554 3771 1706 3839; x_wconf 86' lang='lat' dir='ltr'><strong>jubet</strong></span> <span class='ocrx_word' id='word_1_548' title='bbox 1762 3770 2072 3839; x_wconf 67' lang='lat' dir='ltr'><strong>praefectum</strong></span> <span class='ocrx_word' id='word_1_549' title='bbox 2131 3773 2317 3825; x_wconf 87' lang='lat' dir='ltr'><strong>eodem</strong></span> 
     </span>
    </p>
   </div>
   <div class='ocr_carea' id='block_1_68' title="bbox 2361 3770 4012 3846">
    <p class='ocr_par' dir='ltr' id='par_1_68' title="bbox 2421 3774 4012 3846">
     <span class='ocr_line' id='line_1_68' title="bbox 2421 3774 4012 3846; baseline 0.004 -21"><span class='ocrx_word' id='word_1_550' title='bbox 2421 3774 2570 3844; x_wconf 77' lang='grc' dir='ltr'>αὐτῷ</span> <span class='ocrx_word' id='word_1_551' title='bbox 2594 3774 2766 3843; x_wconf 81' lang='grc' dir='ltr'>τούτῳ</span> <span class='ocrx_word' id='word_1_552' title='bbox 2794 3774 3003 3828; x_wconf 82' lang='grc' dir='ltr'>κελεύει</span> <span class='ocrx_word' id='word_1_553' title='bbox 3060 3776 3136 3846; x_wconf 84' lang='grc' dir='ltr'>τῷ</span> <span class='ocrx_word' id='word_1_554' title='bbox 3175 3776 3416 3846; x_wconf 89' lang='grc' dir='ltr'>κλιϐάνῳ</span> <span class='ocrx_word' id='word_1_555' title='bbox 3466 3777 3859 3846; x_wconf 76' lang='grc' dir='ltr'>τιμωρηθῆναι</span> <span class='ocrx_word' id='word_1_556' title='bbox 3920 3780 4012 3832; x_wconf 67' lang='grc' dir='ltr'><strong>τὸν</strong></span> 
     </span>
    </p>
   </div>
   <div class='ocr_carea' id='block_1_69' title="bbox 752 3850 2403 3941">
    <p class='ocr_par' dir='ltr' id='par_1_69' title="bbox 752 3850 2319 3939">
     <span class='ocr_line' id='line_1_69' title="bbox 752 3850 2319 3939; baseline -0.004 -18"><span class='ocrx_word' id='word_1_557' title='bbox 752 3868 929 3939; x_wconf 90' lang='lat' dir='ltr'><strong>puniri</strong></span> <span class='ocrx_word' id='word_1_558' title='bbox 965 3867 1198 3929; x_wconf 76' lang='lat' dir='ltr'><strong>clibano,</strong></span> <span class='ocrx_word' id='word_1_559' title='bbox 1232 3879 1337 3933; x_wconf 90' lang='lat' dir='ltr'><strong>quo</strong></span> <span class='ocrx_word' id='word_1_560' title='bbox 1384 3865 1497 3931; x_wconf 90' lang='lat' dir='ltr'><strong>ipse</strong></span> <span class='ocrx_word' id='word_1_561' title='bbox 1535 3850 1901 3927; x_wconf 89' lang='lat' dir='ltr'><strong>consuluerat,</strong></span> <span class='ocrx_word' id='word_1_562' title='bbox 1930 3875 1986 3914; x_wconf 91' lang='lat' dir='ltr'><strong>ut</strong></span> <span class='ocrx_word' id='word_1_563' title='bbox 2038 3865 2319 3931; x_wconf 84' lang='lat' dir='ltr'><strong>puniretur</strong></span> 
     </span>
    </p>
   </div>
   <div class='ocr_carea' id='block_1_70' title="bbox 2358 3850 4009 3941">
    <p class='ocr_par' dir='ltr' id='par_1_70' title="bbox 2421 3860 4009 3941">
     <span class='ocr_line' id='line_1_70' title="bbox 2421 3860 4009 3941; baseline 0.004 -23"><span class='ocrx_word' id='word_1_564' title='bbox 2421 3866 2681 3934; x_wconf 73' lang='grc' dir='ltr'>ἔπαρχον,</span> <span class='ocrx_word' id='word_1_565' title='bbox 2720 3860 2876 3935; x_wconf 79' lang='grc' dir='ltr'>ᾧπερ</span> <span class='ocrx_word' id='word_1_566' title='bbox 2934 3866 3097 3929; x_wconf 78' lang='grc' dir='ltr'>αὐτὸς</span> <span class='ocrx_word' id='word_1_567' title='bbox 3150 3867 3483 3936; x_wconf 79' lang='grc' dir='ltr'>κολασθῆναι</span> <span class='ocrx_word' id='word_1_568' title='bbox 3533 3868 3622 3919; x_wconf 82' lang='grc' dir='ltr'><strong>τὸν</strong></span> <span class='ocrx_word' id='word_1_569' title='bbox 3667 3869 4009 3941; x_wconf 81' lang='grc' dir='ltr'>Ἐλευθέριον</span> 
     </span>
    </p>
   </div>
   <div class='ocr_carea' id='block_1_71' title="bbox 753 3953 2404 4027">
    <p class='ocr_par' dir='ltr' id='par_1_71' title="bbox 753 3954 2319 4023">
     <span class='ocr_line' id='line_1_71' title="bbox 753 3954 2319 4023; baseline -0.006 -10"><span class='ocrx_word' id='word_1_570' title='bbox 753 3958 1121 4013; x_wconf 84' lang='lat' dir='ltr'><strong>Eleutherius.</strong></span> <span class='ocrx_word' id='word_1_571' title='bbox 1168 3955 1299 4010; x_wconf 88' lang='lat' dir='ltr'><strong>Cum</strong></span> <span class='ocrx_word' id='word_1_572' title='bbox 1352 3969 1481 4023; x_wconf 84' lang='lat' dir='ltr'><strong>ergo</strong></span> <span class='ocrx_word' id='word_1_573' title='bbox 1535 3954 1647 4021; x_wconf 90' lang='lat' dir='ltr'><strong>jam</strong></span> <span class='ocrx_word' id='word_1_574' title='bbox 1700 3965 2153 4023; x_wconf 78' lang='lat' dir='ltr'><strong>appropinquaret</strong></span> <span class='ocrx_word' id='word_1_575' title='bbox 2204 3963 2319 4005; x_wconf 86' lang='lat' dir='ltr'><strong>tur-</strong></span> 
     </span>
    </p>
   </div>
   <div class='ocr_carea' id='block_1_72' title="bbox 2360 3953 4011 4027">
    <p class='ocr_par' dir='ltr' id='par_1_72' title="bbox 2422 3953 4011 4027">
     <span class='ocr_line' id='line_1_72' title="bbox 2422 3953 4011 4027; baseline 0.007 -24"><span class='ocrx_word' id='word_1_576' title='bbox 2422 3953 2825 4005; x_wconf 82' lang='grc' dir='ltr'>συνεϐούλευεν.</span> <span class='ocrx_word' id='word_1_577' title='bbox 2863 3953 2949 4017; x_wconf 85' lang='grc' dir='ltr'>Ὠς</span> <span class='ocrx_word' id='word_1_578' title='bbox 2974 3954 3029 4005; x_wconf 80' lang='grc' dir='ltr'><strong>δὲ</strong></span> <span class='ocrx_word' id='word_1_579' title='bbox 3062 3956 3125 4024; x_wconf 78' lang='grc' dir='ltr'>τῇ</span> <span class='ocrx_word' id='word_1_580' title='bbox 3162 3954 3379 4027; x_wconf 84' lang='grc' dir='ltr'>βασάνῳ</span> <span class='ocrx_word' id='word_1_581' title='bbox 3420 3959 3820 4026; x_wconf 75' lang='grc' dir='ltr'>προσήγγισεν,</span> <span class='ocrx_word' id='word_1_582' title='bbox 3843 3957 4011 4026; x_wconf 77' lang='grc' dir='ltr'>Εῦξαι</span> 
     </span>
    </p>
   </div>
   <div class='ocr_carea' id='block_1_73' title="bbox 752 4043 2403 4125">
    <p class='ocr_par' dir='ltr' id='par_1_73' title="bbox 752 4046 2316 4115">
     <span class='ocr_line' id='line_1_73' title="bbox 752 4046 2316 4115; baseline -0.004 -10"><span class='ocrx_word' id='word_1_583' title='bbox 752 4061 955 4115; x_wconf 84' lang='lat' dir='ltr'><strong>mento,</strong></span> <span class='ocrx_word' id='word_1_584' title='bbox 1005 4050 1109 4101; x_wconf 84' lang='lat' dir='ltr'><strong>Ora</strong></span> <span class='ocrx_word' id='word_1_585' title='bbox 1171 4061 1268 4115; x_wconf 87' lang='lat' dir='ltr'><strong>pro</strong></span> <span class='ocrx_word' id='word_1_586' title='bbox 1319 4060 1425 4110; x_wconf 90' lang='lat' dir='ltr'><strong>me,</strong></span> <span class='ocrx_word' id='word_1_587' title='bbox 1481 4046 1735 4102; x_wconf 84' lang='lat' dir='ltr'><strong>clamavit</strong></span> <span class='ocrx_word' id='word_1_588' title='bbox 1792 4046 2005 4102; x_wconf 86' lang='lat' dir='ltr'><strong>Corebo</strong></span> <span class='ocrx_word' id='word_1_589' title='bbox 2069 4047 2316 4114; x_wconf 82' lang='lat' dir='ltr'><strong>martyri,</strong></span> 
     </span>
    </p>
   </div>
   <div class='ocr_carea' id='block_1_74' title="bbox 2358 4043 4009 4125">
    <p class='ocr_par' dir='ltr' id='par_1_74' title="bbox 2422 4043 4009 4125">
     <span class='ocr_line' id='line_1_74' title="bbox 2422 4043 4009 4125; baseline 0.008 -30"><span class='ocrx_word' id='word_1_590' title='bbox 2422 4043 2559 4114; x_wconf 79' lang='grc' dir='ltr'>ὑπὲρ</span> <span class='ocrx_word' id='word_1_591' title='bbox 2586 4044 2744 4115; x_wconf 77' lang='grc' dir='ltr'>ἐμοῦ,</span> <span class='ocrx_word' id='word_1_592' title='bbox 2768 4044 2796 4096; x_wconf 96' lang='lat'><strong>6</strong></span> <span class='ocrx_word' id='word_1_593' title='bbox 2829 4046 3097 4116; x_wconf 83' lang='grc' dir='ltr'>Κορέμων</span> <span class='ocrx_word' id='word_1_594' title='bbox 3132 4048 3210 4118; x_wconf 86' lang='grc' dir='ltr'>τῷ</span> <span class='ocrx_word' id='word_1_595' title='bbox 3236 4050 3475 4120; x_wconf 80' lang='grc' dir='ltr'>μάρτυρι</span> <span class='ocrx_word' id='word_1_596' title='bbox 3500 4052 3790 4121; x_wconf 81' lang='grc' dir='ltr'>ἐπεϐόησε,</span> <span class='ocrx_word' id='word_1_597' title='bbox 3822 4058 3923 4107; x_wconf 76' lang='grc' dir='ltr'><strong>καὶ</strong></span> <span class='ocrx_word' id='word_1_598' title='bbox 3950 4058 4009 4125; x_wconf 74' lang='grc' dir='ltr'>τῇ</span> 
     </span>
    </p>
   </div>
   <div class='ocr_carea' id='block_1_75' title="bbox 751 4136 2402 4214">
    <p class='ocr_par' dir='ltr' id='par_1_75' title="bbox 751 4139 2317 4206">
     <span class='ocr_line' id='line_1_75' title="bbox 751 4139 2317 4206; baseline -0.004 -9"><span class='ocrx_word' id='word_1_599' title='bbox 751 4152 805 4196; x_wconf 90' lang='lat' dir='ltr'><strong>et</strong></span> <span class='ocrx_word' id='word_1_600' title='bbox 839 4155 925 4197; x_wconf 89' lang='lat' dir='ltr'><strong>me</strong></span> <span class='ocrx_word' id='word_1_601' title='bbox 957 4156 1104 4193; x_wconf 81' lang='lat' dir='ltr'><strong>arma</strong></span> <span class='ocrx_word' id='word_1_602' title='bbox 1160 4139 1245 4192; x_wconf 84' lang='lat' dir='ltr'><strong>his</strong></span> <span class='ocrx_word' id='word_1_603' title='bbox 1300 4141 1487 4203; x_wconf 89' lang='lat' dir='ltr'><strong>armis,</strong></span> <span class='ocrx_word' id='word_1_604' title='bbox 1534 4154 1724 4206; x_wconf 90' lang='lat' dir='ltr'><strong>nempe</strong></span> <span class='ocrx_word' id='word_1_605' title='bbox 1772 4139 1975 4195; x_wconf 80' lang='lat' dir='ltr'><strong>Christi</strong></span> <span class='ocrx_word' id='word_1_606' title='bbox 2020 4140 2317 4205; x_wconf 78' lang='lat' dir='ltr'><strong>signaculo,</strong></span> 
     </span>
    </p>
   </div>
   <div class='ocr_carea' id='block_1_76' title="bbox 2362 4136 4013 4214">
    <p class='ocr_par' dir='ltr' id='par_1_76' title="bbox 2420 4136 4013 4214">
     <span class='ocr_line' id='line_1_76' title="bbox 2420 4136 4013 4214; baseline 0.006 -26"><span class='ocrx_word' id='word_1_607' title='bbox 2420 4136 2513 4188; x_wconf 79' lang='grc' dir='ltr'><strong>τοῦ</strong></span> <span class='ocrx_word' id='word_1_608' title='bbox 2554 4136 2793 4203; x_wconf 79' lang='grc' dir='ltr'>Χριστοῦ</span> <span class='ocrx_word' id='word_1_609' title='bbox 2857 4154 2926 4206; x_wconf 82' lang='grc' dir='ltr'><strong>με</strong></span> <span class='ocrx_word' id='word_1_610' title='bbox 2986 4139 3243 4207; x_wconf 78' lang='grc' dir='ltr'>σφραγῖδι</span> <span class='ocrx_word' id='word_1_611' title='bbox 3297 4139 3643 4205; x_wconf 74' lang='grc' dir='ltr'>καθόπλισον,</span> <span class='ocrx_word' id='word_1_612' title='bbox 3700 4138 3870 4214; x_wconf 80' lang='grc' dir='ltr'>ᾗκαὶ</span> <span class='ocrx_word' id='word_1_613' title='bbox 3924 4147 4013 4197; x_wconf 74' lang='grc' dir='ltr'><strong>τὸν</strong></span> 
     </span>
    </p>
   </div>
   <div class='ocr_carea' id='block_1_77' title="bbox 751 4226 2402 4302">
    <p class='ocr_par' dir='ltr' id='par_1_77' title="bbox 751 4228 2319 4302">
     <span class='ocr_line' id='line_1_77' title="bbox 751 4228 2319 4302; baseline -0.001 -17"><span class='ocrx_word' id='word_1_614' title='bbox 751 4235 949 4302; x_wconf 85' lang='lat' dir='ltr'><strong>quibus</strong></span> <span class='ocrx_word' id='word_1_615' title='bbox 978 4234 1166 4285; x_wconf 89' lang='lat' dir='ltr'><strong>ducem</strong></span> <span class='ocrx_word' id='word_1_616' title='bbox 1197 4229 1471 4285; x_wconf 77' lang='lat' dir='ltr'><strong>exercitus</strong></span> <span class='ocrx_word' id='word_1_617' title='bbox 1508 4231 1726 4286; x_wconf 88' lang='lat' dir='ltr'><strong>munisti</strong></span> <span class='ocrx_word' id='word_1_618' title='bbox 1761 4228 2013 4285; x_wconf 79' lang='lat' dir='ltr'><strong>Felicem.</strong></span> <span class='ocrx_word' id='word_1_619' title='bbox 2052 4229 2143 4285; x_wconf 90' lang='lat' dir='ltr'><strong>Sic</strong></span> <span class='ocrx_word' id='word_1_620' title='bbox 2190 4246 2319 4299; x_wconf 87' lang='lat' dir='ltr'><strong>ergo</strong></span> 
     </span>
    </p>
   </div>
   <div class='ocr_carea' id='block_1_78' title="bbox 2362 4226 4013 4302">
    <p class='ocr_par' dir='ltr' id='par_1_78' title="bbox 2426 4226 4013 4301">
     <span class='ocr_line' id='line_1_78' title="bbox 2426 4226 4013 4301; baseline 0.008 -26"><span class='ocrx_word' id='word_1_621' title='bbox 2426 4226 2804 4295; x_wconf 78' lang='grc' dir='ltr'>στρατηλάτην</span> <span class='ocrx_word' id='word_1_622' title='bbox 2864 4228 3273 4299; x_wconf 82' lang='grc' dir='ltr'>περιετύχησας</span> <span class='ocrx_word' id='word_1_623' title='bbox 3330 4229 3560 4301; x_wconf 78' lang='grc' dir='ltr'>Φίληκα.</span> <span class='ocrx_word' id='word_1_624' title='bbox 3620 4232 3815 4299; x_wconf 77' lang='grc' dir='ltr'>Οῦτως</span> <span class='ocrx_word' id='word_1_625' title='bbox 3857 4233 4013 4288; x_wconf 79' lang='grc' dir='ltr'><strong>οὖνὸ</strong></span> 
     </span>
    </p>
   </div>
   <div class='ocr_carea' id='block_1_79' title="bbox 752 4317 2403 4395">
    <p class='ocr_par' dir='ltr' id='par_1_79' title="bbox 752 4322 2320 4394">
     <span class='ocr_line' id='line_1_79' title="bbox 752 4322 2320 4394; baseline -0.003 -15"><span class='ocrx_word' id='word_1_626' title='bbox 752 4326 960 4379; x_wconf 89' lang='lat' dir='ltr'><strong>Corebo</strong></span> <span class='ocrx_word' id='word_1_627' title='bbox 1010 4334 1247 4378; x_wconf 83' lang='lat' dir='ltr'><strong>armatus</strong></span> <span class='ocrx_word' id='word_1_628' title='bbox 1294 4340 1322 4377; x_wconf 91' lang='lat' dir='ltr'><strong>a</strong></span> <span class='ocrx_word' id='word_1_629' title='bbox 1376 4332 1637 4394; x_wconf 87' lang='lat' dir='ltr'><strong>martyre,</strong></span> <span class='ocrx_word' id='word_1_630' title='bbox 1681 4332 1734 4377; x_wconf 89' lang='lat' dir='ltr'><strong>et</strong></span> <span class='ocrx_word' id='word_1_631' title='bbox 1786 4325 2035 4391; x_wconf 87' lang='lat' dir='ltr'><strong>protinus</strong></span> <span class='ocrx_word' id='word_1_632' title='bbox 2090 4322 2320 4390; x_wconf 80' lang='lat' dir='ltr'><strong>injectus</strong></span> 
     </span>
    </p>
   </div>
   <div class='ocr_carea' id='block_1_80' title="bbox 2361 4317 4012 4395">
    <p class='ocr_par' dir='ltr' id='par_1_80' title="bbox 2425 4317 4012 4395">
     <span class='ocr_line' id='line_1_80' title="bbox 2425 4317 4012 4395; baseline 0.007 -28"><span class='ocrx_word' id='word_1_633' title='bbox 2425 4317 2688 4388; x_wconf 72' lang='grc' dir='ltr'>Κορέμων</span> <span class='ocrx_word' id='word_1_634' title='bbox 2720 4318 2826 4371; x_wconf 81' lang='grc' dir='ltr'>ὑπὸ</span> <span class='ocrx_word' id='word_1_635' title='bbox 2875 4318 2969 4371; x_wconf 74' lang='grc' dir='ltr'><strong>τοῦ</strong></span> <span class='ocrx_word' id='word_1_636' title='bbox 3006 4320 3284 4392; x_wconf 82' lang='grc' dir='ltr'>μάρτυρος</span> <span class='ocrx_word' id='word_1_637' title='bbox 3335 4321 3633 4389; x_wconf 80' lang='grc' dir='ltr'>ὁπλισθεὶς,</span> <span class='ocrx_word' id='word_1_638' title='bbox 3677 4326 3773 4375; x_wconf 81' lang='grc' dir='ltr'>καὶ</span> <span class='ocrx_word' id='word_1_639' title='bbox 3804 4325 3883 4395; x_wconf 82' lang='grc' dir='ltr'>τῷ</span> <span class='ocrx_word' id='word_1_640' title='bbox 3915 4327 4012 4395; x_wconf 65' lang='grc' dir='ltr'><strong>ὸρτ</strong></span> 
     </span>
    </p>
   </div>
   <div class='ocr_carea' id='block_1_81' title="bbox 752 4389 2403 4487">
    <p class='ocr_par' dir='ltr' id='par_1_81' title="bbox 752 4415 2320 4486">
     <span class='ocr_line' id='line_1_81' title="bbox 752 4415 2320 4486; baseline -0.004 -14"><span class='ocrx_word' id='word_1_641' title='bbox 752 4420 807 4472; x_wconf 84' lang='lat' dir='ltr'><strong>in</strong></span> <span class='ocrx_word' id='word_1_642' title='bbox 838 4419 1129 4479; x_wconf 85' lang='lat' dir='ltr'><strong>elibannm,</strong></span> <span class='ocrx_word' id='word_1_643' title='bbox 1167 4419 1280 4486; x_wconf 87' lang='lat' dir='ltr'><strong>ipse</strong></span> <span class='ocrx_word' id='word_1_644' title='bbox 1314 4432 1530 4485; x_wconf 87' lang='lat' dir='ltr'><strong>quoque</strong></span> <span class='ocrx_word' id='word_1_645' title='bbox 1576 4416 1773 4467; x_wconf 85' lang='lat' dir='ltr'><strong>mansit</strong></span> <span class='ocrx_word' id='word_1_646' title='bbox 1818 4416 2068 4468; x_wconf 89' lang='lat' dir='ltr'><strong>similiter</strong></span> <span class='ocrx_word' id='word_1_647' title='bbox 2098 4416 2164 4467; x_wconf 87' lang='lat' dir='ltr'><strong>ab</strong></span> <span class='ocrx_word' id='word_1_648' title='bbox 2200 4415 2320 4482; x_wconf 89' lang='lat' dir='ltr'><strong>igne</strong></span> 
     </span>
    </p>
   </div>
   <div class='ocr_carea' id='block_1_82' title="bbox 2363 4389 4014 4487">
    <p class='ocr_par' dir='ltr' id='par_1_82' title="bbox 2422 4389 4014 4487">
     <span class='ocr_line' id='line_1_82' title="bbox 2422 4389 4014 4487; baseline 0.004 -24"><span class='ocrx_word' id='word_1_649' title='bbox 2422 4410 2573 4479; x_wconf 82' lang='grc' dir='ltr'>γάνῳ</span> <span class='ocrx_word' id='word_1_650' title='bbox 2604 4409 2847 4479; x_wconf 64' lang='grc' dir='ltr'>βληθελί,</span> <span class='ocrx_word' id='word_1_651' title='bbox 2881 4389 3155 4471; x_wconf 79' lang='grc' dir='ltr'>ἀνάλωτος</span> <span class='ocrx_word' id='word_1_652' title='bbox 3184 4389 3319 4480; x_wconf 74' lang='grc' dir='ltr'>πυρὶ</span> <span class='ocrx_word' id='word_1_653' title='bbox 3355 4412 3448 4465; x_wconf 80' lang='grc' dir='ltr'>καὶ</span> <span class='ocrx_word' id='word_1_654' title='bbox 3479 4414 3640 4475; x_wconf 73' lang='grc' dir='ltr'>αὐτὸς</span> <span class='ocrx_word' id='word_1_655' title='bbox 3661 4409 3751 4484; x_wconf 72' lang='grc' dir='ltr'><strong>ἦν.</strong></span> <span class='ocrx_word' id='word_1_656' title='bbox 3797 4389 4014 4487; x_wconf 23' lang='grc' dir='ltr'><strong>’ΔψδρειιΣ</strong></span> 
     </span>
    </p>
   </div>
   <div class='ocr_carea' id='block_1_83' title="bbox 755 4500 2406 4578">
    <p class='ocr_par' dir='ltr' id='par_1_83' title="bbox 755 4505 2322 4577">
     <span class='ocr_line' id='line_1_83' title="bbox 755 4505 2322 4577; baseline -0.003 -16"><span class='ocrx_word' id='word_1_657' title='bbox 755 4525 860 4562; x_wconf 91' lang='lat' dir='ltr'><strong>non</strong></span> <span class='ocrx_word' id='word_1_658' title='bbox 919 4518 1278 4577; x_wconf 69' lang='lat' dir='ltr'><strong>expugnatus.</strong></span> <span class='ocrx_word' id='word_1_659' title='bbox 1336 4507 1609 4562; x_wconf 79' lang='lat' dir='ltr'><strong>Adrianus</strong></span> <span class='ocrx_word' id='word_1_660' title='bbox 1665 4513 1845 4559; x_wconf 88' lang='lat' dir='ltr'><strong>autem</strong></span> <span class='ocrx_word' id='word_1_661' title='bbox 1901 4506 1984 4559; x_wconf 88' lang='lat' dir='ltr'><strong>his</strong></span> <span class='ocrx_word' id='word_1_662' title='bbox 2044 4505 2322 4558; x_wconf 86' lang='lat' dir='ltr'><strong>tormentis</strong></span> 
     </span>
    </p>
   </div>
   <div class='ocr_carea' id='block_1_84' title="bbox 2364 4500 4015 4578">
    <p class='ocr_par' dir='ltr' id='par_1_84' title="bbox 2423 4500 4015 4578">
     <span class='ocr_line' id='line_1_84' title="bbox 2423 4500 4015 4578; baseline 0.005 -25"><span class='ocrx_word' id='word_1_663' title='bbox 2423 4502 2509 4563; x_wconf 78' lang='grc' dir='ltr'><strong>νὸς</strong></span> <span class='ocrx_word' id='word_1_664' title='bbox 2540 4504 2596 4555; x_wconf 77' lang='grc' dir='ltr'><strong>δὲ</strong></span> <span class='ocrx_word' id='word_1_665' title='bbox 2626 4501 2693 4553; x_wconf 82' lang='grc' dir='ltr'><strong>τά</strong></span> <span class='ocrx_word' id='word_1_666' title='bbox 2727 4500 2833 4553; x_wconf 86' lang='grc' dir='ltr'><strong>τῶν</strong></span> <span class='ocrx_word' id='word_1_667' title='bbox 2869 4500 3121 4571; x_wconf 83' lang='grc' dir='ltr'>βασάνων</span> <span class='ocrx_word' id='word_1_668' title='bbox 3158 4503 3500 4574; x_wconf 85' lang='grc' dir='ltr'>ἀπειρηκὼς.</span> <span class='ocrx_word' id='word_1_669' title='bbox 3530 4503 3672 4574; x_wconf 80' lang='grc' dir='ltr'>ξίφει</span> <span class='ocrx_word' id='word_1_670' title='bbox 3705 4508 3810 4577; x_wconf 71' lang='grc' dir='ltr'><strong>τὴν</strong></span> <span class='ocrx_word' id='word_1_671' title='bbox 3840 4526 4015 4578; x_wconf 79' lang='grc' dir='ltr'>κεφα-</span> 
     </span>
    </p>
   </div>
   <div class='ocr_carea' id='block_1_85' title="bbox 756 4590 2407 4669">
    <p class='ocr_par' dir='ltr' id='par_1_85' title="bbox 756 4597 2404 4667">
     <span class='ocr_line' id='line_1_85' title="bbox 756 4597 2404 4667; baseline -0.002 -19"><span class='ocrx_word' id='word_1_672' title='bbox 756 4598 1020 4664; x_wconf 76' lang='lat' dir='ltr'><strong>del’cssus,</strong></span> <span class='ocrx_word' id='word_1_673' title='bbox 1053 4613 1175 4653; x_wconf 87' lang='lat' dir='ltr'><strong>eum</strong></span> <span class='ocrx_word' id='word_1_674' title='bbox 1219 4597 1568 4663; x_wconf 84' lang='lat' dir='ltr'><strong>cendemnat,</strong></span> <span class='ocrx_word' id='word_1_675' title='bbox 1606 4608 1664 4652; x_wconf 91' lang='lat' dir='ltr'><strong>nt</strong></span> <span class='ocrx_word' id='word_1_676' title='bbox 1698 4600 1745 4651; x_wconf 92' lang='lat' dir='ltr'><strong>ei</strong></span> <span class='ocrx_word' id='word_1_677' title='bbox 1784 4604 1945 4667; x_wconf 84' lang='lat' dir='ltr'><strong>caput</strong></span> <span class='ocrx_word' id='word_1_678' title='bbox 1993 4606 2320 4665; x_wconf 85' lang='lat' dir='ltr'><strong>amputetur.</strong></span> <span class='ocrx_word' id='word_1_679' title='bbox 2383 4615 2404 4645; x_wconf 76' lang='grc' dir='ltr'><strong>ο</strong></span> 
     </span>
    </p>
   </div>
   <div class='ocr_carea' id='block_1_86' title="bbox 2361 4590 4012 4669">
    <p class='ocr_par' dir='ltr' id='par_1_86' title="bbox 2383 4590 4012 4669">
     <span class='ocr_line' id='line_1_86' title="bbox 2383 4590 4012 4669; baseline 0.007 -30"><span class='ocrx_word' id='word_1_680' title='bbox 2383 4590 2519 4659; x_wconf 74' lang='grc' dir='ltr'>ολὴν</span> <span class='ocrx_word' id='word_1_681' title='bbox 2550 4590 2714 4642; x_wconf 89' lang='grc' dir='ltr'>αύτου</span> <span class='ocrx_word' id='word_1_682' title='bbox 2768 4591 3114 4661; x_wconf 65' lang='grc' dir='ltr'>ἐκτμηθῆναι</span> <span class='ocrx_word' id='word_1_683' title='bbox 3153 4592 3385 4647; x_wconf 83' lang='grc' dir='ltr'>κελεύει.</span> <span class='ocrx_word' id='word_1_684' title='bbox 3443 4596 3552 4648; x_wconf 80' lang='grc' dir='ltr'><strong>Καὶ</strong></span> <span class='ocrx_word' id='word_1_685' title='bbox 3600 4597 3877 4666; x_wconf 75' lang='grc' dir='ltr'>Κορέμων</span> <span class='ocrx_word' id='word_1_686' title='bbox 3914 4600 4012 4669; x_wconf 73' lang='grc' dir='ltr'>μὲν</span> 
     </span>
    </p>
   </div>
   <div class='ocr_carea' id='block_1_87' title="bbox 754 4675 2405 4758">
    <p class='ocr_par' dir='ltr' id='par_1_87' title="bbox 754 4688 2319 4758">
     <span class='ocr_line' id='line_1_87' title="bbox 754 4688 2319 4758; baseline -0.001 -17"><span class='ocrx_word' id='word_1_687' title='bbox 754 4690 821 4750; x_wconf 78' lang='lat' dir='ltr'><strong>Et</strong></span> <span class='ocrx_word' id='word_1_688' title='bbox 856 4690 1126 4743; x_wconf 87' lang='lat' dir='ltr'><strong>Corehoni</strong></span> <span class='ocrx_word' id='word_1_689' title='bbox 1180 4688 1396 4754; x_wconf 86' lang='lat' dir='ltr'><strong>quidem</strong></span> <span class='ocrx_word' id='word_1_690' title='bbox 1444 4689 1524 4741; x_wconf 88' lang='lat' dir='ltr'><strong>sic</strong></span> <span class='ocrx_word' id='word_1_691' title='bbox 1571 4688 1809 4743; x_wconf 83' lang='lat' dir='ltr'><strong>succedit</strong></span> <span class='ocrx_word' id='word_1_692' title='bbox 1860 4689 1983 4744; x_wconf 85' lang='lat' dir='ltr'><strong>linis</strong></span> <span class='ocrx_word' id='word_1_693' title='bbox 2024 4688 2267 4758; x_wconf 78' lang='lat' dir='ltr'><strong>martyrii</strong></span> <span class='ocrx_word' id='word_1_694' title='bbox 2306 4705 2319 4740; x_wconf 93' lang='lat'><strong>:</strong></span> 
     </span>
    </p>
   </div>
   <div class='ocr_carea' id='block_1_88' title="bbox 2359 4675 4010 4758">
    <p class='ocr_par' dir='ltr' id='par_1_88' title="bbox 2424 4675 4010 4758">
     <span class='ocr_line' id='line_1_88' title="bbox 2424 4675 4010 4758; baseline 0.004 -25"><span class='ocrx_word' id='word_1_695' title='bbox 2424 4677 2580 4745; x_wconf 76' lang='grc' dir='ltr'>οὗτος</span> <span class='ocrx_word' id='word_1_696' title='bbox 2612 4675 2690 4736; x_wconf 78' lang='grc' dir='ltr'><strong>ἐν’</strong></span> <span class='ocrx_word' id='word_1_697' title='bbox 2726 4682 2917 4753; x_wconf 81' lang='grc' dir='ltr'>βραχεῖ</span> <span class='ocrx_word' id='word_1_698' title='bbox 2976 4683 3066 4737; x_wconf 76' lang='grc' dir='ltr'><strong>τὸν</strong></span> <span class='ocrx_word' id='word_1_699' title='bbox 3099 4683 3310 4747; x_wconf 79' lang='grc' dir='ltr'>πολλοῖς</span> <span class='ocrx_word' id='word_1_700' title='bbox 3342 4686 3401 4750; x_wconf 72' lang='grc' dir='ltr'><strong>ἐξ</strong></span> <span class='ocrx_word' id='word_1_701' title='bbox 3443 4686 3635 4748; x_wconf 85' lang='grc' dir='ltr'>αίῶνος</span> <span class='ocrx_word' id='word_1_702' title='bbox 3666 4688 4010 4758; x_wconf 78' lang='grc' dir='ltr'>ποθουμενον</span> 
     </span>
    </p>
   </div>
   <div class='ocr_carea' id='block_1_89' title="bbox 752 4773 2403 4848">
    <p class='ocr_par' dir='ltr' id='par_1_89' title="bbox 752 4777 2320 4847">
     <span class='ocr_line' id='line_1_89' title="bbox 752 4777 2320 4847; baseline 0.001 -17"><span class='ocrx_word' id='word_1_703' title='bbox 752 4786 809 4830; x_wconf 86' lang='lat' dir='ltr'><strong>et</strong></span> <span class='ocrx_word' id='word_1_704' title='bbox 864 4778 1018 4847; x_wconf 87' lang='lat' dir='ltr'><strong>quia</strong></span> <span class='ocrx_word' id='word_1_705' title='bbox 1071 4777 1312 4833; x_wconf 83' lang='lat' dir='ltr'><strong>multisa</strong></span> <span class='ocrx_word' id='word_1_706' title='bbox 1374 4778 1570 4833; x_wconf 59' lang='lat' dir='ltr'><strong>seculo</strong></span> <span class='ocrx_word' id='word_1_707' title='bbox 1606 4779 1979 4843; x_wconf 85' lang='lat' dir='ltr'><strong>desideratur,</strong></span> <span class='ocrx_word' id='word_1_708' title='bbox 2033 4780 2118 4832; x_wconf 86' lang='lat' dir='ltr'><strong>hic</strong></span> <span class='ocrx_word' id='word_1_709' title='bbox 2175 4781 2320 4833; x_wconf 82' lang='lat' dir='ltr'><strong>brevi</strong></span> 
     </span>
    </p>
   </div>
   <div class='ocr_carea' id='block_1_90' title="bbox 2360 4773 4011 4848">
    <p class='ocr_par' dir='ltr' id='par_1_90' title="bbox 2423 4773 4011 4848">
     <span class='ocr_line' id='line_1_90' title="bbox 2423 4773 4011 4848; baseline 0.004 -21"><span class='ocrx_word' id='word_1_710' title='bbox 2423 4776 2640 4845; x_wconf 80' lang='grc' dir='ltr'>ἥρπασε</span> <span class='ocrx_word' id='word_1_711' title='bbox 2699 4775 2996 4846; x_wconf 82' lang='grc' dir='ltr'>θησαυρόν.</span> <span class='ocrx_word' id='word_1_712' title='bbox 3060 4773 3140 4827; x_wconf 77' lang='lat' dir='ltr'><strong>Ta</strong></span> <span class='ocrx_word' id='word_1_713' title='bbox 3192 4774 3247 4828; x_wconf 78' lang='grc' dir='ltr'><strong>δὲ</strong></span> <span class='ocrx_word' id='word_1_714' title='bbox 3281 4778 3421 4847; x_wconf 82' lang='grc' dir='ltr'>μετὰ</span> <span class='ocrx_word' id='word_1_715' title='bbox 3477 4776 3651 4833; x_wconf 81' lang='grc' dir='ltr'>ταῦτα</span> <span class='ocrx_word' id='word_1_716' title='bbox 3701 4781 3869 4848; x_wconf 81' lang='grc' dir='ltr'>τίνα;</span> <span class='ocrx_word' id='word_1_717' title='bbox 3907 4786 4011 4837; x_wconf 70' lang='lat' dir='ltr'><strong>Kac</strong></span> 
     </span>
    </p>
   </div>
   <div class='ocr_carea' id='block_1_91' title="bbox 756 4864 2407 4938">
    <p class='ocr_par' dir='ltr' id='par_1_91' title="bbox 756 4867 2401 4938">
     <span class='ocr_line' id='line_1_91' title="bbox 756 4867 2401 4938; baseline 0.002 -21"><span class='ocrx_word' id='word_1_718' title='bbox 756 4876 995 4933; x_wconf 83' lang='lat' dir='ltr'><strong>tempore</strong></span> <span class='ocrx_word' id='word_1_719' title='bbox 1042 4867 1354 4922; x_wconf 76' lang='lat' dir='ltr'><strong>thesaurum</strong></span> <span class='ocrx_word' id='word_1_720' title='bbox 1410 4867 1657 4938; x_wconf 88' lang='lat' dir='ltr'><strong>arripuit.</strong></span> <span class='ocrx_word' id='word_1_721' title='bbox 1711 4868 1964 4933; x_wconf 59' lang='lat' dir='ltr'><strong>Quanam</strong></span> <span class='ocrx_word' id='word_1_722' title='bbox 2022 4884 2150 4921; x_wconf 88' lang='lat' dir='ltr'><strong>vero</strong></span> <span class='ocrx_word' id='word_1_723' title='bbox 2200 4880 2324 4923; x_wconf 78' lang='lat' dir='ltr'><strong>sum</strong></span> <span class='ocrx_word' id='word_1_724' title='bbox 2361 4876 2401 4929; x_wconf 79' lang='grc' dir='ltr'><strong>ο</strong></span> 
     </span>
    </p>
   </div>
   <div class='ocr_carea' id='block_1_92' title="bbox 2354 4864 4005 4938">
    <p class='ocr_par' dir='ltr' id='par_1_92' title="bbox 2361 4864 4005 4937">
     <span class='ocr_line' id='line_1_92' title="bbox 2361 4864 4005 4937; baseline 0.007 -23"><span class='ocrx_word' id='word_1_725' title='bbox 2361 4876 2401 4929; x_wconf 79' lang='grc' dir='ltr'>ο</span> <span class='ocrx_word' id='word_1_726' title='bbox 2444 4864 2777 4933; x_wconf 80' lang='grc' dir='ltr'>Ἐλευθέριος</span> <span class='ocrx_word' id='word_1_727' title='bbox 2810 4865 2888 4934; x_wconf 81' lang='grc' dir='ltr'>τῷ</span> <span class='ocrx_word' id='word_1_728' title='bbox 2913 4865 3154 4935; x_wconf 86' lang='grc' dir='ltr'>κλιϐάνῳ</span> <span class='ocrx_word' id='word_1_729' title='bbox 3185 4868 3535 4937; x_wconf 61' lang='grc' dir='ltr'>ἀμϐάλλεται,</span> <span class='ocrx_word' id='word_1_730' title='bbox 3564 4871 3797 4935; x_wconf 77' lang='grc' dir='ltr'>καὶτοῖς</span> <span class='ocrx_word' id='word_1_731' title='bbox 3827 4873 4005 4925; x_wconf 81' lang='grc' dir='ltr'>ὀϐελί-</span> 
     </span>
    </p>
   </div>
   <div class='ocr_carea' id='block_1_93' title="bbox 752 4953 2403 5036">
    <p class='ocr_par' dir='ltr' id='par_1_93' title="bbox 752 4953 2325 5029">
     <span class='ocr_line' id='line_1_93' title="bbox 752 4953 2325 5029; baseline 0.001 -20"><span class='ocrx_word' id='word_1_732' title='bbox 752 4953 1064 5012; x_wconf 76' lang='lat' dir='ltr'><strong>Eleutherio</strong></span> <span class='ocrx_word' id='word_1_733' title='bbox 1127 4969 1317 5026; x_wconf 87' lang='lat' dir='ltr'><strong>postea</strong></span> <span class='ocrx_word' id='word_1_734' title='bbox 1395 4960 1727 5013; x_wconf 83' lang='lat' dir='ltr'><strong>consecuta?</strong></span> <span class='ocrx_word' id='word_1_735' title='bbox 1803 4960 2043 5015; x_wconf 83' lang='lat' dir='ltr'><strong>Primum</strong></span> <span class='ocrx_word' id='word_1_736' title='bbox 2104 4960 2325 5029; x_wconf 87' lang='lat' dir='ltr'><strong>quidem</strong></span> 
     </span>
    </p>
   </div>
   <div class='ocr_carea' id='block_1_94' title="bbox 2361 4953 4012 5036">
    <p class='ocr_par' dir='ltr' id='par_1_94' title="bbox 2428 4956 4012 5036">
     <span class='ocr_line' id='line_1_94' title="bbox 2428 4956 4012 5036; baseline 0.009 -31"><span class='ocrx_word' id='word_1_737' title='bbox 2428 4970 2577 5017; x_wconf 88' lang='grc' dir='ltr'>σκοις</span> <span class='ocrx_word' id='word_1_738' title='bbox 2634 4972 2693 5007; x_wconf 87' lang='grc' dir='ltr'><strong>τε</strong></span> <span class='ocrx_word' id='word_1_739' title='bbox 2724 4957 2783 5009; x_wconf 50' lang='grc' dir='ltr'><strong>τὶ)</strong></span> <span class='ocrx_word' id='word_1_740' title='bbox 2822 4956 3000 5011; x_wconf 78' lang='grc' dir='ltr'>δοκεῖν</span> <span class='ocrx_word' id='word_1_741' title='bbox 3029 4960 3448 5029; x_wconf 70' lang='grc' dir='ltr'>περιπείρεται*</span> <span class='ocrx_word' id='word_1_742' title='bbox 3510 4962 3625 5014; x_wconf 87' lang='grc' dir='ltr'>ἀλλ’</span> <span class='ocrx_word' id='word_1_743' title='bbox 3650 4963 3816 5029; x_wconf 80' lang='grc' dir='ltr'>εὐθὺς</span> <span class='ocrx_word' id='word_1_744' title='bbox 3848 4966 3877 5018; x_wconf 88' lang='lat'><strong>6</strong></span> <span class='ocrx_word' id='word_1_745' title='bbox 3914 4967 4012 5036; x_wconf 76' lang='grc' dir='ltr'>μὲν</span> 
     </span>
    </p>
   </div>
   <div class='ocr_carea' id='block_1_95' title="bbox 756 5046 2407 5121">
    <p class='ocr_par' dir='ltr' id='par_1_95' title="bbox 756 5047 2322 5120">
     <span class='ocr_line' id='line_1_95' title="bbox 756 5047 2322 5120; baseline 0.004 -21"><span class='ocrx_word' id='word_1_746' title='bbox 756 5047 870 5115; x_wconf 85' lang='lat' dir='ltr'><strong>ipse</strong></span> <span class='ocrx_word' id='word_1_747' title='bbox 900 5048 951 5101; x_wconf 87' lang='lat' dir='ltr'><strong>in</strong></span> <span class='ocrx_word' id='word_1_748' title='bbox 976 5048 1242 5102; x_wconf 85' lang='lat' dir='ltr'><strong>clibauum</strong></span> <span class='ocrx_word' id='word_1_749' title='bbox 1268 5049 1616 5103; x_wconf 88' lang='lat' dir='ltr'><strong>immittitur:</strong></span> <span class='ocrx_word' id='word_1_750' title='bbox 1645 5050 1838 5105; x_wconf 89' lang='lat' dir='ltr'><strong>deinde</strong></span> <span class='ocrx_word' id='word_1_751' title='bbox 1862 5055 2023 5105; x_wconf 87' lang='lat' dir='ltr'><strong>etiam</strong></span> <span class='ocrx_word' id='word_1_752' title='bbox 2050 5053 2322 5120; x_wconf 80' lang='lat' dir='ltr'><strong>obeliscis,</strong></span> 
     </span>
    </p>
   </div>
   <div class='ocr_carea' id='block_1_96' title="bbox 2360 5046 4011 5121">
    <p class='ocr_par' dir='ltr' id='par_1_96' title="bbox 2426 5046 4011 5121">
     <span class='ocr_line' id='line_1_96' title="bbox 2426 5046 4011 5121; baseline 0.007 -22"><span class='ocrx_word' id='word_1_753' title='bbox 2426 5046 2677 5112; x_wconf 83' lang='grc' dir='ltr'>κλίϐανος</span> <span class='ocrx_word' id='word_1_754' title='bbox 2710 5049 3017 5114; x_wconf 87' lang='grc' dir='ltr'>σϐέννυται,</span> <span class='ocrx_word' id='word_1_755' title='bbox 3052 5051 3375 5121; x_wconf 76' lang='grc' dir='ltr'>στρέφονται</span> <span class='ocrx_word' id='word_1_756' title='bbox 3402 5052 3458 5107; x_wconf 67' lang='grc' dir='ltr'><strong>δὲ</strong></span> <span class='ocrx_word' id='word_1_757' title='bbox 3502 5055 3590 5107; x_wconf 86' lang='grc' dir='ltr'><strong>καί</strong></span> <span class='ocrx_word' id='word_1_758' title='bbox 3613 5058 3669 5108; x_wconf 79' lang='lat' dir='ltr'><strong>al</strong></span> <span class='ocrx_word' id='word_1_759' title='bbox 3699 5056 3809 5109; x_wconf 89' lang='grc' dir='ltr'><strong>τῶν</strong></span> <span class='ocrx_word' id='word_1_760' title='bbox 3838 5058 4011 5110; x_wconf 84' lang='grc' dir='ltr'>ὀϐελί-</span> 
     </span>
    </p>
   </div>
   <div class='ocr_carea' id='block_1_97' title="bbox 756 5138 2407 5219">
    <p class='ocr_par' dir='ltr' id='par_1_97' title="bbox 756 5138 2325 5211">
     <span class='ocr_line' id='line_1_97' title="bbox 756 5138 2325 5211; baseline 0.003 -20"><span class='ocrx_word' id='word_1_761' title='bbox 756 5146 816 5192; x_wconf 85' lang='grc' dir='ltr'>ιιι</span> <span class='ocrx_word' id='word_1_762' title='bbox 846 5139 1150 5203; x_wconf 84' lang='lat' dir='ltr'><strong>videbatur,</strong></span> <span class='ocrx_word' id='word_1_763' title='bbox 1186 5141 1547 5210; x_wconf 74' lang='lat' dir='ltr'><strong>transﬂgitur.</strong></span> <span class='ocrx_word' id='word_1_764' title='bbox 1583 5138 1650 5194; x_wconf 82' lang='lat' dir='ltr'><strong>Et</strong></span> <span class='ocrx_word' id='word_1_765' title='bbox 1677 5143 1923 5198; x_wconf 89' lang='lat' dir='ltr'><strong>clibanus</strong></span> <span class='ocrx_word' id='word_1_766' title='bbox 1954 5141 2171 5211; x_wconf 86' lang='lat' dir='ltr'><strong>quidem</strong></span> <span class='ocrx_word' id='word_1_767' title='bbox 2205 5160 2325 5197; x_wconf 87' lang='lat' dir='ltr'><strong>rur-</strong></span> 
     </span>
    </p>
   </div>
   <div class='ocr_carea' id='block_1_98' title="bbox 2356 5138 4007 5219">
    <p class='ocr_par' dir='ltr' id='par_1_98' title="bbox 2426 5140 4007 5219">
     <span class='ocr_line' id='line_1_98' title="bbox 2426 5140 4007 5219; baseline 0.007 -28"><span class='ocrx_word' id='word_1_768' title='bbox 2426 5156 2572 5191; x_wconf 85' lang='grc' dir='ltr'>σκων</span> <span class='ocrx_word' id='word_1_769' title='bbox 2629 5140 2827 5208; x_wconf 74' lang='grc' dir='ltr'>ἁκμαὶ,</span> <span class='ocrx_word' id='word_1_770' title='bbox 2861 5143 3097 5212; x_wconf 84' lang='grc' dir='ltr'>τιμῶσαι</span> <span class='ocrx_word' id='word_1_771' title='bbox 3155 5140 3345 5215; x_wconf 78' lang='grc' dir='ltr'>ὥσπερ</span> <span class='ocrx_word' id='word_1_772' title='bbox 3380 5148 3587 5215; x_wconf 81' lang='grc' dir='ltr'>σάρκας</span> <span class='ocrx_word' id='word_1_773' title='bbox 3632 5152 4007 5219; x_wconf 71' lang='grc' dir='ltr'>μαρτυρικᾶς,</span> 
     </span>
    </p>
   </div>
   <div class='ocr_carea' id='block_1_99' title="bbox 756 5230 2407 5309">
    <p class='ocr_par' dir='ltr' id='par_1_99' title="bbox 756 5230 2322 5303">
     <span class='ocr_line' id='line_1_99' title="bbox 756 5230 2322 5303; baseline 0.002 -20"><span class='ocrx_word' id='word_1_774' title='bbox 756 5242 875 5294; x_wconf 85' lang='lat' dir='ltr'><strong>sus,</strong></span> <span class='ocrx_word' id='word_1_775' title='bbox 905 5230 1045 5283; x_wconf 81' lang='lat' dir='ltr'><strong>sicut</strong></span> <span class='ocrx_word' id='word_1_776' title='bbox 1084 5232 1234 5300; x_wconf 87' lang='lat' dir='ltr'><strong>prius</strong></span> <span class='ocrx_word' id='word_1_777' title='bbox 1284 5232 1647 5303; x_wconf 80' lang='lat' dir='ltr'><strong>exstinguitur</strong></span> <span class='ocrx_word' id='word_1_778' title='bbox 1680 5251 1693 5287; x_wconf 91' lang='lat'><strong>:</strong></span> <span class='ocrx_word' id='word_1_779' title='bbox 1724 5244 2115 5290; x_wconf 88' lang='lat' dir='ltr'><strong>convertuntur</strong></span> <span class='ocrx_word' id='word_1_780' title='bbox 2144 5244 2322 5289; x_wconf 88' lang='lat' dir='ltr'><strong>autem</strong></span> 
     </span>
    </p>
   </div>
   <div class='ocr_carea' id='block_1_100' title="bbox 2356 5230 4007 5309">
    <p class='ocr_par' dir='ltr' id='par_1_100' title="bbox 2426 5230 4007 5309">
     <span class='ocr_line' id='line_1_100' title="bbox 2426 5230 4007 5309; baseline 0.008 -28"><span class='ocrx_word' id='word_1_781' title='bbox 2426 5230 2517 5283; x_wconf 76' lang='grc' dir='ltr'>καὶ</span> <span class='ocrx_word' id='word_1_782' title='bbox 2556 5231 2734 5303; x_wconf 73' lang='grc' dir='ltr'>ψυχῆς</span> <span class='ocrx_word' id='word_1_783' title='bbox 2789 5234 3062 5302; x_wconf 74' lang='grc' dir='ltr'>τύφλωσιν</span> <span class='ocrx_word' id='word_1_784' title='bbox 3128 5235 3452 5307; x_wconf 72' lang='grc' dir='ltr'>ἐλέγχουσαι</span> <span class='ocrx_word' id='word_1_785' title='bbox 3509 5235 3603 5291; x_wconf 88' lang='grc' dir='ltr'><strong>τοῦ</strong></span> <span class='ocrx_word' id='word_1_786' title='bbox 3661 5239 4007 5309; x_wconf 74' lang='grc' dir='ltr'>κολάζοντος,</span> 
     </span>
    </p>
   </div>
   <div class='ocr_carea' id='block_1_101' title="bbox 754 5322 2405 5398">
    <p class='ocr_par' dir='ltr' id='par_1_101' title="bbox 754 5322 2314 5393">
     <span class='ocr_line' id='line_1_101' title="bbox 754 5322 2314 5393; baseline 0.004 -21"><span class='ocrx_word' id='word_1_787' title='bbox 754 5322 999 5387; x_wconf 81' lang='lat' dir='ltr'><strong>protinus</strong></span> <span class='ocrx_word' id='word_1_788' title='bbox 1038 5323 1286 5391; x_wconf 70' lang='lat' dir='ltr'><strong>cuspides</strong></span> <span class='ocrx_word' id='word_1_789' title='bbox 1322 5322 1706 5389; x_wconf 80' lang='lat' dir='ltr'><strong>obeliscorum,</strong></span> <span class='ocrx_word' id='word_1_790' title='bbox 1756 5326 2153 5393; x_wconf 88' lang='lat' dir='ltr'><strong>quodammodo</strong></span> <span class='ocrx_word' id='word_1_791' title='bbox 2194 5340 2314 5381; x_wconf 85' lang='lat' dir='ltr'><strong>car-</strong></span> 
     </span>
    </p>
   </div>
   <div class='ocr_carea' id='block_1_102' title="bbox 2353 5322 4004 5398">
    <p class='ocr_par' dir='ltr' id='par_1_102' title="bbox 2426 5322 4004 5398">
     <span class='ocr_line' id='line_1_102' title="bbox 2426 5322 4004 5398; baseline 0.005 -22"><span class='ocrx_word' id='word_1_792' title='bbox 2426 5322 2560 5377; x_wconf 85' lang='grc' dir='ltr'><strong>ἀλλά</strong></span> <span class='ocrx_word' id='word_1_793' title='bbox 2606 5328 2700 5378; x_wconf 81' lang='grc' dir='ltr'>καὶ</span> <span class='ocrx_word' id='word_1_794' title='bbox 2745 5327 2974 5391; x_wconf 76' lang='grc' dir='ltr'>πολλοὺς</span> <span class='ocrx_word' id='word_1_795' title='bbox 3000 5330 3110 5382; x_wconf 86' lang='grc' dir='ltr'><strong>τῶν</strong></span> <span class='ocrx_word' id='word_1_796' title='bbox 3144 5330 3514 5397; x_wconf 83' lang='grc' dir='ltr'>παρεστώτων</span> <span class='ocrx_word' id='word_1_797' title='bbox 3569 5332 3647 5392; x_wconf 80' lang='grc' dir='ltr'><strong>είς</strong></span> <span class='ocrx_word' id='word_1_798' title='bbox 3704 5332 4004 5398; x_wconf 70' lang='grc' dir='ltr'>ἐπίγνωσιν</span> 
     </span>
    </p>
   </div>
   <div class='ocr_carea' id='block_1_103' title="bbox 755 5411 2406 5491">
    <p class='ocr_par' dir='ltr' id='par_1_103' title="bbox 755 5411 2323 5486">
     <span class='ocr_line' id='line_1_103' title="bbox 755 5411 2323 5486; baseline 0.002 -23"><span class='ocrx_word' id='word_1_799' title='bbox 755 5423 878 5463; x_wconf 90' lang='lat' dir='ltr'><strong>nem</strong></span> <span class='ocrx_word' id='word_1_800' title='bbox 912 5411 1235 5464; x_wconf 84' lang='lat' dir='ltr'><strong>honorantes</strong></span> <span class='ocrx_word' id='word_1_801' title='bbox 1262 5412 1535 5481; x_wconf 63' lang='lat' dir='ltr'><strong>martyris,</strong></span> <span class='ocrx_word' id='word_1_802' title='bbox 1565 5423 1616 5465; x_wconf 92' lang='lat' dir='ltr'><strong>et</strong></span> <span class='ocrx_word' id='word_1_803' title='bbox 1651 5414 1785 5486; x_wconf 85' lang='lat' dir='ltr'><strong>ejus,</strong></span> <span class='ocrx_word' id='word_1_804' title='bbox 1812 5414 1898 5482; x_wconf 90' lang='lat' dir='ltr'><strong>qui</strong></span> <span class='ocrx_word' id='word_1_805' title='bbox 1925 5413 2103 5482; x_wconf 84' lang='lat' dir='ltr'><strong>punit,</strong></span> <span class='ocrx_word' id='word_1_806' title='bbox 2128 5414 2323 5467; x_wconf 68' lang='lat' dir='ltr'><strong>animae</strong></span> 
     </span>
    </p>
   </div>
   <div class='ocr_carea' id='block_1_104' title="bbox 2345 5411 3996 5491">
    <p class='ocr_par' dir='ltr' id='par_1_104' title="bbox 2431 5416 3996 5491">
     <span class='ocr_line' id='line_1_104' title="bbox 2431 5416 3996 5491; baseline 0.006 -23"><span class='ocrx_word' id='word_1_807' title='bbox 2431 5416 2564 5470; x_wconf 86' lang='grc' dir='ltr'>Θεοῦ</span> <span class='ocrx_word' id='word_1_808' title='bbox 2597 5420 2689 5473; x_wconf 86' lang='grc' dir='ltr'><strong>τοῦ</strong></span> <span class='ocrx_word' id='word_1_809' title='bbox 2726 5419 2899 5473; x_wconf 83' lang='grc' dir='ltr'>ταῦτα</span> <span class='ocrx_word' id='word_1_810' title='bbox 2926 5421 3467 5491; x_wconf 76' lang='grc' dir='ltr'>θαυματουργοῦντος</span> <span class='ocrx_word' id='word_1_811' title='bbox 3497 5423 3775 5483; x_wconf 68' lang='grc' dir='ltr'>ἕλκουσαι,</span> <span class='ocrx_word' id='word_1_812' title='bbox 3810 5425 3861 5477; x_wconf 89' lang='grc' dir='ltr'>οἳ</span> <span class='ocrx_word' id='word_1_813' title='bbox 3896 5428 3996 5489; x_wconf 60' lang='grc' dir='ltr'>κάξ</span> 
     </span>
    </p>
   </div>
   <div class='ocr_carea' id='block_1_105' title="bbox 756 5502 2407 5582">
    <p class='ocr_par' dir='ltr' id='par_1_105' title="bbox 756 5502 2324 5572">
     <span class='ocr_line' id='line_1_105' title="bbox 756 5502 2324 5572; baseline 0.002 -20"><span class='ocrx_word' id='word_1_814' title='bbox 756 5508 1046 5567; x_wconf 81' lang='lat' dir='ltr'><strong>arguentes</strong></span> <span class='ocrx_word' id='word_1_815' title='bbox 1073 5503 1370 5555; x_wconf 65' lang='lat' dir='ltr'><strong>cmeitatem</strong></span> <span class='ocrx_word' id='word_1_816' title='bbox 1412 5518 1425 5555; x_wconf 91' lang='lat'><strong>:</strong></span> <span class='ocrx_word' id='word_1_817' title='bbox 1460 5504 1753 5572; x_wconf 88' lang='lat' dir='ltr'><strong>quinetiam</strong></span> <span class='ocrx_word' id='word_1_818' title='bbox 1788 5505 1985 5557; x_wconf 87' lang='lat' dir='ltr'><strong>multos</strong></span> <span class='ocrx_word' id='word_1_819' title='bbox 2013 5518 2079 5555; x_wconf 81' lang='lat' dir='ltr'><strong>ex</strong></span> <span class='ocrx_word' id='word_1_820' title='bbox 2111 5502 2197 5566; x_wconf 86' lang='lat' dir='ltr'><strong>iis,</strong></span> <span class='ocrx_word' id='word_1_821' title='bbox 2231 5502 2324 5570; x_wconf 86' lang='lat' dir='ltr'><strong>qui</strong></span> 
     </span>
    </p>
   </div>
   <div class='ocr_carea' id='block_1_106' title="bbox 2348 5502 3999 5582">
    <p class='ocr_par' dir='ltr' id='par_1_106' title="bbox 2430 5509 3999 5582">
     <span class='ocr_line' id='line_1_106' title="bbox 2430 5509 3999 5582; baseline 0.004 -21"><span class='ocrx_word' id='word_1_822' title='bbox 2430 5509 2617 5577; x_wconf 80' lang='grc' dir='ltr'>Μέγας</span> <span class='ocrx_word' id='word_1_823' title='bbox 2640 5512 2667 5563; x_wconf 87' lang='lat'><strong>6</strong></span> <span class='ocrx_word' id='word_1_824' title='bbox 2689 5512 2819 5573; x_wconf 74' lang='grc' dir='ltr'>Θεὸς</span> <span class='ocrx_word' id='word_1_825' title='bbox 2849 5513 2957 5563; x_wconf 85' lang='grc' dir='ltr'><strong>τῶν</strong></span> <span class='ocrx_word' id='word_1_826' title='bbox 2990 5514 3349 5582; x_wconf 84' lang='grc' dir='ltr'>Χριστιανῶν,</span> <span class='ocrx_word' id='word_1_827' title='bbox 3372 5514 3558 5580; x_wconf 76' lang='grc' dir='ltr'>ἐϐόων,</span> <span class='ocrx_word' id='word_1_828' title='bbox 3591 5516 3619 5566; x_wconf 93' lang='lat'><strong>6</strong></span> <span class='ocrx_word' id='word_1_829' title='bbox 3645 5514 3711 5571; x_wconf 77' lang='grc' dir='ltr'><strong>δι’</strong></span> <span class='ocrx_word' id='word_1_830' title='bbox 3759 5516 3999 5568; x_wconf 79' lang='grc' dir='ltr'>Ἐλευθε-</span> 
     </span>
    </p>
   </div>
   <div class='ocr_carea' id='block_1_107' title="bbox 756 5592 2407 5674">
    <p class='ocr_par' dir='ltr' id='par_1_107' title="bbox 756 5592 2326 5665">
     <span class='ocr_line' id='line_1_107' title="bbox 756 5592 2326 5665; baseline 0.004 -22"><span class='ocrx_word' id='word_1_831' title='bbox 756 5592 1024 5656; x_wconf 77' lang='lat' dir='ltr'><strong>astabant,</strong></span> <span class='ocrx_word' id='word_1_832' title='bbox 1060 5594 1392 5647; x_wconf 86' lang='lat' dir='ltr'><strong>attrahentes</strong></span> <span class='ocrx_word' id='word_1_833' title='bbox 1426 5597 1490 5648; x_wconf 87' lang='lat' dir='ltr'><strong>ad</strong></span> <span class='ocrx_word' id='word_1_834' title='bbox 1534 5592 1628 5646; x_wconf 86' lang='lat' dir='ltr'><strong>Dei</strong></span> <span class='ocrx_word' id='word_1_835' title='bbox 1658 5593 2046 5665; x_wconf 89' lang='lat' dir='ltr'><strong>cognitionem,</strong></span> <span class='ocrx_word' id='word_1_836' title='bbox 2085 5596 2175 5662; x_wconf 90' lang='lat' dir='ltr'><strong>qui</strong></span> <span class='ocrx_word' id='word_1_837' title='bbox 2213 5598 2326 5649; x_wconf 69' lang='lat' dir='ltr'><strong>hare</strong></span> 
     </span>
    </p>
   </div>
   <div class='ocr_carea' id='block_1_108' title="bbox 1524 5592 3175 5674">
    <p class='ocr_par' dir='ltr' id='par_1_108' title="bbox 1534 5592 3175 5674">
     <span class='ocr_line' id='line_1_108' title="bbox 1534 5592 3175 5674; baseline 0.007 -29"><span class='ocrx_word' id='word_1_838' title='bbox 1534 5592 1628 5646; x_wconf 86' lang='lat' dir='ltr'><strong>Dei</strong></span> <span class='ocrx_word' id='word_1_839' title='bbox 1658 5593 2046 5665; x_wconf 87' lang='lat' dir='ltr'><strong>cognitionem,</strong></span> <span class='ocrx_word' id='word_1_840' title='bbox 2085 5596 2175 5662; x_wconf 89' lang='lat' dir='ltr'><strong>qui</strong></span> <span class='ocrx_word' id='word_1_841' title='bbox 2213 5598 2326 5649; x_wconf 69' lang='lat' dir='ltr'><strong>hare</strong></span> <span class='ocrx_word' id='word_1_842' title='bbox 2435 5605 2549 5671; x_wconf 84' lang='grc' dir='ltr'>ρίου</span> <span class='ocrx_word' id='word_1_843' title='bbox 2591 5605 2722 5671; x_wconf 79' lang='grc' dir='ltr'>ἡμῖν</span> <span class='ocrx_word' id='word_1_844' title='bbox 2752 5604 3175 5674; x_wconf 84' lang='grc' dir='ltr'>κηρυττόμενος.</span> 
     </span>
    </p>
   </div>
   <div class='ocr_carea' id='block_1_109' title="bbox 756 5683 4005 5771">
    <p class='ocr_par' dir='ltr' id='par_1_109' title="bbox 756 5683 4005 5771">
     <span class='ocr_line' id='line_1_109' title="bbox 756 5683 4005 5771; baseline 0.004 -33"><span class='ocrx_word' id='word_1_845' title='bbox 756 5684 991 5741; x_wconf 75' lang='lat' dir='ltr'><strong>faciebat</strong></span> <span class='ocrx_word' id='word_1_846' title='bbox 1028 5683 1345 5743; x_wconf 76' lang='lat' dir='ltr'><strong>miracula:</strong></span> <span class='ocrx_word' id='word_1_847' title='bbox 1398 5692 1489 5759; x_wconf 92' lang='lat' dir='ltr'><strong>qui</strong></span> <span class='ocrx_word' id='word_1_848' title='bbox 1540 5690 1728 5757; x_wconf 88' lang='lat' dir='ltr'><strong>etiam,</strong></span> <span class='ocrx_word' id='word_1_849' title='bbox 1806 5689 2036 5762; x_wconf 79' lang='lat' dir='ltr'><strong>Magnus</strong></span> <span class='ocrx_word' id='word_1_850' title='bbox 2092 5704 2177 5745; x_wconf 90' lang='lat' dir='ltr'><strong>est</strong></span> <span class='ocrx_word' id='word_1_851' title='bbox 2230 5691 2371 5748; x_wconf 90' lang='lat' dir='ltr'><strong>Deus</strong></span> <span class='ocrx_word' id='word_1_852' title='bbox 2439 5696 2892 5765; x_wconf 83' lang='lat' dir='ltr'><strong>Christianorum,</strong></span> <span class='ocrx_word' id='word_1_853' title='bbox 2940 5700 3267 5765; x_wconf 87' lang='lat' dir='ltr'><strong>clamabant,</strong></span> <span class='ocrx_word' id='word_1_854' title='bbox 3312 5703 3402 5771; x_wconf 87' lang='lat' dir='ltr'><strong>qui</strong></span> <span class='ocrx_word' id='word_1_855' title='bbox 3464 5702 3616 5756; x_wconf 78' lang='lat' dir='ltr'><strong>nobis</strong></span> <span class='ocrx_word' id='word_1_856' title='bbox 3682 5703 4005 5771; x_wconf 69' lang='lat' dir='ltr'><strong>prmdicatur</strong></span> 
     </span>
    </p>
   </div>
   <div class='ocr_carea' id='block_1_110' title="bbox 755 5778 1275 5848">
    <p class='ocr_par' dir='ltr' id='par_1_110' title="bbox 755 5778 1275 5848">
     <span class='ocr_line' id='line_1_110' title="bbox 755 5778 1275 5848; baseline 0.008 -18"><span class='ocrx_word' id='word_1_857' title='bbox 755 5793 853 5848; x_wconf 89' lang='lat' dir='ltr'><strong>per</strong></span> <span class='ocrx_word' id='word_1_858' title='bbox 887 5778 1275 5834; x_wconf 82' lang='lat' dir='ltr'><strong>Eleutlterium.</strong></span> 
     </span>
    </p>
   </div>
  </div>
