4180 6468
151 413 250 484 13⁸1

215 525 294 580 8’.
328 521 507 588 Αὖθις
540 521 638 580 οὖν
665 525 868 598 inopia
899 524 990 579 καὶ
1029 525 1170 596 λύπη
1229 527 1499 597 λαμιεῑινει
1533 529 1623 581 τὸν
1662 528 1758 582 τύο
1790 536 1832 591 Α

149 635 366 688 ραννον.
404 615 506 670 καῖ
539 617 664 670 τοτε
713 617 814 686 μὲν
839 619 903 688 τῇ
935 621 1148 688 φρουρᾷ
1176 623 1265 671 τὸν
1319 621 1574 689 μάρτυρα
1600 620 1756 674 δίδω-

148 727 251 773 σιν,
313 709 564 780 ὕστερον
605 711 662 763 δὲ
715 709 784 762 δι’
815 709 945 778 ὅλης
985 711 1202 781 ἡμέρας
1261 713 1591 783 σκεψαμένῳ
1623 712 1762 783 μετὰ

143 804 251 857 τῶν
293 803 390 855 ὑπ’
432 803 636 868 αὑτοῦ,
699 801 801 856 ποῦ
835 803 932 856 καὶ
980 803 1132 866 ὅπως
1177 804 1516 875 Ἐλευθέριος
1547 806 1761 879 ὑπόσχῃ

145 896 239 965 τὴν
265 895 584 966 τιμωρίαν,
619 896 784 960 εδοξε.
819 894 998 958 Τόπος
1024 895 1126 965 μὲν
1161 899 1187 964 ἡ
1222 897 1452 967 φρουρὰ,
1480 898 1572 967 τρό
1587 915 1680 960 πος
1703 897 1761 950 δὲ

145 989 425 1050 οἴκτιστος
469 990 500 1042 ό
561 987 651 1041 διὰ
705 986 891 1057 λιμοῦ.
945 987 1158 1057 Σνχνὰς
1216 984 1312 1041 οὖν
1345 991 1558 1058 ἡμέρας
1611 994 1670 1043 ὲν
1692 991 1757 1061 τῇ

144 1081 338 1151 εἱρκτῇ
371 1080 728 1133 ἐπυκτεύετο
758 1079 836 1149 τῷ
863 1079 1009 1150 λιμῷ
1035 1097 1049 1111 ο
1077 1079 1193 1132 ἀλλ’
1225 1082 1252 1133 6
1275 1079 1351 1151 τῷ
1382 1083 1582 1152 Δανιὴλ
1605 1097 1757 1148 ποτε,

147 1174 237 1224 καὶ
264 1171 346 1240 τῷ
381 1171 556 1243 Ἠλίᾳ
582 1173 727 1242 μετά
757 1172 956 1233 ταῦτα,
988 1172 1199 1243 τροφὴν
1250 1174 1339 1226 διὰ
1393 1175 1599 1244 πτηνοῦ
1629 1192 1759 1245 χορυ

148 1262 388 1329 ηγήσας,
417 1264 520 1315 καί
543 1261 737 1315 τοῦτον
763 1263 952 1332 τρέφει
974 1262 1060 1315 διὰ
1089 1266 1439 1333 περιστερᾶς.
1475 1266 1581 1318 Καὶ
1601 1267 1629 1316 ὁ
1661 1263 1759 1335 μιν

149 1355 482 1420 εὐχαριστει
508 1351 658 1422 Θεῷ,
688 1352 769 1403 ὅτι
804 1353 909 1402 τῶν
939 1352 1070 1404 ἴσων
1103 1353 1214 1413 τοῖς
1263 1353 1523 1422 μεγάλοις
1549 1352 1758 1415 τούτοις

143 1439 373 1508 ἠξίωται
400 1456 413 1469 ⁸
448 1443 481 1493 ὀ
511 1442 574 1495 δὲ
609 1441 874 1512 τύραννος
902 1443 1191 1511 ὲμεμήνει,
1213 1441 1291 1508 ὡς
1320 1443 1578 1506 ἀσθενοῦς
1610 1443 1759 1513 αύτῷ

146 1533 516 1611 ἐλεγχθέντος
565 1533 662 1587 τοῦ
733 1536 1164 1604 μηχανήματος’
1226 1536 1349 1588 ὅθεν
1409 1540 1499 1592 καὶ
1560 1537 1760 1600 ἴππους

144 1626 380 1696 ἀγρίους
416 1625 532 1678 ὑπὸ
563 1626 734 1693 ζυγὸν
770 1626 986 1679 κελεύει
1016 1625 1241 1693 δεθῆναι
1275 1629 1366 1679 καὶ
1397 1627 1486 1678 τὸν
1516 1628 1762 1682 Ἐλευθέο

155 1734 289 1786 ριον,
319 1718 414 1770 ἵνα
443 1719 564 1771 τῶν
587 1719 770 1770 ἵππων
790 1718 1014 1786 ἀμαθῶν
1039 1719 1210 1768 ὄντων
1229 1718 1396 1785 ζυγοῦ
1419 1720 1511 1771 καὶ
1528 1720 1756 1788 ἀγρίων,

153 1808 229 1876 τῷ
255 1810 437 1879 ῥοίζῳ
478 1826 540 1860 τε
575 1807 673 1860 τοῦ
710 1807 951 1877 ἅρματος
1003 1808 1142 1870 ἄγαν
1184 1809 1638 1879 ἐκταραχθέντων
1665 1812 1759 1862 καὶ

1395 420 1566 480 νιίἈ
1605 419 1663 477 S.
1708 417 2220 482 ELEUTHERlI.

3329 422 3428 484 138

1935 527 2025 583 IX.
2085 527 2296 582 Rursus
2348 541 2477 597 ergo
2509 533 2562 582 et
2600 526 2863 581 harsitatio
2914 537 2967 579 et
3019 543 3242 601 magnus
3277 535 3430 590 dolor

1871 622 2084 676 invadit
2153 631 2457 692 tyrannum.
2529 617 2595 672 Et
2661 630 2783 674 tunc
2844 620 3061 688 quidem
3143 635 3432 696 martyrem

1867 714 2039 768 tradit
2080 714 2130 767 in
2177 710 2477 766 custodiam
2512 727 2525 764 :
2569 721 2758 780 postea
2800 719 2980 765 autem
3014 712 3243 772 eximios
3271 720 3437 774 exiis

1861 803 1952 874 qui
2003 802 2051 857 ei
2116 802 2398 872 parebant,
2454 811 2780 856 convocatos
2836 812 3130 873 congregat
3161 823 3174 860 :
3205 816 3260 861 et
3311 824 3436 870 eum

1865 906 1976 951 toto
2004 895 2094 951 die
2125 895 2500 960 deliberasset,
2525 893 2611 947 ubi
2648 905 2706 948 et
2734 907 2969 962 quonam
3000 898 3156 952 modo
3184 898 3440 956 Eleuthe-

1865 989 1978 1044 riue
2050 988 2258 1044 subiret
2330 987 2703 1056 supplicium,
2767 986 2916 1041 visus
2995 999 3079 1044 est
3163 991 3211 1046 ei
3290 991 3438 1046 locus

1863 1081 2080 1152 quidem
2115 1095 2302 1136 career
2345 1095 2362 1133 :
2423 1080 2618 1134 modus
2670 1093 2802 1134 vero
2858 1079 3095 1137 maxime
3145 1084 3433 1138 miserabi-

1863 1172 1950 1240 lis,
1985 1187 2176 1242 nempe
2233 1187 2332 1241 per
2387 1171 2605 1226 laniem.
2671 1169 2739 1225 Et
2805 1183 3089 1242 postquam
3145 1173 3258 1229 haec
3323 1179 3436 1229 visa

1861 1275 2010 1340 sum,
2071 1265 2270 1321 multos
2321 1264 2534 1332 quidem
2584 1263 2698 1317 dies
2747 1263 2802 1318 in
2860 1279 3083 1322 carcere
3144 1266 3441 1321 decet-tavit

1863 1369 1984 1408 cum
2066 1353 2226 1408 fatue.
2301 1352 2404 1407 Sed
2463 1351 2555 1422 qui
2621 1350 2746 1404 olim
2825 1352 3029 1408 Danieli
3072 1353 3093 1384 ⁸
3141 1366 3195 1406 et
3251 1353 3439 1411 Elim’

1864 1464 1958 1516 per
2008 1448 2278 1502 volucrem
2336 1447 2649 1503 alimentum
2714 1447 3094 1518 suppeditavit,
3133 1462 3255 1502 eum
3303 1463 3439 1518 quo-

1865 1555 1968 1609 que
2001 1540 2096 1592 alit
2130 1555 2224 1608 per
2256 1539 2584 1604 columbam,
2621 1547 2674 1593 et
2713 1537 2829 1606 ejus
2860 1537 3093 1590 animam
3124 1536 3309 1606 implet
3345 1539 3440 1591 bo-

1867 1631 1970 1683 nis.
2033 1631 2097 1683 Et
2165 1629 2251 1682 ille
2317 1631 2532 1698 quidem
2589 1629 2782 1699 agebat
2850 1626 3086 1697 gratias,
3145 1627 3285 1695 quod
3355 1627 3441 1682 his

1866 1722 2078 1790 magnis
2118 1721 2273 1775 bonis
2305 1723 2376 1774 sit
2427 1721 2623 1790 dignus
2676 1720 2893 1774 habitus
2923 1737 2936 1773 :
2970 1727 3235 1789 tyrannus
3262 1730 3442 1773 autem

1868 1816 2192 1879 insaniebat,
2221 1825 2274 1870 et
2308 1816 2448 1885 quod
2485 1826 2764 1870 ostensum
2795 1822 2940 1870 esset
2985 1815 3440 1869 machinationem

154 1900 511 1970 πλημμελῶς
547 1900 889 1969 φερομένων,
919 1903 943 1950 ὸ
967 1900 1177 1968 μάρτυς
1204 1901 1439 1970 πέτραις
1459 1902 1553 1953 καὶ
1583 1899 1760 1964 ἄλλοις

1869 1905 2033 1961 fuisse
2068 1906 2414 1973 imbecillam,
2439 1904 2770 1960 cderabatur
2807 1925 2821 1962 :
2858 1917 2912 1961 et
2944 1905 3065 1960 ideo
3095 1921 3265 1975 equos
3296 1904 3443 1961 feros

154 1992 712 2062 xposzpaaaépsvo;,
743 1993 841 2053 τὰς
871 1992 1079 2061 σάρκας
1100 1993 1437 2064 διασπασθῇ,
1474 1993 1568 2046 καὶ
1599 1994 1762 2063 μεληο

149 2085 234 2138 δὸν
265 2085 624 2144 κατακοπεὶς
672 2083 954 2152 ἀπορρήξῃ
1001 2085 1098 2152 τὴν
1147 2085 1346 2154 ψυχήν.
1399 2085 1760 2155 ’Λλλ“ὥσπερ

143 2179 352 2240 ἐκεῖνος
406 2178 516 2229 οὐκ
577 2175 782 2244 ἔκαμνε
814 2175 881 2226 τὰ
942 2175 1076 2244 πρὸς
1126 2176 1430 2246 διαφθορὰν
1485 2177 1754 2247 ἐνεργῶν,

142 2271 316 2333 οὓτως
367 2271 502 2324 οὐδὲ
543 2269 780 2339 Χριστὸς
831 2268 896 2319 τὰ
932 2267 1066 2336 πρὸς
1115 2269 1391 2338 σωτηρίαν
1414 2269 1752 2338 οίκονομῶνο

143 2361 379 2429 ἄγγελος
438 2361 558 2430 γὰρ
593 2359 652 2424 ἐξ
700 2357 928 2427 ούρανοῦ
965 2357 1212 2419 ἐπιστὰς.
1240 2361 1362 2420 τοὺς
1392 2359 1624 2430 ἀγρίους
1660 2358 1754 2410 ἴπ-

144 2470 275 2515 πους
311 2451 574 2512 ἐκείνους
606 2450 844 2518 ἡμέρους
878 2448 1030 2514 ἄψνω
1058 2447 1252 2511 ἐποίει,
1290 2455 1384 2502 καὶ
1420 2450 1513 2502 τὸν
1561 2450 1754 2501 Ἐλευ-

145 2545 326 2614 θέριον
349 2544 560 2608 λύσας,
598 2541 906 2604 ἑπιϐιὸάζει
930 2539 1004 2610 τῷ
1036 2541 1264 2609 ἅρματι,
1295 2541 1390 2593 καὶ
1429 2543 1566 2612 πρὸς
1597 2542 1657 2596 τὸ
1682 2543 1748 2613 τῇ

145 2639 296 2690 πόλει
360 2635 655 2703 γειτονοῦν
689 2634 811 2702 ὅρος
864 2633 988 2694 τοὺς
1039 2633 1235 2695 ἵππους
1275 2633 1479 2697 ίΘύνας,
1517 2634 1749 2697 ἀλύπως

149 2729 239 2780 καὶ
293 2725 530 2794 ὁμαλῶς
586 2723 831 2775 ἀνελθεῖν
879 2722 968 2773 τὸν
1031 2720 1282 2791 μάρτυρι
1334 2723 1746 2794 παρεσκεύασε.

152 2821 520 2888 Προσγίνεται
544 2815 602 2868 δὲ
636 2815 810 2885 τούτῳ
835 2815 929 2867 καλ
963 2813 1152 2884 ἕτερον
1182 2832 1233 2865 τι
1267 2814 1371 2866 τῶν
1405 2813 1754 2882 παραδόξων.

161 2911 248 2964 Ἕν
277 2911 359 2980 τῷ
394 2909 522 2976 opst
563 2908 675 2979 γὰρ
723 2907 1014 2976 γενομένου
1062 2906 1156 2959 τοῦ
1197 2906 1498 2976 μάρτυρος,
1535 2908 1633 2958 καὶ
1671 2908 1763 2959 τὸν

151 3005 279 3057 Θεὸν
313 3001 582 3072 συνήθως
611 3000 911 3065 αἰνοῦντος,
945 2999 1139 3068 ἄρκτοι
1173 3000 1266 3052 καὶ
1305 2999 1543 3060 λέοντες,
1581 3000 1680 3050 καὶ
1713 2998 1770 3050 εῐ

151 3113 198 3147 τι
235 3095 368 3147 ἄλλο
421 3092 542 3144 τῶν
600 3091 892 3159 ἀνημέρων
945 3089 1153 3158 θηρίων
1211 3089 1630 3158 προσελθόντες,
1671 3109 1765 3143 κυ-

149 3183 335 3237 κλοῦσί
370 3199 434 3234 τε
461 3181 562 3233 τὸν
584 3178 679 3232 τοῦ
711 3179 845 3231 Θεοῦ
879 3178 1064 3231 δοῦλον
1092 3180 1184 3230 καὶ
1220 3181 1630 3247 περιοαίνουσι,
1671 3183 1765 3234 καὶ

149 3271 230 3331 οἶα
259 3277 366 3346 τῆς
399 3275 630 3328 ἐκείνου
661 3271 908 3326 συνιέντα
943 3271 1148 3342 φωνῆς,
1177 3273 1524 3339 συνευλογεῖν
1561 3291 1620 3326 τε
1669 3277 1763 3330 καὶ

149 3371 487 3436 προσκυνεῖν
519 3366 805 3437 ὥρμηντο,
835 3365 925 3417 καὶ
959 3363 1116 3416 τοῦτο
1148 3364 1337 3434 ἐδήλου
1387 3367 1452 3435 τῇ
1507 3381 1566 3416 τε
1619 3367 1760 3436 πρὸς

147 3463 250 3534 γῆν
288 3465 506 3527 νεύσει,
541 3461 637 3514 καὶ
691 3461 754 3528 τῇ
785 3459 918 3525 πρὸς
952 3459 1090 3527 ἀέρα
1140 3458 1246 3509 τῶν
1286 3456 1461 3509 ποδῶν
1494 3457 1757 3528 ἐπάρσει,

146 3559 239 3610 καὶ
265 3560 332 3626 τῇ
369 3555 518 3625 ἄλλῃ
555 3549 887 3603 διατυπώσει
921 3546 1016 3599 τοῦ
1045 3547 1320 3616 σώματος.

148 3653 276 3706 Nam
309 3667 439 3706 cum
471 3650 559 3702 sic
589 3646 643 3699 in
673 3654 902 3698 montem
940 3644 1174 3698 venisset
1209 3651 1433 3712 martyr,
1500 3655 1556 3697 et
1634 3649 1832 3707 deinde
1874 3647 2138 3706 rationale
2224 3643 2571 3706 sacriﬁcium,

1867 2007 1920 2050 et
1953 1996 2175 2049 minime
2209 2008 2541 2058 mansuetos,
2574 1997 2654 2049 eis
2685 1997 2843 2066 longe
2878 1995 3095 2059 saevior,
3125 1994 3281 2064 jubet
3313 1995 3444 2063 jugo

1866 2089 2096 2157 alligari,
2128 2099 2181 2143 et
2222 2088 2301 2142 eis
2332 2088 2494 2141 etiam
2532 2087 2738 2156 alligari
2778 2087 3151 2141 Eleutherium
3186 2103 3198 2139 :
3233 2096 3288 2138 ut
3319 2101 3441 2140 cum

1864 2179 2011 2247 equi,
2043 2180 2130 2246 qui
2157 2178 2346 2246 jugum
2383 2176 2522 2230 ferre
2554 2193 2657 2229 non
2690 2178 3013 2243 didicerant,
3046 2187 3100 2230 et
3128 2187 3285 2230 erant
3315 2175 3444 2228 alio-

1864 2270 1955 2338 qui
1983 2267 2106 2334 feri,
2145 2269 2373 2338 strepitu
2409 2283 2604 2322 currus
2638 2271 2792 2322 valde
2822 2277 3003 2321 essent
3042 2269 3362 2336 perturbati,
3389 2279 3444 2320 et

1865 2363 1971 2416 huc
2025 2371 2079 2415 et
2129 2361 2257 2415 illuc
2307 2371 2508 2415 temere
2560 2359 2850 2426 ferrentur,
2893 2361 3139 2429 martyri.
3181 2362 3349 2427 petris
3389 2371 3444 2412 et

1863 2451 1985 2505 aliis
2036 2451 2213 2513 alliso,
2261 2451 2650 2504 divellerentur
2701 2461 2754 2503 et
2791 2452 3160 2503 lacerarentur
3194 2467 3384 2504 carnes
3422 2458 3441 2503 .-'

1861 2557 1917 2601 ιιι
1955 2545 2037 2600 sic
2070 2544 2437 2616 particulatim
2465 2555 2518 2599 et
2549 2538 2891 2598 membratim
2917 2543 3195 2608 concisus,
3223 2547 3443 2596 abrum-

1859 2645 2014 2708 peret
2056 2639 2322 2692 animant.
2370 2638 2474 2692 Sed
2533 2653 2630 2691 nec
2685 2639 2797 2691 haec
2846 2637 2892 2690 ei
2945 2647 3327 2705 processerunt
3375 2651 3441 2687 ex

1859 2728 2027 2783 animi
2056 2729 2366 2792 sententia;
2397 2728 2488 2780 sed
2529 2728 2798 2794 quomodo
2831 2725 2916 2778 ille
2963 2741 3067 2778 non
3109 2726 3352 2777 cessabat
3379 2736 3442 2776 ea

1864 2819 2104 2889 operari,
2137 2833 2256 2888 quae
2304 2819 2370 2872 ad
2405 2818 2510 2870 vim
2547 2815 2846 2869 faciendam
2901 2813 3260 2884 pertinebant,
3293 2824 3344 2867 et
3376 2816 3443 2866 ad

1870 2911 2203 2968 all'erendum
2236 2912 2515 2967 interitum
2551 2930 2566 2967 :
2609 2909 2690 2964 ita.
2735 2924 2831 2962 nec
2865 2908 3115 2962 Christus
3149 2923 3210 2961 ea
3264 2909 3444 2977 provi-

1868 3000 2019 3067 dere,
2054 3017 2175 3066 quae
2216 3001 2534 3069 spectabant
2577 2999 2642 3050 ad
2680 2997 2928 3050 salutem.
2975 2997 3208 3064 Angelus
3243 2997 3383 3049 enim
3414 3013 3446 3050 ο

1868 3093 2009 3148 οσὲιο
2039 3091 2354 3154 adveniens,
2388 3102 2439 3144 et
2471 3091 2614 3144 feros
2642 3089 2762 3144 illos
2800 3105 2968 3158 equos
2994 3099 3212 3157 repente
3261 3089 3443 3141 reddi-

1872 3188 1951 3242 dit
1985 3188 2142 3242 mites
2170 3196 2231 3240 ct
2253 3195 2563 3240 mansuetos
2598 3203 2612 3238 :
2643 3191 2695 3238 et
2728 3199 2846 3236 cum
2895 3182 3143 3237 solvisset
3186 3181 3445 3236 Eleuthe-

1871 3280 2036 3342 rinm,
2068 3292 2192 3331 eum
2226 3277 2468 3330 immittit
2499 3276 2551 3329 iu
2599 3291 2817 3329 currum
2853 3293 2866 3328 :
2905 3284 2959 3328 et
2990 3291 3109 3328 eum
3157 3275 3450 3328 direxisset

1869 3382 2039 3436 equos
2099 3365 2165 3418 ad
2228 3375 2466 3427 montem
2542 3365 2777 3417 vicinum
2838 3365 3068 3428 civitati,
3125 3364 3331 3428 effecit,
3390 3371 3449 3416 ut

1868 3469 2078 3527 martyr
2109 3460 2430 3511 ascenderet
2466 3459 2664 3510 leniter
2701 3465 2753 3510 et
2785 3456 3015 3524 placide.
3047 3457 3104 3509 Ei
3140 3473 3266 3509 vero
3301 3457 3447 3511 aliud

1867 3566 2081 3623 quoque
2133 3546 2341 3602 accedit
2403 3547 2720 3602 admirabile
2762 3557 2814 3600 et
2867 3558 3056 3602 contra
3112 3551 3445 3618 opinionem.

2647 3653 2961 3711 consoetam
3034 3645 3139 3697 Deo
3211 3646 3445 3711 laudent,

147 3743 522 3804 sacriﬁcaret,
563 3749 684 3807 qum
717 3738 945 3794 aderant
992 3737 1267 3803 animalia,
1302 3738 1412 3791 ursi
1445 3746 1501 3794 et
1562 3737 1778 3814 leones,
1823 3753 1876 3797 et
1919 3743 1960 3796 si
2000 3756 2119 3808 qum
2165 3751 2322 3790 erant
2368 3739 2485 3790 aliae
2554 3737 2702 3800 ferae,
2751 3741 3072 3796 accedentes
3108 3739 3451 3798 circumdant

149 3841 235 3896 Dei
279 3839 589 3899 famulum,
630 3844 684 3887 et
719 3835 767 3888 ei
807 3834 1157 3888 blandiuntur
1194 3853 1206 3888 :
1246 3846 1302 3889 et
1351 3837 1612 3906 tauqnan‘t

148 3952 292 4001 rare,
327 3948 382 3989 et
424 3938 535 3988 hoc
589 3931 988 3998 signiﬁcabant,
1056 3933 1195 3999 quod
1269 3941 1325 3984 et
1372 3931 1425 3983 in
1479 3942 1684 3989 terram
1745 3945 2079 3997 annuerent,

145 4031 261 4085 aliis
290 4033 464 4083 etiam
499 4027 750 4093 gestibus
773 4025 1041 4090 corporis.

211 4128 268 4181 ι’.
316 4121 491 4178 ’Δλλὰ
535 4119 608 4169 τὰ
669 4118 768 4186 μὲν
805 4117 972 4186 θηρία
1022 4117 1165 4170 οὓτω
1209 4121 1310 4190 τὴν
1347 4119 1568 4190 χορείαν
1594 4119 1762 4190 ὶπλήυ

149 4236 290 4286 ρουν,
316 4216 534 4283 ὥσπερ
589 4208 916 4282 χορολέκτου
953 4212 1046 4261 καὶ
1092 4215 1488 4278 πρωτοστὰτου
1527 4215 1763 4284 τυχόντα

148 4309 235 4362 τοῦ
287 4309 626 4378 μάρτυρος·
697 4299 974 4372 Ἀδριανὸς
1027 4298 1082 4351 δὲ
1118 4300 1215 4370 οὐχ
1269 4301 1352 4352 ὅτι
1391 4302 1604 4366 τούτου,
1647 4304 1762 4354 ἀλλ’

147 4401 262 4453 οὐδὲ
332 4400 451 4451 τῶν
508 4393 722 4465 θηρίων
780 4391 962 4446 αὐτῶν
1021 4392 1198 4462 ᾐδεῖτο
1245 4393 1348 4463 τὴν
1382 4391 1633 4445 σύνεσινυ
1683 4395 1762 4455 είς

147 4493 312 4563 ἀκοὴν
363 4489 483 4560 γὰρ
543 4487 772 4540 ἐκείνων
814 4486 1006 4548 ἐλθὼν,
1079 4486 1362 4555 Ἀδριανὸς
1414 4482 1482 4557 ἦν
1522 4485 1754 4550 ὁαύτὸς.
1784 4527 1838 4585 D

151 4583 326 4653 πολλῷ
387 4583 491 4633 καὶ
549 4577 764 4646 Θηρίων
814 4578 909 4629 καὶ
969 4577 1106 4627 δνων
1160 4577 1520 4647 ἀνοητότερός
1569 4596 1627 4632 τε
1663 4581 1757 4633 καὶ

149 4676 496 4744 ἀγριώτερος
523 4686 536 4698 ·
576 4669 639 4719 ού
690 4669 850 4736 μόνον
883 4666 990 4738 γὰρ
1044 4665 1272 4735 βελτίων
1331 4667 1485 4720 οὐδὲν
1525 4670 1632 4720 ἀπὸ
1666 4669 1759 4721 τοῦ

150 4769 430 4836 θαύματος
502 4761 760 4830 γέγονεν.
794 4760 930 4814 ἀλλὰ
980 4760 1073 4812 καὶ
1127 4757 1474 4830 στρατιώτας
1508 4761 1761 4831 ξιφήρεις

150 4863 384 4931 ἔπεμπε,
418 4857 632 4911 θᾶττον
669 4852 1106 4923 συλληψομένους
1155 4853 1245 4903 τὸν
1299 4851 1661 4922 Ἐλευθέριον,
1692 4850 1760 4904 τὰ

150 4956 200 5007 δὲ
225 4955 420 5022 θηρία,
462 4951 546 5007 ὡς
590 4948 660 5000 ἄν
700 4946 941 5013 ἀκριϐῶς
972 4946 1162 5006 εἰδότα,
1193 4947 1288 4998 καὶ
1344 4944 1529 5010 φίλους
1554 4946 1759 5016 κρίνειν

150 5043 236 5097 τοῦ
266 5040 493 5098 ἑαυτῶν
527 5036 800 5090 δεσπότου
832 5035 928 5088 καὶ
961 5035 1276 5104 πολεμίους,
1309 5032 1386 5096 ὡς
1425 5035 1586 5104 μόνον
1617 5033 1755 5090 εἶδον

149 5139 266 5198 τοὺς
301 5130 694 5206 στρατιώτας,
729 5129 936 5197 ταχέως
990 5127 1268 5196 ἐφέροντο,
1316 5125 1413 5177 καὶ
1461 5123 1658 5195 μικροῦ
1692 5125 1757 5178 ἂν

154 5230 234 5279 καὶ
263 5225 658 5279 διεσπάσαντο
687 5219 906 5292 τούτους
934 5218 1128 5287 κέρασι
1160 5217 1253 5269 καὶ
1286 5215 1528 5279 ὀδοῦσιν,
1559 5217 1606 5265 εί
1632 5215 1706 5284 μὴ
1728 5215 1756 5267 ὁ

156 5322 356 5392 μάρτυς
418 5318 545 5377 τοῖς
586 5312 688 5381 μὲν
719 5309 793 5372 ὡς
845 5310 970 5379 περί
1027 5319 1151 5360 τινα
1214 5308 1444 5378 χαλινὸν
1475 5307 1565 5359 τὸν
1601 5305 1757 5374 λόγον

152 5413 427 5482 ipsum»,
461 5408 600 5462 ὅθεν
630 5401 790 5474 ἦλθον
823 5403 1102 5456 ἐπανιέναι
1134 5402 1500 5470 προσέταττε,
1551 5401 1662 5462 τοῖς
1695 5399 1750 5452 δὲ

157 5505 526 5576 στρατιώταις
574 5498 746 5560 λύσας
796 5498 884 5550 τὸν
911 5493 1096 5564 φόϐον,
1130 5495 1227 5548 καὶ
1264 5495 1372 5563 τὴν
1408 5490 1526 5556 μεθ’
1568 5491 1749 5545 ὃπλων

156 5598 359 5652 ιλευσιν
391 5593 706 5650 ὀνειδίσας.
744 5589 816 5639 Ού
844 5589 952 5658 γὰρ
971 5587 1061 5638 ἐπί
1083 5602 1220 5649 τινα,
1258 5587 1459 5656 φησιν,
1486 5581 1751 5654 ἀνδρόφο-

159 5707 236 5746 νον
261 5689 295 5753 ἢ
325 5687 549 5760 λῃστὴν
583 5681 801 5752 stem,
837 5677 928 5740 οὓς
963 5678 1067 5731 ἔδει
1100 5677 1342 5748 νεύματι
1376 5676 1522 5746 μόνῳ
1572 5675 1753 5746 σημήο

223 5836 243 5867 ⁸
271 5838 408 5891 Dan.
437 5844 559 5885 xw.
642 5825 665 5856 ’
691 5824 753 5880 Ill
788 5825 916 5895 Reg.
949 5840 1077 5880 xm.

483 5930 758 5985 ΡΑτιιοι.
802 5929 912 5980 Un.
947 5923 1130 5982 C.\'\'.

1687 3838 1832 3896 illius
1874 3852 2060 3894 vocem
2109 3835 2499 3904 iutelligentes,
2535 3831 2852 3886 benedicere
2888 3845 3170 3900 coeperunt
3212 3843 3265 3886 et
3313 3834 3447 3885 ado-

2153 3943 2209 3986 et
2244 3946 2432 3985 rursus
2463 3931 2513 3983 in
2547 3942 2724 3982 aerem
2761 3925 2983 3996 pedibus
3015 3927 3359 3992 eﬂ‘errentur,
3392 3937 3448 3981 et

1939 4114 2005 4172 Χ.
2051 4111 2158 4169 Sed
2209 4112 2292 4166 sic
2334 4111 2552 4180 quidem
2606 4110 2755 4174 ferte,
2792 4110 3014 4177 perinde
3057 4125 3118 4161 ac
3157 4111 3199 4163 si
3243 4119 3443 4182 martyr

1864 4219 2010 4265 esset
2044 4206 2196 4262 chori
2228 4204 2500 4257 institutor
2526 4213 2580 4256 et
2609 4203 2818 4267 ductor,
2845 4214 2898 4254 et
2929 4217 3048 4254 eum
3081 4201 3125 4255 is
3158 4203 3445 4270 iueepisset

1864 4313 2080 4360 canere,
2113 4312 2190 4350 ea:
2223 4311 2439 4364 quoque
2481 4297 2736 4348 choreum
2768 4294 3051 4361 implentes
3081 4295 3441 4347 circumsilie-

1865 4393 1995 4444 baut
2045 4397 2096 4441 et
2140 4387 2294 4456 quasi
2345 4385 2763 4454 respondebant,
2801 4392 2856 4436 et
2891 4385 3225 4452 magistrum,
3261 4388 3440 4455 quoad

1866 4480 1982 4550 ejus
2004 4480 2118 4534 ﬁeri
2139 4487 2368 4549 poterat,
2386 4480 2758 4547 sequebantur
2791 4476 3203 4530 admirabiliter.
3250 4478 3438 4532 Adria-

1869 4588 1968 4628 nus
1996 4585 2174 4627 autem
2196 4588 2298 4625 non
2325 4571 2499 4624 solum
2543 4570 2821 4637 martyris.
2858 4569 2948 4619 sed
2972 4585 3037 4620 ne
3057 4570 3292 4636 ipsarum
3321 4573 3441 4640 qui-

1863 4669 1984 4721 dem
2022 4665 2258 4718 ferarum
2294 4661 2639 4713 reverebatur
2672 4658 3079 4726 intelligentiam
3128 4677 3139 4711 :
3175 4662 3266 4714 sed
3315 4677 3434 4715 eum

1863 4763 1928 4810 ad
1985 4756 2105 4809 illas
2156 4752 2387 4805 venisset
2437 4750 2762 4814 audiendas,
2813 4762 2930 4804 erat
2981 4751 3122 4806 idem
3171 4753 3438 4808 Adrianus

1862 4848 2047 4902 multis
2080 4847 2240 4900 etiam
2281 4844 2410 4899 feris
2457 4854 2509 4899 et
2559 4844 2728 4898 asinis
2776 4843 3119 4913 insipientior
3147 4855 3200 4899 et
3246 4845 3438 4900 eﬂ‘era-

1865 4945 1988 4998 tior.
2029 4940 2179 4994 Multi
2236 4940 2404 5003 enim,
2448 4936 2641 5004 quibus
2693 4952 2839 4988 cura:
2883 4946 3000 4988 erat
3043 4938 3274 5000 venatio,
3313 4954 3440 4990 cum

1861 5037 1976 5091 haec
2012 5035 2126 5089 suis
2157 5035 2415 5086 vidissent
2443 5027 2638 5094 oculis,
2671 5027 3055 5082 renuntiarunt
3116 5028 3426 5098 imperatori

1862 5128 1953 5182 sed
1987 5126 2076 5179 ille
2101 5133 2241 5190 erat,
2280 5133 2336 5176 ut
2368 5133 2449 5175 est
2483 5123 2535 5175 in
2573 5122 2876 5190 proverbio,
2909 5121 3093 5174 asinus
3135 5124 3200 5175 ad
3233 5121 3429 5190 lyram.

1863 5218 1978 5274 Non
2009 5217 2183 5272 solum
2216 5216 2358 5270 enim
2392 5213 2658 5269 miraculo
2704 5213 2838 5266 nihil
2881 5214 3056 5267 evasit
3097 5213 3308 5276 meliOr,
3339 5205 3438 5267 sed

1863 5310 2026 5366 etiam
2079 5318 2323 5363 armatos
2363 5309 2547 5361 emisit
2586 5305 2811 5368 milites,
2843 5319 2965 5357 mox
3017 5303 3436 5373 comprehensu-

1864 5418 1954 5458 ros
2002 5401 2395 5458 Eleutherium.
2433 5398 2583 5452 Fere
2634 5410 2819 5452 autem
2879 5410 2981 5448 non
3035 5396 3435 5451 conservabant

1863 5510 2048 5564 parem
2082 5494 2134 5548 in
2170 5493 2290 5548 illos
2331 5491 2732 5546 observantiam
2767 5506 2780 5542 :
2817 5489 2907 5542 sed
2938 5497 2995 5542 ut
3024 5503 3141 5558 qua:
3186 5495 3440 5541 accurate

1863 5590 2066 5642 scirent
2097 5588 2180 5642 sui
2222 5586 2428 5641 domini
2469 5585 2780 5641 discernere
2826 5581 3032 5637 amicos
3062 5588 3116 5634 et
3156 5578 3434 5641 inimicos,

1861 5693 1984 5734 cum
2027 5680 2260 5748 primum
2303 5680 2696 5740 eosviderum,
2739 5671 3025 5730 celerrime
3069 5674 3123 5726 in
3169 5687 3260 5725 eos
3286 5671 3432 5725 fere-

2958 5914 2994 5974 5
