4180 6482
179 403 275 467 149
1485 410 1663 471 νιΤΑ
1704 410 1740 469 S

1849 408 2155 470 rEORGl'I.
3332 408 3430 472 150

162 513 289 580 πρὸς
319 529 499 582 ονομα
531 514 779 567 καλοῦσα
801 513 892 568 τὸν
928 513 1173 586 ἀθλητήν
1194 532 1206 546 ·
1245 514 1439 570 ἔπειτα
1468 518 1560 571 καὶ
1585 518 1740 586 ἄγγε-

1856 518 2038 571 animo
2079 517 2331 587 appellat.
2382 518 2450 572 Et
2483 519 2586 573 hoc
2637 516 2850 586 quidem
2894 516 3015 574 loco
3053 516 3163 573 divi
3216 516 3433 577 Davldis

160 603 245 665 λος
271 601 410 656 Θεοῦ
446 606 772 675 παραστὰς,
814 604 933 659 λύει
977 606 1080 676 μὲν
1117 605 1228 659 τῶν
1257 606 1478 679 δεσμῶν
1533 608 1740 663 ἑκείνωι

1864 610 2067 664 dictum
2117 610 2412 681 impletur:
2452 627 2470 661 ι
2518 609 2778 664 immittet
2830 610 3054 680 angelus
3099 610 3318 665 Domini
3381 612 3433 665 in

160 689 299 757 μάλα
342 692 907 768 ρᾳδίωςηθεραπεύει
943 695 999 748 δὲ
1032 696 1135 759 τὰς
1166 698 1383 767 πληγὰς
1406 698 1596 771 ὥσπερ
1625 701 1740 754 οὐδὲ

1852 702 2078 755 circuitu
2109 703 2414 758 timentium
2442 717 2588 765 eum,
2618 711 2671 755 et
2699 703 2887 771 eripiet
2919 716 3037 757 eos.
3090 720 3110 752 ι

158 784 463 851 γενομένας
520 788 813 857 πρότερον,
841 787 902 840 ού
945 788 1053 857 μὴν
1105 788 1242 842 ἀλλὰ
1300 792 1395 843 καὶ
1433 791 1508 854 ὡς
1548 791 1698 858 φίλον
1722 792 1822 862 ήδη
1862 792 1956 846 καὶ
1987 793 2325 864 συμπολῖτην
2349 794 2749 865 προσαγορεύει
2780 795 2851 847 τὰ
2883 792 3239 864 φιλικώτατα.
3286 793 3432 863 Πλη-

162 875 344 942 ροῦται
397 876 512 945 γὰρ
551 876 833 930 κάνταῦθα
862 878 922 930 τὸ
950 877 1057 931 ὑπὸ
1106 879 1201 933 τοῦ
1258 880 1402 933 Oeten
1450 881 1615 935 Δαυῒδ
1671 886 2166 957 προηγορευμένον,
2206 886 2289 938 ὅτι
2329 906 2347 937 α
2394 884 2749 957 Παρεμϐαλεῖ
2794 886 3024 954 ἅγγελος
3075 887 3278 957 Κυρίου
3336 885 3436 939 κύ·

156 970 263 1037 κλῳ
291 969 403 1020 τῶν
440 968 803 1037 φοὸουμένων
827 969 1010 1035 αὐτὸν,
1039 970 1138 1021 καὶ
1167 968 1391 1039 ῥύσεται
1412 972 1632 1033 αὐτούς.

224 1026 325 1112 lA’.
363 1026 509 1108 Εἶτα
537 1026 641 1110 τὸν
665 1058 855 1125 ’Λγιον
884 1026 1185 1127 ὲνησθῆναῖ
1215 1077 1273 1113 τε
1304 1065 1416 1123 τοῖς
1446 1026 1740 1131 γινομένοις

1934 1063 2022 1118 XI.
2070 1063 2333 1131 Georgius
2366 1063 2603 1127 posthaec
2648 1062 2866 1130 gavisus
2919 1062 2985 1118 de
3042 1063 3126 1118 bis
3179 1026 3431 1118 omnibus

154 1149 242 1201 καὶ
271 1148 507 1210 δοξάσαι
538 1148 638 1200 τὸν
668 1149 891 1219 Κύριον,
932 1151 1166 1219 ’Υψώσω
1195 1166 1279 1216 σε,
1300 1152 1549 1219 λέγοντα,
1568 1156 1596 1208 ὁ
1617 1155 1750 1221 Θεός

155 1257 277 1309 μου,
329 1239 359 1289 ὁ
394 1238 682 1303 Βασιλεύς
738 1258 861 1308 μου,
918 1244 1010 1294 καὶ
1038 1243 1325 1311 εὐλογήσω
1363 1244 1421 1296 τὸ
1452 1244 1625 1315 ὄνομα
1656 1263 1750 1299 σου

150 1338 223 1394 si;
251 1332 344 1386 τὸν
378 1334 568 1387 αἰῶνα
592 1351 606 1365 ·
645 1337 847 1389 αἰνέσω
868 1336 960 1390 τὸν
991 1336 1128 1389 Θεόν
1154 1355 1256 1405 μου
1285 1339 1374 1391 διὰ
1408 1342 1631 1401 παντὸς,
1659 1340 1751 1394 τὸν

149 1423 273 1475 θεὸν
304 1425 398 1475 τὸν
435 1425 818 1494 εὐφραίνοντα
841 1427 939 1495 τὴν
971 1428 1199 1495 νεότητά
1237 1446 1359 1497 μου.
1413 1424 1545 1481 Εἶτα
1580 1446 1747 1497 φανε-

149 1518 237 1583 ρὸν
258 1516 459 1569 ἑαυτὸν
487 1516 572 1586 τῷ
596 1516 811 1586 βασιλεῖ
837 1520 926 1569 καὶ
952 1521 1060 1580 τοῖς
1089 1518 1268 1581 ἄλλοις
1301 1520 1472 1573 ποιῶν
1490 1522 1518 1574 ὁ
1539 1521 1743 1589 Ἄγιος,

150 1606 308 1674 μέσος
344 1609 540 1661 αὐτῶν
606 1610 839 1677 γίνεται,
902 1608 1094 1673 θυσέας
1160 1614 1274 1675 τοῖς
1325 1612 1521 1681 ἐπίσης
1560 1615 1746 1677 αὐτοῖς

146 1699 500 1770 ἀναισθήτοις
562 1701 951 1770 προσαγόντων
1008 1703 1171 1765 θεοῖς,
1210 1707 1361 1774 φωνῇ
1399 1721 1459 1756 τε
1490 1705 1746 1775 λαμπρο-

146 1792 294 1861 τέρα,
368 1793 712 1859 Ἐπιγνωθι,
765 1792 1009 1861 βασιλεῦ,
1064 1793 1196 1863 ἔφη,
1259 1796 1344 1858 τίς
1400 1796 1500 1865 μὲν
1526 1795 1745 1865 ὲγὼ,ὃν

1865 1156 2145 1210 Dominum
2189 1155 2502 1224 glorificavit
2535 1171 2551 1207 :
2601 1146 2865 1208 Exaltabo
2896 1167 2965 1218 te,
3015 1153 3183 1221 Deus,
3216 1155 3428 1219 dicens,

1863 1247 1933 1299 mi
1973 1262 2087 1310 rex,
2121 1255 2177 1300 et
2222 1244 2452 1300 laudabo
2492 1259 2686 1298 nomen
2718 1252 2866 1299 tuum
2900 1245 2952 1298 in
2982 1255 3269 1299 mternum.
3301 1245 3429 1300 διο.

1862 1336 2085 1391 rificabo
2123 1337 2288 1390 Deum
2320 1350 2495 1389 meum
2540 1350 2776 1406 semper,
2817 1334 2984 1390 Deum
3012 1336 3101 1405 qui
3138 1336 3431 1391 laetificavit

1862 1426 2201 1496 juventutem
2250 1444 2446 1483 meam.
2496 1427 2627 1483 Dein
2678 1440 2900 1483 sanctus
2930 1443 3110 1484 coram
3159 1444 3283 1499 rege
3321 1446 3427 1483 c2-

1855 1520 2095 1586 terisqne
2137 1533 2199 1574 se
2274 1522 2604 1574 constituens
2658 1520 2747 1588 qui
2804 1520 2906 1575 diis
2973 1520 3223 1575 inanibus
3270 1536 3428 1578 sacra

1856 1608 2143 1673 faciebant,
2166 1608 2311 1662 clara
2336 1622 2465 1662 voce
2491 1626 2504 1661 :
2538 1607 2911 1670 Considerate.
2942 1610 3137 1676 inquit,
3162 1610 3283 1678 quis
3304 1624 3426 1681 ego.

1855 1715 2013 1769 quem
2046 1699 2305 1768 perniciei
2337 1699 2653 1763 devovistis,
2687 1707 2742 1752 et
2783 1700 2905 1767 quis
2931 1699 3017 1753 ille
3052 1700 3143 1769 qui
3177 1700 3309 1753 diris
3342 1715 3428 1753 me

1859 1790 2057 1845 vestris
2084 1791 2416 1845 cruciatibus
2444 1792 2662 1860 eripuit.
2694 1789 2845 1845 Hunc
2864 1790 3178 1860 cognoscite
3206 1805 3426 1843 verum-

146 1882 299 1950 ὑμεῖς
357 1886 445 1947 si;
512 1885 800 1939 ἀπώλειαν
840 1886 1198 1951 ἐκδεδώκατε,
1229 1887 1313 1950 τίς
1361 1888 1421 1941 δὲ
1457 1890 1686 1952 ἐκεῖνος,
1715 1890 1740 1942 ὁ

1850 1898 1954 1951 que
1974 1885 2135 1939 Deum
2154 1898 2272 1938 esse
2295 1882 2515 1944 credite,
2535 1882 2640 1936 diis
2667 1883 2865 1936 vestris
2886 1882 2997 1951 jam
3023 1897 3125 1937 non
3146 1882 3428 1937 studentes

144 1973 237 2039 τῆς
260 1978 472 2041 πικρᾶς
501 1976 670 2043 ὑμῶν
692 1976 1008 2040 ἀπαλλάξας
1036 1995 1102 2044 με
1126 1978 1400 2046 τιμωρίας
1429 1995 1443 2009 ·
1477 1978 1746 2045 ὲπίγνωτε

144 2060 353 2124 τοῦτον,
383 2067 487 2115 καὶ
528 2065 671 2116 Θεὸν
707 2066 958 2135 ἀληθινὸν
980 2063 1122 2118 εἶναι
1152 2067 1500 2134 πιστεύσατε,
1528 2070 1745 2121 παυσα-

148 2169 295 2222 μενοι
324 2155 638 2222 προσέχειν
672 2156 833 2219 θεοῖς.
861 2157 1055 2222 οἵτινες
1080 2157 1139 2209 οὐ
1178 2159 1338 2223 μόνον
1359 2160 1588 2229 ἑτέροις,
1609 2159 1746 2214 ἀλλὰ

146 2244 230 2294 καὶ
264 2244 488 2307 ἑαυτοῖς
512 2246 772 2300 ἀδύνατοι
795 2247 1033 2318 βοηθεῖν.
1072 2249 1310 2303 Ἤκουσε
1330 2252 1502 2304 ταῦτα
1525 2252 1553 2304 ὁ
1586 2250 1744 2321 βασι-

144 2336 285 2399 λεὺς,
324 2340 425 2390 καὶ
482 2340 590 2406 τὴν
646 2340 767 2409 ὄψιν
802 2339 1127 2409 προσϐαλὼν
1166 2341 1243 2410 τῷ
1276 2343 1538 2413 μάρτυρι,
1570 2343 1655 2405 τίς
1683 2359 1741 2395 τε

142 2431 226 2497 εἴη
279 2428 715 2494 διεπυνθάνετο,
776 2436 868 2484 καὶ
907 2433 1036 2501 περὶ
1091 2434 1189 2502 τὴν
1234 2433 1365 2485 θέαν
1402 2435 1741 2503 ἀμφιγνοεῖν

1855 1975 1942 2040 qui
1979 1990 2047 2027 ne
2074 1976 2178 2030 sibi
2216 1975 2363 2042 ipsis,
2393 1975 2591 2029 nedum
2634 1974 2753 2029 aliis
2791 1976 2993 2029 auxilio
3026 1989 3147 2029 esse
3173 1982 3419 2044 possunt.

1856 2064 1948 2118 His
1969 2065 2189 2125 auditis,
2227 2066 2522 2130 imperator
2546 2066 2718 2119 oculis
2745 2068 2795 2118 in
2828 2077 3123 2135 martyrem
3149 2065 3427 2119 conversis

1853 2155 1971 2224 quis
2010 2164 2152 2208 esset
2184 2154 2422 2223 rogavit;
2446 2153 2558 2222 jam
2593 2154 2732 2206 enim
2770 2155 2941 2210 oculis
2967 2153 3205 2209 diuidere
3231 2168 3419 2222 caepe-

1856 2255 1958 2300 rat.
1989 2245 2120 2311 Quis
2176 2260 2365 2300 revera
2405 2243 2695 2315 Georgium
2724 2246 2899 2300 adhuc
2944 2245 3128 2301 vivere
3157 2246 3423 2311 suspicari

1855 2355 2015 2393 ausus
2047 2338 2245 2392 fuerit?
2289 2340 2411 2409 quis
2477 2354 2599 2393 eum
2631 2349 2752 2408 post
2786 2348 2866 2395 tot
2909 2351 2966 2394 et
3011 2348 3118 2393 tam
3164 2340 3281 2393 dira
3314 2349 3424 2393 toro

1809 2490 1824 2512 ι
1852 2443 2026 2485 menta
2063 2431 2387 2485 incolumem
2419 2441 2471 2486 et
2496 2434 2712 2487 sanitati
2744 2432 3005 2487 redditum
3027 2431 3353 2488 crediderit?

144 2512 338 2587 ὶῴκει·
371 2519 483 2571 ποῦ
520 2520 637 2586 γὰρ
696 2519 787 2569 καὶ
841 2520 987 2580 εἰκὸς
1042 2516 1109 2589 ἦν
1145 2520 1422 2572 πιστεύειν
1464 2522 1546 2573 ὅτι
1579 2520 1675 2574 καὶ
1724 2517 1831 2582 ζῶν
1860 2522 2136 2590 διαρκέσει
2194 2522 2503 2592 Γεώργιοςς
2561 2522 2635 2595 μὴ
2685 2523 2766 2576 ὅτι
2826 2526 2922 2577 καὶ
2950 2523 3018 2576 τὰ
3048 2525 3105 2576 ἐν
3138 2521 3215 2590 τῷ
3244 2523 3423 2593 τροχῷ

146 2616 310 2685 δεσμὰ
369 2613 675 2681 διακόψας,
730 2614 823 2665 καὶ
873 2614 971 2677 τὰς
1044 2615 1378 2686 ἀνηκέστους
1440 2617 1653 2689 πληγὰς
1714 2618 2048 2688 ὲξυγιωθεὶς,

143 2704 281 2776 ἴχνος
307 2724 363 2759 τι
388 2704 688 2767 κολάσεως
724 2706 1106 2776 ὲπισημαινειν
1139 2709 1215 2778 τῷ
1240 2709 1456 2779 σώματι
1482 2728 1497 2777 ;

2126 2618 2339 2690 ἀπαθὴς
2398 2620 2458 2680 τὸ
2509 2617 2779 2673 -παοάπαν
2828 2620 3076 2687 ὁρᾶσθαι,
3141 2618 3235 2670 καὶ
3286 2618 3421 2687 μηδὲ

210 2796 309 2855 lB'.
355 2796 527 2849 Ἐπεὶ
580 2795 641 2848 δὲ
693 2797 898 2859 ἐκεῖνος
943 2797 1103 2849 πάλιν
1144 2799 1340 2851 ἑαυτὸν
1385 2799 1618 2861 ἐδείκνυ,
1646 2802 1740 2855 καὶ

1920 2801 2033 2856 ΧΙΙ.
2070 2800 2261 2855 Postea
2294 2798 2506 2869 publice
2536 2798 2848 2869 prodeundo
2870 2797 3121 2853 omnibus
3153 2797 3246 2867 qui
3280 2812 3411 2853 ocu-

144 2890 248 2951 τοῖς
285 2888 363 2959 μὴ
389 2889 546 2942 πάνυ
586 2888 949 2957 πεπηρῶσθαι
982 2889 1077 2941 καὶ
1108 2890 1425 2959 ὀφθαλμοὺς
1474 2892 1571 2945 καὶ
1618 2891 1742 2944 νοῦν

147 2981 501 3050 βουλομένοις
534 2979 797 3047 ἐπίδηλος
830 2975 917 3047 ἦν,
962 2981 1054 3030 καὶ
1089 2982 1251 3044 αὐτὸς
1278 2978 1419 3035 εἶναι
1447 2983 1739 3053 Γεώργιος,

145 3071 300 3134 αὐτὸς
324 3074 352 3122 ὁ
375 3071 483 3138 τῆς
537 3068 800 3138 ἀληθείας
859 3069 1071 3138 μάρτυς
1104 3072 1351 3140 ἀκριδῶς
1391 3074 1740 3127 ἐπιστεύετο·

146 3159 353 3220 πολλοῖς
414 3158 604 3218 αἴτιος
645 3157 913 3227 σωτηρίας
952 3158 1182 3224 ἐγίνετο,
1220 3160 1319 3211 καὶ
1360 3162 1570 3230 τῆςνεις
1603 3163 1739 3230 Χρι-

148 3252 264 3302 στὸν
295 3250 548 3311 πίστεως
584 3250 848 3320 πρόξενος
882 3251 1089 3320 ἀληθής
1112 3268 1125 3280 ·
1155 3251 1246 3304 καὶ
1274 3250 1513 3322 πρώτοις
1544 3269 1607 3320 γε
1635 3252 1742 3305 τῶν

143 3343 333 3405 ἄλλων.
368 3347 491 3406 τοῖς
537 3345 639 3395 καὶ
662 3343 897 3413 πρώτοις
930 3344 1031 3414 τὴν
1067 3346 1412 3414 ἐπιφάνειαν,
1448 3345 1740 3416 Ἀνατολξῳ

145 3437 280 3506 φημὶ
343 3436 445 3487 καὶ
513 3432 888 3500 Πρωτολέοντι
945 3437 1060 3497 τοῖς
1103 3437 1527 3505 στρατηλάταις.
1562 3436 1624 3489 Οἳ
1650 3437 1743 3489 καὶ

146 3526 388 3596 φανερῶς
431 3525 539 3577 ’ἐνα
575 3524 713 3575 Θεὸν
759 3524 1012 3593 ἀληθινὸν
1065 3521 1205 3578 εἶναι
1255 3526 1365 3578 τῶν
1398 3529 1741 3596 Χριστιανῶν

145 3619 592 3689 ἀνακράξαντες,
618 3618 677 3669 ὲν
705 3616 891 3680 τόποις
918 3617 1148 3687 ἐρήμοις
1190 3619 1570 3687 κατακοπῆναι
1602 3620 1740 3688 μετὰ

141 3710 240 3763 τῶν
266 3712 451 3765 ἄλλων
479 3710 599 3763 τῶν
638 3712 1373 3779 συμπιστευσαντωνναύτοῖς
1404 3712 1738 3782 κατεκρίθηο

143 3817 255 3863 σαν,
292 3802 389 3854 καὶ⁵
419 3802 598 3871 τοῦτο
634 3801 823 3870 μισθὸν
851 3799 993 3872 εἰχον
1013 3802 1111 3872 τῆς
1136 3802 1440 3868 εύσεῦείας,
1467 3802 1528 3855 τὸ
1555 3806 1742 3857 ἐκεῖνα

142 3893 349 3953 παθεῖν,
373 3892 411 3945 ὃ.
449 3890 647 3958 πολλῴ
683 3891 885 3958 μᾶλλον
912 3892 1035 3952 τοὺς
1071 3895 1171 3963 την
1207 3893 1389 3962 κρίσιν
1423 3893 1742 3958 ἐξενεγκόν·

140 3998 228 4044 τας
251 3979 319 4053 ἦν
347 3984 533 4049 ἄξιον.
576 3983 947 4051 Ἀπαγόμενοι
970 3984 1024 4037 δὲ
1049 3986 1127 4047 si;
1150 3982 1241 4036 τὸν
1272 3985 1368 4054 τῆς
1395 3982 1738 4049 τελειώσεως

137 4076 317 4144 τόπον,
353 4078 573 4139 πάντες
607 4077 683 4139 ὡς
716 4079 776 4129 ὲκ
811 4081 937 4148 μιᾶς
966 4080 1055 4132 καὶ
1080 4077 1326 4149 γλώττης
1356 4078 1447 4130 καὶ
1476 4078 1737 4149 γνώμης,

140 4169 325 4237 Κύριε,
355 4169 631 4240 ἔκραζον,
658 4170 833 4238 Ἰησοῦ
856 4170 1080 4236 Χριστὲ,
1110 4170 1402 4238 πρόσδεξαι
1425 4173 1525 4233 τὰς
1555 4170 1735 4239 ψυχὰς

138 4264 288 4332 ημῶν
321 4267 379 4317 ἐν
413 4265 631 4336 εἰρήνῃ
652 4279 668 4295 ο
723 4266 816 4318 καὶ
849 4265 945 4319 τὴν
979 4264 1237 4335 βραχεῖαν
1273 4264 1572 4334 ὁμολογίαν
1600 4265 1734 4319 ταύ-

136 4372 227 4423 την
255 4358 356 4426 τῆς
390 4361 475 4420 εἰς
512 4358 576 4410 σὲ
616 4356 871 4422 πίστεως,
895 4359 975 4420 εἰς
998 4357 1346 4428 δικαιοσύνην
1376 4357 1737 4429 λογισάμενος

141 4448 227 4500 καὶ
255 4451 663 4521 ἀπολύτρωσιν
695 4450 799 4502 τῶν
829 4451 1113 4520 ἡμετέρων
1147 4449 1457 4518 ἁμαρτιῶν,
1497 4452 1601 4505 ὑπὸ
1639 4454 1739 4522 τὴν

139 4543 231 4608 σὴν
272 4543 429 4610 ημᾶς
496 4540 791 4609 ἁδιάδοχον
818 4544 1158 4609 κατάστησον
1218 4541 1533 4609 βασιλειαν·
1567 4544 1737 4605 οὕτως

137 4633 405 4697 εἰπόντας.
434 4635 501 4687 τὸ
537 4633 648 4702 τῆς
685 4633 985 4700 μαρτυρίας
1016 4633 1297 4703 ἐκδέχεται
1321 4634 1492 4698 τέλος.
1526 4638 1733 4711 Εῄρέθη

1848 2894 1915 2946 lis
1959 2907 2021 2946 ac
2072 2900 2252 2943 mente
2278 2889 2417 2956 capti
2483 2904 2587 2942 non
2636 2898 2838 2952 essent,
2884 2888 3175 2956 Georgium
3230 2902 3289 2942 se
3320 2902 3420 2943 an-

1846 2979 2112 3036 nnntiavit
2156 2989 2211 3034 et
2257 2977 2500 3033 veritatis
2532 2979 2685 3032 testis
2715 2992 2835 3032 esse
2877 2979 3117 3031 creditus
3152 2989 3258 3042 est,
3296 2978 3413 3047 pluo

1849 3072 2002 3126 rimis
2043 3071 2235 3128 salutis
2266 3080 2456 3125 auctor
2494 3080 2547 3124 et
2582 3067 2703 3124 ﬁdei
2731 3068 2784 3122 in
2816 3063 3089 3122 Christum
3123 3068 3417 3135 sospitator

1850 3166 2048 3227 factus,
2078 3172 2135 3215 ut
2158 3161 2408 3216 Anatolio
2429 3171 2482 3215 et
2507 3159 2842 3214 Protoleonti
2868 3159 3091 3213 ducibus
3107 3157 3195 3227 qui
3230 3157 3281 3210 in
3310 3157 3421 3222 prio

1848 3255 1951 3306 mis
1992 3253 2239 3307 fidelibus
2268 3253 2617 3307 exstiterunt.
2666 3249 2727 3302 lli
2780 3264 2943 3303 unum
2987 3249 3420 3304 Christianorum

1846 3348 2015 3402 Deum
2060 3361 2245 3400 verum
2275 3360 2393 3399 esse
2442 3343 2772 3398 unanimiter
2815 3346 3213 3405 exclamarnnt,
3262 3349 3316 3392 et
3366 3340 3419 3393 itt

1847 3442 1966 3496 loco
1996 3439 2213 3494 deserto
2262 3447 2322 3491 ut
2359 3436 2533 3506 capite
2581 3436 2946 3505 plecterentur
2991 3449 3115 3488 cum
3147 3432 3419 3502 aliquibus

1846 3534 2187 3588 consortibus
2233 3532 2575 3585 condemnati
2618 3541 2765 3585 sunt.
2817 3530 3039 3584 Pietatis
3080 3529 3243 3600 igitur
3276 3541 3418 3582 mer-

1845 3628 2031 3680 cedem
2067 3626 2210 3680 nacti
2242 3634 2391 3687 sunt,
2433 3638 2534 3690 qua
2568 3623 2780 3689 judices
2817 3624 2963 3687 impii
2996 3623 3167 3675 multo
3203 3621 3415 3689 dignio-

1847 3732 1936 3771 res
1966 3716 2201 3770 fueraut.
2256 3715 2355 3770 Ubi
2400 3716 2453 3770 iu
2503 3714 2676 3768 locum
2734 3712 2975 3782 supplicii
3033 3723 3413 3780 pervenerunt,

1845 3824 2033 3869 omnes
2051 3824 2155 3864 una
2186 3822 2317 3862 voce
2350 3820 2402 3862 et
2434 3824 2534 3861 una
2565 3819 2775 3863 mente;
2804 3806 3023 3860 Domine
3038 3803 3161 3859 Jesu
3182 3804 3416 3867 Christe.

1845 3903 2241 3965 clamaverunt,
2283 3899 2460 3970 recipe
2494 3900 2705 3951 animas
2743 3907 2953 3951 nostras
2988 3898 3037 3948 in
3074 3913 3233 3965 pace;
3280 3905 3335 3951 et
3372 3894 3417 3949 si

1846 3993 1994 4047 hisce
2024 3991 2178 4044 fidem
2212 3992 2264 4044 in
2290 4000 2341 4043 te
2364 3988 2704 4059 profitemur,
2734 3988 2785 4040 in
2812 3986 3077 4056 justitiam
3104 3986 3415 4053 imputabis,

1849 4091 1903 4137 et
1936 4081 2178 4135 remissis
2214 4081 2450 4147 peccatis
2499 4081 2550 4132 in
2590 4088 2794 4132 a:terno
2844 4092 2942 4130 uos
2975 4090 3141 4144 regno
3175 4086 3263 4128 tuo
3289 4090 3421 4128 con-

1849 4176 2045 4236 stitue;
2087 4173 2281 4239 quibus
2324 4172 2482 4223 dictis
2524 4170 2768 4238 martyrii
2825 4182 3025 4221 corona
3077 4169 3156 4220 eis
3205 4168 3417 4236 obtigit.

1848 4261 2155 4318 Alexandra
2178 4277 2389 4331 quoque
2414 4261 2723 4331 imperatrir
2756 4260 2952 4313 bonam
2982 4266 3180 4311 terram
3209 4258 3417 4312 imitata

1845 4356 2015 4412 fuisse
2058 4365 2112 4410 et
2159 4370 2342 4411 semen
2393 4368 2423 4408 a
2460 4353 2689 4423 Georgio
2737 4348 2980 4422 sparsum
3018 4349 3140 4404 fidei
3170 4350 3223 4402 in
3250 4349 3413 4403 Chri-

1846 4463 1986 4506 stum
2024 4452 2316 4504 inseruisse
2347 4442 2577 4502 videtur.
2616 4446 2872 4502 Pietatem
2910 4460 3142 4515 namque
3172 4446 3419 4499 modeste

1844 4544 2027 4597 colens
2069 4552 2122 4595 et
2171 4541 2535 4594 Christianam
2566 4553 2685 4592 sese
2720 4538 3009 4601 conﬁtens,
3042 4538 3146 4605 piis
3174 4536 3415 4589 moribus

1846 4635 2097 4689 insistere
2129 4646 2400 4702 nunquam
2432 4631 2660 4685 destitit.

146 4728 235 4779 καὶ
285 4732 319 4796 ἡ
360 4728 597 4795 βασιλὶς
666 4726 1012 4797 Ἀλεξάνδρα,
1050 4729 1154 4797 τὴν
1206 4729 1419 4800 ἀγαθὴν
1473 4733 1578 4801 γῆν
1637 4732 2019 4802 μιμησαμένη,
2077 4730 2172 4785 καὶ
2227 4731 2517 4800 σπέρματα
2584 4728 2823 4783 λαϐοῦσα
2879 4726 2975 4780 καὶ
3038 4724 3293 4797 ἀφορμὰς
3342 4723 3414 4778 τὰ

141 4820 273 4873 κατὰ
306 4820 399 4872 τὸν
431 4819 593 4872 θεῖον
621 4816 912 4886 Γεώργιον,
958 4817 1227 4887 εὖσταχυν
1266 4818 1529 4889 ἐγεώργει
1570 4822 1667 4894 τὴν
1695 4824 1773 4886 εἰς
1824 4825 1913 4877 τὸν
1952 4824 2184 4893 Χριστὸν
2221 4824 2428 4876 πίστιν·
2461 4820 2601 4893 αῦτη
2647 4819 2709 4876 τὸ
2740 4822 2836 4876 νῦν
2870 4820 2992 4892 ἔχον
3037 4821 3229 4892 μικρὸν
3272 4821 3416 4891 παρ-

142 4913 531 4980 ρησιασαμένη
574 4909 678 4978 τὴν
708 4908 1011 4966 εύσέὗειαν.
1051 4913 1143 4963 καὶ
1192 4911 1521 4985 Χριστιανην
1553 4915 1751 4979 ἑαυτὴν
1797 4917 2271 4987 ἀνομολογήσασα,
2309 4915 2500 4984 ἔμενεν
2550 4914 2690 4969 οὕτω
2732 4914 2864 4982 παρ’
2917 4915 3084 4982 ἑαυτῆ
3135 4912 3413 4981 τρέφουσα

140 5001 259 5063 τοὺς
296 5002 567 5063 εῦσεσεῖς
605 5000 923 5069 λογισμούς.

209 5095 304 5149 ll".
336 5095 448 5146 Τὸν
488 5094 691 5162 μέντοι
716 5092 937 5161 βασιλέα
972 5096 1111 5147 κατὰ
1136 5095 1227 5147 τοῦ
1266 5096 1537 5167 μάρτυρος
1568 5098 1738 5169 θυμὸς

147 5187 421 5256 ὑποῦήξχς
461 5186 619 5252 ἄγαν
645 5184 868 5252 θερμὸς,
900 5187 1109 5257 χαλεπῇ
1154 5188 1313 5240 πάλιν
1343 5191 1504 5242 αὑτὸν
1538 5192 1736 5261 ἡπτιγε

146 5282 488 5345 παραδοῦναι
528 5276 779 5331 κολάσει.
804 5279 1015 5348 Τιτάνῳ
1032 5279 1183 5347 γοῦν.
1207 5278 1265 5330 δν
1302 5280 1529 5349 σύνηθες
1552 5281 1737 5333 καλεῖν

145 5368 421 5433 ἄσϐεστον,
454 5372 597 5440 ἄρτι
618 5367 983 5439 σϐεσθέντι,ἢ
1018 5371 1141 5437 τόγε
1164 5370 1528 5440 ἀληθέστερον
1558 5374 1735 5441 εἰπεῖν

148 5463 459 5533 ἀναφθέντι,
528 5464 929 5532 συγχωςθῆναι
968 5464 1199 5529 κελεύει,
1256 5463 1507 5533 φύλακας
1556 5482 1615 5517 τε
1642 5464 1730 5518 διὰ

149 5556 335 5617 παιιτδς
394 5554 808 5626 παρεδρεύειν,
852 5555 925 5618 ώς
960 5556 1125 5625 μηδὲν
1161 5558 1249 5608 ἐπ’
1302 5556 1453 5623 αύτῷ
1483 5556 1735 5623 γενέσθαι

150 5646 565 5718 φιλάνθρωπον,
640 5646 775 5715 μηδὲ
834 5648 1280 5719 κακουργηθῆναι
1343 5664 1397 5700 τι
1458 5648 1591 5717 πρὸς
1626 5647 1735 5699 τῶν

146 5742 349 5793 οιχείων
399 5737 735 5809 μηόοτιοῦν.
807 5734 932 5809 Εἶχε
970 5742 1067 5809 μὲν
1096 5740 1240 5793 οὕτω
1300 5740 1360 5792 τὸ
1409 5739 1733 5793 κελευσθέν

154 5820 209 5903 ἦρ
225 5836 355 5907 ερῶν
390 5835 447 5889 ὀὶ
474 5831 657 5905 τριῶν
684 5831 1099 5903 διαχένομένου,
1136 5837 1161 5885 ὁ
1190 5834 1461 5903 βασιλεὺς.
1492 5836 1612 5887 ὅσον
1643 5834 1731 5887 ὲπγ

1922 5097 2060 5153 Xlll.
2099 5097 2312 5167 Georgii
2343 5098 2508 5152 animi
2545 5097 2803 5153 fortitudo
2829 5096 3006 5153 eflecit
3057 5107 3109 5149 ut
3152 5105 3414 5163 tyrannus

1848 5191 2000 5247 nmis
2021 5208 2142 5247 eum
2164 5190 2444 5260 suppliciis
2474 5192 2687 5245 tradere
2712 5190 2976 5243 statuerit.
3001 5187 3168 5257 Igitur
3194 5190 3411 5243 asbesto

1844 5300 1964 5338 eum
2017 5282 2191 5352 obtegi
2267 5291 2322 5337 et
2380 5282 2691 5336 custodibus
2746 5280 2981 5347 undique
3035 5278 3177 5347 cingi
3222 5279 3408 5347 jussit.

1844 5394 1911 5432 ne
1965 5379 2090 5447 quid
2142 5376 2265 5429 boui
2318 5375 2397 5428 vel
2443 5374 2567 5427 ntali
2611 5382 2904 5443 pateretur.
2948 5370 3038 5427 Sic
3086 5372 3410 5439 imperatum

1844 5474 2040 5526 fuerat.
2090 5468 2388 5532 lnterjertis
2438 5466 2631 5521 deinde
2672 5464 2841 5517 tribus
2880 5464 3068 5517 diebus
3097 5463 3411 5531 imperator,

1847 5568 1903 5613 ut
1934 5574 2031 5627 par
2068 5568 2207 5619 erat.
2235 5558 2542 5626 Georgium
2571 5558 2906 5609 demortuum
2947 5570 3065 5608 esse
3093 5563 3149 5609 et
3177 5553 3288 5621 jam
3316 5568 3406 5622 pn-

1848 5654 2084 5703 tresrere
2120 5650 2361 5720 putabat.
2396 5649 2564 5716 Igitur
2607 5647 2802 5702 milites
2846 5645 3109 5713 delegavit
3148 5646 3239 5714 qui
3285 5658 3416 5699 ossa

1847 5739 2087 5797 defuncti
2119 5742 2260 5793 nulla
2292 5755 2439 5793 mora
2473 5740 2845 5807 dispergerent
2867 5734 3410 5801 Clu-istianorumqne

1842 5832 2148 5887 liberalitati
2185 5834 2542 5895 insultarent;
2598 5829 2762 5897 probe
2789 5829 2929 5882 cnim
2970 5837 3190 5881 noverat
3221 5823 3409 5894 quanti
