4180 6470
171 386 264 448 169
1459 383 1638 442 VITA
1677 383 1738 442 S.

1849 381 2045 442 ARCI.
3313 392 3410 449 1Ἶο

162 499 503 554 ἀπολοῦνται.
561 497 785 569 Ταύτην
845 498 946 568 τὴν
1008 496 1274 551 ὀπτασίαν
1310 496 1648 568 θεασάμενος
1711 497 1738 550 ὁ

1849 491 1894 551 in
1927 497 2091 553 caelos
2139 492 2457 566 suscipient,
2503 505 2558 551 et
2582 495 2824 569 reliquie
2873 507 2976 558 tute
3020 502 3074 558 in
3121 506 3280 561 terris
3307 524 3411 562 non

164 590 419 662 μακάριος
449 591 712 661 Μάρκος,
744 590 841 652 τὰς
875 591 1067 660 χεῖρας
1096 587 1260 642 αὑτοῦ
1292 590 1532 651 τανύσας
1564 585 1739 641 εἶπενο

161 683 474 752 Εὐχαριπῶ
519 699 622 746 σοι,
663 681 841 752 Κύριέ
871 697 979 750 μου
1038 679 1214 747 Ἰησοῦ
1259 682 1462 750 Χριστι
1485 722 1498 746 ,
1531 682 1614 734 ὅτι
1646 681 1745 734 οὐκ

161 777 520 844 ἐγκατέλιπές
577 793 646 848 με
673 814 691 840 ,
749 775 884 829 ἀλλὰ
921 775 1452 846 συγκατηρίθμησάς
1503 792 1570 845 με
1608 774 1745 846 μετὰ

160 869 256 922 τῶν
283 868 457 937 ἁγίων
495 886 617 922 σου.
662 867 868 936 Δέομαί
901 884 1019 931 σου,
1085 865 1261 937 Κύριε
1302 865 1474 936 Ἰησοῦ
1518 866 1742 936 Χριστὲ,

160 963 354 1032 πρόσδε
368 962 458 1026 Eat
487 964 550 1014 ὲν
579 961 774 1031 εἰρήνῃ
806 959 904 1032 τὴν
942 959 1125 1031 ψυχήν
1153 977 1256 1029 μου
1281 961 1374 1012 καὶ
1407 959 1479 1029 μή
1522 975 1587 1027 με
1612 960 1748 1011 ἁπο-

159 1055 454 1125 δοκιμάσης
529 1054 640 1106 ἀπὸ
669 1054 767 1122 τῆς
798 1053 1030 1124 χάριτός
1087 1069 1204 1105 σου.
1240 1053 1350 1104 Καὶ
1380 1051 1549 1103 ταῦτα
1579 1048 1744 1103 αὑτοῦ

159 1149 420 1210 εἰπόντος,
447 1149 478 1200 ὁ
517 1147 726 1216 Κύριος
769 1145 982 1214 Ἰησοῦς
1037 1143 1377 1212 παρεγένετο
1418 1143 1553 1213 πρὸς
1583 1143 1744 1195 αὐτὸν

159 1242 229 1311 τῷ
255 1243 500 1312 σχήματι
524 1235 568 1309 ᾧ
602 1237 670 1312 ἦν
704 1241 842 1311 μετὰ
864 1239 973 1293 τῶν
1002 1236 1266 1309 μαθητῶν
1305 1235 1494 1300 αὑτοῦ,
1536 1235 1630 1287 καὶ
1658 1233 1748 1304 οἵα

163 1337 333 1402 μορφῇ
385 1330 454 1402 ἦν
513 1333 624 1403 πρὸ
663 1333 757 1386 τοῦ
789 1331 988 1386 παθεῖν
1040 1327 1210 1383 αὐτὸν
1240 1327 1333 1380 καὶ
1357 1326 1620 1396 ταφῆναι,
1652 1324 1748 1379 καὶ

159 1421 296 1487 λέγει
318 1423 473 1492 αύτῷ
495 1440 512 1454 ο
552 1423 763 1494 Είρήνη
793 1439 894 1489 σοι,
927 1420 1169 1490 ἡμέτερε
1209 1417 1429 1489 Μάρκε,
1461 1415 1750 1484 εύαγγελι.⁴

160 1517 252 1567 στά
274 1533 396 1582 μου.
437 1515 501 1568 '0
526 1515 585 1568 δδ
619 1515 890 1585 μακάριος
918 1513 1150 1584 Μάρκος
1185 1507 1344 1564 εἷπεν
1367 1528 1381 1540 ·
1407 1511 1612 1580 Εἰρήνη
1640 1526 1749 1575 σοι,

161 1604 323 1674 Κύριέ
352 1622 456 1673 μου
492 1603 676 1676 Ἰησοῦ
697 1604 922 1674 Χριστέ.

218 1700 291 1749 9'.
333 1697 560 1766 Πρωΐας
589 1696 646 1748 δὲ
676 1694 1000 1762 γενομένης,
1032 1689 1204 1764 ἦλθεν
1248 1693 1415 1747 πάλιν
1455 1692 1515 1746 τὸ
1543 1691 1748 1762 πλῆθος

156 1787 244 1852 τῆς
277 1787 487 1847 πόλεως
523 1786 620 1838 καὶ
643 1785 1035 1852 ἐξενέγκαντες
1065 1785 1229 1839 αὐτὸν
1255 1787 1319 1839 ὲκ
1345 1789 1449 1856 τῇς
1471 1785 1744 1855 φυλακῆς,

1847 590 2117 660 peribunt.
2150 587 2301 645 Hanc
2331 591 2591 646 visionem
2627 606 2748 646 cum
2779 592 2971 650 beatus
3002 595 3218 654 Marcus
3249 599 3418 658 vidis-

1847 691 1950 747 set,
1983 697 2177 737 manus
2206 695 2331 738 suas
2367 684 2423 737 in
2454 683 2649 739 caelum
2668 685 2914 742 extendit
2943 703 3007 743 ac
3031 690 3163 746 dixit
3195 709 3208 746 :
3236 712 3254 746 ι
3279 694 3418 750 Gra—

1850 775 1953 831 tias
2002 789 2105 841 ago
2139 775 2256 844 tibi,
2303 775 2527 831 Domine
2569 777 2642 832 mi
2693 776 2823 834 Jesu
2870 778 3102 848 Christe,
3134 785 3275 854 quod
3309 800 3418 841 non

1849 863 2187 934 dereliquisti
2225 879 2334 930 me,
2360 866 2453 920 sed
2479 880 2601 920 cum
2629 868 2829 924 sanctis
2856 870 2962 925 tuis
2999 887 3084 926 me
3125 888 3423 932 connume.

1849 954 2004 1008 rasti.
2038 953 2240 1011 Precor
2281 963 2356 1024 te,
2410 957 2637 1014 Domine
2662 957 2790 1015 Jesu
2819 959 3050 1030 Christe,
3099 973 3154 1019 ut
3187 966 3419 1038 accipias

1849 1045 1902 1100 in
1944 1060 2075 1115 pace
2121 1048 2357 1101 animam
2406 1063 2606 1115 meam,
2661 1067 2837 1122 neque
2885 1069 2972 1109 me
3016 1058 3294 1126 reprobes,
3331 1070 3427 1114 aut

1850 1139 2108 1194 excludas
2150 1154 2179 1193 a
2231 1139 2404 1210 gratia
2448 1151 2590 1196 tua.»
2627 1141 2871 1214 Cumque
2901 1145 3015 1202 haec
3047 1148 3136 1204 ille
3183 1150 3421 1218 dixisset,

1851 1229 2110 1286 Dominus
2148 1228 2309 1288 Jesns
2350 1232 2601 1290 Christus
2650 1236 2716 1290 ad
2755 1252 2877 1292 eum
2917 1240 3064 1294 venit
3117 1242 3289 1310 ligura
3334 1244 3426 1298 illa

1849 1339 2011 1394 quam
2042 1324 2293 1390 habebat,
2327 1341 2434 1395 quo
2480 1337 2722 1396 tempore
2754 1328 3068 1384 versabatur
3097 1346 3218 1386 cum
3260 1334 3427 1389 disci-

1850 1415 1990 1486 pulis
2024 1415 2158 1479 suis,
2207 1426 2260 1470 et
2310 1431 2412 1485 qua
2458 1416 2629 1472 forma
2677 1428 2816 1483 erat,
2863 1430 3154 1490 antequam
3206 1438 3426 1479 crucem

1850 1519 2067 1575 passus,
2111 1513 2167 1560 et
2204 1506 2451 1576 sepultus
2504 1507 2714 1564 fuisset.
2752 1508 2852 1576 Qui
2902 1518 2958 1565 et
2997 1511 3047 1567 ei
3095 1513 3233 1568 dixit
3266 1533 3279 1568 :
3314 1515 3427 1570 Pax

1851 1595 1970 1660 tibi,
2003 1594 2182 1649 Ilarce
2220 1598 2548 1665 evangelista
2599 1616 2775 1657 meus.
2809 1601 3008 1660 Beatus
3052 1620 3182 1661 vero
3209 1605 3426 1664 Marcus

1850 1687 1987 1741 dixit
2014 1703 2028 1739 :
2056 1686 2165 1741 Pax
2199 1688 2315 1754 tibi,
2354 1689 2577 1745 Domine
2601 1690 2728 1746 Jesu
2763 1693 2997 1751 Christe.

1927 1777 2020 1833 IX.
2053 1779 2188 1834 Cum
2219 1794 2346 1836 vero
2377 1780 2494 1837 dies
2518 1783 2806 1850 illuxisset,
2845 1787 2993 1842 venit
3025 1787 3152 1844 illuc
3187 1791 3425 1848 civitatis

156 1877 331 1930 εὸαλον
365 1878 534 1931 πάλιν
566 1878 627 1931 τὸ
657 1877 898 1947 σχοινίον
924 1879 1006 1941 είς
1031 1878 1123 1930 τὸν
1150 1879 1430 1949 τράχηλον
1467 1877 1633 1930 αὑτοῦ
1654 1878 1745 1930 καὶ

1854 1873 2138 1927 multitudo
2188 1887 2203 1926 :
2258 1889 2378 1943 quas
2432 1880 2554 1930 cum
2605 1876 2754 1930 illum
2809 1877 3143 1935 eduxissete
3186 1897 3427 1950 carcere,

155 1964 334 2036 ισυρον
357 1965 619 2032 λέγοντες
639 1980 654 1995 ⁸
683 1965 933 2036 Σύρομεν
955 1965 1048 2017 τὸν
1075 1965 1344 2034 βούϐαλον
1377 1968 1460 2029 εἰς
1506 1967 1575 2019 τά
1617 1965 1745 2034 βου-

1853 1980 2042 2020 rursus
2085 1966 2136 2018 in
2180 1963 2298 2032 ejus
2346 1968 2544 2022 collum
2605 1965 2788 2024 funem
2837 1969 3157 2039 injecerunt,
3198 1990 3432 2045 eumque

155 2056 321 2108 κόλου.
375 2055 436 2110 ὐ
466 2057 528 2109 δὲ
563 2057 837 2128 μακάριος
859 2057 1087 2126 Μάρκος
1114 2057 1506 2127 εὐχαριστείας
1545 2057 1745 2126 μᾶλλον

1851 2057 2255 2126 pertrahentes,
2311 2059 2561 2113 dicebant
2620 2077 2636 2114 :
2690 2061 3000 2119 Trahamus
3055 2065 3309 2120 bubalum
3372 2067 3428 2123 in

150 2147 462 2212 ἀνέπεμπεν
493 2147 575 2218 τῷ
605 2149 1003 2219 παντοκράτορι
1050 2149 1243 2220 Κυρίῳ
1293 2149 1475 2220 Ἰησοῦ
1519 2148 1745 2220 Χριστῷ

1850 2146 2073 2201 bubulci
2123 2148 2418 2207 stabulum.
2467 2153 2538 2204 At
2591 2153 2780 2209 beatus
2825 2153 3041 2211 Marcus
3085 2171 3150 2212 eo
3195 2158 3430 2228 majores

153 2239 335 2310 λέγων*
362 2242 459 2304 Είς
480 2242 674 2313 χεῖράς
697 2259 814 2308 σου,
840 2241 1036 2313 Κύριε,
1061 2244 1412 2317 παρατίθημι
1432 2245 1493 2299 τὸ
1520 2245 1745 2315 πνεῦμά

1850 2240 2060 2311 gratias
2091 2241 2451 2313 omnipotenti
2503 2242 2732 2300 Domino
2769 2244 2899 2302 Jesu
2946 2247 3167 2305 Christo
3210 2252 3426 2320 agebat,

154 2349 272 2402 μου.
301 2335 411 2388 Καὶ
438 2333 606 2389 τοῦτο
625 2334 796 2390 είπὼν
828 2337 1114 2406 παρέδωκε
1167 2338 1231 2392 τὸ
1267 2339 1518 2410 πνεῦμα.
1577 2340 1652 2394 Τὸ
1683 2341 1743 2394 δὲ

1850 2333 2043 2388 dicens
2093 2349 2108 2389 :
2163 2350 2184 2385 ι
2239 2333 2295 2388 1η
2341 2349 2537 2392 manus
2598 2347 2741 2402 tuas,
2799 2338 3047 2407 Domine,
3102 2344 3426 2398 commendo

154 2425 347 2496 πλῆθος
375 2426 489 2480 τῶν
523 2427 804 2483 δυσσεῦῶν
846 2429 1112 2502 Ἐλλήνων
1143 2431 1255 2502 πῦρ
1297 2432 1615 2502 ἀνάψαντες
1658 2432 1743 2497 είς

1849 2426 2103 2496 spiritum
2138 2441 2318 2481 meum
2342 2427 2364 2458 '
2394 2443 2412 2482 :
2452 2445 2471 2480 ι
2508 2428 2756 2500 Cumque
2788 2431 2891 2486 hoc
2917 2428 3171 2499 dixisset,
3203 2435 3429 2490 tradidit

154 2519 269 2582 τοὺς
301 2519 685 2590 καλουμένους
736 2520 1025 2590 ἀγγέλους,
1054 2523 1368 2592 ἐτέφρωσαν
1389 2523 1451 2576 τὸ
1477 2523 1737 2594 λεῖψανον

1849 2519 1964 2575 Deo
1992 2518 2264 2588 spiritum.
2296 2519 2588 2590 lmpiorum
2618 2537 2748 2579 vero
2775 2521 3088 2580 Grecorum
3115 2525 3426 2590 multitudo.

155 2608 241 2662 τοῦ
267 2608 508 2664 δικαίου.
546 2611 684 2666 Τότε
721 2612 953 2690 προνοίᾳ
973 2613 1068 2668 τοῦ
1116 2614 1321 2686 Κυρίου
1356 2615 1454 2671 καί
1473 2617 1733 2688 Σωτῆρος

1849 2624 1974 2665 cum
2017 2609 2220 2679 ignem,
2256 2623 2326 2664 eo
2359 2609 2411 2664 in
2443 2608 2561 2664 loco
2592 2610 2684 2681 qui
2721 2613 3054 2681 Angelorum
3091 2615 3311 2667 nomine
3334 2629 3430 2682 ap-

157 2699 308 2768 ἡμῶν
367 2697 553 2770 Ἰησοῦ
607 2701 845 2773 Χριστοῦ
915 2704 1120 2775 κατέϐη
1171 2704 1396 2774 λαίλαψ.
1443 2707 1540 2760 καὶ
1595 2705 1736 2776 ζάλη

1849 2700 2112 2772 pellatur,
2172 2702 2532 2769 accendisset,
2596 2701 2739 2758 illius
2809 2703 2909 2758 viri
2977 2703 3111 2773 justi
3174 2705 3432 2776 reliquias

160 2793 354 2864 ἀνέμου
385 2796 622 2864 ἐγένετο
660 2796 892 2866 μεγάλη,
921 2799 1016 2852 καὶ
1039 2801 1065 2851 ὁ
1091 2797 1240 2870 ’ήλιος
1275 2797 1615 2852 συνέστειλεν
1642 2798 1741 2860 τὰς

1849 2797 2232 2853 comburebat.
2260 2795 2418 2853 Tunc
2450 2796 2662 2851 Domini
2693 2805 2746 2851 ot
2772 2795 3070 2852 Salvatoris
3101 2796 3272 2853 nostri
3300 2795 3430 2853 Jesu

161 2883 401 2955 ἀκτῖνας,
436 2888 537 2943 καὶ
566 2891 787 2955 εγένετο
818 2889 1059 2960 βροντῶν
1086 2886 1219 2962 ἦχος
1259 2889 1430 2954 πολὺς
1474 2889 1573 2943 καλ.
1595 2888 1745 2952 ὑετὸς

1850 2885 2058 2943 Christi
2111 2887 2450 2957 providentia
2501 2885 2703 2940 factum
2755 2898 2858 2954 est,
2894 2897 2953 2942 ut
3001 2889 3158 2944 turbo
3203 2889 3423 2959 quidam

162 2975 410 3041 πλεῖστος
463 2979 614 3048 μετὰ
677 2981 920 3050 χαλάζης
975 2983 1080 3049 ῑως
1136 2983 1404 3053 ἑσπέρας,
1461 2982 1604 3036 ὥστε
1660 2981 1745 3036 καὶ

1857 2989 2195 3049 erumperet,
2227 2989 2283 3034 et
2330 2988 2621 3050 tempestas
2670 2994 2862 3049 magna
2914 2981 3084 3045 fieret,
3116 2989 3172 3035 et
3203 2980 3286 3036 sol
3316 2981 3433 3050 ipse

161 3070 437 3138 οικήματα
469 3069 650 3122 πολλά
690 3071 1059 3124 καταπίπτειν
1091 3074 1185 3126 καὶ
1230 3074 1464 3136 πολλοὺς
1491 3075 1745 3146 τεθνηκέ‹

1855 3071 2041 3127 radios
2096 3084 2224 3125 suos
2290 3074 2662 3136 contraheret,
2723 3069 3074 3140 tonitrusque
3131 3080 3189 3127 et
3236 3085 3431 3128 eorum

162 3173 264 3212 ναι.
289 3159 641 3230 Φοϐηθέντες
669 3161 726 3216 6's
761 3163 990 3216 idsavro
1025 3163 1282 3234 λείψανον
1323 3164 1420 3217 τοῦ
1457 3165 1612 3234 ἁγίου
1659 3167 1745 3221 καὶ

1857 3161 2073 3216 sonitus
2117 3161 2321 3216 multus
2370 3161 2672 3228 audiretur,
2717 3161 2949 3230 plurima
2987 3176 3206 3232 quoque
3253 3162 3434 3233 pluvia

162 3245 380 3319 ῑφλγον.
410 3225 646 3322 Ἔτεροι
682 3252 740 3306 δὶ
773 3225 1225 3324 διαχλευάζοντες
1274 3253 1484 3325 ελεγον,
1504 3225 1593 3319 ’ὥς
1613 3256 1695 3310 ὅτι
1722 3259 1745 3312 ὁ

1855 3265 1979 3305 cum
2006 3251 2274 3322 grandine
2295 3251 2579 3308 commista
2605 3225 2772 3322 usque
2790 3251 2858 3305 ad
2884 3265 3161 3321 vesperam
3188 3253 3432 3321 duraret,

163 3343 576 3414 τρισμακάριος
626 3345 868 3416 Σέραπις
924 3345 1103 3399 αὐτῶν
1142 3345 1243 3414 τὴν
1292 3346 1600 3420 ιπισκοπὴν
1653 3347 1745 3402 τοῦ

1856 3342 1930 3398 ita
1976 3352 2034 3396 ut
2073 3344 2305 3399 aediﬁcia
2358 3343 2522 3399 multa
2567 3352 2910 3409 corruerent,
2938 3351 2994 3400 et
3029 3344 3278 3402 homines
3320 3361 3428 3404 non

162 3431 349 3501 ἀνδρὸς
380 3437 696 3503 ἐποιήσατο
723 3437 810 3490 διὰ
838 3437 899 3490 τὸ
932 3437 1096 3490 αὐτοῦ
1128 3439 1426 3506 γενέθλιον.

1857 3435 2016 3506 pauci
2042 3435 2242 3490 mortui
2273 3436 2553 3494 caderent.
2587 3435 2715 3508 Ejus
2751 3437 2918 3508 igitur
2965 3439 3044 3494 rei
3074 3439 3270 3496 timore
3303 3455 3427 3511 per-

166 3525 321 3592 culsi,
388 3527 665 3595 reliquias
714 3529 887 3583 sancti
954 3529 1120 3583 Marci
1163 3531 1573 3599 dereliquerunt
1623 3547 1687 3586 ac
1750 3532 2023 3600 fugerunt.
2075 3529 2183 3586 Alii
2239 3546 2366 3586 vero
2437 3531 2728 3588 irridentes
2793 3531 3064 3599 dicebant,
3115 3531 3432 3590 beatissima

164 3619 372 3675 illorum
411 3620 708 3690 Serapidis
747 3625 1082 3688 providentia
1120 3625 1233 3681 haec
1290 3626 1342 3680 in
1378 3626 1466 3683 illo
1504 3629 1624 3683 viro
1664 3626 1834 3683 fuisse
1861 3627 2007 3680 facta
2037 3637 2261 3695 prapter
2286 3627 2518 3682 natalem
2559 3628 2729 3696 ipsius
2757 3629 2922 3684 diem.

227 3717 281 3770 i'.
311 3717 453 3771 Τότε
521 3717 777 3783 ελθόντες
836 3721 1031 3792 ἄνδρες
1081 3723 1353 3789 εὐλαϐεῖς,
1402 3725 1745 3780 συνέστειλαν

1928 3723 1999 3780 X.
2031 3723 2187 3780 Tunc
2215 3734 2483 3779 venerunt
2514 3725 2762 3781 homines
2805 3723 3040 3795 religiosi
3079 3734 3135 3782 et
3162 3729 3264 3785 viri
3293 3730 3431 3800 justi

160 3803 412 3875 λείψανον
467 3808 567 3862 τοῦ
630 3809 838 3866 δικαίου
884 3813 994 3866 ἀπὸ
1032 3815 1130 3884 τῆς
1151 3816 1355 3885 τέφρας
1387 3817 1481 3869 καὶ
1513 3818 1745 3888 ήνεγκαν

1855 3818 2115 3887 reliquias
2141 3832 2171 3872 a
2201 3819 2390 3873 cinere
2418 3827 2788 3880 accreverunt,
2818 3827 2980 3887 atque
3008 3821 3061 3874 in
3090 3835 3212 3876 eum
3248 3823 3424 3878 locum

160 3899 285 3950 ὅπου
315 3901 416 3962 τὰς
447 3901 630 3970 εὐχὰς
651 3904 830 3956 αὐτῶν
855 3907 951 3958 καὶ
973 3907 1070 3970 τὰς
1093 3906 1413 3979 ψαλμῳδίας
1438 3907 1745 3974 ιπετέλουν,

1853 3907 2116 3970 tulerunt,
2175 3906 2263 3960 ubi
2326 3921 2517 3975 preces
2574 3913 2629 3962 et
2677 3906 2914 3975 psalmos
2975 3922 3102 3965 suos
3157 3912 3426 3979 canebat;

161 3991 250 4045 καὶ
271 3991 594 4062 ἐκήδευσαν
628 3993 792 4045 αὑτὸν
849 3995 1034 4060 καθὼς
1064 4000 1186 4064 ἔθος
1214 4004 1282 4071 τῇ
1315 4001 1490 4063 πόλει,
1525 4001 1620 4055 καὶ
1642 4001 1745 4057 ἀπ-

1853 3998 2076 4068 ejusque
2106 3995 2268 4052 {unus
2297 4005 2583 4064 curarunt,
2618 4005 2678 4052 ut
2709 3999 2949 4054 civitatis
2982 4015 3096 4056 mos
3135 4011 3277 4058 erat.
3317 4003 3428 4060 Re-

159 4081 338 4138 έθεντο
387 4086 450 4138 ιν
485 4085 651 4156 τόπῳ
703 4084 1130 4158 λελατομημένφ
1194 4093 1421 4158 assem;
1467 4094 1745 4159 τελοῦντες

1850 4090 2049 4159 liquias
2077 4099 2258 4144 autem
2298 4089 2667 4159 deposuerunt
2694 4091 2748 4144 in
2783 4089 2903 4145 loco
2940 4090 3134 4145 illustri
3165 4109 3196 4148 e
3228 4093 3424 4163 lapidi.

158 4175 317 4230 αὐτοῦ
338 4178 443 4248 τὴν
474 4179 711 4250 μνήμην
736 4179 874 4248 μετὰ
899 4181 1266 4251 σωφροσύνων
1289 4185 1384 4238 καὶ
1409 4185 1745 4254 προσευχῶν,

1850 4183 1955 4236 bus
2002 4179 2211 4243 exciso,
2250 4179 2422 4248 ipsius
2475 4179 2796 4234 memoriam
2846 4181 3027 4237 sobrie
3063 4192 3120 4239 et
3167 4183 3256 4254 ple
3297 4197 3422 4242 cum

158 4263 228 4326 ὡς
254 4265 481 4336 πρῶτον
516 4270 813 4338 κειμήλιον
843 4272 902 4324 ὲν
959 4271 1344 4344 ’Δλεξανδρείᾳ
1398 4275 1745 4345 κεκτημένοι,

1850 4271 2104 4343 precibus
2134 4269 2505 4336 celebrantes,
2540 4286 2650 4343 quo
2681 4272 2816 4328 nihil
2851 4275 3144 4344 pretiosius
3183 4279 3425 4336 Alexan~

158 4357 248 4409 καὶ
275 4359 356 4424 είς
381 4359 447 4412 τὸ
471 4360 805 4415 ἀνατολικὸν
837 4363 1008 4436 μέρος
1036 4365 1324 4422 ἀπέθεντο.
1391 4367 1696 4440 Ἑποιμήθη
1725 4368 1745 4420 ἐ

1849 4366 2006 4420 drina
2025 4364 2216 4420 civitas
2239 4363 2573 4433 possidebat.
2612 4364 2737 4420 Illas
2758 4378 2937 4423 autem
2962 4369 3215 4440 reliquias
3233 4371 3426 4430 Orien—

158 4449 430 4517 μακάριος
453 4451 702 4521 Μάρκος
725 4451 753 4503 ὁ
791 4454 1189 4527 εύαγγελιστὴς
1221 4458 1317 4511 καὶ
1345 4461 1745 4530 πρωτομάρτυς

1853 4464 1960 4510 tem
2008 4469 2206 4511 versus
2261 4453 2622 4512 collocarunt.
2679 4455 2862 4510 Codex
2919 4457 3033 4513 MS.
3087 4464 3250 4516 etiam
3309 4464 3426 4519 hac

155 4533 244 4588 τοῦ
275 4538 492 4624 Κυιρίου
550 4537 719 4607 ἡμῶν
760 4541 936 4612 Ἰησοῦ
985 4545 1226 4615 Χριστοῦ
1273 4547 1334 4600 ὲν
1368 4545 1745 4620 Ἀλεξανδρείᾳ

1855 4546 2002 4602 addit
2034 4564 2049 4601 :
2092 4544 2216 4600 Fuit
2248 4553 2430 4599 autem
2476 4545 2654 4602 forma
2683 4547 2987 4605 beatissimi
3022 4550 3189 4611 Iarcl
3233 4555 3420 4624 hujus-

156 4628 216 4696 τῇ
249 4612 699 4700 πρόξΑῐγυπτον
726 4633 855 4704 μηνὶ
875 4633 997 4689 κατ’
1014 4612 1346 4704 Ᾰίγυπτίους
1375 4612 1655 4710 Φαρμουθὶ
1680 4612 1745 4704 λ’..

1853 4638 2048 4692 modi:
2085 4636 2270 4706 Longo
2318 4651 2473 4704 naso,
2523 4639 2792 4697 subducto
2841 4645 3149 4713 supercilio,
3203 4612 3428 4720 pulcher

158 4719 294 4773 κατὰ
313 4720 372 4775 δὲ
419 4720 746 4794 Ῥωμαίους
773 4726 907 4796 πρὸς
931 4726 1000 4782 τά
1031 4729 1328 4784 Καλανδῶν
1354 4730 1549 4784 Maium
1572 4746 1587 4763 ·
1607 4729 1745 4785 κατὰ

1849 4729 2040 4794 oculis,
2093 4731 2444 4794 recalvaster.
2493 4733 2700 4801 prolixa
2745 4734 2932 4802 barba,
2977 4737 3154 4805 velox,
3205 4719 3427 4800 habito.

155 4813 209 4868 δι
247 4815 552 4889 Ἐϐραίους
585 4817 904 4892 Νισασρίων
957 4825 1418 4897 ἑπτακαιδεκάτῃ,
1474 4828 1566 4880 ἐπὶ
1599 4827 1745 4898 βασυ-

1851 4823 1993 4878 dinis
2038 4823 2276 4893 optimc,
2317 4823 2492 4877 aetatis
2519 4824 2730 4890 mediae,
2776 4828 2931 4882 canis
2970 4843 3245 4899 aspersus,
3291 4837 3426 4894 οπο..

159 4904 304 4972 λείας
333 4907 508 4963 Γαΐου
543 4910 805 4998 Τιϐερίου
836 4913 1112 4986 Καίσαρος
1137 4933 1150 4948 ⁸
1183 4919 1326 4970 κατὰ
1344 4917 1402 4971 δὲ
1446 4919 1594 4988 ἡμᾶς
1623 4919 1745 4984 τοὺς

1855 4915 2037 4971 ctione
2063 4915 2375 4979 continens,
2408 4915 2582 4984 gratia
2632 4914 2730 4973 Dei
2778 4915 2991 4986 plenus.
3021 4921 3220 4980 Beatus
3259 4927 3430 4998 igitur

159 4994 533 5069 Χριστιανοὺς
585 4997 969 5071 βασιλεύοντος
1001 5004 1096 5059 τοῦ
1131 5007 1340 5077 Κυρίου
1378 5008 1539 5078 ὴμῶν
1572 5008 1745 5078 Ἰησοῦ

1858 5007 2072 5064 Marcus
2143 5006 2498 5075 evangelista,
2567 5009 2775 5080 primus
2837 5013 3039 5069 Christi
3090 4994 3303 5090 martyr
3366 5022 3420 5076 in

161 5091 422 5164 Χριστοῦ,
488 5090 539 5166 ᾧ
575 5098 611 5168 ή
643 5094 771 5162 δόξα
805 5102 899 5152 καὶ
947 5099 1010 5154 τδ
1042 5105 1241 5173 κράτος
1277 5101 1358 5166 είς
1391 5102 1517 5164 τοὺς
1546 5101 1745 5166 αίῶνας

1861 5099 2081 5173 Egypti
2145 5101 2494 5169 Alexandria,
2550 5115 2759 5172 mense,
2805 5107 2900 5176 qui
2947 5109 3089 5177 apud
3141 5109 3425 5182 Egyptios

161 5185 262 5239 τῶν
291 5189 544 5243 αίὼνων.
593 5189 652 5242 ’Δ
661 5190 794 5260 μήν.

1861 5191 2307 5260 Pharmutius,et
2324 5195 2466 5264 apud
2491 5192 2746 5253 [ἰείη-ωσι
2767 5195 2930 5254 Νἱεευ
2955 5201 3180 5270 dicitur,
3195 5209 3427 5273 septimo

163 5275 429 5339 Kalendas
497 5282 660 5350 Maii,
717 5293 777 5338 ut
825 5283 1054 5342 Romani
1119 5298 1423 5352 numerant,
1486 5289 1589 5344 hoc
1647 5294 1751 5351 est,
1795 5286 1995 5356 Aprilis
2041 5286 2297 5341 vicesimo
2347 5286 2558 5358 quinto,
2596 5289 2750 5355 obiit,
2807 5293 3133 5364 imperatore
3195 5298 3422 5356 Claudio

165 5373 372 5431 Nerone
396 5377 632 5435 Czsare
660 5395 675 5432 :
708 5377 863 5434 nobis
884 5389 1064 5436 autem
1125 5377 1454 5436 Christianis
1522 5381 1823 5448 imperante
1865 5379 2094 5434 Domino
2150 5391 2338 5436 nostro
2386 5380 2518 5440 Iesu
2567 5382 2820 5453 Cbristp;
2868 5391 2956 5446 cui
3013 5390 3182 5461 gloria
3235 5405 3320 5451 est
3367 5404 3425 5450 et

165 5465 450 5540 imperium
490 5484 626 5526 cum
659 5469 819 5526 Patre
862 5481 918 5528 et
949 5471 1156 5544 Spiritu
1200 5481 1413 5538 sancto,
1446 5473 1500 5529 in
1551 5469 1746 5527 sacula
1783 5469 2124 5537 saeculorum,
2156 5469 2353 5528 Amen.

230 5589 252 5618 ⁸
275 5587 410 5645 Luc.
439 5605 616 5655 xxttt,
649 5589 743 5645 ιε.

423 5906 718 5964 ΡΑτιιοι..
757 5903 871 5964 Cn.
934 5907 1114 5974 CXV.

3009 5921 3042 5983 ϐ
