  <div class='ocr_page' id='page_1' title='image "/cluster/home/n/w/nwhite01/storage/ocr_20150623/115/uva.x004215515/105.png"; bbox 0 0 4180 6510; ppageno 0'>
   <div class='ocr_carea' id='block_1_1' title="bbox 773 452 877 522">
    <p class='ocr_par' dir='ltr' id='par_1_1' title="bbox 773 452 877 522">
     <span class='ocr_line' id='line_1_1' title="bbox 773 452 877 522; baseline -0.067 -1"><span class='ocrx_word' id='word_1_1' title='bbox 773 452 877 522; x_wconf 78' lang='lat'><strong>175</strong></span> 
     </span>
    </p>
   </div>
   <div class='ocr_carea' id='block_1_2' title="bbox 2066 461 2704 527">
    <p class='ocr_par' dir='ltr' id='par_1_2' title="bbox 2066 461 2704 527">
     <span class='ocr_line' id='line_1_2' title="bbox 2066 461 2704 527; baseline 0.011 -7"><span class='ocrx_word' id='word_1_2' title='bbox 2066 461 2347 521; x_wconf 82' lang='lat' dir='ltr'><strong>MENSIS</strong></span> <span class='ocrx_word' id='word_1_3' title='bbox 2380 464 2704 527; x_wconf 77' lang='lat' dir='ltr'><strong>APBlLlS.</strong></span> 
     </span>
    </p>
   </div>
   <div class='ocr_carea' id='block_1_3' title="bbox 3898 480 3989 544">
    <p class='ocr_par' dir='ltr' id='par_1_3' title="bbox 3898 480 3989 544">
     <span class='ocr_line' id='line_1_3' title="bbox 3898 480 3989 544; baseline 0.077 -6"><span class='ocrx_word' id='word_1_4' title='bbox 3898 480 3989 544; x_wconf 83' lang='grc'><strong>176</strong></span> 
     </span>
    </p>
   </div>
   <div class='ocr_carea' id='block_1_4' title="bbox 769 569 2323 659">
    <p class='ocr_par' dir='ltr' id='par_1_4' title="bbox 769 569 2323 641">
     <span class='ocr_line' id='line_1_4' title="bbox 769 569 2323 641; baseline 0.003 -18"><span class='ocrx_word' id='word_1_5' title='bbox 769 586 890 623; x_wconf 82' lang='lat' dir='ltr'><strong>nent</strong></span> <span class='ocrx_word' id='word_1_6' title='bbox 923 580 974 624; x_wconf 85' lang='lat' dir='ltr'><strong>et</strong></span> <span class='ocrx_word' id='word_1_7' title='bbox 1007 569 1156 624; x_wconf 77' lang='lat' dir='ltr'><strong>fabas</strong></span> <span class='ocrx_word' id='word_1_8' title='bbox 1190 569 1243 622; x_wconf 89' lang='lat' dir='ltr'><strong>in</strong></span> <span class='ocrx_word' id='word_1_9' title='bbox 1278 580 1431 624; x_wconf 69' lang='lat' dir='ltr'><strong>creua</strong></span> <span class='ocrx_word' id='word_1_10' title='bbox 1485 572 1844 640; x_wconf 81' lang='lat' dir='ltr'><strong>apposuisset,</strong></span> <span class='ocrx_word' id='word_1_11' title='bbox 1897 583 1950 626; x_wconf 89' lang='lat' dir='ltr'><strong>et</strong></span> <span class='ocrx_word' id='word_1_12' title='bbox 1999 589 2095 641; x_wconf 84' lang='lat' dir='ltr'><strong>pro</strong></span> <span class='ocrx_word' id='word_1_13' title='bbox 2133 575 2323 628; x_wconf 71' lang='lat' dir='ltr'><strong>viribus</strong></span> 
     </span>
    </p>
   </div>
   <div class='ocr_carea' id='block_1_5' title="bbox 2422 569 4000 659">
    <p class='ocr_par' dir='ltr' id='par_1_5' title="bbox 2446 578 4000 659">
     <span class='ocr_line' id='line_1_5' title="bbox 2446 578 4000 659; baseline 0.01 -31"><span class='ocrx_word' id='word_1_14' title='bbox 2446 578 2540 629; x_wconf 73' lang='grc' dir='ltr'>καὶ</span> <span class='ocrx_word' id='word_1_15' title='bbox 2564 579 2775 632; x_wconf 87' lang='grc' dir='ltr'>δεῖπνον</span> <span class='ocrx_word' id='word_1_16' title='bbox 2795 582 2975 646; x_wconf 80' lang='grc' dir='ltr'>αὐτοῖς</span> <span class='ocrx_word' id='word_1_17' title='bbox 3011 585 3296 653; x_wconf 73' lang='grc' dir='ltr'>παραθεὶς,</span> <span class='ocrx_word' id='word_1_18' title='bbox 3332 587 3492 654; x_wconf 72' lang='grc' dir='ltr'>ἄρτον</span> <span class='ocrx_word' id='word_1_19' title='bbox 3515 607 3580 641; x_wconf 81' lang='grc' dir='ltr'><strong>τε</strong></span> <span class='ocrx_word' id='word_1_20' title='bbox 3617 591 3714 642; x_wconf 68' lang='grc' dir='ltr'><strong>καὶ</strong></span> <span class='ocrx_word' id='word_1_21' title='bbox 3744 597 4000 659; x_wconf 56' lang='grc' dir='ltr'>κυάμοις,</span> 
     </span>
    </p>
   </div>
   <div class='ocr_carea' id='block_1_6' title="bbox 768 664 2336 725">
    <p class='ocr_par' dir='ltr' id='par_1_6' title="bbox 768 664 2336 725">
     <span class='ocr_line' id='line_1_6' title="bbox 768 664 2336 725; baseline 0.004 -10"><span class='ocrx_word' id='word_1_22' title='bbox 768 664 1072 717; x_wconf 72' lang='lat' dir='ltr'><strong>convivium</strong></span> <span class='ocrx_word' id='word_1_23' title='bbox 1103 664 1467 725; x_wconf 69' lang='lat' dir='ltr'><strong>exltibuiSSet,</strong></span> <span class='ocrx_word' id='word_1_24' title='bbox 1517 665 1708 718; x_wconf 87' lang='lat' dir='ltr'><strong>deinde</strong></span> <span class='ocrx_word' id='word_1_25' title='bbox 1761 681 1819 720; x_wconf 79' lang='lat' dir='ltr'><strong>se</strong></span> <span class='ocrx_word' id='word_1_26' title='bbox 1861 681 1980 720; x_wconf 78' lang='lat' dir='ltr'><strong>esse</strong></span> <span class='ocrx_word' id='word_1_27' title='bbox 2023 668 2336 721; x_wconf 79' lang='lat' dir='ltr'><strong>Anthimum</strong></span> 
     </span>
    </p>
   </div>
   <div class='ocr_carea' id='block_1_7' title="bbox 770 755 2340 828">
    <p class='ocr_par' dir='ltr' id='par_1_7' title="bbox 770 755 2340 828">
     <span class='ocr_line' id='line_1_7' title="bbox 770 755 2340 828; baseline 0.002 -19"><span class='ocrx_word' id='word_1_28' title='bbox 770 756 1065 810; x_wconf 87' lang='lat' dir='ltr'><strong>renuntiat.</strong></span> <span class='ocrx_word' id='word_1_29' title='bbox 1102 755 1253 822; x_wconf 86' lang='lat' dir='ltr'><strong>Quod</strong></span> <span class='ocrx_word' id='word_1_30' title='bbox 1275 756 1492 824; x_wconf 84' lang='lat' dir='ltr'><strong>quidem</strong></span> <span class='ocrx_word' id='word_1_31' title='bbox 1521 769 1639 808; x_wconf 91' lang='lat' dir='ltr'><strong>cum</strong></span> <span class='ocrx_word' id='word_1_32' title='bbox 1668 756 1738 808; x_wconf 86' lang='lat' dir='ltr'><strong>illi</strong></span> <span class='ocrx_word' id='word_1_33' title='bbox 1765 757 2120 820; x_wconf 73' lang='lat' dir='ltr'><strong>audivissent,</strong></span> <span class='ocrx_word' id='word_1_34' title='bbox 2146 773 2340 828; x_wconf 86' lang='lat' dir='ltr'><strong>prope-</strong></span> 
     </span>
    </p>
   </div>
   <div class='ocr_carea' id='block_1_8' title="bbox 767 849 2338 919">
    <p class='ocr_par' dir='ltr' id='par_1_8' title="bbox 767 849 2338 919">
     <span class='ocr_line' id='line_1_8' title="bbox 767 849 2338 919; baseline 0 -17"><span class='ocrx_word' id='word_1_35' title='bbox 767 851 986 903; x_wconf 83' lang='lat' dir='ltr'><strong>modum</strong></span> <span class='ocrx_word' id='word_1_36' title='bbox 1017 850 1432 916; x_wconf 88' lang='lat' dir='ltr'><strong>obstnpueruut,</strong></span> <span class='ocrx_word' id='word_1_37' title='bbox 1463 857 1514 902; x_wconf 95' lang='lat' dir='ltr'><strong>et</strong></span> <span class='ocrx_word' id='word_1_38' title='bbox 1547 863 1645 902; x_wconf 90' lang='lat' dir='ltr'><strong>nec</strong></span> <span class='ocrx_word' id='word_1_39' title='bbox 1701 849 1767 902; x_wconf 86' lang='lat' dir='ltr'><strong>ad</strong></span> <span class='ocrx_word' id='word_1_40' title='bbox 1819 849 1959 902; x_wconf 91' lang='lat' dir='ltr'><strong>illius</strong></span> <span class='ocrx_word' id='word_1_41' title='bbox 1987 851 2202 919; x_wconf 88' lang='lat' dir='ltr'><strong>quidem</strong></span> <span class='ocrx_word' id='word_1_42' title='bbox 2248 865 2338 904; x_wconf 88' lang='lat' dir='ltr'><strong>ca-</strong></span> 
     </span>
    </p>
   </div>
   <div class='ocr_carea' id='block_1_9' title="bbox 763 941 2332 1012">
    <p class='ocr_par' dir='ltr' id='par_1_9' title="bbox 763 941 2332 1012">
     <span class='ocr_line' id='line_1_9' title="bbox 763 941 2332 1012; baseline 0.001 -18"><span class='ocrx_word' id='word_1_43' title='bbox 763 957 868 997; x_wconf 89' lang='lat' dir='ltr'><strong>nos</strong></span> <span class='ocrx_word' id='word_1_44' title='bbox 909 951 1158 1010; x_wconf 85' lang='lat' dir='ltr'><strong>poterant</strong></span> <span class='ocrx_word' id='word_1_45' title='bbox 1209 943 1436 994; x_wconf 86' lang='lat' dir='ltr'><strong>omnino</strong></span> <span class='ocrx_word' id='word_1_46' title='bbox 1486 941 1704 1000; x_wconf 77' lang='lat' dir='ltr'><strong>intueri.</strong></span> <span class='ocrx_word' id='word_1_47' title='bbox 1762 953 2072 1010; x_wconf 76' lang='lat' dir='ltr'><strong>reputantes</strong></span> <span class='ocrx_word' id='word_1_48' title='bbox 2119 943 2332 1012; x_wconf 79' lang='lat' dir='ltr'><strong>quidem</strong></span> 
     </span>
    </p>
   </div>
   <div class='ocr_carea' id='block_1_10' title="bbox 768 1031 2332 1100">
    <p class='ocr_par' dir='ltr' id='par_1_10' title="bbox 768 1031 2332 1100">
     <span class='ocr_line' id='line_1_10' title="bbox 768 1031 2332 1100; baseline -0.003 -12"><span class='ocrx_word' id='word_1_49' title='bbox 768 1049 1039 1096; x_wconf 86' lang='lat' dir='ltr'><strong>mensam,</strong></span> <span class='ocrx_word' id='word_1_50' title='bbox 1070 1044 1126 1087; x_wconf 89' lang='lat' dir='ltr'><strong>ct</strong></span> <span class='ocrx_word' id='word_1_51' title='bbox 1168 1047 1399 1097; x_wconf 73' lang='lat' dir='ltr'><strong>contam,</strong></span> <span class='ocrx_word' id='word_1_52' title='bbox 1439 1041 1493 1086; x_wconf 88' lang='lat' dir='ltr'><strong>et</strong></span> <span class='ocrx_word' id='word_1_53' title='bbox 1544 1031 1863 1100; x_wconf 84' lang='lat' dir='ltr'><strong>hospitium,</strong></span> <span class='ocrx_word' id='word_1_54' title='bbox 1924 1047 2110 1087; x_wconf 89' lang='lat' dir='ltr'><strong>rursus</strong></span> <span class='ocrx_word' id='word_1_55' title='bbox 2157 1043 2332 1086; x_wconf 85' lang='lat' dir='ltr'><strong>autem</strong></span> 
     </span>
    </p>
   </div>
   <div class='ocr_carea' id='block_1_11' title="bbox 762 1127 2332 1197">
    <p class='ocr_par' dir='ltr' id='par_1_11' title="bbox 762 1127 2332 1197">
     <span class='ocr_line' id='line_1_11' title="bbox 762 1127 2332 1197; baseline -0.004 -13"><span class='ocrx_word' id='word_1_56' title='bbox 762 1131 1087 1197; x_wconf 70' lang='lat' dir='ltr'><strong>cogitantes,</strong></span> <span class='ocrx_word' id='word_1_57' title='bbox 1132 1143 1361 1196; x_wconf 86' lang='lat' dir='ltr'><strong>quanam</strong></span> <span class='ocrx_word' id='word_1_58' title='bbox 1403 1133 1469 1180; x_wconf 86' lang='lat' dir='ltr'><strong>de</strong></span> <span class='ocrx_word' id='word_1_59' title='bbox 1502 1141 1692 1190; x_wconf 88' lang='lat' dir='ltr'><strong>causa,</strong></span> <span class='ocrx_word' id='word_1_60' title='bbox 1725 1136 1775 1178; x_wconf 89' lang='lat' dir='ltr'><strong>et</strong></span> <span class='ocrx_word' id='word_1_61' title='bbox 1808 1137 2025 1195; x_wconf 86' lang='lat' dir='ltr'><strong>propter</strong></span> <span class='ocrx_word' id='word_1_62' title='bbox 2062 1127 2188 1196; x_wconf 91' lang='lat' dir='ltr'><strong>quid</strong></span> <span class='ocrx_word' id='word_1_63' title='bbox 2235 1127 2332 1179; x_wconf 83' lang='lat' dir='ltr'><strong>du-</strong></span> 
     </span>
    </p>
   </div>
   <div class='ocr_carea' id='block_1_12' title="bbox 763 1217 2334 1281">
    <p class='ocr_par' dir='ltr' id='par_1_12' title="bbox 763 1217 2334 1281">
     <span class='ocr_line' id='line_1_12' title="bbox 763 1217 2334 1281; baseline -0.003 -9"><span class='ocrx_word' id='word_1_64' title='bbox 763 1220 904 1272; x_wconf 84' lang='lat' dir='ltr'><strong>cturi</strong></span> <span class='ocrx_word' id='word_1_65' title='bbox 937 1228 1111 1274; x_wconf 87' lang='lat' dir='ltr'><strong>essent</strong></span> <span class='ocrx_word' id='word_1_66' title='bbox 1143 1233 1264 1272; x_wconf 91' lang='lat' dir='ltr'><strong>eum</strong></span> <span class='ocrx_word' id='word_1_67' title='bbox 1288 1220 1352 1271; x_wconf 90' lang='lat' dir='ltr'><strong>ad</strong></span> <span class='ocrx_word' id='word_1_68' title='bbox 1386 1217 1792 1281; x_wconf 74' lang='lat' dir='ltr'><strong>Maximianum,</strong></span> <span class='ocrx_word' id='word_1_69' title='bbox 1825 1218 1890 1270; x_wconf 88' lang='lat' dir='ltr'><strong>ad</strong></span> <span class='ocrx_word' id='word_1_70' title='bbox 1916 1228 2156 1271; x_wconf 83' lang='lat' dir='ltr'><strong>extrema</strong></span> <span class='ocrx_word' id='word_1_71' title='bbox 2189 1217 2334 1270; x_wconf 78' lang='lat' dir='ltr'><strong>scili-</strong></span> 
     </span>
    </p>
   </div>
   <div class='ocr_carea' id='block_1_13' title="bbox 761 1308 2332 1377">
    <p class='ocr_par' dir='ltr' id='par_1_13' title="bbox 761 1308 2332 1377">
     <span class='ocr_line' id='line_1_13' title="bbox 761 1308 2332 1377; baseline -0.003 -13"><span class='ocrx_word' id='word_1_72' title='bbox 761 1320 847 1365; x_wconf 84' lang='lat' dir='ltr'><strong>cet</strong></span> <span class='ocrx_word' id='word_1_73' title='bbox 881 1310 1040 1376; x_wconf 86' lang='lat' dir='ltr'><strong>mala,</strong></span> <span class='ocrx_word' id='word_1_74' title='bbox 1072 1320 1126 1364; x_wconf 91' lang='lat' dir='ltr'><strong>et</strong></span> <span class='ocrx_word' id='word_1_75' title='bbox 1158 1320 1365 1363; x_wconf 90' lang='lat' dir='ltr'><strong>certum</strong></span> <span class='ocrx_word' id='word_1_76' title='bbox 1409 1308 1762 1377; x_wconf 86' lang='lat' dir='ltr'><strong>supplicium.</strong></span> <span class='ocrx_word' id='word_1_77' title='bbox 1823 1308 1977 1374; x_wconf 85' lang='lat' dir='ltr'><strong>Quod</strong></span> <span class='ocrx_word' id='word_1_78' title='bbox 2009 1308 2224 1377; x_wconf 83' lang='lat' dir='ltr'><strong>quidem</strong></span> <span class='ocrx_word' id='word_1_79' title='bbox 2278 1318 2332 1360; x_wconf 90' lang='lat' dir='ltr'><strong>et</strong></span> 
     </span>
    </p>
   </div>
   <div class='ocr_carea' id='block_1_14' title="bbox 757 1397 2332 1470">
    <p class='ocr_par' dir='ltr' id='par_1_14' title="bbox 757 1397 2332 1470">
     <span class='ocr_line' id='line_1_14' title="bbox 757 1397 2332 1470; baseline -0.004 -11"><span class='ocrx_word' id='word_1_80' title='bbox 757 1419 945 1459; x_wconf 88' lang='lat' dir='ltr'><strong>eorum</strong></span> <span class='ocrx_word' id='word_1_81' title='bbox 973 1403 1169 1455; x_wconf 84' lang='lat' dir='ltr'><strong>animis</strong></span> <span class='ocrx_word' id='word_1_82' title='bbox 1203 1402 1459 1470; x_wconf 83' lang='lat' dir='ltr'><strong>majorem</strong></span> <span class='ocrx_word' id='word_1_83' title='bbox 1481 1400 1742 1454; x_wconf 72' lang='lat' dir='ltr'><strong>afferebat</strong></span> <span class='ocrx_word' id='word_1_84' title='bbox 1773 1400 2035 1460; x_wconf 86' lang='lat' dir='ltr'><strong>dolorem,</strong></span> <span class='ocrx_word' id='word_1_85' title='bbox 2068 1397 2332 1452; x_wconf 82' lang='lat' dir='ltr'><strong>eteﬂicic—</strong></span> 
     </span>
    </p>
   </div>
   <div class='ocr_carea' id='block_1_15' title="bbox 758 1490 2327 1562">
    <p class='ocr_par' dir='ltr' id='par_1_15' title="bbox 758 1490 2327 1562">
     <span class='ocr_line' id='line_1_15' title="bbox 758 1490 2327 1562; baseline -0.002 -13"><span class='ocrx_word' id='word_1_86' title='bbox 758 1501 876 1560; x_wconf 87' lang='lat' dir='ltr'><strong>bat,</strong></span> <span class='ocrx_word' id='word_1_87' title='bbox 903 1507 960 1548; x_wconf 94' lang='lat' dir='ltr'><strong>ut</strong></span> <span class='ocrx_word' id='word_1_88' title='bbox 987 1495 1124 1562; x_wconf 86' lang='lat' dir='ltr'><strong>apud</strong></span> <span class='ocrx_word' id='word_1_89' title='bbox 1154 1494 1468 1547; x_wconf 83' lang='lat' dir='ltr'><strong>Anthimum</strong></span> <span class='ocrx_word' id='word_1_90' title='bbox 1497 1493 1899 1547; x_wconf 81' lang='lat' dir='ltr'><strong>erubescerent.</strong></span> <span class='ocrx_word' id='word_1_91' title='bbox 1935 1490 2042 1545; x_wconf 84' lang='lat' dir='ltr'><strong>Hac</strong></span> <span class='ocrx_word' id='word_1_92' title='bbox 2071 1491 2135 1545; x_wconf 89' lang='lat' dir='ltr'><strong>de</strong></span> <span class='ocrx_word' id='word_1_93' title='bbox 2166 1506 2327 1546; x_wconf 84' lang='lat' dir='ltr'><strong>causa</strong></span> 
     </span>
    </p>
   </div>
   <div class='ocr_carea' id='block_1_16' title="bbox 754 1581 2330 1651">
    <p class='ocr_par' dir='ltr' id='par_1_16' title="bbox 754 1581 2330 1651">
     <span class='ocr_line' id='line_1_16' title="bbox 754 1581 2330 1651; baseline -0.004 -10"><span class='ocrx_word' id='word_1_94' title='bbox 754 1603 878 1641; x_wconf 91' lang='lat' dir='ltr'><strong>cum</strong></span> <span class='ocrx_word' id='word_1_95' title='bbox 912 1601 974 1641; x_wconf 90' lang='lat' dir='ltr'><strong>os</strong></span> <span class='ocrx_word' id='word_1_96' title='bbox 1009 1587 1153 1641; x_wconf 87' lang='lat' dir='ltr'><strong>illius</strong></span> <span class='ocrx_word' id='word_1_97' title='bbox 1190 1585 1486 1639; x_wconf 87' lang='lat' dir='ltr'><strong>veridicum</strong></span> <span class='ocrx_word' id='word_1_98' title='bbox 1526 1583 1786 1636; x_wconf 80' lang='lat' dir='ltr'><strong>haberent</strong></span> <span class='ocrx_word' id='word_1_99' title='bbox 1819 1582 1936 1651; x_wconf 89' lang='lat' dir='ltr'><strong>ejus</strong></span> <span class='ocrx_word' id='word_1_100' title='bbox 1975 1581 2234 1648; x_wconf 88' lang='lat' dir='ltr'><strong>indicem,</strong></span> <span class='ocrx_word' id='word_1_101' title='bbox 2274 1593 2330 1637; x_wconf 90' lang='lat' dir='ltr'><strong>et</strong></span> 
     </span>
    </p>
   </div>
   <div class='ocr_carea' id='block_1_17' title="bbox 756 1674 2323 1746">
    <p class='ocr_par' dir='ltr' id='par_1_17' title="bbox 756 1674 2323 1746">
     <span class='ocr_line' id='line_1_17' title="bbox 756 1674 2323 1746; baseline -0.002 -15"><span class='ocrx_word' id='word_1_102' title='bbox 756 1694 823 1732; x_wconf 77' lang='lat' dir='ltr'><strong>ex</strong></span> <span class='ocrx_word' id='word_1_103' title='bbox 868 1677 983 1744; x_wconf 90' lang='lat' dir='ltr'><strong>ejus</strong></span> <span class='ocrx_word' id='word_1_104' title='bbox 1035 1677 1215 1746; x_wconf 74' lang='lat' dir='ltr'><strong>lingua</strong></span> <span class='ocrx_word' id='word_1_105' title='bbox 1253 1675 1619 1742; x_wconf 80' lang='lat' dir='ltr'><strong>intelligerent</strong></span> <span class='ocrx_word' id='word_1_106' title='bbox 1669 1689 1789 1729; x_wconf 88' lang='lat' dir='ltr'><strong>eum</strong></span> <span class='ocrx_word' id='word_1_107' title='bbox 1826 1688 1948 1728; x_wconf 86' lang='lat' dir='ltr'><strong>esse</strong></span> <span class='ocrx_word' id='word_1_108' title='bbox 1986 1674 2323 1740; x_wconf 83' lang='lat' dir='ltr'><strong>Anthimum,</strong></span> 
     </span>
    </p>
   </div>
   <div class='ocr_carea' id='block_1_18' title="bbox 751 1767 2325 1830">
    <p class='ocr_par' dir='ltr' id='par_1_18' title="bbox 751 1767 2325 1830">
     <span class='ocr_line' id='line_1_18' title="bbox 751 1767 2325 1830; baseline -0.001 -6"><span class='ocrx_word' id='word_1_109' title='bbox 751 1788 875 1824; x_wconf 72' lang='lat' dir='ltr'><strong>eum</strong></span> <span class='ocrx_word' id='word_1_110' title='bbox 901 1773 1148 1825; x_wconf 84' lang='lat' dir='ltr'><strong>lubenter</strong></span> <span class='ocrx_word' id='word_1_111' title='bbox 1175 1767 1538 1827; x_wconf 87' lang='lat' dir='ltr'><strong>dimittebant,</strong></span> <span class='ocrx_word' id='word_1_112' title='bbox 1589 1776 1642 1820; x_wconf 89' lang='lat' dir='ltr'><strong>et</strong></span> <span class='ocrx_word' id='word_1_113' title='bbox 1672 1777 1728 1821; x_wconf 91' lang='lat' dir='ltr'><strong>ut</strong></span> <span class='ocrx_word' id='word_1_114' title='bbox 1774 1768 2074 1830; x_wconf 85' lang='lat' dir='ltr'><strong>recederet,</strong></span> <span class='ocrx_word' id='word_1_115' title='bbox 2127 1769 2325 1822; x_wconf 85' lang='lat' dir='ltr'><strong>suade-</strong></span> 
     </span>
    </p>
   </div>
   <div class='ocr_carea' id='block_1_19' title="bbox 754 1859 2319 1919">
    <p class='ocr_par' dir='ltr' id='par_1_19' title="bbox 754 1859 2319 1919">
     <span class='ocr_line' id='line_1_19' title="bbox 754 1859 2319 1919; baseline -0.002 -2"><span class='ocrx_word' id='word_1_116' title='bbox 754 1867 881 1919; x_wconf 87' lang='lat' dir='ltr'><strong>bant</strong></span> <span class='ocrx_word' id='word_1_117' title='bbox 905 1881 933 1917; x_wconf 61' lang='lat'><strong>~:</strong></span> <span class='ocrx_word' id='word_1_118' title='bbox 957 1865 1205 1917; x_wconf 85' lang='lat' dir='ltr'><strong>sciebant</strong></span> <span class='ocrx_word' id='word_1_119' title='bbox 1233 1861 1376 1914; x_wconf 91' lang='lat' dir='ltr'><strong>enim</strong></span> <span class='ocrx_word' id='word_1_120' title='bbox 1410 1859 1543 1913; x_wconf 87' lang='lat' dir='ltr'><strong>nihil</strong></span> <span class='ocrx_word' id='word_1_121' title='bbox 1567 1863 1690 1913; x_wconf 89' lang='lat' dir='ltr'><strong>boni</strong></span> <span class='ocrx_word' id='word_1_122' title='bbox 1724 1861 1771 1914; x_wconf 89' lang='lat' dir='ltr'><strong>ei</strong></span> <span class='ocrx_word' id='word_1_123' title='bbox 1791 1876 1912 1915; x_wconf 88' lang='lat' dir='ltr'><strong>esse</strong></span> <span class='ocrx_word' id='word_1_124' title='bbox 1939 1876 2319 1914; x_wconf 87' lang='lat' dir='ltr'><strong>successurum</strong></span> 
     </span>
    </p>
   </div>
   <div class='ocr_carea' id='block_1_20' title="bbox 750 1950 2318 2010">
    <p class='ocr_par' dir='ltr' id='par_1_20' title="bbox 750 1950 2318 2010">
     <span class='ocr_line' id='line_1_20' title="bbox 750 1950 2318 2010; baseline -0.002 0"><span class='ocrx_word' id='word_1_125' title='bbox 750 1971 818 2010; x_wconf 78' lang='lat' dir='ltr'><strong>ex</strong></span> <span class='ocrx_word' id='word_1_126' title='bbox 847 1971 944 2010; x_wconf 88' lang='lat' dir='ltr'><strong>suo</strong></span> <span class='ocrx_word' id='word_1_127' title='bbox 979 1958 1204 2008; x_wconf 77' lang='lat' dir='ltr'><strong>adventu</strong></span> <span class='ocrx_word' id='word_1_128' title='bbox 1238 1953 1303 2008; x_wconf 87' lang='lat' dir='ltr'><strong>ad</strong></span> <span class='ocrx_word' id='word_1_129' title='bbox 1340 1953 1754 2007; x_wconf 79' lang='lat' dir='ltr'><strong>Maximianum.</strong></span> <span class='ocrx_word' id='word_1_130' title='bbox 1812 1950 1978 2009; x_wconf 80' lang='lat' dir='ltr'><strong>Nobis</strong></span> <span class='ocrx_word' id='word_1_131' title='bbox 2040 1965 2220 2008; x_wconf 82' lang='lat' dir='ltr'><strong>autem</strong></span> <span class='ocrx_word' id='word_1_132' title='bbox 2251 1954 2318 2008; x_wconf 89' lang='lat' dir='ltr'><strong>ad</strong></span> 
     </span>
    </p>
   </div>
   <div class='ocr_carea' id='block_1_21' title="bbox 752 2043 2317 2113">
    <p class='ocr_par' dir='ltr' id='par_1_21' title="bbox 752 2043 2317 2113">
     <span class='ocr_line' id='line_1_21' title="bbox 752 2043 2317 2113; baseline -0.003 -11"><span class='ocrx_word' id='word_1_133' title='bbox 752 2059 1019 2113; x_wconf 86' lang='lat' dir='ltr'><strong>nostram,</strong></span> <span class='ocrx_word' id='word_1_134' title='bbox 1058 2049 1300 2111; x_wconf 81' lang='lat' dir='ltr'><strong>aiebant,</strong></span> <span class='ocrx_word' id='word_1_135' title='bbox 1341 2045 1534 2100; x_wconf 80' lang='lat' dir='ltr'><strong>suﬂicit</strong></span> <span class='ocrx_word' id='word_1_136' title='bbox 1569 2043 1958 2110; x_wconf 79' lang='lat' dir='ltr'><strong>defensionem,</strong></span> <span class='ocrx_word' id='word_1_137' title='bbox 2004 2047 2317 2100; x_wconf 81' lang='lat' dir='ltr'><strong>Anthiuunn</strong></span> 
     </span>
    </p>
   </div>
   <div class='ocr_carea' id='block_1_22' title="bbox 749 2138 2319 2212">
    <p class='ocr_par' dir='ltr' id='par_1_22' title="bbox 749 2138 2319 2212">
     <span class='ocr_line' id='line_1_22' title="bbox 749 2138 2319 2212; baseline -0.001 -18"><span class='ocrx_word' id='word_1_138' title='bbox 749 2145 964 2212; x_wconf 86' lang='lat' dir='ltr'><strong>quidem</strong></span> <span class='ocrx_word' id='word_1_139' title='bbox 1000 2143 1226 2195; x_wconf 90' lang='lat' dir='ltr'><strong>multum</strong></span> <span class='ocrx_word' id='word_1_140' title='bbox 1260 2139 1576 2209; x_wconf 63' lang='lat' dir='ltr'><strong>quaesivisse</strong></span> <span class='ocrx_word' id='word_1_141' title='bbox 1605 2154 1699 2208; x_wconf 91' lang='lat' dir='ltr'><strong>per</strong></span> <span class='ocrx_word' id='word_1_142' title='bbox 1735 2139 2039 2193; x_wconf 78' lang='lat' dir='ltr'><strong>universam</strong></span> <span class='ocrx_word' id='word_1_143' title='bbox 2069 2138 2319 2192; x_wconf 83' lang='lat' dir='ltr'><strong>Nicome-</strong></span> 
     </span>
    </p>
   </div>
   <div class='ocr_carea' id='block_1_23' title="bbox 750 2230 2315 2304">
    <p class='ocr_par' dir='ltr' id='par_1_23' title="bbox 750 2230 2315 2304">
     <span class='ocr_line' id='line_1_23' title="bbox 750 2230 2315 2304; baseline -0.005 -12"><span class='ocrx_word' id='word_1_144' title='bbox 750 2238 921 2301; x_wconf 85' lang='lat' dir='ltr'><strong>diam,</strong></span> <span class='ocrx_word' id='word_1_145' title='bbox 958 2249 1060 2288; x_wconf 93' lang='lat' dir='ltr'><strong>non</strong></span> <span class='ocrx_word' id='word_1_146' title='bbox 1089 2233 1331 2304; x_wconf 84' lang='lat' dir='ltr'><strong>potuisse</strong></span> <span class='ocrx_word' id='word_1_147' title='bbox 1379 2242 1558 2287; x_wconf 86' lang='lat' dir='ltr'><strong>tamen</strong></span> <span class='ocrx_word' id='word_1_148' title='bbox 1597 2248 1717 2286; x_wconf 92' lang='lat' dir='ltr'><strong>eum</strong></span> <span class='ocrx_word' id='word_1_149' title='bbox 1770 2234 2030 2287; x_wconf 85' lang='lat' dir='ltr'><strong>invenire.</strong></span> <span class='ocrx_word' id='word_1_150' title='bbox 2089 2230 2192 2287; x_wconf 88' lang='lat' dir='ltr'><strong>Sed</strong></span> <span class='ocrx_word' id='word_1_151' title='bbox 2224 2231 2315 2300; x_wconf 89' lang='lat' dir='ltr'><strong>qui</strong></span> 
     </span>
    </p>
   </div>
   <div class='ocr_carea' id='block_1_24' title="bbox 748 2324 2321 2397">
    <p class='ocr_par' dir='ltr' id='par_1_24' title="bbox 748 2324 2321 2397">
     <span class='ocr_line' id='line_1_24' title="bbox 748 2324 2321 2397; baseline -0.004 -14"><span class='ocrx_word' id='word_1_152' title='bbox 748 2328 841 2384; x_wconf 89' lang='lat' dir='ltr'><strong>Dei</strong></span> <span class='ocrx_word' id='word_1_153' title='bbox 880 2337 1146 2397; x_wconf 64' lang='lat' dir='ltr'><strong>praecepta</strong></span> <span class='ocrx_word' id='word_1_154' title='bbox 1187 2340 1404 2393; x_wconf 88' lang='lat' dir='ltr'><strong>semper</strong></span> <span class='ocrx_word' id='word_1_155' title='bbox 1458 2325 1819 2378; x_wconf 76' lang='lat' dir='ltr'><strong>meditabatur</strong></span> <span class='ocrx_word' id='word_1_156' title='bbox 1869 2324 2179 2387; x_wconf 82' lang='lat' dir='ltr'><strong>Antbimus,</strong></span> <span class='ocrx_word' id='word_1_157' title='bbox 2228 2337 2321 2376; x_wconf 84' lang='lat' dir='ltr'><strong>eos</strong></span> 
     </span>
    </p>
   </div>
   <div class='ocr_carea' id='block_1_25' title="bbox 747 2415 2319 2482">
    <p class='ocr_par' dir='ltr' id='par_1_25' title="bbox 747 2415 2319 2482">
     <span class='ocr_line' id='line_1_25' title="bbox 747 2415 2319 2482; baseline -0.007 -6"><span class='ocrx_word' id='word_1_158' title='bbox 747 2421 978 2476; x_wconf 85' lang='lat' dir='ltr'><strong>omnino</strong></span> <span class='ocrx_word' id='word_1_159' title='bbox 1009 2417 1309 2472; x_wconf 85' lang='lat' dir='ltr'><strong>adhortans</strong></span> <span class='ocrx_word' id='word_1_160' title='bbox 1345 2425 1399 2468; x_wconf 92' lang='lat' dir='ltr'><strong>et</strong></span> <span class='ocrx_word' id='word_1_161' title='bbox 1429 2415 1652 2478; x_wconf 81' lang='lat' dir='ltr'><strong>docens,</strong></span> <span class='ocrx_word' id='word_1_162' title='bbox 1683 2423 1742 2467; x_wconf 91' lang='lat' dir='ltr'><strong>ut</strong></span> <span class='ocrx_word' id='word_1_163' title='bbox 1773 2415 2048 2467; x_wconf 81' lang='lat' dir='ltr'><strong>veritatem</strong></span> <span class='ocrx_word' id='word_1_164' title='bbox 2091 2415 2319 2482; x_wconf 85' lang='lat' dir='ltr'><strong>loquan-</strong></span> 
     </span>
    </p>
   </div>
   <div class='ocr_carea' id='block_1_26' title="bbox 747 2506 2316 2577">
    <p class='ocr_par' dir='ltr' id='par_1_26' title="bbox 747 2506 2316 2577">
     <span class='ocr_line' id='line_1_26' title="bbox 747 2506 2316 2577; baseline -0.004 -9"><span class='ocrx_word' id='word_1_165' title='bbox 747 2523 836 2568; x_wconf 89' lang='lat' dir='ltr'><strong>tur</strong></span> <span class='ocrx_word' id='word_1_166' title='bbox 868 2518 920 2565; x_wconf 84' lang='lat' dir='ltr'><strong>tn</strong></span> <span class='ocrx_word' id='word_1_167' title='bbox 957 2509 1120 2564; x_wconf 86' lang='lat' dir='ltr'><strong>corde</strong></span> <span class='ocrx_word' id='word_1_168' title='bbox 1149 2523 1269 2570; x_wconf 89' lang='lat' dir='ltr'><strong>suo.</strong></span> <span class='ocrx_word' id='word_1_169' title='bbox 1324 2518 1377 2562; x_wconf 90' lang='lat' dir='ltr'><strong>et</strong></span> <span class='ocrx_word' id='word_1_170' title='bbox 1431 2522 1531 2561; x_wconf 89' lang='lat' dir='ltr'><strong>nec</strong></span> <span class='ocrx_word' id='word_1_171' title='bbox 1564 2506 1684 2561; x_wconf 91' lang='lat' dir='ltr'><strong>illos</strong></span> <span class='ocrx_word' id='word_1_172' title='bbox 1737 2516 1953 2576; x_wconf 87' lang='lat' dir='ltr'><strong>propter</strong></span> <span class='ocrx_word' id='word_1_173' title='bbox 2012 2507 2185 2577; x_wconf 88' lang='lat' dir='ltr'><strong>ipsum</strong></span> <span class='ocrx_word' id='word_1_174' title='bbox 2238 2508 2316 2561; x_wconf 84' lang='lat' dir='ltr'><strong>rel</strong></span> 
     </span>
    </p>
   </div>
   <div class='ocr_carea' id='block_1_27' title="bbox 752 2599 2319 2668">
    <p class='ocr_par' dir='ltr' id='par_1_27' title="bbox 752 2599 2319 2668">
     <span class='ocr_line' id='line_1_27' title="bbox 752 2599 2319 2668; baseline -0.004 -8"><span class='ocrx_word' id='word_1_175' title='bbox 752 2603 886 2660; x_wconf 87' lang='lat' dir='ltr'><strong>solis</strong></span> <span class='ocrx_word' id='word_1_176' title='bbox 924 2603 1090 2657; x_wconf 81' lang='lat' dir='ltr'><strong>labris</strong></span> <span class='ocrx_word' id='word_1_177' title='bbox 1151 2600 1369 2655; x_wconf 91' lang='lat' dir='ltr'><strong>mentiri</strong></span> <span class='ocrx_word' id='word_1_178' title='bbox 1412 2600 1713 2662; x_wconf 85' lang='lat' dir='ltr'><strong>sustinens,</strong></span> <span class='ocrx_word' id='word_1_179' title='bbox 1742 2608 1794 2651; x_wconf 89' lang='lat' dir='ltr'><strong>et</strong></span> <span class='ocrx_word' id='word_1_180' title='bbox 1826 2599 1933 2652; x_wconf 86' lang='lat' dir='ltr'><strong>alio</strong></span> <span class='ocrx_word' id='word_1_181' title='bbox 1972 2599 2060 2668; x_wconf 90' lang='lat' dir='ltr'><strong>qui</strong></span> <span class='ocrx_word' id='word_1_182' title='bbox 2103 2611 2319 2668; x_wconf 84' lang='lat' dir='ltr'><strong>propter</strong></span> 
     </span>
    </p>
   </div>
   <div class='ocr_carea' id='block_1_28' title="bbox 745 2691 2318 2756">
    <p class='ocr_par' dir='ltr' id='par_1_28' title="bbox 745 2691 2318 2756">
     <span class='ocr_line' id='line_1_28' title="bbox 745 2691 2318 2756; baseline -0.004 -6"><span class='ocrx_word' id='word_1_183' title='bbox 745 2696 1027 2751; x_wconf 86' lang='lat' dir='ltr'><strong>Christum</strong></span> <span class='ocrx_word' id='word_1_184' title='bbox 1057 2702 1288 2748; x_wconf 88' lang='lat' dir='ltr'><strong>mortem</strong></span> <span class='ocrx_word' id='word_1_185' title='bbox 1330 2692 1547 2756; x_wconf 86' lang='lat' dir='ltr'><strong>sitiens,</strong></span> <span class='ocrx_word' id='word_1_186' title='bbox 1595 2705 1700 2744; x_wconf 89' lang='lat' dir='ltr'><strong>una</strong></span> <span class='ocrx_word' id='word_1_187' title='bbox 1761 2705 1880 2744; x_wconf 88' lang='lat' dir='ltr'><strong>cmn</strong></span> <span class='ocrx_word' id='word_1_188' title='bbox 1935 2692 2016 2745; x_wconf 93' lang='lat' dir='ltr'><strong>eis</strong></span> <span class='ocrx_word' id='word_1_189' title='bbox 2061 2691 2206 2745; x_wconf 90' lang='lat' dir='ltr'><strong>illinc</strong></span> <span class='ocrx_word' id='word_1_190' title='bbox 2236 2702 2318 2745; x_wconf 81' lang='lat' dir='ltr'><strong>est</strong></span> 
     </span>
    </p>
   </div>
   <div class='ocr_carea' id='block_1_29' title="bbox 749 2783 2314 2860">
    <p class='ocr_par' dir='ltr' id='par_1_29' title="bbox 749 2783 2314 2860">
     <span class='ocr_line' id='line_1_29' title="bbox 749 2783 2314 2860; baseline -0.003 -20"><span class='ocrx_word' id='word_1_191' title='bbox 749 2787 1046 2860; x_wconf 69' lang='lat' dir='ltr'><strong>profectus,</strong></span> <span class='ocrx_word' id='word_1_192' title='bbox 1097 2793 1150 2839; x_wconf 87' lang='lat' dir='ltr'><strong>et</strong></span> <span class='ocrx_word' id='word_1_193' title='bbox 1185 2784 1287 2837; x_wconf 89' lang='lat' dir='ltr'><strong>iter</strong></span> <span class='ocrx_word' id='word_1_194' title='bbox 1329 2784 1468 2837; x_wconf 92' lang='lat' dir='ltr'><strong>iniit.</strong></span> <span class='ocrx_word' id='word_1_195' title='bbox 1538 2783 1669 2838; x_wconf 85' lang='lat' dir='ltr'><strong>Cum</strong></span> <span class='ocrx_word' id='word_1_196' title='bbox 1719 2797 1814 2836; x_wconf 86' lang='lat' dir='ltr'><strong>eos</strong></span> <span class='ocrx_word' id='word_1_197' title='bbox 1856 2794 2034 2836; x_wconf 89' lang='lat' dir='ltr'><strong>autem</strong></span> <span class='ocrx_word' id='word_1_198' title='bbox 2093 2784 2314 2836; x_wconf 85' lang='lat' dir='ltr'><strong>multum</strong></span> 
     </span>
    </p>
   </div>
   <div class='ocr_carea' id='block_1_30' title="bbox 747 2871 2318 2944">
    <p class='ocr_par' dir='ltr' id='par_1_30' title="bbox 747 2871 2318 2944">
     <span class='ocr_line' id='line_1_30' title="bbox 747 2871 2318 2944; baseline -0.006 -7"><span class='ocrx_word' id='word_1_199' title='bbox 747 2891 892 2937; x_wconf 86' lang='lat' dir='ltr'><strong>esset</strong></span> <span class='ocrx_word' id='word_1_200' title='bbox 914 2881 1231 2934; x_wconf 80' lang='lat' dir='ltr'><strong>exhortatus</strong></span> <span class='ocrx_word' id='word_1_201' title='bbox 1253 2878 1318 2930; x_wconf 87' lang='lat' dir='ltr'><strong>ad</strong></span> <span class='ocrx_word' id='word_1_202' title='bbox 1351 2875 1628 2944; x_wconf 76' lang='lat' dir='ltr'><strong>pietatem,</strong></span> <span class='ocrx_word' id='word_1_203' title='bbox 1655 2883 1709 2926; x_wconf 90' lang='lat' dir='ltr'><strong>et</strong></span> <span class='ocrx_word' id='word_1_204' title='bbox 1761 2875 1825 2927; x_wconf 89' lang='lat' dir='ltr'><strong>de</strong></span> <span class='ocrx_word' id='word_1_205' title='bbox 1861 2871 2056 2926; x_wconf 75' lang='lat' dir='ltr'><strong>futuris</strong></span> <span class='ocrx_word' id='word_1_206' title='bbox 2087 2887 2207 2925; x_wconf 88' lang='lat' dir='ltr'><strong>cum</strong></span> <span class='ocrx_word' id='word_1_207' title='bbox 2237 2874 2318 2928; x_wconf 91' lang='lat' dir='ltr'><strong>eis</strong></span> 
     </span>
    </p>
   </div>
   <div class='ocr_carea' id='block_1_31' title="bbox 749 2965 2316 3036">
    <p class='ocr_par' dir='ltr' id='par_1_31' title="bbox 749 2965 2316 3036">
     <span class='ocr_line' id='line_1_31' title="bbox 749 2965 2316 3036; baseline -0.005 -9"><span class='ocrx_word' id='word_1_208' title='bbox 749 2972 1122 3032; x_wconf 79' lang='lat' dir='ltr'><strong>disseruisset,</strong></span> <span class='ocrx_word' id='word_1_209' title='bbox 1166 2968 1288 3022; x_wconf 91' lang='lat' dir='ltr'><strong>etsi</strong></span> <span class='ocrx_word' id='word_1_210' title='bbox 1320 2967 1444 3036; x_wconf 90' lang='lat' dir='ltr'><strong>quid</strong></span> <span class='ocrx_word' id='word_1_211' title='bbox 1470 2966 1549 3019; x_wconf 90' lang='lat' dir='ltr'><strong>eis</strong></span> <span class='ocrx_word' id='word_1_212' title='bbox 1596 2965 1787 3018; x_wconf 90' lang='lat' dir='ltr'><strong>durum</strong></span> <span class='ocrx_word' id='word_1_213' title='bbox 1841 2973 1896 3019; x_wconf 90' lang='lat' dir='ltr'><strong>et</strong></span> <span class='ocrx_word' id='word_1_214' title='bbox 1944 2978 2196 3033; x_wconf 87' lang='lat' dir='ltr'><strong>asperum</strong></span> <span class='ocrx_word' id='word_1_215' title='bbox 2252 2980 2316 3019; x_wconf 83' lang='lat' dir='ltr'><strong>ex</strong></span> 
     </span>
    </p>
   </div>
   <div class='ocr_carea' id='block_1_32' title="bbox 749 3055 2315 3134">
    <p class='ocr_par' dir='ltr' id='par_1_32' title="bbox 749 3055 2315 3134">
     <span class='ocr_line' id='line_1_32' title="bbox 749 3055 2315 3134; baseline 0 -20"><span class='ocrx_word' id='word_1_216' title='bbox 749 3065 947 3134; x_wconf 80' lang='lat' dir='ltr'><strong>pietate</strong></span> <span class='ocrx_word' id='word_1_217' title='bbox 974 3063 1170 3123; x_wconf 87' lang='lat' dir='ltr'><strong>inerat,</strong></span> <span class='ocrx_word' id='word_1_218' title='bbox 1194 3060 1244 3113; x_wconf 89' lang='lat' dir='ltr'><strong>id</strong></span> <span class='ocrx_word' id='word_1_219' title='bbox 1279 3057 1586 3128; x_wconf 82' lang='lat' dir='ltr'><strong>lerigasset,</strong></span> <span class='ocrx_word' id='word_1_220' title='bbox 1615 3065 1669 3111; x_wconf 86' lang='lat' dir='ltr'><strong>et</strong></span> <span class='ocrx_word' id='word_1_221' title='bbox 1707 3055 2132 3125; x_wconf 87' lang='lat' dir='ltr'><strong>complanasset,</strong></span> <span class='ocrx_word' id='word_1_222' title='bbox 2157 3069 2205 3112; x_wconf 92' lang='lat' dir='ltr'><strong>et</strong></span> <span class='ocrx_word' id='word_1_223' title='bbox 2235 3060 2315 3114; x_wconf 89' lang='lat' dir='ltr'><strong>eis</strong></span> 
     </span>
    </p>
   </div>
   <div class='ocr_carea' id='block_1_33' title="bbox 747 3148 2316 3222">
    <p class='ocr_par' dir='ltr' id='par_1_33' title="bbox 747 3148 2316 3222">
     <span class='ocr_line' id='line_1_33' title="bbox 747 3148 2316 3222; baseline -0.004 -12"><span class='ocrx_word' id='word_1_224' title='bbox 747 3157 940 3210; x_wconf 72' lang='lat' dir='ltr'><strong>anima:</strong></span> <span class='ocrx_word' id='word_1_225' title='bbox 980 3168 1168 3222; x_wconf 79' lang='lat' dir='ltr'><strong>agrum</strong></span> <span class='ocrx_word' id='word_1_226' title='bbox 1198 3151 1482 3212; x_wconf 90' lang='lat' dir='ltr'><strong>mundum,</strong></span> <span class='ocrx_word' id='word_1_227' title='bbox 1510 3157 1566 3202; x_wconf 90' lang='lat' dir='ltr'><strong>et</strong></span> <span class='ocrx_word' id='word_1_228' title='bbox 1591 3148 1654 3201; x_wconf 90' lang='lat' dir='ltr'><strong>ad</strong></span> <span class='ocrx_word' id='word_1_229' title='bbox 1685 3148 1900 3217; x_wconf 87' lang='lat' dir='ltr'><strong>pietatis</strong></span> <span class='ocrx_word' id='word_1_230' title='bbox 1925 3164 2108 3205; x_wconf 88' lang='lat' dir='ltr'><strong>semen</strong></span> <span class='ocrx_word' id='word_1_231' title='bbox 2143 3151 2316 3205; x_wconf 88' lang='lat' dir='ltr'><strong>susei-</strong></span> 
     </span>
    </p>
   </div>
   <div class='ocr_carea' id='block_1_34' title="bbox 2443 668 4006 744">
    <p class='ocr_par' dir='ltr' id='par_1_34' title="bbox 2443 668 4006 744">
     <span class='ocr_line' id='line_1_34' title="bbox 2443 668 4006 744; baseline 0.01 -24"><span class='ocrx_word' id='word_1_232' title='bbox 2443 671 2623 732; x_wconf 71' lang='grc' dir='ltr'>καὶιῖις</span> <span class='ocrx_word' id='word_1_233' title='bbox 2653 668 2767 740; x_wconf 79' lang='grc' dir='ltr'>εἶχε</span> <span class='ocrx_word' id='word_1_234' title='bbox 2796 675 2976 741; x_wconf 73' lang='grc' dir='ltr'>χειρὸς</span> <span class='ocrx_word' id='word_1_235' title='bbox 3009 677 3404 744; x_wconf 68' lang='grc' dir='ltr'>καὶδυνάμεως</span> <span class='ocrx_word' id='word_1_236' title='bbox 3433 681 3713 743; x_wconf 76' lang='grc' dir='ltr'>ἑστιάσας,</span> <span class='ocrx_word' id='word_1_237' title='bbox 3749 681 3869 734; x_wconf 72' lang='grc' dir='ltr'>εἶτα</span> <span class='ocrx_word' id='word_1_238' title='bbox 3894 685 4006 735; x_wconf 79' lang='grc' dir='ltr'>ἐαυ-</span> 
     </span>
    </p>
   </div>
   <div class='ocr_carea' id='block_1_35' title="bbox 2439 756 4003 840">
    <p class='ocr_par' dir='ltr' id='par_1_35' title="bbox 2439 756 4003 840">
     <span class='ocr_line' id='line_1_35' title="bbox 2439 756 4003 840; baseline 0.009 -30"><span class='ocrx_word' id='word_1_239' title='bbox 2439 759 2529 810; x_wconf 78' lang='grc' dir='ltr'><strong>τὸν</strong></span> <span class='ocrx_word' id='word_1_240' title='bbox 2583 756 2721 814; x_wconf 72' lang='grc' dir='ltr'>εἶναι</span> <span class='ocrx_word' id='word_1_241' title='bbox 2774 763 2866 814; x_wconf 82' lang='grc' dir='ltr'><strong>τὸν</strong></span> <span class='ocrx_word' id='word_1_242' title='bbox 2900 766 3160 832; x_wconf 67' lang='grc' dir='ltr'>Ἀνϐιμον</span> <span class='ocrx_word' id='word_1_243' title='bbox 3215 769 3584 834; x_wconf 73' lang='grc' dir='ltr'>ἀπαγγέλλει·</span> <span class='ocrx_word' id='word_1_244' title='bbox 3641 773 3780 840; x_wconf 71' lang='grc' dir='ltr'>ὅπερ</span> <span class='ocrx_word' id='word_1_245' title='bbox 3822 777 4003 824; x_wconf 75' lang='grc' dir='ltr'>ἐκεῖνοι</span> 
     </span>
    </p>
   </div>
   <div class='ocr_carea' id='block_1_36' title="bbox 2439 848 4002 924">
    <p class='ocr_par' dir='ltr' id='par_1_36' title="bbox 2439 848 4002 924">
     <span class='ocr_line' id='line_1_36' title="bbox 2439 848 4002 924; baseline 0.009 -25"><span class='ocrx_word' id='word_1_246' title='bbox 2439 848 2790 912; x_wconf 80' lang='grc' dir='ltr'>ἀκούσαντες,</span> <span class='ocrx_word' id='word_1_247' title='bbox 2827 851 3010 919; x_wconf 77' lang='grc' dir='ltr'>ὀλίγου</span> <span class='ocrx_word' id='word_1_248' title='bbox 3054 854 3162 905; x_wconf 82' lang='grc' dir='ltr'>δεῖν</span> <span class='ocrx_word' id='word_1_249' title='bbox 3190 857 3537 924; x_wconf 79' lang='grc' dir='ltr'>ἐπεπήγεσαν</span> <span class='ocrx_word' id='word_1_250' title='bbox 3583 861 3678 910; x_wconf 69' lang='grc' dir='ltr'><strong>καὶ</strong></span> <span class='ocrx_word' id='word_1_251' title='bbox 3710 861 3835 911; x_wconf 80' lang='grc' dir='ltr'>οὐδὲ</span> <span class='ocrx_word' id='word_1_252' title='bbox 3871 866 4002 912; x_wconf 73' lang='grc' dir='ltr'>αντι-</span> 
     </span>
    </p>
   </div>
   <div class='ocr_carea' id='block_1_37' title="bbox 2438 938 4002 1017">
    <p class='ocr_par' dir='ltr' id='par_1_37' title="bbox 2438 938 4002 1017">
     <span class='ocr_line' id='line_1_37' title="bbox 2438 938 4002 1017; baseline 0.009 -28"><span class='ocrx_word' id='word_1_253' title='bbox 2438 938 2657 991; x_wconf 75' lang='grc' dir='ltr'>ϐλέπειν</span> <span class='ocrx_word' id='word_1_254' title='bbox 2691 945 2769 1002; x_wconf 80' lang='grc' dir='ltr'><strong>είς</strong></span> <span class='ocrx_word' id='word_1_255' title='bbox 2821 943 2918 1011; x_wconf 84' lang='grc' dir='ltr'>τὴν</span> <span class='ocrx_word' id='word_1_256' title='bbox 2955 945 3171 996; x_wconf 73' lang='grc' dir='ltr'>ἐκείνου</span> <span class='ocrx_word' id='word_1_257' title='bbox 3214 947 3404 998; x_wconf 73' lang='grc' dir='ltr'>πολιὰν</span> <span class='ocrx_word' id='word_1_258' title='bbox 3446 949 3650 1016; x_wconf 74' lang='grc' dir='ltr'>ἴσχυον,</span> <span class='ocrx_word' id='word_1_259' title='bbox 3695 951 4002 1017; x_wconf 73' lang='grc' dir='ltr'>ἀναλογιζό-</span> 
     </span>
    </p>
   </div>
   <div class='ocr_carea' id='block_1_38' title="bbox 2439 1032 4001 1112">
    <p class='ocr_par' dir='ltr' id='par_1_38' title="bbox 2439 1032 4001 1112">
     <span class='ocr_line' id='line_1_38' title="bbox 2439 1032 4001 1112; baseline 0.009 -32"><span class='ocrx_word' id='word_1_260' title='bbox 2439 1046 2588 1098; x_wconf 87' lang='grc' dir='ltr'>μενοι</span> <span class='ocrx_word' id='word_1_261' title='bbox 2637 1032 2734 1100; x_wconf 81' lang='grc' dir='ltr'><strong>μὲν</strong></span> <span class='ocrx_word' id='word_1_262' title='bbox 2783 1033 2881 1102; x_wconf 71' lang='grc' dir='ltr'><strong>τὴν</strong></span> <span class='ocrx_word' id='word_1_263' title='bbox 2919 1036 3221 1102; x_wconf 75' lang='grc' dir='ltr'>τράπεζαν,</span> <span class='ocrx_word' id='word_1_264' title='bbox 3271 1039 3367 1090; x_wconf 80' lang='grc' dir='ltr'>καὶ</span> <span class='ocrx_word' id='word_1_265' title='bbox 3413 1041 3470 1090; x_wconf 75' lang='grc' dir='ltr'><strong>το</strong></span> <span class='ocrx_word' id='word_1_266' title='bbox 3516 1041 3755 1104; x_wconf 85' lang='grc' dir='ltr'>δεῖπνον,</span> <span class='ocrx_word' id='word_1_267' title='bbox 3793 1045 3886 1094; x_wconf 74' lang='grc' dir='ltr'><strong>καὶ</strong></span> <span class='ocrx_word' id='word_1_268' title='bbox 3915 1049 4001 1112; x_wconf 72' lang='grc' dir='ltr'>τὴν</span> 
     </span>
    </p>
   </div>
   <div class='ocr_carea' id='block_1_39' title="bbox 2438 1120 4001 1202">
    <p class='ocr_par' dir='ltr' id='par_1_39' title="bbox 2438 1120 4001 1202">
     <span class='ocr_line' id='line_1_39' title="bbox 2438 1120 4001 1202; baseline 0.01 -31"><span class='ocrx_word' id='word_1_269' title='bbox 2438 1120 2637 1184; x_wconf 79' lang='grc' dir='ltr'>ξενίαν.</span> <span class='ocrx_word' id='word_1_270' title='bbox 2684 1122 3108 1194; x_wconf 74' lang='grc' dir='ltr'>ἘνΟυμούμενοι</span> <span class='ocrx_word' id='word_1_271' title='bbox 3133 1127 3187 1178; x_wconf 82' lang='grc' dir='ltr'><strong>δὲ</strong></span> <span class='ocrx_word' id='word_1_272' title='bbox 3225 1129 3406 1191; x_wconf 79' lang='grc' dir='ltr'>πάλιν,</span> <span class='ocrx_word' id='word_1_273' title='bbox 3446 1131 3567 1183; x_wconf 81' lang='grc' dir='ltr'>ὅτου</span> <span class='ocrx_word' id='word_1_274' title='bbox 3607 1133 3773 1185; x_wconf 78' lang='grc' dir='ltr'>ἓνεκα</span> <span class='ocrx_word' id='word_1_275' title='bbox 3811 1136 3902 1185; x_wconf 76' lang='grc' dir='ltr'><strong>καὶ</strong></span> <span class='ocrx_word' id='word_1_276' title='bbox 3929 1136 4001 1202; x_wconf 75' lang='grc' dir='ltr'><strong>ἐφ’</strong></span> 
     </span>
    </p>
   </div>
   <div class='ocr_carea' id='block_1_40' title="bbox 2434 1213 4003 1294">
    <p class='ocr_par' dir='ltr' id='par_1_40' title="bbox 2434 1213 4003 1294">
     <span class='ocr_line' id='line_1_40' title="bbox 2434 1213 4003 1294; baseline 0.01 -31"><span class='ocrx_word' id='word_1_277' title='bbox 2434 1213 2539 1282; x_wconf 82' lang='grc' dir='ltr'><strong>ὅτῳ</strong></span> <span class='ocrx_word' id='word_1_278' title='bbox 2569 1215 2816 1283; x_wconf 74' lang='grc' dir='ltr'>μέλλοιεν</span> <span class='ocrx_word' id='word_1_279' title='bbox 2844 1216 3006 1268; x_wconf 79' lang='grc' dir='ltr'>αὐτὸν</span> <span class='ocrx_word' id='word_1_280' title='bbox 3039 1218 3189 1287; x_wconf 80' lang='grc' dir='ltr'><strong>παρά</strong></span> <span class='ocrx_word' id='word_1_281' title='bbox 3214 1220 3555 1289; x_wconf 74' lang='grc' dir='ltr'>Μαξιμιανδν</span> <span class='ocrx_word' id='word_1_282' title='bbox 3574 1226 3831 1292; x_wconf 76' lang='grc' dir='ltr'><strong>ἀγαγεῖν,</strong></span> <span class='ocrx_word' id='word_1_283' title='bbox 3858 1227 4003 1294; x_wconf 67' lang='grc' dir='ltr'>δῆλον</span> 
     </span>
    </p>
   </div>
   <div class='ocr_carea' id='block_1_41' title="bbox 2434 1305 4003 1386">
    <p class='ocr_par' dir='ltr' id='par_1_41' title="bbox 2434 1305 4003 1386">
     <span class='ocr_line' id='line_1_41' title="bbox 2434 1305 4003 1386; baseline 0.008 -31"><span class='ocrx_word' id='word_1_284' title='bbox 2434 1307 2672 1368; x_wconf 76' lang='grc' dir='ltr'>πάντως,</span> <span class='ocrx_word' id='word_1_285' title='bbox 2706 1305 2780 1368; x_wconf 86' lang='grc' dir='ltr'>ὼς</span> <span class='ocrx_word' id='word_1_286' title='bbox 2834 1308 2924 1358; x_wconf 81' lang='grc' dir='ltr'>ἐπὶ</span> <span class='ocrx_word' id='word_1_287' title='bbox 2957 1312 3146 1370; x_wconf 81' lang='grc' dir='ltr'>κακοῖς</span> <span class='ocrx_word' id='word_1_288' title='bbox 3185 1311 3433 1378; x_wconf 78' lang='grc' dir='ltr'><strong>ἐσχάτοις</strong></span> <span class='ocrx_word' id='word_1_289' title='bbox 3466 1313 3556 1364; x_wconf 77' lang='grc' dir='ltr'>καὶ</span> <span class='ocrx_word' id='word_1_290' title='bbox 3598 1317 4003 1386; x_wconf 73' lang='grc' dir='ltr'>ὁμολογουμένῃ</span> 
     </span>
    </p>
   </div>
   <div class='ocr_carea' id='block_1_42' title="bbox 2434 1397 4001 1477">
    <p class='ocr_par' dir='ltr' id='par_1_42' title="bbox 2434 1397 4001 1477">
     <span class='ocr_line' id='line_1_42' title="bbox 2434 1397 4001 1477; baseline 0.005 -25"><span class='ocrx_word' id='word_1_291' title='bbox 2434 1397 2706 1466; x_wconf 76' lang='grc' dir='ltr'><strong>τιμωρίᾳ·</strong></span> <span class='ocrx_word' id='word_1_292' title='bbox 2738 1397 2764 1450; x_wconf 81' lang='grc' dir='ltr'><strong>ὃ</strong></span> <span class='ocrx_word' id='word_1_293' title='bbox 2800 1399 2863 1469; x_wconf 81' lang='grc' dir='ltr'>δὴ</span> <span class='ocrx_word' id='word_1_294' title='bbox 2898 1402 2990 1452; x_wconf 75' lang='grc' dir='ltr'><strong>καὶ</strong></span> <span class='ocrx_word' id='word_1_295' title='bbox 3026 1401 3228 1468; x_wconf 73' lang='grc' dir='ltr'>μᾶλλον</span> <span class='ocrx_word' id='word_1_296' title='bbox 3258 1402 3447 1457; x_wconf 82' lang='grc' dir='ltr'><strong>ἐλύπει</strong></span> <span class='ocrx_word' id='word_1_297' title='bbox 3477 1422 3534 1456; x_wconf 86' lang='grc' dir='ltr'><strong>τε</strong></span> <span class='ocrx_word' id='word_1_298' title='bbox 3563 1408 3742 1458; x_wconf 62' lang='grc' dir='ltr'>αὐτῶν</span> <span class='ocrx_word' id='word_1_299' title='bbox 3773 1414 3872 1470; x_wconf 73' lang='grc' dir='ltr'><strong>τας</strong></span> <span class='ocrx_word' id='word_1_300' title='bbox 3910 1411 4001 1477; x_wconf 64' lang='grc' dir='ltr'><strong>ψο-</strong></span> 
     </span>
    </p>
   </div>
   <div class='ocr_carea' id='block_1_43' title="bbox 2431 1491 4002 1573">
    <p class='ocr_par' dir='ltr' id='par_1_43' title="bbox 2431 1491 4002 1573">
     <span class='ocr_line' id='line_1_43' title="bbox 2431 1491 4002 1573; baseline 0.008 -34"><span class='ocrx_word' id='word_1_301' title='bbox 2431 1492 2528 1558; x_wconf 67' lang='grc' dir='ltr'><strong>χάς</strong></span> <span class='ocrx_word' id='word_1_302' title='bbox 2556 1491 2809 1560; x_wconf 74' lang='grc' dir='ltr'>καὶπρὸς</span> <span class='ocrx_word' id='word_1_303' title='bbox 2846 1491 2934 1543; x_wconf 78' lang='grc' dir='ltr'><strong>τὸν</strong></span> <span class='ocrx_word' id='word_1_304' title='bbox 2991 1494 3250 1563; x_wconf 78' lang='grc' dir='ltr'>Ἀνθιμον</span> <span class='ocrx_word' id='word_1_305' title='bbox 3288 1495 3469 1560; x_wconf 79' lang='grc' dir='ltr'>αἰδοῦς</span> <span class='ocrx_word' id='word_1_306' title='bbox 3499 1499 3795 1552; x_wconf 85' lang='grc' dir='ltr'>ἀνεπίπλα.</span> <span class='ocrx_word' id='word_1_307' title='bbox 3831 1503 4002 1573; x_wconf 74' lang='grc' dir='ltr'>Ταύτῃ</span> 
     </span>
    </p>
   </div>
   <div class='ocr_carea' id='block_1_44' title="bbox 2430 1583 3999 1661">
    <p class='ocr_par' dir='ltr' id='par_1_44' title="bbox 2430 1583 3999 1661">
     <span class='ocr_line' id='line_1_44' title="bbox 2430 1583 3999 1661; baseline 0.009 -29"><span class='ocrx_word' id='word_1_308' title='bbox 2430 1596 2511 1632; x_wconf 87' lang='grc' dir='ltr'><strong>τοι</strong></span> <span class='ocrx_word' id='word_1_309' title='bbox 2545 1583 2638 1633; x_wconf 82' lang='grc' dir='ltr'><strong>καὶ</strong></span> <span class='ocrx_word' id='word_1_310' title='bbox 2677 1585 2925 1653; x_wconf 78' lang='grc' dir='ltr'>μηνυτὴν</span> <span class='ocrx_word' id='word_1_311' title='bbox 2953 1586 3046 1637; x_wconf 84' lang='grc' dir='ltr'><strong>τοῦ</strong></span> <span class='ocrx_word' id='word_1_312' title='bbox 3071 1585 3266 1655; x_wconf 78' lang='grc' dir='ltr'>ἀνδρὸς</span> <span class='ocrx_word' id='word_1_313' title='bbox 3297 1587 3499 1658; x_wconf 72' lang='grc' dir='ltr'>ἀψευδῆ</span> <span class='ocrx_word' id='word_1_314' title='bbox 3528 1590 3586 1641; x_wconf 84' lang='grc' dir='ltr'><strong>τὸ</strong></span> <span class='ocrx_word' id='word_1_315' title='bbox 3611 1592 3828 1642; x_wconf 80' lang='grc' dir='ltr'>ἐκείνου</span> <span class='ocrx_word' id='word_1_316' title='bbox 3860 1595 3999 1661; x_wconf 76' lang='grc' dir='ltr'>ἔχον-</span> 
     </span>
    </p>
   </div>
   <div class='ocr_carea' id='block_1_45' title="bbox 2428 1675 4003 1754">
    <p class='ocr_par' dir='ltr' id='par_1_45' title="bbox 2428 1675 4003 1754">
     <span class='ocr_line' id='line_1_45' title="bbox 2428 1675 4003 1754; baseline 0.01 -31"><span class='ocrx_word' id='word_1_317' title='bbox 2428 1689 2516 1733; x_wconf 83' lang='grc' dir='ltr'><strong>τες</strong></span> <span class='ocrx_word' id='word_1_318' title='bbox 2547 1675 2724 1742; x_wconf 88' lang='grc' dir='ltr'>στόμα</span> <span class='ocrx_word' id='word_1_319' title='bbox 2767 1676 2862 1728; x_wconf 71' lang='grc' dir='ltr'><strong>καὶ</strong></span> <span class='ocrx_word' id='word_1_320' title='bbox 2893 1675 2967 1738; x_wconf 84' lang='grc' dir='ltr'>ὡς</span> <span class='ocrx_word' id='word_1_321' title='bbox 2999 1677 3161 1738; x_wconf 78' lang='grc' dir='ltr'>αὐτὸς</span> <span class='ocrx_word' id='word_1_322' title='bbox 3197 1679 3454 1750; x_wconf 77' lang='grc' dir='ltr'>Ἀνθιμος</span> <span class='ocrx_word' id='word_1_323' title='bbox 3487 1682 3571 1751; x_wconf 74' lang='grc' dir='ltr'>εἴη</span> <span class='ocrx_word' id='word_1_324' title='bbox 3603 1685 3756 1752; x_wconf 85' lang='grc' dir='ltr'><strong>παρά</strong></span> <span class='ocrx_word' id='word_1_325' title='bbox 3790 1685 3888 1754; x_wconf 75' lang='grc' dir='ltr'>τῆς</span> <span class='ocrx_word' id='word_1_326' title='bbox 3917 1689 4003 1738; x_wconf 78' lang='grc' dir='ltr'><strong>αὺ-</strong></span> 
     </span>
    </p>
   </div>
   <div class='ocr_carea' id='block_1_46' title="bbox 2426 1765 4001 1844">
    <p class='ocr_par' dir='ltr' id='par_1_46' title="bbox 2426 1765 4001 1844">
     <span class='ocr_line' id='line_1_46' title="bbox 2426 1765 4001 1844; baseline 0.01 -27"><span class='ocrx_word' id='word_1_327' title='bbox 2426 1765 2519 1819; x_wconf 88' lang='grc' dir='ltr'><strong>τοῦ</strong></span> <span class='ocrx_word' id='word_1_328' title='bbox 2552 1767 2798 1837; x_wconf 78' lang='grc' dir='ltr'><strong>γλώττης</strong></span> <span class='ocrx_word' id='word_1_329' title='bbox 2830 1771 3214 1838; x_wconf 70' lang='grc' dir='ltr'>μανθάνοντες,</span> <span class='ocrx_word' id='word_1_330' title='bbox 3272 1775 3422 1841; x_wconf 78' lang='grc' dir='ltr'>ὅμως</span> <span class='ocrx_word' id='word_1_331' title='bbox 3479 1777 3712 1844; x_wconf 63' lang='grc' dir='ltr'>ἠφίεσάν</span> <span class='ocrx_word' id='word_1_332' title='bbox 3758 1796 3819 1831; x_wconf 90' lang='grc' dir='ltr'><strong>τε</strong></span> <span class='ocrx_word' id='word_1_333' title='bbox 3850 1782 4001 1833; x_wconf 65' lang='grc' dir='ltr'>αὐτὸν</span> 
     </span>
    </p>
   </div>
   <div class='ocr_carea' id='block_1_47' title="bbox 2427 1861 3998 1942">
    <p class='ocr_par' dir='ltr' id='par_1_47' title="bbox 2427 1861 3998 1942">
     <span class='ocr_line' id='line_1_47' title="bbox 2427 1861 3998 1942; baseline 0.008 -30"><span class='ocrx_word' id='word_1_334' title='bbox 2427 1861 2643 1922; x_wconf 82' lang='grc' dir='ltr'>ἑκόντες</span> <span class='ocrx_word' id='word_1_335' title='bbox 2677 1862 2772 1914; x_wconf 71' lang='grc' dir='ltr'><strong>καὶ</strong></span> <span class='ocrx_word' id='word_1_336' title='bbox 2805 1863 3110 1932; x_wconf 82' lang='grc' dir='ltr'>ὑποχωρεῖν</span> <span class='ocrx_word' id='word_1_337' title='bbox 3146 1865 3573 1934; x_wconf 73' lang='grc' dir='ltr'>προετρέποντο·</span> <span class='ocrx_word' id='word_1_338' title='bbox 3616 1870 3842 1938; x_wconf 69' lang='grc' dir='ltr'>ἧδεισαν</span> <span class='ocrx_word' id='word_1_339' title='bbox 3878 1875 3998 1942; x_wconf 68' lang='grc' dir='ltr'>γὰρ,</span> 
     </span>
    </p>
   </div>
   <div class='ocr_carea' id='block_1_48' title="bbox 2423 1950 3998 2027">
    <p class='ocr_par' dir='ltr' id='par_1_48' title="bbox 2423 1950 3998 2027">
     <span class='ocr_line' id='line_1_48' title="bbox 2423 1950 3998 2027; baseline 0.006 -23"><span class='ocrx_word' id='word_1_340' title='bbox 2423 1950 2498 2014; x_wconf 84' lang='grc' dir='ltr'>ὡς</span> <span class='ocrx_word' id='word_1_341' title='bbox 2547 1953 2700 2005; x_wconf 88' lang='grc' dir='ltr'>οὐδὲν</span> <span class='ocrx_word' id='word_1_342' title='bbox 2741 1954 2980 2022; x_wconf 75' lang='grc' dir='ltr'>χρηστὸν</span> <span class='ocrx_word' id='word_1_343' title='bbox 3039 1955 3136 2024; x_wconf 83' lang='grc' dir='ltr'>τῆς</span> <span class='ocrx_word' id='word_1_344' title='bbox 3169 1956 3317 2025; x_wconf 82' lang='grc' dir='ltr'>παρὰ</span> <span class='ocrx_word' id='word_1_345' title='bbox 3367 1957 3715 2025; x_wconf 77' lang='grc' dir='ltr'>Μαξιμιανοῦ</span> <span class='ocrx_word' id='word_1_346' title='bbox 3771 1964 3998 2027; x_wconf 63' lang='grc' dir='ltr'>ἀφίξεως</span> 
     </span>
    </p>
   </div>
   <div class='ocr_carea' id='block_1_49' title="bbox 2421 2045 3996 2118">
    <p class='ocr_par' dir='ltr' id='par_1_49' title="bbox 2421 2045 3996 2118">
     <span class='ocr_line' id='line_1_49' title="bbox 2421 2045 3996 2118; baseline 0.006 -22"><span class='ocrx_word' id='word_1_347' title='bbox 2421 2045 2737 2098; x_wconf 70' lang='grc' dir='ltr'>ἀπολαύσοι.</span> <span class='ocrx_word' id='word_1_348' title='bbox 2779 2047 2937 2116; x_wconf 84' lang='grc' dir='ltr'>Ἡμῖν</span> <span class='ocrx_word' id='word_1_349' title='bbox 2959 2046 3012 2099; x_wconf 83' lang='grc' dir='ltr'>δὲ</span> <span class='ocrx_word' id='word_1_350' title='bbox 3043 2047 3280 2117; x_wconf 81' lang='grc' dir='ltr'><strong>ἀπόχρη,</strong></span> <span class='ocrx_word' id='word_1_351' title='bbox 3311 2047 3540 2114; x_wconf 79' lang='grc' dir='ltr'>ἔφασαν,</span> <span class='ocrx_word' id='word_1_352' title='bbox 3573 2052 3653 2112; x_wconf 85' lang='grc' dir='ltr'><strong>είς</strong></span> <span class='ocrx_word' id='word_1_353' title='bbox 3684 2053 3996 2118; x_wconf 77' lang='grc' dir='ltr'>ἀπολογίαν,</span> 
     </span>
    </p>
   </div>
   <div class='ocr_carea' id='block_1_50' title="bbox 2418 2137 3997 2214">
    <p class='ocr_par' dir='ltr' id='par_1_50' title="bbox 2418 2137 3997 2214">
     <span class='ocr_line' id='line_1_50' title="bbox 2418 2137 3997 2214; baseline 0.006 -24"><span class='ocrx_word' id='word_1_354' title='bbox 2418 2137 2479 2190; x_wconf 75' lang='grc' dir='ltr'>τὸ</span> <span class='ocrx_word' id='word_1_355' title='bbox 2511 2137 2681 2190; x_wconf 73' lang='grc' dir='ltr'>πολλὰ</span> <span class='ocrx_word' id='word_1_356' title='bbox 2714 2139 2813 2207; x_wconf 80' lang='grc' dir='ltr'><strong>μὲν</strong></span> <span class='ocrx_word' id='word_1_357' title='bbox 2844 2140 2935 2190; x_wconf 76' lang='grc' dir='ltr'><strong>τὸν</strong></span> <span class='ocrx_word' id='word_1_358' title='bbox 2961 2140 3222 2210; x_wconf 80' lang='grc' dir='ltr'>Ἀνοιμον</span> <span class='ocrx_word' id='word_1_359' title='bbox 3247 2143 3347 2194; x_wconf 73' lang='grc' dir='ltr'><strong>ἀνα</strong></span> <span class='ocrx_word' id='word_1_360' title='bbox 3383 2143 3481 2212; x_wconf 74' lang='grc' dir='ltr'>τὴν</span> <span class='ocrx_word' id='word_1_361' title='bbox 3505 2145 3873 2214; x_wconf 71' lang='grc' dir='ltr'><strong>Νικομηδέων</strong></span> <span class='ocrx_word' id='word_1_362' title='bbox 3901 2151 3997 2200; x_wconf 72' lang='grc' dir='ltr'><strong>πᾶ-</strong></span> 
     </span>
    </p>
   </div>
   <div class='ocr_carea' id='block_1_51' title="bbox 2422 2230 3994 2306">
    <p class='ocr_par' dir='ltr' id='par_1_51' title="bbox 2422 2230 3994 2306">
     <span class='ocr_line' id='line_1_51' title="bbox 2422 2230 3994 2306; baseline 0.006 -25"><span class='ocrx_word' id='word_1_363' title='bbox 2422 2247 2519 2282; x_wconf 87' lang='grc' dir='ltr'><strong>σαν</strong></span> <span class='ocrx_word' id='word_1_364' title='bbox 2556 2230 2814 2301; x_wconf 75' lang='grc' dir='ltr'>ζητῆσαι,</span> <span class='ocrx_word' id='word_1_365' title='bbox 2846 2234 2992 2301; x_wconf 84' lang='grc' dir='ltr'>ὅμως</span> <span class='ocrx_word' id='word_1_366' title='bbox 3019 2233 3076 2284; x_wconf 85' lang='grc' dir='ltr'><strong>δὲ</strong></span> <span class='ocrx_word' id='word_1_367' title='bbox 3115 2235 3188 2302; x_wconf 79' lang='grc' dir='ltr'>μὴ</span> <span class='ocrx_word' id='word_1_368' title='bbox 3219 2235 3513 2305; x_wconf 74' lang='grc' dir='ltr'>δυνηθῆναι</span> <span class='ocrx_word' id='word_1_369' title='bbox 3550 2239 3830 2306; x_wconf 86' lang='grc' dir='ltr'>ἀνευρεῖν.</span> <span class='ocrx_word' id='word_1_370' title='bbox 3859 2242 3994 2292; x_wconf 79' lang='grc' dir='ltr'>Ἀλλ’</span> 
     </span>
    </p>
   </div>
   <div class='ocr_carea' id='block_1_52' title="bbox 2420 2324 3996 2400">
    <p class='ocr_par' dir='ltr' id='par_1_52' title="bbox 2420 2324 3996 2398">
     <span class='ocr_line' id='line_1_52' title="bbox 2420 2324 3996 2398; baseline 0.008 -24"><span class='ocrx_word' id='word_1_371' title='bbox 2420 2324 2452 2391; x_wconf 82' lang='grc' dir='ltr'>ἡ</span> <span class='ocrx_word' id='word_1_372' title='bbox 2497 2325 2603 2376; x_wconf 71' lang='grc' dir='ltr'><strong>τῶν</strong></span> <span class='ocrx_word' id='word_1_373' title='bbox 2636 2324 2863 2376; x_wconf 75' lang='grc' dir='ltr'>ἐντολῶν</span> <span class='ocrx_word' id='word_1_374' title='bbox 2918 2325 3011 2376; x_wconf 85' lang='grc' dir='ltr'><strong>τοῦ</strong></span> <span class='ocrx_word' id='word_1_375' title='bbox 3044 2325 3179 2376; x_wconf 84' lang='grc' dir='ltr'>Θεοῦ</span> <span class='ocrx_word' id='word_1_376' title='bbox 3213 2327 3433 2395; x_wconf 77' lang='grc' dir='ltr'><strong>μελέτη,</strong></span> <span class='ocrx_word' id='word_1_377' title='bbox 3475 2331 3502 2380; x_wconf 78' lang='grc' dir='ltr'>ὁ</span> <span class='ocrx_word' id='word_1_378' title='bbox 3536 2331 3682 2398; x_wconf 72' lang='grc' dir='ltr'>ἱερὸς</span> <span class='ocrx_word' id='word_1_379' title='bbox 3738 2335 3834 2385; x_wconf 76' lang='grc' dir='ltr'><strong>τοῦ</strong></span> <span class='ocrx_word' id='word_1_380' title='bbox 3865 2334 3996 2385; x_wconf 81' lang='grc' dir='ltr'>Θεοῦ</span> 
     </span>
    </p>
   </div>
   <div class='ocr_carea' id='block_1_53' title="bbox 2423 2415 3999 2498">
    <p class='ocr_par' dir='ltr' id='par_1_53' title="bbox 2423 2415 3999 2498">
     <span class='ocr_line' id='line_1_53' title="bbox 2423 2415 3999 2498; baseline 0.008 -30"><span class='ocrx_word' id='word_1_381' title='bbox 2423 2416 2707 2484; x_wconf 75' lang='grc' dir='ltr'>’Λνθιμος,</span> <span class='ocrx_word' id='word_1_382' title='bbox 2741 2415 2920 2469; x_wconf 81' lang='grc' dir='ltr'>λαλεῖν</span> <span class='ocrx_word' id='word_1_383' title='bbox 2947 2417 3203 2486; x_wconf 71' lang='grc' dir='ltr'>ἀλήθειαν</span> <span class='ocrx_word' id='word_1_384' title='bbox 3232 2421 3286 2468; x_wconf 79' lang='grc' dir='ltr'><strong>εν</strong></span> <span class='ocrx_word' id='word_1_385' title='bbox 3309 2421 3505 2490; x_wconf 77' lang='grc' dir='ltr'>καρδία</span> <span class='ocrx_word' id='word_1_386' title='bbox 3533 2424 3741 2488; x_wconf 75' lang='grc' dir='ltr'>πάντας</span> <span class='ocrx_word' id='word_1_387' title='bbox 3772 2444 3999 2498; x_wconf 74' lang='grc' dir='ltr'>προτρε-</span> 
     </span>
    </p>
   </div>
   <div class='ocr_carea' id='block_1_54' title="bbox 2419 2506 3999 2583">
    <p class='ocr_par' dir='ltr' id='par_1_54' title="bbox 2419 2506 3999 2583">
     <span class='ocr_line' id='line_1_54' title="bbox 2419 2506 3999 2583; baseline 0.008 -26"><span class='ocrx_word' id='word_1_388' title='bbox 2419 2506 2655 2574; x_wconf 76' lang='grc' dir='ltr'>πόμενος</span> <span class='ocrx_word' id='word_1_389' title='bbox 2685 2508 2778 2557; x_wconf 77' lang='grc' dir='ltr'><strong>καὶ</strong></span> <span class='ocrx_word' id='word_1_390' title='bbox 2808 2506 3099 2570; x_wconf 69' lang='grc' dir='ltr'>διδάσκων,</span> <span class='ocrx_word' id='word_1_391' title='bbox 3127 2508 3356 2571; x_wconf 80' lang='grc' dir='ltr'>ἐκείνοις</span> <span class='ocrx_word' id='word_1_392' title='bbox 3401 2512 3534 2579; x_wconf 82' lang='grc' dir='ltr'>μηδὲ</span> <span class='ocrx_word' id='word_1_393' title='bbox 3582 2516 3638 2566; x_wconf 80' lang='grc' dir='ltr'>ὲν</span> <span class='ocrx_word' id='word_1_394' title='bbox 3671 2520 3863 2583; x_wconf 84' lang='grc' dir='ltr'>μόνοις</span> <span class='ocrx_word' id='word_1_395' title='bbox 3893 2523 3999 2576; x_wconf 83' lang='grc' dir='ltr'>τοῖς</span> 
     </span>
    </p>
   </div>
   <div class='ocr_carea' id='block_1_55' title="bbox 2417 2597 3998 2670">
    <p class='ocr_par' dir='ltr' id='par_1_55' title="bbox 2417 2597 3998 2670">
     <span class='ocr_line' id='line_1_55' title="bbox 2417 2597 3998 2670; baseline 0.008 -22"><span class='ocrx_word' id='word_1_396' title='bbox 2417 2599 2619 2667; x_wconf 81' lang='grc' dir='ltr'>χείλεσι</span> <span class='ocrx_word' id='word_1_397' title='bbox 2653 2597 2957 2666; x_wconf 65' lang='grc' dir='ltr'>ψεύσασθαι</span> <span class='ocrx_word' id='word_1_398' title='bbox 3009 2597 3075 2651; x_wconf 84' lang='grc' dir='ltr'>δι’</span> <span class='ocrx_word' id='word_1_399' title='bbox 3121 2599 3284 2650; x_wconf 83' lang='grc' dir='ltr'>αὐτὸν</span> <span class='ocrx_word' id='word_1_400' title='bbox 3324 2600 3673 2670; x_wconf 73' lang='grc' dir='ltr'>ἀνεχόμενος,</span> <span class='ocrx_word' id='word_1_401' title='bbox 3733 2607 3912 2668; x_wconf 79' lang='grc' dir='ltr'>ἄλλως</span> <span class='ocrx_word' id='word_1_402' title='bbox 3949 2611 3998 2661; x_wconf 75' lang='grc' dir='ltr'>δὲ</span> 
     </span>
    </p>
   </div>
   <div class='ocr_carea' id='block_1_56' title="bbox 2418 2688 4000 2770">
    <p class='ocr_par' dir='ltr' id='par_1_56' title="bbox 2418 2688 4000 2770">
     <span class='ocr_line' id='line_1_56' title="bbox 2418 2688 4000 2770; baseline 0.021 -51"><span class='ocrx_word' id='word_1_403' title='bbox 2418 2690 2512 2740; x_wconf 54' lang='grc' dir='ltr'><strong>καὶ</strong></span> <span class='ocrx_word' id='word_1_404' title='bbox 2539 2690 2627 2739; x_wconf 52' lang='grc' dir='ltr'><strong>τω</strong></span> <span class='ocrx_word' id='word_1_405' title='bbox 2666 2689 2805 2756; x_wconf 68' lang='grc' dir='ltr'>ὑπὲρ</span> <span class='ocrx_word' id='word_1_406' title='bbox 2862 2688 3099 2757; x_wconf 77' lang='grc' dir='ltr'>Χριστοῦ</span> <span class='ocrx_word' id='word_1_407' title='bbox 3150 2690 3318 2758; x_wconf 67' lang='grc' dir='ltr'>διψῶν</span> <span class='ocrx_word' id='word_1_408' title='bbox 3373 2692 3618 2758; x_wconf 82' lang='grc' dir='ltr'>θάνατον,</span> <span class='ocrx_word' id='word_1_409' title='bbox 3653 2702 4000 2770; x_wconf 76' lang='grc' dir='ltr'>συναπήρετο</span> 
     </span>
    </p>
   </div>
   <div class='ocr_carea' id='block_1_57' title="bbox 2419 2784 4000 2860">
    <p class='ocr_par' dir='ltr' id='par_1_57' title="bbox 2419 2784 4000 2860">
     <span class='ocr_line' id='line_1_57' title="bbox 2419 2784 4000 2860; baseline 0.009 -25"><span class='ocrx_word' id='word_1_410' title='bbox 2419 2785 2602 2846; x_wconf 77' lang='grc' dir='ltr'>αὐτοῖς</span> <span class='ocrx_word' id='word_1_411' title='bbox 2633 2785 2841 2836; x_wconf 76' lang='grc' dir='ltr'>ἐκεῖθεν</span> <span class='ocrx_word' id='word_1_412' title='bbox 2875 2785 2969 2835; x_wconf 75' lang='grc' dir='ltr'><strong>καὶ</strong></span> <span class='ocrx_word' id='word_1_413' title='bbox 3032 2784 3154 2836; x_wconf 85' lang='grc' dir='ltr'>ὁδοῦ</span> <span class='ocrx_word' id='word_1_414' title='bbox 3215 2785 3410 2852; x_wconf 72' lang='grc' dir='ltr'>εἴχετο.</span> <span class='ocrx_word' id='word_1_415' title='bbox 3472 2790 3650 2844; x_wconf 75' lang='grc' dir='ltr'>Πολλὰ</span> <span class='ocrx_word' id='word_1_416' title='bbox 3699 2795 3757 2846; x_wconf 79' lang='grc' dir='ltr'>δὲ</span> <span class='ocrx_word' id='word_1_417' title='bbox 3793 2798 4000 2860; x_wconf 72' lang='grc' dir='ltr'>τοὺτοις</span> 
     </span>
    </p>
   </div>
   <div class='ocr_carea' id='block_1_58' title="bbox 2421 2875 4013 2951">
    <p class='ocr_par' dir='ltr' id='par_1_58' title="bbox 2421 2875 4013 2951">
     <span class='ocr_line' id='line_1_58' title="bbox 2421 2875 4013 2951; baseline 0.007 -24"><span class='ocrx_word' id='word_1_418' title='bbox 2421 2876 2556 2942; x_wconf 69' lang='grc' dir='ltr'>πρὸς</span> <span class='ocrx_word' id='word_1_419' title='bbox 2590 2875 2876 2927; x_wconf 77' lang='grc' dir='ltr'>εὐσέϐειαν</span> <span class='ocrx_word' id='word_1_420' title='bbox 2900 2878 3238 2945; x_wconf 77' lang='grc' dir='ltr'>παραινέσας</span> <span class='ocrx_word' id='word_1_421' title='bbox 3276 2881 3368 2930; x_wconf 68' lang='grc' dir='ltr'><strong>καὶ</strong></span> <span class='ocrx_word' id='word_1_422' title='bbox 3396 2884 3525 2949; x_wconf 69' lang='grc' dir='ltr'>περὶ</span> <span class='ocrx_word' id='word_1_423' title='bbox 3550 2884 3658 2933; x_wconf 79' lang='grc' dir='ltr'><strong>τῶν</strong></span> <span class='ocrx_word' id='word_1_424' title='bbox 3695 2887 4013 2951; x_wconf 76' lang='grc' dir='ltr'>μελλόντων·</span> 
     </span>
    </p>
   </div>
   <div class='ocr_carea' id='block_1_59' title="bbox 2416 2965 4002 3042">
    <p class='ocr_par' dir='ltr' id='par_1_59' title="bbox 2416 2965 4002 3042">
     <span class='ocr_line' id='line_1_59' title="bbox 2416 2965 4002 3042; baseline 0.009 -25"><span class='ocrx_word' id='word_1_425' title='bbox 2416 2965 2704 3029; x_wconf 77' lang='grc' dir='ltr'>διεξελθὼν</span> <span class='ocrx_word' id='word_1_426' title='bbox 2744 2969 2834 3019; x_wconf 78' lang='grc' dir='ltr'><strong>καὶ</strong></span> <span class='ocrx_word' id='word_1_427' title='bbox 2870 2969 2976 3020; x_wconf 77' lang='grc' dir='ltr'>πᾶν</span> <span class='ocrx_word' id='word_1_428' title='bbox 3012 2970 3064 3020; x_wconf 77' lang='grc' dir='ltr'><strong>εί</strong></span> <span class='ocrx_word' id='word_1_429' title='bbox 3094 2985 3144 3020; x_wconf 85' lang='grc' dir='ltr'><strong>τι</strong></span> <span class='ocrx_word' id='word_1_430' title='bbox 3182 2969 3417 3040; x_wconf 61' lang='grc' dir='ltr'>σκληρὸν</span> <span class='ocrx_word' id='word_1_431' title='bbox 3449 2973 3557 3024; x_wconf 76' lang='grc' dir='ltr'>ἀπὸ</span> <span class='ocrx_word' id='word_1_432' title='bbox 3592 2974 3691 3040; x_wconf 69' lang='grc' dir='ltr'>τῆς</span> <span class='ocrx_word' id='word_1_433' title='bbox 3747 2978 4002 3042; x_wconf 70' lang='grc' dir='ltr'>ἀσεϐείας</span> 
     </span>
    </p>
   </div>
   <div class='ocr_carea' id='block_1_60' title="bbox 2418 3060 4001 3132">
    <p class='ocr_par' dir='ltr' id='par_1_60' title="bbox 2418 3060 4001 3132">
     <span class='ocr_line' id='line_1_60' title="bbox 2418 3060 4001 3132; baseline 0.007 -19"><span class='ocrx_word' id='word_1_434' title='bbox 2418 3060 2598 3121; x_wconf 85' lang='grc' dir='ltr'>αὐτοῖς</span> <span class='ocrx_word' id='word_1_435' title='bbox 2634 3061 2665 3132; x_wconf 83' lang='grc' dir='ltr'>ἢ</span> <span class='ocrx_word' id='word_1_436' title='bbox 2699 3061 2995 3113; x_wconf 74' lang='grc' dir='ltr'>ἀντίτυπον</span> <span class='ocrx_word' id='word_1_437' title='bbox 3046 3062 3345 3132; x_wconf 80' lang='grc' dir='ltr'>ἐνυπῆρχε,</span> <span class='ocrx_word' id='word_1_438' title='bbox 3400 3063 3594 3127; x_wconf 81' lang='grc' dir='ltr'>λεάνας</span> <span class='ocrx_word' id='word_1_439' title='bbox 3627 3083 3683 3118; x_wconf 92' lang='grc' dir='ltr'><strong>τε</strong></span> <span class='ocrx_word' id='word_1_440' title='bbox 3727 3070 3864 3121; x_wconf 74' lang='grc' dir='ltr'>αὐτὸ</span> <span class='ocrx_word' id='word_1_441' title='bbox 3912 3074 4001 3124; x_wconf 78' lang='grc' dir='ltr'><strong>καὶ</strong></span> 
     </span>
    </p>
   </div>
   <div class='ocr_carea' id='block_1_61' title="bbox 2417 3151 4000 3233">
    <p class='ocr_par' dir='ltr' id='par_1_61' title="bbox 2417 3151 4000 3233">
     <span class='ocr_line' id='line_1_61' title="bbox 2417 3151 4000 3233; baseline 0.008 -31"><span class='ocrx_word' id='word_1_442' title='bbox 2417 3151 2756 3218; x_wconf 80' lang='grc' dir='ltr'>διομαλίσας,</span> <span class='ocrx_word' id='word_1_443' title='bbox 2783 3155 2875 3203; x_wconf 71' lang='grc' dir='ltr'><strong>καὶ</strong></span> <span class='ocrx_word' id='word_1_444' title='bbox 2905 3152 3154 3221; x_wconf 72' lang='grc' dir='ltr'>καθαρὰν</span> <span class='ocrx_word' id='word_1_445' title='bbox 3179 3155 3362 3216; x_wconf 84' lang='grc' dir='ltr'>αὐτοῖς</span> <span class='ocrx_word' id='word_1_446' title='bbox 3383 3157 3480 3226; x_wconf 81' lang='grc' dir='ltr'><strong>τὴν</strong></span> <span class='ocrx_word' id='word_1_447' title='bbox 3503 3157 3599 3226; x_wconf 82' lang='grc' dir='ltr'><strong>τῆς</strong></span> <span class='ocrx_word' id='word_1_448' title='bbox 3622 3158 3803 3230; x_wconf 63' lang='grc' dir='ltr'>ψυχῆς</span> <span class='ocrx_word' id='word_1_449' title='bbox 3839 3163 4000 3233; x_wconf 76' lang='grc' dir='ltr'>ἄρον-</span> 
     </span>
    </p>
   </div>
   <div class='ocr_carea' id='block_1_62' title="bbox 748 3237 2323 3326">
    <p class='ocr_par' dir='ltr' id='par_1_62' title="bbox 748 3237 2317 3318">
     <span class='ocr_line' id='line_1_62' title="bbox 748 3237 2317 3318; baseline -0.005 -17"><span class='ocrx_word' id='word_1_450' title='bbox 748 3249 1004 3318; x_wconf 86' lang='lat' dir='ltr'><strong>piendum</strong></span> <span class='ocrx_word' id='word_1_451' title='bbox 1060 3250 1244 3311; x_wconf 88' lang='lat' dir='ltr'><strong>aptum</strong></span> <span class='ocrx_word' id='word_1_452' title='bbox 1282 3239 1627 3302; x_wconf 86' lang='lat' dir='ltr'><strong>reddidisset,</strong></span> <span class='ocrx_word' id='word_1_453' title='bbox 1661 3237 1877 3292; x_wconf 86' lang='lat' dir='ltr'><strong>divinas</strong></span> <span class='ocrx_word' id='word_1_454' title='bbox 1907 3241 2056 3306; x_wconf 90' lang='lat' dir='ltr'><strong>prius</strong></span> <span class='ocrx_word' id='word_1_455' title='bbox 2091 3239 2317 3294; x_wconf 79' lang='lat' dir='ltr'><strong>eﬂ‘nndit</strong></span> 
     </span>
    </p>
   </div>
   <div class='ocr_carea' id='block_1_63' title="bbox 2422 3237 4002 3326">
    <p class='ocr_par' dir='ltr' id='par_1_63' title="bbox 2422 3244 4002 3322">
     <span class='ocr_line' id='line_1_63' title="bbox 2422 3244 4002 3322; baseline 0.008 -30"><span class='ocrx_word' id='word_1_456' title='bbox 2422 3259 2520 3312; x_wconf 85' lang='grc' dir='ltr'>ραν</span> <span class='ocrx_word' id='word_1_457' title='bbox 2555 3244 2649 3293; x_wconf 72' lang='grc' dir='ltr'>καὶ</span> <span class='ocrx_word' id='word_1_458' title='bbox 2704 3244 2782 3304; x_wconf 87' lang='grc' dir='ltr'><strong>είς</strong></span> <span class='ocrx_word' id='word_1_459' title='bbox 2842 3244 3124 3308; x_wconf 75' lang='grc' dir='ltr'>εὐσεϐείας</span> <span class='ocrx_word' id='word_1_460' title='bbox 3192 3251 3394 3316; x_wconf 81' lang='grc' dir='ltr'>σπόρον</span> <span class='ocrx_word' id='word_1_461' title='bbox 3445 3251 3766 3318; x_wconf 78' lang='grc' dir='ltr'>ἐπιτηδείαν</span> <span class='ocrx_word' id='word_1_462' title='bbox 3823 3271 4002 3322; x_wconf 76' lang='grc' dir='ltr'>παρα-</span> 
     </span>
    </p>
   </div>
   <div class='ocr_carea' id='block_1_64' title="bbox 748 3324 2317 3406">
    <p class='ocr_par' dir='ltr' id='par_1_64' title="bbox 748 3324 2317 3406">
     <span class='ocr_line' id='line_1_64' title="bbox 748 3324 2317 3406; baseline -0.002 -15"><span class='ocrx_word' id='word_1_463' title='bbox 748 3354 937 3406; x_wconf 87' lang='lat' dir='ltr'><strong>preces</strong></span> <span class='ocrx_word' id='word_1_464' title='bbox 969 3353 984 3391; x_wconf 89' lang='lat'><strong>:</strong></span> <span class='ocrx_word' id='word_1_465' title='bbox 1011 3324 1207 3391; x_wconf 77' lang='lat' dir='ltr'><strong>deinde</strong></span> <span class='ocrx_word' id='word_1_466' title='bbox 1245 3346 1365 3388; x_wconf 89' lang='lat' dir='ltr'><strong>cum</strong></span> <span class='ocrx_word' id='word_1_467' title='bbox 1405 3329 1626 3386; x_wconf 81' lang='lat' dir='ltr'><strong>ﬂuvium</strong></span> <span class='ocrx_word' id='word_1_468' title='bbox 1657 3329 1974 3387; x_wconf 68' lang='lat' dir='ltr'><strong>odendisse‘t</strong></span> <span class='ocrx_word' id='word_1_469' title='bbox 2023 3332 2075 3386; x_wconf 92' lang='lat' dir='ltr'><strong>in</strong></span> <span class='ocrx_word' id='word_1_470' title='bbox 2107 3333 2317 3401; x_wconf 86' lang='lat' dir='ltr'><strong>itinere,</strong></span> 
     </span>
    </p>
   </div>
   <div class='ocr_carea' id='block_1_65' title="bbox 756 3427 2320 3498">
    <p class='ocr_par' dir='ltr' id='par_1_65' title="bbox 756 3427 2320 3498">
     <span class='ocr_line' id='line_1_65' title="bbox 756 3427 2320 3498; baseline -0.003 -12"><span class='ocrx_word' id='word_1_471' title='bbox 756 3447 852 3486; x_wconf 84' lang='lat' dir='ltr'><strong>eos</strong></span> <span class='ocrx_word' id='word_1_472' title='bbox 888 3429 1149 3498; x_wconf 85' lang='lat' dir='ltr'><strong>haptizat,</strong></span> <span class='ocrx_word' id='word_1_473' title='bbox 1209 3435 1263 3479; x_wconf 91' lang='lat' dir='ltr'><strong>et</strong></span> <span class='ocrx_word' id='word_1_474' title='bbox 1303 3427 1403 3480; x_wconf 88' lang='lat' dir='ltr'><strong>iter</strong></span> <span class='ocrx_word' id='word_1_475' title='bbox 1454 3439 1643 3479; x_wconf 86' lang='lat' dir='ltr'><strong>rursus</strong></span> <span class='ocrx_word' id='word_1_476' title='bbox 1673 3436 1907 3494; x_wconf 66' lang='lat' dir='ltr'><strong>emptum</strong></span> <span class='ocrx_word' id='word_1_477' title='bbox 1961 3428 2320 3496; x_wconf 84' lang='lat' dir='ltr'><strong>persequitur,</strong></span> 
     </span>
    </p>
   </div>
   <div class='ocr_carea' id='block_1_66' title="bbox 752 3517 2321 3588">
    <p class='ocr_par' dir='ltr' id='par_1_66' title="bbox 752 3517 2321 3588">
     <span class='ocr_line' id='line_1_66' title="bbox 752 3517 2321 3588; baseline -0.003 -10"><span class='ocrx_word' id='word_1_478' title='bbox 752 3526 922 3578; x_wconf 89' lang='lat' dir='ltr'><strong>donec</strong></span> <span class='ocrx_word' id='word_1_479' title='bbox 957 3520 1098 3574; x_wconf 88' lang='lat' dir='ltr'><strong>venit</strong></span> <span class='ocrx_word' id='word_1_480' title='bbox 1128 3519 1179 3573; x_wconf 92' lang='lat' dir='ltr'><strong>in</strong></span> <span class='ocrx_word' id='word_1_481' title='bbox 1214 3518 1509 3582; x_wconf 84' lang='lat' dir='ltr'><strong>civitatem,</strong></span> <span class='ocrx_word' id='word_1_482' title='bbox 1539 3526 1592 3571; x_wconf 88' lang='lat' dir='ltr'><strong>et</strong></span> <span class='ocrx_word' id='word_1_483' title='bbox 1613 3517 1679 3571; x_wconf 87' lang='lat' dir='ltr'><strong>ad</strong></span> <span class='ocrx_word' id='word_1_484' title='bbox 1717 3517 1949 3571; x_wconf 85' lang='lat' dir='ltr'><strong>tribunal</strong></span> <span class='ocrx_word' id='word_1_485' title='bbox 1990 3522 2198 3588; x_wconf 81' lang='lat' dir='ltr'><strong>tyranni</strong></span> <span class='ocrx_word' id='word_1_486' title='bbox 2239 3521 2321 3573; x_wconf 87' lang='lat' dir='ltr'><strong>in—</strong></span> 
     </span>
    </p>
   </div>
   <div class='ocr_carea' id='block_1_67' title="bbox 752 3609 2320 3683">
    <p class='ocr_par' dir='ltr' id='par_1_67' title="bbox 752 3609 2320 3683">
     <span class='ocr_line' id='line_1_67' title="bbox 752 3609 2320 3683; baseline -0.003 -15"><span class='ocrx_word' id='word_1_487' title='bbox 752 3613 1014 3683; x_wconf 69' lang='lat' dir='ltr'><strong>greditur.</strong></span> <span class='ocrx_word' id='word_1_488' title='bbox 1069 3626 1211 3680; x_wconf 89' lang='lat' dir='ltr'><strong>pone</strong></span> <span class='ocrx_word' id='word_1_489' title='bbox 1246 3611 1461 3679; x_wconf 87' lang='lat' dir='ltr'><strong>quidem</strong></span> <span class='ocrx_word' id='word_1_490' title='bbox 1494 3624 1686 3662; x_wconf 88' lang='lat' dir='ltr'><strong>manus</strong></span> <span class='ocrx_word' id='word_1_491' title='bbox 1743 3609 1977 3663; x_wconf 80' lang='lat' dir='ltr'><strong>vinctus.</strong></span> <span class='ocrx_word' id='word_1_492' title='bbox 2034 3609 2124 3664; x_wconf 87' lang='lat' dir='ltr'><strong>Sic</strong></span> <span class='ocrx_word' id='word_1_493' title='bbox 2179 3613 2320 3664; x_wconf 88' lang='lat' dir='ltr'><strong>enim</strong></span> 
     </span>
    </p>
   </div>
   <div class='ocr_carea' id='block_1_68' title="bbox 752 3702 2317 3778">
    <p class='ocr_par' dir='ltr' id='par_1_68' title="bbox 752 3702 2317 3778">
     <span class='ocr_line' id='line_1_68' title="bbox 752 3702 2317 3778; baseline -0.003 -18"><span class='ocrx_word' id='word_1_494' title='bbox 752 3717 973 3778; x_wconf 86' lang='lat' dir='ltr'><strong>propter</strong></span> <span class='ocrx_word' id='word_1_495' title='bbox 1019 3706 1274 3775; x_wconf 83' lang='lat' dir='ltr'><strong>pietatem</strong></span> <span class='ocrx_word' id='word_1_496' title='bbox 1327 3703 1630 3772; x_wconf 81' lang='lat' dir='ltr'><strong>oportebat,</strong></span> <span class='ocrx_word' id='word_1_497' title='bbox 1689 3711 1940 3770; x_wconf 86' lang='lat' dir='ltr'><strong>tauquam</strong></span> <span class='ocrx_word' id='word_1_498' title='bbox 1996 3702 2317 3767; x_wconf 85' lang='lat' dir='ltr'><strong>maletieum,</strong></span> 
     </span>
    </p>
   </div>
   <div class='ocr_carea' id='block_1_69' title="bbox 763 3798 2321 3867">
    <p class='ocr_par' dir='ltr' id='par_1_69' title="bbox 763 3798 2321 3867">
     <span class='ocr_line' id='line_1_69' title="bbox 763 3798 2321 3867; baseline -0.004 -8"><span class='ocrx_word' id='word_1_499' title='bbox 763 3802 882 3859; x_wconf 87' lang='lat' dir='ltr'><strong>sisti</strong></span> <span class='ocrx_word' id='word_1_500' title='bbox 920 3811 1045 3856; x_wconf 90' lang='lat' dir='ltr'><strong>ante</strong></span> <span class='ocrx_word' id='word_1_501' title='bbox 1087 3801 1466 3867; x_wconf 81' lang='lat' dir='ltr'><strong>imperatorem</strong></span> <span class='ocrx_word' id='word_1_502' title='bbox 1504 3814 1517 3849; x_wconf 87' lang='lat'><strong>:</strong></span> <span class='ocrx_word' id='word_1_503' title='bbox 1556 3805 1791 3848; x_wconf 85' lang='lat' dir='ltr'><strong>mentem</strong></span> <span class='ocrx_word' id='word_1_504' title='bbox 1834 3806 2014 3849; x_wconf 86' lang='lat' dir='ltr'><strong>autent</strong></span> <span class='ocrx_word' id='word_1_505' title='bbox 2048 3798 2111 3851; x_wconf 87' lang='lat' dir='ltr'><strong>ad</strong></span> <span class='ocrx_word' id='word_1_506' title='bbox 2157 3799 2321 3853; x_wconf 68' lang='lat' dir='ltr'><strong>celos</strong></span> 
     </span>
    </p>
   </div>
   <div class='ocr_carea' id='block_1_70' title="bbox 751 3886 2320 3956">
    <p class='ocr_par' dir='ltr' id='par_1_70' title="bbox 751 3886 2320 3956">
     <span class='ocr_line' id='line_1_70' title="bbox 751 3886 2320 3956; baseline -0.005 -7"><span class='ocrx_word' id='word_1_507' title='bbox 751 3893 1098 3955; x_wconf 75' lang='lat' dir='ltr'><strong>extendebat,</strong></span> <span class='ocrx_word' id='word_1_508' title='bbox 1130 3890 1270 3944; x_wconf 90' lang='lat' dir='ltr'><strong>unde</strong></span> <span class='ocrx_word' id='word_1_509' title='bbox 1300 3888 1368 3942; x_wconf 90' lang='lat' dir='ltr'><strong>ad</strong></span> <span class='ocrx_word' id='word_1_510' title='bbox 1417 3901 1481 3943; x_wconf 92' lang='lat' dir='ltr'><strong>se</strong></span> <span class='ocrx_word' id='word_1_511' title='bbox 1537 3886 1795 3956; x_wconf 74' lang='lat' dir='ltr'><strong>Sperabat</strong></span> <span class='ocrx_word' id='word_1_512' title='bbox 1830 3895 2112 3942; x_wconf 88' lang='lat' dir='ltr'><strong>venturum</strong></span> <span class='ocrx_word' id='word_1_513' title='bbox 2165 3889 2320 3942; x_wconf 80' lang='lat' dir='ltr'><strong>auxi-</strong></span> 
     </span>
    </p>
   </div>
   <div class='ocr_carea' id='block_1_71' title="bbox 753 3979 1448 4042">
    <p class='ocr_par' dir='ltr' id='par_1_71' title="bbox 753 3979 1448 4042">
     <span class='ocr_line' id='line_1_71' title="bbox 753 3979 1448 4042; baseline -0.001 0"><span class='ocrx_word' id='word_1_514' title='bbox 753 3988 906 4042; x_wconf 91' lang='lat' dir='ltr'><strong>lium.</strong></span> <span class='ocrx_word' id='word_1_515' title='bbox 1446 3979 1448 3982; x_wconf 62' lang='grc'><em>’</em></span> 
     </span>
    </p>
   </div>
   <div class='ocr_carea' id='block_1_72' title="bbox 825 4071 2318 4145">
    <p class='ocr_par' dir='ltr' id='par_1_72' title="bbox 825 4071 2318 4145">
     <span class='ocr_line' id='line_1_72' title="bbox 825 4071 2318 4145; baseline -0.004 -11"><span class='ocrx_word' id='word_1_516' title='bbox 825 4078 888 4134; x_wconf 71' lang='grc' dir='ltr'>ν.</span> <span class='ocrx_word' id='word_1_517' title='bbox 925 4077 1122 4131; x_wconf 80' lang='lat' dir='ltr'><strong>Voleus</strong></span> <span class='ocrx_word' id='word_1_518' title='bbox 1176 4090 1304 4143; x_wconf 76' lang='lat' dir='ltr'><strong>ergo</strong></span> <span class='ocrx_word' id='word_1_519' title='bbox 1349 4076 1645 4141; x_wconf 88' lang='lat' dir='ltr'><strong>imperator</strong></span> <span class='ocrx_word' id='word_1_520' title='bbox 1677 4071 1758 4125; x_wconf 87' lang='lat' dir='ltr'><strong>vel</strong></span> <span class='ocrx_word' id='word_1_521' title='bbox 1793 4073 1908 4140; x_wconf 92' lang='lat' dir='ltr'><strong>ipso</strong></span> <span class='ocrx_word' id='word_1_522' title='bbox 1956 4073 2070 4128; x_wconf 86' lang='lat' dir='ltr'><strong>solo</strong></span> <span class='ocrx_word' id='word_1_523' title='bbox 2103 4085 2318 4145; x_wconf 85' lang='lat' dir='ltr'><strong>aspectu</strong></span> 
     </span>
    </p>
   </div>
   <div class='ocr_carea' id='block_1_73' title="bbox 749 4164 2318 4233">
    <p class='ocr_par' dir='ltr' id='par_1_73' title="bbox 749 4164 2318 4233">
     <span class='ocr_line' id='line_1_73' title="bbox 749 4164 2318 4233; baseline -0.006 -7"><span class='ocrx_word' id='word_1_524' title='bbox 749 4170 1007 4226; x_wconf 72' lang='lat' dir='ltr'><strong>Anthimo</strong></span> <span class='ocrx_word' id='word_1_525' title='bbox 1032 4166 1339 4230; x_wconf 86' lang='lat' dir='ltr'><strong>ostendere,</strong></span> <span class='ocrx_word' id='word_1_526' title='bbox 1378 4178 1541 4233; x_wconf 89' lang='lat' dir='ltr'><strong>quam</strong></span> <span class='ocrx_word' id='word_1_527' title='bbox 1574 4173 1721 4217; x_wconf 87' lang='lat' dir='ltr'><strong>esset</strong></span> <span class='ocrx_word' id='word_1_528' title='bbox 1749 4178 1915 4229; x_wconf 80' lang='lat' dir='ltr'><strong>grave</strong></span> <span class='ocrx_word' id='word_1_529' title='bbox 1967 4173 2020 4218; x_wconf 90' lang='lat' dir='ltr'><strong>et</strong></span> <span class='ocrx_word' id='word_1_530' title='bbox 2065 4164 2318 4218; x_wconf 84' lang='lat' dir='ltr'><strong>acerbqu</strong></span> 
     </span>
    </p>
   </div>
   <div class='ocr_carea' id='block_1_74' title="bbox 751 4253 2320 4326">
    <p class='ocr_par' dir='ltr' id='par_1_74' title="bbox 751 4253 2320 4326">
     <span class='ocr_line' id='line_1_74' title="bbox 751 4253 2320 4326; baseline -0.003 -12"><span class='ocrx_word' id='word_1_531' title='bbox 751 4263 998 4314; x_wconf 88' lang='lat' dir='ltr'><strong>aditurus</strong></span> <span class='ocrx_word' id='word_1_532' title='bbox 1052 4256 1374 4326; x_wconf 86' lang='lat' dir='ltr'><strong>periculum,</strong></span> <span class='ocrx_word' id='word_1_533' title='bbox 1427 4263 1483 4306; x_wconf 89' lang='lat' dir='ltr'><strong>ut</strong></span> <span class='ocrx_word' id='word_1_534' title='bbox 1536 4269 1657 4309; x_wconf 89' lang='lat' dir='ltr'><strong>eum</strong></span> <span class='ocrx_word' id='word_1_535' title='bbox 1719 4253 1903 4308; x_wconf 87' lang='lat' dir='ltr'><strong>statim</strong></span> <span class='ocrx_word' id='word_1_536' title='bbox 1960 4254 2009 4308; x_wconf 90' lang='lat' dir='ltr'><strong>in</strong></span> <span class='ocrx_word' id='word_1_537' title='bbox 2059 4255 2320 4326; x_wconf 87' lang='lat' dir='ltr'><strong>principio</strong></span> 
     </span>
    </p>
   </div>
   <div class='ocr_carea' id='block_1_75' title="bbox 752 4346 2310 4416">
    <p class='ocr_par' dir='ltr' id='par_1_75' title="bbox 752 4346 2310 4416">
     <span class='ocr_line' id='line_1_75' title="bbox 752 4346 2310 4416; baseline -0.003 -10"><span class='ocrx_word' id='word_1_538' title='bbox 752 4352 1025 4406; x_wconf 84' lang='lat' dir='ltr'><strong>inveniret</strong></span> <span class='ocrx_word' id='word_1_539' title='bbox 1062 4349 1385 4410; x_wconf 88' lang='lat' dir='ltr'><strong>molliorem,</strong></span> <span class='ocrx_word' id='word_1_540' title='bbox 1443 4346 1798 4400; x_wconf 83' lang='lat' dir='ltr'><strong>instrumenta</strong></span> <span class='ocrx_word' id='word_1_541' title='bbox 1858 4347 2065 4416; x_wconf 86' lang='lat' dir='ltr'><strong>publica</strong></span> <span class='ocrx_word' id='word_1_542' title='bbox 2100 4348 2166 4402; x_wconf 88' lang='lat' dir='ltr'><strong>ad</strong></span> <span class='ocrx_word' id='word_1_543' title='bbox 2206 4360 2310 4403; x_wconf 85' lang='lat' dir='ltr'><strong>tor-</strong></span> 
     </span>
    </p>
   </div>
   <div class='ocr_carea' id='block_1_76' title="bbox 749 4439 2320 4514">
    <p class='ocr_par' dir='ltr' id='par_1_76' title="bbox 749 4439 2320 4514">
     <span class='ocr_line' id='line_1_76' title="bbox 749 4439 2320 4514; baseline -0.001 -17"><span class='ocrx_word' id='word_1_544' title='bbox 749 4443 1024 4514; x_wconf 91' lang='lat' dir='ltr'><strong>quendum</strong></span> <span class='ocrx_word' id='word_1_545' title='bbox 1061 4447 1399 4508; x_wconf 86' lang='lat' dir='ltr'><strong>comparata,</strong></span> <span class='ocrx_word' id='word_1_546' title='bbox 1429 4439 1477 4491; x_wconf 88' lang='lat' dir='ltr'><strong>ei</strong></span> <span class='ocrx_word' id='word_1_547' title='bbox 1514 4440 1663 4506; x_wconf 89' lang='lat' dir='ltr'><strong>prius</strong></span> <span class='ocrx_word' id='word_1_548' title='bbox 1695 4441 1941 4507; x_wconf 88' lang='lat' dir='ltr'><strong>producit</strong></span> <span class='ocrx_word' id='word_1_549' title='bbox 1989 4441 2042 4494; x_wconf 91' lang='lat' dir='ltr'><strong>in</strong></span> <span class='ocrx_word' id='word_1_550' title='bbox 2099 4457 2320 4510; x_wconf 87' lang='lat' dir='ltr'><strong>conspe-</strong></span> 
     </span>
    </p>
   </div>
   <div class='ocr_carea' id='block_1_77' title="bbox 753 4531 2314 4601">
    <p class='ocr_par' dir='ltr' id='par_1_77' title="bbox 753 4531 2314 4601">
     <span class='ocr_line' id='line_1_77' title="bbox 753 4531 2314 4601; baseline -0.004 -10"><span class='ocrx_word' id='word_1_551' title='bbox 753 4547 902 4591; x_wconf 91' lang='lat' dir='ltr'><strong>ctum</strong></span> <span class='ocrx_word' id='word_1_552' title='bbox 940 4551 952 4587; x_wconf 89' lang='lat'><strong>:</strong></span> <span class='ocrx_word' id='word_1_553' title='bbox 983 4544 1037 4589; x_wconf 91' lang='lat' dir='ltr'><strong>et</strong></span> <span class='ocrx_word' id='word_1_554' title='bbox 1078 4548 1200 4588; x_wconf 89' lang='lat' dir='ltr'><strong>cum</strong></span> <span class='ocrx_word' id='word_1_555' title='bbox 1231 4547 1350 4586; x_wconf 89' lang='lat' dir='ltr'><strong>eum</strong></span> <span class='ocrx_word' id='word_1_556' title='bbox 1383 4531 1525 4585; x_wconf 88' lang='lat' dir='ltr'><strong>intro</strong></span> <span class='ocrx_word' id='word_1_557' title='bbox 1556 4541 1800 4584; x_wconf 87' lang='lat' dir='ltr'><strong>vocasset</strong></span> <span class='ocrx_word' id='word_1_558' title='bbox 1833 4531 1949 4583; x_wconf 90' lang='lat' dir='ltr'><strong>:Tu</strong></span> <span class='ocrx_word' id='word_1_559' title='bbox 1984 4546 2061 4596; x_wconf 91' lang='lat' dir='ltr'><strong>es,</strong></span> <span class='ocrx_word' id='word_1_560' title='bbox 2113 4535 2314 4601; x_wconf 83' lang='lat' dir='ltr'><strong>inquit,</strong></span> 
     </span>
    </p>
   </div>
   <div class='ocr_carea' id='block_1_78' title="bbox 2426 3335 4001 3409">
    <p class='ocr_par' dir='ltr' id='par_1_78' title="bbox 2426 3335 4001 3409">
     <span class='ocr_line' id='line_1_78' title="bbox 2426 3335 4001 3409; baseline 0.008 -24"><span class='ocrx_word' id='word_1_561' title='bbox 2426 3337 2716 3395; x_wconf 70' lang='grc' dir='ltr'>σκευάσας,</span> <span class='ocrx_word' id='word_1_562' title='bbox 2780 3335 2876 3398; x_wconf 81' lang='grc' dir='ltr'><strong>τάς</strong></span> <span class='ocrx_word' id='word_1_563' title='bbox 2933 3336 3082 3398; x_wconf 78' lang='grc' dir='ltr'>Θείας</span> <span class='ocrx_word' id='word_1_564' title='bbox 3109 3338 3543 3404; x_wconf 76' lang='grc' dir='ltr'>προκαταῦαλλει</span> <span class='ocrx_word' id='word_1_565' title='bbox 3609 3342 3818 3409; x_wconf 79' lang='grc' dir='ltr'>εὐχάς·</span> <span class='ocrx_word' id='word_1_566' title='bbox 3887 3342 4001 3397; x_wconf 78' lang='grc' dir='ltr'>εἶτα</span> 
     </span>
    </p>
   </div>
   <div class='ocr_carea' id='block_1_79' title="bbox 2423 3428 4001 3506">
    <p class='ocr_par' dir='ltr' id='par_1_79' title="bbox 2423 3428 4001 3506">
     <span class='ocr_line' id='line_1_79' title="bbox 2423 3428 4001 3506; baseline 0.008 -29"><span class='ocrx_word' id='word_1_567' title='bbox 2423 3429 2514 3478; x_wconf 76' lang='grc' dir='ltr'><strong>καὶ</strong></span> <span class='ocrx_word' id='word_1_568' title='bbox 2547 3428 2787 3495; x_wconf 72' lang='grc' dir='ltr'>ποταμὸν</span> <span class='ocrx_word' id='word_1_569' title='bbox 2821 3430 2876 3479; x_wconf 81' lang='grc' dir='ltr'>ἐν</span> <span class='ocrx_word' id='word_1_570' title='bbox 2906 3431 2971 3496; x_wconf 79' lang='grc' dir='ltr'>τῇ</span> <span class='ocrx_word' id='word_1_571' title='bbox 3029 3430 3247 3497; x_wconf 84' lang='grc' dir='ltr'>παρόδῳ</span> <span class='ocrx_word' id='word_1_572' title='bbox 3278 3432 3616 3493; x_wconf 74' lang='grc' dir='ltr'>καταλαῦὼν,</span> <span class='ocrx_word' id='word_1_573' title='bbox 3643 3435 3875 3503; x_wconf 76' lang='grc' dir='ltr'>τούτους</span> <span class='ocrx_word' id='word_1_574' title='bbox 3906 3439 4001 3506; x_wconf 78' lang='grc' dir='ltr'><strong>βα-</strong></span> 
     </span>
    </p>
   </div>
   <div class='ocr_carea' id='block_1_80' title="bbox 2423 3518 4002 3598">
    <p class='ocr_par' dir='ltr' id='par_1_80' title="bbox 2423 3518 4002 3598">
     <span class='ocr_line' id='line_1_80' title="bbox 2423 3518 4002 3598; baseline 0.007 -30"><span class='ocrx_word' id='word_1_575' title='bbox 2423 3519 2600 3581; x_wconf 75' lang='grc' dir='ltr'>πτίζει</span> <span class='ocrx_word' id='word_1_576' title='bbox 2633 3519 2726 3570; x_wconf 71' lang='grc' dir='ltr'><strong>καὶ</strong></span> <span class='ocrx_word' id='word_1_577' title='bbox 2751 3518 2851 3587; x_wconf 80' lang='grc' dir='ltr'><strong>τῆς</strong></span> <span class='ocrx_word' id='word_1_578' title='bbox 2892 3521 3262 3588; x_wconf 75' lang='grc' dir='ltr'>προκειμένης</span> <span class='ocrx_word' id='word_1_579' title='bbox 3301 3523 3481 3590; x_wconf 74' lang='grc' dir='ltr'>ἔχεται</span> <span class='ocrx_word' id='word_1_580' title='bbox 3536 3525 3698 3578; x_wconf 76' lang='grc' dir='ltr'>πάλιν</span> <span class='ocrx_word' id='word_1_581' title='bbox 3750 3532 4002 3598; x_wconf 75' lang='grc' dir='ltr'>πορείας,</span> 
     </span>
    </p>
   </div>
   <div class='ocr_carea' id='block_1_81' title="bbox 2423 3608 4000 3686">
    <p class='ocr_par' dir='ltr' id='par_1_81' title="bbox 2423 3608 4000 3686">
     <span class='ocr_line' id='line_1_81' title="bbox 2423 3608 4000 3686; baseline 0.009 -27"><span class='ocrx_word' id='word_1_582' title='bbox 2423 3608 2526 3671; x_wconf 75' lang='grc' dir='ltr'><strong>ἕως</strong></span> <span class='ocrx_word' id='word_1_583' title='bbox 2555 3610 2646 3660; x_wconf 80' lang='grc' dir='ltr'><strong>ἐπὶ</strong></span> <span class='ocrx_word' id='word_1_584' title='bbox 2670 3610 2766 3679; x_wconf 82' lang='grc' dir='ltr'>τὴν</span> <span class='ocrx_word' id='word_1_585' title='bbox 2797 3610 2951 3662; x_wconf 83' lang='grc' dir='ltr'>πόλιν</span> <span class='ocrx_word' id='word_1_586' title='bbox 2986 3610 3217 3678; x_wconf 83' lang='grc' dir='ltr'>ἀφίκετο</span> <span class='ocrx_word' id='word_1_587' title='bbox 3241 3615 3335 3666; x_wconf 78' lang='grc' dir='ltr'><strong>καὶ</strong></span> <span class='ocrx_word' id='word_1_588' title='bbox 3364 3615 3422 3666; x_wconf 68' lang='grc' dir='ltr'>τὸ</span> <span class='ocrx_word' id='word_1_589' title='bbox 3450 3618 3774 3686; x_wconf 57' lang='grc' dir='ltr'>τυραννικθιν</span> <span class='ocrx_word' id='word_1_590' title='bbox 3805 3621 4000 3673; x_wconf 75' lang='grc' dir='ltr'>εἴσεισι</span> 
     </span>
    </p>
   </div>
   <div class='ocr_carea' id='block_1_82' title="bbox 2424 3693 4002 3780">
    <p class='ocr_par' dir='ltr' id='par_1_82' title="bbox 2424 3693 4002 3780">
     <span class='ocr_line' id='line_1_82' title="bbox 2424 3693 4002 3780; baseline 0.01 -34"><span class='ocrx_word' id='word_1_591' title='bbox 2424 3693 2596 3763; x_wconf 73' lang='grc' dir='ltr'>βῆμα,</span> <span class='ocrx_word' id='word_1_592' title='bbox 2631 3696 2806 3749; x_wconf 81' lang='grc' dir='ltr'>ὀπίσω</span> <span class='ocrx_word' id='word_1_593' title='bbox 2842 3699 2939 3768; x_wconf 77' lang='grc' dir='ltr'>μὲν</span> <span class='ocrx_word' id='word_1_594' title='bbox 2968 3701 3045 3770; x_wconf 80' lang='grc' dir='ltr'>τῷ</span> <span class='ocrx_word' id='word_1_595' title='bbox 3077 3703 3227 3771; x_wconf 83' lang='grc' dir='ltr'>χεῖρε</span> <span class='ocrx_word' id='word_1_596' title='bbox 3245 3703 3531 3773; x_wconf 81' lang='grc' dir='ltr'>δεδεμένος</span> <span class='ocrx_word' id='word_1_597' title='bbox 3555 3723 3566 3734; x_wconf 95' lang='grc'><strong>·</strong></span> <span class='ocrx_word' id='word_1_598' title='bbox 3601 3706 3746 3759; x_wconf 77' lang='grc' dir='ltr'>οὕτω</span> <span class='ocrx_word' id='word_1_599' title='bbox 3779 3712 3892 3780; x_wconf 65' lang='grc' dir='ltr'><strong>γὰρ</strong></span> <span class='ocrx_word' id='word_1_600' title='bbox 3919 3713 4002 3761; x_wconf 75' lang='grc' dir='ltr'><strong>δια</strong></span> 
     </span>
    </p>
   </div>
   <div class='ocr_carea' id='block_1_83' title="bbox 2421 3787 4000 3868">
    <p class='ocr_par' dir='ltr' id='par_1_83' title="bbox 2421 3787 4000 3868">
     <span class='ocr_line' id='line_1_83' title="bbox 2421 3787 4000 3868; baseline 0.009 -30"><span class='ocrx_word' id='word_1_601' title='bbox 2421 3787 2520 3857; x_wconf 77' lang='grc' dir='ltr'>τὴν</span> <span class='ocrx_word' id='word_1_602' title='bbox 2551 3789 2830 3842; x_wconf 73' lang='grc' dir='ltr'>εὐσέϐειαν</span> <span class='ocrx_word' id='word_1_603' title='bbox 2855 3791 2930 3852; x_wconf 80' lang='grc' dir='ltr'>ὡς</span> <span class='ocrx_word' id='word_1_604' title='bbox 2987 3793 3297 3861; x_wconf 76' lang='grc' dir='ltr'>κακοῦργον</span> <span class='ocrx_word' id='word_1_605' title='bbox 3342 3796 3747 3862; x_wconf 68' lang='grc' dir='ltr'>ὲμφανισῦῖ,ναι</span> <span class='ocrx_word' id='word_1_606' title='bbox 3787 3801 3897 3851; x_wconf 75' lang='grc' dir='ltr'>ἔδει</span> <span class='ocrx_word' id='word_1_607' title='bbox 3929 3802 4000 3868; x_wconf 75' lang='grc' dir='ltr'>τῷ</span> 
     </span>
    </p>
   </div>
   <div class='ocr_carea' id='block_1_84' title="bbox 2425 3881 4002 3957">
    <p class='ocr_par' dir='ltr' id='par_1_84' title="bbox 2425 3881 4002 3957">
     <span class='ocr_line' id='line_1_84' title="bbox 2425 3881 4002 3957; baseline 0.009 -26"><span class='ocrx_word' id='word_1_608' title='bbox 2425 3881 2657 3948; x_wconf 82' lang='grc' dir='ltr'>βασιλεῖ,</span> <span class='ocrx_word' id='word_1_609' title='bbox 2682 3885 2761 3944; x_wconf 86' lang='grc' dir='ltr'><strong>είς</strong></span> <span class='ocrx_word' id='word_1_610' title='bbox 2787 3885 3049 3951; x_wconf 70' lang='grc' dir='ltr'>οὐρανοὺς</span> <span class='ocrx_word' id='word_1_611' title='bbox 3071 3884 3127 3936; x_wconf 81' lang='grc' dir='ltr'>δὲ</span> <span class='ocrx_word' id='word_1_612' title='bbox 3152 3883 3249 3954; x_wconf 83' lang='grc' dir='ltr'>τὴν</span> <span class='ocrx_word' id='word_1_613' title='bbox 3273 3884 3504 3937; x_wconf 79' lang='grc' dir='ltr'>διάνοιαν</span> <span class='ocrx_word' id='word_1_614' title='bbox 3537 3889 3858 3957; x_wconf 83' lang='grc' dir='ltr'>ἀνατείνων,</span> <span class='ocrx_word' id='word_1_615' title='bbox 3880 3894 4002 3944; x_wconf 65' lang='grc' dir='ltr'>ὅθεν</span> 
     </span>
    </p>
   </div>
   <div class='ocr_carea' id='block_1_85' title="bbox 2423 3970 3566 4048">
    <p class='ocr_par' dir='ltr' id='par_1_85' title="bbox 2423 3970 3566 4048">
     <span class='ocr_line' id='line_1_85' title="bbox 2423 3970 3566 4048; baseline 0.007 -26"><span class='ocrx_word' id='word_1_616' title='bbox 2423 3973 2518 4023; x_wconf 73' lang='grc' dir='ltr'><strong>καὶ</strong></span> <span class='ocrx_word' id='word_1_617' title='bbox 2544 3970 2693 4041; x_wconf 79' lang='grc' dir='ltr'>ἦξειν</span> <span class='ocrx_word' id='word_1_618' title='bbox 2722 3971 2869 4041; x_wconf 81' lang='grc' dir='ltr'>αὐτῷ</span> <span class='ocrx_word' id='word_1_619' title='bbox 2900 3974 2997 4044; x_wconf 54' lang='grc' dir='ltr'>τὴν</span> <span class='ocrx_word' id='word_1_620' title='bbox 3031 3974 3282 4045; x_wconf 75' lang='grc' dir='ltr'>βοήθειαν</span> <span class='ocrx_word' id='word_1_621' title='bbox 3318 3977 3566 4048; x_wconf 75' lang='grc' dir='ltr'>ἡλπιζεν.</span> 
     </span>
    </p>
   </div>
   <div class='ocr_carea' id='block_1_86' title="bbox 2491 4063 3998 4146">
    <p class='ocr_par' dir='ltr' id='par_1_86' title="bbox 2491 4063 3998 4146">
     <span class='ocr_line' id='line_1_86' title="bbox 2491 4063 3998 4146; baseline 0.009 -30"><span class='ocrx_word' id='word_1_622' title='bbox 2491 4065 2566 4118; x_wconf 86' lang='lat' dir='ltr'><strong>E&#39;.</strong></span> <span class='ocrx_word' id='word_1_623' title='bbox 2613 4063 2670 4117; x_wconf 84' lang='lat'><strong>&#39;0</strong></span> <span class='ocrx_word' id='word_1_624' title='bbox 2695 4063 2948 4134; x_wconf 79' lang='grc' dir='ltr'>βασιλεὺς</span> <span class='ocrx_word' id='word_1_625' title='bbox 2971 4067 3151 4121; x_wconf 83' lang='grc' dir='ltr'>τοίνυν</span> <span class='ocrx_word' id='word_1_626' title='bbox 3187 4070 3382 4140; x_wconf 81' lang='grc' dir='ltr'>πείρας</span> <span class='ocrx_word' id='word_1_627' title='bbox 3411 4072 3608 4142; x_wconf 64' lang='grc' dir='ltr'>πικρὸν</span> <span class='ocrx_word' id='word_1_628' title='bbox 3635 4075 3728 4126; x_wconf 77' lang='grc' dir='ltr'><strong>καὶ</strong></span> <span class='ocrx_word' id='word_1_629' title='bbox 3760 4079 3872 4129; x_wconf 69' lang='grc' dir='ltr'><strong>ἀπὸ</strong></span> <span class='ocrx_word' id='word_1_630' title='bbox 3907 4079 3998 4146; x_wconf 66' lang='grc' dir='ltr'><strong>ψι-</strong></span> 
     </span>
    </p>
   </div>
   <div class='ocr_carea' id='block_1_87' title="bbox 2420 4153 4002 4240">
    <p class='ocr_par' dir='ltr' id='par_1_87' title="bbox 2420 4153 4002 4240">
     <span class='ocr_line' id='line_1_87' title="bbox 2420 4153 4002 4240; baseline 0.009 -34"><span class='ocrx_word' id='word_1_631' title='bbox 2420 4153 2518 4225; x_wconf 76' lang='grc' dir='ltr'><strong>λῆς</strong></span> <span class='ocrx_word' id='word_1_632' title='bbox 2538 4155 2662 4218; x_wconf 80' lang='grc' dir='ltr'>Θέας</span> <span class='ocrx_word' id='word_1_633' title='bbox 2699 4157 2939 4225; x_wconf 83' lang='grc' dir='ltr'>Ἀνθίμῳ</span> <span class='ocrx_word' id='word_1_634' title='bbox 2977 4158 3295 4228; x_wconf 74' lang='grc' dir='ltr'>βουλόμενος</span> <span class='ocrx_word' id='word_1_635' title='bbox 3347 4163 3634 4230; x_wconf 77' lang='grc' dir='ltr'>ἐπιδεῖξαι,</span> <span class='ocrx_word' id='word_1_636' title='bbox 3667 4166 3819 4229; x_wconf 86' lang='grc' dir='ltr'>ὃπως</span> <span class='ocrx_word' id='word_1_637' title='bbox 3853 4172 4002 4240; x_wconf 83' lang='grc' dir='ltr'>αὐτῴ</span> 
     </span>
    </p>
   </div>
   <div class='ocr_carea' id='block_1_88' title="bbox 2422 4247 3998 4324">
    <p class='ocr_par' dir='ltr' id='par_1_88' title="bbox 2422 4247 3998 4324">
     <span class='ocr_line' id='line_1_88' title="bbox 2422 4247 3998 4324; baseline 0.01 -26"><span class='ocrx_word' id='word_1_638' title='bbox 2422 4250 2513 4298; x_wconf 88' lang='grc' dir='ltr'><strong>καί</strong></span> <span class='ocrx_word' id='word_1_639' title='bbox 2543 4247 2914 4318; x_wconf 81' lang='grc' dir='ltr'>μαλακωτέρῳ</span> <span class='ocrx_word' id='word_1_640' title='bbox 2943 4248 3038 4319; x_wconf 81' lang='grc' dir='ltr'><strong>τὴν</strong></span> <span class='ocrx_word' id='word_1_641' title='bbox 3072 4250 3294 4322; x_wconf 80' lang='grc' dir='ltr'>πρώτην</span> <span class='ocrx_word' id='word_1_642' title='bbox 3335 4257 3753 4324; x_wconf 79' lang='grc' dir='ltr'>προσενεχθείη,</span> <span class='ocrx_word' id='word_1_643' title='bbox 3789 4260 3860 4312; x_wconf 83' lang='grc' dir='ltr'><strong>τά</strong></span> <span class='ocrx_word' id='word_1_644' title='bbox 3910 4279 3998 4313; x_wconf 85' lang='grc' dir='ltr'>κο-</span> 
     </span>
    </p>
   </div>
   <div class='ocr_carea' id='block_1_89' title="bbox 2422 4338 4000 4422">
    <p class='ocr_par' dir='ltr' id='par_1_89' title="bbox 2422 4338 4000 4422">
     <span class='ocr_line' id='line_1_89' title="bbox 2422 4338 4000 4422; baseline 0.009 -32"><span class='ocrx_word' id='word_1_645' title='bbox 2422 4338 2684 4407; x_wconf 64' lang='grc' dir='ltr'>λαστήρια</span> <span class='ocrx_word' id='word_1_646' title='bbox 2723 4341 2990 4412; x_wconf 79' lang='grc' dir='ltr'>πρότερον</span> <span class='ocrx_word' id='word_1_647' title='bbox 3015 4343 3106 4396; x_wconf 85' lang='grc' dir='ltr'>ὐπ’</span> <span class='ocrx_word' id='word_1_648' title='bbox 3137 4345 3259 4412; x_wconf 59' lang='grc' dir='ltr'>ὄψιν</span> <span class='ocrx_word' id='word_1_649' title='bbox 3297 4346 3507 4416; x_wconf 76' lang='grc' dir='ltr'>ὄργανα</span> <span class='ocrx_word' id='word_1_650' title='bbox 3545 4349 3786 4418; x_wconf 80' lang='grc' dir='ltr'>δημοσία</span> <span class='ocrx_word' id='word_1_651' title='bbox 3815 4355 4000 4422; x_wconf 64' lang='grc' dir='ltr'>προτί.</span> 
     </span>
    </p>
   </div>
   <div class='ocr_carea' id='block_1_90' title="bbox 2424 4433 4003 4508">
    <p class='ocr_par' dir='ltr' id='par_1_90' title="bbox 2424 4433 4003 4508">
     <span class='ocr_line' id='line_1_90' title="bbox 2424 4433 4003 4508; baseline 0.008 -24"><span class='ocrx_word' id='word_1_652' title='bbox 2424 4433 2547 4501; x_wconf 84' lang='grc' dir='ltr'>Θησι</span> <span class='ocrx_word' id='word_1_653' title='bbox 2587 4435 2681 4490; x_wconf 78' lang='grc' dir='ltr'><strong>καὶ</strong></span> <span class='ocrx_word' id='word_1_654' title='bbox 2739 4434 2900 4485; x_wconf 76' lang='grc' dir='ltr'>αὐτὸν</span> <span class='ocrx_word' id='word_1_655' title='bbox 2933 4436 3257 4498; x_wconf 83' lang='grc' dir='ltr'>είσκαλέσας</span> <span class='ocrx_word' id='word_1_656' title='bbox 3280 4453 3292 4466; x_wconf 90' lang='grc'><strong>·</strong></span> <span class='ocrx_word' id='word_1_657' title='bbox 3348 4439 3419 4490; x_wconf 81' lang='grc' dir='ltr'><strong>Σὺ</strong></span> <span class='ocrx_word' id='word_1_658' title='bbox 3454 4433 3523 4504; x_wconf 79' lang='grc' dir='ltr'>εἴ,</span> <span class='ocrx_word' id='word_1_659' title='bbox 3574 4441 3728 4508; x_wconf 79' lang='grc' dir='ltr'>φησὶ,</span> <span class='ocrx_word' id='word_1_660' title='bbox 3761 4445 3792 4495; x_wconf 84' lang='grc' dir='ltr'>ὁ</span> <span class='ocrx_word' id='word_1_661' title='bbox 3826 4445 4003 4498; x_wconf 70' lang='grc' dir='ltr'>ὀπίσω</span> 
     </span>
    </p>
   </div>
   <div class='ocr_carea' id='block_1_91' title="bbox 2423 4523 3999 4605">
    <p class='ocr_par' dir='ltr' id='par_1_91' title="bbox 2423 4523 3999 4605">
     <span class='ocr_line' id='line_1_91' title="bbox 2423 4523 3999 4605; baseline 0.01 -30"><span class='ocrx_word' id='word_1_662' title='bbox 2423 4523 2517 4575; x_wconf 87' lang='grc' dir='ltr'><strong>τοῦ</strong></span> <span class='ocrx_word' id='word_1_663' title='bbox 2554 4524 2850 4592; x_wconf 74' lang='grc' dir='ltr'>λεγομένου</span> <span class='ocrx_word' id='word_1_664' title='bbox 2905 4526 3141 4595; x_wconf 80' lang='grc' dir='ltr'>Χριστοῦ</span> <span class='ocrx_word' id='word_1_665' title='bbox 3198 4529 3547 4598; x_wconf 80' lang='grc' dir='ltr'>πλανώμενος</span> <span class='ocrx_word' id='word_1_666' title='bbox 3594 4535 3867 4605; x_wconf 72' lang='grc' dir='ltr'><strong>νΛνῦιμος</strong></span> <span class='ocrx_word' id='word_1_667' title='bbox 3907 4543 3999 4590; x_wconf 67' lang='grc' dir='ltr'><strong>καὶ</strong></span> 
     </span>
    </p>
   </div>
   <div class='ocr_carea' id='block_1_92' title="bbox 751 4614 2323 4700">
    <p class='ocr_par' dir='ltr' id='par_1_92' title="bbox 751 4621 2316 4697">
     <span class='ocr_line' id='line_1_92' title="bbox 751 4621 2316 4697; baseline -0.003 -17"><span class='ocrx_word' id='word_1_668' title='bbox 751 4628 844 4697; x_wconf 87' lang='lat' dir='ltr'><strong>qui</strong></span> <span class='ocrx_word' id='word_1_669' title='bbox 880 4639 1001 4696; x_wconf 90' lang='lat' dir='ltr'><strong>post</strong></span> <span class='ocrx_word' id='word_1_670' title='bbox 1029 4627 1331 4686; x_wconf 84' lang='lat' dir='ltr'><strong>Christum,</strong></span> <span class='ocrx_word' id='word_1_671' title='bbox 1365 4623 1454 4690; x_wconf 89' lang='lat' dir='ltr'><strong>qni</strong></span> <span class='ocrx_word' id='word_1_672' title='bbox 1486 4622 1705 4684; x_wconf 90' lang='lat' dir='ltr'><strong>dicitur,</strong></span> <span class='ocrx_word' id='word_1_673' title='bbox 1763 4636 1936 4686; x_wconf 87' lang='lat' dir='ltr'><strong>erras,</strong></span> <span class='ocrx_word' id='word_1_674' title='bbox 1986 4621 2271 4675; x_wconf 88' lang='lat' dir='ltr'><strong>Authimus</strong></span> <span class='ocrx_word' id='word_1_675' title='bbox 2305 4642 2316 4676; x_wconf 91' lang='lat'><strong>:</strong></span> 
     </span>
    </p>
   </div>
   <div class='ocr_carea' id='block_1_93' title="bbox 2422 4614 4000 4700">
    <p class='ocr_par' dir='ltr' id='par_1_93' title="bbox 2427 4617 4000 4700">
     <span class='ocr_line' id='line_1_93' title="bbox 2427 4617 4000 4700; baseline 0.008 -30"><span class='ocrx_word' id='word_1_676' title='bbox 2427 4617 2517 4671; x_wconf 81' lang='grc' dir='ltr'><strong>τὸν</strong></span> <span class='ocrx_word' id='word_1_677' title='bbox 2558 4617 2724 4669; x_wconf 77' lang='grc' dir='ltr'>πολὺν</span> <span class='ocrx_word' id='word_1_678' title='bbox 2757 4618 2928 4689; x_wconf 82' lang='grc' dir='ltr'>ἀφελῆ</span> <span class='ocrx_word' id='word_1_679' title='bbox 2957 4622 3048 4672; x_wconf 77' lang='grc' dir='ltr'><strong>καὶ</strong></span> <span class='ocrx_word' id='word_1_680' title='bbox 3081 4620 3300 4675; x_wconf 79' lang='grc' dir='ltr'>εὔκολον</span> <span class='ocrx_word' id='word_1_681' title='bbox 3329 4624 3612 4694; x_wconf 81' lang='grc' dir='ltr'>ἄνθρωπον</span> <span class='ocrx_word' id='word_1_682' title='bbox 3648 4631 3715 4697; x_wconf 76' lang='grc' dir='ltr'>τῇ</span> <span class='ocrx_word' id='word_1_683' title='bbox 3758 4631 3847 4700; x_wconf 77' lang='grc' dir='ltr'>ἴσῃ</span> <span class='ocrx_word' id='word_1_684' title='bbox 3875 4627 4000 4700; x_wconf 68' lang='grc' dir='ltr'>περὶ</span> 
     </span>
    </p>
   </div>
   <div class='ocr_carea' id='block_1_94' title="bbox 752 4714 2317 4786">
    <p class='ocr_par' dir='ltr' id='par_1_94' title="bbox 752 4714 2317 4786">
     <span class='ocr_line' id='line_1_94' title="bbox 752 4714 2317 4786; baseline -0.003 -13"><span class='ocrx_word' id='word_1_685' title='bbox 752 4719 1075 4786; x_wconf 72' lang='lat' dir='ltr'><strong>facilemque</strong></span> <span class='ocrx_word' id='word_1_686' title='bbox 1111 4725 1164 4770; x_wconf 91' lang='lat' dir='ltr'><strong>et</strong></span> <span class='ocrx_word' id='word_1_687' title='bbox 1195 4715 1492 4784; x_wconf 85' lang='lat' dir='ltr'><strong>simplicem</strong></span> <span class='ocrx_word' id='word_1_688' title='bbox 1534 4714 1749 4768; x_wconf 90' lang='lat' dir='ltr'><strong>turbam</strong></span> <span class='ocrx_word' id='word_1_689' title='bbox 1787 4714 1837 4766; x_wconf 94' lang='lat' dir='ltr'><strong>in</strong></span> <span class='ocrx_word' id='word_1_690' title='bbox 1871 4715 2116 4767; x_wconf 89' lang='lat' dir='ltr'><strong>euuuiem</strong></span> <span class='ocrx_word' id='word_1_691' title='bbox 2149 4715 2317 4768; x_wconf 87' lang='lat' dir='ltr'><strong>addu-</strong></span> 
     </span>
    </p>
   </div>
   <div class='ocr_carea' id='block_1_95' title="bbox 751 4803 2320 4868">
    <p class='ocr_par' dir='ltr' id='par_1_95' title="bbox 751 4803 2320 4868">
     <span class='ocr_line' id='line_1_95' title="bbox 751 4803 2320 4868; baseline -0.006 -5"><span class='ocrx_word' id='word_1_692' title='bbox 751 4811 831 4863; x_wconf 90' lang='lat' dir='ltr'><strong>cis</strong></span> <span class='ocrx_word' id='word_1_693' title='bbox 864 4822 1126 4868; x_wconf 88' lang='lat' dir='ltr'><strong>errorem,</strong></span> <span class='ocrx_word' id='word_1_694' title='bbox 1161 4817 1212 4858; x_wconf 89' lang='lat' dir='ltr'><strong>et</strong></span> <span class='ocrx_word' id='word_1_695' title='bbox 1239 4807 1368 4858; x_wconf 87' lang='lat' dir='ltr'><strong>deos</strong></span> <span class='ocrx_word' id='word_1_696' title='bbox 1399 4815 1613 4858; x_wconf 87' lang='lat' dir='ltr'><strong>nostros</strong></span> <span class='ocrx_word' id='word_1_697' title='bbox 1648 4803 2144 4858; x_wconf 82' lang='lat' dir='ltr'><strong>inntnuerabililms</strong></span> <span class='ocrx_word' id='word_1_698' title='bbox 2189 4820 2320 4857; x_wconf 82' lang='lat' dir='ltr'><strong>con.</strong></span> 
     </span>
    </p>
   </div>
   <div class='ocr_carea' id='block_1_96' title="bbox 753 4897 2320 4965">
    <p class='ocr_par' dir='ltr' id='par_1_96' title="bbox 753 4897 2320 4965">
     <span class='ocr_line' id='line_1_96' title="bbox 753 4897 2320 4965; baseline -0.003 -9"><span class='ocrx_word' id='word_1_699' title='bbox 753 4899 992 4956; x_wconf 89' lang='lat' dir='ltr'><strong>tumeliis</strong></span> <span class='ocrx_word' id='word_1_700' title='bbox 1063 4897 1285 4952; x_wconf 76' lang='lat' dir='ltr'><strong>silicis?</strong></span> <span class='ocrx_word' id='word_1_701' title='bbox 1335 4898 1426 4952; x_wconf 90' lang='lat' dir='ltr'><strong>llle</strong></span> <span class='ocrx_word' id='word_1_702' title='bbox 1473 4909 1648 4954; x_wconf 83' lang='lat' dir='ltr'><strong>autem</strong></span> <span class='ocrx_word' id='word_1_703' title='bbox 1705 4913 1768 4950; x_wconf 70' lang='lat' dir='ltr'><strong>ev</strong></span> <span class='ocrx_word' id='word_1_704' title='bbox 1824 4913 1978 4965; x_wconf 77' lang='lat' dir='ltr'><strong>a-quo</strong></span> <span class='ocrx_word' id='word_1_705' title='bbox 2035 4899 2216 4952; x_wconf 90' lang='lat' dir='ltr'><strong>ridens</strong></span> <span class='ocrx_word' id='word_1_706' title='bbox 2267 4909 2320 4954; x_wconf 88' lang='lat' dir='ltr'><strong>ct</strong></span> 
     </span>
    </p>
   </div>
   <div class='ocr_carea' id='block_1_97' title="bbox 748 4990 2316 5062">
    <p class='ocr_par' dir='ltr' id='par_1_97' title="bbox 748 4990 2316 5062">
     <span class='ocr_line' id='line_1_97' title="bbox 748 4990 2316 5062; baseline -0.001 -17"><span class='ocrx_word' id='word_1_707' title='bbox 748 5003 1015 5048; x_wconf 84' lang='lat' dir='ltr'><strong>tormenta</strong></span> <span class='ocrx_word' id='word_1_708' title='bbox 1069 4990 1367 5062; x_wconf 83' lang='lat' dir='ltr'><strong>proposita,</strong></span> <span class='ocrx_word' id='word_1_709' title='bbox 1410 5001 1464 5043; x_wconf 90' lang='lat' dir='ltr'><strong>et</strong></span> <span class='ocrx_word' id='word_1_710' title='bbox 1495 5006 1554 5044; x_wconf 88' lang='lat' dir='ltr'><strong>ea</strong></span> <span class='ocrx_word' id='word_1_711' title='bbox 1588 5004 1710 5058; x_wconf 68' lang='lat' dir='ltr'><strong>quas</strong></span> <span class='ocrx_word' id='word_1_712' title='bbox 1759 4991 1970 5042; x_wconf 78' lang='lat' dir='ltr'><strong>dixerat</strong></span> <span class='ocrx_word' id='word_1_713' title='bbox 2010 5000 2266 5060; x_wconf 84' lang='lat' dir='ltr'><strong>tyrannus</strong></span> <span class='ocrx_word' id='word_1_714' title='bbox 2302 5005 2316 5044; x_wconf 89' lang='lat'><strong>:</strong></span> 
     </span>
    </p>
   </div>
   <div class='ocr_carea' id='block_1_98' title="bbox 745 5081 2314 5151">
    <p class='ocr_par' dir='ltr' id='par_1_98' title="bbox 745 5081 2314 5151">
     <span class='ocr_line' id='line_1_98' title="bbox 745 5081 2314 5151; baseline -0.005 -9"><span class='ocrx_word' id='word_1_715' title='bbox 745 5084 826 5142; x_wconf 81' lang='lat' dir='ltr'><strong>Ne</strong></span> <span class='ocrx_word' id='word_1_716' title='bbox 864 5085 928 5136; x_wconf 86' lang='lat' dir='ltr'><strong>ad</strong></span> <span class='ocrx_word' id='word_1_717' title='bbox 957 5084 1074 5138; x_wconf 74' lang='lat' dir='ltr'><strong>lucc</strong></span> <span class='ocrx_word' id='word_1_718' title='bbox 1111 5084 1350 5151; x_wconf 86' lang='lat' dir='ltr'><strong>quidem,</strong></span> <span class='ocrx_word' id='word_1_719' title='bbox 1383 5084 1574 5151; x_wconf 83' lang='lat' dir='ltr'><strong>inquit,</strong></span> <span class='ocrx_word' id='word_1_720' title='bbox 1609 5082 1699 5135; x_wconf 86' lang='lat' dir='ltr'><strong>tibi</strong></span> <span class='ocrx_word' id='word_1_721' title='bbox 1727 5081 2134 5148; x_wconf 88' lang='lat' dir='ltr'><strong>responderem,</strong></span> <span class='ocrx_word' id='word_1_722' title='bbox 2167 5091 2314 5135; x_wconf 88' lang='lat' dir='ltr'><strong>certo</strong></span> 
     </span>
    </p>
   </div>
   <div class='ocr_carea' id='block_1_99' title="bbox 746 5175 2318 5244">
    <p class='ocr_par' dir='ltr' id='par_1_99' title="bbox 746 5175 2318 5244">
     <span class='ocr_line' id='line_1_99' title="bbox 746 5175 2318 5244; baseline -0.004 -10"><span class='ocrx_word' id='word_1_723' title='bbox 746 5179 913 5242; x_wconf 87' lang='lat' dir='ltr'><strong>scias,</strong></span> <span class='ocrx_word' id='word_1_724' title='bbox 940 5193 972 5230; x_wconf 94' lang='lat' dir='ltr'><strong>o</strong></span> <span class='ocrx_word' id='word_1_725' title='bbox 1008 5179 1322 5244; x_wconf 87' lang='lat' dir='ltr'><strong>imperator,</strong></span> <span class='ocrx_word' id='word_1_726' title='bbox 1363 5177 1465 5230; x_wconf 88' lang='lat' dir='ltr'><strong>nisi</strong></span> <span class='ocrx_word' id='word_1_727' title='bbox 1505 5177 1636 5228; x_wconf 89' lang='lat' dir='ltr'><strong>mihi</strong></span> <span class='ocrx_word' id='word_1_728' title='bbox 1693 5190 1848 5229; x_wconf 86' lang='lat' dir='ltr'><strong>sacer</strong></span> <span class='ocrx_word' id='word_1_729' title='bbox 1877 5186 1929 5227; x_wconf 91' lang='lat' dir='ltr'><strong>et</strong></span> <span class='ocrx_word' id='word_1_730' title='bbox 1962 5175 2180 5229; x_wconf 85' lang='lat' dir='ltr'><strong>divinus</strong></span> <span class='ocrx_word' id='word_1_731' title='bbox 2224 5179 2318 5229; x_wconf 86' lang='lat' dir='ltr'><strong>do-</strong></span> 
     </span>
    </p>
   </div>
   <div class='ocr_carea' id='block_1_100' title="bbox 747 5268 2314 5336">
    <p class='ocr_par' dir='ltr' id='par_1_100' title="bbox 747 5268 2314 5336">
     <span class='ocr_line' id='line_1_100' title="bbox 747 5268 2314 5336; baseline 0.001 -14"><span class='ocrx_word' id='word_1_732' title='bbox 747 5281 864 5324; x_wconf 81' lang='lat' dir='ltr'><strong>ctor</strong></span> <span class='ocrx_word' id='word_1_733' title='bbox 899 5268 1096 5322; x_wconf 82' lang='lat' dir='ltr'><strong>Paulus</strong></span> <span class='ocrx_word' id='word_1_734' title='bbox 1123 5268 1492 5336; x_wconf 73' lang='lat' dir='ltr'><strong>persuaderet,</strong></span> <span class='ocrx_word' id='word_1_735' title='bbox 1529 5269 1727 5319; x_wconf 85' lang='lat' dir='ltr'><strong>docens</strong></span> <span class='ocrx_word' id='word_1_736' title='bbox 1764 5268 1781 5296; x_wconf 84' lang='grc'>²</span> <span class='ocrx_word' id='word_1_737' title='bbox 1817 5282 1915 5320; x_wconf 90' lang='lat' dir='ltr'><strong>nos</strong></span> <span class='ocrx_word' id='word_1_738' title='bbox 1950 5283 2070 5321; x_wconf 89' lang='lat' dir='ltr'><strong>esse</strong></span> <span class='ocrx_word' id='word_1_739' title='bbox 2099 5281 2314 5335; x_wconf 84' lang='lat' dir='ltr'><strong>paratos</strong></span> 
     </span>
    </p>
   </div>
   <div class='ocr_carea' id='block_1_101' title="bbox 757 5359 2314 5430">
    <p class='ocr_par' dir='ltr' id='par_1_101' title="bbox 757 5359 2314 5430">
     <span class='ocr_line' id='line_1_101' title="bbox 757 5359 2314 5430; baseline -0.001 -16"><span class='ocrx_word' id='word_1_740' title='bbox 757 5363 977 5414; x_wconf 80' lang='lat' dir='ltr'><strong>euihbet</strong></span> <span class='ocrx_word' id='word_1_741' title='bbox 1027 5359 1226 5430; x_wconf 85' lang='lat' dir='ltr'><strong>petenti</strong></span> <span class='ocrx_word' id='word_1_742' title='bbox 1280 5360 1502 5413; x_wconf 87' lang='lat' dir='ltr'><strong>reddere</strong></span> <span class='ocrx_word' id='word_1_743' title='bbox 1559 5361 1840 5412; x_wconf 88' lang='lat' dir='ltr'><strong>rationem.</strong></span> <span class='ocrx_word' id='word_1_744' title='bbox 1899 5359 2176 5412; x_wconf 79' lang='lat' dir='ltr'><strong>Pollicitus</strong></span> <span class='ocrx_word' id='word_1_745' title='bbox 2231 5369 2314 5414; x_wconf 85' lang='lat' dir='ltr'><strong>est</strong></span> 
     </span>
    </p>
   </div>
   <div class='ocr_carea' id='block_1_102' title="bbox 748 5451 2310 5519">
    <p class='ocr_par' dir='ltr' id='par_1_102' title="bbox 748 5451 2310 5519">
     <span class='ocr_line' id='line_1_102' title="bbox 748 5451 2310 5519; baseline 0.001 -14"><span class='ocrx_word' id='word_1_746' title='bbox 748 5452 894 5505; x_wconf 82' lang='lat' dir='ltr'><strong>enim</strong></span> <span class='ocrx_word' id='word_1_747' title='bbox 923 5453 1074 5506; x_wconf 79' lang='lat' dir='ltr'><strong>nobis</strong></span> <span class='ocrx_word' id='word_1_748' title='bbox 1107 5451 1248 5505; x_wconf 80' lang='lat' dir='ltr'><strong>Deus</strong></span> <span class='ocrx_word' id='word_1_749' title='bbox 1280 5451 1392 5506; x_wconf 88' lang='lat' dir='ltr'><strong>oris</strong></span> <span class='ocrx_word' id='word_1_750' title='bbox 1430 5452 1775 5519; x_wconf 86' lang='lat' dir='ltr'><strong>sapientiam,</strong></span> <span class='ocrx_word' id='word_1_751' title='bbox 1816 5469 1832 5499; x_wconf 86' lang='grc' dir='ltr'><strong>ι</strong></span> <span class='ocrx_word' id='word_1_752' title='bbox 1872 5454 1954 5505; x_wconf 84' lang='lat' dir='ltr'><strong>cui</strong></span> <span class='ocrx_word' id='word_1_753' title='bbox 1986 5468 2089 5504; x_wconf 86' lang='lat' dir='ltr'><strong>non</strong></span> <span class='ocrx_word' id='word_1_754' title='bbox 2124 5463 2310 5518; x_wconf 88' lang='lat' dir='ltr'><strong>potue-</strong></span> 
     </span>
    </p>
   </div>
   <div class='ocr_carea' id='block_1_103' title="bbox 746 5543 2312 5616">
    <p class='ocr_par' dir='ltr' id='par_1_103' title="bbox 746 5543 2312 5616">
     <span class='ocr_line' id='line_1_103' title="bbox 746 5543 2312 5616; baseline 0 -18"><span class='ocrx_word' id='word_1_755' title='bbox 746 5555 873 5598; x_wconf 90' lang='lat' dir='ltr'><strong>runt</strong></span> <span class='ocrx_word' id='word_1_756' title='bbox 901 5543 1153 5598; x_wconf 87' lang='lat' dir='ltr'><strong>resistere</strong></span> <span class='ocrx_word' id='word_1_757' title='bbox 1185 5561 1371 5599; x_wconf 85' lang='lat' dir='ltr'><strong>omnes</strong></span> <span class='ocrx_word' id='word_1_758' title='bbox 1406 5545 1574 5597; x_wconf 89' lang='lat' dir='ltr'><strong>nostri</strong></span> <span class='ocrx_word' id='word_1_759' title='bbox 1605 5545 1896 5598; x_wconf 85' lang='lat' dir='ltr'><strong>adversarii</strong></span> <span class='ocrx_word' id='word_1_760' title='bbox 1933 5545 1972 5599; x_wconf 89' lang='grc'><strong>³.</strong></span> <span class='ocrx_word' id='word_1_761' title='bbox 2006 5565 2022 5592; x_wconf 73' lang='grc' dir='ltr'><strong>ι</strong></span> <span class='ocrx_word' id='word_1_762' title='bbox 2055 5545 2186 5598; x_wconf 71' lang='lat' dir='ltr'><strong>Nam</strong></span> <span class='ocrx_word' id='word_1_763' title='bbox 2215 5561 2312 5616; x_wconf 71' lang='lat' dir='ltr'><strong>ego</strong></span> 
     </span>
    </p>
   </div>
   <div class='ocr_carea' id='block_1_104' title="bbox 748 5635 2309 5705">
    <p class='ocr_par' dir='ltr' id='par_1_104' title="bbox 748 5635 2309 5705">
     <span class='ocr_line' id='line_1_104' title="bbox 748 5635 2309 5705; baseline 0.004 -18"><span class='ocrx_word' id='word_1_764' title='bbox 748 5638 965 5702; x_wconf 87' lang='lat' dir='ltr'><strong>quidem</strong></span> <span class='ocrx_word' id='word_1_765' title='bbox 1015 5635 1162 5705; x_wconf 90' lang='lat' dir='ltr'><strong>prius</strong></span> <span class='ocrx_word' id='word_1_766' title='bbox 1197 5638 1271 5691; x_wconf 89' lang='lat' dir='ltr'><strong>tui</strong></span> <span class='ocrx_word' id='word_1_767' title='bbox 1307 5639 1358 5691; x_wconf 93' lang='lat' dir='ltr'><strong>in</strong></span> <span class='ocrx_word' id='word_1_768' title='bbox 1397 5637 1686 5692; x_wconf 85' lang='lat' dir='ltr'><strong>simulacra</strong></span> <span class='ocrx_word' id='word_1_769' title='bbox 1740 5639 1963 5701; x_wconf 83' lang='lat' dir='ltr'><strong>erroris,</strong></span> <span class='ocrx_word' id='word_1_770' title='bbox 2012 5646 2066 5691; x_wconf 91' lang='lat' dir='ltr'><strong>et</strong></span> <span class='ocrx_word' id='word_1_771' title='bbox 2117 5641 2168 5690; x_wconf 91' lang='lat' dir='ltr'><strong>in</strong></span> <span class='ocrx_word' id='word_1_772' title='bbox 2215 5653 2309 5694; x_wconf 89' lang='lat' dir='ltr'><strong>eos</strong></span> 
     </span>
    </p>
   </div>
   <div class='ocr_carea' id='block_1_105' title="bbox 744 5726 2308 5795">
    <p class='ocr_par' dir='ltr' id='par_1_105' title="bbox 744 5726 2308 5795">
     <span class='ocr_line' id='line_1_105' title="bbox 744 5726 2308 5795; baseline 0.004 -17"><span class='ocrx_word' id='word_1_773' title='bbox 744 5742 880 5795; x_wconf 84' lang='lat' dir='ltr'><strong>quos</strong></span> <span class='ocrx_word' id='word_1_774' title='bbox 909 5726 1041 5782; x_wconf 88' lang='lat' dir='ltr'><strong>dicis</strong></span> <span class='ocrx_word' id='word_1_775' title='bbox 1069 5729 1219 5790; x_wconf 83' lang='lat' dir='ltr'><strong>deos,</strong></span> <span class='ocrx_word' id='word_1_776' title='bbox 1277 5727 1596 5782; x_wconf 78' lang='lat' dir='ltr'><strong>damnabunt</strong></span> <span class='ocrx_word' id='word_1_777' title='bbox 1653 5727 2070 5781; x_wconf 85' lang='lat' dir='ltr'><strong>crassitudinem</strong></span> <span class='ocrx_word' id='word_1_778' title='bbox 2109 5745 2125 5785; x_wconf 84' lang='lat'><strong>:</strong></span> <span class='ocrx_word' id='word_1_779' title='bbox 2166 5745 2308 5784; x_wconf 91' lang='lat' dir='ltr'><strong>nunc</strong></span> 
     </span>
    </p>
   </div>
   <div class='ocr_carea' id='block_1_106' title="bbox 813 5903 2303 5973">
    <p class='ocr_par' dir='ltr' id='par_1_106' title="bbox 813 5903 2303 5973">
     <span class='ocr_line' id='line_1_106' title="bbox 813 5903 2303 5973; baseline 0 -12"><span class='ocrx_word' id='word_1_780' title='bbox 813 5911 833 5944; x_wconf 82' lang='grc'>³</span> <span class='ocrx_word' id='word_1_781' title='bbox 861 5904 1023 5961; x_wconf 86' lang='lat' dir='ltr'><strong>Hebr.</strong></span> <span class='ocrx_word' id='word_1_782' title='bbox 1060 5921 1173 5970; x_wconf 71' lang='grc' dir='ltr'>χιιι,</span> <span class='ocrx_word' id='word_1_783' title='bbox 1204 5905 1296 5970; x_wconf 82' lang='grc'><strong>17;</strong></span> <span class='ocrx_word' id='word_1_784' title='bbox 1334 5903 1349 5959; x_wconf 87' lang='grc' dir='ltr'><strong>Ι</strong></span> <span class='ocrx_word' id='word_1_785' title='bbox 1389 5904 1530 5960; x_wconf 85' lang='lat' dir='ltr'><strong>Petr.</strong></span> <span class='ocrx_word' id='word_1_786' title='bbox 1569 5920 1648 5967; x_wconf 90' lang='grc' dir='ltr'>ιιι,</span> <span class='ocrx_word' id='word_1_787' title='bbox 1687 5905 1769 5959; x_wconf 62' lang='lat' dir='ltr'><strong>iii.</strong></span> <span class='ocrx_word' id='word_1_788' title='bbox 1849 5907 1868 5937; x_wconf 83' lang='grc'><strong>⁸</strong></span> <span class='ocrx_word' id='word_1_789' title='bbox 1901 5906 2031 5961; x_wconf 88' lang='lat' dir='ltr'><strong>Luc.</strong></span> <span class='ocrx_word' id='word_1_790' title='bbox 2067 5907 2303 5973; x_wconf 71' lang='lat' dir='ltr'><strong>xxr,15.</strong></span> 
     </span>
    </p>
   </div>
   <div class='ocr_carea' id='block_1_107' title="bbox 2418 4713 3998 4792">
    <p class='ocr_par' dir='ltr' id='par_1_107' title="bbox 2418 4713 3998 4792">
     <span class='ocr_line' id='line_1_107' title="bbox 2418 4713 3998 4792; baseline 0.008 -28"><span class='ocrx_word' id='word_1_791' title='bbox 2418 4713 2576 4765; x_wconf 83' lang='grc' dir='ltr'>αὐτὸν</span> <span class='ocrx_word' id='word_1_792' title='bbox 2633 4713 2976 4781; x_wconf 84' lang='grc' dir='ltr'>ὑπαγόμενος</span> <span class='ocrx_word' id='word_1_793' title='bbox 3022 4717 3207 4786; x_wconf 79' lang='grc' dir='ltr'>ἀπάτῃ</span> <span class='ocrx_word' id='word_1_794' title='bbox 3264 4718 3358 4769; x_wconf 79' lang='grc' dir='ltr'><strong>καὶ</strong></span> <span class='ocrx_word' id='word_1_795' title='bbox 3415 4721 3613 4788; x_wconf 84' lang='grc' dir='ltr'>μυρίαν</span> <span class='ocrx_word' id='word_1_796' title='bbox 3675 4722 3838 4792; x_wconf 77' lang='grc' dir='ltr'>ὓϐριν</span> <span class='ocrx_word' id='word_1_797' title='bbox 3890 4727 3998 4776; x_wconf 83' lang='grc' dir='ltr'><strong>τῶν</strong></span> 
     </span>
    </p>
   </div>
   <div class='ocr_carea' id='block_1_108' title="bbox 2419 4805 4000 4884">
    <p class='ocr_par' dir='ltr' id='par_1_108' title="bbox 2419 4805 4000 4884">
     <span class='ocr_line' id='line_1_108' title="bbox 2419 4805 4000 4884; baseline 0.009 -30"><span class='ocrx_word' id='word_1_798' title='bbox 2419 4806 2701 4874; x_wconf 73' lang='grc' dir='ltr'>ἡμετέρων</span> <span class='ocrx_word' id='word_1_799' title='bbox 2727 4805 2862 4856; x_wconf 77' lang='grc' dir='ltr'>Θεῶν</span> <span class='ocrx_word' id='word_1_800' title='bbox 2886 4807 3199 4875; x_wconf 66' lang='grc' dir='ltr'>καταχέων;</span> <span class='ocrx_word' id='word_1_801' title='bbox 3248 4806 3306 4862; x_wconf 82' lang='grc' dir='ltr'>Ὀ</span> <span class='ocrx_word' id='word_1_802' title='bbox 3337 4810 3391 4864; x_wconf 78' lang='grc' dir='ltr'>δὲ</span> <span class='ocrx_word' id='word_1_803' title='bbox 3415 4812 3501 4864; x_wconf 76' lang='grc' dir='ltr'><strong>ἐπ’</strong></span> <span class='ocrx_word' id='word_1_804' title='bbox 3537 4814 3658 4883; x_wconf 84' lang='grc' dir='ltr'>ίσης</span> <span class='ocrx_word' id='word_1_805' title='bbox 3689 4816 3758 4867; x_wconf 75' lang='grc' dir='ltr'><strong>τά.</strong></span> <span class='ocrx_word' id='word_1_806' title='bbox 3787 4834 3847 4868; x_wconf 77' lang='grc' dir='ltr'><strong>τε</strong></span> <span class='ocrx_word' id='word_1_807' title='bbox 3877 4834 4000 4884; x_wconf 82' lang='grc' dir='ltr'>προ-</span> 
     </span>
    </p>
   </div>
   <div class='ocr_carea' id='block_1_109' title="bbox 2419 4897 3996 4974">
    <p class='ocr_par' dir='ltr' id='par_1_109' title="bbox 2419 4897 3996 4974">
     <span class='ocr_line' id='line_1_109' title="bbox 2419 4897 3996 4974; baseline 0.005 -23"><span class='ocrx_word' id='word_1_808' title='bbox 2419 4899 2645 4967; x_wconf 82' lang='grc' dir='ltr'>κείμενα</span> <span class='ocrx_word' id='word_1_809' title='bbox 2669 4897 2875 4966; x_wconf 78' lang='grc' dir='ltr'>ὖργανα</span> <span class='ocrx_word' id='word_1_810' title='bbox 2908 4901 3001 4951; x_wconf 73' lang='grc' dir='ltr'><strong>καὶ</strong></span> <span class='ocrx_word' id='word_1_811' title='bbox 3030 4901 3154 4963; x_wconf 71' lang='grc' dir='ltr'>τοὺς</span> <span class='ocrx_word' id='word_1_812' title='bbox 3186 4902 3280 4954; x_wconf 90' lang='grc' dir='ltr'><strong>τοῦ</strong></span> <span class='ocrx_word' id='word_1_813' title='bbox 3309 4904 3574 4971; x_wconf 85' lang='grc' dir='ltr'>τυράννου</span> <span class='ocrx_word' id='word_1_814' title='bbox 3612 4903 3808 4971; x_wconf 75' lang='grc' dir='ltr'>λόγους</span> <span class='ocrx_word' id='word_1_815' title='bbox 3837 4908 3996 4974; x_wconf 84' lang='grc' dir='ltr'>γελά-</span> 
     </span>
    </p>
   </div>
   <div class='ocr_carea' id='block_1_110' title="bbox 2422 4987 3994 5062">
    <p class='ocr_par' dir='ltr' id='par_1_110' title="bbox 2422 4987 3994 5062">
     <span class='ocr_line' id='line_1_110' title="bbox 2422 4987 3994 5062; baseline 0.006 -25"><span class='ocrx_word' id='word_1_816' title='bbox 2422 5003 2521 5048; x_wconf 89' lang='grc' dir='ltr'><strong>σας</strong></span> <span class='ocrx_word' id='word_1_817' title='bbox 2545 5002 2557 5016; x_wconf 70' lang='grc'><strong><em>⁸</em></strong></span> <span class='ocrx_word' id='word_1_818' title='bbox 2597 4987 2730 5038; x_wconf 81' lang='grc' dir='ltr'>Οὐδὲ</span> <span class='ocrx_word' id='word_1_819' title='bbox 2771 4989 3153 5059; x_wconf 79' lang='grc' dir='ltr'>ἀπεκρινάμην</span> <span class='ocrx_word' id='word_1_820' title='bbox 3207 4992 3272 5044; x_wconf 83' lang='grc' dir='ltr'>ἄν</span> <span class='ocrx_word' id='word_1_821' title='bbox 3303 5009 3404 5052; x_wconf 88' lang='grc' dir='ltr'>σοι,</span> <span class='ocrx_word' id='word_1_822' title='bbox 3435 4993 3591 5060; x_wconf 66' lang='grc' dir='ltr'>φησι,</span> <span class='ocrx_word' id='word_1_823' title='bbox 3625 4996 3764 5062; x_wconf 70' lang='grc' dir='ltr'>πρὸς</span> <span class='ocrx_word' id='word_1_824' title='bbox 3798 4999 3994 5060; x_wconf 74' lang='grc' dir='ltr'>ταῦτα,</span> 
     </span>
    </p>
   </div>
   <div class='ocr_carea' id='block_1_111' title="bbox 2421 5072 3994 5151">
    <p class='ocr_par' dir='ltr' id='par_1_111' title="bbox 2421 5072 3994 5151">
     <span class='ocr_line' id='line_1_111' title="bbox 2421 5072 3994 5151; baseline 0.008 -22"><span class='ocrx_word' id='word_1_825' title='bbox 2421 5077 2548 5140; x_wconf 81' lang='grc' dir='ltr'>ῐσοι,</span> <span class='ocrx_word' id='word_1_826' title='bbox 2583 5072 2626 5131; x_wconf 84' lang='grc' dir='ltr'><strong>ὧ</strong></span> <span class='ocrx_word' id='word_1_827' title='bbox 2664 5078 2913 5148; x_wconf 81' lang='grc' dir='ltr'>βασιλεῦ,</span> <span class='ocrx_word' id='word_1_828' title='bbox 2934 5083 2980 5132; x_wconf 85' lang='grc' dir='ltr'>εἰ</span> <span class='ocrx_word' id='word_1_829' title='bbox 3016 5083 3088 5151; x_wconf 86' lang='grc' dir='ltr'>μή</span> <span class='ocrx_word' id='word_1_830' title='bbox 3115 5099 3180 5150; x_wconf 88' lang='grc' dir='ltr'><strong>με</strong></span> <span class='ocrx_word' id='word_1_831' title='bbox 3215 5084 3241 5134; x_wconf 90' lang='grc' dir='ltr'>ὁ</span> <span class='ocrx_word' id='word_1_832' title='bbox 3271 5082 3412 5151; x_wconf 85' lang='grc' dir='ltr'>ἱερὸς</span> <span class='ocrx_word' id='word_1_833' title='bbox 3442 5085 3533 5136; x_wconf 82' lang='grc' dir='ltr'><strong>καὶ</strong></span> <span class='ocrx_word' id='word_1_834' title='bbox 3560 5084 3702 5148; x_wconf 76' lang='grc' dir='ltr'>Θεῖος</span> <span class='ocrx_word' id='word_1_835' title='bbox 3735 5086 3994 5141; x_wconf 76' lang='grc' dir='ltr'>δ.δάσκα-</span> 
     </span>
    </p>
   </div>
   <div class='ocr_carea' id='block_1_112' title="bbox 2420 5169 3994 5243">
    <p class='ocr_par' dir='ltr' id='par_1_112' title="bbox 2420 5169 3994 5243">
     <span class='ocr_line' id='line_1_112' title="bbox 2420 5169 3994 5243; baseline 0.008 -23"><span class='ocrx_word' id='word_1_836' title='bbox 2420 5169 2505 5233; x_wconf 88' lang='grc' dir='ltr'><strong>λος</strong></span> <span class='ocrx_word' id='word_1_837' title='bbox 2540 5171 2722 5222; x_wconf 75' lang='grc' dir='ltr'>ἔπειθε</span> <span class='ocrx_word' id='word_1_838' title='bbox 2759 5171 2990 5236; x_wconf 88' lang='grc' dir='ltr'>Παῦλος,</span> <span class='ocrx_word' id='word_1_839' title='bbox 3036 5174 3290 5242; x_wconf 79' lang='grc' dir='ltr'>ἑτοίμους</span> <span class='ocrx_word' id='word_1_840' title='bbox 3325 5176 3468 5243; x_wconf 74' lang='grc' dir='ltr'>ἡμᾶς</span> <span class='ocrx_word' id='word_1_841' title='bbox 3524 5173 3664 5229; x_wconf 78' lang='grc' dir='ltr'>εἶναι</span> <span class='ocrx_word' id='word_1_842' title='bbox 3699 5179 3994 5243; x_wconf 67' lang='grc' dir='ltr'>διδάσκων,</span> 
     </span>
    </p>
   </div>
   <div class='ocr_carea' id='block_1_113' title="bbox 2421 5265 3996 5342">
    <p class='ocr_par' dir='ltr' id='par_1_113' title="bbox 2421 5265 3996 5342">
     <span class='ocr_line' id='line_1_113' title="bbox 2421 5265 3996 5342; baseline 0.006 -27"><span class='ocrx_word' id='word_1_843' title='bbox 2421 5266 2584 5316; x_wconf 69' lang='grc' dir='ltr'>παντὶ</span> <span class='ocrx_word' id='word_1_844' title='bbox 2621 5266 2696 5334; x_wconf 78' lang='grc' dir='ltr'>τῷ</span> <span class='ocrx_word' id='word_1_845' title='bbox 2729 5265 2967 5318; x_wconf 80' lang='grc' dir='ltr'>αἰτοῦντι</span> <span class='ocrx_word' id='word_1_846' title='bbox 3007 5266 3161 5335; x_wconf 81' lang='grc' dir='ltr'>λόγον</span> <span class='ocrx_word' id='word_1_847' title='bbox 3211 5268 3444 5321; x_wconf 88' lang='grc' dir='ltr'>διδόναι·</span> <span class='ocrx_word' id='word_1_848' title='bbox 3483 5271 3860 5338; x_wconf 76' lang='grc' dir='ltr'>ἐπηγγείλατο</span> <span class='ocrx_word' id='word_1_849' title='bbox 3889 5275 3996 5342; x_wconf 73' lang='grc' dir='ltr'><strong>γὰρ</strong></span> 
     </span>
    </p>
   </div>
   <div class='ocr_carea' id='block_1_114' title="bbox 2421 5357 3997 5432">
    <p class='ocr_par' dir='ltr' id='par_1_114' title="bbox 2421 5357 3997 5432">
     <span class='ocr_line' id='line_1_114' title="bbox 2421 5357 3997 5432; baseline 0.007 -26"><span class='ocrx_word' id='word_1_850' title='bbox 2421 5357 2552 5425; x_wconf 79' lang='grc' dir='ltr'>ἡμῖν</span> <span class='ocrx_word' id='word_1_851' title='bbox 2585 5360 2611 5410; x_wconf 86' lang='grc' dir='ltr'>ὀ</span> <span class='ocrx_word' id='word_1_852' title='bbox 2643 5361 2773 5420; x_wconf 71' lang='grc' dir='ltr'>θεὸς</span> <span class='ocrx_word' id='word_1_853' title='bbox 2802 5359 2998 5411; x_wconf 85' lang='grc' dir='ltr'>διδόναι</span> <span class='ocrx_word' id='word_1_854' title='bbox 3027 5364 3117 5410; x_wconf 79' lang='grc' dir='ltr'>καὶ</span> <span class='ocrx_word' id='word_1_855' title='bbox 3148 5360 3322 5428; x_wconf 87' lang='grc' dir='ltr'>στόμα</span> <span class='ocrx_word' id='word_1_856' title='bbox 3359 5360 3451 5414; x_wconf 77' lang='grc' dir='ltr'><strong>καὶ</strong></span> <span class='ocrx_word' id='word_1_857' title='bbox 3486 5363 3703 5427; x_wconf 59' lang='grc' dir='ltr'>σοφίαν,</span> <span class='ocrx_word' id='word_1_858' title='bbox 3814 5365 3878 5416; x_wconf 86' lang='grc' dir='ltr'><strong>οὐ</strong></span> <span class='ocrx_word' id='word_1_859' title='bbox 3909 5365 3997 5416; x_wconf 73' lang='grc' dir='ltr'>δν-</span> 
     </span>
    </p>
   </div>
   <div class='ocr_carea' id='block_1_115' title="bbox 2421 5452 3992 5526">
    <p class='ocr_par' dir='ltr' id='par_1_115' title="bbox 2421 5452 3992 5526">
     <span class='ocr_line' id='line_1_115' title="bbox 2421 5452 3992 5526; baseline 0.004 -24"><span class='ocrx_word' id='word_1_860' title='bbox 2421 5452 2674 5519; x_wconf 81' lang='grc' dir='ltr'>νήσονται</span> <span class='ocrx_word' id='word_1_861' title='bbox 2712 5453 3024 5519; x_wconf 72' lang='grc' dir='ltr'>ἀντιστῆναι</span> <span class='ocrx_word' id='word_1_862' title='bbox 3071 5453 3270 5516; x_wconf 76' lang='grc' dir='ltr'>πάντες</span> <span class='ocrx_word' id='word_1_863' title='bbox 3318 5457 3367 5506; x_wconf 82' lang='grc' dir='ltr'>οἱ</span> <span class='ocrx_word' id='word_1_864' title='bbox 3419 5455 3798 5522; x_wconf 75' lang='grc' dir='ltr'>ἀντικείμενοι</span> <span class='ocrx_word' id='word_1_865' title='bbox 3841 5461 3992 5526; x_wconf 74' lang='grc' dir='ltr'>ἡμῖν.</span> 
     </span>
    </p>
   </div>
   <div class='ocr_carea' id='block_1_116' title="bbox 2428 5544 3993 5620">
    <p class='ocr_par' dir='ltr' id='par_1_116' title="bbox 2428 5544 3993 5620">
     <span class='ocr_line' id='line_1_116' title="bbox 2428 5544 3993 5620; baseline 0.004 -27"><span class='ocrx_word' id='word_1_866' title='bbox 2428 5544 2515 5604; x_wconf 80' lang='grc' dir='ltr'>Ὧς</span> <span class='ocrx_word' id='word_1_867' title='bbox 2549 5544 2722 5610; x_wconf 76' lang='grc' dir='ltr'>ἔγωγε</span> <span class='ocrx_word' id='word_1_868' title='bbox 2757 5544 2956 5614; x_wconf 79' lang='grc' dir='ltr'>πολλήν</span> <span class='ocrx_word' id='word_1_869' title='bbox 2993 5563 3084 5598; x_wconf 87' lang='grc' dir='ltr'><strong>σου</strong></span> <span class='ocrx_word' id='word_1_870' title='bbox 3126 5547 3218 5598; x_wconf 76' lang='grc' dir='ltr'>καὶ</span> <span class='ocrx_word' id='word_1_871' title='bbox 3259 5549 3522 5618; x_wconf 78' lang='grc' dir='ltr'>πρότερον</span> <span class='ocrx_word' id='word_1_872' title='bbox 3559 5549 3857 5620; x_wconf 73' lang='grc' dir='ltr'>παχύτητα</span> <span class='ocrx_word' id='word_1_873' title='bbox 3896 5550 3993 5620; x_wconf 74' lang='grc' dir='ltr'>ἤδη</span> 
     </span>
    </p>
   </div>
   <div class='ocr_carea' id='block_1_117' title="bbox 2418 5636 3998 5713">
    <p class='ocr_par' dir='ltr' id='par_1_117' title="bbox 2418 5636 3998 5713">
     <span class='ocr_line' id='line_1_117' title="bbox 2418 5636 3998 5713; baseline 0.003 -24"><span class='ocrx_word' id='word_1_874' title='bbox 2418 5636 2848 5702; x_wconf 82' lang='grc' dir='ltr'>καταγινώσκων</span> <span class='ocrx_word' id='word_1_875' title='bbox 2877 5639 2972 5707; x_wconf 76' lang='grc' dir='ltr'>τῆς</span> <span class='ocrx_word' id='word_1_876' title='bbox 2994 5657 3055 5691; x_wconf 88' lang='grc' dir='ltr'><strong>πε</strong></span> <span class='ocrx_word' id='word_1_877' title='bbox 3068 5641 3119 5710; x_wconf 57' lang='lat' dir='ltr'><strong>pi.</strong></span> <span class='ocrx_word' id='word_1_878' title='bbox 3147 5644 3214 5693; x_wconf 73' lang='grc' dir='ltr'>τὰ</span> <span class='ocrx_word' id='word_1_879' title='bbox 3235 5639 3427 5692; x_wconf 72' lang='grc' dir='ltr'>εἴδωλα</span> <span class='ocrx_word' id='word_1_880' title='bbox 3457 5639 3672 5713; x_wconf 70' lang='grc' dir='ltr'>πλάνης</span> <span class='ocrx_word' id='word_1_881' title='bbox 3705 5647 3836 5709; x_wconf 56' lang='grc' dir='ltr'>τοὺς</span> <span class='ocrx_word' id='word_1_882' title='bbox 3866 5647 3998 5712; x_wconf 77' lang='grc' dir='ltr'>ὑμε-</span> 
     </span>
    </p>
   </div>
   <div class='ocr_carea' id='block_1_118' title="bbox 2418 5729 4012 5808">
    <p class='ocr_par' dir='ltr' id='par_1_118' title="bbox 2418 5729 4012 5808">
     <span class='ocr_line' id='line_1_118' title="bbox 2418 5729 4012 5808; baseline 0.001 -24"><span class='ocrx_word' id='word_1_883' title='bbox 2418 5733 2631 5799; x_wconf 76' lang='grc' dir='ltr'>τέρους,</span> <span class='ocrx_word' id='word_1_884' title='bbox 2654 5729 2727 5792; x_wconf 81' lang='grc' dir='ltr'>ὡς</span> <span class='ocrx_word' id='word_1_885' title='bbox 2750 5729 2904 5799; x_wconf 61' lang='grc' dir='ltr'>ἔφης,</span> <span class='ocrx_word' id='word_1_886' title='bbox 2932 5730 3109 5796; x_wconf 74' lang='grc' dir='ltr'>Οεοὺς,</span> <span class='ocrx_word' id='word_1_887' title='bbox 3142 5732 3234 5788; x_wconf 83' lang='grc' dir='ltr'><strong>νῦν</strong></span> <span class='ocrx_word' id='word_1_888' title='bbox 3259 5731 3474 5785; x_wconf 85' lang='grc' dir='ltr'>πλείονά</span> <span class='ocrx_word' id='word_1_889' title='bbox 3509 5750 3614 5788; x_wconf 78' lang='grc' dir='ltr'><strong>σου</strong></span> <span class='ocrx_word' id='word_1_890' title='bbox 3652 5742 3751 5793; x_wconf 64' lang='grc' dir='ltr'><strong>καὶ</strong></span> <span class='ocrx_word' id='word_1_891' title='bbox 3774 5735 4012 5808; x_wconf 70' lang='grc' dir='ltr'>φανερὰν</span> 
     </span>
    </p>
   </div>
  </div>
