4180 6494
752 441 853 503 Πθ

2045 423 2326 488 MENSiS
2369 425 2702 487 APRILIS.

3895 435 3985 499 180

741 556 892 609 illinc
920 552 1070 610 audit
1101 566 1291 607 vocem
1319 565 1444 606 eum
1478 549 1646 618 magis
1677 545 2045 606 roborantem,
2073 549 2125 594 ct
2154 551 2301 605 spon-

2420 537 2604 606 φωνῆς
2635 537 2847 592 ἐκεῖθεν
2868 539 2960 590 ἐπὶ
2985 538 3185 608 μᾶλλον
3212 541 3374 595 αὑτὸν
3398 543 3648 613 ὲνισχυού
3663 562 3756 615 της
3785 545 3983 614 ἀκούει,

739 651 956 702 dentem
1020 645 1326 706 victoriam,
1388 652 1442 696 et
1503 638 1721 710 praemia
1783 635 2207 706 promittentem,
2260 639 2314 682 et

742 755 866 794 mox
923 754 1140 792 manum
1200 737 1526 806 praebentem
1577 748 1700 804 quae
1743 731 1983 798 imponat
2027 739 2308 780 coronam.

742 832 853 887 Vox
887 843 1070 888 autem
1105 832 1222 902 ejus
1252 832 1489 884 animum
1527 824 1797 882 convertit
1836 821 1901 875 ad
1941 817 2311 887 tranquillita-

738 931 869 990 tem,
922 934 972 980 et
1023 924 1139 988 eius
1190 924 1393 977 vultum
1461 919 1695 976 reddidit
1751 914 2095 971 alacriorem.
2147 909 2314 962 Porro

738 1031 920 1073 autem
977 1015 1248 1084 iucundus
1299 1030 1514 1085 quoque
1547 1012 1766 1083 quidam
1816 1007 2066 1064 subrisus
2118 1002 2317 1059 insidet

737 1111 856 1176 ejus
913 1109 1098 1170 labris,
1135 1108 1452 1174 significans
1489 1106 1754 1157 internatn
1788 1099 1970 1154 cordis
2005 1093 2313 1164 tranquilli-

737 1207 924 1256 tatem.
959 1196 1083 1251 Haec
1113 1211 1244 1267 ergo
1278 1197 1464 1251 videns
1497 1193 1878 1255 Maximianus,
1911 1187 2160 1258 stupebat
2190 1185 2311 1253 qui-

736 1294 880 1351 dem,
927 1299 985 1343 ut
1016 1297 1140 1343 erat
1184 1298 1605 1342 consentaneum
1669 1283 1875 1352 (quidni
1925 1282 2066 1335 enim
2126 1288 2311 1345 stupe-

736 1392 814 1433 ret
833 1381 906 1450 ?):
947 1380 1023 1435 rei
1055 1391 1232 1435 tamen
1271 1381 1680 1445 d‘etrahehat,et
1706 1393 1823 1432 eam
1850 1375 2075 1428 vocabat
2103 1372 2312 1442 praesti-

733 1477 868 1541 gias,
900 1483 954 1527 et
986 1473 1434 1537 incantationem,
1468 1481 1522 1525 et
1562 1469 1783 1538 rogabat
1839 1482 2084 1523 cauSam.
2116 1462 2307 1518 Justus

733 1574 941 1632 autem,
975 1565 1136 1629 Sunt,
1177 1565 1372 1634 inquit,
1413 1564 1542 1617 mihi
1580 1562 1890 1633 prresentia,
1922 1576 1955 1615 0
1985 1562 2307 1628 imperator,

734 1661 872 1712 bona
907 1660 1129 1726 praemia
1167 1668 1222 1713 et
1251 1669 1398 1712 certa
1434 1657 1721 1726 promissio
1773 1655 2101 1709 futurorum.
2153 1649 2307 1704 Brevi

735 1751 880 1802 enim
934 1751 1251 1804 convincam
1295 1758 1344 1804 te
1377 1749 1577 1803 frustra
1611 1761 1730 1802 esse
1784 1767 1793 1799 ι
1825 1748 2042 1809 Δ(ιλιυιη,
2075 1752 2130 1796 et
2159 1742 2307 1803 deos,

735 1857 874 1901 quos
937 1844 1201 1904 nominas,
1261 1844 1542 1895 ostendant
1609 1855 1730 1893 esse
1796 1835 2046 1890 ..un.anis
2105 1832 2308 1886 viribus

737 1936 890 2004 longe
919 1934 1326 1997 imbecilliores,
1351 1934 1483 1986 adeo
1512 1942 1566 1984 ut
1597 1941 1646 1986 te
1671 1933 1742 1986 sit
1767 1931 2010 1985 subitura
2039 1928 2307 1998 pceniten-

733 2030 828 2089 tia,
853 2027 994 2097 quod
1026 2028 1126 2080 mei
1158 2027 1349 2081 feceris
1377 2025 1667 2095 periculum
1689 2040 1703 2079 :
1725 2022 1936 2091 etquod
1960 2036 2063 2074 non
2092 2037 2118 2073 a
2155 2019 2310 2072 nobis

731 2123 890 2174 citius
919 2121 1228 2182 recesseris,
1268 2136 1372 2174 non
1407 2120 1521 2174 leve
1556 2118 1632 2172 sis
1655 2121 1909 2172 damnum
1941 2115 2304 2181 iudieaturus.

809 2213 935 2268 Vill.
997 2213 1092 2268 His
1142 2215 1494 2268 vehementer
1555 2223 1858 2265 commotus
1925 2208 2304 2270 Maximianus,

721 2307 878 2376 jubet
914 2316 1204 2377 martyrem
1239 2314 1368 2359 rota:
1396 2304 1696 2373 alligatum,
1720 2301 2062 2355 continenter
2089 2301 2306 2368 quidem

731 2402 782 2451 in
813 2409 928 2456 rota
963 2399 1190 2462 versari,
1219 2398 1359 2469 ignis
1385 2407 1562 2451 autem
1597 2393 1936 2464 lampadibus
1965 2391 2082 2458 ejus
2111 2405 2308 2446 carnes

729 2489 975 2544 consumi
1011 2499 1064 2542 et
1113 2488 1360 2556 eliquari.
1399 2488 1578 2556 Atque
1608 2484 1936 2539 Maximiano
1966 2483 2183 2552 quidem
2240 2479 2306 2534 ad

728 2580 981 2636 effectum
1024 2583 1206 2635 statim
1240 2581 1502 2635 deductus
1538 2577 1639 2633 fuit
1669 2577 1855 2646 jussus
1893 2595 1906 2630 :
1942 2586 1995 2631 et
2028 2576 2307 2646 lampades

731 2678 782 2728 in
819 2691 980 2728 manu
1017 2675 1279 2730 habentes
1330 2673 1568 2738 lictores,
1595 2679 1948 2726 accesserunt
1983 2668 2048 2724 ad
2100 2679 2304 2738 marty-

731 2785 845 2822 rem
883 2768 974 2838 qui
1027 2777 1145 2823 erat
1193 2776 1453 2821 extensus
1504 2765 1556 2818 in
1611 2772 1769 2829 rota,
1816 2762 1991 2830 ignem
2040 2761 2307 2829 spirantes

732 2865 907 2925 ignem
965 2860 1230 2924 videntes,
1288 2859 1463 2929 ignem
1518 2856 1756 2912 ferentes
1805 2873 1819 2908 ε
1861 2854 2060 2908 animis
2095 2853 2148 2908 in
2184 2870 2304 2907 eum

729 2952 1002 3005 ﬂammam
1057 2950 1321 3021 Spirantes
1374 2948 1689 3012 ferventius,
1724 2961 1888 3016 quam
1943 2944 2102 3014 ignis,
2143 2959 2303 3014 quem

730 3045 1000 3100 habebant
1031 3045 1083 3097 in
1121 3044 1388 3104 manibus,
1426 3056 1490 3094 ac
1523 3042 1909 3109 propemodum
1949 3039 2304 3100 arbitrantes,

727 3155 784 3192 se
816 3137 1074 3192 athletam
1111 3135 1353 3190 facturos
1402 3148 1528 3189 esse
1571 3141 1742 3186 totum
1779 3131 2114 3186 ﬂammeum.
2149 3127 2307 3183 Post-

2419 630 2514 681 καὶ
2566 630 2663 699 τὴν
2711 631 2866 700 νίκην
2896 632 3321 703 παρεγγυώσης,
3381 639 3473 690 καὶ
3519 637 3589 689 τά
3645 638 3858 692 ἔπαθλα
3892 641 3985 692 ὑπο

2420 720 2800 794 ισχνουμένης,
2835 726 2928 777 καὶ
2953 725 3076 778 ὅσον
3105 727 3317 780 οὐδέπω
3347 731 3504 798 χεῖρα
3541 730 3847 802 ὀρεγούσης
3879 749 3988 786 στει-

2418 817 2730 884 φανηφόρον
2755 834 2767 846 ·
2806 818 2900 871 xui.
2932 821 2962 888 ἡ
2995 820 3146 892 φωνὴ
3179 838 3315 891 προς
3346 823 3406 874 τὸ
3433 823 3805 894 εὐθυμότερον
3831 826 3985 880 αὐτοῦ

2415 907 2514 975 τὴν
2570 908 2748 978 ψυχὴν
2789 912 3115 978 μεταϐάλλει
3151 916 3246 968 καὶ
3298 915 3658 988 φαιδρότερον
3717 917 3988 988 διατίθησι

2416 999 2510 1051 τοῦ
2537 1001 2829 1070 προσώπου
2853 1003 2949 1074 τὴν
2984 1005 3133 1075 ὤραν
3162 1007 3253 1059 καί
3287 1025 3339 1061 τι
3392 1012 3485 1062 καὶ
3514 1009 3779 1079 μειδίαμα
3813 1011 3990 1081 χαρίεν

2415 1095 2525 1154 τοῖς
2563 1094 2797 1158 χείλεσιν
2833 1097 3098 1162 amem,
3135 1098 3234 1168 τὴν
3267 1098 3415 1152 ἔνδον
3443 1101 3540 1168 τῆς
3565 1102 3804 1171 καρδίας
3827 1106 3989 1170 γαλή-

2414 1204 2510 1255 νην
2541 1187 2933 1256 ῦποσημαῖνον.
2973 1191 3160 1246 Ταῦτα
3219 1192 3311 1246 οὖν
3343 1195 3483 1263 ὁρῶν
3524 1196 3877 1265 Μαξιμιανδς
3915 1197 3991 1260 ἐξ·

2413 1282 2709 1348 επ).ήττετο
2745 1284 2842 1352 μὲν
2874 1284 3062 1355 ὥσπερ
3087 1287 3234 1350 εἰκὸς
3283 1289 3369 1358 (τί
3414 1291 3519 1359 γὰρ
3545 1292 3645 1343 οὐκ
3689 1291 3987 1362 ἕμελλεν;)

2413 1373 2627 1440 διέσυρε
2656 1376 2713 1428 δὲ
2737 1377 2885 1445 ὅμως
2911 1377 2970 1429 τὸ
3000 1383 3235 1450 πρᾶγμα
3265 1383 3358 1436 καὶ
3400 1385 3658 1452 γοητείαν
3681 1385 3874 1438 ἐκάλει
3905 1389 3990 1439 καὶ

2411 1467 2510 1533 τὴν
2532 1466 2710 1520 αἰτίαν
2741 1471 3094 1526 ἐπυνθάνετο.
3143 1473 3200 1526 Ὁ
3231 1474 3287 1526 δὲ
3321 1474 3534 1538 δίκαιος
3558 1491 3574 1506 ο
3609 1477 3848 1546 Χρηστά
3881 1496 3986 1544 μοι,

2413 1557 2539 1626 ἔφη,
2573 1561 2836 1631 προοίμια
2865 1563 2937 1615 τά
2965 1565 3234 1634 παρόντα,
3259 1561 3304 1618 ὦ
3334 1566 3577 1636 βασιλεῦ,
3621 1569 3717 1621 καὶ
3754 1569 3989 1638 ἀψευδὴς

2409 1650 2518 1702 τῶν
2550 1651 2852 1720 μελλόντων
2883 1654 3191 1722 ἐπαγγελία
3221 1671 3234 1685 ·
3269 1657 3529 1724 διελέγξω
3578 1658 3690 1727 γάρ
3721 1674 3784 1710 σε
3817 1663 3989 1727 μάτην

2411 1741 2822 1812 ἀ-καφυσόμενον
2869 1745 2972 1797 οῦκ
3008 1747 3090 1808 εἰς
3123 1748 3340 1816 μακράν
3376 1749 3470 1800 καὶ
3527 1747 3708 1811 θεοὺς,
3761 1747 3860 1811 οὓς
3886 1749 3989 1802 ὀνο-

2417 1833 2629 1899 μάζεις,
2655 1834 3080 1907 ἀσθενεστέρους
3106 1837 3287 1908 πολλῷ
3323 1839 3608 1908 δυνάμεως
3641 1842 3990 1913 ἀνθρωπίνης

2414 1928 2508 1980 καὶ
2538 1928 2737 1992 αὐτοὺς
2771 1930 3043 1996 ἐπιδείξω,
3077 1931 3152 1994 ὡς
3183 1932 3562 2002 μεταμελῆσαι
3598 1949 3683 1985 σοι
3729 1933 3835 2002 τῆς
3865 1933 3988 2000 παρ’

2413 2020 2514 2090 ἐμὲ
2541 2021 2735 2089 πείρας
2765 2025 2857 2075 καὶ
2880 2025 3014 2088 ὅλως
3034 2026 3116 2078 ὅτι
3143 2027 3217 2096 μὴ
3245 2026 3440 2081 θάττον
3461 2026 3617 2099 ἡμῶν
3640 2028 3817 2098 ἀπηλ)
3832 2029 3986 2098 άγης,

2414 2115 2618 2185 ζημίαν
2647 2116 2707 2168 οὺ
2739 2117 2838 2187 τὴν
2871 2117 3142 2186 τυχοῦσαν
3169 2123 3374 2186 κρῖναι.

2484 2208 2567 2261 Il’.
2599 2207 2823 2272 Τούτοις
2877 2210 3219 2278 δξυκινηθεὶς
3250 2212 3616 2279 Μαξιμιανὸς,
3649 2210 3868 2264 κελεύει
3903 2212 3991 2265 ἐπὶ

2412 2299 2607 2370 τροχοῦ
2636 2302 2727 2353 τὸν
2774 2301 3026 2372 μάρτυροι
3079 2303 3418 2369 διαδεθέντα,
3461 2305 3872 2377 συστρέφεσθαι
3899 2307 3990 2375 μὲν

2415 2394 2654 2463 συνεχῶς
2679 2395 2758 2464 τῷ
2781 2397 2982 2467 τροχῷ,
3023 2396 3274 2468 λαμπάσι
3320 2399 3488 2470 πυρὸς
3519 2401 3614 2463 τὰς
3649 2402 3866 2471 σάρκας
3897 2402 3993 2453 αὑ-

2409 2486 2504 2538 τοῦ
2555 2488 3033 2545 καταδαπανσῖσθαι
3086 2492 3181 2545 καὶ
3223 2492 3601 2563 διατήκεσθαι.
3663 2493 3994 2562 Magium“;

2414 2578 2514 2648 μὲν
2553 2575 2646 2633 οὖν
2685 2581 2902 2651 ἔργονή
2942 2583 3239 2652 πρόσταξις
3268 2581 3336 2656 ἦν
3370 2587 3464 2640 καὶ
3507 2584 3595 2638 διὰ
3623 2586 3813 2655 χειρὸς
3844 2585 3991 2655 ἔχον-

2411 2688 2501 2734 τες
2519 2674 2566 2725 οἱ
2593 2673 2774 2743 δήμιοι
2799 2675 2896 2738 τάς
2918 2674 3554 2747 λαμπάδας,προσῂεσαν
3584 2683 3723 2732 κατά
3755 2679 3853 2731 τσῦ
3877 2696 3998 2748 τρο-

2412 2765 2508 2835 χοῦ
2545 2768 2828 2837 τεταμένῳ
2857 2767 2935 2839 τῷ
2965 2770 3226 2840 μάρτυρι,
3247 2769 3359 2842 πῦρ
3379 2769 3653 2831 πνέοντες,
3689 2771 3802 2839 πῦρ
3824 2773 3992 2837 ὀρῶν-

2410 2879 2521 2926 τεςν
2555 2861 2666 2931 πῦρ
2690 2864 2968 2930 φέροντες.
3013 2864 3191 2932 πολλῴ
3224 2865 3321 2926 τὰς
3349 2864 3528 2933 ψυχὰς
3557 2865 3647 2916 ἐπ’
3678 2866 3848 2917 αὐτὸν
3903 2866 3994 2916 τοῦ

2411 2957 2468 3007 ἐν
2497 2957 2658 3025 χερσὶ
2686 2955 2856 3024 πυρὸς
2893 2956 3230 3026 θερμότερον
3263 2956 3498 3021 ζέοντες,
3543 2960 3775 3026 μονονοὺ
3822 2959 3995 3027 φλόγα

2410 3048 2499 3100 τὸν
2534 3045 2771 3117 ἀθλητὴν
2797 3046 3020 3115 ποιῆσαι
3047 3049 3309 3116 οἰόμενοι.
3346 3049 3431 3110 Ὠς
3454 3048 3509 3102 δὲ
3542 3049 3639 3120 ήδη
3671 3049 3768 3101 τοῦ
3799 3050 3993 3120 τροχοῦ

2410 3139 2641 3209 πλησίον
2674 3135 2837 3211 ἦλθον
2880 3139 2960 3211 (ὦ
3015 3140 3340 3211 θαυμαστῆς
3371 3159 3466 3194 σου
3503 3144 3631 3211 περὶ
3668 3143 3762 3194 τὸν
3801 3144 3993 3216 ἄνδρα,

727 3246 889 3300 quam
937 3237 1116 3284 autem
1159 3228 1270 3299 jam
1307 3235 1573 3282 venerunt
1617 3240 1784 3296 prope
1816 3231 2010 3290 rotam,
2043 3223 2096 3293 (ο
2128 3222 2301 3275 admi-

2410 3231 2635 3301 Χριστὲ,
2663 3232 2950 3300 δυνάμεως
2973 3232 3020 3301 ί)
3053 3233 3182 3299 ἔστη
3217 3235 3315 3302 μὲν
3346 3232 3506 3296 εὐθὺς
3527 3233 3740 3286 ἐκείνου
3773 3235 3878 3304 τῆς
3911 3253 3995 3286 κι-

727 3324 948 3378 rabiletn
996 3333 1164 3386 tuam,
1205 3336 1237 3376 ο
1286 3321 1525 3386 Christe,
1585 3321 1638 3374 in
1705 3335 1826 3375 eum
1879 3317 2180 3382 virtutem),
2212 3314 2302 3369 illa

725 3419 945 3488 quidem
981 3417 1242 3472 continuo
1272 3414 1479 3470 destitit
1523 3413 1731 3468 moveri
1766 3429 1780 3466 :
1823 3412 2052 3467 illivero
2103 3411 2306 3465 cadunt

727 3513 784 3564 in
838 3522 1060 3574 terram,
1105 3518 1160 3563 et
1213 3509 1386 3563 ﬂuunt
1444 3505 1722 3576 lampades
1767 3519 1798 3560 e
1851 3504 2120 3564 manibus.
2183 3514 2305 3570 qua:

725 3606 928 3658 nullam
989 3619 1177 3658 earum
1237 3617 1422 3655 curam
1484 3608 1678 3669 gerunt
1727 3617 1739 3651 :
1789 3607 1844 3651 et
1897 3597 2006 3664 jam
2060 3595 2304 3650 dimissae

727 3707 856 3754 sunt
882 3710 1082 3759 vacuae,
1105 3694 1265 3750 veluti
1289 3691 1522 3762 quodam
1547 3704 1744 3763 sopore
1765 3704 1858 3744 eas
1884 3689 2297 3758 torpefaciente.

727 3793 955 3860 Propter
1015 3789 1132 3844 lucc
1200 3787 1281 3842 ira
1349 3787 1594 3856 percitus
1665 3787 1996 3857 imperator,
2067 3791 2303 3836 tortores

722 3884 1090 3939 insectabatur
1174 3880 1520 3944 maledictis,
1573 3888 1627 3933 et
1679 3877 2074 3932 criminabatur
2155 3873 2299 3945 quod

717 3975 868 4038 jussa
929 3972 1151 4043 exsequi
1201 3971 1556 4041 negligerent.
1603 3978 1657 4026 et
1709 3968 2059 4038 praesentium
2115 3981 2297 4022 rerum

722 4083 908 4122 curam
956 4081 1172 4122 omnem
1205 4065 1527 4132 abjicereut.
1561 4063 1627 4117 Et
1657 4081 1670 4117 :
1707 4061 2012 4128 Quomodo,
2060 4062 2298 4124 dicebat,

722 4179 787 4218 eo
809 4160 1034 4214 venistis
1061 4159 1321 4220 audaciae,
1349 4165 1410 4210 ut
1429 4171 1526 4212 vos
1551 4164 1699 4210 tanta
1733 4153 1995 4209 invaserit
2023 4153 2297 4219 socordia,

721 4263 777 4306 et
809 4253 967 4306 istum
1010 4259 1198 4305 nostro
1231 4249 1461 4318 imperio
1492 4249 1862 4319 pratuleritis,
1895 4247 2030 4302 adeo
2091 4258 2148 4302 ut
2198 4263 2298 4303 no-

720 4359 833 4402 stra
891 4346 1106 4412 quidem
1158 4344 1309 4412 jussa
1369 4343 1699 4411 reliqueritis
1762 4343 2097 4410 imperfecta,
2147 4340 2295 4395 humi

721 4448 901 4493 autem
954 4433 1337 4497 accubueritis,
1368 4444 1426 4488 ut
1459 4442 1514 4489 et
1548 4432 1844 4502 vobisipsis
1891 4431 2295 4502 gratilicemini,

719 4545 772 4587 et
804 4531 988 4587 labore
1019 4529 1264 4586 defessos
1299 4527 1597 4585 recreetis?
1627 4526 1802 4592 Videt,
1836 4525 2293 4596 quemadmodum

2414 3329 2657 3394 νήσεωςο
2714 3327 2763 3378 οἱ
2819 3325 2875 3377 δὲ
2919 3326 3059 3380 κατά
3095 3327 3199 3395 γῆς
3222 3326 3481 3379 πίπτουσι
3531 3328 3626 3379 καὶ
3658 3327 3995 3398 ὑπορρέουσι

2411 3419 2521 3472 τῶν
2555 3417 2756 3487 χειρῶν
2807 3420 2862 3471 αἱ
2908 3418 3192 3487 λαμπάδες
3218 3434 3232 3450 ⁸
3289 3420 3344 3471 αἱ
3375 3418 3429 3470 δὲ
3473 3421 3655 3487 χεῖρες
3697 3418 3996 3486 ἀμελοῦσιν

2413 3511 2594 3565 αὐτῶν
2630 3517 2724 3564 καὶ
2753 3511 2954 3581 ἔρημοι
2984 3511 3084 3581 ἤδη
3115 3515 3390 3580 ἀφεῖνται,
3423 3510 3612 3581 ὥσπερ
3648 3509 3826 3563 ὕπνου
3851 3512 3995 3574 τινος

2412 3606 2584 3668 αὑτὰς
2606 3603 3162 3675 καταῤῥαθυμοῦντος
3222 3605 3346 3656 Ἐπὶ⁸
3372 3605 3584 3668 τούτοις
3613 3604 3759 3674 ὀργὴ
3783 3605 3996 3674 λαμϐά-

2411 3716 2490 3753 νει
2520 3699 2610 3752 τὸν
2642 3698 2865 3769 βασιλέα
2891 3699 2985 3751 καὶ
3011 3699 3200 3756 κακῶς
3224 3697 3379 3764 ἔλεγε
3408 3697 3536 3759 τοὺς
3585 3698 3845 3766 δημίους,
3881 3699 3989 3750 ὀλι-

2411 3793 2621 3861 γωρίαν
2651 3809 2709 3844 τε
2745 3792 2930 3853 αὐτοῖς
2952 3791 3060 3843 τῶν
3083 3788 3434 3859 προστάξεων
3465 3787 3711 3840 ἐνεκάλει
3747 3790 3840 3840 καί
3861 3789 3996 3856 ἀμέ-

2411 3884 2561 3934 λειαν
2592 3881 2700 3934 τῶν
2741 3883 2799 3933 ἐν
2843 3880 3003 3953 χερσὶ
3055 3879 3356 3950 φροντίδων
3387 3878 3480 3932 καί
3502 3895 3519 3921 ι’
3568 3879 3694 3942 Πῶς
3725 3883 3807 3943 εἰς
3837 3879 3993 3933 τοῦτο

2409 3974 2639 4044 τόλμης,
2697 3973 2906 4042 ἔλεγεν,
2948 3975 3104 4041 ὑμεῖς
3134 3971 3350 4044 ἤλθετε,
3387 3959 3470 4026 δτι
3525 3974 3619 4026 καὶ
3653 3974 3817 4036 ὄκνος
3851 3967 3991 4026 εἷλεν

2412 4068 2555 4133 ὑμᾶς
2588 4071 2682 4118 καὶ
2707 4064 2897 4117 τοῦτον
2925 4065 3019 4117 τοῦ
3044 4065 3314 4134 ἡμετέρου
3344 4066 3772 4132 προστάγματος
3801 4065 3988 4117 ἔθεσθε

2411 4158 2829 4228 προτιμότερον,
2863 4157 2939 4219 ὡς
2969 4157 3340 4226 ἡμιτελῆσμὲν
3379 4156 3448 4210 τά
3476 4155 3845 4227 ἐπιταχθέντα
3891 4175 3991 4209 κα-

2408 4253 2679 4317 ταλιπεῖν,
2721 4251 3114 4322 κατακλιθῆναι
3142 4251 3198 4306 δὲ
3237 4251 3316 4322 τῷ
3360 4251 3567 4318 ἐδάφει,
3609 4252 3698 4303 ἵνα
3735 4252 3831 4304 καὶ
3862 4253 3989 4305 ἑαυ-

2405 4350 2520 4409 τοῖς
2568 4363 2620 4399 τι
2660 4347 2960 4416 χαρίσησθε
3013 4347 3107 4398 καὶ
3159 4344 3538 4414 πεπονηκότας
3593 4343 3656 4395 ἐκ
3691 4343 3786 4395 τοῦ
3821 4346 3990 4396 κόπου

2407 4436 2842 4506 διαναπαύσητε;
2917 4437 3079 4508 Ὁρᾷς
3125 4434 3201 4497 ὼς
3252 4434 3373 4487 οὐδὲ
3421 4435 3716 4488 ἀναλαϐεῖν
3762 4437 3990 4497 ἑαυτοὺς

2404 4529 2659 4582 δῦνανται
2710 4530 2829 4584 οὐδὲ
2884 4527 3192 4600 χρήσασθαι
3262 4532 3383 4593 ταῖς
3441 4530 3627 4599 χερσὶν
3685 4531 3768 4592 είς
3827 4529 3990 4592 δέονς

721 4640 787 4678 ne
816 4625 1026 4691 seipsos
1056 4622 1274 4691 quidem
1313 4621 1522 4689 possint
1556 4619 1866 4686 restituere,
1901 4633 2078 4690 neque
2113 4618 2290 4673 mani-

2408 4623 2612 4692 ἀγνοῶν
2637 4625 2664 4677 ό
2705 4624 2956 4693 μάταιος,
2990 4625 3073 4677 ὅτι
3117 4623 3240 4676 θεία
3269 4623 3498 4690 δύναμις
3539 4622 3770 4675 ἔσϐεσεν
3809 4624 3990 4676 αὐτῶν

715 4721 820 4772 bus
850 4718 924 4772 uti
961 4717 1027 4772 ad
1050 4717 1101 4772 id
1125 4717 1264 4785 quod
1291 4727 1371 4772 est
1399 4729 1534 4783 opus
1572 4732 1585 4769 :
1619 4716 1712 4772 sed
1738 4715 2019 4788 ignorabat
2041 4713 2291 4781 stolidus,

717 4812 958 4867 divinam
1014 4811 1297 4875 virtutem,
1355 4827 1463 4866 non
1527 4820 1706 4864 autem
1764 4811 2094 4875 socordiam,
2152 4809 2294 4864 vires

716 4923 903 4960 eorum
959 4906 1307 4960 cxstinxisse.
1371 4905 1448 4960 Illi
1503 4913 1683 4959 autem
1734 4924 1745 4958 :
1793 4903 1908 4956 Non
1963 4903 2034 4955 ita
2095 4917 2181 4956 res
2233 4918 2293 4956 se

716 5003 937 5068 habent,
991 5016 1023 5055 ο
1073 5000 1383 5068 imperator,
1443 5000 1858 5070 responderunt,
1919 5011 2094 5066 neque
2155 4996 2291 5049 tardi

716 5108 903 5146 sumus
939 5095 990 5146 in
1032 5091 1329 5158 tuisjussis
1361 5091 1761 5162 exsequendis:
1797 5089 1958 5153 absit,
1993 5099 2049 5145 ut
2085 5097 2292 5142 tantum

719 5187 1053 5242 insaniamus
1110 5203 1123 5239 :
1184 5201 1362 5256 neque
1425 5187 1692 5240 cessimus
1754 5183 2053 5247 socordiae,
2117 5196 2293 5251 neque

721 5293 910 5331 manus
972 5285 1173 5332 nOstrze
1225 5293 1419 5347 magno
1465 5276 1692 5330 defessa:
1748 5285 1877 5330 sunt
1929 5273 2113 5326 labore
2150 5289 2163 5324 :
2199 5271 2292 5326 sed

717 5372 973 5424 terrihilis
1020 5373 1263 5438 quaedam
1311 5373 1450 5426 visio
1502 5387 1601 5424 nos
1651 5370 1727 5422 sic
1775 5369 1976 5432 affecit,
2030 5383 2150 5436 quae
2193 5383 2292 5420 nos

717 5463 864 5518 humi
899 5462 1113 5529 deiecit,
1157 5473 1210 5519 et
1259 5481 1448 5518 manus
1481 5472 1695 5517 nostras
1729 5462 1977 5515 dissolvit
2019 5477 2032 5513 :
2080 5467 2134 5514 et
2178 5459 2290 5528 jam

716 5573 904 5613 sumus
928 5559 1185 5614 membris
1207 5559 1474 5620 dissoluti,
1493 5571 1545 5612 et
1567 5558 1738 5614 effecti
1761 5556 1983 5609 omnino
2008 5554 2286 5608 imbecilli.

716 5653 849 5706 Tres
878 5652 1021 5706 enim
1047 5652 1168 5715 viri,
1200 5660 1420 5721 aspectu
1451 5651 1668 5721 quidem
1700 5648 1938 5711 candidi,
1966 5657 2018 5702 et
2043 5648 2291 5703 candidis

716 5746 887 5803 induti
961 5745 1221 5809 vestibus,
1275 5747 1455 5814 specie
1522 5757 1701 5800 autem
1773 5742 2066 5806 terribiles,
2135 5742 2289 5796 nobis

717 5839 1060 5904 apparentes,
1103 5849 1254 5893 torve
1311 5839 1360 5891 in
1396 5853 1490 5892 nos
1523 5853 1575 5892 et
1622 5837 1873 5892 ferociter
1907 5846 2231 5905 aSpexet'ttnt
2277 5855 2282 5862 ·

716 5940 767 5985 et
808 5932 943 6001 ignis
975 5934 1064 6002 qui
1099 5942 1215 5988 erat
1243 5931 1293 5988 in
1336 5930 1605 5995 manibus,
1639 5947 1702 5987 ex
1738 5929 2075 6001 lampadibus
2107 5943 2287 5986 statim

2399 4719 2497 4786 τὴν
2529 4718 2701 4788 ίσχῦν,
2725 4717 2840 4770 ἀλλ’
2865 4717 2990 4788 οὐχ).
3013 4717 3191 4779 ὄκνος.
3216 4717 3280 4768 υἱ
3301 4715 3358 4767 δέ
3380 4731 3395 4746 °
3424 4713 3632 4780 Ταῦτα,
3657 4709 3704 4770 ὧ
3732 4715 3985 4786 βασιλεῦ,

2397 4813 2782 4882 ἀπεκρίναντο,
2814 4812 2934 4864 οὐδὲ
2973 4810 3194 4880 βραδεῖς
3223 4810 3352 4879 περὶ
3381 4811 3480 4872 τὰς
3513 4811 3613 4870 σάς
3653 4810 3987 4878 προστάξεις

2401 4907 2580 4972 ἡμεῖς,
2607 4905 2725 4957 οὐδὲ
2754 4906 2861 4956 ἀπὸ
2891 4903 2979 4956 τοῦ
3010 4903 3206 4958 πολλοῦ
3238 4905 3410 4958 κόπου
3446 4902 3656 4972 ἔκαμον
3696 4901 3755 4955 αἱ
3801 4906 3985 4974 χεῖρες

2397 5000 2548 5067 ἡμῖν,
2579 4997 2712 5050 ἀλλά
2741 4999 2948 5070 φοϐερά
2975 5017 3057 5065 τις
3103 5000 3224 5067 ὄψις
3269 4998 3412 5051 οὓτω
3439 4997 3696 5065 διέθηκεν
3732 5000 3887 5067 ἡμᾶς
3920 5001 3984 5065 τῇ

2399 5095 2465 5160 γῇ
2502 5091 3051 5160 προσκαταϐαλοῦσα,
3085 5091 3180 5143 καὶ
3204 5090 3514 5161 παρείμεθα
3539 5091 3637 5152 τὰς
3667 5091 3857 5155 δεξιὰς
3892 5091 3987 5144 καὶ

2397 5181 2736 5251 ὲκλελύμεθα
2765 5183 2865 5252 ἤδη
2897 5184 2991 5235 καὶ
3039 5181 3100 5234 τὸ
3132 5183 3252 5235 ὅλον
3294 5182 3471 5235 ἄτονοι
3508 5179 3944 5248 καθεστήκαμεν
3967 5195 3980 5210 '

2397 5279 2544 5345 τρεῖς
2601 5275 2708 5347 γάρ
2764 5276 2977 5348 ἄνδρες,
3010 5275 3195 5328 λευκοὶ
3239 5275 3339 5344 μὲν
3371 5273 3469 5343 τὴν
3501 5273 3653 5332 θέαν,
3703 5271 3901 5325 λευκοὶ
3927 5272 3982 5324 δὲ

2396 5370 2494 5436 τὴν
2522 5368 2811 5436 ἀναϐολὴν,
2847 5369 3072 5436 φοϐεροὶ
3109 5367 3171 5418 τὸ
3231 5363 3392 5428 εἶδος,
3423 5363 3794 5431 ἐπιφανέντες
3825 5366 3981 5430 ἡμῖν,

2398 5461 2594 5529 πικρόν
2629 5477 2686 5512 τε
2725 5463 2801 5522 εἰς
2834 5462 2980 5530 ἡμᾶς
3008 5463 3099 5512 καὶ
3129 5460 3320 5529 ἄγριον
3367 5455 3508 5510 εἶδον
3537 5455 3719 5508 καὶτὸ
3753 5453 3984 5507 ἐπὶτῶν

2395 5555 2593 5625 χειρῶν
2654 5553 2761 5623 πῦρ
2809 5554 2931 5606 καθ’
2973 5552 3129 5623 ἡμῶν
3177 5551 3340 5611 εὐθὺς
3362 5547 3469 5600 ἀπὸ
3506 5545 3614 5598 τῶν
3671 5544 3982 5614 λαμπάδων

2397 5649 2586 5700 ἔπνει·
2648 5646 2840 5697 ἔπειτα
2900 5645 3263 5705 κελεύσαντες
3330 5640 3639 5696 ἀποστῆναι
3713 5637 3980 5706 ’Λνθίμου

2399 5741 2737 5808 (θεράποντα
2767 5739 2820 5790 δὲ
2845 5737 2981 5790 Θεοῦ
3010 5736 3198 5788 τοῦτον
3233 5735 3500 5803 ἐκάλουν)
3536 5730 3981 5787 καταϐάλλουσιν

2399 5838 2540 5903 ἡμᾶς
2575 5835 2664 5885 xz".
2699 5831 2872 5892 οὕτως
2907 5829 3215 5892 αὐτίκα,ὡς
3245 5829 3398 5898 ὁρᾷς,
3437 5826 3787 5880 διατιθιῐσιν.
3816 5821 3978 5882 Οὗτοι

2402 5935 2491 6002 ξιξ»
2523 5929 2611 5983 οῦν
2646 5926 2901 5996 ἀλλήλοις
2934 5925 3218 5996 διελεγοκν
3267 5927 3458 5977 ταῦτα.
