4180 6490
161 409 248 474 181
1427 430 1603 491 ΠΤᾹ
1649 432 1708 489 S.
1751 432 2112 493 ΑΝΤΗΙΜΙ.

3316 446 3415 514 182

162 530 211 576 in
280 542 379 581 nos
428 529 695 595 spiravit.
744 531 949 588 Deinde
1016 548 1137 589 cum
1185 537 1475 606 jussissent
1522 542 1815 596 abscedere
1856 544 2168 599 Anthitnttm
2216 549 2361 606 (eum
2418 558 2596 604 autem
2648 555 2913 609 vocabant
2965 556 3055 611 Dei
3108 556 3420 628 famulum),

153 635 245 675 nos
292 622 565 690 dejiciuut
599 638 616 677 :
648 636 699 681 ei
754 628 833 681 sic
877 630 1081 693 statim,
1136 642 1191 684 ut
1247 634 1418 698 vides,
1468 636 1728 690 alliciunt.
1770 640 1945 707 Atque
1981 641 2014 694 ii
2038 643 2260 711 quidem
2293 646 2405 701 hrec
2439 647 2582 702 Inter
2612 664 2671 704 se
2704 650 3066 708 disserebant.

215 712 293 764 θ’.
333 713 426 765 ἐν
456 714 577 783 ὅσῳ
606 716 665 769 δὲ
695 718 717 771 ἐ
753 719 939 787 τροχὸς
964 722 1061 791 τῆς
1084 728 1387 794 περιφορᾶς
1417 726 1617 798 ἠρέμει
1645 728 1740 781 καὶ
1771 736 1818 790 Α

149 804 264 855 οὑδὲ
293 804 355 856 τὸ
386 807 668 873 παράπαν
701 803 815 879 εἶχε
841 812 1166 881 κινήματος,
1192 817 1253 868 έν
1280 819 1456 889 τούτῳ
1487 820 1744 891 θερμοτέο

153 914 246 965 ραν
283 899 311 949 δ
345 900 571 967 μάρτυς
607 900 686 972 τῷ
738 903 859 962 θεῷ
913 906 1222 980 προσέφερε
1261 911 1361 983 τὴν
1385 913 1744 983 εὐχαριστίαν

150 992 240 1042 καὶ
273 991 527 1054 πλείονος
556 993 773 1047 ἐκεῖθεν
801 997 1050 1051 ἀπέλαυε
1073 1001 1169 1066 τῆς
1204 1003 1596 1073 χρηστότητος,
1622 1007 1744 1060 Μα-

148 1082 395 1151 ξιμιανδς
444 1085 642 1139 τοίνυν
679 1089 779 1156 τῆς
807 1089 919 1142 τῶν
965 1090 1179 1161 δημίων
1228 1094 1510 1163 ἀφελείας,
1542 1097 1658 1150 ἀλλ’
1682 1098 1743 1152 οὐ

146 1176 240 1239 τῆς
296 1178 666 1245 μαρτυρικῆς
709 1180 930 1245 ἐκείνης
980 1180 1113 1252 πρὸς
1145 1185 1236 1237 τὸν
1263 1186 1398 1239 Θεὸν
1428 1191 1747 1261 παρρησίας

145 1263 309 1327 δεῖξαι
347 1268 411 1319 τὸ
438 1271 687 1339 πρᾶγμα
710 1272 929 1336 ἐθέλων,
961 1278 1282 1345 κατήγαγεν
1311 1280 1475 1335 αὐτὸν
1503 1283 1597 1337 τοῦ
1620 1301 1748 1354 τρο-

145 1356 236 1425 χοῦ
294 1359 391 1410 καὶ
427 1361 529 1411 τὸν
566 1362 659 1416 διὰ
715 1364 923 1433 ξίφους,
966 1368 1082 1434 εῖγε
1128 1370 1202 1439 μὴ
1250 1370 1458 1439 θύσειε,
1518 1375 1748 1432 θάνατον

144 1448 286 1518 αὐτῷ
314 1451 571 1519 ἠπείλει.
624 1455 680 1508 Ὀ
703 1457 756 1506 δὲ
788 1457 1039 1525 μείζονος
1087 1461 1188 1530 τὴν
1236 1464 1473 1537 ἀπειλὴν
1526 1468 1750 1537 εὐχαρι-

146 1545 292 1606 στίας
323 1547 600 1600 ὑπόθεσιν
636 1550 892 1616 ἐποιεῖτο,
937 1554 1033 1606 καὶ
1086 1556 1179 1607 τὸν
1206 1559 1371 1626 χορὸν
1415 1562 1747 1615 καταλαϐεῖν

143 1636 246 1687 τῶν
298 1637 626 1707 δισμυρίων
681 1641 1006 1714 μαρτύρων,
1038 1646 1097 1699 ἐν
1126 1647 1223 1720 ὅλῃ
1248 1650 1447 1723 καρδίᾳ
1474 1651 1569 1706 τοῦ
1608 1652 1745 1707 Θεοῦ

146 1728 337 1791 ὲδείτο,
365 1729 441 1789 ὡς
471 1730 684 1794 ἐξεῖναι
714 1734 808 1787 καὶ
828 1736 982 1808 αὐτῷ
1015 1742 1379 1809 σεμνύνεσθαι
1412 1746 1507 1797 καὶ
1527 1745 1743 1815 λέγειν·

150 1838 166 1868 ι
206 1820 337 1871 ’ἰδοῦ
377 1820 498 1889 ἐγὼ
540 1826 637 1876 καὶ
688 1826 756 1877 τὰ
784 1828 995 1892 παιδία,
1027 1831 1060 1884 ἆ
1094 1850 1185 1901 μοι
1227 1834 1431 1887 ἔδωκεν
1470 1838 1497 1890 ὀ
1526 1838 1676 1903 Θεὸς.
1722 1860 1742 1894 ι

145 1912 246 1962 Καὶ
282 1911 361 1974 ὃς,
420 1914 626 1985 ἐπειδὴ
679 1917 883 1987 μᾶλλον
940 1922 1088 1993 αὐτῷ
1148 1924 1268 1977 κατ’
1294 1926 1459 1999 εὐχὴν
1501 1929 1747 1998 τὸτέλος

145 2003 317 2074 ἐώρα·
346 2005 525 2073 Οἶδα,
565 2012 726 2078 φησὶ,
775 2012 930 2080 ὑμῶν
982 2014 1091 2069 τῶν
1137 2018 1487 2089 Χριστιανῶν
1534 2024 1595 2077 τὸ
1625 2025 1744 2080 λίαν

144 2098 438 2166 δοξομανὲς
466 2104 910 2180 καῖ’φιλὸτιμον,
936 2109 1084 2174 ὅπως
1112 2118 1297 2185 τυχεῖν
1331 2117 1519 2173 ὁποίου
1546 2121 1745 2192 δήποτε

145 2191 404 2258 ὀνόματος
436 2192 534 2245 διὰ
581 2194 646 2247 τὸ
673 2198 981 2265 παράϐολον
1023 2202 1115 2255 τοῦ
1176 2205 1527 2278 τολμήματος
1560 2212 1749 2283 ὀρεγό-

149 2296 291 2347 μενοι
319 2281 381 2333 τὸ
406 2284 609 2336 κακῶν
633 2284 859 2357 ἔσχατον
878 2290 1136 2346 ἁπάντων
1167 2295 1414 2367 αἱρεῖσθε
1449 2301 1540 2355 τὸν
1570 2303 1747 2374 βίαιον

146 2373 402 2426 θάνατον·
442 2376 568 2430 ἀλλ’
603 2379 705 2449 οὐχ
728 2381 1000 2453 αἱρήσεις,
1034 2388 1189 2456 φησὶ,
1223 2392 1418 2446 τούτου
1448 2412 1509 2463 γε
1534 2397 1740 2451 ἕνεκεν

146 2465 253 2518 ἀλλ’
279 2467 390 2534 ἐγώ
427 2486 490 2523 σε
524 2470 755 2536 πολλαῖς
788 2478 1053 2549 πρότερον
1086 2484 1400 2551 περιϐαλὼν
1425 2491 1743 2560 τιμωρὲαις,

147 2558 281 2611 οὕτω
313 2561 408 2614 τοῦ
437 2564 720 2634 παρόντος
748 2569 996 2637 στερήσω
1022 2573 1220 2639 φωτὸς,
1246 2577 1337 2628 τὸν
1369 2579 1443 2648 μὴ
1474 2581 1745 2652 τοσαύτης

150 2653 333 2721 ἡδονῆς
367 2656 710 2721 τηλικούτου
757 2660 1038 2729 χρήματος
1086 2662 1256 2730 ἄξιον.
1288 2668 1400 2722 Καὶ
1429 2672 1456 2724 ὁ
1495 2672 1741 2744 μάρτυς*

148 2747 273 2801 Οὒδὲ
322 2750 432 2819 γὰρ
469 2752 540 2803 ἂν
586 2751 783 2816 ἄλλως,
825 2756 979 2826 φησὶ,
1013 2758 1374 2832 λαμπρότερά
1422 2783 1514 2836 μοι
1561 2768 1742 2842 πολλῷ

152 2847 593 2916 παρασκευάσῃς
625 2846 696 2900 τὰ
724 2850 951 2905 ἔπαθλα.

218 2934 270 2989 l'.
305 2939 368 2989 Τί
403 2940 463 2990 τὸ
494 2942 643 3008 μετά
663 2942 871 3009 ταύτῃ
909 2944 1133 3017 Σίδηρος
1169 2948 1331 3002 αὑτὸν
1380 2952 1474 3005 καὶ
1517 2952 1739 3020 ἁλύσεις

151 3026 402 3094 δ;σμοῦσι
433 3033 538 3083 καὶ
558 3034 712 3102 ,πρὸς
735 3036 793 3086 τὸ
823 3037 932 3092 τῶν
965 3040 1290 3111 κακούργων
1311 3043 1503 3113 ἄγεται
1525 3048 1739 3120 δεσμω-

152 3120 331 3186 τ.ξριον
353 3136 365 3148 ·
414 3122 565 3173 ἀλλὰ
596 3123 666 3175 τὰ
701 3127 904 3195 συνήθη
930 3129 1027 3180 καὶ
1056 3131 1217 3184 πάλιν
1258 3135 1453 3205 ἐκείνῳ
1484 3140 1620 3209 πρὸς
1647 3142 1741 3196 τὸν

153 3212 275 3265 Θεὸν
323 3216 354 3284 ἠ
392 3215 629 3280 γλῶττα
664 3217 831 3289 ὑπῇδε
868 3223 1092 3286 καὶτὰς
1138 3224 1360 3291 ἁλύσεις
1382 3228 1518 3299 ὁμοῦ
1545 3234 1640 3286 καὶ
1669 3236 1739 3289 τὰ

152 3305 320 3374 δεσμά
372 3309 690 3375 διαλύεται,
746 3313 867 3367 οὐδὲ
904 3315 1101 3380 αὐτοὺς
1126 3319 1252 3382 τούς
1281 3322 1516 3391 ἄγοντας
1543 3326 1739 3390 αὐτοὺς

152 3398 374 3467 δημίους
406 3403 725 3473 ἀμετὸχους
750 3408 947 3475 ἀφεῖσα
978 3408 1073 3463 τοῦ
1102 3410 1408 3482 θαύματος·
1431 3416 1564 3470 ἀλλὰ
1595 3434 1741 3489 πρη-

156 3496 256 3554 νεῖς
287 3489 405 3562 εἶχε
463 3497 568 3546 καὶ
598 3496 824 3577 τούτους
854 3501 886 3570 ἡ
922 3504 992 3570 γῆ
1025 3502 1104 3571 τῷ
1149 3506 1439 3576 παραδόξῳ
1465 3509 1565 3577 τῆς
1612 3509 1742 3570 θέας

156 3585 622 3652 καταπλαγέντας
644 3602 657 3616 ·
694 3587 809 3641 θεία
834 3592 942 3661 γάρ
967 3610 1050 3655 τις
1074 3594 1281 3649 ἄνωθεν
1303 3599 1462 3667 χάρις
1485 3600 1575 3653 τὴν
1605 3600 1745 3671 μάρ-

151 3692 282 3745 cupa
332 3680 695 3749 περιπτᾶσα,
742 3683 857 3751 φῶς
910 3703 968 3739 τε
1023 3688 1172 3759 αὺτῷ
1218 3689 1603 3763 λαμπρότατον
1633 3690 1745 3749 οἷον

152 3773 395 3841 ἐπαφῆκε
464 3773 569 3828 καὶ
631 3777 757 3840 τοὺς
816 3779 1238 3850 παραλαϐόντας
1300 3787 1464 3839 αὑτὸν
1516 3789 1744 3859 δημίους

155 3866 285 3930 μετά
314 3866 425 3917 τῶν
470 3866 720 3937 σιδηρῶν
752 3869 977 3924 ἐκείνων
1009 3871 1224 3942 δεσμῶν
1246 3916 1261 3941 ,
1298 3869 1372 3928 ὧν
1407 3879 1741 3948 περιέκειτο,

152 3959 337 4024 ἁθρόον
362 3959 563 4012 δίδωσι
586 3960 664 4028 τῷ
692 3961 895 4029 ἐδάφει,
930 3965 1062 4034 μηδὲ
1093 3968 1216 4021 ὅσον
1241 3972 1554 4042 καταμῦσαί
1581 3992 1745 4045 φησιν

152 4050 499 4115 ἐνεγκόντας.
583 4050 642 4102 '0
676 4052 884 4121 μάρτυς
938 4056 1120 4108 τοίνυν
1165 4060 1361 4124 αὐτοὺς
1407 4065 1741 4136 ἀναστήσας,

151 4140 365 4206 ἔχεσθαι
400 4141 511 4212 τῆς
544 4140 679 4194 ’ὀδοῦ
702 4143 999 4215 ἀνατρέπει
1024 4149 1121 4201 καὶ
1152 4150 1215 4203 τὸ
1244 4151 1621 4229 δεσμωτήριον
1648 4178 1745 4214 κα-

150 4234 498 4299 ταλαϐόντες,
542 4235 572 4288 ὁ
610 4236 731 4306 μὲν,
762 4236 951 4310 ὥσπερ
982 4242 1065 4304 είς
1093 4244 1349 4314 εὐωχίαν,
1387 4249 1583 4304 εἴσεισι
1621 4254 1743 4319 χαί-

153 4340 255 4391 ρων
306 4333 404 4380 καὶ
458 4330 587 4391 τοῖς
626 4331 743 4382 ἐκεῖ
775 4331 865 4384 τὸν
895 4333 993 4401 τῆς
1040 4334 1278 4399 πίστεως
1302 4337 1528 4407 προθεὶς
1555 4343 1738 4411 ἄρτον,

150 4419 236 4469 καὶ
265 4421 500 4484 τούτους
542 4422 946 4495 δεξιωσάμενος
970 4430 1037 4482 τὰ
1067 4430 1299 4499 μεγάλα,
1333 4436 1427 4487 καὶ
1455 4435 1553 4507 τὴν
1580 4437 1740 4491 εὐσέ-

150 4510 292 4564 ϐειαν
329 4515 529 4576 αὐτοῖς
560 4517 834 4582 προπιὼν,
878 4520 1017 4583 ὅλως
1039 4521 1115 4592 τῷ
1167 4524 1388 4595 Χριστῷ
1446 4530 1741 4583 οἰκειοῦται

148 4606 234 4655 καὶ
267 4608 512 4661 υίοθετεῖ
570 4608 664 4661 διὰ
717 4613 812 4664 τοῦ
847 4614 1247 4686 βαπτίσματος.
1296 4620 1640 4688 Μαξιμιανὸς
1682 4624 1739 4675 δὲ

150 4698 292 4766 παρὰ
321 4700 437 4751 τῶν
474 4697 593 4752 ὑπὸ
644 4697 803 4767 χεῖρα
840 4705 1027 4770 μαθὼν
1053 4707 1149 4759 κα)⁸
1186 4707 1370 4771 δείσας
1405 4708 1480 4780 μὴ
1522 4710 1740 4777 πολλοῖς

1916 731 2008 785 IX.
2041 733 2264 790 interim
2303 747 2483 793 autem
2515 740 2641 795 dum
2687 753 2800 797 rota
2843 744 3159 813 quiescebat
3209 749 3278 801 ah
3313 765 3427 803 am~

1852 823 1990 887 bitu,
2023 835 2075 880 et
2109 827 2243 881 nihil
2288 830 2512 884 omnino
2566 833 2901 899 movebatur,
2935 849 3137 905 martyr
3172 839 3279 891 Deo
3321 841 3431 894 fcr-

1849 917 2149 972 ventiorem
2196 917 2457 976 oﬂerebat
2506 924 2799 988 gratiarum
2845 928 3142 990 actionem,
3189 940 3241 983 et
3280 930 3429 986 illine

1849 1010 2166 1079 ampliorem
2189 1015 2623 1083 consequebatur
2640 1016 3049 1083 benignitatem.
3068 1019 3429 1078 Maximianus

1849 1100 2028 1168 itaque
2061 1102 2245 1157 volens
2284 1107 2593 1172 ostendere,
2628 1122 2695 1163 ex
2742 1108 2997 1166 lictorum
3048 1111 3423 1182 simplicitate,

1852 1208 1954 1246 non
2006 1205 2185 1248 autem
2238 1211 2303 1251 ex
2355 1201 2645 1271 martyrica
2698 1202 2763 1255 ad
2798 1202 2966 1256 Deum
3015 1204 3237 1272 ﬁducia,
3290 1209 3429 1263 hanc

1850 1300 1965 1340 rem
2013 1302 2135 1341 esse
2196 1289 2516 1359 profectam,
2561 1307 2684 1346 eum
2732 1295 2982 1364 deposuit
3011 1311 3041 1351 e
3077 1308 3217 1362 rota,
3268 1309 3323 1353 et
3379 1300 3442 1354 ei-

1848 1392 1980 1433 ense
2011 1389 2237 1435 mortem
2289 1384 2547 1447 mittatur,
2580 1387 2681 1440 nisi
2734 1387 3077 1443 sacriﬁcarit.
3122 1388 3215 1445 Ille
3249 1402 3433 1448 autem

1849 1486 1915 1526 ex
1950 1474 2109 1527 minis
2152 1477 2387 1544 sumpsit
2416 1489 2798 1548 argumentmn
2851 1480 3078 1550 majoris
3127 1486 3441 1552 gratiarum.

1848 1564 2077 1620 actionis
2103 1583 2117 1619 :
2146 1576 2202 1621 et
2230 1576 2343 1623 toto
2386 1571 2551 1625 corde
2584 1568 2750 1625 Deum
2778 1573 3006 1642 rogavit,
3037 1583 3095 1628 ut
3123 1576 3437 1644 perveniret

1848 1657 1915 1712 ad
1971 1659 2198 1715 chorum
2251 1662 2443 1733 viginti
2498 1664 2726 1719 millium
2779 1676 3100 1736 martyrum,
3155 1677 3213 1721 ut
3263 1670 3437 1725 etiam

1848 1751 2033 1807 liceret
2064 1755 2112 1809 ei
2146 1754 2328 1810 dicere
2358 1772 2372 1809 :
2417 1774 2436 1809 ι
2483 1755 2624 1812 Ecce
2649 1772 2774 1827 ego,
2807 1767 2864 1813 et
2910 1760 3066 1828 pueri
3119 1759 3251 1825 mei,
3292 1777 3441 1831 quos

1849 1845 2000 1902 dedit
2042 1847 2173 1902 mihi
2207 1847 2345 1905 Deus
2361 1847 2404 1903 ⁸.
2444 1869 2462 1902 ι
2493 1850 2792 1921 Imperamr
2819 1867 2950 1907 vero
2976 1863 3267 1922 poStquam
3296 1856 3441 1914 vidit

1853 1939 2012 1995 ﬁnem
2042 1942 2090 1995 ei
2120 1942 2353 1999 maxime
2382 1959 2506 2000 esse
2534 1944 2587 1998 in
2625 1945 2769 2000 votis
2804 1963 2816 2000 :
2857 1944 3006 2010 Scio,
3036 1947 3236 2017 inquit,
3265 1963 3433 2017 quam

1852 2048 1945 2087 vos
1979 2034 2274 2092 Chrisuani
2313 2037 2435 2094 sitis
2464 2036 2651 2109 gloria:
2686 2038 2867 2109 cupidi
2912 2049 2970 2095 et
2997 2041 3220 2095 honoris
3263 2056 3432 2113 appe-

1852 2133 2045 2193 tentes,
2068 2138 2122 2182 et
2150 2130 2290 2198 quod
2316 2131 2560 2201 projecta
2592 2138 2770 2185 vestra
2802 2132 3027 2187 audacia
3053 2134 3434 2204 qualecunque

1848 2231 2043 2275 nomen
2084 2223 2300 2293 assequi
2348 2224 2654 2292 cupientes,
2698 2233 3001 2280 extremum
3031 2225 3279 2281 omnium
3314 2243 3432 2282 ma-

1846 2312 2041 2380 lorum,
2072 2325 2298 2370 mortem
2326 2315 2614 2372 violentam
2642 2314 2866 2384 eligitis.
2902 2314 3008 2371 Sed
3058 2316 3159 2371 hac
3212 2318 3435 2388 quidem

1847 2400 1912 2453 de
1940 2415 2102 2455 causa
2135 2404 2357 2458 minime
2398 2404 2697 2461 laetaberis.
2728 2404 2859 2459 Nam
2889 2422 3014 2461 cum
3058 2421 3159 2476 ego
3191 2418 3240 2461 te
3282 2410 3434 2477 prius

1849 2491 2030 2545 multis
2055 2492 2286 2549 alIecero
2311 2496 2617 2564 suppliciis,
2645 2495 2764 2552 luce
2791 2499 3045 2566 praesenti
3073 2500 3150 2554 sic
3175 2500 3427 2569 privabo.

1847 2592 1905 2635 ut
1951 2584 2040 2653 qui
2088 2586 2165 2642 sis
2222 2588 2479 2658 indignus
2530 2597 2692 2644 tanta?
2734 2590 2811 2645 rei
2869 2592 3160 2661 voluptate.
3224 2591 3425 2665 Martyr

1845 2683 2046 2740 autem,
2074 2674 2189 2729 Non
2219 2678 2350 2741 alia,
2385 2680 2581 2747 inquit,
2617 2682 2829 2736 ratione
2861 2682 3082 2749 eiiicies,
3118 2696 3174 2737 ut
3206 2686 3429 2752 praemia

1842 2779 2153 2839 consequar
2179 2771 2555 2840 prazclariora.

1914 2953 1976 3007 Ι.
2040 2953 2183 3020 Quid
2246 2965 2437 3026 postea
2494 2957 2891 3027 consequitur?
2937 2957 3163 3017 Ferreis
3224 2964 3434 3017 catenis

1841 3040 2099 3108 vincitur,
2152 3053 2203 3100 et
2255 3048 2325 3098 ad
2378 3047 2750 3102 malelico'rum
2795 3064 3074 3104 carcerem
3120 3049 3429 3107 deducitur.

1844 3131 1951 3189 Sed
2005 3150 2067 3191 ea
2123 3153 2246 3209 quae
2284 3147 2667 3205 consueverat,
2729 3141 2846 3213 ejus
2896 3142 3075 3211 lingua
3123 3144 3189 3198 ad
3260 3143 3431 3200 Deum

1843 3229 2076 3285 canebat
2116 3250 2131 3286 :
2170 3242 2224 3288 ct
2255 3243 2481 3289 catenas
2521 3234 2682 3290 simul
2713 3234 3039 3292 dissolvitet
3065 3237 3299 3302 vincula,
3332 3253 3437 3294 nec

1841 3334 1935 3373 eos
1967 3322 2186 3390 quidem
2218 3324 2310 3391 qui
2356 3324 2531 3394 ipsum
2563 3326 2856 3391 ducebant,
2885 3328 3105 3384 lictores
3151 3328 3433 3385 dimittens

1842 3423 2094 3479 expertes
2161 3415 2433 3470 miraculi.
2490 3416 2624 3471 Nam
2677 3416 2711 3471 ii
2768 3434 2983 3489 quoque
3053 3421 3208 3489 proni
3281 3420 3430 3475 humi

1841 3503 2115 3573 jacebant,
2152 3508 2520 3577 obStupefac-ti
2548 3510 2853 3567 admirabili
2900 3512 3231 3580 spectaculo.
3267 3512 3433 3581 Qute‘

1848 3598 1972 3652 dam
2008 3600 2157 3655 enim
2193 3601 2376 3655 divina
2410 3604 2583 3673 gratia
2612 3604 2844 3674 desuper
2873 3613 3164 3676 martyrem
3198 3607 3435 3661 circum-

1847 3688 2056 3750 volans,
2092 3702 2151 3744 et
2183 3693 2238 3745 in
2294 3707 2419 3747 eum
2474 3694 2648 3749 lucem
2691 3696 2914 3751 immisit
2956 3696 3339 3764 clarissimam,
3378 3708 3437 3754 ct

1845 3792 1940 3832 eos
1995 3778 2085 3847 qui
2145 3782 2325 3850 ipsum
2374 3795 2723 3854 acceperant,
2779 3786 3013 3852 lictores,
3069 3802 3189 3841 cum
3240 3787 3437 3843 ferreis

1846 3874 2044 3940 quibus
2093 3886 2227 3950 erat
2273 3873 2672 3943 circumdatus,
2731 3878 2957 3931 vinculis
3012 3878 3158 3930 humi
3211 3891 3435 3945 repente

1846 3963 2053 4031 dejicit,
2113 3981 2243 4019 cum
2299 3981 2368 4020 ne
2422 3968 2712 4023 connivere
2761 3969 2979 4039 quidem
3015 3969 3432 4029 suatinuissent.

1843 4051 1977 4107 Cum
2035 4070 2166 4111 vero
2223 4070 2432 4127 martyr
2477 4074 2569 4113 eos
2624 4061 2846 4115 fecisset
2883 4077 3126 4132 surgere,
3176 4062 3331 4132 jubet
3378 4072 3435 4122 ut

1845 4158 2085 4215 emptum
2119 4151 2227 4205 iter
2268 4161 2554 4221 peragant.
2588 4152 2720 4207 Cum
2751 4164 2929 4207 autem
2981 4157 3351 4224 pervenissent
3380 4158 3432 4211 in

1845 4252 2150 4305 carcerem,
2193 4242 2503 4308 ingreditur
2552 4246 2637 4298 ille
2680 4245 2856 4309 littus,
2910 4256 3163 4316 tanquam
3195 4248 3263 4303 ad
3295 4265 3429 4302 con-

1843 4331 2043 4382 vivium
2081 4350 2093 4384 :
2130 4341 2186 4385 et
2232 4347 2357 4384 cum
2411 4333 2491 4387 eis
2540 4335 2630 4400 qui
2682 4335 2790 4388 illic
2840 4348 3017 4404 erant,
3065 4339 3188 4392 ﬁdei
3236 4356 3427 4408 panem

1844 4424 2264 4488 proposuisset,
2321 4432 2376 4478 et
2428 4440 2526 4481 eos
2583 4425 2818 4497 benigne
2887 4437 2942 4484 et
3003 4432 3231 4487 comiter
3287 4446 3431 4490 esset

1843 4519 2152 4587 amplexus,
2207 4530 2262 4575 et
2316 4522 2396 4577 eis
2450 4524 2787 4593 propiuasset
2838 4528 3096 4594 pietatem
3145 4545 3208 4585 ac
3245 4546 3429 4587 veram

1843 4609 2187 4679 religionem,
2216 4626 2310 4664 eos
2338 4611 2554 4666 Christo
2585 4623 2724 4670 lotos
2757 4616 3033 4689 conjungit
3059 4629 3112 4673 et
3142 4620 3422 4688 conciliat,

1841 4713 1897 4756 et
1943 4703 2060 4771 ejus
2106 4706 2395 4773 adoptivos
2426 4705 2560 4762 lilios
2591 4707 2750 4763 eilirit
2796 4727 2892 4779 per
2922 4714 3268 4782 baptismum.
3303 4714 3421 4770 Mue

150 4789 234 4839 καὶ
255 4789 443 4851 ἄλλοις
467 4790 645 4842 αὐτὸν
667 4786 943 4863 ζημιώσῃ,
969 4796 1265 4865 παρίστησι
1284 4799 1445 4853 πάλιν
1459 4802 1551 4855 τὸν
1575 4804 1739 4875 ἀθλη-

1845 4792 2111 4848 ximianus
2174 4805 2355 4851 autem
2417 4814 2537 4852 cum
2595 4801 2695 4855 hoc
2734 4801 3035 4872 accepisset
3083 4807 3150 4861 ab
3209 4808 3275 4864 iis
3326 4812 3418 4881 qui

148 4878 237 4945 τὴν
269 4882 458 4951 ἐαυτῷ
517 4880 624 4934 καὶ
679 4882 841 4937 πάλιν
866 4886 958 4937 ἐπὶ
991 4888 1049 4939 τὸ
1075 4887 1235 4943 θύσαι
1274 4897 1581 4965 παρακαλεῖ
1624 4904 1737 4965 τοῖς

150 4968 349 5024 ἰκιίνου
389 4971 543 5034 θεοῖς
574 4987 591 5003 ο
631 4970 781 5026 ἔνθεν
806 4992 885 5027 τοι
936 4978 1031 5029 καὶ
1079 4972 1242 5032 ἆθλον
1284 4982 1376 5034 τοῦ
1411 4986 1740 5057 πράγματος

148 5065 236 5132 τὴν
270 5063 597 5134 ἱερωσύνην
638 5065 785 5136 αὑτῷ
813 5067 1175 5139 ὑπισχνεῖται.

214 5328 311 5385 IA',
363 5332 428 5386 Ὀ
456 5331 520 5383 δὲ
589 5332 731 5399 μετᾶ
764 5334 1106 5405 πῖιρῤησξας.
1154 5339 1292 5391 vin-Av
1352 5344 1529 5412 ἱερεὺς
1561 5345 1737 5413 ἔγωγε

152 5425 235 5474 καὶ
264 5427 374 5494 πρὸ
413 5426 534 5479 τῶν
566 5427 680 5477 σῶν
711 5427 903 5496 λόγων,
938 5431 1063 5504 ἔφη.
1099 5437 1190 5487 καὶ
1244 5439 1423 5507 ἱερεὺς
1463 5442 1556 5493 τοῦ
1584 5444 1739 5513 πρώ-

151 5530 237 5564 του
270 5519 360 5567 καὶ
398 5515 584 5569 καλοῦ
624 5520 880 5586 ποιμένος
912 5523 1005 5575 καὶ
1049 5527 1351 5597 ἀρχιερέως
1384 5532 1647 5600 Χριστοῦ.
1681 5534 1740 5595 ὃς

152 5606 204 5655 οὗ
226 5606 323 5674 τῆς
352 5607 503 5676 ἐμῆς
530 5607 702 5677 μόνον
739 5611 1151 5683 μεταλαμϐάνει
1184 5620 1385 5691 σαρκὸς
1418 5625 1512 5675 καὶ
1543 5623 1739 5693 μέχρις

155 5696 279 5763 ipsi
311 5697 533 5751 κάτεισι
561 5698 633 5751 δι’
671 5699 795 5770 ἐμὲ,
832 5705 923 5757 καὶ
960 5706 1130 5760 ταῦτα
1162 5708 1295 5775 Θεὸς
1355 5710 1450 5777 ῶν,
1485 5714 1649 5777 ἀῦλός
1681 5731 1738 5767 τι

224 5885 237 5906 ⁸
269 5878 441 5935 ιίρὺι.
476 5896 543 5947 ιι,
580 5879 670 5935 15.

1839 4894 1995 4937 erant
2021 4887 2069 4939 ei
2099 4888 2350 4955 subjecti.
2373 4900 2425 4944 et
2451 4892 2739 4959 timuisset,
2767 4910 2833 4950 ne
2862 4898 3153 4955 multorum
3183 4903 3414 4959 aliorum

1840 4975 2041 5030 faceret
2080 4975 2375 5045 iacturam,
2401 4979 2554 5048 jubet
2584 4999 2773 5041 rursus
2800 4988 2865 5039 ad
2895 5001 2953 5041 se
2982 4991 3172 5043 adduci
3205 5002 3411 5063 marty-

1840 5085 1977 5131 rem,
2012 5078 2067 5123 et
2103 5086 2289 5125 rursus
2324 5075 2664 5140 adhortatur,
2698 5086 2754 5131 ut
2786 5079 2885 5134 diis
2933 5080 3075 5137 illius
3121 5086 3413 5140 sacriﬁcet.

1842 5162 1957 5225 Quo
1993 5169 2236 5227 tempore
2281 5165 2444 5235 hujus
2487 5183 2705 5239 quoque
2743 5173 2818 5227 rei
2858 5176 3135 5243 pranniunt
3170 5176 3218 5230 ei
3251 5178 3415 5247 polli-

1844 5263 1999 5304 cetur
2029 5256 2415 5313 sacerdotium.
2666 5257 2673 5265 ’

1918 5342 2007 5398 XI.
2059 5344 2147 5400 llic
2190 5361 2368 5403 autem
2405 5350 2572 5406 libere
2609 5368 2623 5404 :
2664 5356 2729 5407 At
2774 5368 2894 5424 ego,
2925 5357 3118 5427 inquit,
3152 5371 3277 5415 ante
3324 5371 3414 5419 tua

1844 5438 2007 5490 verba
2064 5456 2179 5494 smn
2236 5445 2487 5497 sacerdos
2538 5445 2694 5516 primi
2742 5457 2797 5502 et
2850 5451 3027 5516 magni
3066 5460 3121 5506 et
3171 5456 3419 5523 praeclari

1847 5528 2087 5586 Pastoris
2117 5543 2169 5586 et
2200 5532 2475 5590 Pontiticis
2519 5538 2744 5603 Christi,
2771 5543 2861 5608 qui
2913 5556 3016 5595 non
3066 5543 3234 5597 solum
3281 5558 3414 5600 mete

1849 5623 2031 5677 carnis
2086 5632 2167 5677 est
2208 5628 2495 5696 particeps,
2523 5639 2576 5683 et
2603 5633 2668 5683 ad
2712 5645 2795 5684 me
2846 5646 3013 5702 usque
3070 5640 3286 5702 propter
3327 5649 3413 5690 me

1852 5716 2125 5770 descendit
2163 5734 2175 5772 :
2209 5719 2368 5789 idque
2408 5737 2530 5777 cum
2564 5724 2631 5777 sit
2667 5723 2805 5781 Deus
2828 5741 3023 5795 expers
3056 5729 3316 5793 materiae,
3357 5738 3414 5782 et
