4180 6476
739 423 839 485 183
2069 412 2352 473 MENSIS

2413 411 2631 471 rIAlUS
3898 391 3992 456 184

732 535 827 604 qui
865 549 971 588 non
1002 540 1176 602 potest
1205 528 1592 600 comprehendi
1625 544 1637 580 :
1672 528 1766 583 sed
1794 528 1956 582 etiam
1983 525 2307 581 sacriﬁcavit
2338 526 2362 582 ιε

2416 524 2513 575 καὶ
2565 524 2973 594 ἀπερίληπτος’
3029 520 3164 574 ἀλλά
3211 519 3307 572 καὶ
3365 516 3556 570 ἑαυτὸν
3588 515 3825 568 τέθυκεν
3858 509 3993 577 ὑπὲρ

736 628 1118 695 seipsum'pro
1161 623 1394 681 ovibus;
1428 631 1478 674 et
1516 619 1568 673 in
1603 635 1822 675 erucem
1871 628 2046 684 actus,
2074 626 2305 671 mortem

733 713 1064 781 suscepit,et
1088 711 1173 765 die
1203 711 1361 764 tertio
1390 708 1711 770 resurrexit,
1738 717 1793 761 et
1819 707 1870 760 in
1896 705 2089 760 coelum
2118 719 2307 759 rursus

734 804 1000 869 ascendit,
1023 817 1109 857 me
1134 817 1350 872 quoque
1377 800 1536 857 simul
1566 800 1824 862 evehens,
1859 799 1950 866 qui
1985 796 2130 850 illinc
2161 795 2308 848 ceci-

733 901 920 953 deram
995 905 1216 966 propter
1291 894 1733 949 inobedientiam.
1802 890 1976 960 Hujus
2037 903 2156 944 sum
2209 901 2309 956 ego

735 988 1016 1053 sacerdos,
1049 997 1102 1042 et
1126 986 1174 1042 ei
1206 986 1470 1056 meipsum
1498 984 1663 1038 statui
1691 982 1886 1039 oll‘erre
1915 981 2170 1036 hostiam.
2204 980 2312 1034 Res

737 1091 916 1134 autem
973 1088 1189 1145 vestraz,
1236 1088 1290 1132 et
1336 1087 1661 1140 vestrorum,
1706 1085 1764 1129 ut
1814 1074 2018 1140 dicitis,
2064 1073 2308 1138 deorum,

738 1175 915 1242 dignae
967 1182 1094 1227 sunt
1147 1180 1303 1226 nocte
1355 1178 1410 1223 et
1465 1169 1701 1239 angulis,
1739 1176 1794 1222 et
1845 1181 1964 1236 qua:
2027 1166 2314 1234 lugeantur

742 1264 920 1332 potius
945 1272 1164 1333 propter
1193 1262 1472 1317 interitum
1497 1271 1550 1316 et
1572 1259 1938 1315 calamitatem
1964 1273 2124 1327 quam
2151 1271 2314 1327 appe-

744 1365 926 1406 lautur
949 1354 1265 1407 maledictis.

813 1443 929 1498 XII.
966 1441 1060 1497 His
1087 1444 1156 1497 ita
1192 1444 1428 1514 percitus
1456 1443 1772 1512 imperator,
1804 1440 1955 1512 iubet
1992 1453 2312 1509 generosum

741 1537 1058 1590 Anthimum
1094 1536 1214 1589 duci
1248 1534 1313 1588 ad
1345 1543 1598 1588 mortem.
1634 1533 1858 1588 Ducitur
1910 1547 2039 1601 ergo
2091 1530 2312 1591 athleta,

743 1639 837 1694 spe
885 1624 1187 1678 futurorum
1222 1622 1428 1677 habens
1464 1623 1733 1693 vigentem
1786 1621 2046 1676 laetitiam.
2080 1619 2147 1673 Et
2190 1633 2314 1673 cum

743 1718 1083 1787 pervenisset
1135 1717 1201 1773 ad
1262 1716 1462 1780 locum,
1512 1716 1565 1768 in
1619 1729 1727 1785 quo
1777 1724 1896 1769 erat
1942 1729 2036 1783 per
2087 1723 2316 1769 mortem

743 1820 1109 1877 perventurus
1142 1807 1207 1860 ad
1246 1807 1412 1862 vitam
1464 1806 1558 1876 (*2).
1594 1807 1662 1861 ad
1705 1806 2034 1876 precandum
2077 1814 2320 1873 tempore

730 1901 912 1969 .petito
953 1910 1006 1954 et
1056 1909 1300 1968 accepto,
1345 1914 1465 1953 cum
1512 1907 1787 1968 postremo
1834 1905 1983 1951 esset
2039 1905 2317 1965 precatus,

2415 615 2525 668 τῶν
2559 618 2872 687 προϐάτων,
2929 619 3027 669 καὶ
3066 611 3304 683 σταυροῦ
3339 610 3561 679 γεύεται
3587 609 3683 661 καὶ
3737 606 3995 670 Θανάτου,

2417 708 2513 761 καὶ
2559 709 2856 778 τριήμερος
2893 707 3203 773 ἀνίσταται,
3252 705 3350 757 καὶ
3383 703 3464 766 εις
3493 701 3766 771 οὐρανοὺς
3822 699 3996 752 ἄνεισι

2417 801 2600 878 πάλιν,
2634 800 3024 869 συναναφέρων
3075 816 3143 868 με
3174 798 3266 850 τὸν
3304 793 3518 848 ἐκεῖθεν
3567 792 3659 846 διὰ
3689 791 3793 860 τὴν
3821 807 4000 859 παρα-

2416 893 2547 962 κοὴν
2604 890 2971 944 πεπτωκόταο
3012 888 3203 941 τούτου
3268 887 3450 956 ἱερεὺς
3500 881 3617 951 ἐγὼ
3667 881 3768 934 καὶ
3823 879 3998 948 τούτῳ

2417 987 2790 1056 προσαγαγεῖν
2809 981 3046 1053 ἐμαυτὸν
3082 979 3272 1033 Θυσίαν
3295 978 3614 1049 προῄρημαι
3635 990 3653 1006 ⁸
3683 973 3757 1026 τὰ
3785 972 3844 1024 δὲ
3870 970 4002 1038 ὑμέ-

2418 1093 2551 1143 τερα
2573 1074 2664 1126 καὶ
2696 1073 2806 1126 τῶν
2839 1070 3143 1141 ὑμετέρων,
3170 1067 3244 1129 ὥς
3270 1083 3429 1134 φατε,
3456 1062 3614 1125 θεῶν,
3651 1059 3855 1121 νυκτὸς
3883 1056 4005 1121 ἄξια

2419 1171 2512 1224 καὶ
2542 1168 2742 1236 γωνίας
2775 1164 3126 1236 θρηνούμενα
3181 1159 3267 1212 διὰ
3317 1157 3416 1226 τὴν
3446 1154 3730 1209 ἀπώλειαν
3782 1154 3880 1206 καὶ
3909 1149 4006 1219 τὴν

2423 1260 2711 1333 συμςορέιν
2740 1258 2938 1328 μᾶλλον
2962 1257 2995 1327 ἢ
3027 1251 3267 1323 λοιδοροῦ
3278 1266 3435 1321 μενα.

2492 1415 2592 1470 IB'.
2648 1413 2876 1474 Τούτοις
2924 1411 3236 1481 ὑπερζέσας
3286 1405 3364 1478 τῷ
3423 1403 3581 1475 θυμῷ
3633 1399 4006 1472 Μαξιμιανδί,

2423 1507 2638 1560 κελεύει
2658 1507 2749 1559 τὸν
2776 1507 3024 1573 γενναῖον
3051 1503 3314 1570 Ἀνθιμον
3349 1501 3448 1568 τὴν
3476 1497 3568 1551 ἐπὶ
3600 1495 3841 1547 θάνατον
3880 1493 4005 1558 ἄγευ

2426 1602 2550 1655 σθαι
2571 1618 2584 1631 ο
2623 1599 2816 1667 ἄγεται
2844 1596 3021 1649 τοίνυν
3044 1597 3072 1648 ό
3111 1593 3355 1664 ἀθλητὴς
3406 1586 3836 1658 ὲνακμάζουσαν
3865 1581 4008 1650 αὐτῷ

2425 1693 2490 1761 τῇ
2515 1688 2622 1742 τῶν
2659 1687 2964 1757 μελλόντων
2995 1682 3304 1754 ἐπαγγελίᾳ
3336 1681 3476 1750 ἔχων
3501 1678 3600 1748 τὴν
3634 1675 3841 1744 ἡδονήν
3870 1690 3882 1704 ο
3919 1673 4010 1761 καὶ

2427 1782 2519 1834 τδν
2549 1780 2710 1832 τόπον
2745 1774 3088 1836 καταλαϐὼν,
3128 1775 3184 1826 ὲν
3237 1766 3281 1842 ᾧ
3338 1771 3424 1824 διὰ
3458 1768 3553 1822 τοῦ
3599 1765 3841 1818 θανάτου
3875 1760 4010 1829 πρὸς

2350 1883 2394 1937 Β
2422 1871 2517 1944 τὴν
2558 1869 2703 1940 ζωὴν
2755 1866 2948 1938 ἔμελλε
2993 1863 3267 1931 διαϐῆναι,
3334 1861 3528 1929 καιρὸν
3579 1857 3661 1920 εἰς
3700 1852 4012 1924 προσευχὴν

745 1947 909 1969 τν---ν
957 1947 1006 1954 --
1056 1947 1300 1968 -π-τ-νι
1349 1947 1465 1953 ν---ν
1512 1947 1781 1968 τ---τ---η
1842 1947 1980 1951 --τη
2277 1947 2317 1961 κ.

745 2002 796 2046 et
831 1991 996 2046 Deum
1028 1993 1316 2056 allocutus,
1343 1993 1389 2044 ei
1420 1993 1636 2045 beatum
1667 1989 1796 2048 illud
1827 1997 1989 2059 caput
2010 1996 2323 2057 amputatur

2423 1965 2673 2035 αἰτήσας,
2708 1962 2803 2014 καὶ
2833 1956 3036 2019 λαϐὼν,
3064 1958 3159 2010 καὶ
3188 1956 3256 2008 τὰ
3283 1954 3574 2006 τελευταῖα
3625 1947 4009 2020 προσευξάμμ

749 2083 910 2137 tertio
937 2085 1138 2137 mensis
1181 2081 1538 2150 Septembris.
1577 2079 1808 2150 Vespere
1842 2090 2021 2134 autem
2053 2079 2323 2134 acceden-

2379 2084 2382 2086 ν
2424 2074 2512 2118 νος
2542 2055 2636 2108 καὶ
2667 2051 2968 2123 διαλεχθεὶς
2997 2049 3075 2120 τῷ
3126 2047 3268 2119 Θεῷ,
3323 2045 3423 2116 τὴν
3458 2042 3741 2114 μακαρίαν
3796 2039 4014 2105 ἐκείνην

751 2186 835 2229 tes
885 2174 1104 2244 quidam
1167 2174 1374 2238 ﬁdeles,
1424 2189 1544 2228 cum
1593 2174 1887 2242 pretiosum
1933 2187 2129 2242 corpus
2181 2171 2325 2226 illius

2425 2147 2670 2218 κεφαλὴν
2702 2146 3039 2214 ἀφαιρεῖται,
3093 2141 3255 2211 τρίτῃ
3280 2136 3374 2191 τοῦ
3403 2133 3788 2204 Σεπτεμϐρίου
3825 2130 4013 2199 μηνός.

2442 2243 2445 2244 ν
2589 2240 2599 2244 -
2728 2238 2776 2244 --
3249 2232 3260 2244 ,
3487 2228 3511 2238 -
3588 2243 3599 2244 ί
3645 2224 3787 2244 ᾼ-,Λ
3839 2220 3931 2244 λη,
3957 2221 4012 2244 ,λ

756 2266 1126 2332 sustulissent,
1153 2277 1449 2334 sancteque
1472 2277 1525 2320 et
1547 2266 1845 2320 honoriﬁce
1864 2265 2324 2332 composuissent,

752 2357 809 2410 in
852 2357 969 2425 ipso
1015 2357 1156 2424 loco,
1196 2357 1248 2410 in
1303 2372 1409 2426 quo
1468 2356 1568 2410 fuit
1617 2365 2051 2418 consummatus,
2102 2354 2327 2424 pulchre

755 2452 1055 2522 deponunt,
1077 2449 1357 2504 laudantes
1387 2447 1624 2511 Patrem,
1655 2457 1708 2501 et
1736 2445 1956 2511 Filium,
1985 2455 2040 2500 et
2063 2445 2324 2511 Spiritum

756 2550 1027 2606 sanctum,
1061 2556 1220 2594 unam
1252 2541 1594 2595 divinitatem
1623 2550 1677 2596 et
1721 2554 1981 2610 regnum;
2018 2538 2102 2592 cui
2149 2537 2330 2593 omnis

760 2633 953 2699 gloria,
1003 2634 1177 2687 honor
1228 2641 1283 2686 et
1336 2633 1584 2687 adoratio
1632 2631 1684 2686 in
1730 2630 1923 2688 saecula
1983 2629 2325 2685 sarculorum.

759 2727 952 2780 Amen.

2437 2240 2705 2309 Ἐσπὲρας
2725 2238 2780 2290 δέ.
2810 2253 2956 2298 τινες
2987 2232 3422 2302 παραγενόμενοι
3447 2228 3553 2279 τῶν
3574 2224 3810 2284 πιστῶν,
3839 2220 3936 2275 καὶ
3957 2221 4015 2270 τὸ

2431 2333 2641 2387 ἐκείνου
2666 2330 2826 2399 σῶμα
2846 2327 2906 2378 τὸ
2928 2326 3108 2392 τίμιον
3126 2323 3460 2389 ἀνελόμενοι,
3475 2317 3571 2369 καὶ
3589 2315 3753 2376 ὁσίως
3770 2313 3867 2365 καὶ
3882 2311 4018 2380 λαμ-

2431 2424 2584 2494 πρῶς
2607 2418 3072 2490 περιστείλαντες,
3095 2412 3223 2483 παρ’
3248 2410 3411 2463 αὑτὸν
3431 2409 3522 2461 τὸν
3548 2410 3648 2476 τῆς
3679 2404 4016 2462 τελειώσεως

2434 2519 2599 2572 τόπον
2627 2510 2950 2582 διαπρεπῶς
2977 2509 3118 2576 ἄγαν
3147 2502 3529 2564 κατατιθέασι,
3555 2496 3880 2563 δοξάζοντες
3912 2495 4014 2545 [la-

2437 2607 2591 2678 τέρα,
2649 2605 2745 2659 καὶ
2782 2603 2933 2664 Υἱδν,
2985 2602 3078 2654 καὶ
3113 2597 3337 2666 Πνεῦμα
3369 2594 3547 2661 ἅγιον,
3577 2590 3678 2659 τὴν
3714 2587 3850 2658 μίαν
3879 2583 4015 2636 θειό-

2438 2672 2579 2767 ττξτα
2625 2695 2720 2747 καὶ
2772 2690 3074 2762 βασιλείαν,
3103 2682 3363 2762 ᾖπρέπει
3395 2685 3544 2736 πᾶσα
3574 2679 3725 2744 δόξα,
3759 2676 3899 2746 τιμὴ
3928 2672 4016 2726 καὶ

2443 2785 2816 2858 προσκύνησις
2845 2785 2925 2846 εἰς
2956 2782 3082 2844 τοὺς
3116 2779 3321 2841 αἰῶνας
3355 2777 3465 2829 τῶν
3495 2772 3731 2828 αἰώνων.
3789 2768 3982 2838 Ἀμήν.

834 2926 914 3000 (9)
947 2930 1076 2984 Vide
1120 2930 1319 2984 Euseb.
1371 2927 1516 2983 Hist.
1563 2926 1764 2984 Eccles.
1819 2928 1912 2982 lib.
1959 2944 2077 2990 viii,
2111 2944 2159 2980 c.
2189 2928 2241 2992 6,
2284 2937 2334 2981 et
2375 2924 2573 2982 Baron.
2605 2940 2695 2978 an.
2727 2923 2854 2978 302.

792 3085 2304 3119 ...τω

2305 3057 4013 3114 W

1606 3277 2384 3456 MENSIS
2534 3270 3209 3452 MAIUS

1180 3759 1358 3872 DE
1450 3758 2014 3873 SANCTO
2098 3757 2756 3869 PHlLlPPO
2848 3748 3590 3862 APOSTOLO

1784 3981 2120 4039 BIARTYBE
2161 3982 2528 4042 lIlERAPOLl
2569 3982 2638 4040 IN
2670 3979 2998 4038 PHRYGIA.

1110 4135 1242 4189 (Maii
1265 4137 1345 4188 die
1373 4139 1412 4189 l.
1440 4143 1559 4196 Λεία
1585 4143 1872 4190 Sanctorum
1902 4137 2127 4187 Bolland.
2154 4139 2265 4188 Maii
2291 4145 2408 4187 tom.
2447 4139 2486 4199 Ι,
2511 4155 2559 4202 p.
2585 4139 2609 4186 7
2637 4137 2839 4198 latine;
2863 4139 3030 4188 Graece
3064 4151 3113 4198 p.
3136 4136 3247 4194 735,
3272 4147 3334 4183 ex
3359 4135 3468 4183 eod.
3498 4130 3642 4192 .Vat.)

854 4452 905 4504 l.
948 4451 1194 4505 Celebris
1241 4459 1326 4504 est
1377 4452 1440 4503 ad
1501 4450 1770 4505 Kalendas
1822 4451 1946 4505 Maii
1999 4453 2260 4507 memoria
2311 4451 2370 4506 S.
2415 4451 2645 4518 Philippi
2706 4443 2936 4516 apostoli
2990 4443 3044 4498 in
3099 4441 3496 4514 antiquissimis
3548 4440 3729 4498 Fastis
3781 4438 4014 4496 Latinis-

771 4549 1151 4602 Pervetustum
1206 4540 1571 4617 Martyrologii
1618 4545 2035 4619 Hieronymiani
2088 4547 2480 4618 apographum,
2522 4560 2550 4598 a
2595 4541 2740 4597 mille
2787 4554 2954 4610 prope
3003 4539 3164 4595 annis
3215 4548 3522 4605 exaratum,
3575 4553 3683 4608 quo
3737 4538 3810 4592 ab
3863 4535 4014 4590 iuitio

772 4639 954 4707 operis
987 4648 1047 4692 ut
1080 4648 1264 4692 nostro
1297 4639 1378 4692 usi
1416 4653 1621 4704 sumus,
1647 4641 1902 4708 quodque
1938 4638 2428 4710 Epteruacensibus
2464 4646 2518 4691 ut
2552 4651 2709 4690 suum
2744 4632 3087 4701 exigentibus
3126 4630 3478 4695 reddidimus,
3521 4628 3684 4682 habet
3736 4629 4017 4694 praefixum

775 4731 1072 4786 lndicnlnm
1106 4732 1168 4786 de
1188 4732 1337 4787 festis
1367 4733 1732 4802 apostolorum
1753 4734 1961 4797 diebus,
1992 4743 2046 4787 et
2082 4732 2366 4786 referenda
2400 4731 2465 4785 ad
2500 4729 2766 4783 Kalendas
2797 4725 2916 4780 Maii
2953 4727 3055 4779 ista
3084 4721 3326 4793 suggerit
3359 4740 3374 4777 :
3411 4741 3447 4774 ι·
3468 4720 3674 4780 Natalis
3703 4718 3761 4772 S.
3788 4716 4016 4785 Philippi

776 4823 1025 4892 apostoli,
1058 4823 1109 4877 in
1142 4825 1363 4878 civitate
1406 4823 1675 4894 Hierapoli
1726 4826 2016 4894 provinciae
2060 4824 2220 4878 Asim.
2259 4841 2276 4874 ι
2310 4822 2509 4875 Verum
2548 4820 2600 4872 in
2634 4827 2881 4873 contextu
2913 4816 3281 4887 Martyrologii
3320 4814 3386 4870 ad
3418 4811 3691 4868 Kalendas
3723 4807 3851 4864 Maii
3907 4810 4015 4864 haec

775 4917 948 4971 solum
992 4917 1242 4987 leguntur
1281 4933 1295 4970 :
1338 4937 1355 4966 ι
1399 4914 1601 4970 Natalis
1630 4928 1938 4972 sanctorum
1973 4917 2339 4986 apostolorum
2373 4911 2600 4979 Philippi
2626 4921 2681 4965 et
2705 4909 2908 4964 Jacobi.
2949 4928 2966 4960 ι
2999 4907 3057 4962 lu
3093 4908 3402 4977 apographo
3431 4905 3748 4961 Corbeiensi
3789 4904 4015 4960 Parisiis

776 5022 975 5062 excuso
1032 5007 1277 5076 ejusdem
1314 5006 1678 5077 Martyrologii
1720 5006 2124 5077 Hieronymiani
2162 5008 2233 5061 ita
2267 5005 2504 5058 habetur
2555 5021 2566 5056 :
2605 5022 2621 5053 ι
2653 5003 2709 5057 In
2763 5003 2891 5054 Asia
2929 4999 3199 5069 Hierapoli
3239 5000 3344 5054 SS.
3397 4998 3631 5070 Philippi
3686 4997 3921 5066 apostoli
3968 5005 4019 5052 et

777 5099 985 5154 Jacobi.
1031 5117 1050 5152 ι
1091 5099 1166 5154 De
1207 5097 1264 5151 S.
1304 5095 1529 5162 JaCobo,
1581 5099 1671 5165 qui
1722 5113 1825 5153 non
1869 5105 2079 5168 spectat
2137 5098 2204 5150 ad
2254 5093 2606 5161 Hierapolim,
2660 5110 2781 5147 mox
2839 5093 3070 5147 seorsim
3127 5107 3367 5163 agemus.
3419 5090 3628 5146 Similia
3678 5091 3746 5144 de
3788 5103 4016 5161 utroque

779 5196 1046 5249 habentur
1069 5192 1123 5246 in
1154 5191 1551 5260 antiquioribus
1584 5190 1760 5246 Fastis
1792 5207 1923 5246 mss.
1953 5206 2089 5259 quos
2119 5205 2222 5243 non
2250 5196 2332 5243 est
2361 5201 2538 5257 opera:
2573 5187 2808 5256 pretium
2866 5186 3129 5240 indicare.
3161 5183 3496 5240 Venerabilis
3525 5183 3664 5237 Beda
3696 5183 3749 5238 in
3781 5184 4016 5250 genuino

782 5303 881 5342 suo
932 5284 1338 5356 Martyrologio,
1371 5283 1514 5352 quod
1551 5292 1675 5337 ante
1731 5294 1931 5337 tomum
1979 5282 2274 5336 secundum
2319 5281 2576 5334 Actorum
2619 5279 2794 5333 Martii
2831 5294 2897 5333 ex
2943 5287 3066 5332 octo
3111 5277 3349 5346 antiquis
3402 5277 3677 5331 codicibus
3724 5275 4012 5338 edidimus,

783 5384 884 5436 ista
920 5381 1110 5435 scribit
1150 5397 1162 5434 :
1209 5399 1226 5431 ι
1270 5379 1326 5432 1η
1364 5377 1634 5447 Hierapoli
1669 5375 1898 5445 Philippi
1934 5375 2185 5442 apostoli,
2222 5383 2274 5428 et
2309 5373 2493 5429 Jacobi
2529 5373 2754 5443 apostoli
2785 5371 2968 5425 fratris
3003 5369 3236 5426 Domini.
3278 5389 3295 5421 ι
3331 5370 3489 5423 Addit
3527 5368 3724 5423 Florus
3757 5385 3771 5422 :
3813 5386 3833 5419 ι
3870 5367 4014 5435 Quo-

783 5487 900 5526 rum
930 5471 1132 5540 primus
1162 5471 1212 5523 in
1240 5469 1365 5524 Asia
1399 5468 1451 5522 in
1483 5467 1699 5523 civitate
1749 5465 2016 5535 Hierapoli
2059 5465 2347 5534 provinciae
2383 5463 2626 5536 Phrygia:
2646 5477 2835 5534 passus
2863 5472 2968 5526 est,
3004 5462 3184 5532 ibique
3233 5477 3351 5516 cum
3391 5460 3600 5514 liliabus
3653 5462 3768 5516 suis
3802 5462 4015 5531 requie-

781 5567 903 5620 scit.
940 5583 957 5615 i
995 5563 1267 5626 Rabanus,
1300 5571 1457 5616 relate
1492 5561 1790 5629 proximus,
1825 5560 1902 5611 sic
1934 5559 2127 5613 scribit
2165 5577 2178 5611 :
2219 5575 2235 5609 ι
2273 5557 2326 5612 lu
2362 5557 2632 5626 Hierapoli
2663 5557 2890 5628 Philippi
2929 5555 3183 5622 apostoli,
3222 5555 3311 5624 qui
3345 5551 3726 5607 Ebionitarum
3757 5554 4008 5610 hmresim

776 5659 1056 5724 exstinxit,
1093 5669 1146 5712 et
1178 5656 1382 5726 quievit
1429 5655 1478 5708 in
1512 5668 1662 5721 pace.
1707 5669 1723 5701 ›
1768 5650 2047 5706 Usuardus
2079 5653 2283 5722 scripto
2329 5653 2601 5709 mandavit
2634 5653 2748 5706 haec
2789 5649 2950 5705 verba
2990 5669 3002 5703 :
3040 5671 3056 5700 ι
3115 5647 3307 5704 Natale
3364 5645 3728 5715 apostolorum
3784 5647 4013 5718 Philippi

776 5761 827 5803 et
868 5749 1078 5810 Jacobi,
1112 5764 1172 5804 ex
1214 5748 1408 5815 quibus
1456 5745 1734 5815 Philippus
1787 5752 2067 5823 postquam
2121 5747 2394 5815 Schiant
2461 5747 2524 5801 ad
2574 5745 2728 5800 fidem
2783 5744 2979 5799 ChriSti
3035 5743 3409 5804 convertisset,
3459 5738 3597 5812 apud
3655 5738 4007 5811 Hierapolim,

781 5847 916 5900 Asiae
950 5845 1243 5908 civitatem,
1281 5844 1511 5914 gloriose
1547 5846 1646 5896 line
1685 5843 1907 5911 quievit.
