4180 6478
175 431 273 496 185
1246 437 1424 496 VITA
1470 438 1529 496 S.
1578 436 1923 497 PlllLIPPI
1965 436 2356 501 APOSTOLI.
3349 435 3452 505 186

234 545 287 597 2.
310 544 431 598 Ado
464 546 924 616 archiepiscopus
946 544 1294 611 Viennensis,
1318 547 1370 600 in
1399 547 1580 602 libello
1612 548 1686 602 De
1708 549 2083 615 festivitatibus
2107 557 2409 601 sanctorum
2441 545 2827 616 apostolorum,
2850 545 2951 599 hoc
2975 545 3210 616 elogium
3244 542 3452 598 edidit:

173 658 189 689 ι
230 635 442 691 Natalis
484 637 777 692 beatorum
826 639 1193 705 apostolorum
1242 639 1474 709 Philippi
1508 651 1562 695 et
1602 641 1790 696 Jacobi
1829 657 1940 695 :ex
1986 643 2185 708 quibus
2229 641 2535 708 Philippus,
2568 655 2689 693 cum
2740 654 2874 707 pene
2905 639 3187 709 Scythiam
3221 653 3452 692 conver-

167 732 340 794 tisset,
379 729 740 796 diacOnibus,
771 731 1101 800 presbyteris
1139 743 1195 786 et
1241 723 1511 803 episcopis
1545 735 1614 787 ibi
1653 735 1986 793 constitutis.
2020 747 2276 787 reversus
2306 743 2390 788 est
2420 733 2487 786 ad
2519 735 2729 797 Asiam,
2758 733 2844 786 ubi
2879 732 3136 785 continua
3177 733 3447 799 praedica-

169 826 314 878 tione
343 840 444 892 per
479 825 698 896 aliquot
732 843 902 882 annos
936 830 1226 894 insistens,
1275 827 1681 883 multitudinem
1739 829 2054 898 populorum
2095 826 2336 890 Christo,
2387 828 2663 882 laboribus
2711 829 2814 896 piis
2858 842 3073 896 semper
3118 827 3448 892 inserviens,

166 917 417 973 lucratus
447 931 542 973 εει
578 939 590 974 :
627 923 827 989 quique
863 923 1004 991 apud
1038 920 1368 987 Hierapolim
1403 923 1543 975 Asize
1573 921 1848 974 civitatein
1881 921 2135 974 dormivit
2169 935 2292 975 cum
2325 919 2568 989 patribus
2595 919 2729 984 suis,
2759 919 2922 974 beato
2973 920 3079 973 line
3121 921 3383 988 sepultus.
3423 941 3442 974 ι

165 1012 288 1068 [hec
326 1016 492 1080 Ado;
530 1017 735 1084 quibus
769 1017 919 1070 addit
955 1015 1268 1070 Nolkerus:
1314 1035 1331 1067 ι
1371 1016 1647 1070 Exstincta
1694 1014 1886 1068 lueresi
1938 1013 2333 1078 Ebionitarum,
2365 1014 2456 1082 qui
2495 1011 2770 1066 Christum
2802 1010 2986 1067 Jesum
3037 1023 3161 1067 ante
3194 1014 3447 1068 lnearua'

165 1109 324 1163 tionis
362 1119 591 1180 tempus
628 1112 794 1164 fuisse
835 1112 1126 1181 negabant.
1168 1131 1186 1162 ι
1224 1110 1281 1164 In
1311 1110 1580 1164 hodierno
1617 1107 2005 1178 Martyrologio
2048 1106 2290 1160 Romano
2339 1107 2613 1159 adduntur
2649 1107 2902 1160 nonnulla
2938 1107 3002 1159 de
3032 1106 3149 1174 ejus
3183 1109 3446 1178 martyrio

161 1202 242 1254 his
278 1202 466 1255 verbis
507 1220 523 1256 :
563 1223 582 1254 ι
626 1201 828 1258 Natalis
871 1205 1150 1258 beatorum
1190 1204 1561 1271 apostolorum
1610 1201 1838 1268 Philippi
1877 1209 1932 1254 et
1975 1198 2181 1260 Jacobi,
2216 1214 2279 1252 ex
2316 1199 2514 1268 quibus
2559 1196 2863 1268 Philippus,
2902 1208 3184 1265 postquam
3226 1215 3441 1254 omnem

161 1296 268 1347 fere
327 1294 629 1365 Scythiam
667 1297 730 1348 ad
782 1298 938 1350 [idem
974 1296 1174 1350 Christi
1212 1297 1590 1359 convertisset,
1637 1296 1778 1365 apud
1813 1294 2136 1362 Hierapolim
2171 1293 2310 1346 Asia:
2344 1294 2640 1356 civitatein,
2681 1296 2828 1346 cruci
2853 1295 3064 1356 allixns,
3088 1302 3142 1348 ct
3180 1295 3446 1362 lapidibus

162 1387 416 1451 obrutus,
454 1389 709 1458 glorioso
739 1391 846 1444 line
878 1390 1106 1460 quievit.
1145 1409 1163 1443 ι
1199 1389 1326 1445 llaec
1350 1392 1447 1458 ibi,
1481 1391 1676 1460 quibus
1703 1391 1897 1444 similia
1928 1390 1981 1442 in
2018 1406 2116 1444 suo
2145 1389 2527 1461 Martyrologio
2567 1391 2732 1442 tradit
2761 1387 3091 1453 Galesinius,
3121 1391 3188 1444 At
3219 1391 3440 1445 Mauro-

161 1484 309 1552 lycits
347 1484 654 1548 aliquanto
690 1484 844 1552 plura
880 1487 1238 1547 interserens,
1274 1504 1290 1537 ι
1332 1485 1541 1549 Natale,
1575 1486 1770 1554 inquit,
1810 1487 2089 1538 beatorum
2125 1487 2490 1552 apostolorum
2538 1483 2770 1551 Philippi
2805 1493 2862 1538 et
2890 1482 3098 1547 Jacobi,
3128 1501 3194 1540 ex
3241 1487 3442 1554 quibus

159 1576 461 1646 Philippus,
499 1589 791 1648 postquam
828 1578 1107 1651 Scythiam
1135 1581 1199 1633 ad
1229 1578 1386 1632 iidem
1416 1579 1618 1634 Christi
1653 1580 1939 1643 convertit,
1970 1579 2058 1631 ubi
2101 1580 2314 1646 dejecto
2343 1577 2532 1633 Martis
2565 1579 2859 1632 simulacro
2894 1587 3148 1632 erexerat
3195 1593 3440 1641 crucem,

160 1681 213 1724 et
254 1686 606 1726 venenosutn
638 1673 934 1727 draconem
970 1673 1391 1734 exterminarat;
1437 1674 1576 1742 apud
1615 1671 1943 1739 Hierapolim
1989 1671 2264 1725 civitatem
2295 1671 2438 1725 Asia:
2487 1671 2722 1739 glorioso
2777 1671 2881 1724 line
2923 1670 3173 1738 quierit:
3213 1671 3324 1723 sive
3373 1674 3438 1724 ab

158 1759 423 1818 Ebionitis
455 1767 616 1820 cruci
651 1765 837 1820 allixus
869 1778 922 1821 et
949 1768 1216 1836 lapidatus
1245 1768 1500 1822 occubuit
1529 1785 1541 1821 :
1569 1767 1720 1837 juxta
1749 1781 1910 1836 quem
1959 1767 2080 1820 dita)
2125 1765 2246 1820 tilia:
2302 1766 2422 1835 ejus
2460 1767 2699 1834 virgines
2749 1767 3028 1820 tumulata:
3079 1777 3231 1830 sunt;
3282 1767 3440 1821 tertia

159 1853 349 1921 Ephesi
381 1857 563 1927 jacet.
607 1877 625 1910 ι
660 1857 782 1915 [hec
814 1859 1154 1932 Maurolycus
1192 1879 1206 1915 :
1241 1870 1439 1929 prmter
1469 1876 1589 1931 quze
1620 1859 2007 1913 Constantinus
2031 1858 2267 1915 Felicius
2299 1859 2552 1913 nonnulla
2587 1860 2778 1914 miscet
2816 1874 2882 1913 ex
2921 1859 3073 1913 Actis
3115 1858 3343 1924 Grtccis,
3370 1860 3437 1914 de

155 1949 350 2018 quibus
384 1967 518 2006 mox
553 1969 811 2023 agemus.

220 2043 272 2094 ὃ.
313 2043 552 2098 Vocatio
590 2046 820 2118 Philippi
874 2049 938 2101 ad
973 2048 1332 2116 apostolatum
1372 2048 1648 2101 nonnullis
1686 2049 1852 2103 etiam
1890 2046 2062 2100 Fastis
2102 2049 2166 2099 ad
2198 2046 2266 2099 ‘28
2324 2045 2604 2100 Februarii
2651 2034 2941 2102 dseribitur
2979 2063 2992 2100 :
3057 2046 3151 2101 sed
3214 2050 3316 2101 ista
3374 2060 3447 2102 sx.

154 2161 166 2197 ι
208 2136 292 2190 die
327 2136 456 2190 Maii
490 2139 662 2194 latius
688 2141 997 2196 deducenda
1042 2142 1212 2204 fuere,
1239 2151 1297 2196 ut
1340 2144 1424 2195 via
1459 2153 1793 2196 sterneretur
1827 2142 1892 2197 ad
1938 2151 2055 2195 acta
2094 2139 2305 2203 Latina,
2337 2141 2508 2207 primo
2539 2141 2656 2195 loco
2691 2142 2890 2205 danda,
2921 2141 2970 2194 in
3007 2140 3206 2211 quibus
3229 2127 3432 2193 omnia

154 2226 538 2296 continentur,
576 2247 698 2300 qua:
727 2234 776 2286 in
805 2236 986 2289 citatis
1022 2234 1424 2305 Martyrologiis
1451 2235 1808 2305 attingnntur.
1839 2234 2037 2287 Eadem
2064 2235 2198 2287 Acta
2235 2234 2498 2287 habemus
2528 2233 2579 2287 in
2623 2234 2793 2287 tribus
2825 2234 3129 2288 illustribus
3162 2235 3444 2288 codicibus

156 2322 376 2384 nostris,
413 2340 661 2393 quorum
697 2327 892 2396 aliquis
928 2341 1054 2384 ante
1087 2333 1429 2400 octingentos
1460 2346 1629 2385 annos
1664 2330 1874 2382 videtur
1905 2339 2182 2382 exaratus.
2220 2328 2484 2382 Praeterea
2516 2330 2826 2398 accepimus
2849 2328 3039 2382 eadem
3075 2327 3347 2396 descripta
3373 2343 3442 2386 ex

155 2415 384 2470 retustis
421 2419 719 2475 codicibus
772 2422 1084 2479 Trevirensi
1125 2424 1183 2478 S.
1220 2423 1464 2489 Martini,
1503 2423 1699 2492 duplici
1734 2422 2130 2476 Andomarensi
2167 2421 2423 2476 Ecclesia:
2469 2422 2819 2482 cathedralis,
2866 2419 3218 2491 Ultrajectino
3257 2422 3440 2476 eccle-

153 2509 243 2563 sia:
285 2509 347 2566 S.
388 2512 732 2582 Salvatoris,
772 2515 1017 2570 Romano
1052 2521 1343 2572 cardinalis
1375 2519 1610 2572 Baconii.
1651 2516 1966 2571 Invenimus
2016 2519 2127 2586 ipsa
2163 2517 2323 2570 etiam
2365 2516 2419 2569 in
2471 2517 2644 2570 tribus
2696 2516 2895 2584 reginas
2948 2511 3158 2568 Snecia:
3214 2512 3443 2583 signatis

157 2619 388 2660 numero
419 2607 519 2670 8|,
558 2607 668 2661 482
700 2612 758 2660 et
789 2609 947 2672 1604,
988 2610 1282 2665 Parisiensi
1313 2612 1608 2670 cardinalis
1639 2610 1922 2674 Mazarini,
1965 2613 2231 2666 Duaceusi
2268 2611 2580 2667 monasterii
2611 2609 3000 2678 Aquicinctini,
3030 2607 3326 2662 Bodecensi
3383 2607 3438 2662 in

160 2691 536 2765 Westphalia,
571 2709 632 2753 et
669 2698 722 2752 in
753 2701 945 2756 codice
971 2718 1074 2756 ms.
1114 2703 1396 2773 hospitalis
1430 2704 1488 2758 S.
1519 2703 1723 2757 Nicolai
1756 2718 1918 2772 prape
1943 2703 2136 2757 Cusaut
2169 2721 2183 2756 :
2217 2721 2390 2772 neque
2427 2705 2493 2757 ab
2525 2705 2609 2757 his
2648 2703 2866 2756 diversa
2902 2711 3052 2766 sunt,
3088 2715 3210 2768 qure
3250 2700 3442 2753 habuit

151 2800 342 2845 auctor
371 2792 636 2847 historia:
675 2795 740 2848 de
772 2795 1151 2854 Translatione
1182 2798 1386 2852 brachii
1427 2798 1484 2852 S.
1521 2797 1745 2866 Philippi
1801 2795 2151 2850 Florentiain.
2191 2797 2521 2867 Legendaria
2557 2797 2601 2850 si
2653 2794 2900 2850 libuisset
2948 2805 3234 2859 excutere,
3285 2795 3437 2863 plura

151 2901 438 2953 possemus
471 2888 731 2944 indicare
759 2890 1030 2961 exempla.
1054 2890 1158 2945 Sed
1191 2892 1242 2944 in
1275 2891 1467 2960 primis
1497 2892 1864 2945 memOrabilis
1888 2902 1970 2945 est
1995 2891 2151 2946 nobis
2175 2895 2363 2945 eadem
2394 2892 2524 2944 Acta
2554 2893 2839 2946 continens
2869 2891 3038 2944 codex
3072 2901 3441 2960 pet-vetustus,

151 2983 438 3047 quadratis
489 2983 803 3038 litterarum
840 2983 1096 3040 ductibus
1127 2995 1182 3040 et
1218 2985 1533 3040 discrimine
1569 2985 2032 3055 diphthongorum
2068 2996 2232 3054 atque
2279 2989 2543 3042 vocalium
2601 2995 2856 3042 acetirate
2891 2998 3105 3040 serrato
3155 3001 3442 3055 exaratus,

150 3076 236 3142 qui
289 3076 424 3128 olim
487 3078 760 3145 pertinuit
813 3078 878 3131 ad
935 3077 1324 3131 monasterium
1381 3076 1481 3132 SS.
1527 3076 1669 3131 Petri
1723 3089 1776 3130 et
1829 3076 1979 3130 Pauli
2022 3078 2073 3130 in
2116 3077 2477 3147 Wissenburg
2532 3079 2786 3133 dimcesis
2829 3079 3129 3147 Spirensis,
3183 3097 3326 3134 nunc
3361 3090 3444 3134 est

149 3170 481 3238 amplissimi
522 3170 752 3224 baronis
783 3169 1004 3237 Blumii,
1042 3172 1244 3240 sacpius
1291 3186 1317 3223 a
1353 3172 1511 3224 nobis
1547 3173 1858 3236 memorati,
1893 3173 1962 3227 ob
2013 3181 2282 3227 vetustum
2320 3171 2684 3244 Martyrolngii
2739 3173 3150 3246 llieronymiani
3206 3191 3443 3246 apogra-

150 3268 334 3333 phum,
391 3266 550 3335 quod
607 3265 723 3335 ipse
753 3282 816 3321 ex
877 3266 1065 3322 eodem
1115 3265 1450 3320 monasterio
1481 3275 1757 3334 acceptum
1795 3283 1894 3335 pro
1926 3282 2023 3324 sua
2081 3267 2421 3323 humanitate
2475 3269 2920 3324 communicavit.
2959 3268 3032 3321 Es
3079 3269 3181 3323 hoc
3227 3278 3442 3324 vetusto

147 3356 330 3410 codice
365 3358 514 3410 Acta
558 3353 823 3410 virtutum
862 3368 915 3412 et
946 3358 1260 3428 passionum
1295 3365 1607 3411 sanctorum
1653 3356 1856 3411 Christi
1892 3357 2284 3427 apostolorum,
2317 3359 2612 3414 Beinoldus
2642 3361 2899 3426 Delinius,
2932 3361 3215 3416 societatis
3243 3372 3443 3417 nostra

149 3450 225 3503 rir
261 3452 554 3518 eruditus,
589 3451 862 3524 descripta
895 3456 1048 3511 nobis
1085 3455 1412 3510 transmisit.

210 3547 263 3600 4.
300 3547 632 3617 ντευίίεὶιιιι·
681 3549 804 3603 huic
854 3551 1028 3604 codici
1084 3567 1105 3602 ι
1152 3551 1382 3620 epistola
1418 3550 1707 3616 Melitonis,
1763 3571 1782 3603 ι
1825 3569 1852 3606 a

1825 3551 1948 3609 aliis
1989 3550 2200 3619 Molliti,
2247 3571 2266 3603 α
2321 3553 2561 3622 episcopi
2608 3552 2983 3616 Laodicensis.
3032 3553 3100 3606 ad
3152 3551 3442 3607 universos

143 3638 427 3714 episcopos
463 3649 524 3691 et
561 3637 840 3694 Ecclesias
865 3640 1292 3710 Catholicorum,
1325 3644 1391 3699 de
1423 3647 1655 3715 quodam
1689 3643 1911 3708 Leucio,
1941 3648 2030 3716 qui
2066 3647 2427 3716 quorumdam
2458 3647 2626 3700 Actus
2657 3644 3032 3709 apostolorum
3065 3643 3381 3712 scripserat.
3418 3663 3437 3691 υ

143 3731 298 3786 Notat
330 3733 485 3788 hunc
523 3730 716 3790 Melito
765 3734 1018 3792 falsitatis
1051 3737 1226 3802 titulo,
1277 3740 1618 3807 potissimum
1651 3741 1774 3808 quia
1805 3741 1964 3806 dixit,
2021 3759 2038 3789 ι
2073 3755 2168 3793 eos
2203 3740 2458 3794 docuisse
2493 3739 2598 3792 duo
2647 3737 2916 3808 principia
2956 3735 3083 3791 boni
3113 3745 3167 3789 et
3205 3733 3353 3800 mali,
3388 3743 3444 3789 et

147 3830 278 3882 bona
307 3844 338 3881 a
377 3827 539 3885 bono
588 3836 646 3882 et
697 3829 836 3885 mala
870 3846 898 3884 a
939 3831 1079 3887 malo
1129 3832 1440 3888 substitisse
1492 3832 1778 3903 principio.
1817 3853 1836 3884 ι
1890 3833 2089 3887 Eadem
2133 3832 2365 3903 epistola
2415 3831 2718 3901 praeﬁgitur
2763 3843 2890 3884 ante
2930 3831 3064 3882 Acta
3117 3829 3176 3882 S.
3217 3829 3444 3885 Joannis

143 3925 494 3992 cvangelistze
522 3924 674 3994 apud
706 3925 1079 4002 Florentiunm
1109 3929 1173 3981 ad
1209 3928 1659 3998 Martyrologium
1698 3928 2206 3998 llieronymianum.
2247 3928 2448 3983 Mentio
2482 3927 2730 3997 praedicti
2769 3925 2980 3993 Leucii,
3013 3927 3133 3982 aliis
3195 3924 3438 3988 Leontii,

141 4016 352 4069 videtur
399 4017 528 4069 fieri
583 4017 638 4069 iu
690 4015 947 4072 Tractatu
1003 4019 1076 4075 De
1121 4021 1226 4091 ﬁde
1280 4023 1385 4075 sive
1431 4023 1495 4075 de
1533 4021 1752 4076 (Initate
1790 4021 2071 4076 Trinitatis
2120 4033 2304 4074 contra
2369 4019 2718 4088 Manichacus,
2766 4022 2860 4092 qui
2913 4031 3060 4076 tomo
3096 4020 3162 4075 Vl
3204 4019 3441 4089 Opernnt

141 4109 195 4165 S.
248 4109 563 4181 Augustini
625 4112 941 4166 continetur
983 4127 1000 4165 :
1046 4129 1232 4168 verum
1289 4131 1396 4169 non
1453 4115 1681 4170 habetur
1729 4117 1782 4170 in
1833 4115 2337 4170 Rett-actatimiibns
2382 4112 2521 4182 ejus,
2561 4129 2737 4181 neque
2780 4115 2834 4167 in
2874 4112 3120 4170 lndicnlo
3173 4113 3442 4180 Possidii;

141 4207 454 4272 asseritque
487 4202 782 4273 Philippus
826 4202 1010 4259 Labhe
1046 4203 1121 4259 De
1155 4206 1517 4276 Scriptoribus
1556 4211 1951 4275 ecclesiasticis,
1993 4229 2010 4262 ι
2050 4212 2290 4268 evicisse
2331 4208 2684 4263 Sirinondnm
2720 4208 2770 4261 in
2801 4206 3038 4261 llistoria
3074 4207 3443 4261 Prtedestina-

145 4295 282 4350 tiaua
312 4313 381 4352 ex
412 4298 529 4353 {ide
561 4313 703 4353 mss.
747 4301 1017 4366 codicum,
1056 4303 1327 4371 pr:ccipue
1363 4303 1740 4368 Corbeiensis,
1778 4307 1919 4373 quod
1950 4306 2024 4358 sit
2058 4305 2252 4369 Evodii
2285 4305 2527 4374 episcopi
2564 4304 2874 4368 Uzalcnsis,
2911 4324 2930 4358 ι
2971 4323 3021 4359 ιη
3054 4302 3438 4358 Proconsulari

141 4391 424 4456 provincia
470 4391 695 4458 Africa,
733 4395 798 4448 ad
830 4410 992 4463 quem
1026 4405 1243 4450 exstant
1273 4397 1434 4452 varia:
1470 4395 1528 4452 S.
1556 4397 1844 4469 Augustini
1888 4398 2135 4469 epistolae
2178 4417 2192 4454 :
2228 4407 2288 4452 ut
2323 4397 2406 4452 vel
2443 4406 2568 4453 tunc
2621 4406 2746 4452 ante
2787 4397 3056 4452 indicatus
3101 4395 3282 4450 Melita
3325 4395 3439 4450 sive

141 4483 376 4537 Mellitus
407 4485 718 4552 episcopus
753 4489 953 4542 vixisse:
986 4489 1253 4543 videatur.

203 4577 258 4633 5.
295 4577 447 4634 Sunt
501 4578 628 4632 hinc
672 4577 1040 4645 apostolorum
1083 4589 1202 4636 acta
1234 4581 1580 4648 postmodum
1627 4583 1777 4638 varie
1817 4591 1996 4646 aucta,
2031 4591 2084 4637 et
2114 4584 2224 4640 sub
2255 4583 2479 4636 nomine
2509 4581 2712 4645 Abdire,
2751 4580 3062 4652 Babylonia:
3093 4584 3332 4653 episcopi
3370 4589 3436 4639 ah

137 4675 406 4743 apostolis
453 4671 730 4736 ordinati,
764 4674 963 4741 saepius
1008 4689 1237 4741 recusa;
1275 4675 1431 4746 quasi
1476 4691 1537 4731 ea
1583 4693 1651 4732 ex
1697 4677 1963 4732 Hebraica
2013 4677 2066 4730 in
2120 4680 2374 4733 Graecam
2425 4675 2667 4744 linguam
2725 4675 3096 4729 transtulisset
3133 4677 3433 4748 discipulus

137 4769 319 4823 Abdiae
361 4766 708 4834 Eutropius.
741 4776 794 4820 et
837 4765 963 4820 hinc
989 4765 1040 4819 in
1071 4763 1322 4822 Latinam
1370 4770 1597 4826 vertisse
1633 4785 1693 4825 se
1740 4771 1886 4825 dicat
1929 4770 2112 4827 Julius
2153 4769 2464 4836 Africanus,
2511 4775 2601 4841 qui
2653 4773 2812 4827 tertio
2864 4773 3064 4827 saeculo
3090 4773 3273 4828 ﬂoruit
3327 4775 3430 4831 sub

137 4863 579 4932 imperatoribus
632 4858 979 4930 Ileliogabald
1005 4871 1058 4916 et
1088 4860 1399 4918 Alexandro
1428 4864 1721 4919 Mammaea:
1750 4865 1881 4921 lilio.
1907 4868 2180 4921 Baronius
2215 4867 2266 4919 in
2305 4868 2448 4922 notis
2487 4867 2554 4920 ad
2586 4868 2727 4921 hunc
2756 4867 2926 4927 diem.
2961 4885 2978 4918 ι
3019 4867 3192 4935 Licet,
3228 4867 3424 4937 inquit,

135 4960 448 5029 apocrypha
492 4967 833 5012 censeantur
863 4957 976 5012 bare
1016 4960 1116 5013 sub
1166 4959 1384 5015 nomine
1429 4961 1638 5024 Abdiie,
1667 4976 1793 5016 vera
1839 4971 2019 5016 tamen
2060 4961 2326 5014 nonnulla
2357 4963 2432 5015 ibi
2465 4977 2587 5017 esse
2639 4963 2767 5018 mihi
2807 4962 2967 5019 facile
3014 4967 3316 5033 persuadeo
3349 4984 3362 5020 :
3402 4987 3420 5019 ι

137 5055 369 5109 maxime
394 5053 640 5122 quando
667 5051 883 5107 aliunde
903 5067 967 5106 ea
991 5051 1123 5108 Aera
1159 5064 1240 5123 (ut
1268 5055 1354 5109 hic
1378 5059 1443 5109 de
1472 5058 1529 5112 S.
1557 5057 1848 5127 Philippo),
1880 5057 2014 5114 satis
2042 5056 2366 5124 probantur.
2393 5056 2622 5111 Exstant
2647 5059 2837 5110 cadent
2865 5072 3062 5111 excusa
3094 5075 3237 5112 anno
3268 5061 3426 5125 l53l,

137 5149 272 5205 inter
303 5144 642 5214 Rapsodias
671 5143 940 5216 Anonymi
992 5144 1280 5201 Philalethi
1315 5147 1634 5218 Eusebiani,
1667 5151 1722 5204 in
1765 5149 1938 5215 Vitas,
1973 5149 2234 5203 miracula
2288 5151 2682 5222 passionesque
2718 5153 3090 5218 apostolorum
3146 5168 3175 5206 a
3216 5150 3422 5206 Frede-

140 5246 245 5298 rico
294 5241 525 5297 Nausea
579 5235 883 5294 collectas:
918 5249 972 5293 et
1016 5240 1068 5293 in
1117 5240 1383 5310 plerisque
1420 5242 1612 5296 horum
1665 5257 1772 5297 non
1823 5243 2022 5311 legitur
2069 5240 2212 5310 quod
2256 5240 2534 5311 Philippus
2570 5260 2588 5293 ι
2620 5243 2767 5298 cruci
2803 5241 2996 5297 allixus
3040 5253 3095 5296 et
3147 5243 3420 5312 lapidibus

137 5341 367 5394 obrutus
402 5335 610 5392 fuerit.
654 5353 672 5383 ι
717 5329 912 5388 Verum
949 5333 1151 5388 inserta
1185 5345 1311 5389 sunt
1337 5336 1420 5390 illa
1454 5337 1618 5390 verba
1648 5335 1789 5405 apud
1822 5333 2080 5388 Joninum
2122 5333 2515 5395 Mombritimn,
2545 5335 2597 5389 in
2631 5334 2966 5403 Legendario
3004 5346 3130 5390 ante
3162 5338 3424 5392 ducentos

137 5446 302 5485 annos
337 5442 567 5486 excuso
606 5443 619 5479 :
651 5425 777 5479 item
813 5427 866 5480 in
895 5425 1172 5481 Breviario
1202 5429 1443 5482 Romano
1470 5430 1600 5483 anni
1636 5429 1780 5483 1522
1810 5437 1979 5498 atque
2013 5441 2078 5482 eo
2115 5427 2258 5496 quod
2285 5427 2438 5496 jussu
2471 5427 2621 5481 Pauli
2653 5442 2806 5504 papae
2836 5426 2902 5482 111
2927 5445 2954 5481 a
2982 5429 3258 5483 cardinale
3290 5430 3424 5497 Qni-

137 5527 334 5595 gnonio
383 5524 720 5578 ordinattnn
757 5532 809 5576 et
861 5520 937 5575 Ilii
970 5519 1191 5589 anssu
1245 5531 1430 5590 postea
1473 5523 1679 5577 editum
1737 5522 2002 5575 hactenus
2052 5530 2388 5582 asserVatur,
2440 5521 2568 5575 licet
2603 5521 2655 5574 in
2694 5522 2842 5576 hisce
2875 5521 3008 5575 Aeta
3065 5522 3274 5592 integra
3312 5538 3421 5577 non

135 5625 343 5681 dentur,
397 5627 462 5672 ut
509 5617 568 5671 in
609 5614 900 5684 antiquiori
937 5613 1229 5672 Breviario.
1263 5614 1418 5668 Prior
1462 5631 1590 5684 pars
1634 5617 1897 5669 Actorum
1943 5613 2164 5683 integra
2207 5613 2434 5668 habetur
2466 5612 2518 5666 in
2549 5613 2831 5669 Brevrario
2859 5615 2986 5668 anni
3020 5615 3177 5679 H79,
3209 5616 3343 5670 H90
3366 5625 3423 5669 et

138 5713 486 5780 sequentium
537 5727 552 5763 :
585 5709 640 5761 in
678 5723 846 5779 eaque
870 5717 1025 5778 parte
1059 5711 1408 5763 continentur
1436 5709 1524 5761 illa
1566 5725 1686 5777 quzc
1725 5707 1849 5761 inde
1882 5706 2229 5775 Maurolycns
2269 5721 2428 5774 supra
2477 5707 2697 5761 tradidit
2735 5707 2800 5762 de
2827 5727 2846 5759 ε
2885 5723 3155 5764 vcneuuso
3183 5710 3419 5764 dracone

139 5808 532 5867 “terminato,
581 5825 600 5856 ρ
646 5814 738 5855 aut
767 5805 944 5858 forsan
985 5803 1202 5858 diabolo
1232 5804 1333 5858 sub
1383 5805 1506 5858 tetri
1555 5803 1787 5857 monstri
1840 5803 2034 5868 ligura.
2081 5799 2285 5854 Similia
2345 5802 2540 5858 habent
2593 5801 2781 5860 Petrus
2825 5805 2888 5860 de
2930 5803 3207 5860 Natalibns
3251 5805 3340 5859 lib.
3371 5821 3420 5858 tv

140 5901 403 5972 Cotologi,
441 5917 577 5971 cap.
631 5896 749 5964 107,
785 5896 1057 5969 Philippus
1086 5896 1370 5956 Ferrarius
1408 5899 1480 5955 Dc
1516 5897 1712 5954 sanctis
1754 5895 1952 5962 Italia,
1989 5907 2036 5950 et
2081 5896 2261 5966 plures
2293 5895 2404 5952 alii.
