4180 6486
744 400 854 469 199
2076 399 2359 460 MENSIS
2401 399 2660 459 MAIUS.
3913 393 4015 457 200

748 572 4013 600 wM—W

2038 732 2528 821 ΥΠΟΜΝΗ
2542 737 2701 821 MA

1324 933 1587 1060 ΕΙΣ
1665 926 2010 1060 TON
2085 924 2605 1060 APION
2683 926 2975 1058 IAK

1768 926 2010 1060 ὈΝ
2085 924 2605 1060 APION
2683 926 3419 1062 ΙΑΚΩΒΟΝ

1835 1143 2252 1198 ΛΠΟΣἹῸΛΟΝ
2295 1143 2414 1195 κΑι
2458 1144 2907 1197 ΔΔΕΛΦΟΘΕΟΝ

2352 1328 2421 1339 --

1900 1477 2856 1575 COMMENTARIUS

944 1705 1103 1828 IN
1189 1700 1933 1831 SANCTUM
2028 1701 2757 1831 JACOBUM
2852 1700 3817 1831 APOSTOLUM

1949 1945 2053 2007 ET
2084 1946 2468 2009 FRATREM
2514 1946 2803 2007 DOMINI

1513 2117 1655 2182 (Acta
1683 2119 1975 2171 Sanctorum
2017 2116 2235 2169 Bolland.
2270 2117 2331 2167 ad
2366 2117 2500 2167 diem
2529 2117 2545 2166 l
2577 2116 2708 2177 Mati,
2732 2116 2904 2167 Graece
2932 2118 2984 2165 et
3018 2106 3234 2179 Latine.)

2194 2419 2583 2479 PROLOGUS.

814 2548 856 2603 1.
902 2550 1046 2605 Nihil
1082 2560 1163 2606 est
1212 2550 1328 2605 \‘iro
1363 2552 1503 2607 bono
1547 2560 1602 2606 et
1636 2551 1855 2605 virtutis
1903 2547 2131 2602 amatori
2179 2562 2329 2615 :l‘qne
2356 2552 2407 2609 Α

2360 2552 2407 2609 Α
2505 2546 2583 2600 Α’.
2613 2546 2726 2616 Οὐχ
2754 2546 2925 2608 οὕτως
2962 2544 3059 2615 ὴδύ
3086 2560 3139 2595 τι
3169 2542 3245 2612 τῷ
3281 2542 3559 2612 φιλαρέτῳ
3603 2545 3698 2595 καὶ
3724 2541 3876 2615 κόρῳ
3910 2560 4011 2615 μη-

739 2644 1059 2713 ]ncnndum,
1085 2646 1305 2711 etquod
1334 2642 1480 2696 nulla
1514 2645 1690 2697 minus
1717 2642 1968 2696 satietate
1994 2639 2325 2701 oﬂ'endatnr,

2431 2640 2542 2693 δενὶ
2566 2638 2963 2708 λυμαινόμενον
2986 2637 3061 2699 ὠς
3092 2636 3282 2705 μνήμη
3308 2634 3520 2689 δικαίου
3546 2652 3559 2665 ·
3604 2637 3701 2689 καὶ
3734 2638 3941 2705 μᾶλλον
3969 2640 4013 2690 εἰ

746 2747 911 2803 atque
971 2734 1102 2803 justi
1166 2736 1444 2801 memoria,
1496 2744 1551 2788 et
1608 2734 1865 2795 maxime,
1918 2734 1962 2787 si
2017 2746 2207 2799 passus
2258 2729 2330 2782 sit

2430 2734 2518 2787 διὰ
2564 2734 2804 2803 Χριστὸν
2855 2730 3121 2793 παθόντος
3174 2729 3506 2798 κατέστηκε.
3567 2730 3676 2782 Καὶ
3720 2731 3835 2801 γὰρ
3882 2730 4014 2799 αὕτη

746 2838 969 2899 propter
1000 2828 1300 2882 Christum.
1332 2827 1404 2881 Ea
1439 2829 1581 2881 enim
1624 2827 1771 2880 illum
1808 2828 1979 2894 magis
2020 2825 2220 2878 excitat
2260 2822 2325 2875 ad

2434 2826 2633 2881 πλείων
2696 2826 2891 2894 ἐκεινῳ
2932 2825 2962 2894 ἢ
3025 2823 3226 2893 χρυσὸς
3280 2825 3392 2885 τοῖς
3424 2824 3886 2893 φιλοχρημάτοις,
3926 2825 4015 2877 καὶ

747 2921 1013 2985 Ιωιίιίυιιι,
1045 2937 1203 2985 quant
1232 2937 1421 2973 aurum
1476 2921 1717 2988 pecuniae
1757 2928 2046 2981 amatores,
2083 2925 2136 2971 et
2184 2930 2331 2984 quae-

2432 2923 2530 2974 ὅσα
2559 2918 2658 2989 τὴν
2696 2919 2845 2987 ὤραν
2870 2918 2999 2987 ἡδέα
3038 2918 3163 2977 τοὺς
3202 2918 3278 2985 (α)
3333 2916 3682 2981 φιλοκαίνους
3709 2918 3793 2980 εἰς
3820 2917 4014 2985 εὐφρο-

747 3028 961 3080 cunque
1012 3022 1137 3065 sunt
1181 3015 1292 3064 visu
1340 3012 1675 3066 delectabilia
1712 3025 1973 3063 novarum
2028 3023 2205 3061 rerum
2237 3021 2331 3060 cu.

2436 3011 2601 3080 σύνην
2639 3009 2968 3081 παρακαλεῖ.
3007 3008 3160 3060 Ἐπεὶ
3189 3004 3281 3061 οὖν
3328 3008 3427 3077 οὐχ
3456 3008 3608 3073 ἡδεῖα
3656 3008 3821 3076 μόνον
3862 3011 3894 3077 ἠ
3925 3008 4014 3059 τοῦ

748 3105 923 3172 pidos.
955 3102 1105 3157 Adde
1138 3104 1278 3167 quod
1308 3103 1419 3169 ipsa
1446 3104 1575 3170 justi
1613 3102 1869 3155 memoria
1904 3115 2009 3154 non
2044 3099 2217 3153 solum
2247 3107 2332 3153 est

2432 3104 2643 3157 δικαίου
2694 3104 2905 3171 μνήμη,
2958 3100 3093 3152 ἀλλὰ
3148 3100 3241 3152 καὶ
3272 3101 3393 3152 λίαν
3435 3100 3736 3168 ὠφέλιμος,
3769 3102 3932 3171 ζήλου
3968 3119 4015 3151 τι

742 3195 1003 3263 juetmda,
1057 3197 1150 3248 sed
1190 3197 1352 3248 etiam
1392 3195 1544 3247 valde
1593 3194 1773 3259 utilis;
1806 3209 1929 3246 cum
1963 3192 2194 3259 aliquem
2228 3190 2329 3243 zeli

2437 3195 2665 3262 κέντρον
2704 3196 2822 3255 ταῖς
2844 3193 3041 3261 ψυχαῖς
3074 3192 3299 3257 ὲνιεῖσα,
3324 3191 3552 3244 καὶτῶν
3584 3193 3716 3243 ἴσων
3748 3193 4016 3245 ἅπτεσθαι

748 3297 804 3340 et
851 3287 1206 3340 annulatiunis
1255 3286 1535 3339 stimulum
1592 3286 1848 3338 immittat
1898 3284 2112 3345 animis,
2163 3293 2217 3335 et
2267 3282 2332 3335 ad

2437 3285 2817 3354 διεγείρουσαο
2867 3283 2998 3351 φέρε
3062 3282 3125 3350 δὴ
3158 3284 3251 3333 καὶ
3287 3284 3448 3351 ἡμεῖς
3496 3282 3588 3334 τὸν
3622 3284 3802 3349 μέγαν
3831 3283 4016 3335 τοῦτον

750 3379 951 3432 similia
980 3378 1342 3447 aggredienda
1378 3378 1598 3431 excitet.
1628 3376 1870 3445 Agedum
1907 3390 2036 3443 ergo
2067 3389 2166 3428 nos
2195 3388 2332 3442 quo-

2451 3377 2707 3429 Ἰάκωϐον
2759 3377 2838 3437 εις
2888 3376 3053 3441 μέσον
3083 3375 3401 3441 προθέντες,
3434 3375 3524 3426 τὸν
3553 3374 3775 3443 ἀληθῶς
3812 3376 4016 3428 δίκαιον

750 3484 855 3539 que
896 3484 1146 3538 magnum
1180 3468 1441 3523 Jacubum
1478 3470 1533 3522 in
1573 3470 1805 3523 medium
1848 3468 2183 3520 adducentes
2221 3466 2332 3533 (qui

2436 3471 2565 3523 ὄντα
2587 3486 2644 3521 τε
2673 3469 2764 3520 καὶ
2794 3468 3195 3536 ὀνομαζόμενον
3218 3482 3231 3496 ο
3267 3468 3324 3528 ὃς
3358 3468 3452 3518 καὶ
3489 3468 3549 3519 τὸ
3575 3468 3806 3534 ἁδελφὸς
3839 3470 4018 3521 καλεῖ-

752 3577 877 3615 vere
926 3572 1007 3613 est
1040 3561 1232 3614 Justus
1262 3572 1315 3613 et
1360 3561 1691 3623 nominatur,
1725 3571 1779 3613 et
1812 3569 1868 3612 ut
1914 3559 2117 3613 Christi
2168 3558 2335 3611 frater

2440 3564 2564 3616 σθαι
2588 3562 2823 3630 Χριστοῦ
2849 3560 3216 3630 διαφερόντως
3251 3560 3620 3629 πεπλούτηκε,
3659 3562 3852 3629 κοινὴν
3882 3560 4018 3623 ὡςέ-

753 3663 1044 3706 vocaretur
1068 3654 1265 3706 eximie
1299 3661 1383 3706 est
1413 3656 1691 3719 assecuus)
1725 3663 2153 3707 communemex
2175 3652 2335 3703 rebus

2439 3656 2589 3707 λειαν
2646 3655 2715 3705 τὰ
2767 3654 2977 3706 ἐκείνου
3016 3653 3110 3706 καὶ
3142 3653 3338 3722 ἡδονὴν
3371 3652 3757 3721 ποιησώμεθα.
3806 3653 4019 3711 Πολλοῖς

752 3745 895 3799 illius
968 3747 1257 3803 utilitatem
1338 3748 1620 3813 capiamus
1678 3756 1731 3799 et
1789 3745 2134 3813 voluptatem.
2202 3742 2333 3795 Nam

2444 3750 2542 3817 μὲν
2573 3747 2681 3816 γὰρ
2707 3748 2797 3799 καὶ
2828 3748 3004 3807 ἄλλοις
3033 3746 3242 3816 ὑπῆρξε
3281 3746 3389 3797 τῶν
3418 3747 3544 3814 περὶ
3594 3746 3691 3812 τὴν
3723 3746 4021 3814 ἐκκλησια-

752 3836 877 3889 licet
908 3836 1057 3889 multi
1091 3837 1202 3899 alii,
1232 3836 1322 3905 qui
1355 3839 1406 3891 in
1434 3836 1805 3890 ecclesiastica
1838 3835 2128 3889 scribenda
2161 3836 2334 3887 liisto-
2365 3900 2403 3905 _

2367 3900 2403 3905 _
2443 3838 2632 3905 στικὴν
2704 3836 2941 3905 ἱστορίαν
2998 3834 3416 3888 ἐσπουδακότων
3470 3835 3597 3904 περὶ
3659 3833 3756 3886 τοῦ
3812 3835 4018 3886 δικαίου

755 3928 831 3981 ria
864 3929 1099 3980 studium
1128 3900 1447 3995 posuerunt,
1483 3931 1547 3981 de
1582 3932 1681 3982 hoc
1704 3926 1851 3997 jnslu
1883 3930 2245 3992 narraverint,
2285 3938 2338 3981 et
2365 3900 2406 3960 Β

2369 3900 2411 3960 Β
2442 3932 2631 3983 τούτου
2653 3930 2964 3995 διεξελθεῖν,
3014 3932 3109 3982 καλ⁵
3161 3930 3263 3998 πρό
3295 3946 3356 3996 γε
3410 3927 3625 3981 πάντων
3687 3928 4020 3997 Ἥγησίππῳ

752 4029 876 4071 ante
910 4035 1100 4072 omnes
1153 4018 1488 4089 Hegesippns
1529 4030 1582 4073 et
1626 4018 1872 4073 Clemens
1908 4037 1921 4072 :
1971 4035 2199 4087 quorum
2254 4020 2341 4073 ille

2444 4024 2539 4075 καὶ
2595 4022 2887 4091 Κλήμεντι,
2952 4015 3025 4073 ὧν
3056 4024 3082 4074 ὁ
3118 4021 3215 4089 μὲν
3255 4020 3311 4072 ἐν
3348 4037 3409 4088 γε
3451 4019 3528 4087 τῷ
3584 4018 3825 4087 πέμπτῳ
3861 4016 4021 4072 αὑτοῦ

751 4113 967 4179 quidem
996 4111 1048 4164 in
1082 4113 1272 4179 quinto
1311 4127 1409 4165 suo
1450 4110 1607 4175 libro,
1642 4111 1726 4164 hic
1763 4123 1938 4163 autem
1974 4112 2022 4163 in
2062 4122 2211 4163 sexta
2242 4125 2338 4163 ea-

2444 4115 2819 4183 ὑπομνήματι,
2847 4115 2873 4165 ὁ
2910 4114 2966 4165 δὲ
3014 4115 3070 4165 ἐν
3093 4117 3156 4180 τῇ
3190 4114 3322 4183 ἕκτῃ
3359 4112 3468 4164 τῶν
3509 4111 3865 4181 καλουμένων
3898 4114 4021 4164 ὑπο-

754 4217 898 4263 rum,
954 4217 1071 4270 qum
1122 4210 1390 4255 voeantur
1444 4201 1838 4271 llypmyposes,
1870 4201 2126 4254 nonnulla
2168 4216 2232 4254 ex
2276 4202 2340 4255 iis

2442 4206 2765 4269 τυπώοεων,
2794 4204 2909 4257 ἔνια
2942 4204 3051 4255 τῶν
3082 4204 3233 4272 αὑτῴ
3276 4203 3690 4274 πεπραγμένων
3719 4202 4023 4255 ἀπολαὸόν-

756 4308 876 4361 qua:
903 4296 969 4348 ab
1002 4296 1116 4361 ipso
1144 4303 1292 4362 gesta
1325 4306 1476 4356 sunt,
1508 4305 1867 4357 assnmcntes,
1907 4294 2137 4361 posteris
2170 4294 2340 4345 tradi-

2444 4316 2534 4361 τες
2596 4298 2899 4367 παρέδοσαν
2959 4300 3068 4359 τοῖς
3124 4298 3201 4359 εἰς
3247 4298 3511 4365 ὕστερον
3572 4294 3690 4347 ἀλλ’
3742 4296 3924 4357 οὐδεὶς
3947 4296 4022 4355 εἰς

759 4387 937 4439 derint
973 4402 987 4442 :
1026 4401 1181 4440 nemo
1213 4396 1390 4440 tamen
1420 4401 1480 4440 se
1521 4387 1765 4439 extendit
1803 4390 1866 4438 ad
1914 4388 2117 4450 omnia,
2167 4401 2340 4453 neque

2443 4393 2659 4445 ἅπαντα
2720 4389 2965 4456 καθῆκεν
3002 4390 3213 4453 ἑαυτὸν,
3247 4388 3368 4442 οὐδὲ
3398 4388 3464 4441 τὰ
3492 4388 3629 4442 κατὰ
3660 4388 3829 4457 μέρος
3853 4390 4023 4440 εἰπεῖν

761 4476 1039 4528 contendit
1065 4476 1129 4528 de
1154 4490 1217 4529 eo
1245 4477 1423 4529 dicere
1457 4476 1788 4543 singulatim.
1821 4475 1994 4530 Causa
2025 4489 2204 4528 autem
2234 4485 2334 4541 est,

2440 4483 2889 4551 ἐφιλοτιμήσατο.
2943 4482 3015 4533 Τδ
3077 4482 3133 4535 δὲ
3189 4484 3385 4546 αἴτιον,
3419 4483 3501 4535 ὅτι
3530 4481 3603 4551 μὴ
3632 4481 3687 4533 δὲ
3715 4481 3808 4534 τὸν
3858 4482 4023 4550 ἄνδρα

762 4564 905 4633 quod
940 4579 1042 4617 non
1078 4564 1178 4618 fuit
1218 4580 1405 4619 eorum
1460 4568 1763 4620 institutum
1797 4569 1861 4618 de
1904 4568 2018 4635 ipso
2059 4565 2334 4630 scribere;

2443 4575 2647 4628 σκοπὸν
2676 4574 2860 4627 ἔθεντο
2882 4591 2896 4604 ⁸
2921 4574 3035 4627 ἀλλ’
3069 4576 3231 4644 ἑτέρα
3257 4576 3355 4644 μὲν
3384 4576 3461 4645 τῷ
3491 4576 3629 4643 λόγῳ
3651 4574 3913 4638 ὑπόθεσις
3937 4572 4021 4645 ἦν,

765 4655 861 4709 sed
902 4665 1019 4709 erat
1062 4657 1277 4726 quidem
1320 4660 1400 4712 eis
1456 4658 1597 4711 aliud
1660 4660 1988 4727 propositum
2051 4674 2338 4726 argumen-

2440 4670 2487 4718 οἱ
2522 4668 2575 4719 δὲ
2607 4668 2665 4719 ὲν
2690 4666 2768 4735 τῷ
2796 4668 2953 4737 μέρει
2980 4666 3076 4719 τοῦ
3121 4667 3316 4738 ἀνδρὸς
3348 4668 3678 4738 ἐμέμνηντο.
3726 4669 3825 4721 καὶ
3856 4667 4023 4724 ταῦτα

765 4758 879 4801 ttnn
927 4768 939 4801 :
987 4750 1037 4801 in
1084 4761 1236 4817 parte
1285 4761 1491 4815 autem,
1537 4767 1657 4806 cum
1706 4752 1775 4805 ita
1824 4752 2132 4811 accidisset,
2192 4750 2333 4804 illius

1489 4794 1491 4810 .
1537 4767 1657 4806 eum
1706 4752 1775 4805 ita
1824 4752 2132 4811 accidisset,
2192 4750 2333 4804 illius
2442 4760 2503 4811 δὴ
2533 4760 2637 4811 ἀπὸ
2659 4758 2751 4812 τοῦ
2783 4760 3140 4829 παρήκοντος.

765 4852 1145 4896 titemtnerunt.

2233 5001 2461 5058 CAPUT
2529 5041 2545 5058 .

1585 5120 1795 5187 Patria,
1842 5121 2065 5191 epistola
2109 5124 2309 5191 scripta
2344 5134 2391 5176 et
2432 5121 2723 5175 elucidala.
2756 5122 2890 5177 Alia:
2925 5124 3167 5177 virtutes.

848 5259 911 5314 ll.
947 5258 1146 5315 Jacobo
1190 5273 1319 5329 ergo
1368 5259 1552 5314 divino
1591 5263 1761 5329 patria
1811 5260 1910 5315 fuit
1948 5261 2152 5329 Judaea,
2201 5274 2351 5334 pater
2378 5272 2421 5330 (ε

2349 5281 2351 5292 ι
2378 5272 2421 5330 c
2530 5264 2605 5315 B'.
2644 5263 2881 5331 Ἰακώὸῳ
2903 5264 3081 5318 τοίνυν
3109 5265 3186 5336 τῷ
3225 5266 3374 5339 θείῳ,
3400 5268 3595 5338 πατρὶς
3625 5268 3881 5340 Ἰουδαία,
3926 5294 4000 5329 πα

772 5349 968 5418 Ioseph
1015 5353 1115 5420 (l),
1148 5366 1239 5421 qut
1275 5361 1491 5420 prapter
1540 5352 1803 5419 insignem
1859 5351 2111 5407 virtutem
2152 5364 2203 5406 et
2234 5370 2347 5408 mo-

2456 5357 2560 5425 τὴρ
2598 5355 2817 5425 Ἰωσὴφ,
2840 5357 2896 5419 ὃς
2921 5358 3007 5409 διά
3040 5376 3098 5411 τε
3126 5360 3183 5412 τὸ
3215 5360 3313 5426 τῆς
3339 5362 3539 5431 ἀρετῆς
3570 5363 3781 5434 περιὸν,
3826 5368 3920 5420 καὶ
3942 5369 4022 5421 διὰ

779 5458 896 5495 rum
925 5444 1242 5510 bonitatem,
1270 5443 1369 5498 fuit
1396 5458 1625 5514 sponsus
1653 5443 1908 5515 Virginis,
1931 5460 2049 5516 qua:
2073 5446 2354 5501 Dominum

2464 5450 2563 5519 τὴν
2588 5449 2695 5499 τῶν
2736 5450 2951 5518 τρόπων
2977 5452 3342 5523 χρηστότητα,
3389 5457 3454 5525 τῇ
3478 5456 3567 5507 τὸν
3588 5456 3826 5526 Χριστὸν
3872 5461 4021 5530 ἡμῶν

859 5582 935 5653 (l)
971 5581 1117 5635 lianc
1144 5584 1445 5650 aliquorum
1479 5582 1791 5637 Graecorum
1826 5584 2149 5637 sententiam
2191 5599 2354 5653 supra
2464 5587 2549 5639 vel
2573 5586 2762 5639 saltem
2804 5591 3030 5641 maritus
3073 5587 3277 5651 Mariae,
3323 5601 3549 5645 natre‘ex
3580 5594 3743 5646 amita
3787 5596 3867 5648 vel
3914 5609 4022 5651 ma-

786 5652 1112 5728 rcjecimns,
1153 5655 1595 5728 ostendimnsqne
1638 5652 1829 5728 luisseA
1866 5653 2031 5728 ﬁlium
2058 5656 2352 5728 Cleophae,
2464 5668 2662 5711 tertera
2694 5656 2958 5726 Deiparae,
2995 5660 3221 5728 ideoque
3252 5662 3405 5716 dictae
3439 5660 3605 5719 Soror
3639 5662 3851 5721 Maria'.

788 5718 881 5792 qui
916 5724 1209 5776 secundum
1242 5721 1451 5790 aliquos
1477 5718 1591 5777 erat
1622 5724 1750 5778 dicti
1798 5718 1855 5775 S.
1892 5721 2109 5792 Jusephi
2160 5718 2349 5790 frater,

864 5842 939 5914 (τι)
990 5843 1318 5908 Φιλοκάλους
1386 5844 1598 5899 videtur
1657 5846 1854 5917 legisse
1927 5848 2195 5919 interpres
2244 5864 2351 5919 quo
2392 5848 2515 5922 Lipc

1693 5846 1854 5917 :gisse
1927 5848 2195 5919 interpres
2244 5864 2351 5919 quo
2392 5848 2715 5922 Lipomanus
2747 5868 2876 5907 usus
2909 5853 2960 5907 in
2994 5866 3093 5907 ms.
3124 5847 3344 5908 Veneto.
