  <div class='ocr_page' id='page_1' title='image "/cluster/home/n/w/nwhite01/storage/ocr_20150623/115/uva.x004215515/120.png"; bbox 0 0 4180 6468; ppageno 0'>
   <div class='ocr_carea' id='block_1_1' title="bbox 147 432 249 495">
    <p class='ocr_par' dir='ltr' id='par_1_1' title="bbox 147 432 249 495">
     <span class='ocr_line' id='line_1_1' title="bbox 147 432 249 495; baseline -0.029 0"><span class='ocrx_word' id='word_1_1' title='bbox 147 432 249 495; x_wconf 75' lang='lat'><strong>205</strong></span> 
     </span>
    </p>
   </div>
   <div class='ocr_carea' id='block_1_2' title="bbox 1127 429 2425 490">
    <p class='ocr_par' dir='ltr' id='par_1_2' title="bbox 1127 429 2425 490">
     <span class='ocr_line' id='line_1_2' title="bbox 1127 429 2425 490; baseline 0 -1"><span class='ocrx_word' id='word_1_2' title='bbox 1127 430 1300 489; x_wconf 75' lang='lat' dir='ltr'><strong>VlTA</strong></span> <span class='ocrx_word' id='word_1_3' title='bbox 1348 431 1404 487; x_wconf 85' lang='lat' dir='ltr'><strong>S.</strong></span> <span class='ocrx_word' id='word_1_4' title='bbox 1450 430 1703 488; x_wconf 78' lang='lat' dir='ltr'><strong>JACOBI</strong></span> <span class='ocrx_word' id='word_1_5' title='bbox 1753 430 2082 489; x_wconf 78' lang='lat' dir='ltr'><strong>FRATRIS</strong></span> <span class='ocrx_word' id='word_1_6' title='bbox 2123 429 2425 490; x_wconf 74' lang='lat' dir='ltr'><strong>DOMINI.</strong></span> 
     </span>
    </p>
   </div>
   <div class='ocr_carea' id='block_1_3' title="bbox 3294 434 3401 497">
    <p class='ocr_par' dir='ltr' id='par_1_3' title="bbox 3294 434 3401 497">
     <span class='ocr_line' id='line_1_3' title="bbox 3294 434 3401 497; baseline 0.019 -2"><span class='ocrx_word' id='word_1_7' title='bbox 3294 434 3401 497; x_wconf 66' lang='grc' dir='ltr'><strong>ξοδ</strong></span> 
     </span>
    </p>
   </div>
   <div class='ocr_carea' id='block_1_4' title="bbox 144 538 1725 613">
    <p class='ocr_par' dir='ltr' id='par_1_4' title="bbox 144 540 1725 613">
     <span class='ocr_line' id='line_1_4' title="bbox 144 540 1725 613; baseline -0.001 -20"><span class='ocrx_word' id='word_1_8' title='bbox 144 543 262 613; x_wconf 80' lang='grc' dir='ltr'><strong>σμῶ</strong></span> <span class='ocrx_word' id='word_1_9' title='bbox 291 544 391 595; x_wconf 68' lang='grc' dir='ltr'><strong>καὶ</strong></span> <span class='ocrx_word' id='word_1_10' title='bbox 453 547 527 613; x_wconf 79' lang='grc' dir='ltr'>τῇ</span> <span class='ocrx_word' id='word_1_11' title='bbox 588 543 698 595; x_wconf 88' lang='grc' dir='ltr'><strong>τῶν</strong></span> <span class='ocrx_word' id='word_1_12' title='bbox 753 541 1035 607; x_wconf 59' lang='grc' dir='ltr'>στεφάνων</span> <span class='ocrx_word' id='word_1_13' title='bbox 1092 540 1725 608; x_wconf 74' lang='grc' dir='ltr'>ἐλπίδιεὺπαραδέκτονς</span> 
     </span>
    </p>
   </div>
   <div class='ocr_carea' id='block_1_5' title="bbox 1829 538 3419 613">
    <p class='ocr_par' dir='ltr' id='par_1_5' title="bbox 1852 538 3419 612">
     <span class='ocr_line' id='line_1_5' title="bbox 1852 538 3419 612; baseline 0.008 -22"><span class='ocrx_word' id='word_1_14' title='bbox 1852 541 2007 592; x_wconf 84' lang='lat' dir='ltr'><strong>homo</strong></span> <span class='ocrx_word' id='word_1_15' title='bbox 2032 544 2117 609; x_wconf 86' lang='lat' dir='ltr'><strong>qui</strong></span> <span class='ocrx_word' id='word_1_16' title='bbox 2148 544 2370 595; x_wconf 88' lang='lat' dir='ltr'><strong>sustinet</strong></span> <span class='ocrx_word' id='word_1_17' title='bbox 2406 538 2749 593; x_wconf 87' lang='lat' dir='ltr'><strong>tentationem</strong></span> <span class='ocrx_word' id='word_1_18' title='bbox 2778 556 2791 593; x_wconf 71' lang='grc' dir='ltr'><strong>ι</strong></span> <span class='ocrx_word' id='word_1_19' title='bbox 2823 545 3074 612; x_wconf 84' lang='lat' dir='ltr'><strong>quoniam</strong></span> <span class='ocrx_word' id='word_1_20' title='bbox 3107 560 3227 599; x_wconf 88' lang='lat' dir='ltr'><strong>cum</strong></span> <span class='ocrx_word' id='word_1_21' title='bbox 3257 546 3419 603; x_wconf 80' lang='lat' dir='ltr'><strong>fuerit</strong></span> 
     </span>
    </p>
   </div>
   <div class='ocr_carea' id='block_1_6' title="bbox 140 626 1737 705">
    <p class='ocr_par' dir='ltr' id='par_1_6' title="bbox 140 626 1737 705">
     <span class='ocr_line' id='line_1_6' title="bbox 140 626 1737 705; baseline -0.004 -16"><span class='ocrx_word' id='word_1_22' title='bbox 140 638 263 697; x_wconf 75' lang='grc' dir='ltr'>τοὺς</span> <span class='ocrx_word' id='word_1_23' title='bbox 299 637 667 705; x_wconf 71' lang='grc' dir='ltr'>πειρασμους</span> <span class='ocrx_word' id='word_1_24' title='bbox 702 635 813 694; x_wconf 90' lang='grc' dir='ltr'>τοῖς</span> <span class='ocrx_word' id='word_1_25' title='bbox 843 631 1156 700; x_wconf 76' lang='grc' dir='ltr'>φιλαρέτοις</span> <span class='ocrx_word' id='word_1_26' title='bbox 1195 626 1334 682; x_wconf 79' lang='grc' dir='ltr'>εἶναι</span> <span class='ocrx_word' id='word_1_27' title='bbox 1387 631 1737 698; x_wconf 81' lang='grc' dir='ltr'>παρασκευά-</span> 
     </span>
    </p>
   </div>
   <div class='ocr_carea' id='block_1_7' title="bbox 140 722 1738 795">
    <p class='ocr_par' dir='ltr' id='par_1_7' title="bbox 140 722 1738 795">
     <span class='ocr_line' id='line_1_7' title="bbox 140 722 1738 795; baseline -0.001 -20"><span class='ocrx_word' id='word_1_28' title='bbox 140 728 266 791; x_wconf 77' lang='grc' dir='ltr'>ζων,</span> <span class='ocrx_word' id='word_1_29' title='bbox 313 726 528 795; x_wconf 79' lang='grc' dir='ltr'><strong>μικροῦ</strong></span> <span class='ocrx_word' id='word_1_30' title='bbox 556 724 737 777; x_wconf 76' lang='grc' dir='ltr'>δὲ’καὶ</span> <span class='ocrx_word' id='word_1_31' title='bbox 760 723 832 782; x_wconf 85' lang='grc' dir='ltr'>ὡς</span> <span class='ocrx_word' id='word_1_32' title='bbox 864 723 1097 791; x_wconf 75' lang='grc' dir='ltr'>ἕρμαιον</span> <span class='ocrx_word' id='word_1_33' title='bbox 1128 722 1306 783; x_wconf 59' lang='lat' dir='ltr'><strong>aurai;</strong></span> <span class='ocrx_word' id='word_1_34' title='bbox 1344 723 1616 790; x_wconf 77' lang='grc' dir='ltr'>ἡγεῖσθαι,</span> <span class='ocrx_word' id='word_1_35' title='bbox 1646 722 1738 775; x_wconf 82' lang='grc' dir='ltr'>καὶ</span> 
     </span>
    </p>
   </div>
   <div class='ocr_carea' id='block_1_8' title="bbox 141 816 904 888">
    <p class='ocr_par' dir='ltr' id='par_1_8' title="bbox 141 816 904 888">
     <span class='ocr_line' id='line_1_8' title="bbox 141 816 904 888; baseline -0.005 -17"><span class='ocrx_word' id='word_1_36' title='bbox 141 819 256 887; x_wconf 79' lang='grc' dir='ltr'>μεθ’</span> <span class='ocrx_word' id='word_1_37' title='bbox 284 818 492 888; x_wconf 70' lang='grc' dir='ltr'>ἡδονῆς</span> <span class='ocrx_word' id='word_1_38' title='bbox 523 819 553 869; x_wconf 79' lang='grc' dir='ltr'>ὑ</span> <span class='ocrx_word' id='word_1_39' title='bbox 566 817 749 885; x_wconf 75' lang='grc' dir='ltr'>ποδέχε</span> <span class='ocrx_word' id='word_1_40' title='bbox 760 816 904 867; x_wconf 86' lang='grc' dir='ltr'>σθαι.</span> 
     </span>
    </p>
   </div>
   <div class='ocr_carea' id='block_1_9' title="bbox 204 995 1734 1069">
    <p class='ocr_par' dir='ltr' id='par_1_9' title="bbox 204 995 1734 1069">
     <span class='ocr_line' id='line_1_9' title="bbox 204 995 1734 1069; baseline -0.004 -16"><span class='ocrx_word' id='word_1_41' title='bbox 204 1000 278 1053; x_wconf 82' lang='lat' dir='ltr'><strong>Z&#39;.</strong></span> <span class='ocrx_word' id='word_1_42' title='bbox 325 1002 403 1052; x_wconf 77' lang='grc' dir='ltr'><strong>Οὐ</strong></span> <span class='ocrx_word' id='word_1_43' title='bbox 441 1001 559 1069; x_wconf 70' lang='grc' dir='ltr'><strong>μὴν</strong></span> <span class='ocrx_word' id='word_1_44' title='bbox 584 999 641 1051; x_wconf 72' lang='grc' dir='ltr'>δὲ</span> <span class='ocrx_word' id='word_1_45' title='bbox 668 999 725 1051; x_wconf 82' lang='grc' dir='ltr'><strong>τὸ</strong></span> <span class='ocrx_word' id='word_1_46' title='bbox 742 997 851 1049; x_wconf 87' lang='grc' dir='ltr'><strong>τῶν</strong></span> <span class='ocrx_word' id='word_1_47' title='bbox 878 996 1094 1049; x_wconf 88' lang='grc' dir='ltr'>πολλῶν</span> <span class='ocrx_word' id='word_1_48' title='bbox 1118 996 1354 1064; x_wconf 75' lang='grc' dir='ltr'>νόσημα.</span> <span class='ocrx_word' id='word_1_49' title='bbox 1386 995 1435 1048; x_wconf 76' lang='grc' dir='ltr'>οἳ</span> <span class='ocrx_word' id='word_1_50' title='bbox 1470 998 1564 1049; x_wconf 71' lang='grc' dir='ltr'>καὶ</span> <span class='ocrx_word' id='word_1_51' title='bbox 1588 996 1734 1057; x_wconf 84' lang='grc' dir='ltr'>ὅπως</span> 
     </span>
    </p>
   </div>
   <div class='ocr_carea' id='block_1_10' title="bbox 138 1084 1732 1157">
    <p class='ocr_par' dir='ltr' id='par_1_10' title="bbox 138 1084 1732 1157">
     <span class='ocr_line' id='line_1_10' title="bbox 138 1084 1732 1157; baseline -0.003 -13"><span class='ocrx_word' id='word_1_52' title='bbox 138 1093 270 1153; x_wconf 80' lang='grc' dir='ltr'>ιδίας</span> <span class='ocrx_word' id='word_1_53' title='bbox 339 1091 698 1153; x_wconf 72' lang='grc' dir='ltr'><strong>ἐκδικοῦντες</strong></span> <span class='ocrx_word' id='word_1_54' title='bbox 762 1089 1085 1157; x_wconf 80' lang='grc' dir='ltr'>ἐπιθυμίας,</span> <span class='ocrx_word' id='word_1_55' title='bbox 1150 1089 1215 1139; x_wconf 83' lang='grc' dir='ltr'>ὲκ</span> <span class='ocrx_word' id='word_1_56' title='bbox 1256 1086 1471 1153; x_wconf 75' lang='grc' dir='ltr'>φύσεως</span> <span class='ocrx_word' id='word_1_57' title='bbox 1502 1084 1732 1141; x_wconf 80' lang='grc' dir='ltr'>εῐναιτὸ</span> 
     </span>
    </p>
   </div>
   <div class='ocr_carea' id='block_1_11' title="bbox 134 1177 1733 1250">
    <p class='ocr_par' dir='ltr' id='par_1_11' title="bbox 134 1177 1733 1250">
     <span class='ocr_line' id='line_1_11' title="bbox 134 1177 1733 1250; baseline -0.002 -15"><span class='ocrx_word' id='word_1_58' title='bbox 134 1183 485 1250; x_wconf 69' lang='grc' dir='ltr'><strong>ἁμαρτάνειν</strong></span> <span class='ocrx_word' id='word_1_59' title='bbox 540 1183 785 1249; x_wconf 83' lang='grc' dir='ltr'>λέγουσι,</span> <span class='ocrx_word' id='word_1_60' title='bbox 823 1183 916 1234; x_wconf 82' lang='grc' dir='ltr'><strong>καὶ</strong></span> <span class='ocrx_word' id='word_1_61' title='bbox 951 1180 1074 1231; x_wconf 74' lang='grc' dir='ltr'>οὐδὲ</span> <span class='ocrx_word' id='word_1_62' title='bbox 1134 1179 1225 1231; x_wconf 79' lang='grc' dir='ltr'><strong>τὸν</strong></span> <span class='ocrx_word' id='word_1_63' title='bbox 1256 1179 1386 1231; x_wconf 70' lang='grc' dir='ltr'>Θεὸν</span> <span class='ocrx_word' id='word_1_64' title='bbox 1409 1177 1581 1233; x_wconf 68' lang='grc' dir='ltr'>αἴτιον</span> <span class='ocrx_word' id='word_1_65' title='bbox 1628 1182 1733 1233; x_wconf 86' lang='grc' dir='ltr'><strong>τῶν</strong></span> 
     </span>
    </p>
   </div>
   <div class='ocr_carea' id='block_1_12' title="bbox 133 1271 1729 1343">
    <p class='ocr_par' dir='ltr' id='par_1_12' title="bbox 133 1271 1729 1343">
     <span class='ocr_line' id='line_1_12' title="bbox 133 1271 1729 1343; baseline -0.002 -17"><span class='ocrx_word' id='word_1_66' title='bbox 133 1276 326 1327; x_wconf 75' lang='grc' dir='ltr'>κακῶν</span> <span class='ocrx_word' id='word_1_67' title='bbox 370 1275 605 1327; x_wconf 66' lang='grc' dir='ltr'>ὀκνοῦσι</span> <span class='ocrx_word' id='word_1_68' title='bbox 648 1275 913 1343; x_wconf 75' lang='grc' dir='ltr'>νομίζειν,</span> <span class='ocrx_word' id='word_1_69' title='bbox 968 1271 1269 1325; x_wconf 80' lang='grc' dir='ltr'>κατέλιπεν</span> <span class='ocrx_word' id='word_1_70' title='bbox 1318 1272 1690 1342; x_wconf 80' lang='grc' dir='ltr'>ἀθεράπευτον</span> <span class='ocrx_word' id='word_1_71' title='bbox 1717 1290 1729 1303; x_wconf 91' lang='grc'><strong>·</strong></span> 
     </span>
    </p>
   </div>
   <div class='ocr_carea' id='block_1_13' title="bbox 134 1366 1733 1437">
    <p class='ocr_par' dir='ltr' id='par_1_13' title="bbox 134 1366 1733 1437">
     <span class='ocr_line' id='line_1_13' title="bbox 134 1366 1733 1437; baseline -0.001 -17"><span class='ocrx_word' id='word_1_72' title='bbox 134 1367 247 1420; x_wconf 79' lang='grc' dir='ltr'>ἀλλ’</span> <span class='ocrx_word' id='word_1_73' title='bbox 305 1368 512 1437; x_wconf 82' lang='grc' dir='ltr'>ῶσπερ</span> <span class='ocrx_word' id='word_1_74' title='bbox 579 1385 664 1429; x_wconf 86' lang='grc' dir='ltr'><strong>τις</strong></span> <span class='ocrx_word' id='word_1_75' title='bbox 719 1366 1172 1434; x_wconf 65' lang='grc' dir='ltr'>ἀριστοςίατρδς,</span> <span class='ocrx_word' id='word_1_76' title='bbox 1233 1367 1345 1428; x_wconf 88' lang='grc' dir='ltr'>τοῖς</span> <span class='ocrx_word' id='word_1_77' title='bbox 1380 1366 1733 1433; x_wconf 78' lang='grc' dir='ltr'>φυλακτικοῖς</span> 
     </span>
    </p>
   </div>
   <div class='ocr_carea' id='block_1_14' title="bbox 134 1455 1732 1527">
    <p class='ocr_par' dir='ltr' id='par_1_14' title="bbox 134 1455 1732 1527">
     <span class='ocr_line' id='line_1_14' title="bbox 134 1455 1732 1527; baseline 0.002 -21"><span class='ocrx_word' id='word_1_78' title='bbox 134 1457 421 1527; x_wconf 75' lang='grc' dir='ltr'>χρώμενος</span> <span class='ocrx_word' id='word_1_79' title='bbox 448 1457 788 1525; x_wconf 61' lang='grc' dir='ltr'>βοηθήμασι,</span> <span class='ocrx_word' id='word_1_80' title='bbox 818 1455 949 1522; x_wconf 80' lang='grc' dir='ltr'>πρὸς</span> <span class='ocrx_word' id='word_1_81' title='bbox 975 1456 1074 1525; x_wconf 77' lang='grc' dir='ltr'>τὴν</span> <span class='ocrx_word' id='word_1_82' title='bbox 1093 1456 1248 1508; x_wconf 81' lang='grc' dir='ltr'>νόσον</span> <span class='ocrx_word' id='word_1_83' title='bbox 1271 1456 1484 1509; x_wconf 78' lang='grc' dir='ltr'>ἵσταται</span> <span class='ocrx_word' id='word_1_84' title='bbox 1508 1456 1732 1526; x_wconf 79' lang='grc' dir='ltr'>ταύτην,</span> 
     </span>
    </p>
   </div>
   <div class='ocr_carea' id='block_1_15' title="bbox 142 1544 1733 1614">
    <p class='ocr_par' dir='ltr' id='par_1_15' title="bbox 142 1544 1733 1614">
     <span class='ocr_line' id='line_1_15' title="bbox 142 1544 1733 1614; baseline 0.002 -18"><span class='ocrx_word' id='word_1_85' title='bbox 142 1566 158 1596; x_wconf 82' lang='grc' dir='ltr'><strong>ι</strong></span> <span class='ocrx_word' id='word_1_86' title='bbox 178 1546 412 1612; x_wconf 67' lang='grc' dir='ltr'>Μηδεὶς,</span> <span class='ocrx_word' id='word_1_87' title='bbox 444 1546 649 1612; x_wconf 82' lang='grc' dir='ltr'>λέγων,</span> <span class='ocrx_word' id='word_1_88' title='bbox 679 1544 1070 1614; x_wconf 75' lang='grc' dir='ltr'><strong>πειραζόμενος</strong></span> <span class='ocrx_word' id='word_1_89' title='bbox 1089 1546 1312 1611; x_wconf 80' lang='grc' dir='ltr'>λεγέτω,</span> <span class='ocrx_word' id='word_1_90' title='bbox 1333 1547 1415 1598; x_wconf 81' lang='grc' dir='ltr'>ὅτι</span> <span class='ocrx_word' id='word_1_91' title='bbox 1443 1548 1576 1599; x_wconf 79' lang='grc' dir='ltr'><strong>Ἀπὸ</strong></span> <span class='ocrx_word' id='word_1_92' title='bbox 1597 1547 1733 1600; x_wconf 81' lang='grc' dir='ltr'>Θεοῦ</span> 
     </span>
    </p>
   </div>
   <div class='ocr_carea' id='block_1_16' title="bbox 135 1638 1728 1707">
    <p class='ocr_par' dir='ltr' id='par_1_16' title="bbox 135 1638 1728 1707">
     <span class='ocr_line' id='line_1_16' title="bbox 135 1638 1728 1707; baseline 0.001 -19"><span class='ocrx_word' id='word_1_93' title='bbox 135 1638 522 1705; x_wconf 72' lang='grc' dir='ltr'><strong>πειράζομαι·</strong></span> <span class='ocrx_word' id='word_1_94' title='bbox 562 1640 592 1690; x_wconf 86' lang='grc' dir='ltr'><strong>ό</strong></span> <span class='ocrx_word' id='word_1_95' title='bbox 646 1638 753 1707; x_wconf 81' lang='grc' dir='ltr'><strong>γὰρ</strong></span> <span class='ocrx_word' id='word_1_96' title='bbox 804 1638 937 1700; x_wconf 81' lang='grc' dir='ltr'>Θεὸς</span> <span class='ocrx_word' id='word_1_97' title='bbox 982 1638 1315 1705; x_wconf 77' lang='grc' dir='ltr'><strong>ἀπείραστός</strong></span> <span class='ocrx_word' id='word_1_98' title='bbox 1371 1640 1488 1690; x_wconf 77' lang='grc' dir='ltr'>ἐστι</span> <span class='ocrx_word' id='word_1_99' title='bbox 1519 1639 1728 1702; x_wconf 83' lang='grc' dir='ltr'>κακῶν,</span> 
     </span>
    </p>
   </div>
   <div class='ocr_carea' id='block_1_17' title="bbox 134 1729 1731 1801">
    <p class='ocr_par' dir='ltr' id='par_1_17' title="bbox 134 1729 1731 1801">
     <span class='ocr_line' id='line_1_17' title="bbox 134 1729 1731 1801; baseline 0 -19"><span class='ocrx_word' id='word_1_100' title='bbox 134 1731 390 1801; x_wconf 73' lang='grc' dir='ltr'>πειράζει</span> <span class='ocrx_word' id='word_1_101' title='bbox 451 1730 513 1783; x_wconf 85' lang='grc' dir='ltr'><strong>δὲ</strong></span> <span class='ocrx_word' id='word_1_102' title='bbox 567 1731 729 1792; x_wconf 73' lang='grc' dir='ltr'>αὐτὸς</span> <span class='ocrx_word' id='word_1_103' title='bbox 778 1730 988 1791; x_wconf 81' lang='grc' dir='ltr'>οὐδένα,</span> <span class='ocrx_word' id='word_1_104' title='bbox 1050 1729 1281 1793; x_wconf 77' lang='grc' dir='ltr'>ἕκαστος</span> <span class='ocrx_word' id='word_1_105' title='bbox 1313 1732 1370 1784; x_wconf 87' lang='grc' dir='ltr'>δὲ</span> <span class='ocrx_word' id='word_1_106' title='bbox 1404 1732 1731 1799; x_wconf 78' lang='grc' dir='ltr'>πειράζεται</span> 
     </span>
    </p>
   </div>
   <div class='ocr_carea' id='block_1_18' title="bbox 130 1820 1731 1890">
    <p class='ocr_par' dir='ltr' id='par_1_18' title="bbox 130 1820 1731 1890">
     <span class='ocr_line' id='line_1_18' title="bbox 130 1820 1731 1890; baseline 0.001 -17"><span class='ocrx_word' id='word_1_107' title='bbox 130 1824 231 1873; x_wconf 77' lang='grc' dir='ltr'><strong>ὑπὸ</strong></span> <span class='ocrx_word' id='word_1_108' title='bbox 265 1824 369 1890; x_wconf 73' lang='grc' dir='ltr'>τῆς</span> <span class='ocrx_word' id='word_1_109' title='bbox 425 1821 576 1884; x_wconf 73' lang='grc' dir='ltr'>ἰδίας</span> <span class='ocrx_word' id='word_1_110' title='bbox 618 1822 914 1889; x_wconf 75' lang='grc' dir='ltr'>ἐπιθυμίας</span> <span class='ocrx_word' id='word_1_111' title='bbox 974 1820 1328 1890; x_wconf 75' lang='grc' dir='ltr'>ἐξελκόμενος</span> <span class='ocrx_word' id='word_1_112' title='bbox 1357 1824 1451 1875; x_wconf 77' lang='grc' dir='ltr'>καὶ</span> <span class='ocrx_word' id='word_1_113' title='bbox 1478 1823 1731 1887; x_wconf 76' lang='grc' dir='ltr'>δελεαζό-</span> 
     </span>
    </p>
   </div>
   <div class='ocr_carea' id='block_1_19' title="bbox 1848 634 3421 702">
    <p class='ocr_par' dir='ltr' id='par_1_19' title="bbox 1848 634 3421 702">
     <span class='ocr_line' id='line_1_19' title="bbox 1848 634 3421 702; baseline 0.004 -19"><span class='ocrx_word' id='word_1_114' title='bbox 1848 635 2123 697; x_wconf 81' lang='lat' dir='ltr'><strong>probatus,</strong></span> <span class='ocrx_word' id='word_1_115' title='bbox 2176 634 2401 702; x_wconf 82' lang='lat' dir='ltr'><strong>accipiet</strong></span> <span class='ocrx_word' id='word_1_116' title='bbox 2450 650 2704 689; x_wconf 86' lang='lat' dir='ltr'><strong>coronam</strong></span> <span class='ocrx_word' id='word_1_117' title='bbox 2754 634 2907 698; x_wconf 67' lang='lat' dir='ltr'><strong>vitae;</strong></span> <span class='ocrx_word' id='word_1_118' title='bbox 2949 654 2966 685; x_wconf 74' lang='grc' dir='ltr'><strong>ι</strong></span> <span class='ocrx_word' id='word_1_119' title='bbox 3005 636 3336 695; x_wconf 86' lang='lat' dir='ltr'><strong>beatitudine</strong></span> <span class='ocrx_word' id='word_1_120' title='bbox 3364 653 3421 694; x_wconf 82' lang='lat' dir='ltr'><strong>et</strong></span> 
     </span>
    </p>
   </div>
   <div class='ocr_carea' id='block_1_20' title="bbox 1845 725 3422 798">
    <p class='ocr_par' dir='ltr' id='par_1_20' title="bbox 1845 725 3422 798">
     <span class='ocr_line' id='line_1_20' title="bbox 1845 725 3422 798; baseline 0.006 -21"><span class='ocrx_word' id='word_1_121' title='bbox 1845 738 1937 789; x_wconf 86' lang='lat' dir='ltr'><strong>spe</strong></span> <span class='ocrx_word' id='word_1_122' title='bbox 1968 739 2288 778; x_wconf 87' lang='lat' dir='ltr'><strong>coronarum</strong></span> <span class='ocrx_word' id='word_1_123' title='bbox 2320 725 2579 787; x_wconf 82' lang='lat' dir='ltr'><strong>eiliciens,</strong></span> <span class='ocrx_word' id='word_1_124' title='bbox 2611 736 2665 779; x_wconf 90' lang='lat' dir='ltr'><strong>ut</strong></span> <span class='ocrx_word' id='word_1_125' title='bbox 2701 725 2809 779; x_wconf 88' lang='lat' dir='ltr'><strong>sint</strong></span> <span class='ocrx_word' id='word_1_126' title='bbox 2839 727 2969 779; x_wconf 90' lang='lat' dir='ltr'><strong>viris</strong></span> <span class='ocrx_word' id='word_1_127' title='bbox 3003 727 3156 781; x_wconf 89' lang='lat' dir='ltr'><strong>bonis</strong></span> <span class='ocrx_word' id='word_1_128' title='bbox 3183 742 3422 798; x_wconf 63' lang='grc' dir='ltr'>θεωρίας</span> 
     </span>
    </p>
   </div>
   <div class='ocr_carea' id='block_1_21' title="bbox 1845 816 3409 889">
    <p class='ocr_par' dir='ltr' id='par_1_21' title="bbox 1845 816 3409 889">
     <span class='ocr_line' id='line_1_21' title="bbox 1845 816 3409 889; baseline 0.007 -22"><span class='ocrx_word' id='word_1_129' title='bbox 1845 816 2191 879; x_wconf 83' lang='lat' dir='ltr'><strong>tentationes,</strong></span> <span class='ocrx_word' id='word_1_130' title='bbox 2221 828 2274 871; x_wconf 90' lang='lat' dir='ltr'><strong>et</strong></span> <span class='ocrx_word' id='word_1_131' title='bbox 2308 834 2399 871; x_wconf 88' lang='lat' dir='ltr'><strong>eas</strong></span> <span class='ocrx_word' id='word_1_132' title='bbox 2442 818 2825 885; x_wconf 77' lang='lat' dir='ltr'><strong>propemodum</strong></span> <span class='ocrx_word' id='word_1_133' title='bbox 2885 828 3143 889; x_wconf 84' lang='lat' dir='ltr'><strong>tanquam</strong></span> <span class='ocrx_word' id='word_1_134' title='bbox 3199 822 3409 879; x_wconf 89' lang='lat' dir='ltr'><strong>lucrum</strong></span> 
     </span>
    </p>
   </div>
   <div class='ocr_carea' id='block_1_22' title="bbox 1843 908 3022 981">
    <p class='ocr_par' dir='ltr' id='par_1_22' title="bbox 1843 908 3022 981">
     <span class='ocr_line' id='line_1_22' title="bbox 1843 908 3022 981; baseline 0.006 -22"><span class='ocrx_word' id='word_1_135' title='bbox 1843 908 2171 971; x_wconf 76' lang='lat' dir='ltr'><strong>existiment,</strong></span> <span class='ocrx_word' id='word_1_136' title='bbox 2200 920 2251 963; x_wconf 90' lang='lat' dir='ltr'><strong>el</strong></span> <span class='ocrx_word' id='word_1_137' title='bbox 2280 926 2398 963; x_wconf 88' lang='lat' dir='ltr'><strong>cum</strong></span> <span class='ocrx_word' id='word_1_138' title='bbox 2435 910 2704 977; x_wconf 80' lang='lat' dir='ltr'><strong>voluptate</strong></span> <span class='ocrx_word' id='word_1_139' title='bbox 2730 914 3022 981; x_wconf 78' lang='lat' dir='ltr'><strong>excipiant.</strong></span> 
     </span>
    </p>
   </div>
   <div class='ocr_carea' id='block_1_23' title="bbox 1922 997 3415 1073">
    <p class='ocr_par' dir='ltr' id='par_1_23' title="bbox 1922 997 3415 1073">
     <span class='ocr_line' id='line_1_23' title="bbox 1922 997 3415 1073; baseline 0.009 -24"><span class='ocrx_word' id='word_1_140' title='bbox 1922 997 2031 1053; x_wconf 86' lang='lat' dir='ltr'><strong>Vll.</strong></span> <span class='ocrx_word' id='word_1_141' title='bbox 2075 999 2255 1067; x_wconf 78' lang='lat' dir='ltr'><strong>Neque</strong></span> <span class='ocrx_word' id='word_1_142' title='bbox 2307 1002 2593 1055; x_wconf 87' lang='lat' dir='ltr'><strong>multorum</strong></span> <span class='ocrx_word' id='word_1_143' title='bbox 2632 1003 2898 1067; x_wconf 88' lang='lat' dir='ltr'><strong>morbum,</strong></span> <span class='ocrx_word' id='word_1_144' title='bbox 2931 1004 3021 1073; x_wconf 91' lang='lat' dir='ltr'><strong>qui</strong></span> <span class='ocrx_word' id='word_1_145' title='bbox 3074 1020 3199 1059; x_wconf 85' lang='lat' dir='ltr'><strong>suas</strong></span> <span class='ocrx_word' id='word_1_146' title='bbox 3230 1006 3415 1061; x_wconf 77' lang='lat' dir='ltr'><strong>defen-</strong></span> 
     </span>
    </p>
   </div>
   <div class='ocr_carea' id='block_1_24' title="bbox 1844 1088 3413 1165">
    <p class='ocr_par' dir='ltr' id='par_1_24' title="bbox 1844 1088 3413 1165">
     <span class='ocr_line' id='line_1_24' title="bbox 1844 1088 3413 1165; baseline 0.008 -24"><span class='ocrx_word' id='word_1_147' title='bbox 1844 1088 2031 1143; x_wconf 87' lang='lat' dir='ltr'><strong>dentes</strong></span> <span class='ocrx_word' id='word_1_148' title='bbox 2066 1093 2413 1160; x_wconf 86' lang='lat' dir='ltr'><strong>cupiditates,</strong></span> <span class='ocrx_word' id='word_1_149' title='bbox 2449 1106 2729 1163; x_wconf 86' lang='lat' dir='ltr'><strong>peccatum</strong></span> <span class='ocrx_word' id='word_1_150' title='bbox 2770 1094 2961 1148; x_wconf 88' lang='lat' dir='ltr'><strong>dicunt</strong></span> <span class='ocrx_word' id='word_1_151' title='bbox 2989 1111 3110 1150; x_wconf 82' lang='lat' dir='ltr'><strong>esse</strong></span> <span class='ocrx_word' id='word_1_152' title='bbox 3144 1114 3171 1149; x_wconf 88' lang='lat' dir='ltr'><strong>a</strong></span> <span class='ocrx_word' id='word_1_153' title='bbox 3205 1108 3413 1165; x_wconf 79' lang='lat' dir='ltr'><strong>natura.</strong></span> 
     </span>
    </p>
   </div>
   <div class='ocr_carea' id='block_1_25' title="bbox 1844 1186 3421 1251">
    <p class='ocr_par' dir='ltr' id='par_1_25' title="bbox 1844 1186 3421 1251">
     <span class='ocr_line' id='line_1_25' title="bbox 1844 1186 3421 1251; baseline 0.006 -17"><span class='ocrx_word' id='word_1_154' title='bbox 1844 1191 1899 1234; x_wconf 90' lang='lat' dir='ltr'><strong>et</strong></span> <span class='ocrx_word' id='word_1_155' title='bbox 1932 1198 2102 1251; x_wconf 85' lang='lat' dir='ltr'><strong>neque</strong></span> <span class='ocrx_word' id='word_1_156' title='bbox 2152 1194 2404 1239; x_wconf 83' lang='lat' dir='ltr'><strong>verentur</strong></span> <span class='ocrx_word' id='word_1_157' title='bbox 2447 1186 2760 1240; x_wconf 85' lang='lat' dir='ltr'><strong>existimare</strong></span> <span class='ocrx_word' id='word_1_158' title='bbox 2814 1187 2979 1240; x_wconf 90' lang='lat' dir='ltr'><strong>Deum</strong></span> <span class='ocrx_word' id='word_1_159' title='bbox 3032 1203 3151 1241; x_wconf 87' lang='lat' dir='ltr'><strong>esse</strong></span> <span class='ocrx_word' id='word_1_160' title='bbox 3203 1204 3421 1243; x_wconf 80' lang='lat' dir='ltr'><strong>causam</strong></span> 
     </span>
    </p>
   </div>
   <div class='ocr_carea' id='block_1_26' title="bbox 1843 1274 3421 1346">
    <p class='ocr_par' dir='ltr' id='par_1_26' title="bbox 1843 1274 3421 1346">
     <span class='ocr_line' id='line_1_26' title="bbox 1843 1274 3421 1346; baseline 0.003 -19"><span class='ocrx_word' id='word_1_161' title='bbox 1843 1274 2120 1338; x_wconf 90' lang='lat' dir='ltr'><strong>malorum,</strong></span> <span class='ocrx_word' id='word_1_162' title='bbox 2153 1276 2370 1346; x_wconf 76' lang='lat' dir='ltr'><strong>reliquit</strong></span> <span class='ocrx_word' id='word_1_163' title='bbox 2402 1278 2698 1331; x_wconf 85' lang='lat' dir='ltr'><strong>ineuratum</strong></span> <span class='ocrx_word' id='word_1_164' title='bbox 2730 1296 2742 1331; x_wconf 91' lang='lat'>:</span> <span class='ocrx_word' id='word_1_165' title='bbox 2772 1278 2863 1332; x_wconf 89' lang='lat' dir='ltr'><strong>sed</strong></span> <span class='ocrx_word' id='word_1_166' title='bbox 2895 1288 3146 1346; x_wconf 85' lang='lat' dir='ltr'><strong>tanquam</strong></span> <span class='ocrx_word' id='word_1_167' title='bbox 3181 1280 3421 1333; x_wconf 74' lang='lat' dir='ltr'><strong>medicus</strong></span> 
     </span>
    </p>
   </div>
   <div class='ocr_carea' id='block_1_27' title="bbox 1840 1368 3420 1438">
    <p class='ocr_par' dir='ltr' id='par_1_27' title="bbox 1840 1368 3420 1438">
     <span class='ocr_line' id='line_1_27' title="bbox 1840 1368 3420 1438; baseline 0.006 -20"><span class='ocrx_word' id='word_1_168' title='bbox 1840 1368 2314 1436; x_wconf 61' lang='lat' dir='ltr'><strong>prastautissiinus</strong></span> <span class='ocrx_word' id='word_1_169' title='bbox 2351 1371 2568 1426; x_wconf 82' lang='lat' dir='ltr'><strong>auxiliis</strong></span> <span class='ocrx_word' id='word_1_170' title='bbox 2626 1372 3026 1438; x_wconf 69' lang='lat' dir='ltr'><strong>praeservativis</strong></span> <span class='ocrx_word' id='word_1_171' title='bbox 3086 1382 3263 1434; x_wconf 87' lang='lat' dir='ltr'><strong>utens,</strong></span> <span class='ocrx_word' id='word_1_172' title='bbox 3292 1373 3420 1427; x_wconf 83' lang='lat' dir='ltr'><strong>huic</strong></span> 
     </span>
    </p>
   </div>
   <div class='ocr_carea' id='block_1_28' title="bbox 1842 1460 3417 1533">
    <p class='ocr_par' dir='ltr' id='par_1_28' title="bbox 1842 1460 3417 1533">
     <span class='ocr_line' id='line_1_28' title="bbox 1842 1460 3417 1533; baseline 0.004 -20"><span class='ocrx_word' id='word_1_173' title='bbox 1842 1460 2032 1515; x_wconf 89' lang='lat' dir='ltr'><strong>morbo</strong></span> <span class='ocrx_word' id='word_1_174' title='bbox 2060 1462 2277 1526; x_wconf 89' lang='lat' dir='ltr'><strong>resistit,</strong></span> <span class='ocrx_word' id='word_1_175' title='bbox 2305 1462 2524 1517; x_wconf 87' lang='lat' dir='ltr'><strong>dicens:</strong></span> <span class='ocrx_word' id='word_1_176' title='bbox 2558 1483 2576 1515; x_wconf 78' lang='grc' dir='ltr'><strong>ι</strong></span> <span class='ocrx_word' id='word_1_177' title='bbox 2602 1464 2769 1519; x_wconf 70' lang='lat' dir='ltr'><strong>Nemo</strong></span> <span class='ocrx_word' id='word_1_178' title='bbox 2791 1467 2878 1533; x_wconf 90' lang='lat' dir='ltr'><strong>qui</strong></span> <span class='ocrx_word' id='word_1_179' title='bbox 2903 1476 3159 1530; x_wconf 89' lang='lat' dir='ltr'><strong>tentatur,</strong></span> <span class='ocrx_word' id='word_1_180' title='bbox 3183 1467 3320 1521; x_wconf 80' lang='lat' dir='ltr'><strong>dicat</strong></span> <span class='ocrx_word' id='word_1_181' title='bbox 3346 1489 3357 1520; x_wconf 88' lang='lat'><strong>:</strong></span> <span class='ocrx_word' id='word_1_182' title='bbox 3379 1468 3417 1520; x_wconf 84' lang='grc' dir='ltr'><strong>Λ</strong></span> 
     </span>
    </p>
   </div>
   <div class='ocr_carea' id='block_1_29' title="bbox 1838 1552 3422 1629">
    <p class='ocr_par' dir='ltr' id='par_1_29' title="bbox 1838 1552 3422 1629">
     <span class='ocr_line' id='line_1_29' title="bbox 1838 1552 3422 1629; baseline 0.006 -25"><span class='ocrx_word' id='word_1_183' title='bbox 1838 1552 1945 1607; x_wconf 88' lang='lat' dir='ltr'><strong>Deo</strong></span> <span class='ocrx_word' id='word_1_184' title='bbox 1974 1563 2167 1607; x_wconf 88' lang='lat' dir='ltr'><strong>tentor.</strong></span> <span class='ocrx_word' id='word_1_185' title='bbox 2194 1555 2329 1609; x_wconf 82' lang='lat' dir='ltr'><strong>Deus</strong></span> <span class='ocrx_word' id='word_1_186' title='bbox 2353 1559 2492 1609; x_wconf 91' lang='lat' dir='ltr'><strong>enim</strong></span> <span class='ocrx_word' id='word_1_187' title='bbox 2518 1572 2620 1611; x_wconf 94' lang='lat' dir='ltr'><strong>non</strong></span> <span class='ocrx_word' id='word_1_188' title='bbox 2652 1559 2726 1624; x_wconf 72' lang='grc' dir='ltr'><strong>(ὁ)</strong></span> <span class='ocrx_word' id='word_1_189' title='bbox 2760 1566 2998 1612; x_wconf 78' lang='lat' dir='ltr'><strong>tentatur</strong></span> <span class='ocrx_word' id='word_1_190' title='bbox 3030 1574 3057 1612; x_wconf 88' lang='lat' dir='ltr'><strong>a</strong></span> <span class='ocrx_word' id='word_1_191' title='bbox 3097 1560 3285 1623; x_wconf 87' lang='lat' dir='ltr'><strong>malis;</strong></span> <span class='ocrx_word' id='word_1_192' title='bbox 3308 1561 3422 1629; x_wconf 87' lang='lat' dir='ltr'><strong>ipse</strong></span> 
     </span>
    </p>
   </div>
   <div class='ocr_carea' id='block_1_30' title="bbox 1836 1644 3419 1715">
    <p class='ocr_par' dir='ltr' id='par_1_30' title="bbox 1836 1644 3419 1715">
     <span class='ocr_line' id='line_1_30' title="bbox 1836 1644 3419 1715; baseline 0.009 -28"><span class='ocrx_word' id='word_1_193' title='bbox 1836 1647 2012 1691; x_wconf 76' lang='lat' dir='ltr'><strong>autem</strong></span> <span class='ocrx_word' id='word_1_194' title='bbox 2056 1649 2229 1693; x_wconf 84' lang='lat' dir='ltr'><strong>tentat</strong></span> <span class='ocrx_word' id='word_1_195' title='bbox 2256 1644 2524 1697; x_wconf 73' lang='lat' dir='ltr'><strong>neminem</strong></span> <span class='ocrx_word' id='word_1_196' title='bbox 2564 1662 2575 1697; x_wconf 89' lang='lat'>:</span> <span class='ocrx_word' id='word_1_197' title='bbox 2610 1648 2957 1715; x_wconf 76' lang='lat' dir='ltr'><strong>unusquique</strong></span> <span class='ocrx_word' id='word_1_198' title='bbox 2988 1662 3112 1699; x_wconf 84' lang='lat' dir='ltr'><strong>vero</strong></span> <span class='ocrx_word' id='word_1_199' title='bbox 3135 1658 3419 1701; x_wconf 80' lang='lat' dir='ltr'><strong>tentatura</strong></span> 
     </span>
    </p>
   </div>
   <div class='ocr_carea' id='block_1_31' title="bbox 1836 1730 3423 1799">
    <p class='ocr_par' dir='ltr' id='par_1_31' title="bbox 1836 1730 3423 1799">
     <span class='ocr_line' id='line_1_31' title="bbox 1836 1730 3423 1799; baseline 0.009 -21"><span class='ocrx_word' id='word_1_200' title='bbox 1836 1730 2051 1795; x_wconf 83' lang='lat' dir='ltr'><strong>propria</strong></span> <span class='ocrx_word' id='word_1_201' title='bbox 2077 1735 2515 1799; x_wconf 77' lang='lat' dir='ltr'><strong>concupiscentia</strong></span> <span class='ocrx_word' id='word_1_202' title='bbox 2540 1745 2800 1790; x_wconf 87' lang='lat' dir='ltr'><strong>attractus</strong></span> <span class='ocrx_word' id='word_1_203' title='bbox 2818 1748 2868 1790; x_wconf 92' lang='lat' dir='ltr'><strong>et</strong></span> <span class='ocrx_word' id='word_1_204' title='bbox 2896 1738 3186 1792; x_wconf 76' lang='lat' dir='ltr'><strong>inescatus.</strong></span> <span class='ocrx_word' id='word_1_205' title='bbox 3220 1737 3423 1793; x_wconf 84' lang='lat' dir='ltr'><strong>Deinde</strong></span> 
     </span>
    </p>
   </div>
   <div class='ocr_carea' id='block_1_32' title="bbox 1840 1822 3423 1900">
    <p class='ocr_par' dir='ltr' id='par_1_32' title="bbox 1840 1822 3423 1900">
     <span class='ocr_line' id='line_1_32' title="bbox 1840 1822 3423 1900; baseline 0.01 -28"><span class='ocrx_word' id='word_1_206' title='bbox 1840 1822 2279 1890; x_wconf 87' lang='lat' dir='ltr'><strong>concupiscentia</strong></span> <span class='ocrx_word' id='word_1_207' title='bbox 2312 1840 2432 1876; x_wconf 90' lang='lat' dir='ltr'><strong>cum</strong></span> <span class='ocrx_word' id='word_1_208' title='bbox 2466 1830 2733 1897; x_wconf 83' lang='lat' dir='ltr'><strong>concepit,</strong></span> <span class='ocrx_word' id='word_1_209' title='bbox 2764 1832 2905 1897; x_wconf 87' lang='lat' dir='ltr'><strong>parit</strong></span> <span class='ocrx_word' id='word_1_210' title='bbox 2934 1843 3213 1898; x_wconf 79' lang='lat' dir='ltr'><strong>peccatum</strong></span> <span class='ocrx_word' id='word_1_211' title='bbox 3248 1849 3261 1884; x_wconf 91' lang='lat'><strong>:</strong></span> <span class='ocrx_word' id='word_1_212' title='bbox 3293 1848 3423 1900; x_wconf 84' lang='lat' dir='ltr'><strong>pec-</strong></span> 
     </span>
    </p>
   </div>
   <div class='ocr_carea' id='block_1_33' title="bbox 130 1912 1725 1987">
    <p class='ocr_par' dir='ltr' id='par_1_33' title="bbox 130 1912 1714 1986">
     <span class='ocr_line' id='line_1_33' title="bbox 130 1912 1714 1986; baseline -0.001 -18"><span class='ocrx_word' id='word_1_213' title='bbox 130 1932 311 1985; x_wconf 82' lang='grc' dir='ltr'>μενος⁶</span> <span class='ocrx_word' id='word_1_214' title='bbox 342 1912 468 1968; x_wconf 75' lang='grc' dir='ltr'>εἶτα</span> <span class='ocrx_word' id='word_1_215' title='bbox 497 1918 531 1985; x_wconf 76' lang='grc' dir='ltr'><strong>ἡ</strong></span> <span class='ocrx_word' id='word_1_216' title='bbox 561 1916 827 1982; x_wconf 73' lang='grc' dir='ltr'>ἐπιθυμία</span> <span class='ocrx_word' id='word_1_217' title='bbox 858 1914 1202 1968; x_wconf 75' lang='grc' dir='ltr'>συλλαόοὖσα</span> <span class='ocrx_word' id='word_1_218' title='bbox 1228 1918 1401 1968; x_wconf 86' lang='grc' dir='ltr'>τίκτει</span> <span class='ocrx_word' id='word_1_219' title='bbox 1426 1916 1714 1986; x_wconf 75' lang='grc' dir='ltr'>ἁμαρτίαν</span> 
     </span>
    </p>
   </div>
   <div class='ocr_carea' id='block_1_34' title="bbox 1829 1912 3420 1987">
    <p class='ocr_par' dir='ltr' id='par_1_34' title="bbox 1843 1913 3420 1987">
     <span class='ocr_line' id='line_1_34' title="bbox 1843 1913 3420 1987; baseline 0.009 -25"><span class='ocrx_word' id='word_1_220' title='bbox 1843 1922 2019 1962; x_wconf 79' lang='lat' dir='ltr'><strong>catum</strong></span> <span class='ocrx_word' id='word_1_221' title='bbox 2064 1923 2240 1965; x_wconf 87' lang='lat' dir='ltr'><strong>autem</strong></span> <span class='ocrx_word' id='word_1_222' title='bbox 2298 1913 2615 1982; x_wconf 82' lang='lat' dir='ltr'><strong>perfectum,</strong></span> <span class='ocrx_word' id='word_1_223' title='bbox 2665 1921 2805 1987; x_wconf 81' lang='lat' dir='ltr'><strong>parit</strong></span> <span class='ocrx_word' id='word_1_224' title='bbox 2859 1932 3107 1972; x_wconf 88' lang='lat' dir='ltr'><strong>mortem.</strong></span> <span class='ocrx_word' id='word_1_225' title='bbox 3152 1939 3171 1972; x_wconf 74' lang='grc' dir='ltr'><strong>ι</strong></span> <span class='ocrx_word' id='word_1_226' title='bbox 3213 1921 3301 1975; x_wconf 90' lang='lat' dir='ltr'><strong>Sic</strong></span> <span class='ocrx_word' id='word_1_227' title='bbox 3339 1923 3420 1976; x_wconf 86' lang='lat' dir='ltr'><strong>vir</strong></span> 
     </span>
    </p>
   </div>
   <div class='ocr_carea' id='block_1_35' title="bbox 128 2005 1734 2078">
    <p class='ocr_par' dir='ltr' id='par_1_35' title="bbox 128 2005 1734 2078">
     <span class='ocr_line' id='line_1_35' title="bbox 128 2005 1734 2078; baseline -0.004 -17"><span class='ocrx_word' id='word_1_228' title='bbox 128 2014 157 2078; x_wconf 74' lang='grc' dir='ltr'><strong>η</strong></span> <span class='ocrx_word' id='word_1_229' title='bbox 187 2009 243 2061; x_wconf 64' lang='grc' dir='ltr'>δὲ</span> <span class='ocrx_word' id='word_1_230' title='bbox 280 2008 538 2077; x_wconf 78' lang='grc' dir='ltr'>ἁμαρτία</span> <span class='ocrx_word' id='word_1_231' title='bbox 570 2006 987 2059; x_wconf 71' lang='grc' dir='ltr'>ἀποτελεσθεῖσα</span> <span class='ocrx_word' id='word_1_232' title='bbox 1012 2007 1240 2058; x_wconf 75' lang='grc' dir='ltr'>ἀποκὺει</span> <span class='ocrx_word' id='word_1_233' title='bbox 1274 2008 1529 2059; x_wconf 84' lang='grc' dir='ltr'>θάνατον.</span> <span class='ocrx_word' id='word_1_234' title='bbox 1573 2024 1590 2056; x_wconf 85' lang='grc' dir='ltr'><strong>ι</strong></span> <span class='ocrx_word' id='word_1_235' title='bbox 1625 2005 1734 2057; x_wconf 76' lang='grc' dir='ltr'><strong>Οὓ-</strong></span> 
     </span>
    </p>
   </div>
   <div class='ocr_carea' id='block_1_36' title="bbox 132 2095 1736 2166">
    <p class='ocr_par' dir='ltr' id='par_1_36' title="bbox 132 2095 1736 2166">
     <span class='ocr_line' id='line_1_36' title="bbox 132 2095 1736 2166; baseline 0 -14"><span class='ocrx_word' id='word_1_236' title='bbox 132 2119 238 2163; x_wconf 85' lang='grc' dir='ltr'><strong>τως</strong></span> <span class='ocrx_word' id='word_1_237' title='bbox 256 2103 287 2155; x_wconf 83' lang='grc' dir='ltr'>ὀ</span> <span class='ocrx_word' id='word_1_238' title='bbox 311 2101 533 2162; x_wconf 86' lang='grc' dir='ltr'>δίκαιος</span> <span class='ocrx_word' id='word_1_239' title='bbox 570 2100 791 2155; x_wconf 76' lang='grc' dir='ltr'>δικαίως</span> <span class='ocrx_word' id='word_1_240' title='bbox 828 2095 1028 2164; x_wconf 73' lang='grc' dir='ltr'>μεταξῦ</span> <span class='ocrx_word' id='word_1_241' title='bbox 1052 2096 1358 2166; x_wconf 85' lang='grc' dir='ltr'>ἀνθρώπων</span> <span class='ocrx_word' id='word_1_242' title='bbox 1384 2100 1605 2152; x_wconf 78' lang='grc' dir='ltr'>ἐδίκασε</span> <span class='ocrx_word' id='word_1_243' title='bbox 1635 2101 1736 2152; x_wconf 77' lang='grc' dir='ltr'><strong>καὶ</strong></span> 
     </span>
    </p>
   </div>
   <div class='ocr_carea' id='block_1_37' title="bbox 127 2188 1737 2263">
    <p class='ocr_par' dir='ltr' id='par_1_37' title="bbox 127 2188 1737 2263">
     <span class='ocr_line' id='line_1_37' title="bbox 127 2188 1737 2263; baseline -0.008 -17"><span class='ocrx_word' id='word_1_244' title='bbox 127 2192 280 2256; x_wconf 81' lang='grc' dir='ltr'>Θεοῦ,</span> <span class='ocrx_word' id='word_1_245' title='bbox 312 2192 521 2260; x_wconf 75' lang='grc' dir='ltr'>ἐκείνῳ</span> <span class='ocrx_word' id='word_1_246' title='bbox 561 2190 662 2258; x_wconf 82' lang='grc' dir='ltr'><strong>μὲν</strong></span> <span class='ocrx_word' id='word_1_247' title='bbox 688 2190 747 2241; x_wconf 77' lang='grc' dir='ltr'>τὸ</span> <span class='ocrx_word' id='word_1_248' title='bbox 785 2188 1019 2243; x_wconf 82' lang='grc' dir='ltr'>ἀναίτιον</span> <span class='ocrx_word' id='word_1_249' title='bbox 1047 2190 1156 2249; x_wconf 82' lang='grc' dir='ltr'><strong>τῶν</strong></span> <span class='ocrx_word' id='word_1_250' title='bbox 1215 2191 1401 2243; x_wconf 80' lang='grc' dir='ltr'>κακῶν</span> <span class='ocrx_word' id='word_1_251' title='bbox 1438 2194 1737 2263; x_wconf 70' lang='grc' dir='ltr'>μαρτυρή-</span> 
     </span>
    </p>
   </div>
   <div class='ocr_carea' id='block_1_38' title="bbox 128 2282 1732 2357">
    <p class='ocr_par' dir='ltr' id='par_1_38' title="bbox 128 2282 1732 2357">
     <span class='ocr_line' id='line_1_38' title="bbox 128 2282 1732 2357; baseline 0 -20"><span class='ocrx_word' id='word_1_252' title='bbox 128 2302 222 2347; x_wconf 89' lang='grc' dir='ltr'><strong>σας</strong></span> <span class='ocrx_word' id='word_1_253' title='bbox 272 2284 375 2336; x_wconf 77' lang='grc' dir='ltr'>καὶ</span> <span class='ocrx_word' id='word_1_254' title='bbox 428 2283 650 2352; x_wconf 82' lang='grc' dir='ltr'>σιωπᾷν</span> <span class='ocrx_word' id='word_1_255' title='bbox 710 2282 900 2344; x_wconf 82' lang='grc' dir='ltr'>πείσας</span> <span class='ocrx_word' id='word_1_256' title='bbox 922 2283 1173 2351; x_wconf 76' lang='grc' dir='ltr'>γλώσσας</span> <span class='ocrx_word' id='word_1_257' title='bbox 1207 2284 1732 2357; x_wconf 68' lang='grc' dir='ltr'>μεγαλορῤήμονας,</span> 
     </span>
    </p>
   </div>
   <div class='ocr_carea' id='block_1_39' title="bbox 125 2374 1734 2445">
    <p class='ocr_par' dir='ltr' id='par_1_39' title="bbox 125 2374 1734 2445">
     <span class='ocr_line' id='line_1_39' title="bbox 125 2374 1734 2445; baseline 0.002 -18"><span class='ocrx_word' id='word_1_258' title='bbox 125 2374 235 2433; x_wconf 83' lang='grc' dir='ltr'>τοῖς</span> <span class='ocrx_word' id='word_1_259' title='bbox 288 2374 619 2445; x_wconf 83' lang='grc' dir='ltr'>ἀνθρώποις</span> <span class='ocrx_word' id='word_1_260' title='bbox 650 2376 706 2428; x_wconf 80' lang='grc' dir='ltr'><strong>δὲ</strong></span> <span class='ocrx_word' id='word_1_261' title='bbox 756 2375 1139 2445; x_wconf 79' lang='grc' dir='ltr'>ἐπιγνώμονας</span> <span class='ocrx_word' id='word_1_262' title='bbox 1188 2380 1283 2445; x_wconf 74' lang='grc' dir='ltr'>τῆς</span> <span class='ocrx_word' id='word_1_263' title='bbox 1320 2378 1535 2433; x_wconf 78' lang='grc' dir='ltr'>ἑαυτῶν</span> <span class='ocrx_word' id='word_1_264' title='bbox 1564 2378 1734 2431; x_wconf 82' lang='grc' dir='ltr'>ἀσθε-</span> 
     </span>
    </p>
   </div>
   <div class='ocr_carea' id='block_1_40' title="bbox 124 2467 1731 2538">
    <p class='ocr_par' dir='ltr' id='par_1_40' title="bbox 124 2467 1731 2538">
     <span class='ocr_line' id='line_1_40' title="bbox 124 2467 1731 2538; baseline 0 -17"><span class='ocrx_word' id='word_1_265' title='bbox 124 2468 271 2531; x_wconf 78' lang='grc' dir='ltr'>νείας</span> <span class='ocrx_word' id='word_1_266' title='bbox 304 2470 407 2520; x_wconf 75' lang='grc' dir='ltr'>καὶ</span> <span class='ocrx_word' id='word_1_267' title='bbox 438 2468 551 2519; x_wconf 90' lang='grc' dir='ltr'><strong>τῶν</strong></span> <span class='ocrx_word' id='word_1_268' title='bbox 586 2469 993 2538; x_wconf 70' lang='grc' dir='ltr'>ἁμαρτημάτων</span> <span class='ocrx_word' id='word_1_269' title='bbox 1025 2467 1165 2519; x_wconf 82' lang='grc' dir='ltr'>εἶναι</span> <span class='ocrx_word' id='word_1_270' title='bbox 1203 2470 1454 2536; x_wconf 80' lang='grc' dir='ltr'>ποιήσας,</span> <span class='ocrx_word' id='word_1_271' title='bbox 1483 2470 1731 2536; x_wconf 62' lang='grc' dir='ltr'>εὐλόγως</span> 
     </span>
    </p>
   </div>
   <div class='ocr_carea' id='block_1_41' title="bbox 125 2558 1731 2633">
    <p class='ocr_par' dir='ltr' id='par_1_41' title="bbox 125 2558 1731 2633">
     <span class='ocr_line' id='line_1_41' title="bbox 125 2558 1731 2633; baseline -0.001 -19"><span class='ocrx_word' id='word_1_272' title='bbox 125 2579 181 2613; x_wconf 85' lang='grc' dir='ltr'><strong>τε</strong></span> <span class='ocrx_word' id='word_1_273' title='bbox 216 2562 700 2633; x_wconf 77' lang='grc' dir='ltr'>παρασκευάσας,</span> <span class='ocrx_word' id='word_1_274' title='bbox 737 2562 943 2620; x_wconf 76' lang='grc' dir='ltr'>ἑαυτοῖς</span> <span class='ocrx_word' id='word_1_275' title='bbox 978 2558 1179 2627; x_wconf 81' lang='grc' dir='ltr'>μᾶλλον</span> <span class='ocrx_word' id='word_1_276' title='bbox 1210 2561 1303 2611; x_wconf 70' lang='grc' dir='ltr'><strong>καὶ</strong></span> <span class='ocrx_word' id='word_1_277' title='bbox 1330 2561 1389 2611; x_wconf 86' lang='grc' dir='ltr'><strong>οὐ</strong></span> <span class='ocrx_word' id='word_1_278' title='bbox 1416 2560 1538 2629; x_wconf 83' lang='grc' dir='ltr'>Θεῷ</span> <span class='ocrx_word' id='word_1_279' title='bbox 1566 2562 1634 2611; x_wconf 61' lang='grc' dir='ltr'><strong>τι</strong></span> <span class='ocrx_word' id='word_1_280' title='bbox 1662 2563 1731 2614; x_wconf 81' lang='grc' dir='ltr'>ἐκ</span> 
     </span>
    </p>
   </div>
   <div class='ocr_carea' id='block_1_42' title="bbox 124 2650 1731 2722">
    <p class='ocr_par' dir='ltr' id='par_1_42' title="bbox 124 2650 1731 2722">
     <span class='ocr_line' id='line_1_42' title="bbox 124 2650 1731 2722; baseline -0.001 -17"><span class='ocrx_word' id='word_1_281' title='bbox 124 2656 374 2722; x_wconf 81' lang='grc' dir='ltr'>πονηρᾶς</span> <span class='ocrx_word' id='word_1_282' title='bbox 416 2652 718 2721; x_wconf 77' lang='grc' dir='ltr'>συνηθείας</span> <span class='ocrx_word' id='word_1_283' title='bbox 744 2651 833 2703; x_wconf 77' lang='grc' dir='ltr'>καὶ</span> <span class='ocrx_word' id='word_1_284' title='bbox 887 2650 1161 2721; x_wconf 72' lang='grc' dir='ltr'>ῥᾳθυμίας</span> <span class='ocrx_word' id='word_1_285' title='bbox 1189 2652 1523 2721; x_wconf 74' lang='grc' dir='ltr'>ἐπιγράφειν</span> <span class='ocrx_word' id='word_1_286' title='bbox 1556 2650 1731 2721; x_wconf 79' lang='grc' dir='ltr'>σφάλ-</span> 
     </span>
    </p>
   </div>
   <div class='ocr_carea' id='block_1_43' title="bbox 128 2743 1731 2815">
    <p class='ocr_par' dir='ltr' id='par_1_43' title="bbox 128 2743 1731 2815">
     <span class='ocr_line' id='line_1_43' title="bbox 128 2743 1731 2815; baseline 0 -17"><span class='ocrx_word' id='word_1_287' title='bbox 128 2764 295 2813; x_wconf 83' lang='grc' dir='ltr'>ματα,</span> <span class='ocrx_word' id='word_1_288' title='bbox 342 2746 445 2798; x_wconf 71' lang='grc' dir='ltr'><strong>καὶ</strong></span> <span class='ocrx_word' id='word_1_289' title='bbox 507 2743 657 2797; x_wconf 80' lang='grc' dir='ltr'>οὕτω</span> <span class='ocrx_word' id='word_1_290' title='bbox 703 2744 763 2796; x_wconf 83' lang='grc' dir='ltr'><strong>τὸ</strong></span> <span class='ocrx_word' id='word_1_291' title='bbox 820 2748 1270 2815; x_wconf 75' lang='grc' dir='ltr'>ταπεινοφρονεῖν</span> <span class='ocrx_word' id='word_1_292' title='bbox 1310 2746 1609 2815; x_wconf 78' lang='grc' dir='ltr'>μανθάνειν</span> <span class='ocrx_word' id='word_1_293' title='bbox 1634 2746 1731 2798; x_wconf 75' lang='grc' dir='ltr'><strong>καὶ</strong></span> 
     </span>
    </p>
   </div>
   <div class='ocr_carea' id='block_1_44' title="bbox 126 2839 698 2909">
    <p class='ocr_par' dir='ltr' id='par_1_44' title="bbox 126 2839 698 2909">
     <span class='ocr_line' id='line_1_44' title="bbox 126 2839 698 2909; baseline 0.002 -19"><span class='ocrx_word' id='word_1_294' title='bbox 126 2839 473 2909; x_wconf 75' lang='grc' dir='ltr'>συγγνώμην</span> <span class='ocrx_word' id='word_1_295' title='bbox 499 2840 698 2891; x_wconf 76' lang='grc' dir='ltr'>αἰτεῖν.</span> 
     </span>
    </p>
   </div>
   <div class='ocr_carea' id='block_1_45' title="bbox 192 2913 1729 2997">
    <p class='ocr_par' dir='ltr' id='par_1_45' title="bbox 192 2913 1729 2997">
     <span class='ocr_line' id='line_1_45' title="bbox 192 2913 1729 2997; baseline -0.003 -13"><span class='ocrx_word' id='word_1_296' title='bbox 192 2932 275 2984; x_wconf 73' lang='grc' dir='ltr'>ιιν.</span> <span class='ocrx_word' id='word_1_297' title='bbox 326 2928 588 2983; x_wconf 78' lang='grc' dir='ltr'>Ἐκεῖθεν</span> <span class='ocrx_word' id='word_1_298' title='bbox 612 2930 699 2982; x_wconf 84' lang='grc' dir='ltr'>ὅτε</span> <span class='ocrx_word' id='word_1_299' title='bbox 724 2929 812 2981; x_wconf 76' lang='grc' dir='ltr'>τὸν</span> <span class='ocrx_word' id='word_1_300' title='bbox 837 2928 1047 2982; x_wconf 82' lang='grc' dir='ltr'>δίκαιον</span> <span class='ocrx_word' id='word_1_301' title='bbox 1072 2927 1251 2996; x_wconf 64' lang='grc' dir='ltr'>σοφῶς</span> <span class='ocrx_word' id='word_1_302' title='bbox 1278 2926 1609 2997; x_wconf 70' lang='grc' dir='ltr'>ἀναιροῦντα</span> <span class='ocrx_word' id='word_1_303' title='bbox 1635 2913 1729 2979; x_wconf 62' lang='grc' dir='ltr'><strong>τδν</strong></span> 
     </span>
    </p>
   </div>
   <div class='ocr_carea' id='block_1_46' title="bbox 126 3020 1730 3095">
    <p class='ocr_par' dir='ltr' id='par_1_46' title="bbox 126 3020 1730 3095">
     <span class='ocr_line' id='line_1_46' title="bbox 126 3020 1730 3095; baseline -0.002 -19"><span class='ocrx_word' id='word_1_304' title='bbox 126 3025 399 3095; x_wconf 58' lang='grc' dir='ltr'>ἑπόμενον</span> <span class='ocrx_word' id='word_1_305' title='bbox 443 3025 539 3075; x_wconf 71' lang='grc' dir='ltr'>ἐπὶ</span> <span class='ocrx_word' id='word_1_306' title='bbox 567 3025 635 3092; x_wconf 77' lang='grc' dir='ltr'>τῇ</span> <span class='ocrx_word' id='word_1_307' title='bbox 677 3022 1013 3091; x_wconf 83' lang='grc' dir='ltr'>κατορθώσει</span> <span class='ocrx_word' id='word_1_308' title='bbox 1047 3021 1143 3074; x_wconf 83' lang='grc' dir='ltr'>τοῦ</span> <span class='ocrx_word' id='word_1_309' title='bbox 1171 3022 1382 3088; x_wconf 76' lang='grc' dir='ltr'>ἀγαθοῦ</span> <span class='ocrx_word' id='word_1_310' title='bbox 1412 3021 1609 3090; x_wconf 79' lang='grc' dir='ltr'>τῦφον,</span> <span class='ocrx_word' id='word_1_311' title='bbox 1634 3020 1730 3073; x_wconf 72' lang='grc' dir='ltr'><strong>καὶ</strong></span> 
     </span>
    </p>
   </div>
   <div class='ocr_carea' id='block_1_47' title="bbox 125 3113 1730 3184">
    <p class='ocr_par' dir='ltr' id='par_1_47' title="bbox 125 3113 1730 3184">
     <span class='ocr_line' id='line_1_47' title="bbox 125 3113 1730 3184; baseline 0 -19"><span class='ocrx_word' id='word_1_312' title='bbox 125 3118 388 3167; x_wconf 83' lang='grc' dir='ltr'>πείθοντα</span> <span class='ocrx_word' id='word_1_313' title='bbox 454 3113 531 3183; x_wconf 79' lang='grc' dir='ltr'>τῷ</span> <span class='ocrx_word' id='word_1_314' title='bbox 583 3113 709 3184; x_wconf 83' lang='grc' dir='ltr'><strong>’Θεῴ</strong></span> <span class='ocrx_word' id='word_1_315' title='bbox 762 3114 964 3182; x_wconf 82' lang='grc' dir='ltr'>μᾶλλον</span> <span class='ocrx_word' id='word_1_316' title='bbox 1002 3114 1034 3183; x_wconf 81' lang='grc' dir='ltr'>ἢ</span> <span class='ocrx_word' id='word_1_317' title='bbox 1072 3114 1284 3175; x_wconf 77' lang='grc' dir='ltr'>ἑαυτοῖς</span> <span class='ocrx_word' id='word_1_318' title='bbox 1320 3115 1636 3180; x_wconf 74' lang='grc' dir='ltr'>λογίζεσθαι</span> <span class='ocrx_word' id='word_1_319' title='bbox 1667 3113 1730 3165; x_wconf 82' lang='grc' dir='ltr'><strong>τὸ</strong></span> 
     </span>
    </p>
   </div>
   <div class='ocr_carea' id='block_1_48' title="bbox 124 3205 1724 3278">
    <p class='ocr_par' dir='ltr' id='par_1_48' title="bbox 124 3205 1724 3278">
     <span class='ocr_line' id='line_1_48' title="bbox 124 3205 1724 3278; baseline -0.003 -19"><span class='ocrx_word' id='word_1_320' title='bbox 124 3206 479 3277; x_wconf 74' lang='grc' dir='ltr'>κατορθωθέν</span> <span class='ocrx_word' id='word_1_321' title='bbox 502 3223 516 3236; x_wconf 72' lang='grc'><strong><em>⁸</em></strong></span> <span class='ocrx_word' id='word_1_322' title='bbox 548 3225 568 3258; x_wconf 82' lang='grc' dir='ltr'><strong>ι</strong></span> <span class='ocrx_word' id='word_1_323' title='bbox 599 3207 690 3277; x_wconf 83' lang='grc' dir='ltr'><strong>Μὴ</strong></span> <span class='ocrx_word' id='word_1_324' title='bbox 713 3206 984 3260; x_wconf 79' lang='grc' dir='ltr'>πλανᾶσθε</span> <span class='ocrx_word' id='word_1_325' title='bbox 1012 3206 1141 3278; x_wconf 76' lang='grc' dir='ltr'>γάρ,</span> <span class='ocrx_word' id='word_1_326' title='bbox 1167 3207 1356 3275; x_wconf 67' lang='grc' dir='ltr'>φησιν,</span> <span class='ocrx_word' id='word_1_327' title='bbox 1374 3205 1593 3273; x_wconf 64' lang='grc' dir='ltr'>ἀδελφοί</span> <span class='ocrx_word' id='word_1_328' title='bbox 1620 3222 1724 3273; x_wconf 69' lang='grc' dir='ltr'><strong>μου</strong></span> 
     </span>
    </p>
   </div>
   <div class='ocr_carea' id='block_1_49' title="bbox 122 3297 1725 3369">
    <p class='ocr_par' dir='ltr' id='par_1_49' title="bbox 122 3297 1725 3369">
     <span class='ocr_line' id='line_1_49' title="bbox 122 3297 1725 3369; baseline -0.001 -21"><span class='ocrx_word' id='word_1_329' title='bbox 122 3299 431 3367; x_wconf 69' lang='grc' dir='ltr'>ἀγαπητοὶ,</span> <span class='ocrx_word' id='word_1_330' title='bbox 473 3301 631 3353; x_wconf 80' lang='grc' dir='ltr'>πᾶσα</span> <span class='ocrx_word' id='word_1_331' title='bbox 664 3301 811 3363; x_wconf 71' lang='grc' dir='ltr'>δόσις</span> <span class='ocrx_word' id='word_1_332' title='bbox 861 3298 1038 3368; x_wconf 77' lang='grc' dir='ltr'>ἀγαθὴ</span> <span class='ocrx_word' id='word_1_333' title='bbox 1088 3300 1182 3352; x_wconf 75' lang='grc' dir='ltr'><strong>καὶ</strong></span> <span class='ocrx_word' id='word_1_334' title='bbox 1212 3302 1321 3352; x_wconf 83' lang='grc' dir='ltr'><strong>πᾶν</strong></span> <span class='ocrx_word' id='word_1_335' title='bbox 1351 3299 1587 3369; x_wconf 82' lang='grc' dir='ltr'>δώρημα</span> <span class='ocrx_word' id='word_1_336' title='bbox 1631 3297 1725 3348; x_wconf 86' lang='grc' dir='ltr'><strong>τέ-</strong></span> 
     </span>
    </p>
   </div>
   <div class='ocr_carea' id='block_1_50' title="bbox 120 3388 1724 3460">
    <p class='ocr_par' dir='ltr' id='par_1_50' title="bbox 120 3388 1724 3460">
     <span class='ocr_line' id='line_1_50' title="bbox 120 3388 1724 3460; baseline 0 -19"><span class='ocrx_word' id='word_1_337' title='bbox 120 3390 261 3443; x_wconf 77' lang='grc' dir='ltr'>λειον</span> <span class='ocrx_word' id='word_1_338' title='bbox 299 3392 527 3445; x_wconf 79' lang='grc' dir='ltr'>ἄνωθέν</span> <span class='ocrx_word' id='word_1_339' title='bbox 577 3394 694 3443; x_wconf 88' lang='grc' dir='ltr'>ἐστι</span> <span class='ocrx_word' id='word_1_340' title='bbox 726 3393 1053 3443; x_wconf 77' lang='grc' dir='ltr'>καταϐαῖνον</span> <span class='ocrx_word' id='word_1_341' title='bbox 1082 3392 1189 3444; x_wconf 75' lang='grc' dir='ltr'><strong>ἀπὸ</strong></span> <span class='ocrx_word' id='word_1_342' title='bbox 1219 3393 1311 3443; x_wconf 74' lang='grc' dir='ltr'>τοῦ</span> <span class='ocrx_word' id='word_1_343' title='bbox 1366 3394 1577 3460; x_wconf 82' lang='grc' dir='ltr'>Πατρὸς</span> <span class='ocrx_word' id='word_1_344' title='bbox 1614 3388 1724 3441; x_wconf 81' lang='grc' dir='ltr'><strong>τῶν</strong></span> 
     </span>
    </p>
   </div>
   <div class='ocr_carea' id='block_1_51' title="bbox 120 3477 1723 3553">
    <p class='ocr_par' dir='ltr' id='par_1_51' title="bbox 120 3477 1723 3553">
     <span class='ocr_line' id='line_1_51' title="bbox 120 3477 1723 3553; baseline -0.001 -18"><span class='ocrx_word' id='word_1_345' title='bbox 120 3482 338 3550; x_wconf 70' lang='grc' dir='ltr'>φώτων,</span> <span class='ocrx_word' id='word_1_346' title='bbox 380 3484 521 3552; x_wconf 79' lang='grc' dir='ltr'>παρ’</span> <span class='ocrx_word' id='word_1_347' title='bbox 549 3477 598 3549; x_wconf 84' lang='grc' dir='ltr'>ᾧ</span> <span class='ocrx_word' id='word_1_348' title='bbox 635 3483 735 3535; x_wconf 80' lang='grc' dir='ltr'><strong>οὐκ</strong></span> <span class='ocrx_word' id='word_1_349' title='bbox 774 3482 889 3533; x_wconf 81' lang='grc' dir='ltr'>ἔστι</span> <span class='ocrx_word' id='word_1_350' title='bbox 916 3482 1240 3553; x_wconf 79' lang='grc' dir='ltr'>παραλλαγὴ</span> <span class='ocrx_word' id='word_1_351' title='bbox 1269 3483 1300 3551; x_wconf 86' lang='grc' dir='ltr'>ἦ</span> <span class='ocrx_word' id='word_1_352' title='bbox 1345 3484 1555 3552; x_wconf 71' lang='grc' dir='ltr'>τροπῆς</span> <span class='ocrx_word' id='word_1_353' title='bbox 1582 3484 1723 3534; x_wconf 57' lang='grc' dir='ltr'>ἀπο-</span> 
     </span>
    </p>
   </div>
   <div class='ocr_carea' id='block_1_52' title="bbox 123 3572 1724 3644">
    <p class='ocr_par' dir='ltr' id='par_1_52' title="bbox 123 3572 1724 3644">
     <span class='ocr_line' id='line_1_52' title="bbox 123 3572 1724 3644; baseline -0.002 -17"><span class='ocrx_word' id='word_1_354' title='bbox 123 3578 373 3642; x_wconf 79' lang='grc' dir='ltr'>σκίασμα</span> <span class='ocrx_word' id='word_1_355' title='bbox 403 3591 423 3608; x_wconf 78' lang='grc' dir='ltr'><strong><em>ο</em></strong></span> <span class='ocrx_word' id='word_1_356' title='bbox 455 3572 747 3643; x_wconf 73' lang='grc' dir='ltr'>βουληθεὶς</span> <span class='ocrx_word' id='word_1_357' title='bbox 774 3574 1088 3644; x_wconf 75' lang='grc' dir='ltr'>ἀπεκύησεν</span> <span class='ocrx_word' id='word_1_358' title='bbox 1115 3574 1264 3644; x_wconf 79' lang='grc' dir='ltr'>ἡμᾶς</span> <span class='ocrx_word' id='word_1_359' title='bbox 1293 3575 1437 3643; x_wconf 78' lang='grc' dir='ltr'>λόγῳ</span> <span class='ocrx_word' id='word_1_360' title='bbox 1461 3574 1724 3643; x_wconf 75' lang='grc' dir='ltr'>ἀληθείας</span> 
     </span>
    </p>
   </div>
   <div class='ocr_carea' id='block_1_53' title="bbox 117 3663 1725 3740">
    <p class='ocr_par' dir='ltr' id='par_1_53' title="bbox 117 3663 1725 3740">
     <span class='ocr_line' id='line_1_53' title="bbox 117 3663 1725 3740; baseline 0 -21"><span class='ocrx_word' id='word_1_361' title='bbox 117 3672 193 3728; x_wconf 82' lang='grc' dir='ltr'>εἰς</span> <span class='ocrx_word' id='word_1_362' title='bbox 218 3670 280 3721; x_wconf 69' lang='grc' dir='ltr'>τὸ</span> <span class='ocrx_word' id='word_1_363' title='bbox 306 3663 459 3720; x_wconf 82' lang='grc' dir='ltr'>εἶναι</span> <span class='ocrx_word' id='word_1_364' title='bbox 498 3670 650 3736; x_wconf 71' lang='grc' dir='ltr'>ἡμᾶς</span> <span class='ocrx_word' id='word_1_365' title='bbox 678 3668 929 3740; x_wconf 79' lang='grc' dir='ltr'>ἀπαρχήν</span> <span class='ocrx_word' id='word_1_366' title='bbox 959 3686 1080 3721; x_wconf 90' lang='grc' dir='ltr'>τινα</span> <span class='ocrx_word' id='word_1_367' title='bbox 1129 3669 1241 3721; x_wconf 89' lang='grc' dir='ltr'><strong>τῶν</strong></span> <span class='ocrx_word' id='word_1_368' title='bbox 1287 3668 1455 3721; x_wconf 79' lang='grc' dir='ltr'>αὑτοῦ</span> <span class='ocrx_word' id='word_1_369' title='bbox 1482 3668 1725 3736; x_wconf 86' lang='grc' dir='ltr'>κτισμά-</span> 
     </span>
    </p>
   </div>
   <div class='ocr_carea' id='block_1_54' title="bbox 116 3758 1725 3830">
    <p class='ocr_par' dir='ltr' id='par_1_54' title="bbox 116 3758 1725 3830">
     <span class='ocr_line' id='line_1_54' title="bbox 116 3758 1725 3830; baseline -0.001 -19"><span class='ocrx_word' id='word_1_370' title='bbox 116 3778 275 3815; x_wconf 75' lang='grc' dir='ltr'>των.)</span> <span class='ocrx_word' id='word_1_371' title='bbox 306 3760 510 3814; x_wconf 83' lang='grc' dir='ltr'>Ταῦτα</span> <span class='ocrx_word' id='word_1_372' title='bbox 554 3762 652 3813; x_wconf 79' lang='grc' dir='ltr'>καὶ</span> <span class='ocrx_word' id='word_1_373' title='bbox 676 3768 1016 3830; x_wconf 67' lang='grc' dir='ltr'>φρονήματος</span> <span class='ocrx_word' id='word_1_374' title='bbox 1045 3762 1302 3813; x_wconf 84' lang='grc' dir='ltr'>ἀποκενοῖ</span> <span class='ocrx_word' id='word_1_375' title='bbox 1330 3759 1635 3827; x_wconf 68' lang='grc' dir='ltr'>τῦφον,καὶ</span> <span class='ocrx_word' id='word_1_376' title='bbox 1664 3758 1725 3811; x_wconf 77' lang='grc' dir='ltr'><strong>τὸ</strong></span> 
     </span>
    </p>
   </div>
   <div class='ocr_carea' id='block_1_55' title="bbox 115 3848 1726 3925">
    <p class='ocr_par' dir='ltr' id='par_1_55' title="bbox 115 3848 1726 3925">
     <span class='ocr_line' id='line_1_55' title="bbox 115 3848 1726 3925; baseline 0 -18"><span class='ocrx_word' id='word_1_377' title='bbox 115 3855 265 3908; x_wconf 89' lang='grc' dir='ltr'>Θείον</span> <span class='ocrx_word' id='word_1_378' title='bbox 297 3873 376 3907; x_wconf 82' lang='grc' dir='ltr'><strong>πα</strong></span> <span class='ocrx_word' id='word_1_379' title='bbox 388 3854 653 3925; x_wconf 79' lang='grc' dir='ltr'>ρεκτικὺν</span> <span class='ocrx_word' id='word_1_380' title='bbox 670 3854 787 3923; x_wconf 76' lang='grc' dir='ltr'><strong>ἅμα</strong></span> <span class='ocrx_word' id='word_1_381' title='bbox 811 3854 903 3907; x_wconf 81' lang='grc' dir='ltr'>τοῦ</span> <span class='ocrx_word' id='word_1_382' title='bbox 927 3853 1130 3922; x_wconf 80' lang='grc' dir='ltr'>ἀγαθοῦ</span> <span class='ocrx_word' id='word_1_383' title='bbox 1155 3854 1251 3906; x_wconf 81' lang='grc' dir='ltr'><strong>καὶ</strong></span> <span class='ocrx_word' id='word_1_384' title='bbox 1276 3856 1550 3923; x_wconf 80' lang='grc' dir='ltr'>ἄτρεπτον</span> <span class='ocrx_word' id='word_1_385' title='bbox 1581 3848 1726 3907; x_wconf 78' lang='grc' dir='ltr'>εἶναι</span> 
     </span>
    </p>
   </div>
   <div class='ocr_carea' id='block_1_56' title="bbox 118 3942 1724 4015">
    <p class='ocr_par' dir='ltr' id='par_1_56' title="bbox 118 3942 1724 4015">
     <span class='ocr_line' id='line_1_56' title="bbox 118 3942 1724 4015; baseline -0.002 -19"><span class='ocrx_word' id='word_1_386' title='bbox 118 3948 207 3997; x_wconf 73' lang='grc' dir='ltr'><strong>καὶ</strong></span> <span class='ocrx_word' id='word_1_387' title='bbox 229 3946 619 3997; x_wconf 76' lang='grc' dir='ltr'>ἀναλλοίωτον</span> <span class='ocrx_word' id='word_1_388' title='bbox 646 3944 903 4006; x_wconf 77' lang='grc' dir='ltr'>δείκνυσι,</span> <span class='ocrx_word' id='word_1_389' title='bbox 936 3944 1030 3997; x_wconf 72' lang='grc' dir='ltr'><strong>καὶ</strong></span> <span class='ocrx_word' id='word_1_390' title='bbox 1046 3946 1194 4006; x_wconf 79' lang='grc' dir='ltr'>ὅπως</span> <span class='ocrx_word' id='word_1_391' title='bbox 1221 3942 1553 4015; x_wconf 80' lang='grc' dir='ltr'>ἐξαίρετυνῆ</span> <span class='ocrx_word' id='word_1_392' title='bbox 1585 3942 1724 4011; x_wconf 61' lang='grc' dir='ltr'>πρὸς</span> 
     </span>
    </p>
   </div>
   <div class='ocr_carea' id='block_1_57' title="bbox 116 4036 1725 4108">
    <p class='ocr_par' dir='ltr' id='par_1_57' title="bbox 116 4036 1725 4108">
     <span class='ocr_line' id='line_1_57' title="bbox 116 4036 1725 4108; baseline -0.001 -19"><span class='ocrx_word' id='word_1_393' title='bbox 116 4040 180 4091; x_wconf 70' lang='grc' dir='ltr'><strong>τά</strong></span> <span class='ocrx_word' id='word_1_394' title='bbox 216 4039 359 4091; x_wconf 81' lang='grc' dir='ltr'>ἄλλα</span> <span class='ocrx_word' id='word_1_395' title='bbox 396 4044 687 4108; x_wconf 77' lang='grc' dir='ltr'>κτίσματα</span> <span class='ocrx_word' id='word_1_396' title='bbox 734 4040 860 4108; x_wconf 80' lang='grc' dir='ltr'>περὶ</span> <span class='ocrx_word' id='word_1_397' title='bbox 893 4039 983 4091; x_wconf 75' lang='grc' dir='ltr'><strong>τὸν</strong></span> <span class='ocrx_word' id='word_1_398' title='bbox 1022 4036 1312 4108; x_wconf 82' lang='grc' dir='ltr'>ἄνθρωπον</span> <span class='ocrx_word' id='word_1_399' title='bbox 1345 4038 1609 4106; x_wconf 75' lang='grc' dir='ltr'>φαίνεται</span> <span class='ocrx_word' id='word_1_400' title='bbox 1661 4036 1725 4088; x_wconf 82' lang='grc' dir='ltr'><strong>τὸ</strong></span> 
     </span>
    </p>
   </div>
   <div class='ocr_carea' id='block_1_58' title="bbox 116 4136 675 4208">
    <p class='ocr_par' dir='ltr' id='par_1_58' title="bbox 116 4136 675 4208">
     <span class='ocr_line' id='line_1_58' title="bbox 116 4136 675 4208; baseline 0.005 -20"><span class='ocrx_word' id='word_1_401' title='bbox 116 4136 492 4208; x_wconf 74' lang='grc' dir='ltr'>κηδεμονικὸν</span> <span class='ocrx_word' id='word_1_402' title='bbox 526 4136 675 4207; x_wconf 82' lang='grc' dir='ltr'>ἔχον.</span> 
     </span>
    </p>
   </div>
   <div class='ocr_carea' id='block_1_59' title="bbox 180 4229 1720 4301">
    <p class='ocr_par' dir='ltr' id='par_1_59' title="bbox 180 4229 1720 4301">
     <span class='ocr_line' id='line_1_59' title="bbox 180 4229 1720 4301; baseline -0.003 -14"><span class='ocrx_word' id='word_1_403' title='bbox 180 4233 257 4287; x_wconf 78' lang='lat'><strong>8’.</strong></span> <span class='ocrx_word' id='word_1_404' title='bbox 292 4234 465 4287; x_wconf 76' lang='grc' dir='ltr'>Μετά</span> <span class='ocrx_word' id='word_1_405' title='bbox 516 4230 696 4283; x_wconf 77' lang='grc' dir='ltr'>ταῦτα</span> <span class='ocrx_word' id='word_1_406' title='bbox 728 4232 823 4283; x_wconf 68' lang='lat' dir='ltr'><strong>xui.</strong></span> <span class='ocrx_word' id='word_1_407' title='bbox 848 4230 1197 4301; x_wconf 81' lang='grc' dir='ltr'>ἡθικωτέρων</span> <span class='ocrx_word' id='word_1_408' title='bbox 1241 4229 1479 4284; x_wconf 73' lang='grc' dir='ltr'>ἅπτεται</span> <span class='ocrx_word' id='word_1_409' title='bbox 1516 4247 1720 4299; x_wconf 76' lang='grc' dir='ltr'>παραιο</span> 
     </span>
    </p>
   </div>
   <div class='ocr_carea' id='block_1_60' title="bbox 114 4322 1723 4396">
    <p class='ocr_par' dir='ltr' id='par_1_60' title="bbox 114 4322 1723 4396">
     <span class='ocr_line' id='line_1_60' title="bbox 114 4322 1723 4396; baseline 0.001 -21"><span class='ocrx_word' id='word_1_410' title='bbox 114 4323 339 4391; x_wconf 79' lang='grc' dir='ltr'>νέσεων,</span> <span class='ocrx_word' id='word_1_411' title='bbox 375 4341 397 4376; x_wconf 74' lang='grc' dir='ltr'><strong>ι</strong></span> <span class='ocrx_word' id='word_1_412' title='bbox 424 4323 641 4388; x_wconf 82' lang='grc' dir='ltr'>Ἔστω,</span> <span class='ocrx_word' id='word_1_413' title='bbox 663 4322 853 4391; x_wconf 73' lang='grc' dir='ltr'>λέγων,</span> <span class='ocrx_word' id='word_1_414' title='bbox 901 4324 1005 4384; x_wconf 81' lang='grc' dir='ltr'><strong>πᾶς</strong></span> <span class='ocrx_word' id='word_1_415' title='bbox 1036 4322 1321 4396; x_wconf 72' lang='grc' dir='ltr'>ἄνθρωπος</span> <span class='ocrx_word' id='word_1_416' title='bbox 1348 4324 1524 4392; x_wconf 78' lang='grc' dir='ltr'>ταχὺς</span> <span class='ocrx_word' id='word_1_417' title='bbox 1553 4322 1636 4386; x_wconf 77' lang='grc' dir='ltr'><strong>εις</strong></span> <span class='ocrx_word' id='word_1_418' title='bbox 1661 4323 1723 4377; x_wconf 83' lang='grc' dir='ltr'><strong>τὸ</strong></span> 
     </span>
    </p>
   </div>
   <div class='ocr_carea' id='block_1_61' title="bbox 114 4413 1716 4489">
    <p class='ocr_par' dir='ltr' id='par_1_61' title="bbox 114 4413 1716 4489">
     <span class='ocr_line' id='line_1_61' title="bbox 114 4413 1716 4489; baseline 0.002 -24"><span class='ocrx_word' id='word_1_419' title='bbox 114 4417 377 4479; x_wconf 74' lang='grc' dir='ltr'>ἀκοῦσαι,</span> <span class='ocrx_word' id='word_1_420' title='bbox 409 4416 627 4488; x_wconf 79' lang='grc' dir='ltr'>βραδὺς</span> <span class='ocrx_word' id='word_1_421' title='bbox 651 4413 727 4479; x_wconf 85' lang='grc' dir='ltr'><strong>είς</strong></span> <span class='ocrx_word' id='word_1_422' title='bbox 749 4417 807 4469; x_wconf 82' lang='grc' dir='ltr'>τὸ</span> <span class='ocrx_word' id='word_1_423' title='bbox 835 4417 1081 4486; x_wconf 80' lang='grc' dir='ltr'>λαλῆσαι.</span> <span class='ocrx_word' id='word_1_424' title='bbox 1124 4417 1327 4489; x_wconf 75' lang='grc' dir='ltr'>βραδὺς</span> <span class='ocrx_word' id='word_1_425' title='bbox 1356 4419 1437 4478; x_wconf 81' lang='grc' dir='ltr'>εὶς</span> <span class='ocrx_word' id='word_1_426' title='bbox 1467 4419 1668 4487; x_wconf 76' lang='grc' dir='ltr'><strong>ὀργήν.</strong></span> <span class='ocrx_word' id='word_1_427' title='bbox 1698 4438 1716 4469; x_wconf 77' lang='grc' dir='ltr'><strong>ι</strong></span> 
     </span>
    </p>
   </div>
   <div class='ocr_carea' id='block_1_62' title="bbox 116 4507 1721 4581">
    <p class='ocr_par' dir='ltr' id='par_1_62' title="bbox 116 4507 1721 4581">
     <span class='ocr_line' id='line_1_62' title="bbox 116 4507 1721 4581; baseline -0.001 -20"><span class='ocrx_word' id='word_1_428' title='bbox 116 4511 173 4563; x_wconf 80' lang='grc' dir='ltr'><strong>Εἰ</strong></span> <span class='ocrx_word' id='word_1_429' title='bbox 211 4513 326 4581; x_wconf 83' lang='grc' dir='ltr'>γάρ</span> <span class='ocrx_word' id='word_1_430' title='bbox 359 4512 429 4563; x_wconf 83' lang='grc' dir='ltr'>τὸ</span> <span class='ocrx_word' id='word_1_431' title='bbox 460 4511 655 4576; x_wconf 73' lang='grc' dir='ltr'>λέγειν</span> <span class='ocrx_word' id='word_1_432' title='bbox 685 4510 889 4581; x_wconf 74' lang='grc' dir='ltr'>ταχέως</span> <span class='ocrx_word' id='word_1_433' title='bbox 918 4510 1163 4579; x_wconf 76' lang='grc' dir='ltr'>φυλακῆς</span> <span class='ocrx_word' id='word_1_434' title='bbox 1204 4507 1380 4573; x_wconf 81' lang='grc' dir='ltr'>ἄξιον,</span> <span class='ocrx_word' id='word_1_435' title='bbox 1412 4509 1474 4559; x_wconf 73' lang='grc' dir='ltr'>τὸ</span> <span class='ocrx_word' id='word_1_436' title='bbox 1508 4512 1721 4579; x_wconf 77' lang='grc' dir='ltr'>ταχέως</span> 
     </span>
    </p>
   </div>
   <div class='ocr_carea' id='block_1_63' title="bbox 111 4603 1722 4676">
    <p class='ocr_par' dir='ltr' id='par_1_63' title="bbox 111 4603 1722 4676">
     <span class='ocr_line' id='line_1_63' title="bbox 111 4603 1722 4676; baseline 0.002 -22"><span class='ocrx_word' id='word_1_437' title='bbox 111 4604 445 4676; x_wconf 72' lang='grc' dir='ltr'>ὀργίζεσθαι</span> <span class='ocrx_word' id='word_1_438' title='bbox 515 4605 696 4676; x_wconf 83' lang='grc' dir='ltr'>πόσης</span> <span class='ocrx_word' id='word_1_439' title='bbox 752 4605 950 4674; x_wconf 82' lang='grc' dir='ltr'>μᾶλλον</span> <span class='ocrx_word' id='word_1_440' title='bbox 1001 4604 1171 4657; x_wconf 79' lang='grc' dir='ltr'>δεῖται</span> <span class='ocrx_word' id='word_1_441' title='bbox 1224 4603 1325 4673; x_wconf 73' lang='grc' dir='ltr'><strong>τῆς</strong></span> <span class='ocrx_word' id='word_1_442' title='bbox 1371 4604 1722 4671; x_wconf 69' lang='grc' dir='ltr'>ἀσφαλείαςς</span> 
     </span>
    </p>
   </div>
   <div class='ocr_carea' id='block_1_64' title="bbox 116 4696 1720 4771">
    <p class='ocr_par' dir='ltr' id='par_1_64' title="bbox 116 4696 1720 4771">
     <span class='ocr_line' id='line_1_64' title="bbox 116 4696 1720 4771; baseline -0.002 -18"><span class='ocrx_word' id='word_1_443' title='bbox 116 4700 255 4771; x_wconf 82' lang='grc' dir='ltr'>Ὅρα</span> <span class='ocrx_word' id='word_1_444' title='bbox 287 4703 351 4754; x_wconf 71' lang='grc' dir='ltr'>δὲ</span> <span class='ocrx_word' id='word_1_445' title='bbox 408 4696 516 4752; x_wconf 77' lang='grc' dir='ltr'>καὶ</span> <span class='ocrx_word' id='word_1_446' title='bbox 565 4698 663 4750; x_wconf 81' lang='grc' dir='ltr'>τοῦ</span> <span class='ocrx_word' id='word_1_447' title='bbox 718 4700 858 4749; x_wconf 86' lang='grc' dir='ltr'>κατὰ</span> <span class='ocrx_word' id='word_1_448' title='bbox 889 4696 1150 4766; x_wconf 83' lang='grc' dir='ltr'>ἀλήθειαν</span> <span class='ocrx_word' id='word_1_449' title='bbox 1185 4698 1547 4766; x_wconf 79' lang='grc' dir='ltr'>Χριστιανοῦ,</span> <span class='ocrx_word' id='word_1_450' title='bbox 1576 4698 1720 4763; x_wconf 81' lang='grc' dir='ltr'>οἴους</span> 
     </span>
    </p>
   </div>
   <div class='ocr_carea' id='block_1_65' title="bbox 113 4791 1720 4863">
    <p class='ocr_par' dir='ltr' id='par_1_65' title="bbox 113 4791 1720 4863">
     <span class='ocr_line' id='line_1_65' title="bbox 113 4791 1720 4863; baseline -0.001 -16"><span class='ocrx_word' id='word_1_451' title='bbox 113 4791 247 4849; x_wconf 72' lang='grc' dir='ltr'>εἶναι</span> <span class='ocrx_word' id='word_1_452' title='bbox 275 4797 440 4863; x_wconf 78' lang='grc' dir='ltr'>λέγει</span> <span class='ocrx_word' id='word_1_453' title='bbox 465 4794 602 4853; x_wconf 73' lang='grc' dir='ltr'>τοὺς</span> <span class='ocrx_word' id='word_1_454' title='bbox 638 4791 1012 4861; x_wconf 77' lang='grc' dir='ltr'>χαρακτῆρας.</span> <span class='ocrx_word' id='word_1_455' title='bbox 1045 4811 1064 4844; x_wconf 82' lang='grc' dir='ltr'><strong>ι</strong></span> <span class='ocrx_word' id='word_1_456' title='bbox 1096 4791 1376 4861; x_wconf 85' lang='grc' dir='ltr'>Θρησκεία</span> <span class='ocrx_word' id='word_1_457' title='bbox 1394 4792 1609 4862; x_wconf 85' lang='grc' dir='ltr'>καθαρά</span> <span class='ocrx_word' id='word_1_458' title='bbox 1629 4794 1720 4845; x_wconf 76' lang='grc' dir='ltr'>καὶ</span> 
     </span>
    </p>
   </div>
   <div class='ocr_carea' id='block_1_66' title="bbox 112 4886 1720 4959">
    <p class='ocr_par' dir='ltr' id='par_1_66' title="bbox 112 4886 1720 4959">
     <span class='ocr_line' id='line_1_66' title="bbox 112 4886 1720 4959; baseline -0.002 -16"><span class='ocrx_word' id='word_1_459' title='bbox 112 4893 379 4959; x_wconf 75' lang='grc' dir='ltr'>ἀμίαντος</span> <span class='ocrx_word' id='word_1_460' title='bbox 436 4889 523 4958; x_wconf 77' lang='grc' dir='ltr'>τῷ</span> <span class='ocrx_word' id='word_1_461' title='bbox 567 4886 690 4957; x_wconf 80' lang='grc' dir='ltr'><strong>Θεῷ</strong></span> <span class='ocrx_word' id='word_1_462' title='bbox 724 4887 817 4941; x_wconf 77' lang='grc' dir='ltr'><strong>καὶ</strong></span> <span class='ocrx_word' id='word_1_463' title='bbox 865 4891 1038 4958; x_wconf 83' lang='grc' dir='ltr'>Πατρ“ι</span> <span class='ocrx_word' id='word_1_464' title='bbox 1073 4886 1213 4956; x_wconf 80' lang='grc' dir='ltr'>αὓτη</span> <span class='ocrx_word' id='word_1_465' title='bbox 1258 4887 1406 4938; x_wconf 76' lang='grc' dir='ltr'>ἐστίν</span> <span class='ocrx_word' id='word_1_466' title='bbox 1446 4905 1460 4920; x_wconf 71' lang='grc' dir='ltr'><em>υ</em></span> <span class='ocrx_word' id='word_1_467' title='bbox 1497 4889 1720 4940; x_wconf 79' lang='grc' dir='ltr'>ἐπισκέ-</span> 
     </span>
    </p>
   </div>
   <div class='ocr_carea' id='block_1_67' title="bbox 112 4981 1717 5055">
    <p class='ocr_par' dir='ltr' id='par_1_67' title="bbox 112 4981 1717 5055">
     <span class='ocr_line' id='line_1_67' title="bbox 112 4981 1717 5055; baseline 0.001 -24"><span class='ocrx_word' id='word_1_468' title='bbox 112 4983 346 5055; x_wconf 71' lang='grc' dir='ltr'>πτεσθαι</span> <span class='ocrx_word' id='word_1_469' title='bbox 394 4982 692 5051; x_wconf 63' lang='grc' dir='ltr'>ὀρφανοὺς</span> <span class='ocrx_word' id='word_1_470' title='bbox 726 4982 817 5035; x_wconf 75' lang='grc' dir='ltr'><strong>καὶ</strong></span> <span class='ocrx_word' id='word_1_471' title='bbox 875 4982 1051 5049; x_wconf 86' lang='grc' dir='ltr'>χήρας</span> <span class='ocrx_word' id='word_1_472' title='bbox 1088 4983 1145 5034; x_wconf 83' lang='grc' dir='ltr'>ὲν</span> <span class='ocrx_word' id='word_1_473' title='bbox 1198 4983 1263 5050; x_wconf 78' lang='grc' dir='ltr'>τῇ</span> <span class='ocrx_word' id='word_1_474' title='bbox 1306 4981 1480 5049; x_wconf 69' lang='grc' dir='ltr'>θλίψει</span> <span class='ocrx_word' id='word_1_475' title='bbox 1513 4983 1717 5045; x_wconf 83' lang='grc' dir='ltr'>αὐτῶν,</span> 
     </span>
    </p>
   </div>
   <div class='ocr_carea' id='block_1_68' title="bbox 110 5075 1715 5147">
    <p class='ocr_par' dir='ltr' id='par_1_68' title="bbox 110 5075 1715 5147">
     <span class='ocr_line' id='line_1_68' title="bbox 110 5075 1715 5147; baseline 0 -18"><span class='ocrx_word' id='word_1_476' title='bbox 110 5076 342 5130; x_wconf 67' lang='grc' dir='ltr'>ἄσπιλον</span> <span class='ocrx_word' id='word_1_477' title='bbox 362 5075 580 5128; x_wconf 81' lang='grc' dir='ltr'>ἑαυτὸν</span> <span class='ocrx_word' id='word_1_478' title='bbox 612 5078 798 5144; x_wconf 79' lang='grc' dir='ltr'>τηρεῖν</span> <span class='ocrx_word' id='word_1_479' title='bbox 822 5075 928 5127; x_wconf 75' lang='grc' dir='ltr'>ἀπὸ</span> <span class='ocrx_word' id='word_1_480' title='bbox 957 5075 1051 5128; x_wconf 79' lang='grc' dir='ltr'><strong>τοῦ</strong></span> <span class='ocrx_word' id='word_1_481' title='bbox 1073 5075 1300 5143; x_wconf 80' lang='grc' dir='ltr'>κόσμου.</span> <span class='ocrx_word' id='word_1_482' title='bbox 1335 5094 1355 5128; x_wconf 78' lang='grc' dir='ltr'><strong>ι</strong></span> <span class='ocrx_word' id='word_1_483' title='bbox 1380 5076 1606 5147; x_wconf 78' lang='grc' dir='ltr'>Ἐπίσης</span> <span class='ocrx_word' id='word_1_484' title='bbox 1626 5095 1715 5130; x_wconf 78' lang='grc' dir='ltr'>κε-</span> 
     </span>
    </p>
   </div>
   <div class='ocr_carea' id='block_1_69' title="bbox 110 5167 1715 5241">
    <p class='ocr_par' dir='ltr' id='par_1_69' title="bbox 110 5167 1715 5241">
     <span class='ocr_line' id='line_1_69' title="bbox 110 5167 1715 5241; baseline 0.003 -22"><span class='ocrx_word' id='word_1_485' title='bbox 110 5170 249 5224; x_wconf 76' lang='grc' dir='ltr'>λεύει</span> <span class='ocrx_word' id='word_1_486' title='bbox 285 5174 390 5227; x_wconf 79' lang='grc' dir='ltr'>καὶ</span> <span class='ocrx_word' id='word_1_487' title='bbox 415 5169 521 5223; x_wconf 76' lang='grc' dir='ltr'>τοῦ</span> <span class='ocrx_word' id='word_1_488' title='bbox 556 5168 767 5235; x_wconf 81' lang='grc' dir='ltr'>κόσμου</span> <span class='ocrx_word' id='word_1_489' title='bbox 814 5169 1166 5236; x_wconf 79' lang='grc' dir='ltr'>ἀφίστασθαι,</span> <span class='ocrx_word' id='word_1_490' title='bbox 1220 5170 1317 5220; x_wconf 75' lang='grc' dir='ltr'>καὶ</span> <span class='ocrx_word' id='word_1_491' title='bbox 1371 5167 1446 5239; x_wconf 85' lang='grc' dir='ltr'><strong>τῷ</strong></span> <span class='ocrx_word' id='word_1_492' title='bbox 1488 5173 1715 5241; x_wconf 82' lang='grc' dir='ltr'>πλησίον</span> 
     </span>
    </p>
   </div>
   <div class='ocr_carea' id='block_1_70' title="bbox 112 5261 1714 5332">
    <p class='ocr_par' dir='ltr' id='par_1_70' title="bbox 112 5261 1714 5332">
     <span class='ocr_line' id='line_1_70' title="bbox 112 5261 1714 5332; baseline 0.001 -18"><span class='ocrx_word' id='word_1_493' title='bbox 112 5264 525 5332; x_wconf 69' lang='grc' dir='ltr'>προστίθεσθαι</span> <span class='ocrx_word' id='word_1_494' title='bbox 555 5277 573 5292; x_wconf 79' lang='grc'><strong><em>⁸</em></strong></span> <span class='ocrx_word' id='word_1_495' title='bbox 626 5261 745 5321; x_wconf 71' lang='grc' dir='ltr'>ταῖς</span> <span class='ocrx_word' id='word_1_496' title='bbox 773 5261 898 5329; x_wconf 60' lang='grc' dir='ltr'>γάρ</span> <span class='ocrx_word' id='word_1_497' title='bbox 961 5261 1265 5331; x_wconf 76' lang='grc' dir='ltr'>ἀληθείαις,</span> <span class='ocrx_word' id='word_1_498' title='bbox 1327 5263 1439 5314; x_wconf 75' lang='grc' dir='ltr'>τότε</span> <span class='ocrx_word' id='word_1_499' title='bbox 1475 5264 1714 5331; x_wconf 81' lang='grc' dir='ltr'>γνησίως</span> 
     </span>
    </p>
   </div>
   <div class='ocr_carea' id='block_1_71' title="bbox 110 5354 1707 5425">
    <p class='ocr_par' dir='ltr' id='par_1_71' title="bbox 110 5354 1707 5425">
     <span class='ocr_line' id='line_1_71' title="bbox 110 5354 1707 5425; baseline -0.001 -16"><span class='ocrx_word' id='word_1_500' title='bbox 110 5358 218 5420; x_wconf 83' lang='grc' dir='ltr'>τοῖς</span> <span class='ocrx_word' id='word_1_501' title='bbox 251 5357 531 5425; x_wconf 72' lang='grc' dir='ltr'>ἀδελφοῖς</span> <span class='ocrx_word' id='word_1_502' title='bbox 591 5354 1053 5423; x_wconf 74' lang='grc' dir='ltr'>συμπαθὴσομεν,</span> <span class='ocrx_word' id='word_1_503' title='bbox 1108 5356 1198 5407; x_wconf 82' lang='grc' dir='ltr'><strong>ὅτε</strong></span> <span class='ocrx_word' id='word_1_504' title='bbox 1251 5355 1353 5424; x_wconf 72' lang='grc' dir='ltr'><strong>τῆς</strong></span> <span class='ocrx_word' id='word_1_505' title='bbox 1380 5356 1475 5407; x_wconf 76' lang='grc' dir='ltr'>τοῦ</span> <span class='ocrx_word' id='word_1_506' title='bbox 1504 5358 1707 5425; x_wconf 80' lang='grc' dir='ltr'>κόσμον</span> 
     </span>
    </p>
   </div>
   <div class='ocr_carea' id='block_1_72' title="bbox 112 5447 1705 5518">
    <p class='ocr_par' dir='ltr' id='par_1_72' title="bbox 112 5447 1705 5518">
     <span class='ocr_line' id='line_1_72' title="bbox 112 5447 1705 5518; baseline -0.001 -19"><span class='ocrx_word' id='word_1_507' title='bbox 112 5449 514 5515; x_wconf 76' lang='grc' dir='ltr'>προσπαθείας</span> <span class='ocrx_word' id='word_1_508' title='bbox 570 5447 790 5507; x_wconf 66' lang='grc' dir='ltr'>ἑαυτοῖς</span> <span class='ocrx_word' id='word_1_509' title='bbox 842 5447 1249 5518; x_wconf 74' lang='grc' dir='ltr'>ἁπορῤήξομεν.</span> <span class='ocrx_word' id='word_1_510' title='bbox 1284 5447 1373 5518; x_wconf 69' lang='grc' dir='ltr'><strong>Τῷ</strong></span> <span class='ocrx_word' id='word_1_511' title='bbox 1412 5451 1466 5502; x_wconf 62' lang='grc' dir='ltr'>δὲ</span> <span class='ocrx_word' id='word_1_512' title='bbox 1509 5453 1705 5514; x_wconf 71' lang='grc' dir='ltr'>εἰπεῖν,</span> 
     </span>
    </p>
   </div>
   <div class='ocr_carea' id='block_1_73' title="bbox 118 5538 1709 5614">
    <p class='ocr_par' dir='ltr' id='par_1_73' title="bbox 118 5538 1709 5614">
     <span class='ocr_line' id='line_1_73' title="bbox 118 5538 1709 5614; baseline 0.004 -21"><span class='ocrx_word' id='word_1_513' title='bbox 118 5561 136 5593; x_wconf 75' lang='grc' dir='ltr'><strong>ι</strong></span> <span class='ocrx_word' id='word_1_514' title='bbox 165 5544 257 5614; x_wconf 68' lang='grc' dir='ltr'>κὴ</span> <span class='ocrx_word' id='word_1_515' title='bbox 292 5546 355 5593; x_wconf 79' lang='grc' dir='ltr'>ὲν</span> <span class='ocrx_word' id='word_1_516' title='bbox 386 5538 898 5608; x_wconf 78' lang='grc' dir='ltr'>προσωποληψίαις</span> <span class='ocrx_word' id='word_1_517' title='bbox 930 5541 1104 5608; x_wconf 76' lang='grc' dir='ltr'>ἔχετε,</span> <span class='ocrx_word' id='word_1_518' title='bbox 1136 5542 1372 5610; x_wconf 67' lang='grc' dir='ltr'>ἀδελφοὶ,</span> <span class='ocrx_word' id='word_1_519' title='bbox 1406 5546 1501 5613; x_wconf 75' lang='grc' dir='ltr'><strong>τὴν</strong></span> <span class='ocrx_word' id='word_1_520' title='bbox 1522 5549 1709 5599; x_wconf 83' lang='grc' dir='ltr'>πίστιν</span> 
     </span>
    </p>
   </div>
   <div class='ocr_carea' id='block_1_74' title="bbox 110 5634 1709 5713">
    <p class='ocr_par' dir='ltr' id='par_1_74' title="bbox 110 5634 1709 5713">
     <span class='ocr_line' id='line_1_74' title="bbox 110 5634 1709 5713; baseline 0.006 -26"><span class='ocrx_word' id='word_1_521' title='bbox 110 5641 197 5694; x_wconf 67' lang='grc' dir='ltr'><strong>τοῦ</strong></span> <span class='ocrx_word' id='word_1_522' title='bbox 221 5640 445 5713; x_wconf 73' lang='grc' dir='ltr'>κυρίου</span> <span class='ocrx_word' id='word_1_523' title='bbox 481 5634 842 5707; x_wconf 78' lang='grc' dir='ltr'>ήμῶνΊησοῦ</span> <span class='ocrx_word' id='word_1_524' title='bbox 872 5635 1107 5707; x_wconf 76' lang='grc' dir='ltr'>Χριστοῦ</span> <span class='ocrx_word' id='word_1_525' title='bbox 1125 5637 1215 5703; x_wconf 85' lang='grc' dir='ltr'><strong>τῆς</strong></span> <span class='ocrx_word' id='word_1_526' title='bbox 1250 5638 1426 5708; x_wconf 33' lang='grc' dir='ltr'>δνίξης,</span> <span class='ocrx_word' id='word_1_527' title='bbox 1458 5661 1475 5692; x_wconf 79' lang='grc' dir='ltr'><strong>ι</strong></span> <span class='ocrx_word' id='word_1_528' title='bbox 1498 5644 1555 5696; x_wconf 71' lang='grc' dir='ltr'>τὸ</span> <span class='ocrx_word' id='word_1_529' title='bbox 1584 5647 1709 5697; x_wconf 79' lang='grc' dir='ltr'>κατ’</span> 
     </span>
    </p>
   </div>
   <div class='ocr_carea' id='block_1_75' title="bbox 194 5756 756 5825">
    <p class='ocr_par' dir='ltr' id='par_1_75' title="bbox 194 5756 756 5825">
     <span class='ocr_line' id='line_1_75' title="bbox 194 5756 756 5825; baseline 0.007 -10"><span class='ocrx_word' id='word_1_530' title='bbox 194 5762 211 5792; x_wconf 86' lang='grc'><strong><em>⁸</em></strong></span> <span class='ocrx_word' id='word_1_531' title='bbox 242 5762 368 5815; x_wconf 72' lang='lat' dir='ltr'><strong>Jac.</strong></span> <span class='ocrx_word' id='word_1_532' title='bbox 405 5775 473 5824; x_wconf 83' lang='grc' dir='ltr'><strong>ιι,</strong></span> <span class='ocrx_word' id='word_1_533' title='bbox 533 5756 558 5810; x_wconf 74' lang='grc' dir='ltr'>ί</span> <span class='ocrx_word' id='word_1_534' title='bbox 603 5770 756 5825; x_wconf 80' lang='lat' dir='ltr'><strong>seqq-</strong></span> 
     </span>
    </p>
   </div>
   <div class='ocr_carea' id='block_1_76' title="bbox 1836 2000 3418 2074">
    <p class='ocr_par' dir='ltr' id='par_1_76' title="bbox 1836 2000 3418 2074">
     <span class='ocr_line' id='line_1_76' title="bbox 1836 2000 3418 2074; baseline 0.009 -19"><span class='ocrx_word' id='word_1_535' title='bbox 1836 2000 2017 2068; x_wconf 81' lang='lat' dir='ltr'><strong>justus</strong></span> <span class='ocrx_word' id='word_1_536' title='bbox 2040 2001 2185 2069; x_wconf 87' lang='lat' dir='ltr'><strong>juste</strong></span> <span class='ocrx_word' id='word_1_537' title='bbox 2210 2005 2475 2074; x_wconf 86' lang='lat' dir='ltr'><strong>judicavit</strong></span> <span class='ocrx_word' id='word_1_538' title='bbox 2531 2011 2673 2061; x_wconf 78' lang='lat' dir='ltr'><strong>inter</strong></span> <span class='ocrx_word' id='word_1_539' title='bbox 2706 2011 2954 2065; x_wconf 87' lang='lat' dir='ltr'><strong>homines</strong></span> <span class='ocrx_word' id='word_1_540' title='bbox 2989 2021 3041 2064; x_wconf 90' lang='lat' dir='ltr'><strong>et</strong></span> <span class='ocrx_word' id='word_1_541' title='bbox 3075 2012 3239 2065; x_wconf 89' lang='lat' dir='ltr'><strong>Deum</strong></span> <span class='ocrx_word' id='word_1_542' title='bbox 3294 2032 3307 2068; x_wconf 89' lang='lat'>:</span> <span class='ocrx_word' id='word_1_543' title='bbox 3343 2014 3418 2069; x_wconf 87' lang='lat' dir='ltr'><strong>illi</strong></span> 
     </span>
    </p>
   </div>
   <div class='ocr_carea' id='block_1_77' title="bbox 1838 2091 3423 2166">
    <p class='ocr_par' dir='ltr' id='par_1_77' title="bbox 1838 2091 3423 2166">
     <span class='ocr_line' id='line_1_77' title="bbox 1838 2091 3423 2166; baseline 0.007 -22"><span class='ocrx_word' id='word_1_544' title='bbox 1838 2091 2052 2158; x_wconf 85' lang='lat' dir='ltr'><strong>quidem</strong></span> <span class='ocrx_word' id='word_1_545' title='bbox 2106 2108 2202 2145; x_wconf 88' lang='lat' dir='ltr'><strong>suo</strong></span> <span class='ocrx_word' id='word_1_546' title='bbox 2251 2097 2558 2150; x_wconf 89' lang='lat' dir='ltr'><strong>testimonio</strong></span> <span class='ocrx_word' id='word_1_547' title='bbox 2606 2098 2863 2165; x_wconf 90' lang='lat' dir='ltr'><strong>tribuens,</strong></span> <span class='ocrx_word' id='word_1_548' title='bbox 2916 2101 3056 2166; x_wconf 87' lang='lat' dir='ltr'><strong>quod</strong></span> <span class='ocrx_word' id='word_1_549' title='bbox 3115 2116 3217 2153; x_wconf 88' lang='lat' dir='ltr'><strong>non</strong></span> <span class='ocrx_word' id='word_1_550' title='bbox 3276 2111 3423 2156; x_wconf 84' lang='lat' dir='ltr'><strong>esset</strong></span> 
     </span>
    </p>
   </div>
   <div class='ocr_carea' id='block_1_78' title="bbox 1839 2181 3420 2258">
    <p class='ocr_par' dir='ltr' id='par_1_78' title="bbox 1839 2181 3420 2258">
     <span class='ocr_line' id='line_1_78' title="bbox 1839 2181 3420 2258; baseline 0.009 -29"><span class='ocrx_word' id='word_1_551' title='bbox 1839 2189 2025 2231; x_wconf 78' lang='lat' dir='ltr'><strong>auctor</strong></span> <span class='ocrx_word' id='word_1_552' title='bbox 2081 2181 2379 2249; x_wconf 87' lang='lat' dir='ltr'><strong>malorum,</strong></span> <span class='ocrx_word' id='word_1_553' title='bbox 2428 2196 2481 2237; x_wconf 89' lang='lat' dir='ltr'><strong>et</strong></span> <span class='ocrx_word' id='word_1_554' title='bbox 2545 2188 2739 2255; x_wconf 68' lang='lat' dir='ltr'><strong>linguis</strong></span> <span class='ocrx_word' id='word_1_555' title='bbox 2812 2190 3124 2257; x_wconf 84' lang='lat' dir='ltr'><strong>loquacibus</strong></span> <span class='ocrx_word' id='word_1_556' title='bbox 3197 2206 3420 2258; x_wconf 87' lang='lat' dir='ltr'><strong>persua-</strong></span> 
     </span>
    </p>
   </div>
   <div class='ocr_carea' id='block_1_79' title="bbox 1839 2275 3417 2347">
    <p class='ocr_par' dir='ltr' id='par_1_79' title="bbox 1839 2275 3417 2347">
     <span class='ocr_line' id='line_1_79' title="bbox 1839 2275 3417 2347; baseline 0.01 -24"><span class='ocrx_word' id='word_1_557' title='bbox 1839 2275 2005 2336; x_wconf 83' lang='lat' dir='ltr'><strong>dens,</strong></span> <span class='ocrx_word' id='word_1_558' title='bbox 2046 2282 2103 2324; x_wconf 91' lang='lat' dir='ltr'><strong>ut</strong></span> <span class='ocrx_word' id='word_1_559' title='bbox 2156 2281 2431 2341; x_wconf 82' lang='lat' dir='ltr'><strong>tacerent;</strong></span> <span class='ocrx_word' id='word_1_560' title='bbox 2483 2276 2716 2333; x_wconf 85' lang='lat' dir='ltr'><strong>eiliciens</strong></span> <span class='ocrx_word' id='word_1_561' title='bbox 2772 2291 2990 2347; x_wconf 87' lang='lat' dir='ltr'><strong>autem,</strong></span> <span class='ocrx_word' id='word_1_562' title='bbox 3056 2290 3115 2336; x_wconf 90' lang='lat' dir='ltr'><strong>ut</strong></span> <span class='ocrx_word' id='word_1_563' title='bbox 3168 2282 3417 2338; x_wconf 83' lang='lat' dir='ltr'><strong>homines</strong></span> 
     </span>
    </p>
   </div>
   <div class='ocr_carea' id='block_1_80' title="bbox 1838 2369 3414 2444">
    <p class='ocr_par' dir='ltr' id='par_1_80' title="bbox 1838 2369 3414 2444">
     <span class='ocr_line' id='line_1_80' title="bbox 1838 2369 3414 2444; baseline 0.008 -29"><span class='ocrx_word' id='word_1_564' title='bbox 1838 2378 1988 2418; x_wconf 77' lang='lat' dir='ltr'><strong>suam</strong></span> <span class='ocrx_word' id='word_1_565' title='bbox 2040 2377 2395 2433; x_wconf 76' lang='lat' dir='ltr'><strong>agnoscerent</strong></span> <span class='ocrx_word' id='word_1_566' title='bbox 2446 2369 2869 2425; x_wconf 82' lang='lat' dir='ltr'><strong>imbecillitatem</strong></span> <span class='ocrx_word' id='word_1_567' title='bbox 2925 2382 2978 2426; x_wconf 91' lang='lat' dir='ltr'><strong>et</strong></span> <span class='ocrx_word' id='word_1_568' title='bbox 3032 2390 3126 2428; x_wconf 89' lang='lat' dir='ltr'><strong>sua</strong></span> <span class='ocrx_word' id='word_1_569' title='bbox 3154 2383 3414 2444; x_wconf 80' lang='lat' dir='ltr'><strong>peccata;</strong></span> 
     </span>
    </p>
   </div>
   <div class='ocr_carea' id='block_1_81' title="bbox 1837 2458 3418 2536">
    <p class='ocr_par' dir='ltr' id='par_1_81' title="bbox 1837 2458 3418 2536">
     <span class='ocr_line' id='line_1_81' title="bbox 1837 2458 3418 2536; baseline 0.008 -27"><span class='ocrx_word' id='word_1_570' title='bbox 1837 2464 1890 2509; x_wconf 90' lang='lat' dir='ltr'><strong>et</strong></span> <span class='ocrx_word' id='word_1_571' title='bbox 1921 2464 1976 2509; x_wconf 91' lang='lat' dir='ltr'><strong>ut</strong></span> <span class='ocrx_word' id='word_1_572' title='bbox 2012 2458 2137 2522; x_wconf 84' lang='lat' dir='ltr'><strong>sibi,</strong></span> <span class='ocrx_word' id='word_1_573' title='bbox 2167 2469 2218 2512; x_wconf 89' lang='lat' dir='ltr'><strong>et</strong></span> <span class='ocrx_word' id='word_1_574' title='bbox 2247 2475 2349 2513; x_wconf 92' lang='lat' dir='ltr'><strong>non</strong></span> <span class='ocrx_word' id='word_1_575' title='bbox 2382 2460 2512 2526; x_wconf 90' lang='lat' dir='ltr'><strong>Deo,</strong></span> <span class='ocrx_word' id='word_1_576' title='bbox 2558 2466 2892 2519; x_wconf 82' lang='lat' dir='ltr'><strong>ascriberent</strong></span> <span class='ocrx_word' id='word_1_577' title='bbox 2930 2466 3145 2531; x_wconf 86' lang='lat' dir='ltr'><strong>delicta,</strong></span> <span class='ocrx_word' id='word_1_578' title='bbox 3179 2483 3299 2536; x_wconf 79' lang='lat' dir='ltr'><strong>qua:</strong></span> <span class='ocrx_word' id='word_1_579' title='bbox 3350 2483 3418 2522; x_wconf 88' lang='lat' dir='ltr'><strong>ex</strong></span> 
     </span>
    </p>
   </div>
   <div class='ocr_carea' id='block_1_82' title="bbox 1839 2550 3421 2624">
    <p class='ocr_par' dir='ltr' id='par_1_82' title="bbox 1839 2550 3421 2624">
     <span class='ocr_line' id='line_1_82' title="bbox 1839 2550 3421 2624; baseline 0.009 -25"><span class='ocrx_word' id='word_1_580' title='bbox 1839 2550 1976 2601; x_wconf 84' lang='lat' dir='ltr'><strong>mala</strong></span> <span class='ocrx_word' id='word_1_581' title='bbox 2044 2554 2437 2606; x_wconf 88' lang='lat' dir='ltr'><strong>consuetudine</strong></span> <span class='ocrx_word' id='word_1_582' title='bbox 2512 2556 2835 2621; x_wconf 83' lang='lat' dir='ltr'><strong>proveniunt</strong></span> <span class='ocrx_word' id='word_1_583' title='bbox 2896 2568 2951 2613; x_wconf 89' lang='lat' dir='ltr'><strong>et</strong></span> <span class='ocrx_word' id='word_1_584' title='bbox 3007 2560 3302 2624; x_wconf 83' lang='lat' dir='ltr'><strong>socordia,</strong></span> <span class='ocrx_word' id='word_1_585' title='bbox 3362 2568 3421 2614; x_wconf 86' lang='lat' dir='ltr'><strong>et</strong></span> 
     </span>
    </p>
   </div>
   <div class='ocr_carea' id='block_1_83' title="bbox 1836 2640 3414 2720">
    <p class='ocr_par' dir='ltr' id='par_1_83' title="bbox 1836 2640 3414 2720">
     <span class='ocr_line' id='line_1_83' title="bbox 1836 2640 3414 2720; baseline 0.009 -29"><span class='ocrx_word' id='word_1_586' title='bbox 1836 2641 1913 2692; x_wconf 90' lang='lat' dir='ltr'><strong>sic</strong></span> <span class='ocrx_word' id='word_1_587' title='bbox 1942 2640 2217 2695; x_wconf 86' lang='lat' dir='ltr'><strong>discerent</strong></span> <span class='ocrx_word' id='word_1_588' title='bbox 2245 2658 2304 2698; x_wconf 90' lang='lat' dir='ltr'><strong>se</strong></span> <span class='ocrx_word' id='word_1_589' title='bbox 2334 2644 2614 2699; x_wconf 89' lang='lat' dir='ltr'><strong>humiliter</strong></span> <span class='ocrx_word' id='word_1_590' title='bbox 2642 2663 2853 2717; x_wconf 89' lang='lat' dir='ltr'><strong>gerere,</strong></span> <span class='ocrx_word' id='word_1_591' title='bbox 2888 2661 2939 2703; x_wconf 89' lang='lat' dir='ltr'><strong>et</strong></span> <span class='ocrx_word' id='word_1_592' title='bbox 2972 2662 3152 2720; x_wconf 88' lang='lat' dir='ltr'><strong>petere</strong></span> <span class='ocrx_word' id='word_1_593' title='bbox 3179 2654 3414 2705; x_wconf 78' lang='lat' dir='ltr'><strong>veniam.</strong></span> 
     </span>
    </p>
   </div>
   <div class='ocr_carea' id='block_1_84' title="bbox 1909 2905 3415 2984">
    <p class='ocr_par' dir='ltr' id='par_1_84' title="bbox 1909 2905 3415 2984">
     <span class='ocr_line' id='line_1_84' title="bbox 1909 2905 3415 2984; baseline 0.009 -27"><span class='ocrx_word' id='word_1_594' title='bbox 1909 2905 2040 2958; x_wconf 69' lang='lat' dir='ltr'><strong>Vill.</strong></span> <span class='ocrx_word' id='word_1_595' title='bbox 2072 2906 2342 2961; x_wconf 71' lang='lat' dir='ltr'><strong>Praeterea</strong></span> <span class='ocrx_word' id='word_1_596' title='bbox 2371 2908 2806 2976; x_wconf 82' lang='lat' dir='ltr'><strong>videbisjustum</strong></span> <span class='ocrx_word' id='word_1_597' title='bbox 2839 2912 3112 2981; x_wconf 89' lang='lat' dir='ltr'><strong>sapienter</strong></span> <span class='ocrx_word' id='word_1_598' title='bbox 3144 2919 3415 2984; x_wconf 77' lang='lat' dir='ltr'><strong>perlmen~</strong></span> 
     </span>
    </p>
   </div>
   <div class='ocr_carea' id='block_1_85' title="bbox 1835 2998 3410 3071">
    <p class='ocr_par' dir='ltr' id='par_1_85' title="bbox 1835 2998 3410 3071">
     <span class='ocr_line' id='line_1_85' title="bbox 1835 2998 3410 3071; baseline 0.008 -24"><span class='ocrx_word' id='word_1_599' title='bbox 1835 3003 1940 3049; x_wconf 83' lang='lat' dir='ltr'><strong>tem</strong></span> <span class='ocrx_word' id='word_1_600' title='bbox 1972 2998 2334 3067; x_wconf 80' lang='lat' dir='ltr'><strong>arrogantiam</strong></span> <span class='ocrx_word' id='word_1_601' title='bbox 2364 3010 2415 3052; x_wconf 86' lang='lat' dir='ltr'><strong>et</strong></span> <span class='ocrx_word' id='word_1_602' title='bbox 2445 3002 2773 3067; x_wconf 86' lang='lat' dir='ltr'><strong>superbiam,</strong></span> <span class='ocrx_word' id='word_1_603' title='bbox 2801 3018 2917 3068; x_wconf 69' lang='lat' dir='ltr'><strong>qua:</strong></span> <span class='ocrx_word' id='word_1_604' title='bbox 2942 3008 3183 3071; x_wconf 84' lang='lat' dir='ltr'><strong>sequitur</strong></span> <span class='ocrx_word' id='word_1_605' title='bbox 3213 3008 3410 3060; x_wconf 87' lang='lat' dir='ltr'><strong>bonum</strong></span> 
     </span>
    </p>
   </div>
   <div class='ocr_carea' id='block_1_86' title="bbox 1835 3092 3413 3166">
    <p class='ocr_par' dir='ltr' id='par_1_86' title="bbox 1835 3092 3413 3166">
     <span class='ocr_line' id='line_1_86' title="bbox 1835 3092 3413 3166; baseline 0.005 -24"><span class='ocrx_word' id='word_1_606' title='bbox 1835 3098 1980 3143; x_wconf 86' lang='lat' dir='ltr'><strong>recte</strong></span> <span class='ocrx_word' id='word_1_607' title='bbox 2014 3100 2245 3161; x_wconf 87' lang='lat' dir='ltr'><strong>gestum,</strong></span> <span class='ocrx_word' id='word_1_608' title='bbox 2291 3100 2344 3145; x_wconf 87' lang='lat' dir='ltr'><strong>et</strong></span> <span class='ocrx_word' id='word_1_609' title='bbox 2398 3092 2812 3161; x_wconf 80' lang='lat' dir='ltr'><strong>persuadentem</strong></span> <span class='ocrx_word' id='word_1_610' title='bbox 2857 3093 2966 3147; x_wconf 89' lang='lat' dir='ltr'><strong>Deo</strong></span> <span class='ocrx_word' id='word_1_611' title='bbox 3018 3095 3196 3162; x_wconf 83' lang='lat' dir='ltr'><strong>potius</strong></span> <span class='ocrx_word' id='word_1_612' title='bbox 3252 3113 3413 3166; x_wconf 86' lang='lat' dir='ltr'><strong>quam</strong></span> 
     </span>
    </p>
   </div>
   <div class='ocr_carea' id='block_1_87' title="bbox 1833 3182 3417 3253">
    <p class='ocr_par' dir='ltr' id='par_1_87' title="bbox 1833 3182 3417 3253">
     <span class='ocr_line' id='line_1_87' title="bbox 1833 3182 3417 3253; baseline 0.006 -19"><span class='ocrx_word' id='word_1_613' title='bbox 1833 3182 1934 3234; x_wconf 83' lang='lat' dir='ltr'><strong>sibi</strong></span> <span class='ocrx_word' id='word_1_614' title='bbox 1986 3185 2121 3252; x_wconf 89' lang='lat' dir='ltr'><strong>ipsis</strong></span> <span class='ocrx_word' id='word_1_615' title='bbox 2154 3184 2451 3248; x_wconf 86' lang='lat' dir='ltr'><strong>ascribere,</strong></span> <span class='ocrx_word' id='word_1_616' title='bbox 2492 3186 2630 3253; x_wconf 87' lang='lat' dir='ltr'><strong>quod</strong></span> <span class='ocrx_word' id='word_1_617' title='bbox 2674 3186 2827 3241; x_wconf 83' lang='lat' dir='ltr'><strong>luerit</strong></span> <span class='ocrx_word' id='word_1_618' title='bbox 2859 3197 3003 3241; x_wconf 87' lang='lat' dir='ltr'><strong>recte</strong></span> <span class='ocrx_word' id='word_1_619' title='bbox 3031 3185 3256 3242; x_wconf 74' lang='lat' dir='ltr'><strong>factum.</strong></span> <span class='ocrx_word' id='word_1_620' title='bbox 3294 3208 3313 3241; x_wconf 79' lang='grc' dir='ltr'><strong>ι</strong></span> <span class='ocrx_word' id='word_1_621' title='bbox 3338 3186 3417 3245; x_wconf 79' lang='lat' dir='ltr'><strong>Ne</strong></span> 
     </span>
    </p>
   </div>
   <div class='ocr_carea' id='block_1_88' title="bbox 1832 3275 3416 3344">
    <p class='ocr_par' dir='ltr' id='par_1_88' title="bbox 1832 3275 3416 3344">
     <span class='ocr_line' id='line_1_88' title="bbox 1832 3275 3416 3344; baseline 0.007 -19"><span class='ocrx_word' id='word_1_622' title='bbox 1832 3275 2024 3326; x_wconf 87' lang='lat' dir='ltr'><strong>erretis</strong></span> <span class='ocrx_word' id='word_1_623' title='bbox 2080 3275 2262 3343; x_wconf 83' lang='lat' dir='ltr'><strong>igitur,</strong></span> <span class='ocrx_word' id='word_1_624' title='bbox 2312 3276 2507 3344; x_wconf 86' lang='lat' dir='ltr'><strong>inquit,</strong></span> <span class='ocrx_word' id='word_1_625' title='bbox 2547 3278 2745 3331; x_wconf 78' lang='lat' dir='ltr'><strong>fratres</strong></span> <span class='ocrx_word' id='word_1_626' title='bbox 2800 3278 2904 3331; x_wconf 88' lang='lat' dir='ltr'><strong>mei</strong></span> <span class='ocrx_word' id='word_1_627' title='bbox 2974 3280 3209 3333; x_wconf 88' lang='lat' dir='ltr'><strong>dilecti:</strong></span> <span class='ocrx_word' id='word_1_628' title='bbox 3254 3296 3416 3336; x_wconf 86' lang='lat' dir='ltr'><strong>omne</strong></span> 
     </span>
    </p>
   </div>
   <div class='ocr_carea' id='block_1_89' title="bbox 1826 3361 3414 3438">
    <p class='ocr_par' dir='ltr' id='par_1_89' title="bbox 1826 3361 3414 3438">
     <span class='ocr_line' id='line_1_89' title="bbox 1826 3361 3414 3438; baseline 0.008 -21"><span class='ocrx_word' id='word_1_629' title='bbox 1826 3361 2032 3418; x_wconf 90' lang='lat' dir='ltr'><strong>donum</strong></span> <span class='ocrx_word' id='word_1_630' title='bbox 2088 3362 2292 3418; x_wconf 90' lang='lat' dir='ltr'><strong>bonum</strong></span> <span class='ocrx_word' id='word_1_631' title='bbox 2324 3406 2338 3430; x_wconf 93' lang='lat'><strong>,</strong></span> <span class='ocrx_word' id='word_1_632' title='bbox 2368 3375 2422 3420; x_wconf 88' lang='lat' dir='ltr'><strong>et</strong></span> <span class='ocrx_word' id='word_1_633' title='bbox 2475 3380 2638 3422; x_wconf 87' lang='lat' dir='ltr'><strong>omne</strong></span> <span class='ocrx_word' id='word_1_634' title='bbox 2676 3369 2861 3422; x_wconf 89' lang='lat' dir='ltr'><strong>datum</strong></span> <span class='ocrx_word' id='word_1_635' title='bbox 2922 3369 3215 3438; x_wconf 81' lang='lat' dir='ltr'><strong>perfectum</strong></span> <span class='ocrx_word' id='word_1_636' title='bbox 3248 3410 3265 3436; x_wconf 90' lang='lat'><strong>,</strong></span> <span class='ocrx_word' id='word_1_637' title='bbox 3319 3373 3414 3430; x_wconf 87' lang='lat' dir='ltr'><strong>de-</strong></span> 
     </span>
    </p>
   </div>
   <div class='ocr_carea' id='block_1_90' title="bbox 1827 3458 3410 3534">
    <p class='ocr_par' dir='ltr' id='par_1_90' title="bbox 1827 3458 3410 3534">
     <span class='ocr_line' id='line_1_90' title="bbox 1827 3458 3410 3534; baseline 0.009 -28"><span class='ocrx_word' id='word_1_638' title='bbox 1827 3468 1993 3523; x_wconf 82' lang='lat' dir='ltr'><strong>super</strong></span> <span class='ocrx_word' id='word_1_639' title='bbox 2056 3458 2333 3512; x_wconf 85' lang='lat' dir='ltr'><strong>descendit</strong></span> <span class='ocrx_word' id='word_1_640' title='bbox 2394 3475 2421 3513; x_wconf 85' lang='lat' dir='ltr'><strong>a</strong></span> <span class='ocrx_word' id='word_1_641' title='bbox 2476 3458 2636 3515; x_wconf 87' lang='lat' dir='ltr'><strong>Patre</strong></span> <span class='ocrx_word' id='word_1_642' title='bbox 2698 3462 3012 3527; x_wconf 90' lang='lat' dir='ltr'><strong>luminum,</strong></span> <span class='ocrx_word' id='word_1_643' title='bbox 3058 3463 3197 3533; x_wconf 88' lang='lat' dir='ltr'><strong>apud</strong></span> <span class='ocrx_word' id='word_1_644' title='bbox 3250 3480 3410 3534; x_wconf 89' lang='lat' dir='ltr'><strong>quem</strong></span> 
     </span>
    </p>
   </div>
   <div class='ocr_carea' id='block_1_91' title="bbox 1828 3553 3410 3613">
    <p class='ocr_par' dir='ltr' id='par_1_91' title="bbox 1828 3553 3410 3613">
     <span class='ocr_line' id='line_1_91' title="bbox 1828 3553 3410 3613; baseline 0.006 -14"><span class='ocrx_word' id='word_1_645' title='bbox 1828 3562 1930 3600; x_wconf 91' lang='lat' dir='ltr'><strong>non</strong></span> <span class='ocrx_word' id='word_1_646' title='bbox 1978 3558 2063 3603; x_wconf 91' lang='lat' dir='ltr'><strong>est</strong></span> <span class='ocrx_word' id='word_1_647' title='bbox 2123 3553 2452 3613; x_wconf 83' lang='lat' dir='ltr'><strong>vicissitudo,</strong></span> <span class='ocrx_word' id='word_1_648' title='bbox 2485 3568 2584 3606; x_wconf 82' lang='lat' dir='ltr'><strong>nec</strong></span> <span class='ocrx_word' id='word_1_649' title='bbox 2632 3555 2943 3608; x_wconf 88' lang='lat' dir='ltr'><strong>mutationis</strong></span> <span class='ocrx_word' id='word_1_650' title='bbox 2994 3555 3337 3610; x_wconf 82' lang='lat' dir='ltr'><strong>obumbratio</strong></span> <span class='ocrx_word' id='word_1_651' title='bbox 3394 3570 3410 3608; x_wconf 90' lang='lat'><strong>:</strong></span> 
     </span>
    </p>
   </div>
   <div class='ocr_carea' id='block_1_92' title="bbox 1826 3641 3415 3714">
    <p class='ocr_par' dir='ltr' id='par_1_92' title="bbox 1826 3641 3415 3714">
     <span class='ocr_line' id='line_1_92' title="bbox 1826 3641 3415 3714; baseline 0.007 -21"><span class='ocrx_word' id='word_1_652' title='bbox 1826 3641 2014 3695; x_wconf 84' lang='lat' dir='ltr'><strong>volens</strong></span> <span class='ocrx_word' id='word_1_653' title='bbox 2039 3642 2179 3697; x_wconf 87' lang='lat' dir='ltr'><strong>enim</strong></span> <span class='ocrx_word' id='word_1_654' title='bbox 2210 3645 2390 3714; x_wconf 86' lang='lat' dir='ltr'><strong>genuit</strong></span> <span class='ocrx_word' id='word_1_655' title='bbox 2422 3661 2517 3699; x_wconf 91' lang='lat' dir='ltr'><strong>nos</strong></span> <span class='ocrx_word' id='word_1_656' title='bbox 2548 3646 2707 3699; x_wconf 84' lang='lat' dir='ltr'><strong>verbo</strong></span> <span class='ocrx_word' id='word_1_657' title='bbox 2731 3648 2995 3712; x_wconf 78' lang='lat' dir='ltr'><strong>veritatis,</strong></span> <span class='ocrx_word' id='word_1_658' title='bbox 3029 3657 3086 3699; x_wconf 91' lang='lat' dir='ltr'><strong>ut</strong></span> <span class='ocrx_word' id='word_1_659' title='bbox 3121 3650 3291 3703; x_wconf 84' lang='lat' dir='ltr'><strong>simus</strong></span> <span class='ocrx_word' id='word_1_660' title='bbox 3318 3665 3415 3703; x_wconf 86' lang='lat' dir='ltr'><strong>nos</strong></span> 
     </span>
    </p>
   </div>
   <div class='ocr_carea' id='block_1_93' title="bbox 1828 3736 3415 3807">
    <p class='ocr_par' dir='ltr' id='par_1_93' title="bbox 1828 3736 3415 3807">
     <span class='ocr_line' id='line_1_93' title="bbox 1828 3736 3415 3807; baseline 0.005 -20"><span class='ocrx_word' id='word_1_661' title='bbox 1828 3736 2081 3802; x_wconf 67' lang='lat' dir='ltr'><strong>primitiae</strong></span> <span class='ocrx_word' id='word_1_662' title='bbox 2145 3739 2390 3807; x_wconf 63' lang='lat' dir='ltr'><strong>quaedam</strong></span> <span class='ocrx_word' id='word_1_663' title='bbox 2467 3738 2583 3806; x_wconf 84' lang='lat' dir='ltr'><strong>ejus</strong></span> <span class='ocrx_word' id='word_1_664' title='bbox 2643 3752 3041 3797; x_wconf 84' lang='lat' dir='ltr'><strong>creaturarum.</strong></span> <span class='ocrx_word' id='word_1_665' title='bbox 3103 3760 3121 3792; x_wconf 77' lang='grc' dir='ltr'><strong>ι</strong></span> <span class='ocrx_word' id='word_1_666' title='bbox 3183 3741 3306 3797; x_wconf 75' lang='lat' dir='ltr'><strong>llzee.</strong></span> <span class='ocrx_word' id='word_1_667' title='bbox 3358 3752 3415 3796; x_wconf 83' lang='lat' dir='ltr'><strong>et.</strong></span> 
     </span>
    </p>
   </div>
   <div class='ocr_carea' id='block_1_94' title="bbox 1826 3826 3413 3898">
    <p class='ocr_par' dir='ltr' id='par_1_94' title="bbox 1826 3826 3413 3898">
     <span class='ocr_line' id='line_1_94' title="bbox 1826 3826 3413 3898; baseline 0.004 -19"><span class='ocrx_word' id='word_1_668' title='bbox 1826 3826 2146 3879; x_wconf 83' lang='lat' dir='ltr'><strong>exinaniunt</strong></span> <span class='ocrx_word' id='word_1_669' title='bbox 2205 3832 2593 3898; x_wconf 86' lang='lat' dir='ltr'><strong>arrogantiam,</strong></span> <span class='ocrx_word' id='word_1_670' title='bbox 2627 3837 2684 3884; x_wconf 87' lang='lat' dir='ltr'><strong>et</strong></span> <span class='ocrx_word' id='word_1_671' title='bbox 2732 3833 3025 3886; x_wconf 86' lang='lat' dir='ltr'><strong>ostendunt</strong></span> <span class='ocrx_word' id='word_1_672' title='bbox 3070 3830 3239 3884; x_wconf 86' lang='lat' dir='ltr'><strong>Deum</strong></span> <span class='ocrx_word' id='word_1_673' title='bbox 3289 3848 3413 3886; x_wconf 85' lang='lat' dir='ltr'><strong>esse</strong></span> 
     </span>
    </p>
   </div>
   <div class='ocr_carea' id='block_1_95' title="bbox 1827 3916 3413 3987">
    <p class='ocr_par' dir='ltr' id='par_1_95' title="bbox 1827 3916 3413 3987">
     <span class='ocr_line' id='line_1_95' title="bbox 1827 3916 3413 3987; baseline 0.005 -18"><span class='ocrx_word' id='word_1_674' title='bbox 1827 3916 2067 3970; x_wconf 88' lang='lat' dir='ltr'><strong>datorem</strong></span> <span class='ocrx_word' id='word_1_675' title='bbox 2130 3919 2416 3983; x_wconf 88' lang='lat' dir='ltr'><strong>bonorum,</strong></span> <span class='ocrx_word' id='word_1_676' title='bbox 2474 3928 2529 3975; x_wconf 93' lang='lat' dir='ltr'><strong>et</strong></span> <span class='ocrx_word' id='word_1_677' title='bbox 2584 3935 2706 3977; x_wconf 87' lang='lat' dir='ltr'><strong>esse</strong></span> <span class='ocrx_word' id='word_1_678' title='bbox 2738 3920 3150 3987; x_wconf 87' lang='lat' dir='ltr'><strong>immutabilem,</strong></span> <span class='ocrx_word' id='word_1_679' title='bbox 3204 3937 3303 3977; x_wconf 87' lang='lat' dir='ltr'><strong>nec</strong></span> <span class='ocrx_word' id='word_1_680' title='bbox 3358 3922 3413 3977; x_wconf 86' lang='lat' dir='ltr'><strong>in</strong></span> 
     </span>
    </p>
   </div>
   <div class='ocr_carea' id='block_1_96' title="bbox 1827 4007 3411 4079">
    <p class='ocr_par' dir='ltr' id='par_1_96' title="bbox 1827 4007 3411 4079">
     <span class='ocr_line' id='line_1_96' title="bbox 1827 4007 3411 4079; baseline 0.006 -20"><span class='ocrx_word' id='word_1_681' title='bbox 1827 4020 1949 4059; x_wconf 90' lang='lat' dir='ltr'><strong>eum</strong></span> <span class='ocrx_word' id='word_1_682' title='bbox 1995 4008 2186 4059; x_wconf 85' lang='lat' dir='ltr'><strong>cadere</strong></span> <span class='ocrx_word' id='word_1_683' title='bbox 2213 4007 2586 4061; x_wconf 83' lang='lat' dir='ltr'><strong>alterationem</strong></span> <span class='ocrx_word' id='word_1_684' title='bbox 2621 4027 2635 4063; x_wconf 89' lang='lat'><strong>:</strong></span> <span class='ocrx_word' id='word_1_685' title='bbox 2681 4012 2935 4079; x_wconf 85' lang='lat' dir='ltr'><strong>quodque</strong></span> <span class='ocrx_word' id='word_1_686' title='bbox 2974 4013 3019 4064; x_wconf 87' lang='lat' dir='ltr'><strong>is</strong></span> <span class='ocrx_word' id='word_1_687' title='bbox 3043 4020 3127 4065; x_wconf 79' lang='lat' dir='ltr'><strong>est</strong></span> <span class='ocrx_word' id='word_1_688' title='bbox 3158 4011 3411 4077; x_wconf 80' lang='lat' dir='ltr'><strong>eximius.</strong></span> 
     </span>
    </p>
   </div>
   <div class='ocr_carea' id='block_1_97' title="bbox 1827 4095 3412 4165">
    <p class='ocr_par' dir='ltr' id='par_1_97' title="bbox 1827 4095 3412 4165">
     <span class='ocr_line' id='line_1_97' title="bbox 1827 4095 3412 4165; baseline 0.006 -16"><span class='ocrx_word' id='word_1_689' title='bbox 1827 4096 1872 4149; x_wconf 85' lang='lat' dir='ltr'><strong>si</strong></span> <span class='ocrx_word' id='word_1_690' title='bbox 1918 4095 2232 4153; x_wconf 81' lang='lat' dir='ltr'><strong>conferatur</strong></span> <span class='ocrx_word' id='word_1_691' title='bbox 2273 4113 2398 4153; x_wconf 91' lang='lat' dir='ltr'><strong>cum</strong></span> <span class='ocrx_word' id='word_1_692' title='bbox 2441 4099 2613 4155; x_wconf 87' lang='lat' dir='ltr'><strong>rebus</strong></span> <span class='ocrx_word' id='word_1_693' title='bbox 2642 4101 2958 4165; x_wconf 83' lang='lat' dir='ltr'><strong>creatis,et</strong></span> <span class='ocrx_word' id='word_1_694' title='bbox 2999 4102 3292 4158; x_wconf 78' lang='lat' dir='ltr'><strong>maximam</strong></span> <span class='ocrx_word' id='word_1_695' title='bbox 3324 4104 3412 4158; x_wconf 83' lang='lat' dir='ltr'><strong>vi-</strong></span> 
     </span>
    </p>
   </div>
   <div class='ocr_carea' id='block_1_98' title="bbox 1828 4190 2749 4255">
    <p class='ocr_par' dir='ltr' id='par_1_98' title="bbox 1828 4190 2749 4255">
     <span class='ocr_line' id='line_1_98' title="bbox 1828 4190 2749 4255; baseline 0.003 -12"><span class='ocrx_word' id='word_1_696' title='bbox 1828 4190 1984 4243; x_wconf 89' lang='lat' dir='ltr'><strong>detur</strong></span> <span class='ocrx_word' id='word_1_697' title='bbox 2035 4204 2224 4255; x_wconf 79' lang='lat' dir='ltr'><strong>gerere</strong></span> <span class='ocrx_word' id='word_1_698' title='bbox 2272 4204 2459 4244; x_wconf 91' lang='lat' dir='ltr'><strong>curam</strong></span> <span class='ocrx_word' id='word_1_699' title='bbox 2511 4192 2749 4246; x_wconf 90' lang='lat' dir='ltr'><strong>hominis</strong></span> 
     </span>
    </p>
   </div>
   <div class='ocr_carea' id='block_1_99' title="bbox 1899 4277 3409 4353">
    <p class='ocr_par' dir='ltr' id='par_1_99' title="bbox 1899 4277 3409 4353">
     <span class='ocr_line' id='line_1_99' title="bbox 1899 4277 3409 4353; baseline 0.008 -22"><span class='ocrx_word' id='word_1_700' title='bbox 1899 4277 1988 4333; x_wconf 82' lang='lat' dir='ltr'><strong>IX.</strong></span> <span class='ocrx_word' id='word_1_701' title='bbox 2043 4278 2173 4334; x_wconf 81' lang='lat' dir='ltr'><strong>Post</strong></span> <span class='ocrx_word' id='word_1_702' title='bbox 2220 4282 2334 4334; x_wconf 62' lang='lat' dir='ltr'><strong>haec</strong></span> <span class='ocrx_word' id='word_1_703' title='bbox 2386 4283 2599 4335; x_wconf 73' lang='lat' dir='ltr'><strong>accedit</strong></span> <span class='ocrx_word' id='word_1_704' title='bbox 2633 4286 2695 4336; x_wconf 89' lang='lat' dir='ltr'><strong>ad</strong></span> <span class='ocrx_word' id='word_1_705' title='bbox 2730 4285 3150 4347; x_wconf 87' lang='lat' dir='ltr'><strong>admonitiones,</strong></span> <span class='ocrx_word' id='word_1_706' title='bbox 3183 4300 3304 4353; x_wconf 76' lang='lat' dir='ltr'><strong>qua:</strong></span> <span class='ocrx_word' id='word_1_707' title='bbox 3339 4286 3409 4343; x_wconf 83' lang='lat' dir='ltr'><strong>ad</strong></span> 
     </span>
    </p>
   </div>
   <div class='ocr_carea' id='block_1_100' title="bbox 1825 4372 3413 4443">
    <p class='ocr_par' dir='ltr' id='par_1_100' title="bbox 1825 4372 3413 4443">
     <span class='ocr_line' id='line_1_100' title="bbox 1825 4372 3413 4443; baseline 0.006 -18"><span class='ocrx_word' id='word_1_708' title='bbox 1825 4384 2004 4425; x_wconf 83' lang='lat' dir='ltr'><strong>mores</strong></span> <span class='ocrx_word' id='word_1_709' title='bbox 2045 4372 2214 4442; x_wconf 86' lang='lat' dir='ltr'><strong>magis</strong></span> <span class='ocrx_word' id='word_1_710' title='bbox 2256 4372 2581 4443; x_wconf 79' lang='lat' dir='ltr'><strong>pertinent:</strong></span> <span class='ocrx_word' id='word_1_711' title='bbox 2614 4391 2632 4424; x_wconf 82' lang='grc' dir='ltr'><strong>ι</strong></span> <span class='ocrx_word' id='word_1_712' title='bbox 2676 4372 2780 4438; x_wconf 84' lang='lat' dir='ltr'><strong>Sit,</strong></span> <span class='ocrx_word' id='word_1_713' title='bbox 2810 4374 3020 4441; x_wconf 85' lang='lat' dir='ltr'><strong>dicens,</strong></span> <span class='ocrx_word' id='word_1_714' title='bbox 3048 4378 3228 4433; x_wconf 82' lang='lat' dir='ltr'><strong>omnis</strong></span> <span class='ocrx_word' id='word_1_715' title='bbox 3251 4378 3413 4434; x_wconf 88' lang='lat' dir='ltr'><strong>homo</strong></span> 
     </span>
    </p>
   </div>
   <div class='ocr_carea' id='block_1_101' title="bbox 1825 4460 3411 4536">
    <p class='ocr_par' dir='ltr' id='par_1_101' title="bbox 1825 4460 3411 4536">
     <span class='ocr_line' id='line_1_101' title="bbox 1825 4460 3411 4536; baseline 0.008 -25"><span class='ocrx_word' id='word_1_716' title='bbox 1825 4460 1979 4515; x_wconf 81' lang='lat' dir='ltr'><strong>velox</strong></span> <span class='ocrx_word' id='word_1_717' title='bbox 2020 4464 2085 4519; x_wconf 85' lang='lat' dir='ltr'><strong>ad</strong></span> <span class='ocrx_word' id='word_1_718' title='bbox 2132 4464 2489 4527; x_wconf 87' lang='lat' dir='ltr'><strong>audiendum,</strong></span> <span class='ocrx_word' id='word_1_719' title='bbox 2523 4465 2711 4518; x_wconf 86' lang='lat' dir='ltr'><strong>tardus</strong></span> <span class='ocrx_word' id='word_1_720' title='bbox 2737 4466 2802 4520; x_wconf 81' lang='lat' dir='ltr'><strong>ad</strong></span> <span class='ocrx_word' id='word_1_721' title='bbox 2830 4466 3187 4536; x_wconf 83' lang='lat' dir='ltr'><strong>loquendum,</strong></span> <span class='ocrx_word' id='word_1_722' title='bbox 3225 4481 3277 4523; x_wconf 89' lang='lat' dir='ltr'><strong>et</strong></span> <span class='ocrx_word' id='word_1_723' title='bbox 3305 4478 3411 4524; x_wconf 88' lang='lat' dir='ltr'><strong>tar-</strong></span> 
     </span>
    </p>
   </div>
   <div class='ocr_carea' id='block_1_102' title="bbox 1757 4553 3406 4637">
    <p class='ocr_par' dir='ltr' id='par_1_102' title="bbox 1757 4553 3406 4637">
     <span class='ocr_line' id='line_1_102' title="bbox 1757 4553 3406 4637; baseline 0.009 -33"><span class='ocrx_word' id='word_1_724' title='bbox 1757 4581 1798 4637; x_wconf 75' lang='lat' dir='ltr'><strong>D</strong></span> <span class='ocrx_word' id='word_1_725' title='bbox 1829 4553 1932 4605; x_wconf 90' lang='lat' dir='ltr'><strong>dus</strong></span> <span class='ocrx_word' id='word_1_726' title='bbox 1962 4553 2026 4607; x_wconf 88' lang='lat' dir='ltr'><strong>ad</strong></span> <span class='ocrx_word' id='word_1_727' title='bbox 2062 4555 2228 4611; x_wconf 88' lang='lat' dir='ltr'><strong>iram.</strong></span> <span class='ocrx_word' id='word_1_728' title='bbox 2269 4574 2289 4607; x_wconf 80' lang='grc' dir='ltr'><strong>ι</strong></span> <span class='ocrx_word' id='word_1_729' title='bbox 2332 4554 2389 4609; x_wconf 90' lang='lat' dir='ltr'><strong>Si</strong></span> <span class='ocrx_word' id='word_1_730' title='bbox 2430 4558 2573 4608; x_wconf 90' lang='lat' dir='ltr'><strong>enim</strong></span> <span class='ocrx_word' id='word_1_731' title='bbox 2608 4556 2758 4609; x_wconf 74' lang='lat' dir='ltr'><strong>telox</strong></span> <span class='ocrx_word' id='word_1_732' title='bbox 2788 4573 2970 4611; x_wconf 83' lang='lat' dir='ltr'><strong>sermo</strong></span> <span class='ocrx_word' id='word_1_733' title='bbox 3003 4570 3086 4612; x_wconf 88' lang='lat' dir='ltr'><strong>est</strong></span> <span class='ocrx_word' id='word_1_734' title='bbox 3115 4565 3406 4632; x_wconf 73' lang='lat' dir='ltr'><strong>cavendus,</strong></span> 
     </span>
    </p>
   </div>
   <div class='ocr_carea' id='block_1_103' title="bbox 1827 4644 3406 4716">
    <p class='ocr_par' dir='ltr' id='par_1_103' title="bbox 1827 4644 3406 4716">
     <span class='ocr_line' id='line_1_103' title="bbox 1827 4644 3406 4716; baseline 0.011 -23"><span class='ocrx_word' id='word_1_735' title='bbox 1827 4652 2031 4710; x_wconf 87' lang='lat' dir='ltr'><strong>quanto</strong></span> <span class='ocrx_word' id='word_1_736' title='bbox 2060 4650 2242 4716; x_wconf 82' lang='lat' dir='ltr'><strong>magis</strong></span> <span class='ocrx_word' id='word_1_737' title='bbox 2276 4644 2576 4701; x_wconf 83' lang='lat' dir='ltr'><strong>adhibenda</strong></span> <span class='ocrx_word' id='word_1_738' title='bbox 2612 4656 2692 4700; x_wconf 91' lang='lat' dir='ltr'><strong>cst</strong></span> <span class='ocrx_word' id='word_1_739' title='bbox 2731 4648 2932 4712; x_wconf 89' lang='lat' dir='ltr'><strong>cautio,</strong></span> <span class='ocrx_word' id='word_1_740' title='bbox 2965 4666 3031 4705; x_wconf 87' lang='lat' dir='ltr'><strong>ne</strong></span> <span class='ocrx_word' id='word_1_741' title='bbox 3058 4651 3165 4705; x_wconf 88' lang='lat' dir='ltr'><strong>cito</strong></span> <span class='ocrx_word' id='word_1_742' title='bbox 3205 4653 3406 4710; x_wconf 79' lang='lat' dir='ltr'><strong>irasca-</strong></span> 
     </span>
    </p>
   </div>
   <div class='ocr_carea' id='block_1_104' title="bbox 1824 4734 3402 4817">
    <p class='ocr_par' dir='ltr' id='par_1_104' title="bbox 1824 4734 3402 4817">
     <span class='ocr_line' id='line_1_104' title="bbox 1824 4734 3402 4817; baseline 0.013 -34"><span class='ocrx_word' id='word_1_743' title='bbox 1824 4734 1939 4787; x_wconf 78' lang='lat' dir='ltr'><strong>ris?</strong></span> <span class='ocrx_word' id='word_1_744' title='bbox 1972 4734 2100 4790; x_wconf 79' lang='lat' dir='ltr'><strong>Vide</strong></span> <span class='ocrx_word' id='word_1_745' title='bbox 2129 4754 2340 4802; x_wconf 80' lang='lat' dir='ltr'><strong>autem,</strong></span> <span class='ocrx_word' id='word_1_746' title='bbox 2373 4738 2640 4806; x_wconf 88' lang='lat' dir='ltr'><strong>quomodo</strong></span> <span class='ocrx_word' id='word_1_747' title='bbox 2686 4740 2912 4812; x_wconf 82' lang='lat' dir='ltr'><strong>ﬁguram</strong></span> <span class='ocrx_word' id='word_1_748' title='bbox 2970 4745 3082 4798; x_wconf 82' lang='lat' dir='ltr'><strong>veri</strong></span> <span class='ocrx_word' id='word_1_749' title='bbox 3142 4747 3402 4817; x_wconf 79' lang='lat' dir='ltr'><strong>exprimit</strong></span> 
     </span>
    </p>
   </div>
   <div class='ocr_carea' id='block_1_105' title="bbox 1821 4825 3391 4902">
    <p class='ocr_par' dir='ltr' id='par_1_105' title="bbox 1821 4825 3391 4902">
     <span class='ocr_line' id='line_1_105' title="bbox 1821 4825 3391 4902; baseline 0.009 -23"><span class='ocrx_word' id='word_1_750' title='bbox 1821 4825 2143 4882; x_wconf 86' lang='lat' dir='ltr'><strong>Christiani.</strong></span> <span class='ocrx_word' id='word_1_751' title='bbox 2179 4852 2198 4882; x_wconf 73' lang='lat' dir='ltr'><strong>c</strong></span> <span class='ocrx_word' id='word_1_752' title='bbox 2241 4830 2450 4902; x_wconf 83' lang='lat' dir='ltr'><strong>Religio</strong></span> <span class='ocrx_word' id='word_1_753' title='bbox 2502 4845 2635 4899; x_wconf 87' lang='lat' dir='ltr'><strong>pura</strong></span> <span class='ocrx_word' id='word_1_754' title='bbox 2674 4841 2724 4885; x_wconf 90' lang='lat' dir='ltr'><strong>et</strong></span> <span class='ocrx_word' id='word_1_755' title='bbox 2764 4834 3106 4891; x_wconf 81' lang='lat' dir='ltr'><strong>immaculata</strong></span> <span class='ocrx_word' id='word_1_756' title='bbox 3156 4835 3302 4893; x_wconf 85' lang='lat' dir='ltr'><strong>Patri</strong></span> <span class='ocrx_word' id='word_1_757' title='bbox 3336 4850 3391 4893; x_wconf 83' lang='lat' dir='ltr'><strong>et</strong></span> 
     </span>
    </p>
   </div>
   <div class='ocr_carea' id='block_1_106' title="bbox 1823 4919 3394 4992">
    <p class='ocr_par' dir='ltr' id='par_1_106' title="bbox 1823 4919 3394 4992">
     <span class='ocr_line' id='line_1_106' title="bbox 1823 4919 3394 4992; baseline 0.01 -23"><span class='ocrx_word' id='word_1_758' title='bbox 1823 4919 1930 4971; x_wconf 89' lang='lat' dir='ltr'><strong>Deo</strong></span> <span class='ocrx_word' id='word_1_759' title='bbox 1975 4919 2087 4974; x_wconf 68' lang='lat' dir='ltr'><strong>hmc</strong></span> <span class='ocrx_word' id='word_1_760' title='bbox 2137 4927 2266 4975; x_wconf 75' lang='lat' dir='ltr'><strong>est:</strong></span> <span class='ocrx_word' id='word_1_761' title='bbox 2340 4922 2562 4978; x_wconf 83' lang='lat' dir='ltr'><strong>visitare</strong></span> <span class='ocrx_word' id='word_1_762' title='bbox 2635 4925 2912 4992; x_wconf 83' lang='lat' dir='ltr'><strong>orphanos</strong></span> <span class='ocrx_word' id='word_1_763' title='bbox 2967 4937 3024 4981; x_wconf 89' lang='lat' dir='ltr'><strong>et</strong></span> <span class='ocrx_word' id='word_1_764' title='bbox 3092 4930 3284 4983; x_wconf 86' lang='lat' dir='ltr'><strong>viduas</strong></span> <span class='ocrx_word' id='word_1_765' title='bbox 3343 4934 3394 4985; x_wconf 90' lang='lat' dir='ltr'><strong>in</strong></span> 
     </span>
    </p>
   </div>
   <div class='ocr_carea' id='block_1_107' title="bbox 1822 5006 3396 5082">
    <p class='ocr_par' dir='ltr' id='par_1_107' title="bbox 1822 5006 3396 5082">
     <span class='ocr_line' id='line_1_107' title="bbox 1822 5006 3396 5082; baseline 0.007 -20"><span class='ocrx_word' id='word_1_766' title='bbox 1822 5006 2107 5062; x_wconf 80' lang='lat' dir='ltr'><strong>alllictlone</strong></span> <span class='ocrx_word' id='word_1_767' title='bbox 2130 5024 2340 5070; x_wconf 84' lang='lat' dir='ltr'><strong>eorum.</strong></span> <span class='ocrx_word' id='word_1_768' title='bbox 2375 5012 2778 5067; x_wconf 83' lang='lat' dir='ltr'><strong>immaculatum</strong></span> <span class='ocrx_word' id='word_1_769' title='bbox 2812 5016 3047 5082; x_wconf 87' lang='lat' dir='ltr'><strong>seipsum</strong></span> <span class='ocrx_word' id='word_1_770' title='bbox 3071 5032 3396 5073; x_wconf 83' lang='lat' dir='ltr'><strong>conservare</strong></span> 
     </span>
    </p>
   </div>
   <div class='ocr_carea' id='block_1_108' title="bbox 1820 5100 3394 5176">
    <p class='ocr_par' dir='ltr' id='par_1_108' title="bbox 1820 5100 3394 5176">
     <span class='ocr_line' id='line_1_108' title="bbox 1820 5100 3394 5176; baseline 0.01 -24"><span class='ocrx_word' id='word_1_771' title='bbox 1820 5114 1847 5151; x_wconf 88' lang='lat' dir='ltr'><strong>a</strong></span> <span class='ocrx_word' id='word_1_772' title='bbox 1882 5102 2105 5155; x_wconf 90' lang='lat' dir='ltr'><strong>mundo.</strong></span> <span class='ocrx_word' id='word_1_773' title='bbox 2152 5118 2170 5151; x_wconf 78' lang='grc' dir='ltr'><strong>ι</strong></span> <span class='ocrx_word' id='word_1_774' title='bbox 2212 5100 2287 5157; x_wconf 83' lang='lat' dir='ltr'><strong>Ex</strong></span> <span class='ocrx_word' id='word_1_775' title='bbox 2316 5116 2472 5172; x_wconf 67' lang='lat' dir='ltr'><strong>mquo</strong></span> <span class='ocrx_word' id='word_1_776' title='bbox 2518 5105 2672 5173; x_wconf 79' lang='lat' dir='ltr'><strong>jubet</strong></span> <span class='ocrx_word' id='word_1_777' title='bbox 2716 5117 2769 5159; x_wconf 83' lang='lat' dir='ltr'><strong>et</strong></span> <span class='ocrx_word' id='word_1_778' title='bbox 2813 5121 2844 5161; x_wconf 87' lang='lat' dir='ltr'><strong>a</strong></span> <span class='ocrx_word' id='word_1_779' title='bbox 2885 5109 3087 5162; x_wconf 91' lang='lat' dir='ltr'><strong>mundo</strong></span> <span class='ocrx_word' id='word_1_780' title='bbox 3118 5113 3394 5176; x_wconf 85' lang='lat' dir='ltr'><strong>recedere,</strong></span> 
     </span>
    </p>
   </div>
   <div class='ocr_carea' id='block_1_109' title="bbox 1819 5194 3399 5262">
    <p class='ocr_par' dir='ltr' id='par_1_109' title="bbox 1819 5194 3399 5262">
     <span class='ocr_line' id='line_1_109' title="bbox 1819 5194 3399 5262; baseline 0.009 -17"><span class='ocrx_word' id='word_1_781' title='bbox 1819 5200 1873 5245; x_wconf 85' lang='lat' dir='ltr'><strong>et</strong></span> <span class='ocrx_word' id='word_1_782' title='bbox 1916 5194 1981 5246; x_wconf 88' lang='lat' dir='ltr'><strong>ad</strong></span> <span class='ocrx_word' id='word_1_783' title='bbox 2030 5194 2392 5262; x_wconf 85' lang='lat' dir='ltr'><strong>propinquum</strong></span> <span class='ocrx_word' id='word_1_784' title='bbox 2434 5197 2694 5251; x_wconf 82' lang='lat' dir='ltr'><strong>accedere</strong></span> <span class='ocrx_word' id='word_1_785' title='bbox 2731 5216 2744 5253; x_wconf 87' lang='lat'>:</span> <span class='ocrx_word' id='word_1_786' title='bbox 2802 5208 2926 5254; x_wconf 90' lang='lat' dir='ltr'><strong>tunc</strong></span> <span class='ocrx_word' id='word_1_787' title='bbox 2961 5203 3104 5256; x_wconf 89' lang='lat' dir='ltr'><strong>enim</strong></span> <span class='ocrx_word' id='word_1_788' title='bbox 3160 5218 3285 5259; x_wconf 81' lang='lat' dir='ltr'><strong>vere</strong></span> <span class='ocrx_word' id='word_1_789' title='bbox 3336 5222 3399 5259; x_wconf 81' lang='lat' dir='ltr'><strong>ac</strong></span> 
     </span>
    </p>
   </div>
   <div class='ocr_carea' id='block_1_110' title="bbox 1815 5283 3394 5363">
    <p class='ocr_par' dir='ltr' id='par_1_110' title="bbox 1815 5283 3394 5363">
     <span class='ocr_line' id='line_1_110' title="bbox 1815 5283 3394 5363; baseline 0.009 -25"><span class='ocrx_word' id='word_1_790' title='bbox 1815 5287 2029 5340; x_wconf 84' lang='lat' dir='ltr'><strong>sincere</strong></span> <span class='ocrx_word' id='word_1_791' title='bbox 2073 5283 2302 5339; x_wconf 80' lang='lat' dir='ltr'><strong>fratrum</strong></span> <span class='ocrx_word' id='word_1_792' title='bbox 2342 5288 2747 5351; x_wconf 83' lang='lat' dir='ltr'><strong>miserebimur.</strong></span> <span class='ocrx_word' id='word_1_793' title='bbox 2778 5294 2995 5360; x_wconf 84' lang='lat' dir='ltr'><strong>quando</strong></span> <span class='ocrx_word' id='word_1_794' title='bbox 3036 5309 3136 5347; x_wconf 90' lang='lat' dir='ltr'><strong>nos</strong></span> <span class='ocrx_word' id='word_1_795' title='bbox 3170 5311 3394 5363; x_wconf 81' lang='lat' dir='ltr'><strong>separa—</strong></span> 
     </span>
    </p>
   </div>
   <div class='ocr_carea' id='block_1_111' title="bbox 1821 5378 3391 5451">
    <p class='ocr_par' dir='ltr' id='par_1_111' title="bbox 1821 5378 3391 5451">
     <span class='ocr_line' id='line_1_111' title="bbox 1821 5378 3391 5451; baseline 0.007 -20"><span class='ocrx_word' id='word_1_796' title='bbox 1821 5380 1999 5431; x_wconf 86' lang='lat' dir='ltr'><strong>bimus</strong></span> <span class='ocrx_word' id='word_1_797' title='bbox 2036 5379 2103 5432; x_wconf 84' lang='lat' dir='ltr'><strong>ab</strong></span> <span class='ocrx_word' id='word_1_798' title='bbox 2140 5378 2426 5435; x_wconf 67' lang='lat' dir='ltr'><strong>adiectione</strong></span> <span class='ocrx_word' id='word_1_799' title='bbox 2462 5384 2511 5434; x_wconf 92' lang='lat' dir='ltr'><strong>in</strong></span> <span class='ocrx_word' id='word_1_800' title='bbox 2547 5386 2829 5439; x_wconf 89' lang='lat' dir='ltr'><strong>mundum.</strong></span> <span class='ocrx_word' id='word_1_801' title='bbox 2866 5386 3099 5442; x_wconf 89' lang='lat' dir='ltr'><strong>Dicendo</strong></span> <span class='ocrx_word' id='word_1_802' title='bbox 3126 5398 3303 5445; x_wconf 89' lang='lat' dir='ltr'><strong>autem</strong></span> <span class='ocrx_word' id='word_1_803' title='bbox 3328 5390 3347 5419; x_wconf 84' lang='grc'><strong><em>⁸</em></strong></span> <span class='ocrx_word' id='word_1_804' title='bbox 3376 5428 3391 5451; x_wconf 88' lang='grc'><strong>,</strong></span> 
     </span>
    </p>
   </div>
   <div class='ocr_carea' id='block_1_112' title="bbox 1824 5469 3391 5546">
    <p class='ocr_par' dir='ltr' id='par_1_112' title="bbox 1824 5469 3391 5546">
     <span class='ocr_line' id='line_1_112' title="bbox 1824 5469 3391 5546; baseline 0.012 -28"><span class='ocrx_word' id='word_1_805' title='bbox 1824 5486 1841 5518; x_wconf 79' lang='grc' dir='ltr'><strong>ι</strong></span> <span class='ocrx_word' id='word_1_806' title='bbox 1876 5469 1951 5523; x_wconf 77' lang='lat' dir='ltr'><strong>Ne</strong></span> <span class='ocrx_word' id='word_1_807' title='bbox 1984 5471 2034 5522; x_wconf 92' lang='lat' dir='ltr'><strong>in</strong></span> <span class='ocrx_word' id='word_1_808' title='bbox 2060 5485 2413 5536; x_wconf 89' lang='lat' dir='ltr'><strong>personarum</strong></span> <span class='ocrx_word' id='word_1_809' title='bbox 2446 5478 2850 5545; x_wconf 84' lang='lat' dir='ltr'><strong>acceptionibus</strong></span> <span class='ocrx_word' id='word_1_810' title='bbox 2875 5478 3143 5540; x_wconf 82' lang='lat' dir='ltr'><strong>habeatis.</strong></span> <span class='ocrx_word' id='word_1_811' title='bbox 3175 5480 3391 5546; x_wconf 71' lang='lat' dir='ltr'><strong>fratres,</strong></span> 
     </span>
    </p>
   </div>
   <div class='ocr_carea' id='block_1_113' title="bbox 1820 5560 3391 5641">
    <p class='ocr_par' dir='ltr' id='par_1_113' title="bbox 1820 5560 3391 5641">
     <span class='ocr_line' id='line_1_113' title="bbox 1820 5560 3391 5641; baseline 0.008 -27"><span class='ocrx_word' id='word_1_812' title='bbox 1820 5560 1980 5615; x_wconf 81' lang='lat' dir='ltr'><strong>ﬁdem</strong></span> <span class='ocrx_word' id='word_1_813' title='bbox 2011 5562 2221 5616; x_wconf 88' lang='lat' dir='ltr'><strong>Domini</strong></span> <span class='ocrx_word' id='word_1_814' title='bbox 2249 5567 2419 5619; x_wconf 88' lang='lat' dir='ltr'><strong>nostri</strong></span> <span class='ocrx_word' id='word_1_815' title='bbox 2455 5566 2579 5621; x_wconf 86' lang='lat' dir='ltr'><strong>Jesu</strong></span> <span class='ocrx_word' id='word_1_816' title='bbox 2613 5568 2814 5624; x_wconf 87' lang='lat' dir='ltr'><strong>Christi</strong></span> <span class='ocrx_word' id='word_1_817' title='bbox 2847 5571 3053 5641; x_wconf 72' lang='lat' dir='ltr'><strong>glorizn,</strong></span> <span class='ocrx_word' id='word_1_818' title='bbox 3089 5591 3108 5622; x_wconf 74' lang='grc' dir='ltr'><strong>ι</strong></span> <span class='ocrx_word' id='word_1_819' title='bbox 3174 5573 3312 5627; x_wconf 89' lang='lat' dir='ltr'><strong>tollit</strong></span> <span class='ocrx_word' id='word_1_820' title='bbox 3342 5574 3391 5626; x_wconf 90' lang='lat' dir='ltr'><strong>id</strong></span> 
     </span>
    </p>
   </div>
   <div class='ocr_carea' id='block_1_114' title="bbox 1817 5651 3395 5725">
    <p class='ocr_par' dir='ltr' id='par_1_114' title="bbox 1817 5651 3395 5725">
     <span class='ocr_line' id='line_1_114' title="bbox 1817 5651 3395 5725; baseline 0.007 -22"><span class='ocrx_word' id='word_1_821' title='bbox 1817 5651 1961 5717; x_wconf 88' lang='lat' dir='ltr'><strong>quod</strong></span> <span class='ocrx_word' id='word_1_822' title='bbox 2012 5652 2070 5705; x_wconf 88' lang='lat' dir='ltr'><strong>lit</strong></span> <span class='ocrx_word' id='word_1_823' title='bbox 2118 5654 2184 5707; x_wconf 86' lang='lat' dir='ltr'><strong>ad</strong></span> <span class='ocrx_word' id='word_1_824' title='bbox 2232 5659 2677 5725; x_wconf 83' lang='lat' dir='ltr'><strong>ostentationem,</strong></span> <span class='ocrx_word' id='word_1_825' title='bbox 2723 5660 2921 5715; x_wconf 87' lang='lat' dir='ltr'><strong>docens</strong></span> <span class='ocrx_word' id='word_1_826' title='bbox 2957 5677 3021 5716; x_wconf 87' lang='lat' dir='ltr'><strong>ne</strong></span> <span class='ocrx_word' id='word_1_827' title='bbox 3054 5663 3297 5718; x_wconf 89' lang='lat' dir='ltr'><strong>vivamus</strong></span> <span class='ocrx_word' id='word_1_828' title='bbox 3334 5672 3395 5715; x_wconf 80' lang='lat' dir='ltr'><strong>ur</strong></span> 
     </span>
    </p>
   </div>
   <div class='ocr_carea' id='block_1_115' title="bbox 176 5872 3280 5950">
    <p class='ocr_par' dir='ltr' id='par_1_115' title="bbox 176 5872 3280 5950">
     <span class='ocr_line' id='line_1_115' title="bbox 176 5872 3280 5950; baseline 0.006 -20"><span class='ocrx_word' id='word_1_829' title='bbox 176 5877 249 5950; x_wconf 83' lang='lat'><strong>(6)</strong></span> <span class='ocrx_word' id='word_1_830' title='bbox 286 5878 525 5936; x_wconf 79' lang='lat' dir='ltr'><strong>Clarius</strong></span> <span class='ocrx_word' id='word_1_831' title='bbox 566 5875 669 5930; x_wconf 89' lang='lat' dir='ltr'><strong>hoc</strong></span> <span class='ocrx_word' id='word_1_832' title='bbox 697 5887 761 5927; x_wconf 87' lang='lat' dir='ltr'><strong>ex</strong></span> <span class='ocrx_word' id='word_1_833' title='bbox 792 5872 979 5928; x_wconf 67' lang='lat' dir='ltr'><strong>Graeco</strong></span> <span class='ocrx_word' id='word_1_834' title='bbox 1005 5889 1165 5943; x_wconf 85' lang='lat' dir='ltr'><strong>quam</strong></span> <span class='ocrx_word' id='word_1_835' title='bbox 1199 5875 1341 5945; x_wconf 87' lang='lat' dir='ltr'><strong>quod</strong></span> <span class='ocrx_word' id='word_1_836' title='bbox 1380 5874 1568 5933; x_wconf 74' lang='lat' dir='ltr'><strong>Latina</strong></span> <span class='ocrx_word' id='word_1_837' title='bbox 1599 5894 1776 5935; x_wconf 73' lang='lat' dir='ltr'><strong>versto</strong></span> <span class='ocrx_word' id='word_1_838' title='bbox 1812 5881 1971 5937; x_wconf 87' lang='lat' dir='ltr'><strong>habet</strong></span> <span class='ocrx_word' id='word_1_839' title='bbox 2009 5900 2021 5937; x_wconf 87' lang='lat'><strong>:</strong></span> <span class='ocrx_word' id='word_1_840' title='bbox 2064 5906 2079 5934; x_wconf 77' lang='grc' dir='ltr'><strong>ι</strong></span> <span class='ocrx_word' id='word_1_841' title='bbox 2130 5886 2271 5942; x_wconf 80' lang='lat' dir='ltr'><strong>Deus</strong></span> <span class='ocrx_word' id='word_1_842' title='bbox 2304 5890 2445 5944; x_wconf 83' lang='lat' dir='ltr'><strong>enim</strong></span> <span class='ocrx_word' id='word_1_843' title='bbox 2477 5892 2773 5947; x_wconf 76' lang='lat' dir='ltr'><strong>intentatur</strong></span> <span class='ocrx_word' id='word_1_844' title='bbox 2808 5895 3070 5948; x_wconf 80' lang='lat' dir='ltr'><strong>malorum</strong></span> <span class='ocrx_word' id='word_1_845' title='bbox 3110 5905 3211 5950; x_wconf 82' lang='lat' dir='ltr'><strong>est.</strong></span> <span class='ocrx_word' id='word_1_846' title='bbox 3259 5913 3280 5949; x_wconf 73' lang='grc' dir='ltr'><strong>ι</strong></span> 
     </span>
    </p>
   </div>
  </div>
