4180 6472
752 439 856 500 201

2065 431 2348 489 MENSIS
2392 429 2659 490 MAIUS.

3905 430 4003 491 208

753 558 1068 634 placeamus
1102 548 1427 612 hominibus,
1463 560 1635 614 neque
1665 557 1974 614 quaramus
2007 543 2227 612 gloriam
2266 557 2327 594 ex

2442 540 2676 604 ἐπίλεξιν
2705 540 2988 606 γινόμενον
3033 540 3266 609 ἀναιρεῖ,
3293 539 3559 592 διδάσκων
3597 539 3674 609 μὴ
3709 538 3847 607 πρὸς
3879 538 4001 606 ἀρέ-

755 643 1082 706 hnmiuihus,
1105 641 1326 694 humilia
1352 650 1404 694 et
1430 639 1639 707 ahjecta
1665 637 1964 704 cogitantes
1995 651 2008 689 :
2040 635 2131 687 sed
2157 634 2322 686 Deum

751 740 924 792 solum
968 747 1235 793 amemus,
1283 737 1335 782 el.
1384 729 1501 797 ejus
1541 727 1682 796 quod
1720 726 1777 779 fit
1822 725 2120 778 habeamus
2150 724 2322 792 ipsum

752 833 1105 889 laudatorem,
1133 836 1186 878 et
1219 823 1710 877 remunerationem
1737 820 1802 872 ab
1833 833 1896 871 eo
1923 825 2321 886 exspectemus.

753 923 987 978 Diceudo
1025 934 1152 971 vero
1185 932 1307 970 eum
1342 915 1510 980 legem
1547 911 1769 978 implere
1809 910 2036 976 regiam,
2083 907 2172 974 qui
2205 906 2324 956 dili-

747 1019 822 1086 git
853 1004 1158 1083 proximum
1190 1007 1329 1058 sicut
1361 1004 1619 1070 seipsum,
1657 999 1856 1052 excitat
1889 996 1951 1048 ad
1984 993 2209 1046 fratrum
2244 991 2324 1041 di-

751 1082 1070 1161 lectionem,
1122 1111 1184 1149 ex
1247 1095 1362 1161 ejus
1420 1091 1509 1159 qui
1566 1090 1734 1157 legem
1797 1086 1995 1138 tulerat
2046 1082 2322 1148 dignitate,

750 1203 928 1254 sciens
959 1196 1118 1263 hujus
1154 1187 1411 1260 praecepti
1456 1181 1881 1252 magnitudinem
1925 1185 1977 1232 et
2026 1173 2324 1243 pulchritu-

749 1297 928 1349 dinem
959 1299 1061 1344 :-et
1096 1284 1238 1354 quod
1270 1283 1425 1350 plena
1461 1277 1594 1346 legis
1623 1272 1960 1342 adimpletio,
2001 1277 2085 1321 est
2109 1264 2326 1319 dilectio

751 1388 803 1438 iu
838 1384 1143 1451 proximum
1172 1393 1187 1443 ;
1240 1387 1290 1430 et
1330 1371 1432 1427 hoc
1469 1371 1644 1439 ipsum
1685 1375 1767 1420 est
1797 1377 2004 1418 summa
2038 1360 2324 1413 bonorum.

824 1653 893 1708 Χ.
945 1647 1228 1716 Quomodo
1276 1649 1454 1695 autem
1507 1643 1686 1690 movet
1735 1632 1800 1684 ad
1857 1619 2328 1682 misericordiam?

758 1747 989 1800 Terrens
1018 1731 1434 1794 immisericordi
1469 1739 1521 1782 et
1554 1723 1876 1786 inevitabili,
1904 1719 2044 1789 quod
2071 1718 2179 1770 illic
2222 1721 2326 1776 est,

756 1839 974 1907 judicio.
1017 1852 1033 1882 ι
1073 1829 1366 1888 Iudicium,
1422 1821 1638 1890 inquit,
1683 1819 1798 1872 sine
1847 1811 2214 1868 misericordia
2251 1808 2324 1870 ei,

758 1951 844 2000 qu:
879 1945 982 1982 nou
1015 1925 1140 1978 fecit
1171 1917 1596 1974 miscricordiam
1631 1929 1643 1964 :
1685 1930 1702 1962 ι
1735 1924 1828 1978 per
1863 1908 1962 1960 hoc
2001 1902 2328 1960 concedens,

759 1997 811 2076 ut
847 2017 1212 2074 misericordia
1241 2010 1502 2082 glorietur
1533 2006 1650 2072 plus
1690 2018 1849 2072 quam
1878 1997 2170 2068 judicium,
2199 2007 2334 2060 qua-

763 2128 919 2167 tenus
966 2111 1040 2162 illi
1082 2107 1172 2158 dat
1215 2101 1519 2155 victoriam.
1552 2098 1689 2161 Quin
1718 2095 1881 2146 etiam
1908 2092 1978 2143 ita
2010 2088 2144 2141 dicit
2176 2087 2331 2137 ﬁdem

761 2223 893 2276 opus
937 2204 1132 2257 habere
1183 2198 1421 2255 actione,
1472 2191 1613 2244 sicut
1667 2201 1862 2255 corpus
1914 2191 2038 2252 eget
2095 2181 2328 2248 spiritu:

762 2274 962 2363 alisque
992 2309 1052 2345 ea
1090 2300 1267 2343 autem
1306 2299 1425 2338 esse
1463 2290 1728 2336 mortuam
1761 2287 1813 2330 et
1847 2274 2114 2336 inutilem,
2141 2281 2196 2321 ut
2227 2283 2332 2321 non

763 2387 1100 2443 conﬁdamus
1137 2382 1189 2432 iu
1220 2394 1282 2431 eo
1312 2377 1482 2428 solum
1518 2372 1656 2440 quod
1692 2369 1997 2429 credamus,
2024 2373 2076 2417 et
2101 2364 2336 2416 inaniter

763 2481 1077 2550 gloriemur.
1117 2473 1228 2526 Hoc
1264 2477 1442 2521 autem
1478 2464 1670 2532 prohat
1717 2459 1927 2521 statim,
1972 2455 2247 2509 Abraham
2284 2459 2338 2503 et

762 2544 917 2624 iianb
964 2567 1239 2620 adducens
1299 2560 1350 2611 in
1423 2553 1840 2608 testimonium:
1891 2549 2039 2600 illum
2095 2544 2332 2612 quidem,

764 2660 854 2729 qui
887 2673 1006 2710 cum
1036 2653 1138 2705 fide
1164 2651 1311 2701 lsaac
1341 2658 1551 2714 quoque
1577 2640 1767 2694 obtulit
1798 2655 1810 2701 ;
1849 2639 1986 2689 hanc
2019 2644 2193 2686 autem
2220 2645 2338 2699 qua:

765 2721 1128 2818 speculatores
1187 2755 1280 2808 per
1321 2737 1478 2789 aliam
1526 2734 1665 2784 viam
1725 2726 2049 2781 transmisit.
2096 2722 2160 2774 Et
2207 2721 2335 2790 quid

763 2816 899 2909 opus
939 2847 1042 2897 est,
1074 2844 1129 2884 ut
1161 2828 1367 2896 singula
1399 2820 1749 2878 enumerem?
1786 2817 1881 2869 Vix
1917 2816 2079 2868 ullam
2114 2822 2340 2880 preter-

772 2901 919 2984 niisit
952 2941 1017 2978 ex
1051 2921 1342 2974 virtutibus
1389 2914 1704 2972 moralibus,
1741 2911 1806 2961 ad
1846 2921 2005 2975 quam
2053 2918 2157 2956 non
2206 2901 2340 2953 inci-

770 3021 965 3076 taverit
1007 3017 1179 3068 virum
1218 3011 1360 3080 pium
1397 3023 1457 3060 ac
1493 3005 1823 3071 religiosum,
1862 3015 1980 3052 cum
2015 2997 2178 3050 multa
2214 3009 2337 3063 pro-

770 3113 1073 3172 babilitate,
1121 3104 1290 3172 gratia
1337 3116 1398 3153 ac
1440 3095 1800 3166 jucnnditate.
1846 3089 1894 3142 Is
1940 3089 2136 3155 linguae
2169 3086 2336 3152 legem

2433 649 2620 683 σκειαν
2673 629 2820 699 βιοῦν
2850 629 3225 700 ἀνθρωπίνην,
3291 631 3424 701 μηδὲ
3477 631 3578 700 τὴν
3620 633 3681 694 ἑξ
3705 630 4003 700 ἀνθρώπων

2429 723 2706 792 ἐπιζητεῖν
2727 723 2904 786 δόξαν,
2935 722 3245 792 χαμαίζηλα
3270 721 3599 793 φρονοῦντας
3635 724 3728 774 καὶ
3760 721 4001 773 tatem"

2430 815 2564 868 ἀλλὰ
2616 814 2748 865 Θεὸν
2803 815 2961 882 μόνον
3001 815 3195 882 φιλεῖν,
3257 818 3349 868 καὶ
3392 817 3688 882 ἐπαινέτην
3745 812 4004 882 ἔχειντοὺ

2429 908 2742 977 γινομένου,
2781 908 2874 957 καὶ
2905 908 3030 975 παρ’
3061 906 3227 958 αὑτοῦ
3259 907 3357 976 τὴν
3400 907 3674 958 ἀντίδοσιν
3715 905 4004 972 ἀπεκδέχεο

2432 1003 2578 1054 σθαι.
2618 999 2708 1068 Τῷ
2739 999 2794 1050 δὲ
2847 1000 2942 1050 καὶ
2975 999 3136 1065 νόμον
3164 1000 3329 1065 φάναι
3370 998 3648 1067 βασιλικὸν
3701 994 4006 1064 ἐκπληροῦν

2428 1094 2518 1145 τὸν
2548 1092 2852 1158 ἀγαπῶντα
2879 1092 2968 1142 τὶν
3002 1090 3228 1158 πλησίον
3259 1089 3332 1151 ὡς
3363 1089 3572 1152 ἑαυτὸν,
3617 1089 3757 1155 προς
3789 1086 3887 1156 την
3911 1085 4009 1138 τῶν

2427 1184 2670 1252 ἀδελφῶν
2701 1183 2923 1250 ἀγάπην
2944 1181 3231 1249 διερεθίζει
3260 1179 3338 1248 τῷ
3368 1179 3637 1248 ἀξιώματι
3669 1178 3766 1230 τοῦ
3793 1176 4006 1245 νομοθε-

2427 1278 2714 1342 τήσαντος,
2748 1273 2846 1341 τῆς
2883 1272 3105 1338 ὲντολῆς
3135 1270 3336 1339 ταύτης
3362 1267 3517 1332 εἰδὼς
3561 1270 3621 1320 τὸ
3655 1267 3890 1336 μέγεθος
3921 1266 4006 1318 καὶ

2429 1367 2491 1420 τὸ
2523 1366 2741 1428 κάλλος,
2771 1365 2863 1416 καὶ
2895 1365 2975 1415 ὃτι
3009 1363 3283 1431 πλήρωμα
3319 1361 3488 1428 νόμον
3519 1361 3552 1430 ή
3592 1360 3730 1428 πρὸς
3759 1358 3852 1410 τὸν
3885 1357 4007 1424 πλη-

2433 1457 2548 1508 σίον
2571 1456 2782 1523 ἀγάπη,
2810 1457 2903 1506 καὶ
2926 1454 3083 1506 τοῦτο
3109 1454 3174 1523 δὴ
3201 1452 3357 1504 τοῦτο
3383 1450 3492 1503 τῶν
3515 1450 3743 1518 ἀγαθῶν
3767 1451 3830 1502 τὸ
3849 1448 4012 1517 κεφά-

2431 1549 2608 1603 λαιον.

2504 1643 2558 1692 l’.
2593 1641 2781 1702 Ὅπως
2816 1639 2870 1692 δὲ
2903 1638 2996 1692 καὶ
3034 1636 3166 1706 πρὸς
3203 1635 3351 1688 ἔλεον
3387 1633 3639 1704 διεγείρει
3671 1651 3685 1699 ;
3736 1632 3901 1686 Μάλα
3933 1649 4012 1685 co-

2431 1732 2545 1800 φῶς
2569 1731 2837 1783 δυσωπῶν
2864 1729 2939 1798 τῷ
2974 1729 3194 1797 ἀνηλεεῖ
3225 1728 3320 1779 καὶ
3346 1726 3724 1795 ἀπαρακλήτῳ
3757 1727 3855 1794 τῆς
3879 1726 4008 1776 ἐκεῖ·

2435 1824 2525 1876 θεν
2553 1823 2806 1891 κρίσεως.
2855 1839 2871 1872 ι
2902 1819 3149 1871 Ἀνέλεον
3201 1835 3232 1884 γ
3281 1835 3310 1886 ρ
3342 1817 3445 1885 ἔφη
3498 1818 3595 1886 τὴν
3629 1817 3813 1884 κρίσιν
3836 1814 3913 1883 τῷ
3943 1814 4010 1882 μὴ

2436 1921 2722 1984 ποιήσαντι
2744 1913 2890 1964 ἔλεον
2916 1929 2959 1962 Ἰ
2995 1912 3086 1963 καὶ
3115 1907 3568 1976 κατακαυχᾶσθαι
3589 1908 3739 1958 ελεον
3762 1907 4008 1974 κρίσεως,

2433 2007 2608 2076 τούτῳ
2643 2006 2816 2066 διδοὺς
2848 2004 2990 2073 ἢπερ
3033 2001 3217 2071 ἐκείνῃ
3258 2001 3327 2051 τὰ
3361 1999 3682 2068 νικητήρια.
3723 1997 3889 2048 ’Δλλά
3927 1994 4012 2046 καὶ

2433 2100 2531 2168 τὴν
2562 2101 2744 2150 πίστιν
2772 2096 2916 2148 οὑτω
2947 2093 3154 2146 δεῖσθαί
3189 2109 3322 2162 φησι
3365 2092 3466 2160 τῆς
3504 2091 3782 2158 πράξεως.
3815 2088 3892 2151 ὡς
3920 2088 4013 2140 δεῖ·

2435 2208 2522 2242 ται
2571 2190 2630 2242 τὸ
2692 2189 2848 2256 σῶμα
2906 2185 3000 2238 τοῦ
3047 2185 3394 2251 πνεύματος·
3449 2182 3656 2247 ταύτης
3739 2181 3796 2233 δὲ
3855 2181 4011 2250 χωρίς

2436 2285 2639 2350 νεκρὰν
2698 2276 2808 2332 οἷον
2856 2280 3130 2345 ὑπάρχειν
3164 2277 3332 2344 αὑτὴν
3355 2279 3448 2327 καὶ
3480 2278 3741 2342 ἀνόνητον
3765 2292 3778 2304 ·
3820 2276 3907 2327 ἵνα
3947 2275 4013 2344 μὴ

2437 2375 2497 2423 τὸ
2533 2369 2811 2422 πιστεύειν
2838 2371 3000 2437 μόνον
3031 2365 3419 2435 ἐπιθαρρῶμεν
3474 2367 3568 2417 καὶ
3603 2366 3693 2416 διὰ
3739 2366 3904 2434 κενῆς
3931 2367 4014 2430 ἑγ-

2441 2462 2795 2532 κσιυχώμεθα.
2858 2461 2993 2512 Καὶι
3029 2459 3206 2509 πείθει
3249 2457 3411 2509 τοῦτο
3462 2456 3660 2524 λέγων,
3716 2456 3884 2518 εὐθὺς
3933 2458 4014 2508 τὶν

2451 2554 2703 2624 Ἀϐραὰμ
2764 2553 2856 2603 καὶ
2907 2550 3003 2620 τὴν
3047 2549 3220 2602 Ῥαὰϐ
3259 2549 3530 2617 παράγων
3572 2551 3653 2610 είς
3711 2547 4014 2618 μάρτυρας,

2439 2645 2529 2696 τὸν
2565 2643 2662 2712 μὲν
2695 2643 2831 2711 μετά
2857 2641 2954 2708 τῆς
2985 2640 3222 2700 πίστεως
3253 2643 3347 2692 καὶ
3374 2640 3465 2691 τὸν
3504 2639 3692 2692 Ἰσαὰκ
3726 2638 4019 2708 προσενέγ-

2440 2752 2632 2794 κοντα,
2669 2734 2766 2796 τὴν
2800 2734 2854 2782 δὲ
2886 2735 2997 2792 τοῖς
3033 2734 3406 2793 κατασκόποις
3440 2731 3505 2784 δι’
3541 2733 3733 2800 ἑτέρας
3768 2730 3893 2784 ὀδοῦ
3927 2748 4020 2782 πα-

2443 2823 2890 2895 ραπεμφθεῖσαν.
2924 2821 3031 2873 Καὶ
3068 2820 3118 2870 τί
3153 2838 3220 2888 με
3271 2821 3443 2872 δεῖτά
3477 2823 3597 2874 καθ’
3637 2824 3879 2874 ’ἑκαστον
3911 2826 4020 2891 ἀριο

2441 2917 2698 2988 θμεῖσθαι
2732 2931 2746 2981 ;
2791 2914 2979 2984 σχεδὸν
3013 2914 3120 2983 γὰρ
3150 2912 3268 2965 οὑδὲ
3325 2913 3455 2981 μίαν
3506 2914 3734 2964 ὑπέλιπε
3769 2914 3881 2965 τῶν
3914 2914 4024 2982 ηθιο

2440 3009 2552 3062 κῶν
2590 3008 2822 3077 ἀρετῶν,
2888 3006 3023 3075 πρὸς
3075 3007 3141 3075 ἦν
3203 3007 3302 3057 οὑκ
3355 3005 3578 3075 ἠρέθισε
3618 3004 3710 3056 τὸν
3755 3004 4020 3072 φιλόθεον,

2445 3101 2582 3168 μετά
2612 3099 2808 3149 πολλοὺ
2841 3097 2935 3149 τοῦ
2973 3095 3203 3149 πιθανοῦ
3244 3099 3338 3149 καὶ
3365 3098 3462 3165 τῆς
3490 3099 3736 3167 χάριτος.
3768 3092 3940 3161 Οὗτος
3961 3101 4022 3168 τῇ

772 3208 936 3265 dedit,
974 3199 1143 3266 utqui
1175 3207 1226 3246 et
1256 3195 1307 3244 in
1341 3201 1579 3254 tempore
1603 3183 1908 3240 tacendum,
1944 3188 1995 3230 et
2020 3177 2072 3228 in
2101 3186 2338 3242 tempore

2444 3191 2663 3263 γλώσσῃ
2690 3191 2891 3261 θεσμὸν
2925 3189 3186 3260 ἐπέθηκε,
3212 3191 3426 3259 σιωπᾷν
3453 3207 3512 3241 τε
3538 3191 3682 3243 κατά
3706 3193 3906 3262 καιρὸν
3937 3193 4024 3244 καὶ

769 3295 1054 3351 dicendum
1086 3293 1336 3340 accurate
1369 3280 1608 3333 doceret.
1658 3274 1704 3325 Is
1739 3282 1961 3340 paterne
1993 3268 2147 3321 docet
2189 3268 2339 3331 sequi

771 3388 988 3458 quidem
1025 3379 1334 3433 veritatem,
1383 3386 1410 3422 a
1461 3368 1595 3421 falso
1627 3374 1803 3418 autem
1848 3359 2137 3413 abstinere.
2175 3355 2343 3409 Porro

773 3446 950 3527 autem
988 3469 1224 3534 linguam
1269 3473 1482 3528 quoque
1514 3455 1828 3507 maledicam
1875 3462 1924 3504 et
1967 3446 2342 3502 calumniatri-

772 3581 887 3619 cem
915 3561 1202 3629 plurimum
1233 3561 1476 3605 accusat.
1509 3546 1573 3598 Et
1605 3546 1669 3598 de
1703 3545 2007 3612 propinquo
2038 3539 2342 3593 clanculum

773 3653 1078 3712 detrahere,
1119 3646 1399 3699 autetiam
1436 3653 1558 3692 eum
1604 3637 1872 3705 judicare,
1917 3633 1985 3684 ab
2020 3630 2215 3682 animis
2253 3630 2348 3678 ho-

780 3747 980 3796 minum
1017 3738 1199 3808 procul
1232 3735 1525 3802 propulsat.

845 3832 939 3887 XI.
973 3829 1146 3883 Tuum
1179 3840 1311 3893 opus
1343 3831 1448 3883 est,
1491 3834 1522 3872 ο
1556 3815 1727 3880 Juste,
1759 3814 1948 3868 divites
1979 3826 2191 3881 quoque
2225 3825 2346 3864 rur-

776 3943 869 3982 sus
896 3936 946 3978 et
973 3935 1237 3993 pauperes
1268 3917 1558 3970 admonere
1587 3929 1602 3966 :
1658 3910 1774 3962 illos
1803 3908 2042 3975 quidem,
2074 3919 2141 3957 ne
2176 3905 2346 3955 conli-

781 4018 909 4070 daut
947 4017 998 4065 in
1031 4011 1234 4062 divitiis
1269 4023 1282 4058 :
1321 4007 1420 4057 hos
1444 4014 1643 4065 autem,
1679 4013 1734 4052 ut
1767 3999 1904 4052 mala
1935 3999 2109 4050 ferant
2144 3996 2351 4063 patien-

776 4120 880 4173 ter,
909 4114 962 4158 ut
992 4104 1080 4172 qui
1111 4100 1219 4152 sint
1253 4096 1542 4151 toleranticc
1569 4092 1841 4163 accepturi
1877 4089 2203 4153 mercedem,
2230 4100 2352 4155 quae

780 4215 883 4252 non
936 4204 1110 4263 potest
1161 4191 1360 4244 auferri
1407 4206 1420 4241 :
1479 4199 1531 4241 et
1586 4187 1690 4240 illis
1749 4185 1963 4252 quidem
2020 4177 2351 4235 inﬁdelitatis

782 4295 1160 4358 argumentum
1207 4281 1424 4334 divitias
1468 4279 1726 4347 ohjicere,
1771 4284 1828 4328 ut
1862 4276 1950 4343 qui
1985 4274 2038 4326 in
2073 4273 2152 4326 eis
2179 4269 2349 4324 conﬂ-

783 4385 938 4444 dant,
970 4388 1022 4431 et
1054 4391 1159 4430 non
1188 4373 1240 4426 in
1278 4373 1366 4426 Dei
1394 4373 1536 4436 sinu,
1571 4371 1658 4440 qui
1688 4382 1962 4437 nunquam
1996 4364 2346 4427 exhauritur;

784 4471 870 4524 his
908 4481 1106 4529 autem,
1150 4475 1405 4532 tanquam
1454 4465 1769 4531 prophetam
1821 4461 2169 4522 annuntiare,
2207 4453 2351 4526 quod

2447 3286 2624 3353 λέγειν
2656 3286 3108 3354 ἀκριϐωσὰμενος
3131 3301 3143 3312 ·
3171 3278 3326 3346 οὗτος
3357 3285 3456 3350 τῆς
3487 3284 3585 3351 μὲν
3611 3283 3879 3352 ἀληθείας
3911 3284 4021 3353 ἔχε·

2449 3379 2593 3444 σθαι,
2629 3377 2723 3429 τοῦ
2774 3377 3003 3444 ψεύδους
3037 3377 3091 3427 δὲ
3125 3377 3216 3427 καὶ
3248 3376 3377 3444 μίαν
3406 3375 3709 3444 ἀπέχεσθαι
3743 3374 4022 3445 πατρικῶς

2446 3471 2716 3522 διδάσκει·
2771 3471 2830 3521 οὐ
2884 3468 2992 3536 μὴν
3027 3468 3164 3519 ἀλλὰ
3202 3469 3295 3518 καὶ
3318 3468 3415 3534 τῆς
3451 3468 3746 3535 φιλοψόγου
3785 3467 4022 3536 γλώττης

2449 3562 2543 3612 καὶ
2569 3561 2818 3612 διαϐόλου
2845 3560 3074 3612 πλεῖστα
3101 3560 3415 3624 κατηγορεῖ,
3445 3559 3537 3609 καὶ
3566 3560 3626 3608 τὸ
3645 3559 3823 3627 λαθρα
3861 3561 3918 3612 δὲ
3938 3559 4022 3614 τοῦ

2450 3652 2679 3720 πλησίον
2727 3650 3075 3711 καταλαλεῖν,
3109 3650 3141 3719 ἢ
3181 3648 3275 3699 καὶ
3306 3648 3513 3712 κρίνειν
3555 3647 3652 3714 τῆς
3681 3650 3791 3701 τῶν
3816 3649 4023 3720 ἀνθρώ⁶

2450 3759 2568 3795 πων
2588 3741 2829 3803 διανοίας
2859 3741 3079 3811 μακρὰν
3105 3739 3428 3795 ἀπωθεῖται.

2522 3833 2619 3888 IA'.
2655 3835 2753 3885 Σὺν
2784 3835 2963 3902 ἔργον,
3009 3827 3052 3885 ὦ
3087 3833 3283 3898 δίκαιε,
3335 3832 3517 3886 καὶτὸ
3563 3829 3846 3897 πλουσίοις
3877 3828 4026 3894 αὖθις

2452 3925 2545 3974 καὶ
2570 3925 2763 3990 πένησι
2792 3921 3144 3990 παραινέσαι,
3172 3923 3299 3982 τοὺς
3336 3922 3428 3972 ἐπὶ
3460 3923 3537 3991 τῷ
3571 3923 3790 3994 πλούτῳ
3829 3925 3906 3995 μὴ
3936 3939 4026 3976 πε-

2453 4009 2722 4074 ποιθέναι,
2747 4013 2870 4070 τοὺς
2889 4009 2944 4060 δὲ
2964 4008 3338 4078 μακροθύμως
3371 4009 3556 4078 φέρειν
3581 4011 3656 4074 ὡς
3687 4012 4026 4082 ληψομένους

2457 4101 2646 4168 μισθὸν
2676 4105 2770 4171 τῆς
2816 4102 3094 4171 ὑπομονῆς
3148 4101 3542 4170 ἀναφαίρετον
3604 4105 3886 4166 κάκείνοις
3935 4104 4028 4173 μὶν

2455 4196 2674 4264 ἔλεγχον
2705 4195 2802 4262 τῆς
2848 4195 3105 4256 ἀπιστίας
3158 4197 3251 4247 τὸν
3287 4195 3518 4247 πλοῦτον
3564 4196 3801 4258 τιθέναι,
3831 4197 3928 4248 ἀτε
3969 4195 4027 4264 δὴ

2455 4284 2540 4336 ἐπ’
2575 4284 2720 4354 αὑτῴ
2755 4285 3088 4354 θαρῤήυνασι,
3121 4287 3214 4335 καὶ
3245 4284 3319 4352 μὴ
3351 4285 3574 4345 κόλποις
3615 4287 3726 4346 τοῖς
3759 4283 4027 4352 μηδέποτε

2457 4375 2802 4441 κενουμένοις
2829 4390 2841 4403 ο
2897 4377 3008 4434 τοῖς
3039 4373 3095 4424 δὲ
3131 4369 3220 4425 οἷα
3260 4375 3548 4443 προφήτης
3579 4373 4029 4440 εὐαγγελίζεσθαι

2459 4466 2564 4533 πρὸ
2599 4464 2705 4514 τών
2738 4462 2917 4534 θυρῶν
2949 4465 3170 4517 ἑστάναι
3205 4465 3294 4516 τὸν
3321 4465 3601 4535 κρίναντα.
3640 4464 3714 4518 Τὸ
3745 4465 3802 4518 δὲ
3841 4465 3917 4537 μὴ
3940 4465 4030 4536 τὴν

782 4577 879 4631 pro
918 4558 1119 4613 foribus
1164 4566 1269 4610 stat
1313 4557 1358 4608 is
1411 4554 1499 4623 qui
1533 4553 1760 4622 judicat.
1807 4551 1942 4604 Illud
1999 4560 2203 4610 autem,
2244 4562 2338 4600 nor

2459 4554 2765 4621 ὶπιορκίαν,
2793 4553 2929 4607 ἀλλά
2967 4556 3061 4609 καὶ
3103 4555 3265 4607 αὑτὸν
3297 4557 3386 4609 τὸν
3436 4558 3596 4627 ὅρκον
3623 4558 3812 4621 ἁπλῶς
3847 4560 4029 4631 ἑκτρὲο

782 4652 1071 4722 perjurium
1096 4651 1294 4712 solum,
1314 4649 1404 4701 sed
1433 4648 1514 4700 vel
1537 4648 1711 4715 ipsum
1735 4643 1954 4697 omnino
1976 4639 2352 4710 jusjurandqu

783 4743 1036 4794 declinari
1080 4741 1296 4801 debere,
1349 4737 1633 4805 cujusnam
1679 4736 1924 4798 alterius,
1957 4748 2116 4802 quam
2159 4730 2354 4797 lingua

776 4835 940 4901 justi}:
984 4832 1148 4886 fuerit
1190 4830 1505 4892 admonitio,
1547 4825 1818 4881 dicentis‘
1855 4841 1868 4876 :
1911 4845 1929 4874 ο
1977 4828 2117 4878 Ante
2148 4821 2350 4884 omnia,

783 4924 984 4980 fratres
1018 4924 1142 4985 mei,
1190 4921 1354 4974 nolite
1389 4921 1610 4972 omnino
1653 4917 1863 4986 jurare,
1913 4930 2086 4984 neque
2117 4930 2212 4983 per
2244 4926 2358 4966 cm-

784 5017 920 5078 lum,
979 5027 1150 5080 neque
1195 5025 1288 5079 per
1333 5020 1556 5070 terram,
1590 5022 1761 5077 neque
1796 5007 1961 5060 ullum
2013 5007 2157 5060 aliud
2203 5007 2358 5076 jura-

789 5115 1068 5159 mentum:
1104 5105 1172 5156 sit
1215 5113 1393 5156 autem
1431 5113 1690 5162 vestrum,
1724 5100 1885 5154 Certe
1920 5109 2085 5164 certe,
2127 5109 2200 5164 et,
2238 5099 2354 5152 Non

787 5209 915 5254 non,
977 5208 1042 5244 ne
1094 5192 1192 5244 sub
1240 5192 1442 5258 judicio
1493 5190 1777 5242 decidatis.
1837 5211 1853 5238 υ
1913 5189 2038 5252 Eos,
2089 5191 2177 5258 qui
2229 5199 2355 5243 sunt

788 5296 978 5338 Sereno
1013 5292 1064 5333 et
1115 5279 1406 5349 tranquillo
1439 5280 1640 5341 animo,
1695 5281 1868 5341 docet,
1925 5290 1982 5332 ut
2023 5294 2079 5332 se
2111 5281 2358 5332 muniant

788 5376 1071 5434 oratione;
1121 5389 1232 5435 eos,
1280 5373 1369 5439 qui
1420 5382 1704 5440 aegrotant,
1737 5373 1934 5424 utoleo
1965 5382 2183 5424 utantur
2229 5387 2350 5426 eum

786 5465 1028 5516 oratione
1087 5463 1382 5516 sacerdotis
1433 5465 1498 5514 ad
1543 5463 1873 5525 unctionem,
1909 5471 1966 5516 et
2017 5465 2066 5517 id
2118 5464 2354 5518 habeant

789 5570 886 5622 pro
912 5554 1080 5606 morbi
1120 5554 1406 5617 medicina,
1453 5562 1633 5621 utpote
1673 5555 1814 5622 quod
1848 5555 2044 5616 oratio,
2071 5557 2154 5610 cui
2189 5571 2350 5622 opera

789 5645 962 5695 ferunt
993 5644 1274 5709 auxilium,
1321 5650 1551 5700 maxima
1588 5647 1754 5714 possit
1785 5646 2011 5702 eﬂicere.
2047 5646 2182 5711 Quid
2217 5663 2351 5716 opus

881 5806 900 5835 δ
930 5806 1042 5861 Jac.
1077 5823 1124 5871 ν,
1160 5809 1246 5863 1‘3.

2457 4649 2675 4710 πεσθαι,
2698 4647 2842 4710 τίνος
2876 4647 3042 4716 ἀλλης
3075 4648 3107 4716 ἢ
3139 4646 3236 4716 τῆς
3283 4649 3498 4712 δικαίας
3545 4649 3796 4719 γλώττης
3837 4654 4032 4722 παραίο

2455 4756 2618 4801 νεσις,
2653 4740 2757 4808 πρὸ
2803 4741 3022 4792 πάντων
3075 4737 3375 4808 λεγούσης·
3410 4760 3428 4792 ι
3482 4739 3732 4810 Ἀδελφοί
3793 4759 3919 4811 μου,
3963 4743 4031 4811 μη

2455 4829 2683 4898 ὀμνύετε
2736 4830 2892 4891 ὅλως,
2951 4831 3024 4898 μή
3056 4845 3114 4881 τε
3153 4831 3246 4882 τὸν
3277 4831 3525 4900 οὐρανὸν,
3577 4833 3649 4902 μή
3687 4848 3747 4884 τε
3778 4837 3880 4902 τὴν
3911 4834 4030 4903 γῆν,

2459 4922 2532 4990 μή
2567 4936 2623 4970 τε
2656 4920 2813 4972 ἄλλον
2843 4920 3006 4989 ὅρκον
3029 4922 3148 4974 τινά
3170 4937 3182 4949 ·
3215 4921 3356 4972 ἔστω
3385 4921 3438 4972 δὲ
3465 4923 3618 4992 ὑμῶν
3643 4924 3702 4976 τὸ
3737 4925 3851 4978 Ναὶ
3881 4923 3987 4978 Ναί
4013 4940 4026 4954 ⁶

2452 5011 2545 5062 καὶ
2583 5011 2640 5062 τὸ
2667 5009 2740 5063 Οὓ
2778 5011 2851 5063 υὺ
2873 5027 2886 5041 ο
2923 5012 3007 5062 ῐνα
3037 5013 3110 5080 μὴ
3137 5011 3215 5073 είς
3247 5011 3533 5085 ὑπόκρισιν
3568 5015 3796 5086 πέσητε.
3832 5035 3853 5069 ι
3899 5018 4028 5079 Τοὺς

2452 5101 2826 5169 ένθυμοῦντας
2862 5103 3164 5170 ἀσφάλειαν
3194 5105 3402 5158 ἑαυτῶν
3429 5107 3702 5159 ποιεῖσθαι
3728 5109 3831 5177 τὴν
3864 5125 4030 5179 προσο

2452 5192 2620 5263 ευχὴν
2655 5195 2918 5260 διδάσκει,
2951 5198 3077 5259 τοὺς
3106 5197 3398 5259 νοσοῦντας
3425 5199 3589 5268 ὲλαίῳ
3629 5200 3773 5267 μετά
3797 5217 4030 5270 προσευ-

2454 5288 2554 5356 χῆς
2585 5287 2772 5356 ἱερέως
2803 5290 2880 5350 είς
2901 5288 3129 5359 ἀλοιφὴν
3160 5289 3416 5357 χρῆσθαι,
3449 5293 3542 5340 καὶ
3573 5289 3731 5342 τοῦτο
3759 5292 3859 5361 τῆς
3882 5293 4030 5344 νόσον

2465 5381 2640 5431 ποιεῖν
2676 5380 2843 5448 ῐαμαο
2877 5379 2950 5442 ὡς
2997 5382 3095 5448 τῆς
3127 5381 3293 5450 εὐχῆς
3323 5383 3431 5450 ἀρα
3463 5382 3562 5450 τῆς
3604 5381 3693 5435 διά
3723 5383 3834 5435 τῶν
3860 5384 4030 5452 ιργων

2465 5467 2860 5539 βοηθουμένης,
2892 5473 3137 5539 ἐνεργεῖν
3167 5473 3234 5522 τὰ
3267 5473 3498 5541 μέγιστα
3524 5471 3854 5541 δυναμένης.
3885 5475 3946 5525 Τί
3980 5474 4030 5525 δὲ

2463 5556 2569 5628 χρὴ
2591 5559 2659 5611 τὰ
2682 5560 2777 5629 τῆς
2803 5559 3059 5626 γλυκείας
3082 5559 3280 5630 ταύτης
3299 5559 3616 5630 Ἐπιστολῆς
3642 5561 3824 5614 πάντα
3857 5562 4030 5617 an)“-

2465 5651 2600 5718 δεῖν,
2638 5653 2757 5716 ἐξὸν
2793 5654 3138 5723 ἐντυγχάνειν
3169 5655 3306 5723 αὑτῇ
3335 5653 3410 5723 τῷ
3444 5653 3760 5724 βουλομένῳ
3788 5656 4031 5709 κάκεῖθεν
