4180 6492
747 425 858 490 223

2055 431 2342 492 MENSIS
2383 431 2647 492 MAIUS.
2681 499 2684 501 Α

3899 439 3994 500 224

749 545 951 604 potest,
985 537 1032 592 si
1066 547 1150 594 est
1176 537 1318 594 Deus
1349 552 1471 595 vere
1510 551 1724 612 potens.
1782 541 1860 597 Ex
1895 543 1998 597 hoc
2045 542 2186 613 ipso,
2235 541 2317 595 ln-

2421 539 2544 606 τός;
2584 541 2641 594 '0
2671 541 2826 610 ἀγιος
2879 544 3133 608 ’Δκάκιος
3154 542 3307 600 εὶπεν
3331 565 3344 579 ·
3390 549 3483 602 Ἐκ
3513 553 3707 604 τούτου
3732 552 3843 621 γάρ
3868 554 3993 621 μάλα

745 625 866 692 quit
911 625 1186 692 Aeacius,
1215 643 1366 688 eum.
1419 644 1480 684 ac
1536 632 1656 699 ejus
1695 631 1991 686 bonitatem
2035 641 2084 686 et
2129 641 2320 700 poten-

746 715 878 767 tiam
909 728 1236 782 cognoscere
1265 728 1439 786 potes,
1479 723 1620 788 quod
1655 737 1774 775 cum
1813 722 2023 790 injuria:
2049 725 2122 778 illi
2158 727 2313 792 liant,

750 820 855 858 non
900 807 1080 860 statim
1113 823 1299 874 pmnas
1329 810 1482 863 vobis
1521 810 1709 877 refert,
1746 816 1839 868 sed
1886 816 2088 871 diutius
2118 833 2314 889 exspe-

746 903 879 956 ctat,
914 905 970 947 ut
1006 911 1100 949 vos
1133 897 1354 952 Graecos
1399 901 1675 967 poeniteat,
1708 903 1799 970 qui
1834 905 2037 958 cultum
2073 917 2125 960 et
2157 923 2318 964 vene-

749 989 1016 1040 rationem
1053 987 1162 1042 Deo
1191 1000 1600 1061 cangruentem,
1624 995 1957 1050 daemonibus
1976 997 2205 1055 aﬂ‘ertis.
2236 1001 2316 1056 Ad

751 1077 866 1130 haec
895 1088 949 1129 et
984 1093 1292 1142 servorum,
1326 1083 1418 1147 qui
1456 1081 1503 1135 ei
1537 1084 1676 1150 grati
1710 1095 1860 1147 sunt,
1898 1088 2217 1143 electionem
2254 1104 2317 1145 ac

747 1183 1092 1237 progressum
1132 1173 1238 1224 hoc
1271 1171 1429 1224 modo
1458 1174 1781 1240 compellere
1812 1176 1946 1230 vnlt.
1998 1179 2186 1246 Itaque
2219 1181 2320 1234 hoc

750 1259 1089 1326 providentia
1125 1261 1316 1316 utitur.
1348 1263 1478 1316 Nam
1513 1264 1555 1317 si
1588 1266 1773 1318 statim
1801 1271 1952 1322 vobis
1990 1285 2206 1338 pmnam
2239 1274 2318 1324 irt-

750 1347 895 1403 ferre
933 1348 1112 1416 vellet,
1143 1362 1196 1405 et
1228 1367 1320 1406 vos
1355 1354 1453 1423 ipsi
1495 1355 1544 1408 in
1577 1368 1895 1424 perpetuum
1925 1362 2240 1428 periissetis,
2264 1373 2320 1418 et

747 1439 918 1504 ipsius
949 1442 1092 1494 servi
1121 1443 1387 1497 manifesti
1423 1461 1526 1499 non
1555 1447 1785 1512 fierent;
1828 1452 1956 1518 quin
1997 1453 2159 1505 etiam
2193 1470 2318 1524 gra-

748 1529 836 1582 tiae
866 1532 1035 1598 ipsius
1066 1536 1305 1602 potentia
1357 1537 1532 1591 otiosa
1561 1544 1973 1606 permansisset.
2030 1543 2317 1610 Quomodo

743 1624 890 1676 enim
928 1622 1191 1680 Dominus
1225 1639 1409 1682 noster
1433 1629 1668 1698 gloriose
1720 1631 1928 1687 laudari
1962 1649 2165 1703 posset,
2214 1639 2314 1692 nisi

745 1715 1000 1766 diuturna
1029 1715 1082 1768 in
1122 1719 1321 1770 vestris
1378 1719 1676 1773 sceleribus
1719 1724 2004 1788 puniendis
2061 1728 2314 1795 patientia

747 1806 1024 1859 uteretur?
1053 1807 1208 1861 Nunc
1240 1823 1366 1861 vero
1417 1810 1528 1864 haec
1579 1812 1649 1864 ita
1685 1811 1796 1865 fieri
1827 1815 2111 1882 permittit,
2154 1830 2210 1872 ut
2262 1829 2316 1874 et

2419 630 2529 694 λον,
2555 632 2804 698 δικαστά,
2831 635 3069 703 ὀφείλεις
3102 638 3367 708 γνωρίσαι
3401 641 3586 702 αὐτὸν,
3617 645 3712 694 καὶ
3735 641 3838 711 τὴν
3869 643 3994 710 ἀγα-

2419 721 2617 791 θότητα
2646 724 2833 787 αὑτοῦ,
2867 726 2961 778 καὶ
2986 726 3082 797 τὴν
3106 726 3360 797 δύναμιν,
3391 730 3473 782 ὅτι
3513 732 3605 783 καὶ
3639 732 3993 800 ὑϐριζόμενος

2417 811 2516 864 οὐκ
2553 813 2754 876 εύθέως
2788 815 3213 871 ἀνταποδίδωσιν
3243 821 3372 890 ἡμῖν
3394 859 3409 884 ,
3439 822 3800 891 ἐκδεχόμενος
3845 826 3992 892 ὑμῶν

2415 902 2524 954 τῶν
2571 902 2839 972 Ἑλλήνων
2886 907 2986 974 τὴν
3024 910 3313 976 μετάνοιαν
3365 913 3459 964 καὶ
3493 914 3864 983 ἐπιστροφὴν,
3893 917 3993 966 τῶν

2414 993 2476 1046 τὸ
2498 993 2644 1062 αύτῷ
2671 997 2881 1063 πρέπον
2919 997 3082 1060 σέϐας
3118 1002 3229 1061 τοῖς
3268 1000 3487 1070 δαίμοσι
3533 1005 3989 1073 προσφερόντων

2417 1084 2497 1137 ἔτι
2549 1085 2604 1138 δὲ
2661 1089 2756 1139 καὶ
2815 1088 2922 1140 τῶν
2956 1089 3400 1159 εύαρεστούντων
3446 1095 3590 1163 αύτῷ
3635 1095 3844 1148 δούλων
3899 1097 3991 1165 τὴν

2418 1176 2648 1244 ἐκλογὴν
2675 1179 2770 1230 καὶ
2804 1179 3090 1250 προκοπὴν
3128 1181 3453 1250 βουλόμενος
3486 1173 3801 1251 ὲκτελέσαιξ
3824 1189 3991 1251 οὕτως

2418 1266 2795 1338 ᾠκονόμησεν.
2832 1269 2894 1321 El
2926 1272 3034 1339 γὰρ
3069 1271 3330 1338 ἠϐούλετο
3378 1274 3576 1335 εὐθέως
3605 1276 3737 1344 ὑμῖν
3765 1278 3990 1329 ἀποδοῦ-

2418 1377 2506 1411 ναι
2539 1362 2630 1412 καὶ
2660 1361 2799 1430 ὑμᾶς
2823 1363 3161 1418 ἀπόλλυσθαι
3187 1365 3440 1430 αἰωνίως,
3473 1371 3565 1420 καὶ
3603 1371 3654 1420 οῖ
3687 1369 3873 1421 δοῦλοι
3903 1371 3993 1422 αὖ·

2418 1448 2509 1501 τοῦ
2537 1450 2637 1502 οὐκ
2689 1452 2927 1518 ἐγίνοντο
2971 1455 3215 1522 φανεροὶ,
3267 1455 3403 1508 ἀλλά
3449 1457 3538 1509 καὶ
3578 1457 3874 1527 ἡδύναμις
3903 1459 3994 1527 τῆς

2417 1536 2642 1605 χάριτος
2677 1538 2842 1590 αὑτοῦ
2883 1541 3027 1610 ἀργὴ
3068 1541 3332 1611 διέμενεν.
3369 1545 3476 1598 Καὶ
3507 1547 3623 1609 πῶς
3667 1543 3818 1616 εἶχεν
3849 1549 3995 1614 δοξα-

2419 1628 2610 1695 σθῆναι
2663 1630 2690 1680 ό
2745 1631 2948 1698 Κύριος
2984 1634 3140 1701 ἡμῶν
3199 1634 3406 1703 Ἰησοῦς
3437 1637 3699 1705 Χριστὸς,
3735 1642 3782 1691 εί
3821 1643 3894 1708 μὴ
3931 1637 3994 1711 ἦν

2419 1719 2777 1788 μακρόθυμος
2811 1723 2901 1772 ἐπὶ
2931 1724 3048 1784 ταῖς
3080 1725 3365 1794 πονηρίαις
3398 1727 3586 1795 ὑμῶν;
3626 1729 3744 1781 Νῦν
3776 1730 3834 1782 δὲ
3869 1747 3994 1798 συγ-

2416 1814 2586 1880 χωρεῖ
2612 1811 2783 1863 ταῦτα
2817 1813 2991 1875 οὕτως
3025 1815 3300 1880 γενέσθαι,
3338 1817 3424 1871 ἵνα
3455 1819 3547 1871 καὶ
3589 1819 3750 1888 ὑμεῖς
3778 1822 3894 1873 ὅσοι
3939 1824 3995 1875 οὗ

747 1912 864 1961 vos,
892 1898 982 1966 qui
1039 1914 1142 1951 non
1189 1899 1525 1968 resipiscitis,
1559 1904 1649 1956 sed
1681 1906 1991 1960 diuturnam
2030 1909 2198 1976 ipsius
2233 1928 2317 1980 pa-

2423 1908 2755 1970 μετανοεῖτε,
2784 1905 2917 1958 ἀλλά
2952 1909 3402 1973 καταπτύσαντες
3426 1911 3525 1979 τῆς
3554 1913 3756 1982 ἀνοχῆς
3782 1915 3879 1966 καὶ
3905 1916 3997 1984 τῆς

746 1989 991 2042 tientiam
1025 2001 1362 2057 respuentes,
1388 1993 1442 2045 in
1464 2004 1642 2048 vestra
1667 1997 1867 2048 saevitia
1906 2000 2222 2064 persistitis,
2257 2014 2312 2056 et

747 2077 819 2132 ab
853 2092 918 2132 eo
955 2079 1121 2149 magis
1155 2082 1433 2150 magisque
1484 2083 1868 2152 desciscentes,
1922 2091 1986 2142 ad
2035 2090 2314 2146 interitum

746 2173 1075 2236 properatis,
1135 2183 1312 2225 vestra
1361 2173 1514 2241 culpa
1565 2176 2027 2244 condemnemini,
2084 2190 2139 2234 et
2193 2198 2311 2248 nos,

747 2258 839 2323 qui
869 2259 987 2326 ejus
1033 2261 1317 2328 imperium
1352 2266 1690 2332 agnovimus.
1745 2280 2004 2336 perpetuo
2052 2286 2172 2325 cum
2226 2273 2316 2329 illo

747 2349 1015 2403 vivamus.
1042 2353 1179 2417 Quin
1202 2354 1366 2407 etiam
1396 2355 1564 2423 ipsius
1602 2355 1770 2422 gloria
1794 2359 1844 2411 in
1871 2359 1976 2414 illis
2003 2362 2316 2419 hominibus

748 2440 1088 2495 manifestior
1120 2445 1229 2508 lict,
1256 2445 1345 2514 qui
1376 2445 1579 2501 scelera
1613 2461 1707 2500 sua
1730 2462 2201 2516 recognoscentes,
2237 2454 2316 2508 vi-

749 2537 858 2580 tam
899 2531 1329 2588 emendaverint.

823 2617 934 2674 νη.
971 2619 1125 2674 Tunc
1159 2621 1452 2681 Bibianns:
1491 2624 1728 2682 Litteras
1754 2629 1934 2684 forsan
1967 2631 2221 2699 didicisti,
2246 2637 2316 2691 ob

749 2710 912 2778 idque
952 2715 1029 2764 sic
1077 2712 1278 2768 diserte
1324 2719 1642 2783 respondes.
1676 2719 1810 2774 Nam
1866 2739 1958 2790 per
1993 2726 2122 2778 deos
2172 2728 2318 2794 ipsos

750 2814 1060 2854 sermonem
1121 2806 1314 2857 rationi
1355 2818 1780 2863 consentaneum
1825 2813 2080 2879 habuisti,
2132 2825 2187 2867 ut
2221 2817 2318 2870 lto-

754 2889 960 2943 minum
999 2893 1226 2946 salutem
1259 2894 1361 2948 sub
1397 2896 1486 2950 Dei
1530 2901 1770 2965 potentia
1822 2917 1944 2956 esse
1975 2906 2313 2964 ostenderes.

755 2982 832 3037 Ex
858 2984 957 3038 hoc
987 2986 1126 3056 ipso,
1166 2987 1337 3058 inquit
1375 2989 1625 3059 Aeacius,
1663 2995 1754 3050 Dei
1795 2997 2034 3053 omnium
2070 2999 2316 3056 domina-

751 3075 883 3128 toris
916 3078 1212 3144 potentiam
1247 3089 1300 3132 et
1334 3082 1564 3147 gratiam
1616 3099 1912 3152 agnoscere
1967 3101 2140 3156 potes,
2174 3093 2317 3161 quod

2423 1993 2802 2063 μακροθυμίας
2821 1997 2987 2048 αὑτοῦ
3043 2000 3309 2067 ἐμμένετε
3349 2003 3413 2070 τῇ
3441 2000 3685 2069 ὠμότητι
3725 2003 3883 2070 ὑμῶν
3912 2005 3998 2057 καὶ

2419 2088 2483 2153 τῇ
2508 2087 2804 2140 ἀποστάσει
2827 2089 2924 2158 τῆς
2970 2091 3244 2154 ἀπωλείας
3276 2093 3726 2162 αύτοκατάκριτοι
3759 2095 3997 2166 γίνησθε,

2418 2177 2513 2230 καὶ
2543 2179 2701 2246 ἡμεῖς
2756 2180 2812 2233 δὲ
2859 2183 2924 2233 ἐκ
2977 2181 3291 2251 προθέσεως
3325 2185 3426 2252 τὴν
3464 2186 3792 2238 δεσποτείαν
3834 2187 3996 2240 αὑτοῦ

2418 2266 2748 2332 ἐπιγνόντες,
2771 2270 3024 2339 ζήσωμεν
3047 2272 3229 2335 ἀῐδίως
3263 2274 3358 2326 σὺν
3385 2275 3555 2338 αὐτῷ,
3610 2277 3705 2328 καὶ
3740 2279 3772 2345 ἡ
3795 2278 3924 2343 δόξα
3947 2278 3997 2331 δὲ

2420 2355 2586 2407 αὑτοῦ
2635 2359 2920 2429 φανερωθῇ
2956 2360 3047 2416 διὰ
3097 2362 3208 2414 τῶν
3241 2364 3650 2431 μετανοούντων
3695 2368 3997 2437 ἀνθρώπων

2421 2450 2516 2502 καὶ
2536 2452 2936 2524 διορθουμένων
2963 2455 3052 2508 τὸν
3082 2455 3294 2509 ἑαυτῶν
3326 2455 3461 2526 βίον.

2495 2630 2568 2685 Ζ’.
2604 2631 2850 2696 Βιϐιανδς
2901 2629 3056 2686 εἶπεν
3079 2652 3091 2666 ⁸
3144 2637 3390 2702 Ἀκάκιε,
3429 2638 3630 2709 ἔμαθες
3666 2644 3997 2713 γράμματα.

2419 2720 2498 2772 ὅτι
2531 2720 2699 2780 οὕτως
2718 2724 2997 2790 προσόχως
3014 2726 3284 2795 ἀποκρίνῃ
3305 2743 3319 2758 ⁸
3349 2730 3425 2794 μά
3443 2731 3569 2792 τοὺς
3601 2732 3762 2796 θεοὺς
3790 2735 3998 2802 ἐνδεχό-

2422 2828 2580 2880 μενον
2607 2812 2760 2878 λόγον
2793 2809 2970 2877 εἶπας,
3001 2816 3124 2868 ὅσον
3171 2816 3229 2869 τὸ
3265 2818 3359 2870 ὑπ’
3391 2819 3639 2884 ἐξουσίαν
3669 2819 3812 2875 εἶναι
3869 2825 3997 2878 Θεοῦ

2417 2905 2648 2975 τὴντῶν
2682 2906 2986 2975 ἀνθρώπων
3043 2909 3344 2978 σωτηρίαν.
3413 2909 3471 2962 Ὀ
3524 2913 3680 2978 ἅγιος
3745 2914 3999 2982 Ἀκάκιος

2420 2992 2570 3050 εὶπεν
2592 3015 2607 3030 ο
2654 2998 2742 3052 Ἔν
2771 2999 2944 3069 τούτῳ
2976 3000 3083 3072 γάρ
3120 3003 3344 3071 μᾶλλον,
3404 2996 3448 3056 ὦ
3485 3003 3739 3071 δικαστά,
3767 3007 4000 3076 ὀφείλεις

2421 3087 2684 3155 γνωρίσαι
2722 3089 2821 3157 τὴν
2871 3089 3102 3160 δύναμιν
3134 3095 3229 3144 καὶ
3263 3095 3362 3163 τὴν
3403 3095 3563 3164 χάριν
3611 3097 3706 3148 τοῦ
3733 3098 3875 3152 Θεοῦ
3911 3099 3997 3153 τοῦ

749 3178 872 3217 cum
910 3181 1016 3219 non
1050 3168 1332 3223 didicerim
1396 3171 1605 3229 litteras
1655 3175 1794 3242 illas,
1831 3195 1950 3247 qua
1985 3183 2138 3237 vobis
2165 3183 2316 3240 valde

2422 3178 2636 3231 πάντων
2659 3179 2816 3249 ἡμῶν
2841 3182 3131 3246 Δεσπότου,
3157 3183 3238 3234 ὅτι
3269 3183 3341 3251 μὴ
3369 3184 3631 3252 μαθόντος
3657 3187 3723 3239 τά
3741 3187 3998 3243 δοκοῦντα

749 3252 1015 3320 Optabiles
1043 3256 1313 3322 videntur,
1348 3260 1451 3314 nisi
1495 3271 1704 3318 tantum
1736 3282 1902 3335 pauca
1956 3274 2199 3338 quaedam
2250 3277 2316 3330 ad

752 3343 1058 3396 divinarum
1110 3345 1434 3403 Litterarum
1488 3352 1776 3407 lectionem
1820 3363 2148 3424 necessaria,
2206 3363 2320 3433 ipse

751 3433 895 3486 Deus
919 3449 1016 3502 pro
1049 3439 1204 3492 nobis
1236 3440 1640 3497 miserabilibus
1664 3448 1775 3499 suis
1801 3452 1974 3504 servis
2009 3457 2318 3520 respondet,

751 3522 992 3594 facitque
1036 3537 1095 3580 ut
1120 3530 1186 3582 ab
1217 3531 1470 3587 omnibus
1517 3535 1846 3600 hominibus,
1898 3543 2026 3609 quin
2063 3545 2223 3597 etiam
2266 3555 2322 3601 ut

750 3623 805 3671 et
833 3629 862 3669 a
897 3617 1047 3672 vobis
1073 3618 1223 3687 ipsis,
1273 3624 1362 3690 qui
1395 3627 1592 3676 eruditi
1642 3629 1793 3690 estis,
1827 3630 2134 3688 laudemur.
2181 3635 2316 3690 Nam

751 3717 808 3761 et
833 3709 902 3762 ab
945 3710 1102 3764 initio
1134 3727 1256 3766 cum
1296 3713 1719 3783 dispensationis
1764 3717 1956 3774 divinze
1998 3738 2131 3792 opus
2162 3727 2321 3795 perfi-

751 3810 918 3868 ceret,
949 3810 1003 3858 et
1045 3817 1197 3858 suum
1231 3805 1395 3873 ipsius
1433 3822 1652 3878 regnum
1689 3810 1806 3863 Orbi
1859 3821 2124 3865 terrarum
2182 3831 2318 3881 prae.

751 3894 1037 3948 dicandum
1072 3907 1313 3958 curaret,
1349 3914 1453 3950 non
1482 3899 1798 3955 hominibus
1828 3917 2023 3969 genere
2052 3915 2138 3957 aut
2176 3905 2322 3960 divi-

754 3985 864 4050 tiis,
889 3988 1213 4042 orationisve
1235 3999 1327 4041 aut
1346 3989 1641 4044 litterarum
1668 3992 1921 4049 facultate
1947 4000 2323 4059 praestantibus

755 4078 820 4128 ad
863 4077 1135 4147 Evangelii
1179 4080 1262 4134 sui
1297 4082 1751 4151 prmdicatiouem,
1783 4087 2250 4153 sedpiseatoribus
2272 4100 2326 4143 et

753 4167 1078 4235 publicanis,
1115 4185 1176 4223 ac
1209 4173 1535 4239 pauperibus
1563 4173 1887 4243 quibusdam
1922 4192 2050 4230 usus
2077 4189 2178 4233 est.
2209 4179 2324 4236 lloc

751 4267 935 4309 autem
974 4259 1120 4325 fecit,
1153 4272 1210 4313 ut
1240 4261 1355 4330 ejus
1387 4266 1647 4332 potentia,
1681 4281 1799 4335 qua:
1840 4278 2077 4323 mentem
2110 4286 2324 4326 omnem

751 4362 1066 4416 exsuperat,
1108 4364 1551 4420 cognosceretur,
1587 4367 1772 4412 sancto
1811 4372 1875 4414 ac
1920 4359 2100 4415 divino
2120 4361 2326 4432 Spiritu

754 4441 871 4507 ejus
925 4443 1214 4511 discipulos
1256 4445 1564 4510 adiuvante.

2421 3269 2549 3339 ὑμῖν
2582 3272 3026 3340 περισπούδαστα
3070 3272 3397 3340 γράμματα,
3446 3276 3494 3325 εί
3530 3275 3605 3344 μὴ
3649 3277 3814 3344 μόνον
3847 3281 3999 3346 ὀλίγα

2421 3365 2553 3428 πρὸς
2577 3361 2674 3427 τὴν
2705 3361 3013 3425 ἀνάγνωσιν
3044 3360 3151 3412 τῶν
3184 3360 3344 3411 θείων
3375 3361 3627 3430 Γραφῶν,
3658 3367 3826 3430 αὐτὸς
3863 3369 4000 3440 ὑπὲρ

2421 3450 2577 3518 ἡμῶν
2603 3450 2711 3501 τῶν
2740 3449 2991 3501 ἐλεεινῶν
3051 3449 3253 3503 δούλων
3285 3452 3450 3504 αὐτοῦ
3485 3454 3750 3522 ἀπολογεῖ
3798 3476 3860 3510 τε
3911 3464 4001 3515 καὶ

2423 3545 2565 3592 ποιεῖ
2619 3541 2723 3594 ὑπὸ
2789 3541 3007 3596 πάντων
3064 3542 3388 3614 ἀνθρώπων,
3427 3544 3561 3598 ἀλλά
3604 3550 3699 3602 καὶ
3731 3551 3822 3618 ὑφ’
3849 3553 4000 3622 ὑμῶν

2420 3630 2530 3684 τῶν
2554 3633 3006 3703 πεπαιδευμένων
3033 3636 3375 3690 ἐπαινεῖσθαι
3397 3653 3409 3667 ⁸
3444 3642 3537 3710 καὶ
3567 3643 3675 3712 γὰρ
3704 3645 3801 3696 ἀπ’
3825 3646 3999 3716 ἀρχῆς

2422 3723 2647 3791 πληρῶν
2675 3723 2772 3786 τὴν
2799 3726 3113 3791 οἰκονομίαν
3139 3728 3232 3778 καὶ
3270 3728 3480 3795 μέλλων
3515 3731 3818 3798 κηρύσσειν
3839 3738 3895 3787 ὲν
3925 3737 3999 3804 τῷ

2423 3811 2615 3878 κόσμῳ
2647 3809 2744 3877 τὴν
2793 3810 2989 3862 ἑαυτοῦ
3025 3811 3324 3880 βασιλείαν,
3358 3816 3457 3868 οὐκ
3481 3817 3751 3887 ἐχρήσατο
3794 3823 4000 3893 ἀνθρώ-

2425 3917 2545 3963 ποις
2575 3900 2606 3971 ἢ
2643 3900 2811 3967 γένει,
2851 3901 2882 3970 ἢ
2914 3900 3151 3972 πλούτῳ,
3183 3903 3215 3974 ἢ
3246 3903 3410 3974 λόγῳ,
3444 3905 3475 3975 ἢ
3511 3907 3810 3978 γράμμασι
3839 3913 3997 3967 δυνα-

2422 3996 2534 4052 τοῖς
2564 3994 2698 4060 πρὸς
2731 3991 2792 4044 τὸ
2826 3993 3090 4062 κήρυγμα
3120 3993 3214 4046 τοῦ
3262 3996 3617 4064 Εὐαγγελίου,
3640 3999 3758 4052 ἀλλ’
3793 4003 3998 4058 ἁλιεῦσι

2425 4083 2520 4134 καὶ
2550 4081 2831 4143 τελώναις,
2872 4084 2967 4134 καὶ
2994 4085 3272 4148 παντελῶς
3306 4089 3364 4138 ἐν
3385 4095 3629 4156 πτωχαῖς
3661 4095 3998 4158 περιουσίαις

2426 4172 2720 4242 ἀχρήσατο.
2776 4174 2946 4228 Τοῦτο
2975 4175 3032 4230 δὲ
3086 4178 3340 4243 ἐποίησεν
3369 4180 3398 4229 ό
3432 4179 3818 4250 φιλάνθρωπος
3849 4183 3998 4248 Θεὸς,

2428 4263 2510 4317 ῖνα
2541 4266 2574 4332 ἡ
2606 4265 3021 4333 ὑπερϐάλλουσα
3049 4269 3226 4320 πάντα
3253 4269 3377 4320 νοῦν
3401 4267 3631 4339 δύναμις
3657 4271 3827 4324 αὐτοῦ
3866 4291 3999 4341 γνω-

2430 4357 2611 4426 ρισθῇ,
2652 4357 2746 4408 τοῦ
2779 4356 2923 4410 θείου
2946 4358 3039 4410 καὶ
3059 4357 3216 4426 ἁγίου
3250 4358 3568 4430 Πνεύματος
3597 4364 3657 4416 ἑν
3690 4366 3828 4418 πᾶσι
3874 4383 3996 4417 συν-

2429 4447 2714 4517 εργοῦντος
2736 4447 2942 4511 αὐτοῖς.

830 4528 960 4584 \‘lll.
996 4532 1133 4618 Post
1153 4534 1266 4588 haec
1281 4535 1442 4603 iudex
1471 4557 1484 4593 :
1511 4538 1779 4596 Omittcns
1812 4557 1931 4613 ego,
1957 4546 2096 4614 quod
2119 4563 2307 4617 oppor-

2490 4540 2571 4593 H'.
2619 4541 2676 4593 '0
2728 4540 2986 4611 δικαστὴς
3019 4536 3214 4595 εἶπεν⁹
3266 4543 3408 4612 Ἐγὼ
3437 4545 3604 4608 ιάσας
3657 4546 3719 4598 τδ
3765 4548 3998 4620 καίριον,

754 4623 885 4674 tune
919 4624 1045 4676 mibi
1100 4624 1405 4680 faciendum
1439 4639 1544 4694 est,
1606 4640 1782 4686 tecum
1821 4649 2018 4704 nugor,
2051 4637 2151 4706 qui
2192 4640 2319 4695 talia

758 4715 1005 4770 disseris.
1040 4717 1116 4769 Tu
1149 4719 1258 4772 seis
1308 4721 1696 4790 imperatorum
1726 4727 1896 4779 edicta
1930 4731 2073 4784 omni
2116 4741 2323 4788 terrore

759 4805 912 4873 plena
937 4807 1086 4862 vobis
1114 4813 1390 4879 proposita
1431 4828 1574 4878 esse,
1611 4825 1665 4867 ut
1692 4831 1785 4871 vos
1823 4816 2108 4875 Christiani
2143 4824 2320 4877 homi-

759 4913 859 4953 nes
891 4899 970 4954 vel
995 4902 1339 4967 saeribcetis,
1379 4919 1432 4960 et
1461 4908 1590 4960 deos
1640 4908 1786 4977 ipsos
1815 4912 2028 4976 colatis,
2055 4914 2109 4967 in
2146 4916 2325 4969 omni-

761 4988 863 5044 bus
895 4991 1054 5046 rebus
1089 5008 1183 5048 vos
1213 4980 1318 5049 illis
1350 4996 1698 5065 subjicientes
1734 5009 1894 5069 atque
1944 5019 2010 5058 eo
2043 5007 2201 5059 modo
2227 5006 2327 5060 ho-

762 5095 922 5135 nores
999 5083 1068 5137 ab
1144 5086 1250 5138 illis
1312 5090 1668 5156 reponetis:
1730 5093 1831 5156 vel,
1901 5094 1944 5148 si
2014 5097 2325 5154 sacrificare

763 5172 1067 5240 nolueritis,
1102 5177 1562 5245 condetnnemini,
1615 5193 1669 5237 et
1719 5185 1996 5253 suppliciis
2037 5203 2102 5240 ac
2152 5190 2324 5256 penis

760 5264 1144 5347 subjiciamini.
1202 5267 1370 5325 Velim
1424 5272 1586 5343 igitur
1629 5276 1799 5340 dicas,
1855 5294 1979 5330 nunt
2036 5278 2142 5332 diis
2195 5280 2325 5348 ipsis

762 5342 1055 5423 nacrilices,
1087 5371 1141 5414 et
1170 5359 1375 5426 legibus
1407 5342 1769 5433 obtemperes,
1804 5381 1870 5420 an
1902 5379 1951 5421 te
1981 5370 2031 5423 id
2055 5367 2322 5424 facturum

765 5463 946 5516 neges.
984 5449 1280 5517 Respondit
1313 5454 1579 5510 Aeacius:
1608 5457 1761 5526 Saepe
1791 5468 1844 5509 et
1870 5474 1900 5515 α
1938 5459 2118 5512 Firmo
2157 5461 2324 5514 inter-

766 5553 1003 5609 rogatus,
1037 5545 1400 5601 Christianum
1430 5565 1511 5602 me
1541 5566 1659 5604 esse
1692 5549 1972 5605 confessus
2004 5570 2142 5606 sum.
2174 5555 2322 5616 Quod

771 5645 904 5698 ergo
940 5634 1072 5696 dixi,
1133 5636 1322 5690 iterum
1367 5640 1508 5702 dico,
1567 5658 1648 5696 me
1686 5643 2054 5697 Christianum
2106 5660 2243 5707 esse,
2274 5659 2326 5700 et

771 5724 997 5790 impuris
1029 5726 1360 5784 dwmonibus
1412 5748 1514 5785 non
1572 5735 1898 5788 sacriﬁcare.
1968 5736 2097 5804 Ego.
2154 5738 2322 5806 inquit

767 5813 946 5881 iudex.
995 5818 1151 5870 etiam
1195 5836 1331 5875 nunc
1372 5833 1580 5877 atatem
1612 5825 1766 5880 istam
1795 5836 1934 5879 tuam
1961 5829 2322 5882 misericordia

2420 4630 2496 4693 ὡς
2517 4631 2687 4683 εἰπεῖν
2708 4632 2857 4701 ληρῶ
2885 4633 3022 4701 μετά
3048 4633 3142 4686 σοῦ
3171 4634 3396 4687 τοιαῦτα
3417 4636 3825 4706 διαλεγόμενοςο
3854 4636 3998 4703 οἶδας

2422 4724 2498 4788 δὲ,
2525 4725 2602 4777 ὅτι
2635 4725 2834 4786 παντὸς
2866 4723 3034 4791 φόῦου
3064 4725 3195 4794 ἡμῖν
3240 4728 3358 4779 ἐστι
3387 4725 3627 4796 γέμοντα
3653 4729 3722 4783 τά
3757 4733 3997 4800 προστά-

2424 4831 2612 4884 γματα
2640 4816 2742 4868 τῶν
2775 4814 3213 4886 αὐτοκρατόρων,
3239 4817 3382 4869 ὥστε
3405 4816 3438 4886 ἢ
3471 4817 3699 4882 θύοντας
3715 4823 3814 4873 καὶ
3839 4821 3999 4892 etpa-

2430 4905 2695 4969 πεύοντας
2716 4907 2842 4969 τοὺς
2869 4904 3024 4970 θεοὺς
3058 4908 3202 4977 ὑμᾶς
3239 4907 3363 4968 τοὺς
3385 4909 3755 4979 Χριστιανοὺς
3787 4914 3847 4966 εν
3869 4914 3998 4967 πᾶσί

2429 5013 2489 5050 τε
2528 4997 2803 5068 ὑπηκόους
2839 4998 3038 5062 αὐτοὺς
3109 5000 3440 5070 γενομένους
3485 5000 3581 5054 καὶ
3633 5003 3806 5071 τιμὰς
3870 5005 3998 5073 παρ’

2425 5088 2600 5142 αὐτῶν
2632 5088 2975 5158 κομίζεσθαι,
3004 5092 3129 5153 τοὺς
3158 5091 3215 5144 δὲ
3250 5092 3322 5161 μὴ
3368 5091 3598 5154 θύοντας
3630 5099 3996 5163 τιμωρεῖσθαι

2427 5181 2568 5233 κατά
2585 5181 2802 5251 κράτος.
2822 5181 2980 5243 Θύεις
3009 5180 3101 5234 οὖν
3124 5185 3236 5245 τοῖς
3260 5182 3402 5243 θεοῖς
3425 5183 3520 5234 καὶ
3548 5181 3873 5254 πειθαρχεῖς
3893 5189 4000 5249 τοῖς

2423 5277 2610 5346 νόμοις
2637 5277 2745 5344 τῶν
2780 5277 3066 5346 βασιλέων,
3099 5278 3130 5348 ἢ
3154 5277 3336 5345 ἀκμὴν
3365 5279 3670 5345 ἀντιλέγεις
3694 5296 3708 5344 ς
3761 5281 3820 5332 Ὀ
3848 5281 3999 5349 ἀγιος

2438 5371 2690 5434 ’Δκάκιος
2722 5366 2874 5423 εἶπεν
2894 5387 2908 5402 ο
2970 5372 3078 5424 Καὶ
3112 5372 3205 5424 ἐπὶ
3237 5373 3457 5442 Φήρμου
3489 5373 3754 5436 πολλάκις
3788 5376 3999 5441 ἐπερω-

2426 5463 2630 5531 τηθεὶς,
2654 5463 2974 5534 ὡμολόγησα
2992 5463 3315 5530 Χριστιανὸν
3333 5463 3521 5516 ἑαυτὸν
3540 5460 3700 5529 εἶναι,
3727 5469 3824 5518 καὶ
3844 5467 3998 5520 πάλιν

2429 5554 2568 5620 λέγω
2598 5557 2676 5608 ὅτι
2705 5555 3023 5622 Χριστιανός
3052 5555 3188 5620 εἰμι,
3220 5557 3313 5608 καὶ
3345 5556 3404 5606 ού
3435 5556 3546 5608 θύω
3575 5556 3834 5623 δαίμοσιν
3864 5561 3997 5611 ἀκα-

2430 5647 2648 5716 θάρτοις
2682 5649 2830 5700 ποτέ.
2883 5650 2948 5700 ’0
2991 5647 3250 5716 δικαστὴς
3281 5643 3464 5699 εἶπεν*
3517 5648 3659 5712 Ἐγὼ
3696 5649 3776 5701 ἔτι
3814 5651 3873 5701 τὸ
3904 5649 3996 5712 τῆς

2430 5741 2642 5806 ἡλικίας
2679 5757 2768 5792 σου
2802 5741 2997 5809 μέτρον
3028 5740 3309 5809 οίκτεέρωο
3353 5740 3460 5805 δρῶ
3493 5739 3598 5806 γάρ
3631 5756 3690 5790 σε
3729 5741 3806 5807 μὴ
3840 5740 3993 5790 πλέον

2431 5831 2600 5884 εἴκοσι
2623 5834 2709 5884 καί
2744 5839 2780 5880 ε’
2817 5832 2952 5882 ἑτῶν
2981 5831 3298 5884 Fin-0.11).}!
3336 5831 3422 5883 καὶ
3449 5829 3503 5879 τδ
3537 5831 3622 5881 τοῦ
3659 5829 3991 5892 στρατιώτου
