4180 6494
168 407 272 471 925

1276 409 1443 467 VlTA
1488 409 1547 468 S.
1591 407 1840 466 Δί]Αοιί
1887 407 2372 469 CAPPADOCIS.

3316 414 3428 474 226

164 521 351 590 σχῆμα
378 515 688 580 αἰδεσθεὶς,
722 515 822 570 οὒκ
846 515 1084 585 ἠθέλησα
1123 515 1412 584 τιμωρίαις
1457 532 1513 567 σε
1552 514 1760 568 ὑποσα-

1869 534 2184 587 prosequor.
2222 516 2390 571 Video
2415 519 2554 571 enint
2585 527 2634 572 te
2665 533 2768 572 non
2800 519 3028 588 amplius
3062 537 3222 590 quam
3248 525 3436 593 viginti

163 612 304 663 λεῑν⁶
343 609 443 661 ἐὰν
483 609 542 661 δὲ
573 609 836 678 ὲμμένεις
875 610 940 677 τῇ
974 608 1156 676 μωρίᾳ¹
1187 605 1393 676 ἐκείνῃ,
1425 606 1758 672 ἀναγκάσεις

165 720 227 773 με
259 701 354 753 τοῦ
408 702 728 768 ἐπαγαγεῖν
788 715 868 751 σοι
907 697 1167 766 βασάνους
1204 699 1405 765 πικράς
1444 697 1537 747 καὶ
1563 695 1761 764 άνηκέ-

162 813 343 856 στους.
387 797 449 848 ’0
492 799 652 861 ἅγιος
700 795 950 853 Ἀκάκιος
974 788 1127 845 εἷπεν
1150 808 1162 820 ·
1204 794 1268 844 Ὃ
1295 792 1496 860 βούλει,
1533 791 1676 843 ποίει
1705 792 1762 841 ὲν

161 887 338 955 τάχει,
376 885 545 953 κάγὼ
583 888 692 956 γάρ
722 888 748 938 ὃ
778 887 870 938 νῦν
901 886 1039 936 ποιῶ
1066 886 1165 937 οὑκ
1196 885 1310 936 ἐστι
1365 884 1566 952 μωρὸν,
1626 881 1763 934 ἀλλὰ

160 983 250 1032 καὶ
290 983 370 1032 πα
386 1001 442 1032 ιυ
477 983 784 1050 φρόνιμον,
815 981 901 1032 ἵνα
930 984 1019 1033 τὸν
1046 979 1350 1048 ποιήσαντά
1377 995 1442 1046 με
1473 978 1567 1030 καὶ
1595 975 1762 1046 μέχρι

157 1073 250 1124 τοῦ
285 1073 384 1125 νῦν
413 1074 826 1140 προνοούμενόν
855 1090 944 1139 μοι
973 1073 1046 1141 μὴ
1087 1071 1493 1139 ἐγκαταλειπω.
1533 1069 1624 1120 τὸν
1660 1069 1758 1136 μό-

161 1185 247 1219 νον
287 1165 567 1233 ἀληθινὸν
620 1166 773 1218 Θεόν.
816 1166 876 1217 '0
911 1165 1168 1233 δικαστὴς
1228 1159 1407 1215 εἶπεν·
1448 1161 1570 1222 Πῶς
1603 1160 1765 1229 μόνον

161 1259 293 1326 in;
318 1253 470 1308 εἶναι
506 1256 764 1324 ἀληθινὸν
795 1257 945 1320 Θεὸν,
980 1257 1142 1308 ὁπότε
1179 1255 1380 1321 λέγεις,
1403 1253 1494 1305 τὸν
1523 1253 1760 1323 Χριστὸν

162 1351 286 1402 Υἱὸν
319 1345 469 1402 εἶναι
504 1349 678 1413 Θεοῦς
714 1350 924 1418 ἀνάγκη
959 1348 1126 1410 πᾶσα,
1166 1349 1213 1399 εἰ
1248 1347 1371 1408 Υἱὸς
1413 1345 1504 1398 καὶ
1541 1347 1652 1408 [σος
1679 1345 1763 1414 εῐη

159 1439 232 1508 τῷ
278 1439 489 1508 Πατρὶ,
550 1438 646 1491 δύο
683 1439 876 1500 αὐτοὺς
916 1436 1074 1504 εἶναι,
1130 1438 1315 1490 λοιπὸν
1369 1440 1461 1489 καὶ
1504 1436 1625 1506 οὐχὶ
1671 1436 1766 1488 ἕνα

157 1531 312 1583 θεόν.
352 1531 462 1582 Δύο
495 1526 643 1584 εἶναι
679 1532 769 1582 καὶ
798 1531 952 1582 αὐτοὶ
984 1530 1236 1598 λέγοντες
1271 1530 1462 1592 Θεοὺς,
1505 1527 1622 1591 πῶς
1657 1527 1755 1582 νῦν

156 1626 248 1676 ινα
314 1625 643 1691 ἐκφωνεῖς,
709 1625 1068 1690 ’Δναγκάζεις
1146 1640 1213 1691 με
1282 1623 1391 1691 γὰρ
1450 1621 1763 1689 ληρο).ογεῖν

161 1715 295 1781 μετᾶ
334 1714 458 1778 σοῦ,
488 1717 670 1776 οὕτως
699 1714 944 1782 ἓκοεσμα
972 1715 1066 1764 καί
1100 1713 1424 1783 ἀνάρμοστα
1457 1711 1685 1778 ὁμιλῶν.

1861 609 2098 677 quinque
2158 623 2328 661 annos
2378 618 2595 661 natum.
2652 607 2791 674 Quin
2821 612 2982 663 etiam
3017 613 3303 666 militarem
3355 614 3440 669 di-

1864 699 2122 768 gnitatem
2153 701 2438 762 reveritus,
2473 700 2617 753 nolui
2669 710 2716 753 te
2757 701 2940 754 statim
2994 707 3275 758 t0rmentis
3311 705 3442 760 sub-

1864 789 2052 859 jicere.
2083 789 2152 842 At
2189 791 2234 844 si
2288 791 2493 843 diutius
2525 790 2576 844 in
2609 792 2710 845 ista
2751 801 2838 844 tua
2893 792 3101 847 insania
3159 796 3439 862 persistes,

1863 896 2022 950 coges
2052 896 2138 934 tne
2181 880 2590 934 inevitabilibus
2627 883 2913 937 tormentis
2957 895 3006 937 te
3037 884 3327 952 subjicere.
3357 887 3440 941 Ad

1867 973 1981 1026 hzec
2010 971 2241 1026 Aeacius
2277 990 2290 1026 :
2322 972 2476 1037 Quod
2533 973 2651 1026 volo
2683 973 2864 1027 facere
2908 990 3010 1028 non
3042 979 3285 1039 stultum,
3343 978 3441 1031 sed

1867 1064 2022 1118 Valde
2053 1063 2287 1132 prudens
2318 1073 2372 1117 et
2400 1066 2507 1115 Deo
2537 1074 2749 1131 gratum
2776 1079 2912 1131 Opus
2937 1076 3040 1129 est,
3076 1077 3132 1117 ut
3173 1082 3314 1130 cum,
3343 1067 3439 1135 qui

1869 1167 1954 1206 me
1981 1153 2208 1217 creavit,
2243 1160 2296 1205 et
2319 1151 2382 1205 ad
2419 1153 2560 1204 hunc
2592 1166 2760 1218 usque
2792 1153 2932 1205 diem
2964 1155 3303 1221 providentia
3339 1170 3436 1209 sua

1870 1254 2190 1312 prosecutus
2258 1252 2362 1305 est,
2421 1259 2527 1298 non
2573 1243 2819 1296 deseram
2883 1260 2895 1296 :
2951 1245 3137 1306 illum,
3194 1247 3440 1315 inquam,

1872 1335 2072 1404 ipsum,
2105 1333 2196 1401 qui
2229 1333 2376 1385 solus
2406 1341 2485 1384 cst
2520 1347 2681 1386 t'crus
2740 1333 2903 1387 Deus.
2941 1333 3238 1400 Quomodo,
3268 1335 3442 1404 inquit

1866 1426 2050 1496 judex,
2089 1423 2275 1478 dixisti
2311 1423 2483 1475 solum
2519 1437 2642 1476 esse
2680 1437 2866 1476 verum
2908 1425 3094 1489 Deum,
3131 1441 3252 1478 cum
3289 1426 3440 1478 dicas

1868 1516 2146 1572 Christum
2181 1515 2274 1570 Dei
2315 1513 2508 1569 Filium
2558 1515 2726 1571 esse?
2773 1513 3007 1568 Omnino
3037 1520 3182 1570 enim
3219 1529 3446 1571 necesse

1866 1619 1968 1671 est,
2008 1620 2064 1662 ut
2093 1610 2137 1663 si
2177 1607 2348 1662 Filius
2385 1619 2490 1674 est,
2533 1617 2585 1662 et
2625 1607 2770 1684 Patri
2809 1623 2901 1678 par
2935 1609 3004 1663 sit
3034 1624 3050 1664 :
3085 1617 3139 1665 et
3199 1608 3270 1664 ita
3333 1627 3450 1665 non

1868 1718 2029 1767 unus,
2064 1701 2156 1754 sed
2188 1701 2293 1754 duo
2324 1701 2432 1753 sint
2459 1701 2553 1753 dii.
2578 1701 2710 1754 Cum
2743 1702 2902 1771 igitur
2933 1711 2986 1755 et
3018 1704 3114 1769 ipsi
3145 1705 3276 1757 duos
3305 1703 3456 1757 Deos

164 1808 380 1866 dicatis,
441 1823 622 1874 quare
680 1823 820 1860 nunc
854 1822 1019 1859 unum
1077 1806 1243 1860 Deum
1302 1803 1550 1876 profers?
1599 1802 1758 1873 Cogis
1829 1799 1970 1855 enim
2009 1811 2093 1849 me
2126 1804 2301 1847 tecum
2330 1793 2548 1861 nugari,
2584 1808 2703 1846 Cum
2741 1795 2842 1846 ista
2928 1805 2980 1846 tu
3027 1810 3169 1847 nunc
3211 1782 3455 1851 absurda

159 1906 213 1948 et
249 1896 591 1948 inconcinna
619 1896 769 1948 dicas
808 1912 820 1948 :

219 1988 298 2044 ϐ’.
342 1992 404 2043 Ὀ
431 1977 596 2056 ἆγιος
638 1992 894 2053 Ἀκάκιος
942 1988 1129 2044 εἶπεν·
1185 1991 1437 2044 Πιστεύω
1458 1990 1536 2060 τῷ
1589 1988 1762 2059 Ἰησοῦ
1803 1999 1842 2052 Β

152 2081 230 2152 τῷ
263 2083 654 2152 σταυρωθέντι
693 2083 784 2134 ἐπὶ
815 2082 1037 2134 Ποντίου
1074 2082 1330 2143 Πιλάτου,
1387 2081 1614 2149 δοθῆναί
1674 2097 1764 2147 μοι

154 2173 312 2240 λόγον
345 2174 438 2224 διὰ
473 2173 573 2224 τοῦ
612 2172 925 2240 Πνεῦματος
961 2170 1123 2223 αὑτοῦ
1163 2170 1255 2222 τοῦ
1289 2171 1452 2237 ἁγίου
1498 2171 1637 2240 πρὸς
1669 2171 1765 2238 τὴν

154 2261 510 2330 ιπερώτησιν
547 2260 753 2328 ταύτην
781 2257 873 2310 τοῦ
906 2259 1238 2326 διασαφῆσαι
1265 2259 1473 2326 αὑτήν·
1505 2258 1567 2308 ου
1599 2257 1762 2324 γὰρὴ

154 2353 399 2419 τυχοῦσα
435 2353 592 2400 ἐστιν
643 2348 780 2416 αῦτη
825 2346 1180 2415 ἐπερώτησις,
1225 2345 1337 2406 πῶς
1365 2344 1465 2396 δύο
1509 2343 1767 2409 λέγοντες

156 2442 332 2504 θεοὺς,
377 2442 481 2492 ἕνα
521 2440 851 2508 προσκυνεῖν
879 2437 1010 2490 Θεὸν
1036 2435 1486 2503 ἐπαγγελλόμεθα
1509 2451 1523 2466 ο
1573 2433 1684 2500 ἐγὼ
1711 2433 1766 2485 δέ

157 2550 236 2586 σοι
265 2533 440 2600 λέγω,
476 2533 742 2591 δικασῖὰ,
784 2533 876 2582 καὶ
904 2531 962 2580 τὸ
1000 2528 1222 2596 Πνεῦμα
1255 2526 1313 2577 τὸ
1348 2527 1505 2592 ἅγιον
1558 2526 1765 2592 ἀχώρι-

157 2640 279 2676 στον
312 2621 466 2677 εἶναι
509 2621 606 2674 τοῦ
665 2623 874 2690 Πατρός
905 2621 998 2672 καὶ
1031 2619 1124 2671 τοῦ
1175 2617 1328 2681 Υἱοῦ,
1372 2617 1465 2668 καὶ
1497 2612 1633 2668 εἶναι
1669 2616 1766 2682 μὲν

155 2717 281 2784 τρία
318 2718 607 2784 πρόσωπα
639 2714 695 2762 ὲν
731 2713 876 2781 τρισὶ
911 2710 1329 2779 προσηγορίαις,
1365 2708 1492 2776 μίαν
1525 2707 1578 2761 δὲ
1602 2708 1762 2760 δύνα-

161 2823 252 2875 μιν
304 2808 405 2858 καὶ
444 2804 692 2872 Θεύτητα
734 2801 937 2853 τούτων
979 2801 1086 2852 τῶν
1147 2801 1428 2867 ὀνομάτων
1459 2799 1724 2868 ὑπάρχειν
1751 2811 1763 2825 ·

155 2899 251 2950 ἶνα
275 2899 334 2951 δὲ
377 2897 630 2965 λέγομεν
665 2895 796 2948 Θεὸν
829 2895 1020 2964 ἔχοντα
1047 2892 1140 2945 καὶ
1168 2893 1361 2958 Λόγον,
1391 2892 1482 2942 καὶ
1517 2891 1642 2941 ἄνευ
1671 2888 1765 2940 τοῦ

157 2990 396 3051 ζωτικοῦ
479 2988 806 3054 Πνεύματος
873 2987 948 3055 μὴ
979 2982 1140 3036 εἶναι.
1195 2984 1400 3052 Δίδωμι
1447 2983 1504 3034 δέ
1563 2999 1644 3034 σοι
1675 2983 1767 3034 καὶ

159 3081 475 3147 ὑπόδειγμα
507 3077 792 3146 ἐγχωροῦν
819 3078 941 3128 ὅςον
978 3076 1112 3143 πρὸς
1140 3077 1238 3142 τὴν
1261 3075 1537 3143 ἡμετέραν
1557 3073 1766 3144 ἀνθρω-

159 3172 316 3238 πίνην
346 3170 595 3237 δύναμιν
628 3170 687 3217 ἐν
721 3166 894 3236 τούτῳ
985 3165 1175 3234 ὥσπερ
1208 3168 1234 3216 ὁ
1292 3166 1543 3233 βασιλεὺς
1575 3168 1602 3218 ὁ
1651 3165 1764 3230 νῦν,

155 3263 210 3314 ὃν
247 3265 306 3314 σὺ
329 3259 687 3330 ἐπιγράψεις
711 3259 999 3328 δεσπότην,
1027 3256 1137 3326 ἐγὼ
1165 3258 1271 3326 γὰρ
1297 3257 1581 3324 ἄνθρωπον
1609 3257 1768 3309 αὐτὸν

1944 1982 2031 2036 IX.
2063 1980 2199 2034 Tum
2243 1978 2476 2032 Aeacius
2519 1996 2532 2032 :
2573 1976 2683 2047 Ego
2723 1982 2908 2042 credo,
2955 1993 3006 2032 et
3064 1980 3116 2032 in
3155 1977 3303 2044 ἔθευ,
3352 1981 3444 2050 qui

1873 2078 1974 2130 sub
2007 2075 2196 2128 Pontio
2239 2073 2409 2124 Pilato
2441 2071 2734 2126 cruciﬁxus
2761 2073 2881 2136 fuit,
2919 2087 3068 2140 spem
3119 2073 3315 2136 habeo,
3357 2073 3448 2129 fu-

1874 2179 2069 2225 turum.
2098 2177 2153 2218 ut
2185 2168 2314 2218 mihi
2346 2181 2442 2232 per
2468 2173 2712 2218 sanctum
2745 2164 2861 2232 ejus
2882 2166 3142 2232 Spiritum
3175 2170 3445 2220 sermonis

1871 2255 2098 2310 facultas
2125 2265 2469 2322 suggeratur,
2522 2269 2622 2319 qua
2659 2253 3067 2321 interrogationi
3100 2265 3199 2306 tua:
3226 2269 3448 2320 respon-

1874 2347 2023 2407 dere,
2063 2356 2114 2398 et
2145 2345 2495 2414 quaestionem
2551 2354 2697 2396 tuam
2733 2343 3007 2409 explicare
3055 2345 3281 2410 possim.
3325 2343 3442 2398 Non

1875 2437 2110 2502 vulgaris
2141 2434 2370 2504 quaestio
2402 2436 2514 2487 haec
2546 2443 2648 2493 est,
2683 2448 2849 2500 quare
2881 2449 3002 2486 cum
3034 2435 3172 2487 duos
3195 2435 3442 2487 nomine-

1877 2543 2016 2588 inus,
2055 2542 2216 2577 unuut
2261 2525 2424 2578 Deum
2463 2542 2490 2577 a
2527 2526 2680 2577 nobis
2725 2524 2826 2577 coli
2887 2527 3257 2592 proliteamur.
3315 2526 3446 2579 Dico

1875 2617 2034 2684 igitur
2067 2617 2160 2670 tibi
2187 2627 2239 2669 et
2265 2615 2529 2686 Spiritum
2562 2631 2810 2671 sanctum
2842 2633 2871 2670 a
2906 2616 3066 2670 Patre
3091 2627 3144 2670 et
3169 2616 3304 2670 Filio
3322 2632 3448 2670 esse

1876 2710 2316 2776 inseparabilem,
2379 2725 2443 2762 ac
2493 2720 2601 2762 tres
2643 2712 2860 2778 quidem
2920 2725 3181 2778 personas
3235 2711 3442 2764 essein

1876 2804 2045 2857 tribus
2118 2801 2590 2871 appellationibus,
2651 2803 2743 2855 sed
2805 2817 2966 2854 unam
3019 2811 3200 2854 tamen
3252 2801 3443 2855 borum

1877 2896 2152 2948 nominum
2221 2896 2515 2962 potentiam
2563 2909 2684 2948 esse
2743 2909 2807 2948 ac
2847 2895 3202 2946 divinitatem.
3269 2893 3445 2948 Unum

1874 2996 2050 3036 autem
2087 2986 2316 3040 dicimus
2373 2985 2562 3051 Deum,
2627 2985 2916 3039 habentem
2963 2995 3015 3038 et
3065 2985 3321 3050 Verbum,
3391 2995 3448 3041 et

1878 3075 2138 3146 Spiritum
2196 3090 2470 3132 sanctum.
2535 3079 3004 3132 Absurdissimum
3081 3079 3223 3131 enim
3276 3089 3445 3146 esset,

1881 3169 2044 3222 Deum
2081 3169 2195 3223 sine
2249 3167 2448 3234 Verbo,
2490 3179 2543 3222 et
2595 3169 2716 3224 sine
2769 3169 2916 3221 vitali
2974 3168 3176 3238 Spiritu
3242 3171 3444 3226 dicere.

1879 3258 2042 3328 quue
2077 3263 2326 3332 exemplo
2379 3263 2474 3315 tibi
2507 3263 2814 3324 ostendam,
2852 3263 2914 3314 ad
2953 3262 3090 3316 hanc
3121 3265 3290 3331 ipsam
3329 3279 3442 3319 rem

157 3354 318 3420 λέγω,
355 3353 508 3405 ἀλλά
544 3355 641 3403 καὶ
678 3351 855 3419 κρίσει
892 3351 1101 3418 μείζονι
1142 3346 1527 3416 ὑποκείμενον,
1563 3348 1676 3416 ἔχει
1711 3349 1767 3400 δὲ

1875 3353 2250 3420 explicandam
2301 3355 2738 3416 accommodato,
2777 3363 3045 3419 quatenus
3080 3355 3329 3410 humanae
3366 3357 3445 3412 fa-

160 3446 268 3495 υἰδν
303 3446 401 3494 καὶ
455 3442 717 3508 λέγεται,
752 3442 797 3490 εἰ
853 3440 1028 3509 τύχοι,
1062 3434 1216 3501 οὗτος
1252 3438 1612 3504 Μαξιμιανὸς,
1652 3440 1679 3491 ὁ
1713 3439 1767 3491 δὲ

1875 3445 2090 3498 Cttltalis
2115 3445 2352 3498 conditio
2381 3446 2604 3512 patitur.
2638 3445 3097 3509 Quemadmodum
3129 3446 3442 3515 imperator,

158 3537 269 3595 οἰὸς
294 3533 472 3585 αῦτοῦ
512 3531 849 3595 Μαξέντιος,
887 3534 980 3583 καὶ
1006 3534 1112 3582 εἱσι
1136 3530 1227 3582 δύο
1262 3531 1356 3598 μὲν
1411 3531 1703 3600 πρόσωπα,
1737 3534 1767 3603 ἡ

1875 3536 1965 3606 qui
2000 3553 2141 3591 nunc
2166 3546 2270 3598 est,
2307 3552 2464 3604 quem
2493 3547 2545 3588 tu
2575 3536 2874 3601 dominum,
2902 3549 2999 3606 ego
3022 3552 3150 3592 vero
3174 3539 3443 3596 hominem

156 3628 207 3678 δὲ
231 3627 397 3694 φύσις
437 3623 659 3684 αὐτῶν,
694 3620 840 3672 τοῦτ’
878 3623 1026 3672 ἔστιν
1068 3624 1166 3687 τῆς
1201 3622 1646 3691 ἀνορωπὸτητος,
1678 3626 1767 3693 μία

1876 3629 2022 3692 dico,
2057 3640 2109 3683 et
2160 3628 2352 3697 majori
2384 3627 2591 3695 judicio
2651 3629 2974 3697 subjectum.
3027 3640 3081 3683 et
3132 3632 3273 3686 [ilius
3324 3635 3444 3702 ejus

157 3721 247 3770 καὶ
277 3722 308 3787 ὴ
366 3714 646 3787 βασιλεία
703 3714 800 3780 μία
838 3715 930 3765 καὶ
966 3714 1271 3782 ἀδιαίρετος
1305 3714 1399 3764 τοῦ
1444 3717 1649 3783 πατρὸς
1683 3720 1767 3769 καὶ

1877 3721 2134 3786 (quorum
2186 3721 2274 3785 qui
2308 3729 2461 3782 pater
2505 3729 2608 3780 ett,
2649 3717 3008 3775 Maximianus
3036 3722 3250 3786 dicitur,
3307 3725 3447 3781 ﬁlius

157 3813 246 3865 τοῦ
290 3813 413 3864 υἱοῦ
435 3827 447 3839 .
499 3810 740 3878 τιμᾶται
770 3807 877 3878 γὰρ
912 3809 938 3860 ὁ
969 3809 1082 3870 υἱὸς
1109 3807 1194 3860 διὰ
1227 3807 1317 3860 τὸν
1345 3809 1578 3878 πατέρα,
1615 3809 1709 3861 καὶ
1742 3813 1770 3863 ὁ

157 3904 341 3972 πατὴρ
387 3902 486 3952 διὰ
550 3901 648 3951 τὸν
680 3900 795 3950 υἱόν
819 3913 833 3927 °
869 3899 960 3950 τὸν
1014 3899 1176 3951 αὑτὸν
1220 3899 1283 3969 δὴ
1320 3901 1520 3968 τρόπον
1554 3903 1644 3953 καὶ
1675 3901 1770 3954 ἐπὶ

157 3994 245 4046 τοῦ
281 3994 426 4045 Θεοῦ
466 3993 566 4059 τῆς
604 3990 760 4050 Θείας
785 3991 972 4048 οὐσίας
999 3991 1127 4056 μίας
1149 3989 1313 4056 οὔσης
1347 3993 1438 4041 καὶ
1469 3992 1765 4060 ἁτρὲπτου,

159 4085 289 4137 Θεοῦ
326 4102 388 4138 τε
480 4083 581 4135 καὶ
625 4079 722 4132 τοῦ
756 4081 928 4148 Λόγου
960 4079 1147 4144 αὐτοῦ,
1185 4081 1277 4133 καὶ
1324 4081 1416 4132 τοῦ
1453 4084 1770 4151 Πνεύματος

158 4179 321 4232 αὑτοῦ
347 4179 451 4231 τοῦ
485 4177 654 4244 ἁγίου
681 4192 694 4205 ⁸
729 4169 808 4238 εἷς
843 4176 935 4227 καί
965 4174 1172 4244 ἀληθὴς
1210 4173 1339 4236 Θεὸς
1375 4174 1402 4224 ὁ
1447 4177 1575 4243 παρ’
1611 4177 1766 4244 ἡμῶν

158 4269 692 4338 προσκυνούμενος.

1878 3820 2054 3862 autem
2091 3809 2398 3862 Maxentius
2426 3810 2746 3880 appellatur)
2794 3812 2898 3865 duo
2933 3815 3147 3880 quidem
3187 3816 3260 3870 illi
3294 3829 3440 3880 sunt,

1863 3908 1952 3956 sed
1978 3903 2113 3972 ipson
2132 3919 2219 3958 um
2247 3914 2424 3956 tamen
2453 3913 2673 3966 naturae,
2707 3903 2972 3968 humanze,
2998 3906 3233 3973 inquam,
3259 3909 3444 3962 condi-

1861 3995 2018 4048 tionis
2045 3997 2186 4050 ratio
2217 4011 2316 4047 ttna
2345 4005 2444 4058 est,
2480 3993 2865 4062 imperiumque
2888 3997 3056 4063 palris
3092 4008 3144 4051 et
3169 4001 3257 4052 lilii
3279 4017 3441 4054 unum

1861 4095 1915 4139 et
1945 4086 2350 4152 inseparabile;
2378 4086 2677 4140 honoratur
2697 4086 2906 4140 etenim
2933 4085 3070 4138 filius
3094 4105 3187 4155 per
3207 4096 3441 4157 patrem,

1863 4185 1916 4228 et
1943 4187 2099 4244 pater
2133 4195 2232 4247 per
2288 4178 2476 4232 lilium.
2515 4176 2716 4234 Eodem
2762 4179 2917 4232 modo
2947 4189 3000 4233 et
3035 4180 3168 4233 Deus
3197 4185 3443 4237 conside-

1866 4278 2018 4319 ratur
2056 4285 2069 4320 :
2107 4285 2232 4322 nam
2277 4287 2399 4323 eum
2441 4274 2618 4324 divina
2662 4269 2862 4330 Patris,
2906 4269 3089 4334 Verbi,
3124 4282 3177 4324 et
3211 4274 3444 4341 Spiritus

162 4367 338 4425 sancti
406 4365 690 4424 essentia,
740 4377 842 4417 una
899 4362 1200 4432 eademque
1259 4361 1330 4415 sit
1381 4358 1762 4425 immutabilis,
1802 4372 2094 4430 propterea
2148 4379 2310 4427 unus,
2375 4373 2429 4417 et
2497 4378 2620 4417 vere
2653 4363 2792 4417 Deus
2823 4371 2926 4428 est,
2960 4364 3108 4432 quia
3144 4368 3300 4422 nobis
3353 4381 3445 4423 co-

159 4456 304 4510 litur.

227 4547 281 4602 I'.
339 4548 402 4600 Ὀ
441 4546 726 4614 δικαστὴς
765 4542 952 4598 εἶπενο
992 4544 1254 4606 Πολλάκις
1291 4545 1384 4595 καὶ
1413 4545 1502 4594 ἐπὶ
1534 4545 1594 4596 τδ
1630 4562 1767 4614 προ-

1950 4538 2019 4592 Χ.
2054 4539 2133 4590 Ad
2166 4539 2281 4592 hate
2326 4541 2488 4608 judex
2541 4561 2554 4595 :
2595 4543 2764 4612 Saepe,
2827 4544 3021 4611 inquit,
3092 4556 3141 4598 te
3201 4547 3446 4604 hortatus

157 4641 414 4709 κείμενον
449 4637 597 4707 ἐμοῦ
639 4638 1093 4707 προτρεψαμένου
1121 4653 1198 4699 σε,
1230 4637 1293 4689 σὺ
1325 4637 1435 4698 τοῖς
1467 4635 1646 4702 λόγοις
1676 4654 1767 4686 σου

161 4732 368 4794 τούτοις
402 4733 525 4790 τοῖς
567 4726 742 4796 μηδὲν
781 4745 839 4779 σε
868 4728 1142 4796 ὠφελοῦσι
1187 4727 1514 4796 μεταϐαλεῖν
1546 4743 1610 4811 με
1643 4726 1767 4794 βού-

158 4833 234 4877 λει
259 4841 273 4854 ·
311 4824 584 4891 πείσθητι
616 4818 714 4872 οὖν
742 4836 853 4887 μοι,
881 4821 973 4871 καὶ
998 4818 1182 4881 Οῦσον,
1211 4821 1308 4870 καὶ
1349 4818 1615 4885 ἑπίγνωΟι
1644 4818 1769 4878 τοὺς

163 4913 456 4982 πατρῴους
487 4911 679 4972 θεοὺς,
711 4908 776 4960 δι’
807 4905 898 4970 οὒς
946 4910 1014 4958 τα
1050 4910 1232 4958 πάντα
1269 4907 1603 4974 συνέστηκεν
1626 4921 1638 4934 °
1677 4907 1769 4956 ἐπὶ

160 5007 290 5058 πολὺ
325 5004 442 5072 γάρ
477 5021 579 5055 σου
614 5001 942 5070 ἐφεισάμην.
989 5000 1046 5051 'O
1079 4998 1231 5065 ἅγιος
1295 4999 1545 5056 Ἀκάκιος
1583 4997 1766 5063 λέγει’

161 5101 246 5165 Μή
283 5115 350 5167 με
383 5094 636 5164 νομίσῃς
680 5091 866 5160 φόϐοις
921 5095 1146 5143 κτυπεῖν
1169 5107 1182 5120 ο
1214 5092 1357 5158 ἔχεις
1393 5088 1452 5138 τὸ
1481 5087 1636 5152 σῶμα
1669 5105 1768 5155 μου

164 5192 239 5251 εἰς
274 5193 572 5258 μάστιγας
604 5184 858 5250 ἕτοιμονο
894 5182 967 5243 ὡς
999 5181 1196 5250 βούλει,
1227 5181 1344 5250 χρῶ
1375 5180 1554 5248 αὐτῷ·
1598 5179 1687 5228 τὸν
1715 5180 1770 5229 δι

163 5281 426 5350 λογισμὸν
455 5278 565 5346 τῆς
591 5272 774 5343 ψυχῆς
805 5291 903 5341 μου
930 5273 1052 5325 οὗτε
1081 5272 1168 5335 ab,
1199 5271 1322 5324 οὕτε
1353 5273 1378 5322 ὁ
1415 5269 1770 5340 αὐτοκράτωρ

169 5391 279 5436 σου,
321 5371 454 5424 οὔτε
495 5372 532 5438 ἡ
604 5366 883 5433 παρουσία
937 5367 1046 5417 τῶν
1095 5365 1368 5434 δαιμόνων
1422 5381 1512 5415 σου
1549 5364 1770 5414 δύναται

172 5463 523 5532 μετατρέψαι
566 5459 666 5510 ἐπὶ
701 5458 758 5507 τὸ
780 5454 984 5523 φαῦλόν
1017 5473 1168 5508 πατε.
1219 5457 1276 5507 '0
1308 5455 1567 5522 δικαστὴς
1595 5450 1766 5505 εἶπεν·

182 5556 330 5607 ἐπεὶ
357 5552 456 5605 οὖν
493 5548 682 5608 οὕτως
712 5546 906 5616 βούλει,
947 5549 1160 5616 ἀνάγκη
1203 5564 1293 5616 μοι
1327 5547 1473 5596 πᾶσα
1507 5548 1584 5606 εἰς
1627 5546 1772 5596 αἰκι-

175 5650 339 5714 σμοὺς
375 5644 646 5716 χωρῆσαι
677 5642 818 5692 κατὰ
849 5640 941 5693 σοῦ
974 5642 1068 5693 καὶ
1097 5641 1153 5691 τὸ
1184 5640 1510 5709 πρόσταγμα
1543 5637 1598 5687 τὸ
1623 5636 1773 5704 $13:-

175 5737 320 5790 λικον
362 5734 678 5805 πληρῶσαι
703 5745 716 5758 ·
751 5732 1012 5784 ἀδύνατον
1049 5733 1157 5800 γάρ
1192 5747 1248 5780 σε
1279 5729 1505 5798 τοιαύτῃ
1535 5725 1772 5789 ἐξετάσει

175 5829 555 5892 ὑποπεσόντα,
617 5822 976 5892 ἀναχωρῆσαι
1008 5823 1180 5886 οὕτως
1234 5821 1647 5886 καταταξξαντα
1681 5819 1772 5874 τοῦ

1877 4647 2018 4694 sum,
2054 4643 2110 4684 ut
2143 4634 2206 4685 ad
2242 4649 2352 4686 rctn
2393 4638 2721 4703 propositam
2756 4637 2966 4704 redeas;
3009 4646 3060 4690 at
3095 4647 3149 4690 lu
3182 4639 3298 4692 istis
3341 4643 3446 4692 tuis

1876 4723 2218 4774 sermonibus
2285 4724 2481 4777 nullam
2559 4729 2651 4778 tibi
2716 4728 3000 4783 utilitatem
3070 4730 3444 4798 aﬂ'erentibus,

1876 4815 2063 4867 studes
2089 4830 2171 4867 me
2200 4831 2225 4864 a
2265 4818 2542 4884 proposito
2579 4819 2863 4874 abducere.
2921 4822 3025 4875 Fac
3063 4821 3245 4890 igitur,
3303 4826 3445 4890 quod

1877 4905 1988 4972 ipse
2019 4907 2160 4969 dico,
2211 4916 2263 4960 et
2299 4910 2624 4963 sacriﬁcium
2684 4911 2898 4976 oneras,
2953 4931 3014 4968 ac
3063 4916 3267 4984 patrios
3317 4915 3446 4968 deos

1875 5014 2162 5068 agnoscas,
2186 5017 2278 5068 per
2303 5017 2438 5068 quos
2462 5005 2638 5055 omnia
2673 5005 2784 5056 hare
2819 5008 3197 5062 constiterunt.
3231 5009 3442 5065 Diutius

1876 5093 2016 5143 enim
2045 5092 2136 5143 tibi
2162 5094 2396 5158 peperci.
2425 5092 2522 5146 Cui
2549 5096 2778 5150 Aeacius
2805 5114 2817 5149 :
2849 5098 3120 5166 Nepotes,
3148 5103 3444 5157 terroribus

1877 5179 1996 5233 istis
2033 5198 2114 5231 Itte
2154 5181 2460 5248 perculsum
2500 5183 2584 5236 iri.
2627 5185 2703 5236 En
2753 5188 2918 5240 habes
2945 5203 3138 5256 corpus
3164 5204 3342 5242 meum
3375 5191 3442 5243 ad

1877 5269 2083 5339 ﬂagella
2145 5272 2459 5338 excipienda
2517 5275 2970 5340 paratissimam;
3029 5288 3181 5330 utere
3228 5278 3338 5342 illo,
3387 5289 3445 5332 ut

1879 5360 2005 5413 libet
2037 5379 2048 5412 :
2083 5376 2314 5412 mentem
2347 5376 2470 5415 vero
2495 5374 2545 5416 et
2574 5365 2735 5415 animi
2774 5368 2871 5416 mei
2909 5369 3236 5434 propositum
3270 5385 3442 5436 neque

1881 5463 1954 5515 tu,
1989 5469 2161 5519 neque
2194 5455 2483 5519 imperator
2515 5465 2655 5516 tuus,
2689 5470 2860 5523 neque
2893 5458 3188 5510 dwtttonunt
3226 5469 3440 5513 tuorum

1878 5549 2162 5611 praesentia
2201 5561 2431 5612 unquam
2466 5545 2790 5612 perver‘tere,
2823 5561 2872 5603 et
2916 5550 2976 5599 ad
3001 5549 3178 5605 scelus
3205 5553 3441 5620 compel-

1879 5636 1985 5688 lere
2023 5637 2238 5702 poterit.
2285 5637 2434 5690 Tunc
2466 5639 2536 5690 illi
2586 5641 2746 5708 judex
2787 5659 2798 5692 :
2842 5639 3002 5710 Ergo,
3041 5647 3251 5710 quando
3287 5655 3337 5695 ιιι
3371 5645 3441 5696 ita

1879 5729 1979 5787 vis,
2017 5728 2235 5779 omnino
2273 5743 2488 5781 necesse
2516 5741 2594 5782 est
2629 5732 2944 5784 verberibus
2978 5747 3038 5784 ac
3075 5733 3359 5785 tormentis
3390 5743 3438 5784 te

1883 5822 2168 5889 subjicere,
2230 5831 2280 5874 et
2334 5821 2678 5892 imperatmis
2718 5825 2947 5879 edictum
3003 5826 3243 5894 exsequi.
3305 5826 3434 5878 Nam
