4180 6474
751 414 863 478 223

2059 420 2344 481 MENSIS
2387 420 2651 482 MAIUS.
3903 431 3994 493 22‘

753 534 955 593 potest,
989 527 1036 582 si
1069 536 1152 583 est
1179 526 1320 583 Deus
1352 541 1474 585 vere
1513 540 1727 600 potens.
1785 531 1862 586 Ex
1897 532 2001 586 boe
2049 532 2188 602 ipso,
2238 531 2320 584 ln-

2423 528 2547 596 τός;
2587 530 2644 583 Ὀ
2674 531 2830 599 ἁγιος
2884 533 3137 599 ’Δκάκιος
3159 532 3311 591 εἰπεν
3334 556 3349 570 ο
3394 541 3486 593 Ἐκ
3516 544 3710 596 τούτου
3736 544 3846 613 γὰρ
3871 546 3993 612 μάλα

749 614 869 681 quit
914 613 1189 682 Aeacius,
1218 632 1368 677 eum.
1422 633 1483 672 ac
1539 621 1658 688 ejus
1699 620 1993 674 bonitatem
2037 631 2086 674 et
2132 631 2324 689 poten-

750 705 881 756 tiam
911 717 1239 771 cognOscere
1268 717 1441 775 potes,
1481 712 1623 776 quod
1658 727 1776 764 cum
1815 711 2026 780 injuria:
2052 713 2124 767 illi
2161 716 2316 782 ﬂant,

753 809 859 847 non
903 797 1083 849 statim
1116 811 1302 863 pmttas
1332 799 1484 852 vobis
1525 799 1711 866 refert,
1748 805 1841 856 sed
1888 805 2090 860 diutius
2119 822 2317 878 exspe-

749 892 882 945 ctat,
916 895 973 936 ut
1009 901 1104 938 vos
1136 886 1357 942 Griecos
1401 890 1678 957 poeniteat,
1711 892 1802 960 qui
1836 894 2039 947 cultum
2075 906 2126 949 et
2158 912 2320 953 vene.

753 979 1020 1030 rationein
1057 976 1165 1032 Deo
1193 989 1603 1050 cctigruentetn,
1627 984 1959 1039 daemonibus
1978 987 2206 1044 aﬂ'ertis.
2239 991 2318 1044 Ad

755 1065 870 1119 btee
899 1076 953 1118 et
987 1082 1294 1131 servorum,
1329 1072 1421 1136 qui
1459 1071 1506 1124 ei
1540 1073 1680 1140 grati
1713 1085 1862 1136 sunt,
1900 1078 2218 1132 electionem
2256 1094 2318 1135 ac

750 1171 1094 1225 progressum
1134 1161 1240 1213 hoc
1274 1160 1431 1213 modo
1460 1164 1783 1229 compellere
1814 1166 1948 1220 vult.
2000 1169 2188 1236 Itaque
2221 1172 2322 1225 hec

753 1248 1091 1314 providentia
1127 1251 1318 1305 utitur.
1350 1252 1481 1305 Nam
1516 1253 1559 1306 si
1591 1255 1776 1308 statim
1803 1261 1953 1312 vobis
1992 1275 2208 1328 poenam
2242 1264 2320 1315 in-

753 1335 897 1391 ferre
935 1337 1114 1404 vellet,
1145 1351 1198 1394 et
1230 1356 1322 1395 vos
1357 1343 1456 1412 ipsi
1497 1344 1548 1397 in
1581 1358 1897 1414 perpetuum
1927 1352 2242 1418 periisselis,
2267 1364 2322 1408 et

751 1427 920 1492 ipsius
952 1429 1093 1482 servi
1123 1431 1389 1486 manifesti
1425 1450 1530 1488 non
1558 1435 1747 1491 tierent
1775 1455 1788 1501 ;
1830 1441 1958 1508 quin
1999 1443 2161 1495 etiam
2195 1461 2320 1514 gra-

751 1517 838 1570 tia:
868 1519 1038 1586 ipsius
1068 1524 1307 1590 potentia
1359 1526 1536 1580 etiosa
1564 1533 1975 1595 permansisset.
2032 1533 2319 1599 Quomodo

746 1611 893 1662 enim
931 1610 1193 1668 Dominus
1227 1627 1412 1669 noster
1437 1617 1671 1686 gloriose
1723 1620 1930 1676 laudari
1964 1638 2166 1692 posset,
2217 1629 2317 1682 nisi

748 1702 1002 1754 diuturna
1032 1703 1084 1756 in
1124 1707 1324 1758 vestris
1381 1707 1680 1761 sceleribus
1722 1713 2006 1776 puniendis
2064 1717 2317 1784 patientia

750 1793 1027 1846 uteretur?
1056 1794 1210 1848 Nunc
1242 1810 1369 1849 vero
1420 1798 1532 1852 haec
1583 1800 1653 1852 ita
1689 1799 1798 1853 ﬁeri
1829 1804 2112 1871 permittit,
2155 1819 2212 1861 ut
2265 1819 2318 1863 et

750 1899 867 1948 vos,
895 1885 985 1954 qui
1041 1901 1144 1939 non
1191 1887 1529 1956 resipiscitis,
1562 1891 1654 1944 sed
1686 1893 1993 1948 diuturnam
2032 1898 2200 1965 ipsius
2237 1917 2320 1970 pa-
2354 1870 2391 1926 Β

749 1977 993 2030 tientiam
1027 1988 1363 2045 respuentes,
1390 1981 1443 2033 in
1467 1992 1646 2035 vestra
1671 1986 1870 2036 srvitia
1909 1990 2226 2054 persistitis,
2261 2003 2316 2046 et

750 2065 821 2120 ab
855 2080 920 2120 eo
956 2067 1123 2137 magis
1157 2070 1435 2138 magisque
1485 2071 1870 2140 desciscentes,
1925 2079 1988 2130 ad
2038 2079 2318 2135 interitum

749 2161 1077 2225 properatis,
1137 2171 1314 2213 vestra
1363 2161 1516 2230 culpa
1569 2164 2029 2232 condemnemini,
2086 2179 2142 2223 et
2197 2187 2315 2238 nos,

749 2247 840 2311 qui
870 2247 988 2315 ejus
1034 2250 1319 2317 imperium
1353 2254 1694 2320 agnovimus,
1748 2269 2006 2325 perpetuo
2055 2275 2175 2314 eum
2230 2263 2320 2318 illo

749 2337 1017 2392 vivamus.
1044 2341 1180 2406 Quin
1203 2343 1367 2395 etiam
1397 2343 1567 2412 ipsius
1605 2344 1772 2411 gloria
1797 2347 1847 2399 in
1873 2348 1979 2403 illis
2005 2351 2320 2409 hominibus

749 2428 1090 2484 manifestior
1122 2434 1230 2496 lict,
1258 2434 1346 2502 qui
1378 2434 1582 2489 scelera
1617 2450 1710 2488 sua
1733 2451 2204 2506 recognoscentes,
2241 2443 2320 2497 vi-

751 2525 859 2569 tam
900 2520 1330 2576 entendaverint.

825 2605 935 2662 γη.
972 2607 1126 2662 Tunc
1160 2609 1453 2669 Bibianns:
1493 2612 1730 2670 Litteras
1757 2617 1936 2673 forsan
1969 2620 2224 2688 didicisti,
2249 2627 2318 2680 ob

750 2698 914 2767 idque
953 2703 1030 2754 sic
1077 2701 1280 2756 diserte
1325 2707 1645 2772 respondes.
1678 2707 1812 2762 Nam
1867 2728 1960 2779 per
1995 2715 2124 2768 deos
2175 2717 2319 2783 ipsos

752 2803 1060 2843 sermonem
1121 2794 1316 2845 rationi
1356 2805 1782 2850 consentaneum
1827 2801 2082 2868 habuisti,
2134 2814 2189 2856 ut
2223 2806 2319 2858 Ito-

755 2877 961 2931 minum
999 2881 1228 2934 salutem
1260 2883 1362 2936 sub
1398 2884 1487 2938 Dei
1532 2888 1772 2952 potentia
1824 2904 1945 2944 esse
1977 2895 2314 2952 ostenderes.

756 2970 833 3026 Ex
859 2972 958 3027 hoc
988 2974 1126 3044 ipso,
1167 2975 1337 3045 inquit
1375 2976 1627 3047 Aeacius,
1666 2982 1756 3037 Dei
1797 2985 2035 3042 omnium
2072 2988 2317 3045 domina-

752 3063 884 3116 toris
917 3066 1213 3132 potentiam
1248 3077 1300 3120 et
1335 3070 1566 3135 gratiam
1618 3087 1913 3140 agnoscere
1968 3090 2141 3145 potes,
2175 3082 2318 3151 quod

751 3166 873 3205 cum
912 3169 1016 3207 non
1050 3156 1332 3210 didicerim
1397 3159 1606 3217 litteras
1656 3162 1796 3230 illas,
1831 3183 1951 3235 qua:
1986 3172 2139 3226 vobis
2166 3173 2316 3228 valde
2344 3189 2386 3248 ο

750 3240 1014 3308 optabiles
1043 3243 1314 3309 videntur,
1348 3247 1452 3302 nisi
1496 3259 1705 3306 tantum
1737 3270 1903 3324 pauca
1957 3263 2198 3327 quaedam
2251 3266 2316 3318 ad

753 3331 1058 3384 divinarum
1109 3333 1434 3391 Litterarum
1489 3341 1776 3396 lectionem
1821 3352 2147 3413 necessaria,
2206 3353 2320 3422 ipse

752 3420 896 3473 Deus
919 3437 1016 3490 pro
1049 3427 1204 3480 nobis
1236 3428 1641 3486 miserabilibus
1665 3437 1776 3488 suis
1802 3441 1974 3493 servis
2008 3446 2317 3508 respondet,

752 3510 992 3582 facitque
1036 3525 1095 3567 ut
1121 3517 1187 3570 ab
1217 3519 1471 3576 omnibus
1517 3524 1846 3588 hominibus,
1898 3532 2025 3598 quin
2063 3533 2223 3585 etiam
2266 3544 2322 3589 ut

751 3611 806 3658 ει
835 3617 862 3657 a
897 3604 1046 3659 vobis
1073 3605 1224 3674 ipsis,
1273 3613 1363 3678 qui
1396 3615 1593 3664 eruditi
1643 3618 1793 3679 estis,
1827 3619 2133 3676 laudemur.
2181 3623 2317 3678 Nam

753 3697 903 3750 etab
945 3697 1101 3752 initio
1134 3715 1256 3753 cum
1297 3701 1718 3771 dispensationis
1764 3705 1956 3762 divinae
1997 3727 2131 3780 opus
2162 3714 2322 3784 perﬁ-

751 3798 918 3855 ceret,
950 3799 1004 3846 et
1046 3805 1198 3845 suum
1231 3793 1396 3861 ipsius
1434 3810 1652 3865 regnum
1689 3798 1806 3851 orbi
1858 3808 2125 3853 terrarum
2182 3819 2319 3869 prae-

751 3881 1037 3936 dicandum
1072 3895 1312 3947 curaret,
1348 3901 1452 3938 non
1483 3887 1798 3942 hominibus
1827 3904 2022 3956 genere
2051 3903 2138 3944 aut
2176 3892 2322 3947 divi-

754 3973 864 4038 tiis,
889 3976 1212 4029 orationisve
1233 3989 1324 4030 aut
1345 3977 1641 4031 litterarum
1669 3979 1921 4037 facultate
1947 3988 2324 4047 praestantibus

755 4065 820 4115 ad
863 4064 1136 4135 Evangelii
1180 4068 1260 4122 sui
1295 4070 1750 4140 praedicationem,
1783 4075 2250 4140 setlpiscatoribus
2272 4086 2326 4130 et

753 4154 1078 4221 publicanis,
1115 4172 1177 4210 ac
1208 4161 1535 4226 pauperibus
1562 4160 1886 4230 quibusdam
1921 4179 2049 4217 usus
2076 4177 2177 4220 est.
2209 4165 2324 4223 Iloc

751 4253 934 4296 autem
973 4245 1120 4312 fecit,
1153 4259 1208 4300 ut
1239 4249 1354 4318 ejus
1386 4253 1645 4319 potentia,
1679 4269 1798 4321 ane
1839 4266 2076 4310 mentem
2109 4273 2323 4312 omnem

751 4348 1066 4402 exsuperat,
1108 4351 1550 4407 cognosceretur,
1585 4354 1772 4399 sancto
1810 4359 1874 4401 ac
1919 4347 2100 4402 divino
2120 4348 2326 4419 Spiritu

754 4427 871 4493 ejus
925 4430 1213 4497 discipulos
1255 4432 1563 4496 adiuvante.

830 4515 961 4571 VIII.
996 4519 1442 4604 Posthac-iudex
1471 4543 1483 4579 :
1510 4524 1778 4582 Omittcns
1811 4543 1930 4599 ego,
1956 4533 2096 4601 quod
2119 4550 2307 4604 oppor-
2346 4531 2389 4587 D

754 4609 885 4661 tune
920 4611 1045 4662 mibi
1100 4610 1405 4666 faciendum
1439 4625 1543 4679 est,
1605 4626 1782 4672 tecum
1821 4636 2017 4690 nugor,
2051 4625 2151 4692 qui
2191 4628 2318 4682 talia

757 4703 1006 4756 disseris.
1040 4703 1118 4756 Tu
1149 4706 1258 4758 scis
1308 4706 1695 4775 imperatorum
1726 4712 1896 4765 edicta
1930 4718 2073 4770 omni
2116 4727 2322 4774 terrore

758 4791 913 4860 plena
937 4793 1087 4849 vobis
1115 4798 1390 4865 proposita
1431 4813 1573 4864 esse,
1610 4811 1665 4853 ut
1692 4816 1785 4856 vos
1823 4802 2109 4861 Christiani
2142 4810 2320 4863 homi-

759 4899 861 4939 nes
892 4885 972 4940 vel
995 4887 1339 4953 sacrificetis,
1380 4904 1433 4944 et
1461 4893 1589 4946 deos
1640 4894 1786 4963 ipsos
1815 4898 2027 4962 colatis,
2055 4899 2109 4952 in
2146 4902 2324 4955 omni-

761 4975 864 5030 bus
897 4977 1055 5031 rebus
1090 4994 1183 5033 vos
1213 4966 1318 5034 illis
1350 4981 1697 5050 subjicientes
1734 4995 1894 5054 atque
1943 5004 2009 5043 eo
2043 4992 2202 5044 modo
2227 4992 2326 5046 ho-

762 5081 924 5121 nores
1000 5069 1069 5122 ab
1146 5071 1249 5124 illis
1312 5077 1602 5141 reportetis
1655 5094 1668 5129 :
1731 5079 1831 5142 vel,
1900 5079 1943 5134 si
2013 5082 2324 5140 sacriﬁcare

763 5158 1068 5225 nolueritis,
1103 5161 1562 5230 condemnemini,
1615 5177 1669 5222 et
1719 5170 1996 5238 suppliciis
2036 5189 2101 5227 ac
2151 5176 2324 5242 panis

760 5251 1146 5333 subjiciamini.
1201 5253 1370 5309 Velim
1424 5256 1587 5327 igitur
1630 5260 1798 5325 dicas,
1854 5279 1978 5316 nutn
2034 5265 2140 5319 diis
2193 5267 2324 5335 ipsis

763 5328 1056 5408 sacrilices,
1089 5354 1143 5398 et
1171 5343 1375 5411 legibus
1407 5350 1769 5418 obtemperes,
1803 5367 1868 5406 an
1900 5364 1949 5408 te
1979 5356 2028 5410 id
2052 5328 2320 5411 facturum

765 5449 947 5501 neges.
985 5434 1280 5502 Respondit
1312 5439 1542 5494 Aeacius
1566 5459 1579 5494 :
1607 5441 1760 5511 Stpe
1790 5453 1841 5495 et
1868 5460 1898 5501 a
1936 5446 2115 5499 Firmo
2155 5449 2321 5502 inter-

766 5540 1001 5595 rogatus,
1036 5530 1399 5587 Christianum
1429 5550 1510 5589 nte
1539 5552 1658 5589 esse
1691 5535 1969 5593 confessus
2001 5557 2139 5594 sunt.
2171 5543 2319 5604 Quod

770 5632 903 5685 ergo
939 5621 1071 5682 dixi,
1131 5621 1321 5676 iterum
1366 5625 1506 5689 dico,
1566 5644 1648 5682 me
1685 5631 2051 5685 Christianum
2102 5649 2239 5697 esse,
2271 5647 2322 5688 et

769 5711 995 5776 impuris
1027 5712 1359 5770 daemonibus
1409 5734 1512 5772 non
1569 5723 1895 5776 sacriﬁcare.
1965 5725 2093 5793 Ego,
2150 5727 2319 5794 inquit

764 5800 944 5868 iudex.
992 5803 1148 5857 etiam
1191 5822 1329 5863 nunc
1369 5821 1577 5865 atatem
1609 5813 1763 5868 istam
1791 5824 1930 5868 tuam
1957 5819 2319 5873 misericordia

2423 620 2532 684 λον,
2558 622 2808 687 δικαστά,
2835 625 3073 693 ὀφείλεις
3106 629 3370 699 γνωρίσαι
3405 633 3590 693 αὑτὸν,
3621 637 3715 686 καὶ
3739 634 3841 704 τὴν
3871 635 3995 703 ἁγα-

2423 711 2620 781 θότητα
2649 713 2837 777 αὑτοῦ,
2871 716 2965 768 καὶ
2991 716 3086 787 τὴν
3110 717 3364 788 δύναμιν,
3394 722 3476 774 ὅτι
3516 723 3609 774 καὶ
3642 723 3995 792 ὑϐριζόμενος

2420 801 2520 852 οὑκ
2556 802 2757 866 εὐθέως
2792 806 3217 862 ἀνταποδίδωσιν
3247 812 3375 880 ἡμῖν
3397 851 3412 876 ,
3443 814 3803 883 ἐκδεχόμενος
3847 818 3993 884 ὑμῶν

2418 891 2528 943 τῶν
2575 891 2844 962 Ἑλλήνων
2890 897 2990 965 τὴν
3028 901 3316 967 μετάνοιαν
3368 905 3462 956 καὶ
3496 906 3866 975 ἐπιστροφὴν,
3895 909 3995 959 τῶν

2417 983 2479 1036 τὸ
2502 983 2649 1053 αὑτῷ
2676 987 2885 1053 πρέπον
2923 989 3085 1050 σέϐας
3121 993 3233 1052 τοῖς
3272 991 3490 1062 δαίμοσι
3537 998 3991 1065 προσφερόντων·

2420 1074 2500 1127 ἔτι
2554 1075 2609 1128 δὲ
2665 1079 2760 1129 καὶ
2819 1079 2926 1130 τῶν
2960 1081 3402 1150 εὑαρεστούντων
3448 1086 3594 1154 αὑτῷ
3638 1087 3846 1140 δούλων
3901 1089 3993 1158 τὴν

2420 1166 2652 1235 ἐκλογὴν
2679 1169 2774 1220 καὶ
2808 1170 3092 1240 προκοπὴν
3131 1172 3455 1241 βουλόμενος
3488 1164 3802 1243 ὲκτελέσαιί
3825 1180 3993 1244 οὕτως

2420 1256 2799 1328 ᾠκονόμησεν.
2837 1259 2898 1312 Ei
2930 1262 3037 1329 γὰρ
3072 1261 3332 1329 ἠϐούλετο
3379 1265 3579 1327 εὐθέως
3607 1268 3738 1336 ὑμῖν
3767 1270 3993 1322 άποδοῦο

2420 1367 2509 1402 ναι
2543 1352 2634 1403 καὶ
2663 1352 2803 1420 ὑμᾶς
2827 1353 3163 1408 ἀπόλλυσθαι
3189 1356 3442 1422 αίωνίως,
3476 1363 3568 1411 καὶ
3605 1363 3656 1412 oi
3688 1362 3875 1414 δοῦλοι
3905 1364 3996 1414 αὑ-

2419 1439 2512 1492 τοῦ
2541 1441 2640 1492 οὑκ
2692 1442 2930 1508 ἐγίνοντο
2974 1446 3218 1514 φανεροὶ,
3270 1446 3404 1499 ἀλλὰ
3451 1449 3541 1501 καὶ
3581 1449 3876 1520 ήδὺναμις
3904 1451 3997 1520 τῆς

2418 1526 2645 1595 χάριτος
2680 1529 2845 1581 αὑτοῦ
2885 1531 3029 1600 ἀργὴ
3070 1532 3333 1602 διέμενεν.
3371 1537 3478 1590 Καὶ
3510 1539 3625 1600 πῶς
3668 1535 3819 1608 εἶχεν
3850 1541 3998 1607 δοξα-

2421 1618 2613 1686 σθῆναι
2665 1621 2693 1671 ό
2748 1622 2950 1689 Κύριος
2987 1625 3143 1692 ἡμῶν
3201 1626 3407 1695 Ἰησοῦς
3438 1629 3700 1696 Χριστὸς,
3736 1635 3784 1684 εί
3820 1636 3895 1701 μὴ
3933 1629 3997 1704 ἢν

2421 1709 2779 1779 μακρόϐυμος
2813 1713 2904 1763 ἐπὶ
2933 1715 3051 1775 ταῖς
3083 1717 3366 1784 πονηρίαις
3398 1718 3588 1787 ὑμῶνς
3628 1721 3744 1772 Νῦν
3777 1722 3835 1774 δὲ
3869 1739 3996 1791 συγ-

2419 1805 2589 1869 χωρεῖ
2615 1801 2786 1854 ταῦτα
2819 1803 2993 1866 οὕτως
3027 1806 3301 1872 γενέσθαι,
3339 1808 3424 1863 ἶνα
3456 1811 3548 1862 καὶ
3591 1811 3751 1880 ὑμεῖς
3779 1814 3894 1866 ὅσοι
3941 1816 3997 1867 οὐ

2425 1898 2758 1959 μετανοεῖτε,
2785 1896 2919 1948 ἀλλὰ
2953 1900 3403 1964 καταπτύσαντες
3427 1903 3527 1971 τῆς
3555 1905 3756 1973 ἀνοχῆς
3782 1907 3879 1958 καὶ
3906 1909 3999 1976 τῆς

2425 1983 2805 2053 μακροθυμίας
2823 1987 2988 2040 αὑτοῦ
3045 1991 3310 2058 ἐμμένετε
3350 1994 3414 2060 τῇ
3442 1991 3686 2061 ὠμότητι
3725 1995 3883 2062 ὑμῶν
3913 1998 4000 2049 καὶ

2421 2078 2486 2144 τῇ
2511 2077 2806 2130 ἀποστάσει
2829 2080 2926 2149 τῆς
2972 2082 3244 2145 ἀπωλείας
3277 2084 3726 2155 αὑτοκατάκριτοι
3759 2087 3998 2158 γίνησεὴ,

2421 2168 2515 2220 καὶ
2546 2170 2703 2236 ἡμεῖς
2758 2171 2814 2223 δὲ
2860 2173 2925 2224 ἐκ
2979 2172 3292 2242 προθέσεως
3326 2176 3427 2243 τὴν
3464 2178 3792 2230 δεσποτείαν
3833 2180 3997 2232 αὑτοῦ

2420 2257 2749 2322 ἐπιγνόντες,
2773 2261 3025 2329 ζήσωμεν
3047 2263 3230 2325 άῖδίως
3264 2265 3358 2316 σὺν
3385 2267 3556 2330 αὑτῷ,
3611 2268 3704 2320 καὶ
3738 2271 3771 2337 ἡ
3795 2270 3922 2336 δόξα
3947 2271 3997 2323 δὲ

2422 2345 2588 2397 αὑτοῦ
2637 2350 2921 2419 φανερωθῇ
2956 2351 3046 2406 διὰ
3097 2352 3208 2405 τῶν
3243 2355 3650 2422 μετανοούντων
3695 2360 3998 2429 ἀνθρώπων

2423 2439 2518 2491 καὶ
2538 2441 2936 2514 διορθουμένων
2964 2446 3052 2498 τὸν
3082 2446 3294 2500 ἑαυτῶν
3327 2445 3461 2516 βίον.

2497 2619 2570 2674 Ζ’.
2606 2619 2851 2684 Βιδιανδς
2902 2619 3092 2676 εἶπενο
3144 2627 3389 2692 ’Δκάκιε,
3429 2629 3630 2700 ἔμαθες
3665 2636 3994 2704 γράμματα,

2419 2709 2499 2761 ὃτι
2532 2709 2700 2769 οὕτως
2719 2713 2997 2780 προσόχως
3014 2716 3285 2786 ἀποκρίνῃ
3305 2734 3319 2748 ·
3349 2720 3424 2784 μά
3443 2723 3568 2782 τοὺς
3601 2723 3761 2787 θεοὺς
3789 2727 3997 2794 usus.

2422 2817 2582 2870 μενον
2608 2801 2761 2866 λόγον
2793 2798 2969 2866 εἶπας,
3001 2805 3123 2857 ὅσον
3171 2806 3229 2858 τὺ
3264 2808 3358 2860 ὑπ’
3390 2810 3638 2874 ἐξουσίαν
3667 2810 3810 2866 εἶναι
3867 2817 3995 2869 Θεοῦ

2417 2894 2650 2964 τὴντῶν
2683 2895 2986 2964 ἀνθρώπων
3042 2899 3343 2968 σωτηρίαν.
3413 2899 3469 2952 Ὀ
3523 2902 3678 2969 ἅγιος
3743 2905 3996 2972 Ἀκάκιος

2420 2981 2571 3038 εἶπεν
2593 3003 2608 3018 ο
2655 2987 2742 3040 Ἑν
2771 2988 2944 3058 τούτῳ
2975 2989 3082 3061 γὰρ
3119 2992 3343 3060 μᾶλλον,
3403 2986 3446 3046 ὧ
3483 2993 3737 3061 δικαστά,
3764 2999 3997 3066 (Lips-ila;

2422 3074 2685 3144 γνωρίσαι
2722 3078 2821 3146 τὴν
2871 3079 3101 3149 δύναμιν
3133 3084 3227 3134 καὶ
3262 3084 3361 3153 τὴν
3401 3085 3561 3153 χάριν
3610 3087 3704 3139 τοῦ
3731 3088 3871 3142 Θεοῦ
3908 3091 3994 3144 τοῦ

2422 3167 2637 3220 πάντων
2660 3170 2691 3238 ἠ
2701 3168 2816 3237 μῶν
2841 3172 3130 3236 Δεσπότου,
3156 3172 3237 3224 ὅτι
3267 3173 3340 3241 μὴ
3367 3174 3630 3242 μαθόντος
3655 3178 3720 3229 τά
3738 3178 3997 3234 δοκοῦντα

2420 3259 2549 3328 ὑμῖν
2584 3261 3024 3329 περισπούδαστα
3068 3262 3396 3331 γράμματα,
3445 3266 3492 3315 εί
3529 3265 3604 3333 μὴ
3647 3267 3811 3334 μόνον
3844 3271 3997 3338 ὀλίγα

2420 3353 2554 3418 προς
2577 3350 2675 3416 τὴν
2704 3350 3012 3414 ἀνάγνωσιν
3043 3351 3150 3402 τῶν
3182 3351 3342 3402 Οείων
3373 3352 3625 3420 Γραφῶν,
3655 3357 3824 3421 αὐτὸς
3859 3359 3997 3431 ὑπὲρ

2421 3439 2577 3507 ἡμῶν
2603 3438 2710 3489 τῶν
2740 3438 2990 3491 ἐλεεινῶν
3050 3439 3251 3495 δούλων
3282 3443 3448 3495 αὑτοῦ
3484 3444 3748 3513 ἀπολογεῖ
3797 3467 3857 3502 τε
3908 3455 3998 3506 καὶ

2423 3533 2565 3581 ποιεῖ
2619 3529 2723 3582 ὑπὸ
2790 3531 3006 3585 πάντων
3063 3532 3386 3603 ἀνθρώπων,
3425 3535 3559 3589 ἀλλὰ
3603 3541 3697 3592 καὶ
3728 3541 3819 3609 ὑφ’
3846 3544 3998 3613 ὑμῶν

2421 3619 2530 3673 τῶν
2554 3622 3004 3692 πεπαιδευμένων
3033 3625 3374 3681 ἑπαινεῖσθαι
3395 3644 3407 3658 ⁸
3441 3633 3535 3701 καὶ
3565 3634 3674 3702 γὰρ
3703 3635 3800 3686 ἀπ’
3822 3638 3997 3706 ἀρχῆς

2422 3713 2647 3780 πληρῶν
2675 3712 2771 3775 τὴν
2799 3715 3112 3780 οίκονομίαν
3139 3718 3231 3767 καὶ
3269 3718 3478 3784 μέλλων
3513 3722 3814 3789 κηρύσσειν
3836 3729 3892 3778 ἐν
3922 3728 3996 3795 τῷ

2423 3800 2614 3868 κόσμῳ
2647 3797 2743 3866 τὴν
2792 3799 2988 3852 ἑαυτοῦ
3024 3800 3322 3869 βασιλείαν,
3357 3806 3456 3858 οὑκ
3479 3807 3748 3876 ἐχρήσατο
3791 3813 3997 3884 ἀνθρώο

2426 3906 2544 3952 ποις
2575 3889 2606 3960 ἢ
2643 3889 2809 3956 γένει,
2850 3891 2881 3960 ἢ
2912 3890 3149 3962 πλούτῳ,
3181 3892 3213 3964 ἢ
3244 3891 3408 3963 λόγῳ,
3442 3895 3474 3964 ἢ
3509 3897 3807 3967 γράμμασι
3836 3903 3995 3958 δυνα..

2422 3984 2534 4040 τοῖς
2564 3983 2698 4048 πρὸς
2730 3980 2790 4032 τὸ
2825 3982 3088 4051 κήρυγμα
3118 3981 3212 4035 τοῦ
3260 3985 3615 4053 Εὑαγγελίου,
3638 3989 3755 4041 ἀλλ’
3791 3993 3997 4048 ἁλιεῦσι

2425 4071 2520 4122 καὶ
2550 4069 2830 4132 τελώναις,
2871 4073 2965 4124 καὶ
2991 4073 3271 4136 παντελῶς
3305 4077 3362 4126 ὲν
3383 4083 3627 4144 πτωχαῖς
3659 4085 3996 4148 περιουσίαις

2425 4160 2719 4229 ὶχρήσατο.
2774 4163 2944 4217 Τοῦτο
2973 4164 3029 4218 δὲ
3083 4166 3339 4232 ἐποίησεν
3368 4168 3395 4218 ό
3430 4168 3814 4239 φιλάνθρωπος
3845 4173 3996 4238 Θεὸς,

2428 4251 2509 4305 ἴνα
2541 4253 2572 4320 ἡ
2606 4252 3018 4322 ὑπερϐάλλουσα
3046 4257 3223 4309 πάντα
3251 4257 3375 4308 νοῦν
3399 4257 3630 4328 δύναμις
3655 4261 3823 4314 αὑτοῦ
3862 4281 3997 4330 γνω-

2429 4345 2610 4414 ρισθῇ,
2651 4345 2744 4397 τοῦ
2777 4344 2920 4398 Θείου
2943 4347 3037 4398 καὶ
3057 4346 3214 4415 ἁγίου
3248 4347 3566 4420 Πνεὺματος
3595 4353 3654 4406 ὲν
3687 4355 3824 4407 πᾶσι
3871 4372 3994 4407 συν-

2428 4435 2713 4505 εργοῦντος
2733 4436 2939 4500 αὑτοῖς.

2489 4527 2570 4581 H'.
2617 4528 2675 4581 ὐ
2725 4529 2984 4600 δικαστὴς
3016 4526 3211 4584 εἶπεν·
3263 4532 3406 4601 Ἐγὼ
3434 4534 3602 4597 ιάσας
3655 4535 3717 4588 τδ
3761 4538 3996 4609 καίριον,

2419 4618 2495 4681 ὡς
2516 4619 2685 4671 εἰπεῖν
2706 4620 2854 4690 ληρῶ
2882 4622 3020 4689 μετά
3045 4622 3139 4674 σοῦ
3169 4624 3394 4677 τοιαῦτα
3415 4625 3822 4695 διαλεγόμενος·
3851 4625 3997 4693 οἶδας

2421 4711 2496 4776 δὲ,
2522 4713 2600 4765 ὄτι
2634 4713 2832 4774 παντὸς
2863 4712 3031 4780 φόϐου
3062 4713 3192 4782 ἡμῖν
3237 4717 3356 4768 ἐστι
3385 4714 3625 4785 γέμοντα
3650 4719 3720 4772 τὰ
3752 4722 3995 4789 προστά-

2422 4819 2610 4872 γματα
2637 4805 2740 4856 τῶν
2772 4802 3210 4874 αὐτοκρατόρων,
3237 4806 3379 4858 ὥστε
3402 4805 3434 4875 ἢ
3468 4806 3695 4871 θύοντας
3712 4812 3810 4863 καὶ
3836 4811 3998 4882 aspa-

2429 4893 2692 4958 πεὺοντας
2713 4895 2839 4957 τοὺς
2866 4893 3021 4958 θεοὺς
3055 4897 3200 4966 ὑμᾶς
3235 4897 3360 4958 τοὺς
3383 4898 3750 4968 Χριστιανοὺς
3782 4903 3842 4956 ὲν
3865 4905 3997 4957 πᾶσί

2427 5000 2488 5037 τε
2527 4986 2800 5056 ὑπηκόους
2836 4987 3034 5050 αὐτοὺς
3107 4989 3438 5058 γενομένους
3483 4989 3578 5044 καὶ
3631 4993 3802 5060 τιμὰς
3866 4996 3998 5063 παρ’

2423 5075 2598 5129 αὑτῶν
2630 5078 2972 5146 κομίζεσθαι,
3001 5081 3126 5142 τοὺς
3155 5080 3211 5133 δὲ
3247 5081 3320 5150 μὴ
3365 5080 3596 5143 Θύοντας
3627 5088 3994 5153 τιμωρεῖσθαι

2425 5168 2566 5221 κατὰ
2583 5169 2799 5239 κράτος.
2819 5169 2977 5232 Θὺεις
3006 5169 3097 5223 οὖν
3121 5173 3233 5233 τοῖς
3257 5171 3400 5232 Θεοῖς
3421 5172 3518 5224 καὶ
3547 5171 3868 5244 πειθαρχεῖς
3888 5179 3998 5240 τοῖς

2421 5264 2607 5334 νόμοις
2635 5265 2742 5330 τῷν
2777 5266 3062 5336 βασιλέων,
3095 5266 3332 5336 ἢάκμὴν
3362 5268 3705 5335 ἀντιλέγειςς
3757 5270 3816 5321 '0
3843 5270 3996 5338 ἅγιος

2437 5359 2687 5422 ’Δκάκιος
2719 5355 2871 5413 εἶπεν
2891 5375 2904 5389 ο
2966 5361 3074 5413 Καὶ
3107 5361 3200 5413 ἐπὶ
3232 5362 3454 5431 Φήρμου
3485 5363 3750 5425 πολλάκις
3783 5365 3997 5431 ὶπερω-

2424 5452 2627 5520 τηθεὶς,
2651 5452 2971 5522 ὡμολόγησα
2989 5454 3311 5520 Χριστιανὸν
3329 5452 3517 5506 ἑαυτὴν
3537 5450 3696 5519 εἶναι,
3724 5458 3819 5508 καὶ
3839 5457 3997 5510 πάλιν

2426 5541 2565 5609 λέγω
2595 5546 2673 5597 ὅτι
2703 5545 3019 5611 Χριστιανός
3048 5544 3182 5608 εἰμι,
3215 5546 3309 5597 καὶ
3341 5545 3400 5596 οὑ
3430 5545 3544 5598 θύω
3571 5545 3830 5612 δαίμοσιν
3859 5550 3996 5600 ἀκαο

2428 5635 2645 5705 θάρτοις
2680 5638 2827 5689 ποτέ.
2879 5639 2944 5688 '0
2987 5636 3244 5704 δικαστὴς
3276 5632 3459 5689 εἶπενο
3513 5637 3654 5702 Ἐγὼ
3691 5639 3771 5690 ἔτι
3809 5641 3868 5690 τὸ
3900 5640 3994 5703 τῆς

2428 5729 2638 5795 ἡλικίας
2676 5747 2764 5782 σου
2798 5729 2994 5797 μέτρον
3024 5729 3304 5798 οίκτείρωο
3347 5729 3455 5794 ὁρῶ
3489 5729 3593 5797 γάρ
3627 5746 3685 5780 σε
3725 5730 3801 5796 μὴ
3834 5730 3991 5780 πλέον

2428 5819 2596 5872 εἴκοσι
2621 5823 2705 5873 καί
2740 5829 2776 5870 ι’
2814 5821 2948 5871 ἑτῶν
2976 5821 3102 5872 ὄντα
3125 5836 3135 5847 ’
3162 5820 3293 5871 ἀλλὰ
3330 5819 3416 5872 καὶ
3443 5818 3498 5868 τὺ
3532 5820 3618 5870 τοῦ
3655 5819 3989 5882 στρατιώτου
