4180 6482
164 398 264 463 995

1290 400 1455 459 VlTA
1500 403 1559 462 S.
1601 402 1852 462 ACACII
1897 404 2381 469 CAPPADOCIS.

3325 419 3437 480 226

160 512 339 582 σχῆμα
366 506 675 571 αίδεσῦεἱς,
709 504 813 560 ούκ
838 503 1090 574 ἠθέλησα
1130 506 1424 574 τιμωρίαις
1468 525 1525 560 σε
1563 509 1759 563 ὑποσα-

1876 530 2193 585 prosequur.
2230 514 2399 571 Vidco
2423 518 2563 571 enim
2592 527 2643 573 te
2673 534 2777 574 nou
2809 521 3039 591 amplius
3071 540 3231 594 quam
3257 530 3445 599 viginti

157 604 294 657 λείν·
330 600 429 655 ὲὰν
467 587 530 653 δὲ’
557 600 825 670 ὲμμένεις
865 599 934 667 τῇ
969 596 1163 666 μωρία
1196 596 1404 669 ἐκείνῃ,
1434 600 1768 666 ἀναγκάσεις

160 712 220 766 με
249 693 342 746 τοῦ
392 694 712 759 ἐπαγαγεῖν
772 705 856 742 σοι
894 686 1172 757 βασάνους
1209 691 1415 756 πικρὰς
1454 690 1547 741 καὶ
1571 689 1769 759 ἀνηκέ-

158 805 332 849 στους.
370 788 433 840 ὐ
475 790 635 854 ἆγιος
682 786 939 845 Ἀκάκιος
962 778 1124 836 εἶπεν
1148 797 1163 810 ο
1208 784 1276 834 Ὂ
1303 782 1505 852 βούλει,
1540 786 1684 837 ποίει
1712 786 1769 838 ὲν

157 880 327 948 τάχει,
362 876 530 946 κάγὼ
566 880 676 949 γὰρ
704 879 730 931 ὃ
760 878 854 931 νῦν
885 876 1027 929 ποιῶ
1053 875 1158 928 οὐκ
1190 874 1317 929 ἔστι
1373 877 1573 946 μωρὸν,
1633 876 1770 929 ἀλλὰ

156 976 244 1026 καὶ
280 975 426 1025 πάνυ
462 974 767 1042 φρόνιμον,
798 973 885 1025 ἵνα
912 975 1003 1025 τὸν
1029 971 1357 1039 ποιήσαντά
1383 987 1449 1039 με
1479 972 1574 1024 καὶ
1600 970 1768 1041 μέχρι

154 1066 243 1117 τοῦ
275 1065 371 1118 νῦν
396 1065 810 1133 προνοούμενον
838 1082 929 1131 μοι
956 1064 1030 1133 μὴ
1070 1062 1499 1131 ὲγκαταλείπω,
1539 1062 1631 1114 τὸν
1665 1064 1763 1132 μό-

158 1177 241 1213 νον
278 1158 552 1226 ἀληθινὸν
604 1157 757 1211 Θεὸν.
800 1158 861 1209 '0
896 1156 1156 1226 δικαστὴς
1220 1150 1413 1208 εἶπεν·
1451 1154 1575 1217 Πῶς
1608 1155 1771 1224 μόνον

158 1251 286 1320 εφης
309 1245 455 1301 εἶναι
492 1248 749 1317 ἀληθινὸν
778 1248 930 1313 Θεὸν,
965 1248 1128 1300 ὁπότε
1167 1246 1383 1313 λέγεις,
1406 1246 1497 1298 τὸν
1526 1247 1764 1318 Χριστὸν

159 1343 279 1395 Υἱὺν
310 1338 457 1395 εἶναι
491 1341 664 1406 Θεοῦς
698 1342 909 1411 ἀνάγκη
945 1340 1112 1402 πᾶσα,
1151 1339 1201 1391 εί
1240 1338 1373 1400 Υἱὸς
1415 1338 1507 1391 καὶ
1543 1340 1655 1403 ίσος
1681 1340 1768 1409 εἴη

158 1432 227 1502 τῷ
270 1432 477 1502 Πατρὶ,
537 1431 633 1484 δύο
668 1431 862 1493 αὐτοὺς
901 1428 1060 1496 εἶναι,
1116 1429 1313 1482 λοιπὸν
1368 1432 1461 1481 καὶ
1505 1430 1628 1499 οὐχὶ
1673 1430 1770 1483 ενα

156 1524 305 1577 θεόν.
342 1524 449 1577 Δύο
482 1519 630 1578 εἶναι
665 1526 756 1576 καὶ
784 1523 940 1576 αὐτοὶ
971 1522 1227 1591 λέγοντες
1264 1521 1462 1584 θεοὺς,
1505 1520 1626 1584 πῶς
1661 1521 1761 1577 νῦν

155 1618 244 1670 ινα
306 1619 630 1686 ἰκφιυνεῖςς
696 1617 1055 1685 ’Δναγκάζεις
1133 1631 1201 1684 με
1276 1613 1389 1683 γὰρ
1448 1612 1771 1681 ληρολογεῖν

160 1709 290 1776 μετὰ
325 1708 447 1773 σοῦ,
475 1711 658 1771 οὕτως
687 1708 933 1776 ἔκθεσμα
959 1707 1054 1757 καί
1088 1705 1423 1775 ἀνάρμοστα
1455 1703 1692 1771 ὁμιλῶν.

162 1802 372 1861 dicatis,
430 1816 611 1869 quare
669 1817 811 1855 nunc
844 1815 1009 1854 unum
1066 1798 1238 1853 Deum
1300 1795 1552 1867 profers?
1601 1795 1765 1866 Cogis

159 1900 211 1943 ct
244 1891 581 1943 inconcinna
609 1890 760 1942 dicas
798 1906 813 1943 :

216 1982 292 2038 ϐ’.
334 1986 395 2038 Ὀ
420 1970 588 2051 ἅγιος
629 1986 888 2048 Ἀκάκιος
936 1982 1125 2039 εἷπενο
1179 1981 1439 2036 Πιστεύω
1459 1982 1537 2053 τῷ
1589 1981 1766 2054 Ἰησοῦ

151 2074 227 2146 τῷ
258 2077 646 2146 σταυρωθέντι
684 2076 778 2129 ἐπὶ
808 2076 1033 2128 Ποντίου
1070 2074 1337 2135 Πιλάτου,
1392 2073 1614 2142 δοθῆναί
1675 2090 1766 2142 μοι

152 2166 305 2233 λόγον
336 2167 428 2218 διὰ
461 2166 563 2219 τοῦ
602 2166 921 2234 Πνεύματος
956 2163 1121 2217 αὑτοῦ
1161 2161 1259 2214 τοῦ
1295 2162 1457 2229 ἁγίου
1501 2164 1637 2234 πρὸς
1668 2163 1766 2232 τὴν

152 2254 501 2324 ἑπερὼτησιν
536 2253 745 2321 ταύτην
772 2250 867 2304 τοῦ
900 2251 1244 2319 διασαφῆσαι
1271 2249 1451 2317 αὑτήν
1469 2265 1480 2278 ·
1509 2250 1568 2300 ού
1597 2250 1704 2317 γὰρ
1729 2250 1762 2319 ἡ

151 2344 388 2412 τυχοῦσά
422 2345 581 2393 ἐστιν
632 2340 771 2410 αὕτη
817 2338 1179 2408 ἐπερώτησις,
1227 2335 1351 2398 πῶς
1378 2334 1473 2387 δύο
1514 2333 1766 2401 λέγοντες

152 2433 323 2496 θεοὺς,
366 2434 467 2485 ἕνα
508 2432 842 2501 προσκυνεῖν
869 2429 1003 2483 Θεὸν
1028 2426 1492 2495 ἐπαγγελλόμεθα
1513 2441 1527 2456 ⁸
1573 2424 1683 2491 ἐγὼ
1708 2425 1764 2478 δέ

153 2542 230 2578 σοι
258 2525 427 2592 λέγω,
461 2524 731 2583 δικαστά.
772 2524 866 2575 καὶ
893 2522 953 2572 τὸ
989 2520 1216 2587 Πνεῦμα
1250 2516 1313 2568 τὸ
1349 2518 1507 2583 ἅγιον
1556 2516 1763 2584 ἀχώρι-

152 2632 271 2669 στον
302 2612 451 2669 εἶναι
492 2613 592 2667 τοῦ
651 2614 861 2682 Πατρος
892 2613 986 2664 καὶ
1018 2610 1111 2662 τοῦ
1162 2607 1320 2674 Υἱοῦ,
1369 2608 1461 2660 καὶ
1493 2602 1630 2659 εἶναι
1664 2608 1763 2675 μὲν

150 2709 273 2777 τρία
308 2709 593 2777 πρόσωπα
624 2705 683 2754 ὲν
717 2704 862 2773 τρισὶ
897 2701 1321 2772 προσηγορίαις,
1358 2699 1488 2769 μίαν
1520 2699 1574 2753 δὲ
1598 2699 1758 2752 δύνα·

155 2815 244 2868 μιν
294 2799 393 2850 καὶ
430 2796 678 2864 Θεότητα
720 2792 924 2845 τούτων
964 2792 1072 2844 τῶν
1131 2792 1423 2859 ὀνομάτων
1453 2790 1720 2859 ὑπάρχειν
1745 2803 1758 2817 ·

149 2890 244 2942 ινα
267 2891 324 2943 δὲ
364 2889 615 2958 λέγομεν
650 2886 783 2940 Θεὸν
815 2887 1006 2957 ἔχοντα
1032 2883 1125 2937 καὶ
1151 2884 1352 2951 Λόγον,
1384 2883 1477 2935 καὶ
1511 2882 1637 2935 ἄνευ
1666 2880 1760 2933 τοῦ

152 2981 384 3043 ζωτικοῦ
461 2980 793 3047 Πνεῦματος
859 2978 935 3047 μὴ
964 2974 1123 3029 εἶναι.
1177 2975 1393 3045 Δίδωμι
1440 2974 1497 3027 δέ
1557 2990 1638 3027 σοι
1668 2974 1761 3026 καὶ

154 3073 461 3140 ὑπόδειγμα
488 3068 779 3139 ἐγχωροῦν
805 3069 927 3120 ὅσον
963 3068 1096 3136 πρὸς
1123 3068 1223 3134 τὴν
1245 3067 1531 3136 ἡμετέραν
1548 3065 1759 3136 ἀνθρωο

154 3164 309 3231 πίνην
336 3162 583 3230 δύναμιν
614 3162 675 3210 ἐν
708 3158 882 3229 τούτῳ
971 3156 1160 3227 ὥσπερ
1194 3159 1220 3209 6
1279 3158 1536 3225 βασιλεὺς
1567 3160 1594 3210 6
1642 3156 1757 3223 νῦν,

153 3255 207 3305 δν
242 3256 302 3306 σὺ
322 3251 676 3323 ἐπιγράψεις
700 3250 990 3320 δεσπότην,
1016 3248 1127 3318 ἐγὼ
1153 3249 1261 3318 γὰρ
1287 3248 1573 3317 άνθρωπον
1599 3249 1760 3302 αὑτὸν

1870 605 2107 674 quinque
2165 621 2336 661 annos
2386 618 2603 661 natum.
2660 607 2992 676 Quinetiam
3025 615 3312 671 militarem
3364 620 3450 675 di-

1871 696 2130 764 gnitatern
2160 700 2447 762 reveritus,
2480 700 2625 754 nolui
2676 711 2725 755 te
2764 703 2948 757 statim
3002 710 3284 765 tormentis
3319 710 3451 765 sub-

1871 785 2060 856 jicere.
2089 786 2159 840 At
2195 790 2241 843 si
2295 790 2500 844 diutius
2532 790 2584 845 in
2616 792 2719 846 ista
2758 802 2846 847 tua
2900 794 3110 850 insania
3168 801 3447 868 persistes,

1869 892 2029 947 coges
2059 893 2145 931 me
2187 878 2596 934 iuevitabilibus
2634 884 2922 939 tormentis
2964 897 3014 939 te
3045 888 3335 956 subjicere.
3365 892 3449 947 Ad

1873 968 1987 1023 haec
2015 967 2249 1024 Aeacius
2284 988 2297 1024 :
2329 971 2483 1036 Quod
2538 973 2659 1026 volo
2689 973 2872 1029 facere
2915 992 3018 1031 non
3050 981 3293 1045 stttltum,
3351 983 3448 1037 sed

1872 1060 2028 1114 valde
2059 1060 2294 1129 prudens
2324 1072 2380 1116 et
2407 1065 2514 1115 Deo
2544 1074 2757 1132 gratum
2783 1080 2920 1133 Opus
2945 1079 3049 1132 est,
3083 1080 3139 1121 ut
3180 1086 3322 1136 cum,
3351 1073 3448 1141 qui

1873 1164 1959 1203 me
1985 1150 2214 1215 creavit,
2249 1158 2304 1203 et
2326 1149 2389 1203 ad
2426 1151 2567 1204 hunc
2598 1166 2768 1219 usque
2799 1154 2941 1207 diem
2972 1158 3312 1224 providentia
3347 1177 3445 1215 sua

1874 1250 2196 1309 prosecutus
2265 1250 2370 1304 est,
2429 1258 2535 1297 non
2580 1243 2827 1297 deseram
2891 1262 2905 1298 :
2960 1248 3146 1311 illum,
3202 1251 3450 1321 inquam,

1876 1330 2077 1400 ipsum,
2111 1330 2203 1398 qui
2236 1330 2383 1384 solus
2413 1340 2493 1383 cst
2527 1346 2690 1386 verus
2749 1333 2912 1388 Deus.
2949 1335 3248 1406 Quomodo,
3277 1339 3453 1411 inquit

1871 1420 2057 1491 judex,
2094 1420 2282 1475 dixisti
2317 1420 2492 1474 solum
2526 1436 2650 1477 esse
2688 1438 2876 1478 verum
2917 1427 3103 1493 Deum,
3139 1446 3261 1483 cum
3298 1432 3451 1487 dicas

1874 1511 2153 1567 Christum
2187 1512 2283 1567 Dei
2322 1510 2516 1568 Vitium
2565 1515 2735 1571 esse?
2782 1514 3017 1572 Omnino
3045 1524 3191 1575 enim
3228 1538 3454 1579 necesse

1874 1614 1977 1667 est,
2016 1615 2073 1658 ut
2101 1605 2146 1659 si
2185 1604 2357 1660 Filius
2393 1617 2499 1674 est,
2541 1616 2594 1661 et
2633 1607 2779 1686 Patri
2817 1624 2911 1680 par
2944 1611 3060 1668 sit:
3094 1621 3150 1670 et
3208 1613 3280 1670 ita
3342 1634 3451 1674 non

1875 1712 2037 1762 unus,
2072 1697 2164 1750 scd
2197 1697 2302 1751 duo
2332 1698 2441 1752 sint
2467 1700 2561 1752 dii.
2586 1700 2719 1755 Cum
2752 1703 2912 1772 igitur
2942 1714 2995 1759 et
3027 1708 3124 1774 ipsi
3153 1710 3285 1764 duos
3314 1710 3455 1765 Deos

1835 1793 1978 1849 enim
2016 1805 2101 1844 me
2134 1799 2310 1843 tecum
2338 1791 2556 1859 nugari,
2591 1808 2711 1846 cum
2749 1796 2850 1849 ista
2936 1807 2989 1850 tu
3034 1814 3178 1853 nunc
3218 1788 3453 1858 absurda

1948 1970 2043 2031 1X.
2069 1975 2206 2030 Tum
2248 1975 2482 2030 Aeacius
2525 1994 2538 2031 :
2579 1975 2690 2047 Ego
2730 1983 2914 2044 credo.
2960 1996 3012 2036 et
3070 1984 3121 2038 in
3160 1982 3309 2052 Iesu,
3358 1988 3450 2059 qui

1875 2072 1977 2125 sub
2010 2070 2202 2124 Pontio
2244 2069 2415 2123 Pilato
2446 2070 2740 2126 cruciﬁxus
2765 2073 2887 2138 fuit,
2924 2089 3074 2143 spem
3123 2078 3320 2145 habeo,
3361 2081 3452 2138 fu-

1876 2172 2073 2222 turum,
2100 2173 2157 2214 ut
2188 2164 2318 2215 mihi
2349 2179 2446 2230 per
2471 2172 2717 2217 sanctum
2749 2164 2865 2233 ejus
2886 2167 3146 2236 Spiritum
3178 2179 3449 2230 sertnonis
3539 2190 3554 2207 '

1870 2249 2100 2304 facultas
2126 2261 2473 2319 suggeratur,
2524 2267 2625 2318 qua
2662 2253 3071 2323 intermgationi
3103 2270 3203 2312 tua:
3228 2276 3451 2329 respon-

1872 2341 2024 2403 dere,
2063 2351 2116 2394 et
2145 2342 2497 2410 quaestionem
2553 2351 2699 2395 tuam
2736 2344 3009 2411 explicare
3056 2351 3282 2415 possim.
3326 2352 3444 2407 Non

1873 2431 2110 2497 vulgaris
2141 2431 2371 2500 quaestio
2402 2433 2515 2486 haec
2547 2442 2650 2494 cst,
2685 2448 2851 2501 quare
2882 2452 3004 2489 cum
3035 2438 3172 2493 duos
3196 2443 3443 2497 nomine-

1874 2536 2015 2583 mus,
2053 2537 2215 2574 unum
2260 2522 2424 2575 Deum
2462 2539 2490 2576 a
2527 2526 2680 2577 nobis
2726 2526 2827 2579 coli
2886 2530 3256 2595 proﬁteantur.
3314 2534 3446 2589 Dico

1871 2610 2032 2678 igitur
2065 2612 2158 2666 tibi
2184 2622 2238 2666 et
2263 2610 2529 2683 Spiritum
2561 2630 2810 2671 sanctum
2841 2635 2870 2673 a
2904 2619 3065 2675 Patre
3089 2633 3143 2676 et
3166 2622 3303 2679 Filio
3320 2641 3448 2681 esse

1872 2704 2315 2771 inseparabilem,
2377 2722 2442 2760 ac
2491 2717 2600 2762 tres
2640 2712 2858 2779 quidem
2917 2728 3178 2781 personas
3232 2733 3352 2773 esse
3386 2721 3440 2774 in

1870 2797 2042 2850 tribus
2113 2797 2588 2867 appellationibus,
2648 2804 2740 2855 sed
2801 2820 2963 2858 unam
3015 2815 3196 2861 tamen
3248 2809 3440 2865 borum

1870 2890 2148 2942 numinum
2214 2893 2511 2959 potentiam
2559 2908 2680 2947 esse
2739 2910 2803 2950 ac
2841 2897 3197 2954 divinitatem.
3263 2900 3440 2958 Unum

1867 2989 2045 3031 autem
2080 2980 2311 3036 dicimus
2367 2981 2557 3050 Deum,
2622 2985 2909 3041 habentem
2956 2998 3009 3042 et
3060 2990 3315 3058 Verbum,
3385 3003 3443 3050 et

1871 3068 2131 3140 Spiritum
2188 3086 2464 3129 sanctum.
2528 3078 2997 3135 Absurdissimum
3074 3085 3217 3137 enim
3268 3096 3439 3154 esset,

1871 3161 2036 3216 Deum
2073 3162 2188 3217 sine
2240 3162 2440 3232 Verbo,
2482 3176 2536 3220 et
2587 3168 2708 3224 sine
2760 3171 2906 3224 vitali
2965 3172 3168 3243 Spiritu
3234 3177 3437 3233 dicere.

1869 3250 2033 3321 quue
2068 3256 2318 3326 exemplo
2370 3259 2466 3312 tibi
2498 3263 2804 3333 ostendam,
2841 3266 2905 3317 ad
2943 3265 3081 3321 hanc
3112 3268 3282 3336 ipsam
3320 3285 3435 3324 rem

154 3345 312 3411 λέγω,
347 3345 497 3397 ἀλλὰ
533 3347 633 3396 καὶ
667 3342 847 3411 κρίσει
882 3342 1091 3411 μείζονι
1132 3339 1518 3409 ὑποκείμενον,
1553 3339 1666 3409 ἔχει
1701 3340 1758 3393 δὲ

1865 3345 2241 3413 explicandam
2291 3354 2728 3418 accommodato,
2765 3365 3036 3422 quatenus
3071 3358 3321 3415 humana:
3357 3361 3437 3417 ia-

157 3436 264 3487 υἰὸν
296 3436 393 3486 καὶ
444 3434 707 3500 λέγεται,
742 3434 788 3482 εἰ
843 3431 1018 3501 τύχοι,
1052 3425 1207 3492 οὗτος
1241 3430 1602 3497 Μαξιμιανὸς,
1641 3432 1669 3483 6
1702 3430 1760 3483 δὲ

156 3528 264 3587 υίὸς
288 3524 461 3577 αὐτοῦ
501 3522 839 3586 Maian“,
876 3525 970 3575 καὶ
994 3524 1101 3574 εἰσὶ
1124 3521 1217 3574 δύο
1250 3522 1346 3589 μὲν
1400 3522 1692 3592 πρόσωπα,
1725 3525 1758 3595 ἠ

153 3617 389 3686 δὲφύσις
426 3614 649 3677 αὐτῶν,
683 3611 829 3663 τοῦτ’
866 3614 1015 3664 ἐστιν
1056 3615 1154 3679 τῆς
1189 3614 1634 3683 ἀνθρωπότητος,
1665 3617 1761 3685 μία

154 3710 244 3761 καὶ
271 3712 303 3778 ὴ
357 3705 635 3779 βασιλεία
692 3705 789 3772 μία
826 3706 920 3756 καὶ
954 3705 1260 3774 ἀδιαίρετος
1292 3706 1388 3757 τοῦ
1432 3708 1637 3776 πατρὸς
1670 3711 1762 3761 καὶ

154 3802 242 3855 τοῦ
284 3803 437 3856 υἱοῦ⁸
486 3800 728 3870 τιμᾶται
758 3798 865 3870 γὰρ
899 3799 927 3851 6
956 3801 1069 3861 υἱὸς
1095 3799 1182 3852 διὰ
1214 3798 1304 3853 τὸν
1332 3800 1566 3870 πατέρα,
1602 3800 1696 3854 καὶ
1728 3804 1757 3855 6

154 3894 334 3963 πατὴρ
378 3892 475 3943 διὰ
538 3892 636 3943 τὸν
668 3890 783 3942 υίόν
806 3904 822 3918 ⁸
857 3889 949 3942 τὸν
1000 3890 1164 3942 αὐτὸν
1207 3889 1271 3961 δὴ
1307 3892 1508 3960 τρόπον
1540 3894 1631 3945 καὶ
1662 3892 1757 3946 ἐπὶ

154 3983 242 4037 τοῦ
275 3984 417 4035 Θεοῦ
453 3983 555 4051 τῆς
591 3980 748 4041 Θείας
772 3981 959 4041 οὐσίας
986 3982 1115 4048 μίας
1135 3980 1301 4048 οὔσης
1334 3984 1426 4033 καὶ
1456 3984 1753 4052 άτρέπτου,

156 4074 283 4127 Θεοῦ
318 4092 380 4129 τι
467 4073 569 4126 καὶ
612 4069 710 4124 τοῦ
743 4072 916 4139 Λόγου
946 4070 1135 4136 αὐτοῦ,
1172 4071 1265 4124 καὶ
1312 4072 1405 4124 τοῦ
1440 4076 1759 4143 Πνεύματος

156 4169 316 4222 αὑτοῦ
338 4169 441 4222 τοῦ
472 4168 643 4236 ἁγίου
669 4182 682 4196 ·
716 4159 797 4229 εἷς
830 4166 923 4218 καὶ
951 4164 1160 4236 ἀληθὴς
1197 4163 1328 4228 Θεὸς
1364 4166 1391 4217 6
1436 4168 1564 4235 παρ’
1599 4168 1756 4236 ἡμῶν

157 4259 680 4328 προσκυνούμενος.

1864 3436 2079 3490 cultatis
2103 3440 2340 3494 conditio
2368 3443 2592 3509 patitur.
2626 3447 3088 3510 Quemadmodum
3119 3450 3434 3519 imperator,

1863 3528 1953 3598 qui
1988 3544 2129 3585 nunc
2153 3540 2258 3594 cst,
2293 3547 2451 3601 quem
2480 3544 2533 3587 tu
2562 3536 2862 3603 dominum,
2889 3552 2989 3609 ego
3012 3555 3142 3595 vero
3164 3542 3435 3600 hominem

1863 3620 2009 3685 dico,
2043 3632 2096 3676 et
2146 3624 2338 3693 majori
2369 3625 2577 3693 judicio
2636 3630 2962 3699 subjectum,
3016 3642 3072 3686 et
3122 3634 3264 3689 ﬁlius
3315 3638 3436 3705 ejus

1864 3712 2120 3779 (quorum
2172 3716 2260 3780 qui
2293 3726 2446 3779 pater
2489 3728 2593 3780 εει,
2634 3717 2997 3778 Maximianus
3025 3724 3242 3789 dicitur,
3297 3728 3439 3784 ﬁlius

1864 3811 2041 3855 autem
2077 3802 2381 3859 Maxentius
2408 3808 2733 3880 appellatur)
2780 3812 2886 3866 duo
2921 3816 3138 3882 quidem
3177 3818 3251 3872 illi
3284 3831 3432 3882 sunt,

1850 3899 1940 3948 sed
1966 3895 2203 3965 ipsorum
2230 3908 2406 3951 tamen
2435 3910 2658 3965 naturai,
2693 3902 2961 3969 humanm,
2986 3907 3224 3975 inquam,
3249 3911 3436 3965 condi-

1849 3986 2009 4040 tionis
2034 3989 2171 4041 ratio
2200 4004 2301 4040 una
2326 4000 2425 4053 est,
2462 3990 2852 4062 imperiumque
2874 3997 3045 4063 patris
3081 4008 3135 4053 et
3158 4002 3248 4054 lilii
3268 4018 3433 4057 unum

1851 4086 1906 4131 et
1935 4077 2332 4145 inseparabile;
2357 4078 2663 4135 honoratur
2683 4085 2893 4139 etenim
2920 4085 3059 4140 ﬁlius
3082 4106 3176 4156 per
3195 4097 3432 4159 patrem,

1853 4176 1907 4221 et
1933 4178 2086 4237 pater
2118 4184 2216 4238 per
2270 4170 2459 4226 ﬁlium.
2498 4171 2702 4230 Eodem
2748 4179 2905 4233 modo
2935 4189 2988 4233 et
3023 4180 3157 4235 Deus
3186 4186 3433 4239 conside.

1855 4269 2006 4311 ratur
2042 4276 2055 4311 :
2092 4276 2215 4314 nam
2259 4278 2382 4316 cum
2423 4267 2603 4319 divina
2646 4266 2850 4329 Patris,
2893 4268 3077 4336 Verbi,
3111 4282 3165 4326 ct
3198 4275 3433 4343 Spiritus

160 4357 331 4416 sancti
397 4356 678 4416 essentia,
728 4367 831 4408 una
886 4352 1189 4423 eademque
1248 4352 1321 4407 sit
1370 4350 1752 4418 immutabilis,
1790 4363 2078 4422 propterea
2132 4370 2293 4420 unus,
2356 4365 2412 4411 et
2480 4372 2605 4414 vere
2637 4359 2779 4415 Deus
2809 4370 2913 4428 est,
2947 4364 3095 4433 quia
3131 4369 3288 4424 nobis
3340 4384 3435 4426 co.

157 4444 299 4501 litur.

224 4535 278 4592 l'.
333 4538 394 4590 '0
430 4536 714 4606 δικαστὴς
754 4532 941 4590 εἶπεν·
980 4535 1245 4597 Πολλάκις
1280 4536 1376 4587 καὶ
1404 4537 1494 4587 ἐπὶ
1524 4536 1584 4588 τὸ
1619 4553 1755 4606 τιρο⁶

1935 4530 2003 4585 Χ.
2036 4533 2117 4585 Ad
2149 4532 2265 4587 hac
2308 4534 2471 4603 judex
2524 4556 2538 4591 :
2578 4540 2750 4609 Smpc,
2812 4542 3008 4611 inquit,
3078 4556 3128 4600 te
3188 4549 3433 4607 hortatus

157 4629 406 4698 κείμενον
438 4627 585 4698 ἐμοῦ
626 4628 1082 4698 προτρεψαμένου
1110 4644 1189 4691 σε,
1220 4628 1284 4681 σὺ
1315 4629 1426 4690 τοῖς
1458 4627 1635 4695 λόγοις
1663 4645 1754 4678 σου

160 4720 362 4785 τούτοις
393 4723 513 4781 τοῖς
554 4716 731 4787 μηδὲν
770 4735 828 4770 σι
856 4719 1131 4787 ὠφελοῦσι
1176 4718 1503 4787 μεταϐαλεῖν
1533 4734 1598 4803 μς
1629 4717 1753 4786 βού·

158 4820 233 4867 λει
256 4830 270 4844 ·
306 4814 573 4882 πείσθητι
604 4808 703 4864 οἷον
730 4826 842 4878 μοι,
869 4811 961 4862 καὶ
986 4808 1171 4872 οῦσον,
1200 4811 1297 4862 καὶ
1337 4809 1602 4877 ὲπίγνωΟι
1629 4809 1754 4871 τοῦς

163 4902 447 4972 πατρῴους
474 4901 668 4963 θεοὺς,
700 4897 765 4951 δι’
795 4895 887 4961 οὓς
933 4900 1002 4949 τά
1037 4900 1220 4949 πάντα
1256 4898 1589 4967 συνέστηκεν
1610 4913 1623 4926 ·
1661 4899 1754 4950 ἰπὶ

160 4994 286 5048 πολὺ
319 4994 433 5061 γάρ
465 5010 569 5045 σου
601 4991 930 5061 ἐφεισάμην.
977 4990 1034 5042 ⁸0
1067 4988 1218 5056 ἅγιος
1281 4989 1530 5049 Ἀκάκιος
1567 4989 1750 5057 λέγει·

160 5088 244 5155 Μή
279 5104 345 5156 με
375 5084 625 5154 νομίσῃς
668 5080 855 5151 φόϐοις
908 5084 1133 5134 κτυπεῖν
1155 5097 1169 5111 ·
1200 5080 1343 5149 ἔχεις
1376 5079 1436 5131 τὸ
1464 5080 1620 5144 σῶμά
1652 5099 1751 5149 μου

162 5180 237 5239 τίς
270 5181 560 5247 μάστιγας
591 5174 814 5241 ἕτοιμον
834 5188 847 5201 ·
881 5172 955 5234 ὡς
985 5172 1181 5241 βούλει,
1211 5171 1328 5240 χρῶ
1357 5172 1504 5241 αὑτῷ
1524 5189 1537 5202 ·
1580 5172 1670 5223 τὸν
1696 5174 1752 5224 δὲ

162 5267 417 5339 λογισμὸν
444 5267 552 5337 τῆς
578 5262 761 5334 ψυχῆς
791 5281 891 5331 μου
917 5263 1039 5317 οῦτε
1066 5262 1153 5326 σὺ,
1183 5260 1305 5314 οὔτε
1334 5264 1360 5314 6
1394 5262 1751 5333 αὐτοκράτωρ

167 5378 276 5425 σου,
315 5360 444 5413 οὔτε
482 5362 518 5430 ἠ
590 5356 871 5423 παρουσία
922 5357 1031 5408 τῶν
1078 5355 1349 5423 δαιμόνων
1400 5373 1492 5408 σου
1528 5357 1750 5408 δύναται

171 5452 509 5522 μετατρέψαι
551 5449 653 5500 ἐπὶ
688 5448 745 5498 τὸ
767 5444 970 5514 φαῦλόν
1000 5463 1150 5499 ποτε.
1199 5446 1256 5497 Ὀ
1286 5446 1546 5514 δικαστὴς
1572 5444 1746 5499 εἶπεν

180 5543 324 5595 ἐτ-,εἰ
350 5541 445 5595 οὖν
479 5538 670 5599 οὕτως
697 5536 892 5607 βούλει,
930 5538 1140 5606 ἀνάγκη
1182 5554 1271 5607 μοι
1303 5538 1449 5589 πᾶσι
1482 5540 1561 5600 εἰς
1604 5539 1750 5590 αίιιι-

173 5637 333 5702 σμοὺς
367 5634 631 5706 χωρῆσαι
663 5631 804 5682 κατὰ
834 5630 924 5683 σοῦ
956 5631 1049 5682 καὶ
1076 5630 1132 5681 τὸ
1162 5630 1485 5699 πρόσταγμα
1518 5629 1751 5698 166:3:—

172 5724 314 5779 λικὸν
353 5725 663 5796 πληρῶσαι
687 5736 702 5749 ·
735 5721 993 5775 ἀδύνατον
1027 5722 1134 5789 γάρ
1168 5737 1223 5771 σε
1254 5720 1479 5791 τοιαύτῃ
1508 5718 1749 5782 ἐξετάσει

172 5816 539 5884 ὑποπεσόντα,
599 5812 956 5883 ἀναχωρῆσαι
987 5812 1157 5874 οὕτως
1208 5813 1622 5881 καταπαίξσιντα
1655 5812 1747 5865 τοῦ

1862 4639 2002 4689 sunt,
2038 4637 2093 4678 ut
2126 4628 2190 4680 ad
2224 4643 2335 4681 rem
2375 4634 2705 4699 propositam
2740 4635 2952 4704 redeas;
2994 4646 3046 4690 at
3080 4648 3135 4691 tu
3168 4640 3283 4694 istis
3327 4645 3432 4695 tuis

1860 4717 2202 4770 sermonibus
2267 4719 2464 4773 nullam
2542 4724 2635 4775 tibi
2700 4726 2986 4783 utilitatem
3055 4730 3430 4801 aﬁ‘erentibus,

1860 4809 2047 4862 studes
2072 4824 2155 4863 me
2183 4825 2209 4861 a
2248 4813 2525 4880 proposito
2561 4814 2848 4872 abducere.
2905 4820 3011 4875 Fac
3048 4822 3231 4891 igitur,
3287 4828 3430 4893 quod

1861 4899 1972 4968 ipse
2002 4901 2144 4965 dico,
2194 4912 2246 4956 et
2281 4906 2607 4960 sacriﬁcium
2666 4908 2881 4974 eﬂeras,
2936 4930 2999 4968 ac
3048 4916 3252 4984 patrios
3302 4917 3431 4971 deos

1858 5008 2145 5063 agnoscas,
2169 5013 2261 5065 per
2285 5012 2420 5065 quos
2444 5001 2620 5052 omnia
2655 5002 2768 5055 haec
2802 5006 3182 5063 constiterunt.
3215 5009 3427 5068 Diutius

1858 5087 2000 5139 enim
2027 5087 2119 5141 tibi
2144 5089 2378 5156 peperci.
2406 5087 2504 5143 Cui
2530 5092 2760 5148 Acarius
2787 5111 2800 5148 :
2831 5096 2904 5150 Ne
2930 5109 3105 5166 putes,
3132 5104 3429 5160 terroribus

1859 5174 1979 5230 istis
2014 5193 2096 5228 me
2135 5176 2441 5246 perculsum
2480 5179 2565 5233 iri.
2608 5181 2685 5234 En
2735 5185 2900 5238 habes
2927 5201 3122 5256 corpus
3147 5204 3326 5243 meum
3359 5192 3426 5246 ad

1858 5265 2064 5336 ﬂagella
2126 5268 2440 5335 excipienda
2497 5273 2953 5340 paratissimum;
3011 5288 3165 5331 utere
3211 5279 3321 5344 illo,
3371 5290 3428 5335 ut

1858 5355 1986 5410 libet
2017 5376 2029 5409 :
2063 5372 2294 5410 mentem
2326 5373 2450 5412 vero
2474 5371 2527 5413 et
2554 5361 2716 5414 animi
2755 5366 2853 5415 mei
2889 5369 3219 5434 propositum
3252 5386 3426 5437 ncque

1861 5458 1935 5513 tn,
1968 5465 2141 5517 neque
2172 5451 2463 5517 imperator
2494 5462 2635 5514 tuus,
2668 5466 2842 5522 neque
2873 5456 3172 5511 danuonum
3208 5470 3423 5515 tuorum

1856 5544 2141 5607 praesentia
2180 5557 2409 5610 unquam
2445 5542 2770 5610 perver’terc,
2803 5558 2853 5603 et
2894 5548 2956 5598 ad
2981 5550 3161 5607 scelus
3186 5553 3424 5620 compel-

1856 5631 1963 5686 lere
2000 5634 2217 5699 poterit.
2263 5633 2412 5687 Tunc
2444 5636 2515 5688 illi
2564 5637 2725 5705 jutlex
2764 5656 2776 5691 :
2820 5638 2981 5708 Ergo,
3021 5647 3233 5712 quando
3267 5654 3318 5695 tu
3351 5645 3423 5697 ita

1856 5724 1956 5784 vis,
1994 5724 2213 5777 omnino
2250 5739 2466 5779 necesse
2493 5738 2572 5780 est
2606 5729 2921 5783 verberibus
2956 5747 3019 5785 ac
3056 5732 3340 5787 tormentis
3370 5743 3421 5787 te

1855 5814 2142 5883 subjicere,
2204 5828 2255 5872 et
2310 5818 2655 5889 imperatoris
2693 5822 2923 5877 edictum
2980 5826 3224 5895 exsequi.
3284 5824 3416 5878 Nam
