4180 6500
696 432 801 494 221

2020 420 2302 480 MENSIS
2341 418 2609 477 MAIUS.

3857 402 3960 467 Μ

699 545 815 598 ﬂeri
879 558 979 595 non
1017 551 1215 611 potest,
1242 552 1295 593 ut
1357 543 1447 593 tali
1507 536 1791 606 qua‘stirmi
1854 534 2148 599 subjectus,
2190 532 2307 591 sic,

2410 526 2759 593 ικαστηρίου.
2796 526 2905 576 Καὶ
2939 520 3211 593 θυμωθεὶς
3247 525 3275 576 ὁ
3300 521 3481 593 ἄρχων
3512 519 3647 591 πρὸς
3682 517 3784 587 τὴν
3807 516 3958 580 τάξιν

699 636 914 698 redeas,
972 631 1238 703 judicium
1294 641 1535 683 nostrum
1576 626 1827 680 illudens.
1885 623 2035 675 Tunc
2068 634 2273 689 praeses

702 732 881 779 furore
912 726 1167 794 percitus,
1203 734 1255 777 et
1280 724 1556 776 cohortem
1586 717 1779 771 aﬂ‘atus
1806 735 1818 770 :
1848 716 2041 784 Figite,
2072 712 2267 780 inquit.

699 828 933 886 quatuor
963 825 1163 875 vectes.
1188 824 1244 869 et
1267 816 1319 867 in
1361 814 1465 866 illis
1500 812 1753 866 Acacium
1787 809 2026 878 alligare,
2059 807 2265 859 erudis-

700 926 805 977 que
836 911 1017 963 nervis
1046 909 1219 978 ipsius
1271 916 1418 974 terga
1466 914 1521 957 et
1553 912 1799 956 ventrem
1857 901 2162 957 verberate,
2218 906 2275 947 ut

702 1003 879 1054 discat
932 1001 1057 1053 talia
1100 1014 1207 1051 non
1270 997 1479 1065 nugari,
1528 1009 1704 1062 neque
1764 1002 1913 1062 putet
1958 1006 2014 1043 se
2070 986 2272 1052 aliquid

701 1094 866 1154 scire,
898 1106 1022 1145 cum
1076 1091 1206 1144 nihil
1261 1091 1418 1144 sciat.
1458 1087 1746 1141 Videamus
1805 1099 1872 1136 an
1926 1081 2093 1150 ipsius
2145 1079 2284 1131 Deus

704 1186 963 1238 auxilium
1002 1184 1048 1237 ei
1088 1182 1299 1244 atterat,
1370 1182 1594 1251 ejusque
1643 1191 1796 1230 meus
1852 1190 1913 1227 ac
1949 1183 2279 1241 proposuum

704 1293 862 1346 quam
904 1276 1114 1328 firmum
1147 1286 1200 1328 et
1241 1271 1580 1330 immutabile
1620 1270 1710 1331 sit,
1748 1267 2114 1333 experiamur.
2146 1262 2279 1316 Cum

705 1373 866 1438 igitur
933 1370 1164 1423 Aeacius
1194 1368 1247 1419 in
1286 1366 1389 1418 illis
1443 1363 1682 1417 vectibus
1715 1361 1964 1429 alligatus
2012 1367 2179 1418 esset,
2223 1362 2277 1407 et

2377 621 2525 685 λέγει
2551 633 2565 648 ·
2623 620 2836 688 Πήξατε
2869 618 3146 687 τέσσαρας
3201 616 3405 678 πάλους
3433 615 3492 666 ἓν
3515 617 3579 683 τῇ
3606 616 3677 682 γῇ
3715 613 3812 664 καὶ
3847 612 3965 662 ἐκεῖ

2376 713 2703 781 ἐνδήσαντες
2766 712 2951 773 αὐτὸν,
3004 725 3219 778 νευροις
3255 708 3426 776 ὠμοῖς
3475 706 3761 775 χρήσασθε
3814 702 3962 772 αὐτῷ

2376 805 2499 857 καθ’
2532 807 2770 873 ἑκάτερα
2806 803 2946 871 μέρη
2979 800 3149 853 νώτου
3178 801 3269 852 καὶ
3297 798 3526 861 κοιλίας,
3569 798 3659 849 ἴνα
3709 796 3859 865 μάθῃ
3892 796 3966 864 μὴ

2380 896 2642 964 φλυαρεῖν
2670 892 2901 945 τοσαῦτα
2934 893 3027 943 καὶ
3059 892 3302 958 νομίζειν
3334 889 3532 941 εἰδέναι
3556 904 3626 949 τι,
3659 884 3829 955 μηδὲν
3849 887 3966 936 ἐπι-

2380 988 2665 1055 στάμενος.
2699 983 2953 1044 Δεθὲντος
2976 982 3031 1034 δὲ
3063 981 3229 1033 αὑτοῦ
3257 984 3312 1031 ἐν
3334 982 3446 1041 τοῖς
3473 981 3742 1046 τέσσαρσι
3778 976 3968 1038 πάλοις

2386 1081 2479 1131 καὶ
2511 1076 2912 1143 μαστιζομένου
2948 1074 3196 1140 σφοδρῶς
3245 1073 3366 1125 καθ’
3395 1072 3631 1139 ἑκάτερα
3694 1072 3843 1138 μέρη
3876 1068 3969 1120 τοῦ

2384 1171 2657 1240 σώματος,
2686 1168 2823 1235 αὓτη
2856 1168 2991 1237 μόνη
3019 1166 3236 1233 ἐγένετο
3266 1162 3396 1233 παρ’
3437 1162 3600 1213 αὑτοῦ
3632 1161 3789 1224 φωνή
3818 1159 3840 1181 ⁸
3867 1160 3973 1227 ’1η-

2385 1261 2478 1312 οοῦ
2520 1259 2743 1328 Χριστὲ,
2806 1256 2992 1327 βοήθει
3039 1274 3150 1323 μοι,
3186 1254 3265 1323 τῷ
3320 1250 3567 1307 ταπεινιτι
3619 1249 3797 1317 δούλῳ
3846 1249 3971 1300 dou!

2386 1351 2578 1418 Κύριε,
2614 1350 2685 1417 μή
2720 1368 2786 1419 με
2820 1348 3256 1417 ὲγκαταλείπῃςί

704 1464 821 1531 ejus
882 1474 1032 1532 terga
1092 1462 1333 1530 undique
1388 1460 1842 1517 verberarentur,
1899 1455 2040 1506 hanc
2107 1452 2275 1503 solam
2354 1462 2537 1500 vocem
2598 1446 2685 1498 ille
2732 1444 3014 1497 emittebat
3058 1458 3071 1495 :
3113 1440 3349 1504 Chris‘te,
3406 1453 3560 1508 opem
3610 1438 3760 1492 feras
3850 1432 3978 1488 mihi

708 1557 895 1611 humili
933 1570 1089 1610 servo
1131 1563 1222 1608 tuo
1253 1571 1267 1612 :
1303 1552 1525 1605 Domine
1554 1549 1718 1610 Deus,
1786 1560 1853 1599 ne
1906 1558 1992 1598 me
2049 1541 2415 1609 derelinquas.

774 1648 865 1705 XI.
901 1649 1031 1703 Cum
1060 1661 1188 1700 vero
1223 1660 1316 1699 sex
1353 1642 1644 1697 carnifices
1687 1637 1923 1691 vicissim
1970 1636 2116 1688 illum
2153 1648 2276 1684 ver-

708 1742 984 1803 berareut,
1016 1751 1069 1793 et
1103 1739 1222 1808 ejus
1255 1737 1481 1805 sanguis
1520 1735 1572 1787 iit
1612 1742 1809 1785 terram
1838 1729 2049 1783 abunde
2081 1725 2280 1779 dili'uu—

710 1832 949 1892 duretur,
993 1837 1270 1896 totumque
1314 1839 1513 1892 corpus
1549 1822 1862 1875 vulneribus
1916 1816 2281 1871 acerbissimis

2462 1625 2563 1681 IA'.
2592 1628 2702 1679 Kal.
2735 1624 3078 1692 άλλαγέντων
3106 1624 3194 1677 ἐπ’
3228 1622 3378 1693 αύτῷ
3404 1622 3462 1687 ἒξ
3500 1623 3713 1693 δημίων
3747 1622 3861 1674 τῶν
3888 1619 3977 1674 καὶ

2387 1722 2700 1784 τυπτόντων
2755 1719 2939 1781 αὐτὸν,
2992 1718 3086 1769 καὶ
3120 1717 3213 1768 τοῦ
3267 1716 3498 1786 αἵματος
3538 1713 3707 1768 αὐτοῦ
3743 1716 3845 1783 τὴν
3875 1713 3976 1781 γῆν

2389 1811 2811 1880 πληρώσαντος,
2853 1807 2951 1860 καὶ
2979 1808 3101 1860 ὅλου
3122 1806 3213 1858 τοῦ
3242 1807 3490 1874 σώματος
3511 1804 3675 1858 αὐτοῦ
3723 1806 3981 1874 χαλεπῶς

714 1920 970 1974 laniatum
1009 1928 1173 1982 esset,
1225 1918 1386 1986 judex
1448 1921 1562 1985 ipse
1619 1931 1739 1969 cum
1776 1910 2114 1966 miserabiles
2166 1908 2285 1961 illas

2409 1903 2737 1963 Ξιατεθέντος
2796 1904 2909 1962 τοῖς
2948 1898 3282 1969 τραύμασιν,
3342 1901 3368 1949 ὁ
3428 1898 3687 1967 δικαστὴς
3728 1896 3875 1965 ὁρῶν
3923 1894 3981 1946 τὸ

713 2013 896 2084 pingas
932 2011 1159 2072 videret,
1193 2020 1246 2064 et
1285 2012 1544 2078 martyris
1573 2015 1809 2060 mentem
1847 2019 1910 2056 ac
1960 2002 2287 2056 voluntatem

714 2113 1054 2158 c0nstantem
1090 2110 1254 2171 atque
1298 2099 1627 2154 immobilem
1655 2112 1776 2152 esse
1797 2096 2288 2149 animadverteret:

624 2210 631 2219 ‘
713 2194 875 2261 Num,
930 2196 1127 2264 inquit,
1161 2210 1304 2248 nunc
1340 2191 1715 2248 sacriﬁcabis?
1750 2188 1896 2242 Itane
1952 2188 2118 2241 miser
2163 2184 2290 2248 dici,

714 2301 875 2360 quam
910 2291 1117 2343 amicus
1154 2289 1543 2358 imperatorum
1578 2300 1697 2339 esse
1728 2282 2013 2338 maluisti?
2047 2282 2127 2333 Ad
2177 2282 2292 2333 haec

714 2384 851 2439 dixit
884 2383 1121 2437 Aeacius
1155 2400 1170 2438 :
1209 2382 1562 2450 NeQuaquam
1624 2395 1724 2448 ego
1770 2376 2023 2430 sacrifico
2066 2391 2080 2427 :
2122 2376 2295 2427 habeo

715 2477 858 2529 enim
890 2473 1174 2529 Dominum
1216 2489 1392 2526 meum
1442 2469 1626 2524 Jesutn
1661 2470 1938 2524 Christum
1971 2481 2126 2536 Opem
2163 2465 2293 2519 mihi

718 2569 1021 2633 ferentem;
1060 2569 1241 2635 itaque
1280 2565 1399 2618 istis
1433 2564 1541 2617 tuis
1575 2563 1902 2617 cruciatibus
1933 2560 2291 2615 robustiorem

718 2678 778 2719 ac
811 2662 1197 2729 promptiorem
1236 2675 1318 2712 tne
1349 2657 1651 2711 reddidisti.
1685 2656 1963 2709 Hactenus
1995 2655 2139 2706 enim
2175 2660 2290 2704 tur-

719 2767 1027 2813 mentorum
1069 2751 1428 2819 exspectatio,
1464 2750 1640 2817 aliqua
1667 2763 1729 2801 ex
1764 2756 1917 2816 parte
1943 2744 2315 2813 cogitationes

720 2858 868 2897 meas
902 2842 1253 2911 perturbabat
1289 2859 1300 2893 :
1332 2856 1454 2893 eum
1488 2854 1616 2891 vero
1665 2841 1749 2891 vis
1785 2837 1932 2889 illata
1963 2844 2069 2895 est,
2100 2846 2150 2886 et
2186 2833 2299 2886 hrec

724 2936 833 3004 pati
897 2936 1060 3003 ccepi,
1094 2949 1193 3002 per
1241 2930 1425 2984 Jesum
1479 2928 1757 2983 Christum
1826 2926 1955 2981 mihi
2009 2924 2297 2994 potentiam

724 3036 1128 3096 suggerentem,
1159 3023 1567 3077 robustissimus
1597 3020 1771 3073 factus
1800 3034 1939 3078 sum,
1961 3015 2093 3070 etad
2120 3015 2298 3069 omnia

726 3126 995 3171 tormenta
1030 3114 1377 3183 suscipienda
1416 3111 1816 3181 paratissimus,
1856 3109 1966 3161 Deo
2019 3108 2135 3174 ipso
2184 3106 2302 3157 sine

726 3208 1063 3263 dubitatione
1124 3206 1299 3272 aliqua
1355 3204 1613 3258 conlisus.
1683 3201 1819 3253 Tum
1881 3200 2049 3270 judex
2106 3216 2119 3250 :
2171 3196 2297 3259 Ista,

2395 1996 2566 2057 πάθος
2606 1993 2837 2045 ἐλεεινὸν
2868 1992 3239 2061 γεγενημένον
3295 1990 3390 2043 καὶ
3443 1992 3533 2041 τὸν
3586 1989 3857 2058 λογισμὸν
3887 1985 3978 2039 τοῦ

2395 2090 2677 2157 μάρτυρος
2736 2085 3143 2155 ἀμετακίνητον
3182 2084 3330 2147 ὄντα,
3382 2082 3531 2149 λέγει
3592 2083 3729 2146 πρὸς
3771 2079 3976 2131 αὐτόν*

2391 2181 2572 2242 Θύεις,
2610 2178 2856 2243 Ἀκάκιε,
2918 2177 2950 2245 ἢ
2994 2175 3178 2244 ἀκμὴν
3225 2174 3565 2241 ἀντιλέγεις;
3603 2171 3668 2222 σὺ
3717 2172 3828 2237 γάρ
3869 2170 3982 2238 ἦλω

2396 2271 2582 2331 ἄθλιος
2633 2269 2833 2337 μᾶλλον
2877 2268 3111 2334 φανῆναι
3145 2266 3177 2335 ἢ
3225 2265 3372 2333 φίλος
3402 2262 3655 2331 γενέσθαι
3686 2263 3796 2314 τῶν
3834 2262 3983 2330 βασι-

2393 2362 2551 2414 λέων.
2594 2361 2652 2411 Ὀ
2689 2360 2845 2425 ἅγιος
2894 2357 3150 2418 ’Λκάκιος
3182 2356 3366 2422 λέγει·
3410 2356 3483 2407 Ού
3530 2356 3643 2407 θύω
3668 2353 3840 2406 ποτέ⁶
3876 2352 3983 2422 ἔχω

2395 2458 2502 2525 γάρ
2525 2454 2617 2505 τὸν
2649 2451 2853 2521 Κύριον
2893 2468 2994 2521 μου
3033 2449 3242 2515 Ἰησοῦν
3272 2446 3509 2516 Χριστὸν
3548 2447 3639 2497 τὸν
3675 2444 3985 2515 βοηθοῦντά

2401 2563 2492 2615 μοι
2530 2544 2648 2597 άεί·
2674 2545 2773 2613 ἐμὲ
2803 2543 2913 2612 γὰρ
2954 2545 3018 2595 ὲκ
3049 2541 3158 2593 τῶν
3190 2540 3441 2611 βασάνων
3476 2554 3568 2590 σου
3599 2536 3811 2589 τούτων
3839 2537 3986 2604 ἰσχυ-

2400 2634 2640 2706 ρώτερον
2706 2633 2905 2703 μᾶλλον
2955 2634 3049 2683 καὶ
3096 2630 3539 2698 θαρσαλεώτερον
3593 2628 3984 2689 κατέσττῖσας·

2397 2727 2501 2787 ἕως
2529 2731 2634 2795 γὰρ
2665 2726 2790 2793 ἄρτι
2820 2726 2853 2792 ἡ
2887 2724 3186 2791 προσδοκία
3214 2726 3321 2774 τῶν
3365 2722 3557 2773 δεινῶν
3597 2721 3704 2771 κᾶν
3729 2722 3794 2771 ὲν
3831 2722 3985 2787 μέρει

2397 2820 2487 2870 τὸν
2513 2818 2776 2885 λογισμόν
2838 2833 2938 2885 μου
2986 2816 3312 2883 ἐτάραττεν,
3355 2812 3624 2881 γενομένη
3675 2811 3731 2862 δὲ
3763 2812 3797 2880 ἡ
3824 2815 3989 2880 πεῖρα

2399 2910 2490 2962 τοῦ
2526 2910 2734 2970 πάθους
2759 2909 2851 2960 καὶ
2901 2907 3187 2976 ἐνεχθεῖσα
3239 2906 3327 2958 διὰ
3357 2906 3448 2957 τὸν
3484 2902 3900 2972 ὲνδυναμοῦντά
3925 2920 3989 2971 με

2404 3004 2608 3073 Κύριον
2679 3002 2891 3071 Ἰησοῦν
2933 3002 3190 3068 Χριστὸν,
3245 2997 3454 3068 σφόδρα
3489 3014 3555 3066 με
3586 2995 3991 3062 γενναιώτατον

2403 3098 2659 3165 ἐποίησεν
2703 3094 2837 3162 πρὸς
2886 3095 3067 3146 πᾶσαν
3102 3093 3376 3159 τιμωρίαν
3430 3091 3810 3142 πιστεύσαντα
3840 3088 3993 3138 a621-

2406 3192 2609 3257 κρίτως
2665 3185 2743 3255 τῷ
2778 3185 2920 3255 Θεῷ.
2966 3183 3024 3235 '0
3059 3183 3322 3251 δικαστὴς
3372 3179 3526 3232 εἶπεν
3563 3184 3583 3202 ⁸
3636 3179 3864 3246 Ἐπειδὴ
3901 3180 3993 3240 τάς

728 3299 927 3366 inquit,
962 3296 1125 3359 dicis,
1160 3295 1417 3365 quoniam
1475 3292 1678 3359 majora
1729 3296 1998 3343 tormenta
2052 3288 2145 3341 tibi
2195 3302 2298 3339 non

2409 3278 2661 3347 μείζονάς
2721 3292 2802 3326 σοι
2853 3274 3129 3343 τιμωρίας
3169 3272 3429 3323 οὐδέποτε
3481 3272 3790 3339 ἐπήγαγον,
3822 3268 3993 3320 ταῦτα

684 3408 685 3411 ‘
728 3392 908 3445 intuli.
959 3390 1064 3445 Sed
1094 3404 1195 3458 ego
1236 3388 1598 3440 temeritatem
1650 3385 1807 3437 istam
1850 3394 1991 3435 tuam
2028 3381 2299 3448 dejieiam.

728 3485 806 3536 lio
837 3485 1003 3541 enim,
1036 3482 1178 3549 quod
1222 3480 1488 3534 hactenus
1523 3477 1617 3530 tibi
1654 3477 1891 3545 peperci,
1939 3476 2219 3536 audacem,
2248 3482 2305 3526 ut

731 3574 890 3635 dicis,
931 3584 982 3626 te
1022 3572 1252 3627 reddidi.
1289 3571 1387 3624 Cui
1413 3570 1643 3625 Aeacius
1678 3566 1819 3625 :Fac
1849 3569 2129 3621 celerrime
2153 3564 2306 3632 Quid-

731 3665 857 3732 quid
896 3665 995 3719 vis.
1030 3662 1177 3728 Quos
1208 3664 1351 3715 enim
1383 3661 1665 3713 cruciatus
1699 3660 1826 3711 mihi
1861 3657 2053 3710 aﬂerre
2077 3657 2304 3726 cogitas,

735 3755 813 3808 illi
865 3754 1155 3808 utilitatem
1199 3752 1331 3807 mihi
1369 3751 1595 3805 silerent
1636 3766 1649 3804 :
1699 3761 1752 3803 et
1793 3766 1899 3818 quo
1949 3749 2149 3818 majora
2199 3759 2307 3800 tor-

736 3857 918 3901 menta
963 3846 1268 3909 adhibebis,
1307 3860 1371 3899 eo
1402 3843 1662 3913 majorem
1697 3842 1910 3896 Domini
1948 3842 2051 3892 mei
2080 3840 2309 3908 gratiam

738 3938 942 3991 invitus
992 3935 1125 3990 mihi
1157 3936 1497 3989 eoneiliabis.
1529 3933 1674 3993 Haec.
1713 3934 1887 4001 inquit
1909 3932 2094 3999 judex,
2122 3930 2307 3999 loqueo

740 4030 835 4094 ris,
860 4028 1119 4096 quoniam
1149 4040 1351 4093 corpus
1382 4034 1529 4077 tuum
1554 4022 1794 4080 nondum
1821 4023 2143 4077 verberibus
2170 4023 2310 4075 laee-

741 4133 916 4173 rauuu
952 4130 1059 4173 εει.
1115 4118 1252 4172 Τιιιιι
1314 4120 1549 4173 Acacius
1599 4116 1763 4176 :Jam
1812 4117 1945 4177 dixi,
1992 4127 2051 4167 ut
2082 4114 2309 4177 faceres,

741 4210 1000 4280 quidquid
1024 4211 1124 4272 vis,
1146 4225 1251 4261 non
1270 4209 1413 4262 enim
1447 4210 1671 4277 impuris
1692 4207 2023 4261 daemonibus
2044 4206 2313 4268 sacrifico,

742 4314 916 4369 neque
952 4302 1213 4355 voluntati
1240 4309 1371 4360 tum.
1399 4310 1492 4352 aut
1520 4300 1691 4368 patris
1738 4299 1811 4352 tui
1846 4297 2063 4351 Satanae
2110 4311 2314 4349 morem

741 4405 891 4458 gero.
926 4388 1019 4442 llis
1047 4390 1269 4449 auditis,
1303 4389 1467 4455 judex
1500 4398 1804 4439 commotus
1826 4387 1963 4439 dixit
1992 4402 2005 4438 :
2043 4384 2318 4440 Plumheis

744 4483 960 4534 laminis
990 4481 1112 4549 ejus
1168 4479 1418 4533 maxillas
1466 4479 1801 4541 contundite,
1860 4493 1927 4531 ne
1988 4480 2088 4532 iste
2136 4489 2318 4533 nostra

743 4575 995 4628 diuturna
1044 4575 1095 4625 in
1125 4582 1247 4624 eum
1284 4573 1544 4638 patientia
1590 4570 1886 4621 temerario
1920 4569 2077 4620 modo
2131 4570 2321 4619 abuta-

746 4677 857 4720 tur.
887 4665 1011 4717 Post
1039 4666 1151 4716 haec
1185 4665 1418 4717 Aeacius
1472 4679 1487 4714 :
1545 4661 1621 4712 En
1655 4660 1853 4714 factum
1889 4670 1991 4722 est,
2053 4660 2192 4727 quod
2233 4675 2322 4713 v0-

748 4757 914 4817 luisti,
938 4770 1110 4824 neque
1127 4756 1415 4824 quidquam
1444 4753 1676 4821 amplius
1701 4752 1976 4821 proiecisti
2005 4769 2020 4818 ;
2046 4768 2147 4805 non
2179 4754 2322 4804 enim

751 4849 904 4901 mala:
933 4860 1078 4901 artes
1108 4858 1211 4898 tua!
1248 4862 1422 4899 meam
1458 4849 1511 4897 in
1545 4845 1822 4897 Christum
1878 4846 2199 4896 charitatem
2233 4858 2327 4895 su-

752 4940 1035 5005 perabunt.
1069 4937 1349 5002 Sacrilira,
1385 4937 1562 5003 inquit
1590 4936 1778 5003 judex,
1810 4945 1860 4989 et
1898 4939 1966 4988 ab
1996 4935 2328 4988 imminenti-

756 5034 853 5085 bus
887 5034 1107 5099 reliquis
1166 5031 1451 5085 tormentis
1505 5030 1639 5082 liber
1676 5040 1819 5085 esto.
1855 5029 2151 5097 Respondit
2196 5028 2333 5079 Aea-

756 5124 875 5178 cius
920 5142 931 5177 :
970 5123 1252 5192 Nunquam
1283 5123 1365 5192 (ut
1389 5121 1521 5189 dixi)
1548 5121 1870 5173 sacrificabo
1906 5138 1919 5174 :
1957 5130 2155 5172 tantum
2188 5118 2329 5170 enim

759 5220 1105 5273 imminentes
1153 5219 1428 5272 Cruciatus
1480 5216 1741 5284 despicio,
1794 5223 2055 5282 quantum
2096 5222 2151 5267 et
2183 5222 2335 5265 ante-

761 5316 1013 5361 u-tnntes
1071 5326 1171 5360 non
1215 5306 1425 5369 curavi,
1457 5308 1567 5360 Deo
1606 5306 1723 5373 ipso
1760 5306 1889 5357 mihi
1938 5306 2147 5357 animos
2207 5319 2333 5371 sug-

764 5410 1005 5469 gerente.

837 5579 948 5633 XII.
982 5580 1059 5632 Ad
1094 5578 1208 5631 haec
1233 5576 1394 5645 judex
1433 5592 1445 5625 :
1481 5575 1779 5637 Quomodo,
1816 5575 2012 5639 inquit,
2067 5584 2119 5626 tu
2182 5574 2340 5626 utiles

772 5676 933 5741 atque
960 5673 1270 5735 illiteratus,
1311 5673 1381 5723 ita
1425 5686 1641 5725 causam
1677 5683 1823 5725 tuam
1860 5669 2009 5736 agis?
2039 5666 2142 5721 Cui
2201 5668 2340 5719 Aca-

774 5783 887 5824 ClUS
921 5786 937 5823 :
974 5769 1204 5823 Putasne
1240 5768 1454 5837 propria
1496 5768 1687 5819 virtute
1725 5780 1821 5819 nos
1848 5764 1958 5817 haae
1982 5756 2344 5829 respondere?

782 5862 1021 5929 Minime,
1062 5863 1296 5930 inquam,
1335 5875 1432 5914 nos
1468 5875 1579 5915 nate
1609 5859 1859 5922 facimus,
1886 5856 1980 5911 sed
2028 5852 2260 5922 locuples
2293 5862 2351 5906 et

2408 3370 2625 3438 λέγεις’
2665 3366 2775 3435 ἐγώ
2820 3383 2912 3418 σου
2950 3366 3007 3418 το
3038 3364 3236 3434 θράσος
3272 3362 3522 3433 καθαιρῶ
3565 3362 3725 3414 τοῦτο
3750 3378 3765 3392 ·
3804 3358 3995 3427 estsic

2410 3478 2565 3531 μενο,
2600 3460 2709 3528 γάρ
2734 3476 2849 3521 σου,
2877 3458 3179 3528 θαρσαλέον
3212 3474 3293 3520 σε,
3322 3457 3397 3519 ὡς
3452 3457 3655 3523 λέγεις,
3692 3454 3992 3522 πεποίηκα.

2426 3549 2484 3605 ’0
2509 3552 2664 3617 ἅγιος
2704 3551 2958 3609 Ἀκάκιος
2985 3549 3134 3614 λέγει
3157 3565 3171 3580 ο
3213 3550 3361 3599 "nisi
3391 3549 3479 3600 διὰ
3508 3548 3705 3617 τάχους
3737 3548 3766 3599 ὅ
3800 3546 3993 3608 θέλεις·

2408 3644 2472 3707 ἃς
2500 3661 2607 3713 γαρ
2637 3644 2879 3711 νομίζεις
2911 3642 3184 3711 βασάνους
3220 3657 3308 3709 μοι
3335 3639 3585 3706 ἐπάγειν,
3613 3639 3698 3700 εἰς
3727 3638 3998 3705 ὠφέλειάν

2413 3739 2515 3809 μού
2544 3739 2682 3790 εἰσιν
2703 3755 2716 3769 ·
2747 3739 2839 3790 καὶ
2864 3738 2989 3789 ὅσον
3010 3734 3267 3805 μείζονάς
3299 3751 3390 3803 μοι
3409 3734 3695 3801 ὲπιφέρεις
3721 3732 3995 3793 κολάσεις,

2409 3833 2665 3884 τοσοῦτον
2701 3834 2793 3883 καὶ
2826 3834 2888 3883 ἐν
2926 3831 3002 3898 τῷ
3047 3830 3235 3899 Κυρίῳ
3285 3830 3443 3896 χάριν
3491 3828 3639 3879 ἄκων
3671 3826 3901 3897 χαρίζῃ.
3942 3826 3999 3877 ὐ

2411 3924 2673 3995 δικαστὴς
2720 3924 2906 3991 λέγει·
2940 3923 3126 3975 Ταῦτα
3175 3922 3379 3984 λαλεῖς,
3434 3921 3683 3983 Ἀκάκιε,
3718 3921 3915 3989 ἐπειδὴ
3944 3919 4002 3972 τὸ

2415 4004 2576 4085 σῶμα
2604 4033 2699 4067 σου
2720 4014 2933 4067 οὐδέπω
2955 4010 3265 4080 κατεξάνθη
3287 4012 3400 4072 τοῖς
3425 4010 3729 4077 αἰκισμοῖς.
3764 4006 3826 4062 '0
3852 4007 4004 4073 ἅγιος

2427 4107 2685 4167 Ἀκάκιος
2719 4099 2876 4157 εἶπεν
2899 4121 2913 4135 ⁸
2954 4104 3063 4157 Καὶ
3084 4103 3189 4171 ἥδη
3222 4118 3304 4153 σοι
3336 4101 3495 4169 ἔφην,
3528 4100 3622 4151 καὶ
3652 4097 3819 4149 πάλιν
3839 4098 4002 4163 λέγω,

2419 4199 2563 4250 ποίει
2600 4198 2629 4250 ὃ
2649 4197 2823 4258 θέλεις
2848 4214 2861 4227 ο
2892 4198 2951 4248 ού
2976 4194 3090 4247 θύω
3117 4195 3224 4265 γάρ
3252 4193 3475 4261 δαίμοσι
3502 4190 3866 4259 ἀκαθάρτοις,
3885 4186 4005 4240 οὔτι

2424 4290 2529 4359 μὴν
2560 4290 2699 4342 ποιῶ
2732 4289 2792 4341 τὸ
2824 4286 3041 4359 θέλημά
3062 4303 3178 4352 σου,
3208 4286 3329 4338 οὐδὲ
3365 4285 3459 4336 τοῦ
3504 4285 3711 4349 πατρὸς
3756 4298 3879 4343 σου,
3914 4279 4005 4332 τοῦ

2421 4384 2659 4437 Σατανᾶ.
2695 4381 2753 4435 '0
2780 4382 3043 4449 δικαστὴς
3068 4378 3221 4431 εἶπεν
3245 4395 3260 4408 ’
3285 4378 3530 4430 Θλάσατε
3560 4374 3727 4429 αὑτοῦ
3760 4375 3862 4437 τὰς
3896 4391 4006 4426 σιαο

2420 4473 2601 4543 γῶνας
2622 4472 2918 4543 μολιϐδίσιν
2943 4512 2957 4536 ,
2984 4472 3070 4524 ἴνα
3097 4470 3171 4541 μὴ
3190 4469 3633 4538 άπαυθαδίζηται
3663 4470 3730 4538 τῇ
3761 4466 4009 4536 ἡμετέρα

2426 4567 2514 4617 ἐπ’
2543 4566 2691 4635 αὑτῴ
2720 4565 3094 4637 μακροθυμίᾳ.
3145 4566 3253 4617 Καὶ
3283 4563 3477 4617 τούτου
3516 4565 3574 4612 ὲν
3601 4561 3757 4627 τάχει
3784 4560 4009 4629 γενομέο

2428 4676 2544 4722 νου,
2580 4662 2606 4711 ὁ
2629 4658 2781 4725 ἅγιος
2831 4659 3088 4720 Ἀκάκιος
3137 4652 3295 4709 εἶπεν
3324 4671 3338 4684 ·
3380 4655 3489 4707 Ἴδε
3523 4653 3618 4705 καὶ
3658 4654 3715 4703 ὲν
3770 4652 3946 4719 τούτῳ
3982 4651 4009 4702 ὃ

2429 4750 2673 4818 ἠθέλησα
2713 4792 2727 4813 ,
2753 4748 3038 4816 ἐποίησας,
3075 4746 3331 4815 τύραννε,
3366 4746 3460 4797 καὶ
3489 4743 3645 4797 οὐδὲν
3668 4742 3835 4793 πλέον
3866 4737 4013 4808 dripi—

2429 4843 2638 4909 λησαςο
2692 4840 2753 4891 οὐ
2789 4839 2897 4907 γάρ
2934 4839 3252 4906 νικήσουσιν
3309 4840 3364 4891 αἱ
3397 4834 3754 4903 κακοτεχνίαι
3783 4849 3883 4884 σου
3918 4831 4015 4902 τὴν

2434 4935 2513 4993 εἰς
2540 4930 2780 5002 Χριστόν
2811 4948 2911 4999 μου
2942 4931 3191 4998 ἀγάπην.
3229 4929 3289 4979 '0
3319 4925 3583 4994 δικαστὴς
3615 4920 3802 4976 εἶπεν
3844 4924 4016 4976 Θῦσον

2432 5026 2619 5077 λοιπδν
2653 5024 2748 5076 καὶ
2773 5023 3124 5091 ἀπαλλάγηθι.
3165 5021 3274 5073 τῶν
3309 5016 3596 5086 μενουσῶν
3635 5033 3694 5068 σε
3741 5015 4016 5084 βασάνων.

2447 5116 2504 5171 Ὀ
2533 5118 2687 5182 ἆγιος
2756 5114 3010 5175 Ἀκάκιος
3060 5112 3250 5180 λέγει’
3310 5107 3479 5162 Εἶπον
3514 5125 3601 5161 σοι
3677 5106 3723 5159 ὦ
3766 5104 4018 5168 δικαστά,

2438 5208 2724 5269 πολλάκις,
2755 5206 2837 5257 ὅτι
2888 5205 2950 5255 οὑ
2986 5202 3099 5255 θύω
3146 5202 3367 5271 δαίμοσί
3422 5215 3559 5251 ποτε
3583 5213 3598 5227 ·
3628 5195 3888 5249 τοσοῦτον
3919 5196 4019 5264 γάρ

2439 5300 2546 5351 τῶν
2600 5295 2913 5367 μελλουσῶν
2949 5295 3202 5365 βασάνων
3234 5294 3582 5354 κατέπτυσα,
3613 5292 3739 5343 ὅσον
3774 5290 3875 5339 καὶ
3919 5284 4014 5339 τῶν

2440 5391 2539 5460 ἥδη
2565 5387 2956 5457 προλαόουσῶν
2978 5388 3077 5439 ούκ
3106 5386 3421 5453 ἐφρόντισα,
3459 5380 3551 5434 τοῦ
3591 5380 3729 5433 Θεοῦ
3759 5397 3867 5450 μου
3894 5394 4013 5449 χορ·

2448 5480 2708 5551 ηγούντός
2744 5496 2831 5546 μοι
2862 5479 2960 5546 τὴν
2988 5481 3215 5546 δύναμιν

2515 5571 2619 5627 lB'.
2665 5570 2725 5626 Ὀ
2751 5570 3016 5637 δικαστὴς
3047 5564 3201 5621 εἶπεν
3224 5583 3237 5597 ·
3278 5566 3402 5628 Πῶς
3436 5581 3788 5635 στρατιωτης
3829 5562 3906 5616 ὢν
3938 5558 4026 5613 καὶ

2447 5669 2833 5736 ἀγράμματος,
2886 5661 3136 5723 ’Δκάκιε,
3161 5660 3334 5719 οὕτως
3380 5659 3618 5724 ἑτοίμως
3654 5655 4026 5723 ἁπολογῆσαις

2458 5759 2515 5812 '0
2579 5757 2733 5823 ἅγιος
2802 5751 3059 5813 ’Ᾱκάκιος
3113 5748 3300 5804 εἶπενο
3334 5749 3397 5799 Τί
3434 5749 3574 5816 γάρς
3611 5747 3859 5816 νομίζεις
3890 5745 4028 5814 ἡμᾶς

2449 5846 2835 5916 ἀπολογεῖσθαι
2863 5844 2919 5907 ἐξ
2955 5846 3092 5905 Edim;
3126 5840 3368 5909 σκέψεως
3416 5840 3448 5910 ἦ
3483 5840 3817 5909 μαθήσεως;
3863 5833 4025 5905 Οὗχῖ’
