4180 6506
174 410 274 472 229

1298 408 1472 468 VITA
1517 409 1574 470 S.
1611 407 1861 469 ACACII
1903 409 2384 475 CAPPADOCIS.

3341 415 3450 479 230

171 523 295 576 ἀλλὰ
324 521 383 575 τὸ
411 519 684 575 πλούσιον
710 519 808 573 καὶ
829 517 995 587 ἅγιον
1019 515 1254 588 Πνεῦμα
1276 520 1367 573 τοῦ
1386 521 1520 574 Θεοῦ
1548 524 1773 592 χορηγεῖ

1877 527 2097 578 sanctus
2154 526 2244 580 Dei
2284 526 2521 595 Spiritus
2556 527 2729 582 servis
2753 528 2863 582 suis
2890 528 3112 582 liberam
3148 534 3451 588 orationem

171 616 273 677 τοῖς
301 614 519 676 δούλοις
545 612 714 667 αὐτοῦ
741 613 841 683 τὴν
870 612 1081 682 πολλὴν
1114 612 1209 665 καὶ
1226 613 1460 679 ἄφθονον
1489 615 1584 667 τοῦ
1608 615 1769 684 λόγου

172 703 491 774 παρρησίαν
549 705 650 757 καὶ
680 705 782 769 τὴν
825 700 1146 771 ὑπομονὴν,
1174 701 1362 766 καθὼς
1400 703 1495 758 καὶ
1527 708 1553 757 ὁ
1580 706 1771 775 Σωτὴρ

170 794 426 860 ἐδίδαξεν,
470 793 800 865 προσειπὼν
850 793 965 854 τοῖς
1016 790 1306 861 μαθηταῖς
1336 793 1536 847 αὑτοῦ·
1596 814 1615 845 ς
1655 796 1769 848 ”Οτ’

168 886 250 948 ἂν,
303 888 467 956 φησι,
530 887 900 958 παραδίδωσιν
946 886 1095 955 ὑμᾶς
1154 885 1277 948 τοῖς
1311 885 1540 956 ἄρχουσι
1589 887 1679 940 διὰ
1713 887 1771 939 τὸ

168 978 335 1045 τινομά
380 996 518 1047 μου,
568 981 646 1048 μὴ
683 977 1085 1047 μεριμνήσητε,
1121 976 1250 1039 πῶς
1309 977 1343 1048 ἢ
1376 980 1429 1031 τί
1459 978 1728 1049 λαλήσητε
1751 995 1766 1010 ·

168 1068 452 1139 δοθήσεται
500 1071 614 1139 γὰρ
640 1071 764 1137 ὑμῖν
784 1073 841 1122 ὲν
865 1068 1050 1142 ἐκείνῃ
1087 1073 1154 1140 τῇ
1206 1069 1337 1140 ὥρα
1370 1071 1431 1123 τὸ
1455 1072 1507 1123 τί
1537 1072 1727 1142 εἴπητε
1752 1089 1765 1103 ·

168 1161 224 1211 οὐ
257 1161 365 1230 γὰρ
421 1163 591 1229 ὑμεῖς
639 1163 762 1213 ἐστε
802 1162 851 1213 οἱ
886 1161 1199 1225 λαλοῦντες,
1266 1160 1406 1213 aut
1452 1162 1513 1214 τὸ
1545 1162 1769 1231 Πνεῦμα

167 1252 255 1304 τοῦ
297 1254 520 1323 Πατρδς
562 1252 717 1322 ὑμῶν
746 1254 805 1306 τὸ
832 1253 1027 1308 λαλοῦν
1053 1253 1114 1304 ὲν
1140 1252 1303 1321 ὑμῖν.
1348 1253 1633 1317 Ἀντώνιος
1673 1272 1769 1307 κο-

170 1347 541 1415 μενταρὴσιος
569 1346 719 1413 λέγει
756 1345 833 1415 τῷ
879 1346 1017 1415 ἁγίῳ
1062 1344 1352 1415 μάρτυρι⁶
1411 1346 1475 1398 Τί
1516 1345 1766 1415 ὠφελεῖς,

167 1436 334 1500 ἄθλιε,
375 1436 621 1490 τοιαῦτα
680 1438 1027 1505 νουθετηθεὶς
1081 1438 1178 1489 καὶ
1230 1438 1312 1508 μὴ
1372 1441 1639 1504 πεισθεὶς,
1673 1441 1771 1492 ἐὰν

168 1527 393 1597 ὕστερον
432 1529 585 1598 μετὰ
614 1530 865 1598 βασάνων
899 1528 1224 1598 βαρυτέρων
1252 1530 1489 1597 ποιήσῃς
1512 1530 1574 1580 τὸ
1597 1530 1771 1597 προσ-

166 1635 349 1687 ταγμα
408 1620 526 1673 τῶν
573 1620 882 1690 βασιλέων;
958 1622 998 1673 Ο
1054 1620 1213 1687 ἅγιος
1281 1619 1541 1680 ’Δκάκιος
1591 1614 1770 1672 εἷπενο

169 1709 415 1778 ’Υπαγεῑ
454 1712 794 1782 νουθέτησον
851 1714 1110 1774 σεαυτὸν,
1163 1709 1530 1779 ταλαίπωρει
1574 1709 1636 1762 ΕΞ
1666 1712 1774 1781 γὰρ

166 1804 254 1855 τοῦ
306 1806 587 1875 ἄρχοντός
626 1824 719 1859 σου
748 1808 843 1859 καὶ
871 1807 982 1858 τῶν
1036 1805 1286 1859 ἀπειλῶν
1341 1806 1507 1858 αὐτοῦ
1542 1808 1775 1859 καὶτῶν

166 1898 578 1966 ἐπενεχθεισῶν
610 1915 701 1967 μοι
730 1898 820 1949 ὑπ’
854 1898 1020 1951 αὑτοῦ
1053 1897 1317 1968 βασάνων
1348 1899 1449 1949 οὒκ
1472 1898 1773 1967 ἐφρόντισα

164 1993 346 2060 χάριτι
374 1993 474 2044 τοῦ
509 1993 654 2045 Θεοῦ
690 2011 814 2063 μου,
843 1994 937 2046 σοῦ
976 1994 1082 2062 ἔχω
1109 1993 1385 2056 ἀκοῦσαις
1423 1994 1480 2045 ’0
1513 1996 1775 2061 δικαστὴς

166 2086 343 2152 λέγει’
393 2087 668 2139 Ἀκάκιον
701 2090 788 2140 τὸν
819 2087 1196 2141 ἀκαθοσίωτον
1232 2086 1581 2156 στρατιώτην
1613 2090 1773 2156 γενό-

166 2186 325 2254 μενόν
354 2202 520 2248 ποτε,
553 2186 664 2237 ὑπὸ
688 2184 936 2254 ἀσφαλὴς]
963 2184 1211 2253 φρουρὰν
1246 2182 1350 2251 τὴν
1374 2182 1660 2251 ὲνδοτέραν
1692 2186 1773 2245 εἰς

162 2277 287 2343 τρία
323 2280 671 2346 κεντήματα
719 2277 815 2328 τοῦ
846 2276 1007 2340 ξύλου
1047 2275 1333 2344 βαλόντες,
1399 2276 1655 2348 περίθετε
1695 2278 1772 2332 σί-

162 2368 301 2435 δηιςρα
327 2369 513 2437 βαρέα
550 2370 696 2421 κατα
721 2369 813 2420 τοῦ
842 2369 1120 2438 τραχήλου
1146 2368 1242 2419 καὶ
1280 2368 1425 2420 κατὰ
1454 2370 1655 2429 παντὸς
1680 2372 1773 2422 τοῦ

164 2460 446 2528 σώματος,
496 2460 949 2529 τηρηθησὸμενόν
979 2476 1069 2528 μοι
1093 2462 1157 2528 τῇ
1187 2459 1318 2525 ἑξῆς
1352 2460 1627 2529 δικασίμῳ
1654 2476 1667 2489 ·
1699 2462 1775 2531 μὴ

160 2551 395 2619 ἐρᾶσθαι
422 2552 486 2605 δὲ
520 2554 692 2605 αὑτὸν
745 2554 847 2602 ὑπὸ
879 2552 985 2602 τῶν
1017 2552 1287 2603 σννέθνων
1316 2553 1775 2619 συγχωρούμενον

162 2642 421 2705 καθολου,
454 2644 534 2710 μή
564 2657 698 2691 ποτε
724 2641 1162 2709 μακαριζόμενος
1185 2641 1280 2693 ὑπ’
1306 2641 1511 2704 αὐτῶν,
1542 2641 1773 2694 εὐτονώ-

160 2750 318 2802 τερος
349 2736 495 2801 ἡμῖν
532 2732 677 2801 πρὸς
707 2735 806 2802 τὴν
839 2734 1142 2801 μέλλουσαν
1170 2735 1460 2805 ἑξαίτησιν
1492 2735 1717 2805 ευρεθῆ.

227 2824 327 2876 ην.
375 2826 492 2876 Καὶ
526 2825 760 2894 ἀπήχθη
787 2827 814 2876 ὁ
842 2827 1110 2895 μακάριος
1138 2828 1195 2877 ἐν
1225 2829 1289 2894 τῇ
1314 2828 1533 2896 φρουρᾷ
1569 2830 1774 2897 χαίρων

159 2917 250 2969 ἰπὶ
284 2935 344 2969 τε
382 2920 453 2986 τῇ
487 2918 850 2988 παρελθούσῃ
879 2920 1224 2987 ἐπερωτήσει
1250 2922 1349 2971 καὶ
1385 2920 1479 2970 ἐπὶ
1508 2921 1616 2971 τῶν
1640 2921 1771 2989 μελ-

158 3010 364 3061 λόντων
396 3000 645 3077 καγαοὼν
684 3010 955 3077 ἀπολήψει
992 3012 1141 3077 παρα
1171 3010 1267 3062 τοῦ
1308 3011 1582 3080 ἀψευδοῦς
1613 3015 1771 3066 θεοῦ·

161 3103 255 3153 καὶ
288 3102 568 3170 εποίησεν
605 3102 665 3149 ὲν
700 3103 764 3167 τῇ
802 3101 1018 3170 φυλακῇ
1050 3101 1144 3168 τῆς
1206 3102 1499 3168 Πειρίνοου
1556 3106 1775 3173 ἡμέρας

160 3196 323 3249 ἑπτά.
366 3197 641 3261 Ἐγένετο
673 3194 730 3245 δὲ
761 3195 850 3246 τον
877 3195 1133 3248 Βιϐιανὸν
1168 3196 1485 3265 γράμματα
1514 3198 1773 3260 δέξασθαι

163 3289 317 3357 παρα
354 3287 629 3341 Λικινίου
692 3286 789 3339 τοῦ
849 3288 1095 3356 ἐπάρχου
1130 3288 1224 3341 τοῦ
1277 3288 1571 3360 προλαϐεῖν
1610 3291 1772 3343 αὐτὸν

160 3387 239 3446 εἰς
273 3386 337 3436 τὸ
364 3385 721 3446 Βυζάντιον·
769 3381 1061 3433 ἐκέλευσεν
1092 3382 1149 3434 δὲ
1183 3384 1278 3435 καὶ
1326 3384 1451 3445 τοὺς
1486 3384 1775 3454 δεσμώτας

160 3478 555 3544 ἀκολουθῆσαι
591 3472 768 3541 αὐτῷ.
818 3471 875 3526 Ὀ
925 3471 1019 3527 οὖν
1052 3474 1324 3544 μακάριος
1354 3480 1567 3546 μάρτυς
1612 3477 1776 3530 Ἀκά-

158 3586 274 3631 κιος
306 3570 408 3621 καὶ
446 3567 534 3636 τῷ
578 3566 737 3637 ὄγκῳ
780 3567 890 3619 τῶν
912 3568 1247 3639 τραυμάτων
1279 3570 1619 3637 τρυχόμενος
1679 3570 1775 3621 καὶ

156 3659 233 3727 τῷ
260 3662 420 3727 πόνῳ
451 3657 557 3709 τοῦ
599 3660 859 3725 σώματος
901 3658 1426 3727 στενοχωρούμενος,
1476 3659 1553 3710 ἔτι
1587 3659 1643 3713 δὲ
1680 3661 1774 3713 καὶ

155 3752 232 3821 τῷ
266 3752 486 3815 πλήθει
521 3751 640 3803 τῶν
672 3750 911 3818 σιδήριον
945 3748 1335 3819 βαΡἨόμενος⁹
1371 3751 1464 3803 καὶ
1494 3755 1560 3822 τῇ
1586 3754 1775 3822 “ﬁn

154 3848 262 3899 τῶν
289 3846 529 3916 δημίων
552 3843 672 3894 τῶν
695 3842 753 3894 ἐν
778 3844 842 3912 τῇ
874 3842 979 3912 ὁδῷ
1003 3844 1548 3915 ταλαιπωρούμενος,
1579 3849 1674 3900 καὶ
1697 3848 1775 3919 τῷ

156 3935 400 4003 καμάτῳ
430 3932 546 3999 τῆς
587 3931 821 4001 πορείας
851 3932 1191 4001 θλιὸὁμενος,
1226 3936 1320 3985 καὶ
1372 3938 1436 4004 τῇ
1466 3936 1646 4007 ἐνδείᾳ
1667 3940 1776 3993 τῶν

155 4025 347 4076 σιτίων
392 4022 923 4090 ἐκλιμπανὸμενος,
972 4022 1067 4073 καὶ
1115 4021 1192 4089 τῷ
1235 4021 1311 4092 μὴ
1371 4027 1776 4094 συγχωρεῖσοαξ

154 4133 275 4169 τινα
305 4118 424 4169 τῶν
459 4114 745 4184 γνωστῶν
774 4113 1047 4167 συνέθνων
1078 4114 1211 4185 ὁρᾷν
1237 4115 1401 4167 αὑτὸν
1424 4120 1559 4186 πρὸς
1590 4121 1648 4169 10
1678 4120 1776 4189 ζῇν

154 4207 346 4262 λοιπὸν
398 4204 896 4275 ἑξαπορούμενος,
951 4203 1466 4258 ἐπακολουθούντων
1526 4210 1621 4260 καὶ
1668 4209 1777 4262 τῶν

156 4305 251 4354 σὺν
285 4301 451 4372 αὑτῷ
480 4296 797 4367 δεσμωτῶν
822 4300 879 4349 ἐν
911 4298 977 4365 τῇ
1003 4296 1107 4365 ὁδῷ
1138 4298 1231 4349 καὶ
1267 4297 1374 4351 τῶν
1426 4304 1778 4368 κατεπειγόν-

153 4409 264 4444 των
286 4394 513 4453 αὐτοὺς
551 4386 798 4458 δημίων.
860 4386 1062 4456 ηὔξατο
1091 4388 1169 4458 τῷ
1191 4388 1332 4457 Θεῷ,
1365 4388 1603 4451 ἀξιώσας
1646 4393 1781 4459 πρό-

156 4499 316 4551 τερον
347 4485 494 4544 τοὺς
528 4480 797 4547 δημίους,
833 4480 1255 4548 συγχωρηθῆναι
1288 4482 1439 4553 αὐτῷ
1477 4481 1738 4547 εὖξασοαι
1760 4500 1774 4513 ⁸

153 4579 249 4628 καὶ
282 4575 533 4637 σταθεὶς
569 4575 633 4625 ἐν
672 4570 825 4640 τόπῳ
844 4573 971 4635 τινὶ,
1007 4570 1212 4641 ηὔξατο
1251 4572 1385 4640 πρὸς
1445 4578 1648 4647 Κύριον
1686 4580 1777 4630 καὶ

152 4666 350 4722 εἶπεν
394 4664 558 4729 Δόξα
593 4678 707 4724 σοι,
755 4664 783 4714 ὁ
835 4663 975 4715 κατὰ
1009 4664 1067 4714 τὸ
1107 4663 1241 4715 πολὺ
1283 4663 1429 4727 ἔλεός
1467 4684 1561 4718 σου
1604 4670 1773 4721 ποιῶν

153 4764 247 4816 καὶ
284 4765 360 4813 τα
430 4758 580 4823 ὲὶέη
646 4744 748 4806 σου
784 4754 923 4820 μετὰ
968 4755 1078 4805 τῶν
1111 4756 1454 4822 ἀγαπώντων
1491 4760 1551 4810 τὸ
1599 4760 1772 4830 ὄνομα

154 4871 246 4906 σου
270 4870 284 4882 ·
311 4850 455 4914 δόξα
482 4862 603 4909 σοι,
628 4841 712 4912 τῷ
745 4846 838 4893 καὶ
864 4842 962 4911 ἐμὲ
996 4842 1089 4893 τὸν
1118 4844 1444 4914 ἁμαρτωλὸν
1482 4849 1771 4907 καλέσαντι

151 4950 229 5006 εἰς
274 4946 373 4995 τὸν
428 4942 657 5007 κλῆρον
689 4933 914 4986 τοῦτον
948 4934 1074 4997 δόξα
1107 4951 1210 5000 σοι,
1268 4936 1466 5005 Ἰησοῦ,
1498 4938 1574 5007 τῷ
1608 4941 1771 4992 εἰδότι

152 5044 249 5108 τὴν
311 5032 642 5089 ἀσθένειαν
701 5026 801 5094 τῆς
853 5027 1052 5094 σαρκὸς
1099 5026 1257 5097 ἡμῶν
1296 5030 1391 5080 καὶ
1413 5029 1555 5081 δόντι
1596 5047 1684 5097 μοι
1719 5033 1775 5083 ἐν

156 5134 274 5193 ταῖς
317 5125 609 5200 βασάνοις
656 5118 760 5187 τὴν
814 5118 1112 5188 ὑπομονήν.
1201 5119 1335 5171 Επεὶ
1387 5119 1479 5172 οὖν
1531 5123 1776 5190 βλέπεις,

155 5224 333 5293 Κύριέ
364 5240 507 5290 μου,
556 5213 744 5267 πολλὰ
792 5214 860 5264 τὰ
924 5210 1214 5278 συνέχοντα
1248 5229 1314 5280 με
1362 5214 1505 5266 κακά
1555 5217 1648 5268 καὶ
1681 5216 1774 5268 τοῦ

156 5312 384 5386 μέλλειν
412 5307 764 5380 ἐκδημῆσαι
786 5304 886 5372 τὴν
909 5304 1086 5373 ψυχήν
1116 5320 1217 5372 μου
1248 5305 1354 5355 ἀπὸ
1386 5305 1477 5357 τοῦ
1502 5306 1775 5374 σώματος,

156 5413 319 5473 αὐτὸς
348 5408 476 5472 οὖν,
512 5406 783 5457 Δέσποτα
817 5396 1010 5465 Κύριε,
1046 5395 1366 5449 ἀπόστειλον
1390 5397 1620 5465 ἄγγελον
1647 5402 1780 5469 πρός

162 5523 225 5574 με
266 5497 624 5571 ἰαματικον,
666 5488 896 5555 ἰώμενόν
935 5506 999 5557 με
1030 5489 1136 5540 ἀπὸ
1171 5488 1275 5539 τῶν
1308 5492 1679 5557 περιεχουσῶν
1711 5509 1777 5558 με

159 5598 365 5653 ὀδυνῶν
401 5594 509 5647 καί
546 5583 850 5650 ἀναγκῶν,
872 5587 965 5634 καὶ
999 5582 1253 5633 κέλευσον
1281 5582 1684 5650 καταξιωθῆναι
1711 5600 1779 5652 με

160 5696 254 5765 οἵῳ
285 5692 508 5761 δήποτε
547 5679 755 5751 τρόπῳ
790 5677 946 5744 μονον
979 5676 1251 5743 ἀποφάσει
1279 5674 1535 5727 δικαστοῦ
1565 5675 1794 5728 τελειως

200 5872 446 5928 'Malth.
492 5883 553 5932 ἰ,
594 5862 686 5915 19.

1877 626 1926 670 et
1960 617 2274 684 patientiam
2320 620 2651 688 suppeditat,
2682 621 2784 675 illis
2832 622 3136 690 providens,
3193 630 3453 693 quemadv

1879 712 2093 760 modum
2133 708 2383 764 Salvator
2416 712 2531 780 ipse
2563 713 2858 782 discipulos
2902 730 3030 768 suos
3078 719 3280 784 docuit,
3329 736 3450 774 cum

1881 799 1959 853 sic
1996 800 2131 852 dixit
2180 818 2243 853 ιι
2309 802 2535 867 Quando
2597 819 2688 857 vos
2745 807 3067 860 tradiderint
3118 810 3450 880 principibus

1878 902 2101 959 propter
2155 907 2349 947 nomen
2381 909 2580 958 meum,
2619 912 2686 949 ne
2713 899 2925 952 solliciti
2957 902 3099 967 sitis,
3158 908 3452 972 quomodo,

1877 995 1972 1035 aut
2030 985 2154 1051 quid
2202 984 2493 1052 loquamini
2528 1006 2544 1042 :
2578 989 2795 1045 dabitur
2846 992 2990 1043 enim
3046 995 3198 1048 vobis
3257 996 3309 1050 in
3368 998 3455 1049 illa

1880 1076 2032 1140 hora,
2065 1078 2193 1144 quid
2227 1078 2419 1132 dicatis
2455 1096 2470 1131 :
2507 1095 2609 1132 non
2640 1083 2781 1134 enim
2826 1099 2919 1137 vos
2969 1087 3118 1150 estis,
3155 1091 3243 1157 qui
3280 1091 3454 1158 loqui~

1878 1166 2031 1229 mini,
2069 1168 2160 1221 sed
2212 1166 2448 1233 Spiritus
2485 1169 2661 1226 Patris
2717 1175 2907 1239 vestri,
2963 1180 3051 1245 qui
3109 1179 3345 1250 loquitur
3404 1186 3454 1241 in

1876 1257 2029 1311 vobis
2068 1260 2107 1311 '.
2142 1277 2159 1309 ι
2200 1259 2508 1315 Antoninus
2560 1264 2738 1317 scriba
2781 1266 2916 1320 dixit
2943 1281 3132 1325 sancto
3180 1275 3405 1343 martyri
3440 1292 3454 1328 :

1879 1348 1945 1403 Et
1975 1366 2221 1419 quaenam
2262 1354 2376 1415 tibi,
2419 1356 2602 1419 miser,
2660 1359 2865 1414 utilitas
2901 1360 3076 1416 futura
3128 1375 3231 1430 est,
3292 1367 3335 1421 si
3388 1368 3455 1421 de

1882 1444 2081 1498 talibus
2138 1446 2300 1499 rebus
2356 1450 2665 1504 admonitus
2719 1455 3031 1519 persuaderi
3096 1473 3198 1512 non
3251 1461 3352 1524 vis,
3391 1476 3455 1517 ac

1881 1543 2062 1603 postea
2089 1539 2428 1603 gravioribus
2451 1544 2733 1597 tormentis
2753 1546 3036 1611 adductus,
3071 1549 3454 1619 imperatorum

1881 1626 2058 1682 edicto
2089 1631 2343 1696 parebis?
2372 1633 2495 1695 Abi,
2527 1642 2581 1687 et
2621 1644 2672 1688 le
2705 1637 2878 1702 ipsum
2934 1643 3247 1707 admoneas,
3284 1645 3457 1713 inquit

1882 1716 2130 1779 Aeacius.
2163 1734 2288 1772 nam
2315 1722 2357 1774 si
2385 1738 2557 1792 neque
2587 1728 2868 1792 priesidem
2905 1728 3100 1797 ipsum,
3150 1747 3324 1800 neque
3357 1734 3458 1786 mi-

1884 1825 1979 1861 nas
2006 1810 2170 1872 illius,
2211 1826 2386 1880 neque
2418 1816 2695 1870 cruciatus
2742 1818 2791 1869 in
2854 1834 2938 1872 me
2978 1819 3175 1884 illalos,
3211 1822 3301 1875 Dci
3358 1837 3459 1890 ope

1882 1904 2096 1971 adjutus
2145 1905 2353 1966 curavi,
2406 1912 2634 1974 putasne
2691 1923 2776 1960 me
2813 1910 2968 1961 talem
3021 1926 3140 1964 esse
3168 1914 3257 1979 qui
3289 1923 3338 1964 te
3367 1929 3458 1965 au-

1881 1996 2066 2049 diam?
2097 1996 2229 2049 Tuni
2258 1999 2421 2065 judex
2458 2001 2719 2054 ministris
2750 2001 2884 2054 dixit
2912 2018 2925 2053 :
2953 2001 3205 2056 Acacium
3231 2003 3453 2074 impium

1879 2088 2151 2141 hominem
2184 2093 2312 2144 olim
2351 2095 2598 2157 militem,
2639 2096 2689 2148 in
2724 2110 2942 2149 carcere
2997 2097 3252 2150 interiore
3283 2098 3457 2150 tribus

1878 2179 2036 2246 lignis
2067 2180 2343 2248 alligatum
2376 2185 2667 2246 custodite,
2703 2194 2754 2238 et
2798 2186 3054 2253 gravibus
3084 2189 3290 2239 catenis
3337 2187 3455 2254 ejus

1878 2273 2074 2326 collum
2106 2289 2169 2327 ac
2223 2283 2390 2327 tetum
2422 2288 2620 2340 cerpus
2648 2276 2999 2340 circumdate,
3034 2277 3309 2346 sequentis
3348 2278 3453 2332 diei

1873 2370 2078 2438 judicio
2110 2373 2497 2425 reservandum
2532 2389 2546 2426 :
2585 2387 2758 2441 neque
2803 2388 2830 2424 a
2863 2388 2975 2426 sua:
3003 2373 3179 2441 gentis
3219 2371 3454 2426 homini-

1880 2460 1979 2513 bus
2002 2459 2149 2512 illum
2179 2460 2347 2513 videri
2374 2456 2666 2528 permittite
2688 2501 2702 2527 ,
2739 2476 2805 2516 ne
2831 2459 2969 2515 forte
3003 2462 3072 2515 ab
3103 2463 3233 2531 ipsis
3266 2463 3454 2517 beatus

1879 2554 2225 2617 praedicetur,
2281 2564 2332 2605 et
2368 2555 2434 2607 ad
2474 2553 2683 2609 futuras
2738 2556 3061 2625 quaestiones
3122 2557 3456 2611 constantior

1879 2652 2208 2694 IllVE’lllatlllr.

1812 1879 1851 1933 Β

1952 2821 2088 2875 ΧΙΙΙ.
2125 2818 2325 2878 Ductus
2362 2823 2524 2893 igitur
2551 2821 2860 2878 fuitbeatus
2897 2824 3127 2882 Aeacius
3167 2827 3218 2882 in
3260 2844 3449 2885 carce-

1879 2931 2015 2978 rem,
2074 2927 2186 2970 tum
2243 2920 2513 2984 pra'tcrita
2563 2916 2904 2973 confessione
2959 2936 3118 2987 quam
3175 2925 3452 2989 professus

1877 3005 2076 3069 fuerat,
2110 3019 2219 3059 tum
2251 3008 2445 3062 futuris
2474 3010 2652 3072 bonis,
2692 3026 2810 3077 quae
2840 3025 2867 3062 a
2900 3011 3005 3063 Deo
3041 3026 3169 3064 vero
3198 3021 3451 3083 acceptu-

1881 3115 1971 3155 rus
2003 3110 2143 3164 erat,
2194 3100 2349 3156 valde
2401 3100 2553 3155 lzctus
2586 3118 2602 3156 :
2640 3102 2951 3171 mansitque
3025 3102 3079 3156 in
3124 3118 3343 3158 carcere
3396 3107 3447 3159 in

1882 3196 2013 3248 urbe
2044 3193 2305 3248 Perintho
2335 3206 2540 3264 septem
2572 3195 2710 3252 dies.
2746 3195 2952 3250 Interea
3001 3194 3255 3253 Bibianus
3292 3214 3449 3254 acce-

1880 3285 1959 3352 pit
1988 3284 2196 3337 litteras
2230 3300 2257 3338 a
2291 3285 2571 3349 Flaccino,
2609 3296 2665 3338 ut
2695 3286 3015 3355 Byzantium
3040 3304 3099 3342 se
3129 3290 3400 3347 conferret
3435 3310 3450 3346 :

1874 3379 2037 3447 jussit
2067 3387 2248 3431 autem
2274 3387 2328 3446 et
2352 3394 2445 3433 eos
2484 3378 2576 3448 qui
2609 3390 2765 3433 erant
2807 3378 2858 3434 in
2893 3394 3130 3447 carcere,
3172 3383 3317 3435 illum
3365 3400 3453 3439 se-

1882 3470 1997 3539 qui.
2034 3470 2228 3525 Beatus
2261 3456 2424 3544 igitur
2449 3484 2654 3543 martyr
2680 3475 2932 3538 Aeacius,
2962 3485 3016 3529 et
3054 3475 3335 3530 vulnerum
3364 3486 3451 3530 tu-

1880 3575 2049 3621 more,
2084 3570 2139 3613 et
2164 3562 2404 3628 corporis
2438 3562 2623 3616 labore
2650 3564 2905 3629 amictus,
2956 3566 3023 3619 ad
3079 3566 3193 3622 hanc
3245 3579 3300 3621 et
3348 3568 3455 3624 illis

1882 3652 2062 3706 multis
2098 3651 2292 3706 ferreis
2328 3655 2533 3707 catenis
2587 3665 2861 3722 gravatus,
2902 3657 3244 3724 militumque
3276 3659 3326 3711 in
3364 3661 3449 3711 via

1881 3744 2186 3814 urgentium
2224 3746 2649 3810 importunitate,
2690 3756 2743 3799 et
2772 3747 2982 3801 itineris
3020 3747 3357 3813 lassitudine,
3388 3763 3452 3803 ac

1879 3840 2122 3892 ciborum
2148 3839 2350 3907 inepia,
2386 3838 2616 3907 denique
2643 3849 2887 3893 notorum
2922 3841 3227 3906 hominum,
3258 3855 3289 3895 e
3321 3841 3450 3910 qui-

1879 3927 1979 3978 bus
2017 3928 2288 3979 ncminem
2323 3927 2503 3981 videre
2534 3930 2971 3997 permittebatur,
3018 3931 3261 3985 absentia
3296 3932 3451 3986 valde

1881 4030 2137 4077 intercus,
2174 4026 2227 4069 et
2263 4018 2328 4068 de
2381 4016 2487 4068 vita
2532 4018 2646 4084 ipsa
2694 4019 3018 4086 desperans,
3075 4037 3196 4075 cum
3258 4033 3311 4077 et
3359 4022 3451 4076 alii

1879 4109 2045 4162 vincti
2074 4124 2196 4164 cum
2248 4118 2632 4176 sequerentur,
2664 4119 2717 4163 et
2747 4113 3030 4165 carnitices
3056 4121 3331 4184 urgerent,
3361 4128 3459 4181 pe-

1882 4205 1964 4254 tiit
1998 4220 2025 4254 a
2063 4204 2441 4267 carniﬁcibus,
2502 4214 2559 4256 ut
2609 4204 2804 4259 orandi
2856 4204 2948 4258 Dei
3002 4215 3323 4274 potestatem
3376 4208 3450 4260 illi

1880 4293 2140 4345 facerent.
2174 4292 2308 4345 Cu'm
2347 4294 2510 4361 igitur
2554 4296 2785 4361 quodam
2820 4295 2871 4345 in
2900 4294 3018 4347 loco
3061 4296 3325 4358 stetisset,
3376 4295 3449 4347 ita

1880 4383 2047 4439 Deum
2088 4394 2339 4451 precatus
2370 4395 2453 4440 est
2484 4403 2497 4439 :
2539 4386 2722 4440 Gloria
2755 4388 2825 4441 sit
2860 4386 2980 4451 tibi,
3016 4386 3182 4451 Deus,
3216 4387 3306 4455 qui
3354 4402 3451 4456 pro

1883 4487 1971 4527 tua
2019 4476 2305 4529 elenientia
2336 4476 2386 4527 in
2426 4490 2520 4528 eos
2552 4476 2954 4529 misericordem
3004 4485 3052 4527 te
3088 4475 3316 4542 praebes,
3360 4472 3451 4542 qui

1806 4588 1855 4647 ι)
1884 4570 2115 4636 diligunt
2142 4583 2333 4622 nomen
2363 4578 2507 4621 tuum
2556 4585 2568 4620 :
2597 4568 2785 4634 gloria,
2819 4568 3060 4635 inquam,
3093 4568 3185 4619 tibi
3223 4568 3312 4627 sit,
3358 4567 3448 4633 qni

1882 4672 1936 4718 et
1974 4678 2059 4716 me
2097 4664 2148 4715 in
2184 4663 2417 4730 peccatis
2451 4662 2744 4733 viventem,
2782 4663 2847 4714 ad
2879 4663 3015 4713 lianc
3065 4668 3265 4713 sortem
3308 4667 3449 4710 tuam

1885 4750 2091 4804 vocasti
2121 4750 2321 4817 :gloria
2352 4748 2471 4814 tibi,
2496 4747 2647 4813 Jcsu,
2676 4752 2765 4817 qui
2800 4760 2995 4803 nostra:
3022 4750 3201 4801 carnis
3232 4748 3454 4800 inlirmi-

1887 4854 2051 4896 tatem
2085 4844 2310 4905 novisti,
2341 4854 2391 4895 et
2426 4854 2483 4894 ut
2532 4852 2797 4895 tormenta
2836 4839 3050 4895 fortiter
3087 4840 3306 4902 ferrem,
3359 4853 3454 4908 pa-

1886 4935 2131 4989 tientiam
2169 4935 2297 4988 milii
2327 4935 2625 5002 praebuisti.
2657 4934 2921 4999 Quoniam
2960 4934 3121 5001 igitur
3171 4934 3340 4993 vides,
3380 4930 3450 4981 uti

1884 5026 2128 5089 Domine,
2158 5026 2338 5080 multis
2373 5026 2527 5079 malis
2554 5041 2638 5079 tne
2665 5039 3003 5093 oppressum,
3053 5023 3124 5075 ita
3172 5032 3228 5075 ul
3271 5021 3451 5075 anitua

1886 5120 1995 5188 ipsa
2030 5135 2058 5175 e
2089 5132 2313 5186 corpore
2361 5132 2480 5172 meo
2524 5132 2812 5171 excessum
2875 5117 3138 5177 videatur,
3201 5125 3252 5167 tu
3317 5115 3449 5179 ipse,

1888 5212 2133 5277 Domine,
2166 5215 2316 5265 mitte
2348 5211 2623 5279 angelum,
2657 5214 2745 5277 qui
2786 5224 2868 5261 me
2899 5219 3071 5269 curet,
3111 5217 3163 5260 et
3195 5207 3261 5260 ab
3285 5222 3452 5272 angu-

1891 5306 2031 5367 stiis,
2058 5303 2251 5372 quibus
2274 5303 2574 5369 opprimor,
2605 5316 2686 5352 tne
2710 5310 2857 5353 sanet
2886 5315 2901 5364 ;
2938 5314 3000 5353 ac
3037 5300 3171 5352 velis
3194 5300 3321 5349 mihi
3351 5298 3450 5349 hoc

1865 5397 2201 5457 .concederc,
2226 5405 2285 5445 ut
2310 5407 2630 5461 quacunque
2659 5394 2889 5451 ratione,
2923 5392 3078 5443 modo
3105 5389 3306 5457 jndicis
3326 5403 3451 5440 sen-

1885 5488 2051 5539 tentia
2094 5488 2373 5539 deerelum
2403 5487 2495 5547 sit,
2525 5484 2840 5552 martyrium
2873 5482 3197 5549 compleain,
3229 5489 3281 5529 et
3308 5480 3449 5543 apud

1886 5592 1935 5634 te
1972 5581 2094 5633 sim.
2127 5578 2261 5633 Cum
2305 5580 2375 5631 ita
2412 5579 2577 5631 Deum
2616 5585 2818 5637 oraret,
2847 5589 2947 5627 vox
2981 5589 3011 5627 e
3041 5575 3181 5627 nube
3220 5572 3451 5625 demissa

1883 5682 1965 5729 est
2003 5674 2140 5742 (erat
2166 5672 2307 5726 enim
2347 5686 2439 5725 aer
2488 5671 2601 5737 ipse
2650 5668 2881 5723 nubibus
2916 5664 3216 5735 contectus)
3252 5681 3267 5718 :
3305 5660 3452 5726 ESto,
