4180 6494
692 432 801 496 235

2003 426 2285 488 MENSIS
2334 424 2597 484 MMUS.

3832 409 3932 472 236

692 562 869 601 meum
906 551 1102 615 praesto
1130 548 1214 596 est
1243 554 1256 594 :
1293 548 1611 611 potestatem
1646 541 1850 595 habes:
1886 554 2065 608 quasso
2100 535 2300 595 facias.

2405 528 2576 603 οὖμεν
2606 531 2714 602 γὰρ
2743 528 3057 595 πλειστάκις
3091 525 3617 601 λαμπροφορουντάς
3642 539 3816 587 τινας,
3844 521 3945 575 ῶσ-

694 635 955 707 quidquid
1023 635 1125 688 vis.
1190 631 1520 687 Videbamus
1562 633 1703 687 enim
1758 633 1951 699 smpius
2005 630 2263 699 quosdam

694 742 844 784 veste
894 726 1173 797 splendida
1234 735 1453 781 ornatos
1510 728 1736 789 milites,
1766 726 2008 793 aliosque
2044 724 2267 777 urbanis

694 824 845 885 viris,
898 822 1032 874 alios
1078 819 1245 873 Medis
1286 818 1608 887 quibusdam
1652 817 1858 871 similes
1917 830 2034 868 eSsc
2080 828 2265 868 cense-

695 917 907 978 bamus,
944 912 1033 981 qui
1077 928 1179 965 una
1214 928 1333 967 cum
1367 912 1484 979 ipso
1510 909 1890 971 versabantur,
1924 907 2120 975 quique
2151 905 2269 975 ejus

696 1006 917 1058 vulnera
948 1005 1235 1068 curabant,
1272 1016 1326 1056 et
1361 1002 1651 1070 diligenter
1684 1000 2091 1069 abstergebant,
2134 996 2273 1050 mul-

704 1100 877 1165 iisque
910 1096 1127 1149 cibariis
1163 1093 1480 1164 propositis,
1510 1107 1612 1145 una
1640 1106 1761 1144 cum
1796 1105 1859 1144 eo
1891 1087 2269 1143 vescebantur.

705 1190 827 1242 Haec
863 1187 1043 1241 omnia
1106 1186 1377 1249 homines,
1440 1185 1529 1253 qui
1584 1199 1649 1238 ex
1710 1183 1843 1236 urbe
1878 1180 2139 1235 Perintho
2170 1194 2272 1233 una

700 1299 823 1335 eum
853 1297 917 1335 eo
954 1280 1119 1333 vincti
1156 1280 1303 1333 ducti
1340 1288 1486 1341 sunt,
1520 1287 1630 1330 tum
1669 1276 1721 1330 in
1754 1276 1860 1339 via,
1892 1284 2002 1328 tum
2041 1274 2125 1328 hic
2150 1288 2273 1327 cum

700 1374 897 1442 sa‘pins
942 1372 1228 1437 vidissent,
1261 1370 1390 1425 milii
1423 1369 1722 1423 retulerunt
1763 1384 1778 1422 ι
1812 1367 1885 1420 ita
1921 1376 1979 1419 ut
2002 1380 2121 1435 ego,
2154 1378 2274 1417 cum

702 1467 834 1533 ipsis
872 1480 978 1517 non
1013 1464 1317 1526 crederem,
1351 1471 1404 1516 et
1435 1476 1622 1515 verum
1650 1459 1793 1513 scire
1824 1471 2103 1525 cuperem,
2144 1454 2280 1507 meis

703 1557 871 1610 oculis
908 1555 1104 1609 videns
1136 1557 1185 1608 id
1222 1554 1588 1624 cognoverim.
1616 1552 1683 1605 At
1708 1551 1751 1605 si
1777 1550 1994 1618 quando
2035 1554 2277 1615 repente,

716 1662 838 1701 corn
885 1649 997 1699 haec
1024 1654 1349 1713 spectarem,
1388 1641 1590 1711 ingredi
1619 1642 1683 1693 ad
1715 1655 1839 1694 eum
1877 1637 2187 1700 voluissem,
2228 1644 2283 1689 ct

705 1738 769 1789 ah
799 1738 905 1789 illis
939 1749 1182 1804 qnzerere
1227 1733 1495 1786 undenam
1532 1732 1659 1785 illuc
1687 1728 1917 1797 ingressi
1948 1736 2154 1792 essent,
2191 1736 2283 1779 aut

707 1830 926 1894 quinam
966 1825 1143 1878 forent
1197 1825 1294 1888 illi,
1335 1839 1468 1891 quos
1501 1837 1605 1874 una
1658 1836 1781 1876 cum
1836 1821 1950 1889 ipso
2004 1822 2278 1886 vidissem,

701 1921 901 1988 Sirpius
926 1920 986 1973 ad
1011 1932 1131 1971 eum
1166 1917 1460 1982 ingressus,
1493 1927 1666 1980 neque
1696 1926 2020 1980 quemquam
2046 1911 2281 1973 illorum,

710 2026 882 2080 neque
908 2011 1202 2078 quidquam
1231 2022 1259 2060 e
1293 2006 1513 2060 cibariis
1555 2005 1660 2058 illis
1698 2004 1967 2066 videbam,
2001 2004 2094 2056 sed
2138 2005 2284 2055 hunc

2312 1883 2359 1940 B
2386 1883 2454 1940 -.ἓ

2372 640 2477 692 περ
2510 621 2874 692 στρατιώτας,
2912 622 3005 674 καὶ
3042 620 3232 683 ἄλλους
3260 620 3335 682 ὡς
3377 618 3795 689 σχολαστικοῦς,
3852 616 3945 667 καὶ

2372 715 2590 782 ἐτέρους
2615 714 2687 776 ὡς
2721 716 2937 783 ίστρους
2965 709 3101 764 εἶναι
3122 712 3465 779 ἐνομίζομεν.
3491 710 3755 771 συνόντας
3780 705 3949 774 αὗτῷι

2372 807 2467 858 καὶ
2514 805 3004 874 ἐπιμελουμένους,
3042 806 3135 856 καὶ
3190 802 3265 871 τῷ
3325 801 3478 853 ὕδατι
3514 798 3950 858 καταντλοῦντας

2371 897 2442 949 τὰ
2474 897 2767 966 τραύματα
2808 895 2996 957 αὑτοῦ,
3021 894 3134 964 ἅμα
3160 893 3215 945 δὲ
3248 894 3341 945 καὶ
3367 891 3748 951 συνεσθίοντας
3784 889 3948 955 αὐτῷ,

2373 988 2587 1042 πολλῶν
2661 988 2884 1054 ἀγαθῶν
2956 987 3337 1056 προκειμένων
3393 986 3598 1048 αὐτοῖς.
3664 982 3855 1035 Ταῦτα
3900 981 3952 1033 δὲ

2374 1086 2556 1138 πάντα
2617 1085 2713 1136 καὶ
2763 1084 2815 1135 οἱ
2856 1082 3067 1148 δέσμιοι
3096 1081 3203 1133 ἀπὸ
3236 1081 3333 1150 τῆς
3370 1079 3635 1149 Περίνθου
3668 1077 3955 1145 ἐρχόμενοι

2378 1176 2497 1244 μετ’
2529 1172 2692 1226 αὑτοῦ
2748 1172 2949 1233 ἰδόντες
3006 1171 3101 1224 καὶ
3129 1165 3231 1223 ὦδε
3292 1169 3609 1230 πλειστάκις
3641 1165 3954 1236 ἀνήνεγκαν

2381 1283 2493 1336 μοι,
2526 1264 2665 1318 ὥστε
2698 1264 2790 1317 καὶ
2822 1264 2921 1332 ἐμὲ
2955 1264 3153 1332 αύτοψὶ
3194 1263 3481 1333 πεισθῆναι
3530 1261 3603 1330 μὴ
3629 1258 3957 1312 πιστεύοντα

2378 1361 2584 1421 αὐτοῖς.
2630 1360 2692 1411 Ei‘
2731 1374 2860 1409 ποτε
2886 1357 2940 1409 δὲ
2973 1357 3193 1421 ἀνοίξας
3252 1356 3349 1425 τὴν
3401 1356 3643 1421 κατῆναν
3693 1349 3961 1404 εἰσελθεῖν

2379 1450 2715 1519 ἠϐουλήθην,
2766 1449 3050 1515 αἰφνιδίως
3108 1449 3329 1518 θεωρῶν
3356 1447 3548 1510 ταῦτα,
3607 1441 3960 1512 ἐπερωτῆσαι

2382 1542 2578 1603 αὐτοὺς
2623 1540 2932 1611 βουληθεὶς,
2962 1541 3127 1599 πόθεν
3155 1542 3265 1610 ἄρα
3294 1539 3542 1610 εἰσῆλθον
3574 1538 3605 1606 ἢ
3647 1537 3800 1597 τίνες
3828 1534 3962 1586 εἰσὶν

2384 1638 2584 1688 ἐκεῖνοι
2613 1634 2714 1696 οὓς
2746 1632 2975 1684 ἔϐλεπον
3015 1631 3131 1701 μετ’
3163 1632 3349 1693 αὑτοῦ,
3383 1628 3641 1682 εἰσελθὼν
3666 1628 3725 1680 δὲ
3764 1625 3961 1679 πολλά-

2383 1745 2469 1789 κις
2507 1726 2643 1794 προς
2674 1724 2858 1786 αὑτὸν,
2888 1723 3077 1776 οὐδένα
3106 1721 3164 1784 ἐξ
3197 1723 3376 1775 αὐτῶν
3401 1720 3657 1791 εύρισκον
3700 1720 3825 1771 οὐδὲ
3861 1719 3965 1771 τῶν

2386 1818 2765 1888 προκειμένων
2810 1819 2995 1878 αὑτοῖς
3036 1813 3277 1883 ἀγαθῶν,
3319 1812 3453 1865 ἀλλὰ
3487 1812 3674 1864 τοῦτον
3714 1811 3877 1880 μόνον
3913 1812 3966 1862 ἐν

2386 1910 2465 1979 τῷ
2499 1911 2638 1979 ξύλῳ
2672 1912 2971 1980 τεταμένον
3007 1909 3305 1978 εὐχόμενόν
3338 1923 3389 1959 τε
3425 1906 3518 1959 καὶ
3560 1905 3855 1970 δοξάζοντα
3884 1902 3969 1954 τὸν

2387 2004 2521 2057 Θιδν
2557 2003 2741 2067 αὐτοῦ,
2776 2004 2862 2055 ὅτε
2885 2002 2941 2055 δὲ
2966 2004 3059 2054 καὶ
3091 2001 3244 2071 ’ύπνῳ
3274 2000 3693 2068 κατακείμενον.

711 2106 883 2157 solum
918 2104 1063 2172 ligno
1095 2100 1394 2168 alligatum,
1426 2112 1613 2167 preces
1636 2098 1702 2150 ad
1737 2098 1903 2149 Deum
1943 2094 2282 2157 fundentem,
2327 2104 2381 2148 ct
2424 2096 2663 2150 divinam
2702 2095 2931 2166 gloriam
2964 2095 3295 2159 laudantem,
3327 2092 3592 2147 interdum
3663 2103 3796 2144 vero
3850 2090 3974 2145 dor-

717 2199 993 2251 rnientem.

785 2286 967 2344 XVIII.
1000 2286 1135 2341 Tum
1165 2286 1332 2355 iudex
1372 2303 1386 2338 :
1436 2282 1722 2348 Pecunias,
1767 2282 1960 2351 inquit,
1995 2280 2061 2335 ab
2102 2281 2284 2335 Acacii

715 2381 1118 2435 contribulibus
1161 2379 1442 2447 accepisti,
1478 2380 1546 2432 ob
1590 2379 1746 2445 idque
1773 2376 2032 2443 iudicium
2064 2375 2142 2428 vis
2176 2375 2288 2428 elu-

715 2480 863 2531 dere.
901 2474 977 2527 Ac
1010 2472 1191 2526 statim
1251 2472 1431 2527 furore
1487 2473 1748 2539 percitus,
1803 2470 2070 2539 plumbeis
2127 2470 2293 2538 virgis

716 2569 830 2637 ejus
864 2578 1008 2634 terga
1039 2565 1243 2634 pulsari
1271 2563 1449 2633 iussit.
1489 2564 1628 2629 Quin
1662 2579 1783 2618 cum
1816 2564 2173 2626 cruciaretur,
2207 2578 2296 2616 vo-

719 2662 954 2712 ciI'erans
978 2656 1189 2709 dicebat
1223 2672 1236 2708 :
1270 2653 1488 2719 aneso,
1537 2653 1726 2720 iudex,
1766 2662 1823 2705 ut
1858 2653 1900 2706 si
1927 2668 2013 2706 res
2045 2653 2206 2705 aliter
2236 2666 2293 2704 se

722 2752 902 2813 liabet,
930 2762 1089 2816 quant
1133 2745 1264 2807 dixi,
1308 2759 1392 2799 me
1440 2744 1753 2798 interIicias.
1785 2743 1918 2797 Tum
1949 2743 2036 2798 ille
2066 2762 2080 2797 :
2116 2741 2293 2797 Vene-

723 2843 879 2896 ticum
921 2843 1081 2911 igitur
1112 2841 1382 2895 hominem
1425 2839 1566 2891 hunc
1596 2852 1714 2892 esse
1743 2836 1977 2890 afﬁrmes
2004 2852 2139 2905 opus
2191 2849 2291 2890 est.

721 2937 817 2987 Cui
861 2935 1101 2987 carceris
1133 2944 1316 2985 cusms
1352 2948 1364 2981 :
1401 2928 1530 2997 Ego,
1563 2930 1760 2997 inquit,
1799 2929 1941 2995 quod
1978 2929 2109 2990 vidi,
2152 2928 2293 2991 dico,

725 3043 898 3097 neque
927 3027 1062 3089 scio,
1094 3026 1436 3078 venelicusne
1477 3020 1572 3081 sit,
1606 3035 1671 3072 an
1708 3035 1835 3072 non.
1872 3016 1997 3071 Ilarc
2024 3032 2150 3072 cum
2177 3018 2297 3071 bea-

725 3134 809 3175 tus
856 3120 1087 3174 Aeacius
1141 3117 1369 3180 audiret,
1411 3114 1623 3167 illorum
1674 3111 1960 3165 stultitiam
2016 3097 2296 3171 irridebat,

723 3216 969 3283 quamvis
1005 3211 1192 3263 fractis
1251 3217 1395 3260 esset
1455 3205 1715 3257 maxillis.
1752 3205 1937 3268 Itaque
1982 3202 2146 3266 index
2186 3201 2299 3267 ipse

726 3320 912 3358 rursus
946 3302 1127 3356 furore
1174 3315 1457 3363 accensus,
1497 3295 1696 3351 Acacio
1719 3292 1853 3347 dixit
1885 3308 1899 3345 :
1934 3290 2087 3345 Tunc
2116 3290 2306 3344 venisti

742 3405 799 3447 ut
834 3408 928 3447 nos
957 3392 1258 3456 derideres,
1290 3389 1573 3459 prtestigiis
1606 3401 1669 3441 ac
1701 3384 1973 3439 veneficiis
2005 3382 2108 3437 tuis
2144 3381 2311 3437 contio

727 3486 866 3537 sus?
901 3484 1031 3550 Ego,
1074 3483 1245 3551 inquit
1276 3480 1532 3543 Aeacius,
1568 3493 1671 3531 non
1708 3476 1880 3540 rideo,
1931 3475 2076 3543 quod
2121 3475 2301 3528 vestra

731 3579 971 3645 pernicie
996 3579 1253 3645 gaudeam
1300 3593 1312 3627 :
1349 3573 1459 3627 imo
1492 3574 1880 3641 sempiternam
1916 3578 2146 3623 vestram
2173 3584 2305 3622 con-

735 3671 1137 3723 demnationem
1205 3666 1431 3720 nmltum
1476 3664 1653 3717 doleo.
1699 3662 1804 3715 Vos
1850 3672 2027 3712 autem
2076 3659 2173 3727 ipsi
2214 3673 2307 3710 vc-

734 3773 904 3814 stram
935 3765 1100 3813 vitam
1137 3758 1397 3818 irridetis,
1428 3757 1516 3824 qui
1556 3768 1739 3808 verum
1800 3751 1948 3805 illum
1984 3751 2146 3804 Deum
2180 3750 2305 3805 θωπί

740 3864 794 3908 et
823 3864 1006 3915 terrar,
1065 3852 1230 3904 maris
1267 3860 1319 3901 et
1350 3848 1587 3903 omnium
1621 3860 1739 3915 qua:
1772 3845 1824 3897 in
1861 3845 1940 3897 eis
1970 3853 2115 3904 sunt,
2178 3841 2312 3895 eIIe-

736 3956 939 4002 ctorem
963 3942 1346 4008 dereliquistis,
1376 3950 1430 3993 et
1452 3939 1657 4006 lapides
1716 3938 1860 4004 ipsos
1890 3933 2145 3987 adoratis.
2176 3931 2313 3983 Tum

734 4037 909 4091 Judex
957 4034 1004 4085 ei
1043 4033 1175 4085 dixit
1218 4049 1231 4085 :
1278 4031 1355 4085 Ne
1402 4037 1555 4100 putes
1598 4030 1698 4083 ista
1738 4038 1828 4082 tua
1869 4027 2179 4081 constantia
2228 4036 2313 4077 me

739 4128 940 4181 victum
975 4123 1074 4186 iri;
1107 4139 1210 4176 non
1239 4123 1412 4176 sinam
1445 4131 1496 4174 te
1527 4120 1728 4181 vivere,
1754 4119 1854 4169 nisi
1886 4117 1990 4169 diis
2018 4116 2311 4176 sacritices,

738 4228 793 4272 et
853 4219 1180 4272 invictarum
1241 4216 1625 4281 imperatorum
1678 4209 1870 4264 edictis
1922 4207 2163 4262 obedias.
2218 4204 2313 4259 Cui

740 4311 975 4365 Aeacius
1039 4324 1053 4361 :
1115 4304 1171 4361 Si
1225 4305 1468 4359 timerem
1540 4304 1713 4357 minas
1783 4311 1925 4362 tuas,
1980 4299 2158 4351 statim
2221 4297 2315 4351 tibi

744 4404 1145 4469 obtemperans,
1197 4398 1441 4450 fecissem
1494 4395 1634 4463 quod
1671 4391 1859 4461 iubes;
1897 4389 2151 4459 quoniam
2187 4401 2317 4441 vero

743 4493 1009 4546 sententia
1039 4506 1155 4543 mea
1182 4487 1371 4541 melior
1392 4497 1494 4551 est,
1513 4501 1673 4555 quam
1703 4496 1812 4549 tua,
1840 4484 2014 4535 minas
2033 4480 2315 4534 istasuiliil

746 4582 910 4634 timeo
945 4595 958 4631 :
995 4579 1100 4641 Iac,
1133 4577 1273 4645 quod
1310 4577 1457 4631 libet.

815 4670 957 4725 XIX.
995 4670 1145 4723 Tunc
1175 4670 1340 4723 Iudex
1378 4667 1557 4721 furore
1606 4667 1844 4734 percitus
1876 4683 1889 4719 :
1930 4663 2317 4728 Sacriﬁcasne,

744 4765 941 4831 inquit,
976 4779 1040 4813 an
1085 4763 1259 4814 adhuc
1291 4761 1468 4829 pergis
1517 4758 1794 4811 insanire?
1836 4757 2136 4824 Respondit
2178 4754 2319 4808 Aca-

746 4856 860 4907 cius
897 4872 909 4907 :
950 4852 1027 4905 Tu
1083 4858 1260 4922 pergis
1303 4852 1350 4904 id
1388 4852 1589 4913 facere,
1622 4851 1711 4919 qui
1763 4850 2027 4911 homines,
2064 4864 2091 4897 ιι
2124 4846 2321 4915 quibus

749 4947 885 5000 nihil
921 4947 1042 4997 mali
1078 4947 1422 4999 commissum
1460 4954 1541 4997 est
1574 4958 1747 5011 neque
1789 4942 1989 5010 aliquid
2026 4942 2076 4994 in
2110 4951 2160 4992 te
2194 4954 2320 5007 pec-

744 5047 922 5091 catum
955 5034 1072 5098 fuit,
1110 5036 1185 5088 sie
1213 5035 1409 5101 injuste
1441 5031 1756 5087 consumis?
1788 5030 1912 5083 Hmc
1935 5045 2053 5081 cum
2085 5029 2323 5081 audisset

730 5132 924 5202 iudex,
949 5130 1110 5194 jussit
1139 5128 1311 5196 virgas
1340 5142 1577 5195 quernas
1607 5122 1814 5184 aﬂerri,
1838 5131 1890 5175 et
1914 5120 2029 5189 ejus
2065 5130 2212 5188 terga
2256 5132 2320 5172 ac

748 5235 988 5276 ventrem
1024 5221 1322 5274 verberari.
1364 5220 1609 5286 Cumque
1644 5217 1830 5268 dcccm
1869 5213 2116 5267 homines
2161 5211 2323 5264 vicis-

745 5316 847 5368 sim
896 5314 1077 5367 Acacii
1143 5324 1340 5379 corpus
1400 5314 1769 5363 verberarem.
1808 5318 2013 5375 martyr
2049 5307 2163 5373 ipse
2210 5314 2320 5355 tor-

748 5408 941 5460 mentis
1001 5406 1255 5466 atllictus,
1311 5404 1388 5456 sic
1450 5402 1715 5454 clamabat
1772 5417 1787 5454 :
1839 5396 2073 5462 Christe,
2131 5395 2321 5462 adiuva

751 5494 1005 5552 humilem
1038 5512 1249 5551 servum
1291 5507 1469 5549 tuum.
1522 5494 1694 5546 Iratus
1727 5505 1904 5546 autem
1938 5490 2118 5561 iudex,
2165 5487 2325 5558 iussit

749 5598 989 5642 ventrem
1052 5587 1281 5654 amplius
1338 5584 1635 5639 verberari.
1696 5582 1937 5650 Cumque
1999 5581 2185 5633 decem
2247 5577 2320 5630 iIii

747 5680 991 5731 homines
1040 5679 1139 5728 hoc
1188 5676 1461 5736 fecissent,
1494 5684 1550 5728 et
1600 5674 1789 5726 beatus
1837 5680 2041 5738 martyr
2093 5668 2323 5729 doleret,

748 5782 877 5823 voce
918 5784 1105 5837 magna
1147 5768 1334 5822 dixit:
1384 5765 1609 5820 Domine
1664 5764 1791 5820 Jesu
1848 5761 2079 5822 Christe,
2129 5759 2322 5827 adiuva

752 5875 965 5917 servum
1002 5872 1144 5915 tuum
1172 5862 1445 5916 Acacium.
1472 5858 1582 5915 Hoc
1615 5872 1734 5913 cum
1772 5858 1837 5913 ab
1871 5870 1935 5911 eo
1968 5855 2164 5909 dictum
2195 5849 2327 5908 fuis—

2456 2280 2565 2333 III'.’
2598 2279 2656 2333 Ὀ
2686 2276 2952 2346 δικαστὴς
3010 2269 3165 2329 εἶπεν
3190 2290 3203 2304 ·
3237 2275 3308 2327 Συ
3362 2273 3623 2343 χρήματα
3666 2271 3825 2340 παρὰ
3865 2270 3971 2323 τῶν

2389 2373 2662 2425 συνέθνων
2698 2369 2863 2423 αὐτοῦ
2899 2366 3100 2430 λαϐὼν,
3153 2366 3369 2428 παίζειν
3400 2365 3575 2425 θέλεις
3618 2364 3678 2415 τὸ
3713 2364 3976 2432 δικαστή-

2392 2484 2526 2538 ριον.
2558 2465 2673 2516 Καὶ
2711 2460 2989 2530 θυμωθεὶς
3040 2458 3352 2521 ἐκέλευσεν,
3416 2457 3796 2525 καταυχενίοις
3832 2454 3977 2524 αύτῷ

2398 2557 2673 2626 μολίϐδεσι
2732 2552 3067 2626 χρήσασθαι.
3106 2551 3196 2614 Ὠς
3227 2550 3283 2602 δὲ
3327 2548 3682 2610 ἐϐασανίζετο
3726 2549 3753 2600 6
3784 2548 3977 2618 δεσμο-

2394 2649 2588 2719 φύλαξ,
2623 2648 2750 2700 ὲϐόα
2783 2646 2877 2699 καὶ
2903 2644 3088 2711 ἔλεγεν
3112 2659 3125 2672 ·
3154 2641 3357 2711 Δέομαί
3379 2656 3495 2705 σου,
3520 2642 3568 2692 εἰ
3598 2639 3778 2701 ἄλλως
3804 2637 3977 2701 εἷπον,

2396 2741 2720 2797 ἀπόκτεινόν
2754 2757 2843 2809 με.
2884 2739 2941 2791 Ὀ
2990 2736 3252 2805 δικαστὴς
3281 2731 3434 2788 εἶπεν
3458 2751 3471 2766 ·
3523 2734 3636 2787 Οὔκ
3676 2729 3771 2786 οἷον
3806 2734 3981 2802 γόητα

2398 2836 2559 2888 αὑτὸν
2597 2833 2931 2898 ἀποφέρειςς
2998 2829 3055 2878 ⁸0
3106 2826 3453 2896 δεσμοφύλαξ
3500 2822 3693 2877 εἶπεν·
3766 2825 3911 2891 Ἐγὼ
3956 2824 3981 2874 6

2400 2921 2561 2986 εἶδον,
2595 2920 2747 2974 εἶπον
2771 2936 2782 2948 ·
2818 2922 2867 2971 εί
2890 2918 2944 2970 δὲ
2972 2918 3119 2969 ἐστιν
3150 2919 3306 2985 γόης,
3330 2917 3429 2967 οὐκ
3456 2911 3596 2968 οἶδα.
3638 2916 3694 2967 Ὀ
3722 2915 3779 2965 δὲ
3809 2914 3981 2983 μακά-

2406 3033 2517 3087 ριος
2555 3014 2810 3074 ’Λκάκιος
2846 3012 3018 3072 ἑστὼς
3043 3011 3136 3061 καὶ
3162 3008 3379 3060 ἁκούων
3410 3006 3587 3059 ταῦτα
3631 3007 3863 3073 ἐγέλασε
3895 3005 3985 3057 ἐπὶ

2404 3112 2467 3178 τῇ
2502 3108 2782 3177 ἀφροσύνῃ
2815 3103 3014 3167 αὐτῶν,
3046 3100 3322 3155 καὶτοῦτο
3345 3100 3599 3162 κλασθεὶς
3629 3100 3757 3162 τοὺς
3800 3097 3985 3164 σιαγό-

2407 3217 2524 3260 νας,
2548 3201 2621 3260 ὼς
2644 3199 2733 3249 τὸν
2758 3197 3018 3265 δικαστὴν
3046 3195 3209 3248 πάλιν
3230 3192 3556 3263 ὀργισθέντα
3578 3208 3588 3220 ·
3630 3191 3987 3253 Καταπαίξαι

2410 3289 2567 3359 ἡμῶν
2626 3285 2809 3357 ἦλθες,
2861 3289 3059 3356 λέγων,
3097 3285 3315 3355 θαρρῶν
3372 3288 3493 3345 ταῖς
3541 3283 3822 3349 γοητείαις
3860 3296 3986 3345 ceu;

2423 3380 2725 3449 Ἀπεκρίθη
2788 3379 3041 3438 ’Ᾱκάκιος
3063 3393 3076 3407 °
3138 3375 3283 3440 Ἐγὼ
3317 3375 3412 3444 μὲν
3461 3374 3520 3425 ού
3554 3372 3887 3435 καταπαίζω
3915 3370 3988 3432 ἀς

2413 3474 2713 3541 ἐπικαίρων
2746 3472 2812 3539 τῇ
2838 3468 3085 3538 ἀπωλείᾳ
3117 3466 3271 3536 ὑμῶν
3298 3482 3311 3516 ξ
3361 3466 3497 3518 ἀλλὰ
3528 3463 3621 3524 καὶ
3655 3464 3869 3533 σφόδρα
3897 3463 3987 3514 λυ-

2413 3563 2627 3630 σιτοῦμαι
2672 3561 2800 3631 περὶ
2830 3560 2928 3628 τῆς
2962 3559 3134 3613 ἀϊδίου
3170 3557 3325 3627 ὑμῶν
3356 3556 3607 3628 κρίσεως.
3660 3544 3901 3616 Παίζετε
3934 3552 3987 3607 δὲ

2415 3655 2571 3724 ὑμεῖς
2606 3653 2706 3723 τὴν
2735 3651 2946 3705 ἑαυτῶν
2981 3649 3146 3719 ζωὴν,
3182 3650 3577 3710 καταλιπόντες
3616 3648 3707 3699 τὸν
3734 3646 3988 3716 ἀληθινὸν

2413 3746 2566 3809 Θεὸν,
2599 3746 2689 3797 τὸν
2724 3743 3026 3813 ποιήσαντα
3067 3740 3159 3792 τὸν
3193 3741 3444 3810 οὐρανὸν,
3478 3739 3571 3790 καὶ
3603 3738 3701 3806 τὴν
3735 3738 3863 3805 γῆν,
3899 3736 3991 3788 καὶ

2414 3840 2512 3906 τὴν
2574 3836 2875 3896 θάλασσαν,
2909 3818 3010 3885 ’καὶ
3044 3834 3221 3884 πάντα
3272 3830 3340 3882 τὰ
3370 3832 3425 3880 ὲν
3457 3829 3661 3889 αὐτοῖς,
3694 3829 3792 3878 καὶ
3827 3827 3991 3889 λίθοις

2418 3924 2873 3997 προσκυνοῦντες.
2916 3922 2977 3973 Ὀ
3000 3920 3260 3989 δικαστὴς
3301 3913 3455 3971 εἶπεν
3478 3932 3491 3948 ⁸
3540 3916 3633 3987 Μὴ
3655 3916 3891 3989 νομίσῃς
3927 3935 3991 3986 με

2416 4018 2636 4086 νικῆσαι
2666 4016 2730 4084 τῇ
2762 4011 2979 4083 εὐτονία
3029 4028 3123 4064 σου
3149 4028 3161 4041 ·
3196 4010 3299 4063 οὐκ
3350 4009 3424 4063 ὲῶ
3457 4026 3512 4062 σε
3546 4007 3735 4078 ζῆσαι,
3769 4010 3869 4063 εὰν
3919 4010 3990 4079 μὴ

2417 4104 2589 4173 θύσῃς
2630 4104 2723 4153 καὶ
2780 4100 3079 4169 πληρώσῃς
3134 4099 3194 4153 τὸ
3248 4100 3592 4170 προσταχθέν
3632 4116 3717 4151 σοι
3747 4100 3857 4153 ὑπὸ
3889 4101 3994 4152 τῶν

2418 4194 2700 4262 ἀηττήτων
2724 4193 3147 4265 αὐτοκρατόρων
3184 4192 3473 4263 βασιλέων.
3519 4189 3778 4251 Ἀκάκιος
3808 4190 3993 4258 λέγει·

2402 4287 2481 4340 ,Εἰ
2514 4283 2824 4354 ἐφοϐούμην
2849 4301 2944 4337 σου
2968 4285 3065 4346 τὰς
3088 4282 3344 4348 ἀπειλὰς,
3375 4283 3485 4336 ἀπὸ
3529 4280 3756 4350 πρώτης
3784 4282 3854 4338 ἂν
3880 4299 3999 4335 πει-

2420 4378 2565 4439 σθείς
2591 4394 2672 4429 σοι
2702 4378 2920 4440 ἐποίουν
2943 4375 2973 4427 6
3005 4375 3182 4442 λέγεις
3202 4391 3219 4404 ο
3254 4373 3442 4442 ἐπειδὴ
3465 4371 3520 4423 δὲ
3548 4374 3575 4424 6
3604 4372 3869 4440 λογισμός
3896 4390 3995 4441 μου

2421 4470 2657 4523 καλλίων
2681 4486 2774 4520 σου
2814 4470 2931 4519 ἐστὶ
2968 4469 3061 4519 καὶ
3085 4468 3145 4518 οὐ
3172 4465 3449 4535 φοϐοῦμαί
3482 4482 3577 4517 σου
3609 4466 3710 4527 τὰς
3743 4466 3995 4528 ἀπειλὰς,

2352 4576 2395 4631 ι)
2427 4560 2566 4613 ποίει
2591 4558 2620 4610 6
2642 4558 2835 4619 θέλεις.

2476 4652 2594 4730 ἸΘἎ
2628 4651 2761 4704 Τότε
2803 4651 3077 4722 θυμωθεὶς
3110 4652 3138 4705 6
3174 4650 3437 4721 δικαστὴς
3469 4649 3654 4719 λέγει·
3699 4649 3865 4712 Θύεις
3890 4648 3998 4702 λοιο

2425 4745 2578 4813 πδνῆ
2612 4743 2691 4796 ἔτι
2722 4745 3005 4812 ἐπιμένεις
3039 4747 3102 4812 τῇ
3141 4746 3323 4815 μωρίᾳ
3363 4760 3492 4808 σου;
3536 4744 3794 4805 Ἀκάκιος
3826 4740 3997 4795 εἶπεν

2437 4831 2746 4899 Ἐπιμένεις
2778 4833 2842 4882 σὺ
2874 4833 3192 4901 ἀνθρώπους
3225 4834 3391 4901 μηδὲν
3423 4832 3741 4900 πράξαντας
3769 4834 3940 4884 κακὸν
3969 4832 4001 4897 ἦ

2423 4925 2811 4993 ἀδικήσαντας,
2840 4926 3040 4989 ἀδίκως
3063 4925 3235 4989 οὕτως
3263 4926 3608 4991 ἀναλίσκων;
3653 4927 3927 5001 Ἀκούσας
3949 4927 4003 4978 δὲ

2424 5017 2593 5070 ταῦτα
2615 5018 2643 5068 6
2665 5018 2946 5088 δικαστὴς,
2978 5019 3194 5073 κελεύει
3224 5020 3486 5089 μηλεῖνας
3523 5018 3755 5085 ῥάϐδους
3780 5019 4003 5089 ἐνεχθῆ-

2426 5127 2513 5162 ναι
2547 5112 2639 5162 καὶ
2669 5112 2810 5162 κατά
2845 5109 2939 5161 τοῦ
2981 5110 3150 5163 νώτου
3183 5111 3278 5162 καὶ
3309 5112 3406 5180 τῆς
3437 5110 3646 5171 κοιλίας
3698 5111 4004 5163 τύπτεσθαι

2426 5203 2613 5255 αὐτόν.
2678 5202 3045 5271 Ἀλλαγέντων
3071 5203 3126 5256 δὲ
3181 5202 3313 5255 δέκα
3351 5202 3659 5273 ἀνθρώπων
3689 5204 4005 5256 τυπτόντων

2426 5296 2608 5359 αὑτὸν,
2635 5297 2660 5347 6
2694 5296 2905 5367 μάρτυς
2931 5298 2989 5348 ἐν
3021 5297 3139 5357 ταῖς
3168 5296 3423 5364 βασάνοις
3452 5295 3580 5349 ἐϐόα
3614 5293 3826 5361 λέγων·
3868 5297 4003 5365 Χρια·

2428 5388 2537 5451 στὲ,
2568 5387 2751 5457 βοήθει
2784 5405 2873 5456 μοι
2904 5387 2980 5457 τῷ
3009 5387 3251 5459 ταπεινῷ
3291 5388 3466 5457 δούλῳ
3515 5403 3632 5439 σου.
3671 5387 3784 5439 Καὶ
3819 5388 4003 5456 θυμω-

2427 5480 2539 5544 θεὶς
2561 5483 2587 5533 6
2627 5481 2885 5551 δικαστὴς
2908 5480 3120 5533 κελεύει
3153 5481 3297 5533 κατὰ
3317 5482 3414 5549 τῆς
3450 5480 3665 5544 κοιλίας
3697 5481 4004 5535 τύπτεσθαι

2427 5575 2607 5627 αὐτόν.
2654 5575 2924 5641 Ἀλγήσας
2955 5574 3057 5626 δὲὸ
3102 5574 3373 5643 μακάριος
3406 5574 3673 5643 ἀνεϐόησε
3710 5578 3867 5644 φωνῇ
3909 5558 4004 5643 με·

2427 5666 2590 5736 γάλῃ,
2622 5667 2715 5717 καὶ
2763 5661 2950 5717 εἶπεν
3006 5664 3178 5733 Κύριε
3223 5666 3397 5734 Ἰησοῦ
3432 5665 3657 5735 Χριστὲ,
3712 5666 3905 5736 βοήθει
3935 5663 4005 5733 τῷ

2427 5756 2598 5826 δούλῳ
2637 5773 2730 5808 σου
2797 5757 3057 5827 Ἀκακίῳ.
3112 5757 3314 5810 Τούτου
3375 5759 3635 5829 ῥηθέντος
3687 5760 3782 5811 ὑπ’
3820 5757 4007 5824 αὑτοῦ,

2429 5850 2631 5915 εὐθέως
2662 5849 2818 5923 φωνὴ
2838 5851 2902 5904 ὲκ
2932 5849 3025 5906 τοῦ
3048 5850 3283 5923 ούρανοῦ
3308 5852 3526 5919 ἐγένετο
3557 5850 3799 5919 λέγουσα
3834 5850 4008 5921 αὐτῷ-
