4180 6486
184 434 290 501 ἓ37

1261 438 1437 497 νιΤΑ
1476 438 1535 497 S.
1585 437 1828 497 ACACII
1865 439 2344 500 CAPPADOCIS.

3321 447 3424 513 238

179 548 269 617 Μὴ
305 545 508 615 φοϐοῦ,
561 544 809 606 ’Ᾱκὰ’κιε,
844 544 980 597 ἀλλά
1012 544 1205 610 θάρσει
1227 561 1240 574 ο
1276 546 1335 597 σὲ
1377 546 1486 615 γὰρ
1513 548 1593 598 δεῖ
1630 545 1749 615 μετά

1868 556 1967 608 set,
2000 550 2184 601 statim
2214 564 2313 603 vox
2344 552 2407 603 de
2442 557 2578 604 coelo
2608 556 2770 613 venir,
2796 565 2857 607 ac
2889 551 3024 605 dixit
3063 571 3077 607 :
3116 552 3188 608 Ne
3215 554 3423 616 timeas.

172 642 279 691 τῶν
317 638 583 705 πατέρων
635 655 730 690 σου
790 638 1014 689 ἀπιέναι
1078 637 1173 689 καὶ
1227 637 1603 706 εὐφρανθῆναι
1637 632 1762 699 ὦδε,

172 730 301 780 ὅπου
334 726 433 779 νῦν
454 727 745 794 ὁμολογεῖς
768 727 827 777 τὸ
857 724 1029 792 ὄνομά
1065 741 1190 792 μου.
1216 726 1327 776 Kal.
1348 728 1645 796 γενομένης
1666 727 1764 794 τῆς

172 820 355 885 φωνῆς
424 818 661 884 ταύτης,
720 818 769 867 οί
820 815 1124 878 τύπτοντες
1171 817 1334 868 αὐτὸν
1388 820 1762 887 ναρκήσαντες

169 912 407 974 ἔστησαν
431 910 632 971 ὲννεοὶ,
672 907 748 977 μὴ
782 906 1080 974 δυνάμενοι
1139 909 1237 967 τὰς
1272 910 1463 975 χεῖρας
1517 908 1756 971 κινῆσαι,

168 999 305 1052 ὥστε
352 1004 447 1052 ἑπί
474 1001 635 1052 τοῦτο
679 997 1065 1067 ἀπορρηθῆναι
1102 996 1194 1049 τὸν
1250 999 1509 1066 ἄρχοντα,
1543 999 1636 1050 καὶ
1667 998 1761 1050 θυ-

170 1091 420 1159 μωθῆναι
482 1092 707 1159 σφόδρα,
741 1089 839 1140 καὶ
882 1088 1103 1155 πέμψαι
1164 1088 1255 1139 τον
1302 1087 1459 1155 ἅγιον
1508 1089 1759 1141 Ἀκάκιον

164 1181 455 1249 Φλακκενῳ
483 1180 561 1247 τῷ
587 1180 892 1247 ἀνθυπάτῳ
914 1179 1013 1247 τῆς
1040 1178 1319 1248 Εὐρώπης
1346 1180 1487 1247 μετά
1512 1182 1756 1238 καὶάνα-

168 1273 337 1340 popa;
373 1271 676 1337 γράψαντα
705 1268 904 1332 οὕτως’

229 1546 315 1601 ις’.
346 1548 439 1615 Τῷ
474 1549 619 1600 κατά
663 1547 840 1600 πάντα
885 1547 1331 1616 θαυμασιωτάτῳ
1381 1548 1474 1601 καλ⁵
1511 1546 1758 1616 μεγίστῳ

159 1639 390 1708 δικαστῇ
422 1637 713 1707 Φλακκίνῳ
745 1637 1044 1705 ἀνθυπάτῳ
1100 1639 1351 1701 Βιδιανὺς
1402 1640 1429 1690 ὁ
1458 1639 1756 1705 αίδεσιμώα

160 1747 319 1791 τατος
363 1729 696 1792 καθολικὸς·
758 1727 1017 1780 Ἀκάκιοδ
1069 1727 1160 1778 τὸν
1218 1728 1319 1795 τῆς
1366 1726 1599 1787 ἀσεϐοῦς
1629 1725 1757 1794 θρη-

161 1823 350 1881 σκείας
385 1820 498 1873 τῶν
540 1820 886 1889 Χριστιανῶν
938 1818 1241 1887 συνήγορον
1291 1817 1622 1885 πεμφθέντα
1661 1833 1751 1885 μοι

160 1913 308 1981 παρά
334 1914 570 1980 Φήρμου
623 1911 716 1962 τοῦ
752 1911 1047 1977 ταξιάρχου
1101 1910 1208 1960 τῶν
1236 1909 1476 1979 ἀριθμοῦ
1510 1909 1742 1976 Μαρτηο

159 2006 287 2056 σίων
315 2002 413 2054 καὶ
454 2004 530 2069 μὴ
558 2002 885 2070 βουλόμενον
936 2001 1109 2053 εἴκειν
1153 2004 1266 2063 τοῖς
1323 2000 1756 2068 προσταχθείσιν

156 2096 219 2146 τά
260 2095 416 2162 παρὰ
470 2093 581 2144 τῶν
638 2094 925 2159 ἀηττήτων
977 2090 1246 2159 βασιλέων
1287 2092 1468 2159 ἡμῶν·
1505 2093 1615 2157 πρὸ
1640 2091 1753 2157 γὰρ

156 2192 360 2238 τούτων
390 2183 502 2235 τῶν
552 2184 725 2234 εἴκοσι
767 2182 993 2249 ἡμερῶν
1030 2182 1415 2232 ἀποσταλέντα
1445 2181 1751 2248 δεξάμενος

156 2276 314 2330 αὐτὸν
347 2278 441 2327 καὶ
475 2274 750 2343 στιϐαρῶς
785 2271 881 2339 τὴν
911 2272 1030 2322 κατ’
1058 2271 1226 2323 αὑτοῦ
1256 2272 1552 2342 ἀνάκρισιν
1588 2283 1753 2339 ποιη-

157 2376 415 2435 σάμενος,
472 2365 626 2418 οὐδὲν
677 2364 839 2416 πλέον
873 2364 1071 2432 ἴσχυσα
1111 2363 1409 2432 ἐνεργῆσαι
1463 2365 1543 2425 εἰς
1583 2363 1755 2415 αὑτὸν

154 2459 292 2526 πλὴν
325 2459 535 2519 κόπους
564 2458 656 2508 καὶ
686 2455 888 2525 θυμόν·
922 2452 1017 2506 τοῦ
1049 2454 1424 2521 προκειμένου
1450 2454 1560 2522 γὰρ
1579 2450 1751 2506 αὐτοῦ

158 2548 365 2601 σκοποῦ
413 2548 603 2618 ἔχεται
664 2546 961 2615 ἐπιμελῶς.
1018 2546 1176 2597 Ἐπεὶ
1215 2544 1311 2596 οὖν
1338 2545 1499 2595 πλέον
1524 2546 1551 2595 ὁ
1585 2544 1754 2609 φόϐος

156 2643 452 2710 πρόσεστιν
484 2644 548 2709 τῇ
583 2638 813 2707 μεγίστῃ
836 2654 931 2688 σου
956 2637 1203 2705 ἐξουσίᾳ,
1230 2634 1420 2686 τοῦτον
1461 2636 1601 2703 μετά
1635 2636 1749 2687 τῶν

155 2733 515 2801 πραχθέντων
572 2731 651 2789 είς
712 2727 873 2779 αὑτὸν
943 2727 1094 2796 παρὰ
1155 2729 1220 2795 τῇ
1272 2727 1379 2794 ἐμῇ
1438 2725 1747 2795 βραχύτητι

153 2802 455 2875 ἀπέστειλα
488 2822 582 2872 ἐπὶ
616 2820 715 2886 τὴν
755 2818 1019 2889 μεγίστην
1064 2835 1161 2870 σου
1205 2816 1478 2881 ἐξουσίαν,
1524 2818 1748 2882 αίκίσας

153 2915 313 2967 αὑτὸν
347 2914 584 2965 πλεῖστα
609 2911 795 2964 ὲκ.τοῦ
819 2908 1178 2979 δικαστηρδου
1212 2909 1308 2961 καὶ
1349 2908 1525 2970 οὕτως
1562 2922 1746 2977 παρα-

155 3006 380 3075 πέμψας
420 3008 525 3076 τὴν
556 3004 915 3074 λαμπρότητά
949 3018 1041 3053 σου
1066 3018 1079 3030 δ
1109 3000 1284 3062 οὕτως
1326 3000 1463 3051 κατὰ
1491 3000 1589 3069 τὴν
1630 3001 1743 3051 τῶν

155 3097 454 3163 βισιλικῷν
476 3095 919 3160 προσταγμάτων
937 3092 1182 3156 διάταξιν
1202 3090 1431 3159 πράξεις
1451 3091 1529 3152 είς
1550 3089 1737 3145 αὐτόν.

1868 640 2051 700 Aeaci.
2104 641 2195 695 sed
2235 652 2354 700 esto
2394 642 2533 696 bono
2578 644 2791 707 animo;
2840 644 2997 698 decet
3045 646 3187 700 enim
3223 655 3275 702 te
3306 663 3425 702 cum

1868 731 2109 796 patribus
2150 733 2253 787 tuis
2284 747 2422 794 esse,
2458 743 2510 786 et
2538 734 2675 787 cmlo
2712 744 3015 789 versantem
3046 738 3327 805 oblectari,
3366 758 3428 795 eo

1866 823 2009 889 quod
2058 838 2197 877 nunc
2242 824 2477 878 nominis
2524 825 2624 878 mei
2672 826 3063 880 confessionem
3105 833 3425 897 prolitearis.

1866 914 1995 967 Cum
2027 915 2139 968 haec
2170 930 2268 969 vox
2298 916 2481 969 audita
2512 926 2675 981 esset,
2705 918 2951 973 homines
2996 902 3185 989 illiqui
3222 936 3426 995 marty-

1867 1018 1976 1057 rem
2008 1006 2382 1071 verberabant,
2411 1014 2781 1073 torpescentes
2809 1016 3060 1077 tanquam
3094 1013 3222 1064 muti
3254 1012 3424 1069 elTeeti

1866 1102 2013 1160 sunt,
2046 1112 2219 1165 neque
2249 1112 2439 1151 manus
2471 1098 2614 1165 ipsas
2642 1098 2872 1165 amplius
2908 1115 3123 1154 movere
3162 1112 3426 1172 poteram,

1864 1186 1934 1239 ita
1991 1186 2236 1255 utjudex
2288 1188 2399 1256 ipse
2436 1189 2753 1255 ambigeret,
2809 1200 2862 1243 et
2916 1190 3097 1245 furore
3151 1209 3425 1256 accensus.

1861 1286 2103 1329 sanctum
2142 1274 2288 1329 illum
2325 1288 2611 1346 martyrem
2644 1278 2898 1332 Acacium
2936 1282 2998 1334 ad
3032 1282 3235 1349 majora
3281 1268 3431 1354 judi-

1861 1368 1965 1430 cia,
2014 1369 2115 1421 hoc
2144 1377 2246 1428 est,
2285 1369 2349 1420 ad
2393 1368 2704 1421 Flacciuum
2752 1374 3127 1437 proconsulem
3183 1372 3430 1429 Thraciae

1865 1458 2122 1521 mitteret,
2155 1458 2244 1526 qui
2287 1467 2339 1511 et
2374 1458 2685 1511 relationem
2725 1460 2883 1513 talem
2917 1462 2982 1515 ad
3017 1477 3137 1516 eum
3176 1466 3425 1531 scripsit:

1932 1547 2049 1603 XX.
2082 1550 2404 1603 Admirabili
2433 1562 2487 1603 et
2520 1551 2754 1606 maximo
2794 1552 2963 1621 judici
3010 1552 3261 1611 Flaceino
3310 1574 3431 1627 pro-

1860 1639 2091 1701 consuli,
2130 1638 2388 1693 Bibianus
2425 1640 2810 1707 imperatorum
2861 1645 3236 1702 devotissimus
3286 1657 3433 1703 salu-

1860 1735 1966 1780 tem
2028 1744 2042 1779 :
2098 1728 2382 1790 Acacium,
2423 1728 2600 1794 impiae
2660 1732 3091 1787 Christianorum
3160 1738 3433 1807 religionis

1859 1824 2171 1882 patronum,
2207 1834 2233 1869 a
2267 1816 2451 1870 Firmo
2487 1816 2691 1872 Martiae.
2732 1821 2957 1891 legionis
3001 1826 3219 1881 tribuno
3246 1833 3311 1883 ad
3350 1844 3433 1884 me

1862 1909 2115 1968 missum.
2142 1925 2313 1977 neque
2341 1910 2607 1965 volentem
2644 1914 2705 1967 iis
2732 1912 2941 1982 parere,
2971 1933 3085 1985 qum
3121 1922 3186 1974 ab
3217 1921 3434 1975 invictis

1862 1995 2281 2064 imperatoribus
2330 2002 2533 2051 nostris
2585 2014 2845 2070 przecepta
2901 2017 3044 2069 sunt,
3078 2023 3195 2059 cum
3251 2010 3431 2077 viginti

1865 2087 2060 2139 diebus
2091 2075 2215 2139 ante
2251 2088 2314 2139 ad
2348 2104 2431 2141 me
2464 2092 2680 2143 missmn
2715 2095 3034 2161 acceperim,
3062 2108 3115 2149 et
3149 2100 3437 2153 vehemen—

1863 2186 1945 2229 ter
1997 2181 2061 2230 de
2111 2179 2224 2242 ipso
2269 2180 2657 2247 ittqnisiverim,
2711 2185 2841 2237 nihil
2893 2188 3120 2256 amplius
3169 2190 3371 2257 profeci
3420 2210 3434 2246 :

1862 2267 2127 2334 propositi
2153 2267 2298 2319 enim
2329 2268 2405 2321 sui
2439 2278 2593 2322 tenax
2623 2283 2726 2325 est.
2749 2276 3014 2337 Quoniam
3044 2293 3168 2329 vero
3197 2287 3437 2346 potestas

1865 2370 1955 2412 tua
1991 2360 2108 2428 plus
2143 2360 2360 2413 timoris
2395 2360 2586 2416 aliut-re
2618 2372 2813 2431 petest,
2848 2377 3126 2435 propterea
3166 2370 3436 2425 hominem

1863 2455 2007 2505 hunc
2030 2467 2159 2503 cum
2195 2453 2350 2517 actis,
2394 2468 2511 2520 qua:
2542 2454 2608 2507 de
2657 2456 2746 2510 illo
2778 2473 2807 2510 a
2838 2474 2922 2512 me
2952 2463 3241 2528 composita
3288 2474 3436 2524 sunt,

1865 2557 1991 2593 cum
2038 2554 2088 2595 te
2146 2543 2650 2611 praestantissimum
2688 2546 2858 2598 virum
2893 2562 3012 2602 esse
3044 2550 3233 2614 sciam,
3281 2554 3346 2604 ad
3392 2561 3442 2605 te

1863 2634 2008 2685 misi.
2042 2634 2178 2685 Cum
2215 2634 2374 2701 igitur
2406 2633 2687 2690 Flaccinus
2724 2637 2821 2691 bas
2870 2638 3079 2693 litteras
3120 2645 3438 2710 accepisset,

1853 2720 2018 2788 jussit
2036 2734 2332 2793 martyrem
2358 2727 2408 2777 in
2435 2742 2652 2780 carcere
2678 2732 2893 2798 quidem
2917 2735 3181 2796 concludi,
3205 2737 3297 2789 sed
3326 2753 3442 2790 ser-

1858 2815 1975 2866 vari
2008 2824 2187 2867 tamen
2214 2815 2330 2869 sine
2370 2816 2616 2880 vinculis,
2646 2828 2701 2871 et
2732 2832 2932 2873 remota
2960 2823 3196 2877 custodia
3225 2826 3440 2879 illatam

1857 2907 2052 2959 atroci.
2096 2905 2332 2960 Uxorem
2384 2909 2524 2961 enim
2559 2909 2923 2964 Christianam
2962 2912 3239 2970 Flacciuus
3268 2916 3439 2970 habe-

1857 2997 1972 3059 bat,
2008 3014 2033 3049 a
2071 3013 2179 3063 qua
2232 3010 2472 3068 rogatus,
2505 3009 2559 3054 et
2598 2998 2954 3069 jurejurando
2998 3004 3141 3059 clam
3186 3007 3443 3063 astrictus

1849 3097 2053 3157 fuerat,
2094 3097 2151 3138 ut
2185 3090 2272 3155 qui
2297 3099 2515 3156 propter
2544 3091 2743 3143 Christi
2771 3094 2926 3145 ﬁdem
2957 3094 3024 3147 ab
3056 3096 3169 3163 ipso
3203 3098 3446 3163 inquire-

152 3186 434 3256 ”Eppwao.
498 3184 806 3253 Δεξάμενος
854 3184 909 3234 δὲ
949 3183 1300 3243 ὁΦλακκῖνος
1329 3182 1398 3233 τά
1432 3183 1744 3249 γράμματα

1856 3183 2080 3245 bantur,
2137 3194 2246 3235 non
2308 3180 2419 3247 diu,
2479 3196 2655 3251 neque
2706 3183 2932 3237 multum
2977 3187 3047 3240 ab
3113 3200 3182 3241 eo
3225 3190 3442 3244 crucia-

151 3276 241 3329 τοῦ
286 3275 574 3337 Βιδιανοῦ,
628 3273 906 3325 ἐκέλευσεν
974 3271 1359 3340 ἐγκλεισθῆναι
1415 3273 1507 3322 τὸν
1563 3271 1722 3336 ἅγιον

1855 3284 2066 3327 Γοιιιυΐ.

154 3368 411 3438 μάρτυρα
444 3368 712 3419 Ἀκάκιον
744 3365 873 3417 ἄνευ
898 3362 1117 3433 δεσμῶν
1175 3366 1232 3416 ὲν
1293 3364 1357 3432 τῇ
1406 3353 1651 3432 ὶρυλακῇ.
1694 3365 1947 3419 Γυναῖκα
1990 3364 2097 3431 γὰρ
2155 3360 2305 3432 εἶχεν
2356 3364 2383 3414 ὁ
2436 3364 2739 3426 Φλακκῖνος
2798 3368 3157 3439 Χριστιανὴν,
3214 3373 3310 3426 καὶ
3342 3354 3442 3445 ἧν

151 3462 407 3527 ἀξιωθεὶς
447 3463 545 3514 καὶ
575 3459 850 3527 ὁρκισθεὶς
883 3457 1061 3526 λάθρα
1096 3456 1225 3527 παρ’
1290 3455 1486 3524 αὐτῆς,
1513 3455 1654 3507 ὥστε
1708 3456 1803 3510 διὰ
1836 3453 1932 3509 τὸν
1966 3453 2122 3523 λόγον
2157 3454 2254 3509 τοῦ
2308 3454 2549 3527 Χριστοῦ
2618 3457 2748 3519 παρ’
2794 3458 2960 3510 αὐτοῦ
3016 3460 3443 3533 ἐξεταζομένους

155 3560 231 3631 μὴ
261 3561 354 3611 ἐπὶ
386 3557 530 3608 πολὺ
568 3553 928 3621 τιμωρεῖσθαι
956 3552 1090 3618 παρ’
1122 3549 1310 3603 αὑτοῦ.

224 3645 354 3703 KA'.
384 3644 549 3697 Μετὰ
574 3638 667 3710 οὖν
699 3641 863 3704 ἄλλας
894 3642 1058 3691 πέντε
1084 3640 1299 3709 ἡμέρας
1333 3640 1681 3708 προκαθίσας
1718 3644 1746 3694 ὁ

152 3739 469 3796 avemus;
522 3733 819 3791 Φλακκῖνος
875 3731 968 3782 ἐπὶ
999 3729 1095 3782 τοῦ
1135 3730 1404 3799 βήματος,
1458 3731 1745 3785 ἐκέλευσεν

150 3829 441 3899 ἐνεχθῆναι
465 3827 561 3877 τὸν
606 3825 877 3893 μάρτυρα.
922 3821 1027 3873 Ὶ“οῦ
1071 3822 1128 3872 δὲ
1160 3820 1432 3881 ἐλθόντος,
1472 3822 1735 3891 πνροσέτα-

150 3925 236 3986 ξεν
274 3918 707 3986 ἀναγνωσθῆναι
765 3914 833 3965 τὰ
865 3913 949 3965 ἐπ’
986 3912 1134 3981 αὑτῷ
1176 3913 1549 3981 πεπραγμένα
1586 3914 1743 3981 παρὰ

148 4009 426 4066 Βιδιανοῦ,
459 4008 553 4056 καὶ
582 4002 1040 4068 ἀναγνωσθέντων
1068 4003 1271 4066 αὐτῶν,
1314 4002 1392 4061 ὡς
1420 4003 1741 4067 κατέμαθεν

144 4099 457 4166 samo-tt);
495 4089 595 4166 τὴν
630 4096 932 4163 αὐστηρίαν
964 4095 1061 4162 τῆς
1089 4096 1176 4145 ἐπ’
1216 4092 1366 4159 αὺτῷ
1408 4088 1742 4153 ἐξετάσεως,

145 4193 243 4261 τήν
273 4207 333 4241 τε
372 4188 638 4241 ἔνστασιν
664 4188 759 4239 καὶ
782 4186 974 4254 ἀκλινῆ
1010 4184 1303 4253 ὁμολογίαν
1335 4180 1430 4234 τοῦ
1459 4186 1747 4252 μάρτυρος

147 4266 237 4336 κᾶι
266 4284 379 4336 τῶν
409 4282 502 4334 ἐπ’
537 4279 689 4345 αὐτῷ
715 4278 1019 4345 γεγονότων
1068 4276 1391 4345 παραδόξων
1417 4273 1749 4353 θαυμάτων,

144 4376 545 4443 αίτιασάμενος
586 4371 678 4421 τὸν
730 4369 981 4420 Βιϐιανὸν
1044 4366 1117 4426 ὡς
1172 4366 1248 4433 μὴ
1311 4366 1530 4431 τάχειον
1584 4364 1750 4413 αὑτὸν

143 4470 429 4529 ἀνελόντα,
466 4465 587 4517 ἀλλ’
642 4463 722 4523 είς
752 4460 1020 4527 τοσαύτην
1058 4457 1351 4526 ἀκρίδειαν
1407 4456 1500 4508 καὶ
1536 4453 1751 4525 ἐπερώ-

1924 3638 2069 3694 ΧΧΙ.
2117 3638 2293 3694 Jussit
2338 3640 2498 3709 igitur
2546 3639 2833 3695 Flaccinus
2871 3650 2991 3708 post
3035 3642 3271 3713 quinque
3325 3644 3443 3699 dies

1850 3730 2111 3786 Acacium
2140 3742 2438 3800 martyrem
2466 3732 2531 3781 ad
2564 3744 2622 3783 se
2649 3731 2792 3793 duci,
2820 3740 2873 3784 et
2901 3732 3017 3800 ejus
3049 3746 3166 3787 acta
3200 3739 3441 3801 recitari,

1852 3835 1979 3890 qure
2029 3820 2288 3875 Bibianus
2325 3818 2658 3876 confecerat.
2701 3822 2905 3887 Quibus
2967 3827 3225 3891 recitatis,
3259 3828 3442 3896 inqui-

1850 3912 2088 3975 sitionis,
2124 3926 2248 3979 qua:
2292 3926 2320 3963 a
2357 3909 2585 3965 Bibiano
2635 3911 2775 3965 faeta
2813 3914 3011 3979 fuerat,
3064 3920 3440 3972 austeritatem

1849 4014 1904 4056 et
1935 4006 2193 4073 martyris
2221 4006 2611 4066 constantiam,
2637 4006 2996 4073 stabilemque
3018 4009 3438 4073 confessionem,

1846 4107 1904 4148 et
1938 4096 2201 4151 miracula
2239 4112 2330 4164 per
2361 4099 2535 4164 ipsum
2566 4095 2703 4149 facta
2735 4099 3010 4168 cognovit,
3051 4098 3441 4175 Bibianumque

1851 4186 2155 4248 accusavit,
2207 4187 2344 4251 quod
2410 4199 2515 4237 non
2579 4185 2833 4237 celeriter
2887 4199 3008 4238 eum
3064 4187 3435 4253 interfecerat.

1850 4276 1944 4326 sed
1986 4270 2091 4325 iatn
2128 4276 2394 4339 exquisite
2432 4275 2693 4327 adversus
2729 4274 3013 4328 militarem
3060 4276 3330 4332 hominem
3371 4294 3433 4333 se

1850 4373 2133 4431 gesserat;
2177 4364 2447 4431 jussitque
2500 4366 2754 4433 martyris
2816 4377 2976 4431 caput
3025 4368 3265 4421 abscindi
3313 4380 3441 4424 ante

1861 4458 2045 4513 urbem
2096 4457 2438 4526 Byzantium,
2478 4458 2549 4511 ita
2599 4458 2954 4525 pronuntians
2996 4472 3010 4509 :
3048 4460 3301 4513 Acacium
3335 4460 3441 4514 Ga-

141 4576 298 4627 τησιν
331 4557 478 4626 πρὸς
502 4552 790 4621 ἄνθρωπον
820 4550 1157 4619 στρατιώτην
1178 4547 1546 4615 πεποιηκότα,
1575 4564 1745 4615 προσ-

1861 4551 2119 4601 lilzeorum
2183 4550 2510 4616 adjutorem,
2566 4560 2620 4601 et
2679 4558 2983 4602 nostrorum
3058 4554 3436 4621 imperatorum

144 4652 297 4716 έταξε
325 4649 480 4715 ξίφει
510 4634 902 4711 ἀποτμηθῆναι
931 4642 1028 4708 τὴν
1059 4641 1302 4709 κεφαλὴν
1334 4636 1429 4689 τοῦ
1466 4639 1747 4705 μάρτυρος

142 4744 248 4811 πρὸ
273 4736 634 4807 τῆς,πὸλεως
668 4732 991 4796 Βυζαντίου,
1040 4732 1212 4783 εἰπών
1240 4748 1254 4761 ⁸
1321 4732 1606 4792 Ἀκάκιον,
1655 4728 1748 4781 τὸν

142 4834 250 4885 τῶν
300 4828 621 4883 Γαλιλαίων
676 4827 969 4894 σύμμαχον
1004 4824 1097 4874 καὶ
1158 4823 1646 4887 λιποτακτήσαντα
1673 4823 1738 4888 τῇ

145 4922 446 4993 συμμαχίᾳ
504 4919 617 4987 τῶν
670 4914 1050 4987 τροπαιουχων
1092 4913 1521 4984 αὐτοκρατόρων
1566 4904 1746 4978 ἡμῶν,

142 5016 238 5085 βία
272 5012 455 5082 ταύτῃ
485 5011 693 5079 μᾶλλον
725 5006 1101 5074 αἱρησάμενον
1140 5007 1200 5058 τὸ
1240 5007 1397 5065 τέλος
1429 5001 1595 5055 αὑτοῦ
1629 5003 1749 5053 θάτ-

142 5127 235 5163 τον
275 5106 432 5171 ίδείν,
488 5104 566 5164 ὡς
600 5104 635 5170 ἡ
659 5100 778 5153 κατ’
811 5100 973 5151 αὑτὸν
1018 5096 1269 5159 ἐξέτασις
1325 5097 1436 5149 τῶν
1467 5096 1743 5165 στρέϐλων

147 5204 221 5271 μὴ
260 5198 598 5266 πειθόμενον
640 5193 783 5259 ξίφει
812 5194 909 5259 τὴν
946 5192 1188 5261 κεφαλὴν
1222 5189 1603 5255 ἀποκοπῆναι.

214 5291 347 5343 KB’.
402 5290 495 5348 Ὧς
522 5285 581 5337 δὲ
612 5283 752 5350 ἔγνω
786 5283 813 5333 ὁ
862 5283 1131 5352 μακάριος
1164 5283 1267 5348 τῆς
1309 5283 1557 5349 κλήσεως
1581 5280 1745 5333 αὐτοι

144 5382 531 5451 τελειούμενον
586 5375 651 5425 τὸ
716 5373 915 5443 ἔργον,
977 5371 1397 5442 βραϐεύσαντος
1449 5369 1600 5438 αὐτῷ
1651 5370 1744 5421 τοῦ

150 5474 473 5542 Πνεῦματος
503 5466 600 5520 τοῦ
637 5464 814 5531 ἁγίου,
843 5463 1144 5530 ἀνεὸόησεν
1175 5461 1276 5515 καὶ
1310 5458 1467 5515 εἶπεν
1493 5475 1507 5490 ο
1556 5461 1620 5511 Ὠ
1648 5460 1746 5511 πό..

147 5582 259 5628 σοις
282 5565 551 5633 στόμασι,
586 5556 818 5627 Χριστὲ,
866 5553 1148 5623 εὐλογήσω
1202 5568 1285 5618 σε,
1325 5551 1479 5619 ζωῆς
1510 5550 1742 5621 ἀρχηγὲ,

148 5660 239 5712 Υἱὲ
265 5654 365 5708 τοῦ
400 5652 545 5705 Θεοῦ
590 5647 688 5701 τοῦ
740 5647 961 5709 ζῶντος,
995 5645 1080 5696 ὅτι
1135 5645 1311 5709 οὕτως
1378 5641 1627 5716 ἐλεήμων
1660 5644 1754 5695 καὶ

150 5750 515 5824 μακροθυμος
541 5737 594 5795 εἷ
630 5741 717 5794 ἐπ’
741 5738 863 5808 ἐμὲ,
892 5738 981 5789 τὸν
1010 5736 1363 5808 ἁμαρτωλὸν,
1402 5735 1483 5799 είς
1514 5732 1757 5820 τοιοῦτον

150 5820 350 5917 λιλῆρον
386 5832 749 5901 καταξιώσας
793 5847 878 5899 με.
936 5830 1044 5881 Καὶ
1079 5827 1351 5897 ἀπαχθεὶς
1387 5826 1496 5892 ἔξω
1526 5827 1625 5897 τῆς
1661 5826 1756 5877 πό·-

1862 4640 2077 4707 tropreis
2130 4639 2424 4707 insignium
2466 4640 2818 4701 desertorem,
2853 4644 2940 4709 qui
2997 4657 3218 4711 operam
3268 4646 3435 4705 dedit,

1857 4742 1913 4783 ut
1936 4734 2334 4799 quamprimum
2372 4734 2493 4784 vita:
2520 4747 2629 4784 suae
2657 4735 2815 4786 linem
2853 4734 3011 4791 talem
3043 4736 3265 4801 videret,
3294 4738 3438 4792 sicut

1854 4821 2175 4887 quwstiones
2211 4821 2275 4873 de
2313 4837 2377 4875 eo
2414 4824 2569 4875 facta:
2598 4823 2899 4877 docuerunt
2935 4840 2947 4875 :
2988 4826 3152 4885 hunc.
3186 4828 3431 4895 inQnatn,

1859 4914 2128 4965 hominem
2166 4914 2367 4980 legibus
2403 4929 2505 4965 non
2541 4914 2879 4967 obedientem
2915 4916 3150 4971 tribunal
3185 4930 3427 4972 nostrum

1853 5003 2005 5069 jubet
2039 5003 2212 5069 gladio
2246 5002 2476 5069 percuti,
2511 5013 2564 5054 et
2596 5004 2773 5071 capite
2809 5005 3028 5077 privari.

1784 5094 2058 5158 ἐδίδαξεν,
2131 5092 2318 5146 τοῦτον
2351 5096 2562 5149 κελεύει
2593 5098 2654 5149 τὸ
2700 5098 3052 5168 δικαστήριον
3108 5102 3216 5163 τοῖς
3247 5102 3432 5173 νόμοις

1926 5274 2090 5329 XXII.
2128 5277 2316 5331 Postea
2355 5291 2502 5339 vero,
2540 5294 2698 5345 quam
2749 5279 2937 5335 beatus
2985 5280 3218 5335 Aeacius
3270 5298 3430 5336 voca-

1857 5368 2019 5421 tionis
2082 5383 2194 5421 sua:
2248 5382 2383 5435 opus
2436 5369 2658 5438 jatnjam
2719 5372 3102 5439 perliciendum
3159 5377 3427 5441 cognovit,

1857 5459 2061 5526 Spiritu
2120 5467 2311 5511 sancto
2366 5459 2437 5511 ita
2489 5462 2836 5523 decernente,
2889 5462 3130 5517 clamans
3180 5466 3257 5518 sic
3301 5466 3425 5518 ait:

1852 5550 2021 5616 Quam
2074 5550 2256 5601 tnultis
2312 5552 2505 5618 linguis
2561 5563 2609 5605 te
2661 5554 2879 5609 laudare
2928 5554 3142 5623 vellem,
3192 5555 3425 5620 Christe,

1854 5642 1965 5696 Dux
2004 5642 2146 5704 vitae,
2180 5650 2235 5694 et
2284 5638 2385 5693 Fili
2429 5644 2542 5709 Dei,
2584 5647 2837 5712 quoniam
2890 5648 2962 5700 ita
3020 5648 3326 5701 misericors
3374 5658 3427 5698 et

1853 5733 2119 5800 benignus
2155 5746 2214 5786 es
2250 5732 2299 5784 in
2336 5747 2420 5785 me
2474 5736 2705 5801 peccatis
2756 5737 3070 5804 obnoxium,
3102 5740 3190 5807 qui
3242 5749 3294 5791 et
3334 5739 3424 5793 tali

1856 5837 2001 5882 sorte
2037 5839 2121 5880 tne
2174 5824 2424 5892 dignatus
2481 5826 2648 5883 fuisti.
2702 5828 2940 5899 Cumque
2991 5832 3183 5887 ductus
3238 5830 3423 5887 fuisset
