4180 6502
763 472 869 535 243

2075 466 2351 525 MENSIS
2394 465 2654 523 MAIUS.

3889 447 3990 508 2U

766 583 870 635 bus
902 582 970 649 (is
999 587 1116 635 erat
1150 579 1379 650 pulcher
1404 580 1745 644 Bonifacius,
1773 595 1879 634 non
1909 578 2112 646 ingenii
2146 579 2322 630 solum

2430 576 2524 627 καὶ
2549 578 2611 643 τῇ
2650 575 2783 640 πρὸς
2834 572 3001 640 αὐτὴν
3055 569 3258 639 ευνοίᾳ,
3294 565 3472 634 πολλῷ
3498 565 3552 619 δὲ
3581 563 3672 617 καὶ
3703 560 3989 631 ὡραιότητι

765 673 988 728 solertia
1021 680 1077 726 et
1126 673 1176 725 in
1227 688 1347 726 eam
1388 672 1790 733 benevolentia,
1856 670 1951 725 sed
2021 671 2182 723 etiam
2219 668 2321 720 alia

764 770 949 832 specie
981 765 1139 833 longe
1170 765 1461 832 superans)
1488 780 1597 817 non
1632 764 1881 818 honestis
1908 763 2165 816 utebatur
2192 776 2325 813 con-

761 854 1167 920 gressionibus;
1211 870 1317 907 non
1351 854 1618 908 erubesco
1651 855 1795 909 enim
1828 855 1943 908 haec
1969 854 2171 915 dicere,
2200 866 2322 905 cum

763 946 921 1009 paulo
956 954 1077 1013 post
1112 948 1314 1015 possim
1356 945 1646 998 ostendere
1709 962 1837 999 vere
1871 944 2112 997 divinam
2152 940 2325 993 etad-

761 1034 1063 1086 mirabilem
1115 1035 1495 1087 mutationem.
1563 1034 1780 1102 Alioqui
1840 1037 2020 1086 adtem
2106 1047 2133 1105 a
2197 1031 2324 1082 vino

757 1125 977 1194 quidem
1023 1133 1079 1180 et
1103 1126 1380 1180 amoribus
1421 1127 1742 1179 vincebatur
1781 1128 1850 1177 ab
1892 1125 2047 1176 initio
2085 1139 2098 1175 :
2135 1122 2229 1174 sed
2267 1132 2322 1174 et

761 1219 1005 1285 pecuniae
1051 1226 1168 1270 erat
1230 1228 1574 1286 contemptor
1639 1215 2231 1285 magniﬁcentissimos,
2271 1223 2324 1266 et

756 1309 825 1363 ad
851 1325 944 1362 cas
966 1311 1254 1384 egentibus
1272 1309 1680 1363 distribuendas
1704 1311 1861 1375 longe
1884 1305 2322 1364 liberalissimus,

759 1408 816 1453 et
852 1400 1210 1469 hospitalitati
1262 1401 1499 1464 deditus,
1531 1402 1573 1454 si
1604 1400 1745 1453 ullus
1784 1400 1944 1450 alius.
1989 1398 2044 1449 Si
2107 1393 2324 1461 quando

755 1506 886 1559 ergo
932 1492 1158 1547 vidisset
1217 1494 1430 1560 aliquos
1484 1508 1548 1546 ex
1586 1481 1911 1553 via-toribus,
1947 1498 2040 1540 aut
2089 1494 2223 1538 aestu
2270 1492 2324 1541 et

759 1582 850 1634 siti
892 1584 1185 1650 cliquatos,
1241 1594 1335 1635 aut
1368 1582 1493 1638 nive
1529 1594 1583 1635 et
1630 1582 1834 1650 frigore
1897 1586 2205 1638 concretos,
2232 1587 2324 1629 aut

754 1675 858 1727 alia
890 1675 1098 1730 ratione
1147 1676 1346 1730 itinere
1378 1685 1651 1743 gravatos,
1690 1674 1805 1740 ipse
1838 1671 2100 1723 festinans
2135 1668 2323 1721 hilari-

757 1776 840 1815 ter
861 1765 940 1816 cis
972 1766 1084 1817 ibat
1112 1767 1351 1830 obviam,
1387 1775 1442 1817 et
1467 1766 1691 1833 rogabat
1721 1773 1779 1816 ut
1806 1778 1832 1815 a
1863 1761 2047 1814 labore
2102 1760 2323 1838 requie-

756 1867 976 1911 scerent
1005 1875 1017 1911 :
1055 1867 1108 1912 et
1140 1874 1263 1911 cum
1296 1860 1610 1917 cessissent.
1644 1859 1694 1910 in
1722 1856 1943 1909 domum
1972 1871 2124 1909 suam
2150 1855 2322 1907 intro-

756 1951 952 2003 ductos
990 1950 1227 2020 hospitio
1275 1952 1507 2021 benigne
1573 1950 1902 2020 accipiebat.
1957 1948 2220 2002 etverbis
2269 1954 2325 1999 ct

753 2040 914 2094 factis
938 2057 1131 2095 eorum
1170 2059 1387 2097 onmem
1431 2043 1784 2111 propulsabat
1815 2039 2145 2092 molestiam.
2200 2036 2324 2091 Haec

753 2132 918 2185 etiam
944 2141 1071 2186 ante
1099 2135 1420 2203 martyrium
1451 2132 1723 2187 ornabant
1753 2131 2113 2184 Bonifacium.
2138 2128 2323 2197 Neque

750 2230 836 2274 est
865 2221 955 2276 ille
988 2223 1332 2277 solummodo
1365 2221 1762 2276 examinandos
1794 2231 1849 2274 et
1903 2218 2236 2288 spectandus
2259 2232 2326 2276 ex

752 2313 912 2369 aliis:
937 2313 1032 2366 sed
1061 2323 1188 2367 sunt
1213 2316 1377 2367 etiam
1394 2313 1769 2383 coniungenda
1788 2328 1871 2374 ea,
1898 2326 2019 2379 quae
2049 2320 2178 2362 sunt
2212 2322 2320 2360 me-

750 2402 910 2456 liora.
933 2403 1403 2459 Bonit‘aciusenim
1423 2403 1629 2472 aliquid
1651 2403 1870 2472 quidem
1897 2400 2184 2469 voluptati,
2203 2399 2322 2468 plu—

756 2496 950 2548 rimam
973 2513 1100 2551 vero
1123 2509 1332 2564 partem
1354 2500 1605 2553 tribuens
1635 2500 1845 2563 virtuti,
1870 2509 1925 2553 et
1948 2496 2315 2566 pulcherrima

751 2603 951 2655 genera
975 2589 1189 2643 virtutis
1211 2601 1460 2644 accurate
1481 2605 1766 2654 exercens,
1788 2606 1853 2645 ne
1871 2599 2018 2644 esset
2039 2587 2316 2657 perfectus

757 2697 903 2735 rans.

821 2773 910 2828 Ill.
936 2773 1207 2830 Caeterum
1250 2793 1357 2834 non
1383 2780 1556 2833 multo
1585 2779 1877 2850 interiecto
1903 2788 2169 2847 tempore,
2198 2773 2316 2828 huic

753 2878 972 2934 quoque
998 2865 1169 2932 labes,
1214 2875 1471 2938 tanquam
1504 2869 1559 2923 in
1597 2878 1713 2924 toto
1755 2870 1962 2924 mundo
2001 2877 2056 2923 et
2083 2865 2316 2937 pulchro

752 2971 1006 3024 corpore,
1041 2958 1267 3021 eluitur,
1309 2969 1365 3012 et
1417 2961 1565 3028 quod
1616 2977 1682 3012 ex
1721 2961 1858 3012 vitio
1914 2957 2317 3026 susvipiebatur

750 3045 1014 3105 dedecus,
1069 3047 1270 3113 tegitur
1306 3048 1464 3114 longe
1511 3048 1703 3116 majori
1757 3047 1949 3115 gloria.
1984 3046 2100 3098 Non
2150 3046 2316 3098 susti‘

753 3136 875 3189 nuit
906 3136 1054 3189 enim
1088 3135 1354 3191 Dominus
1379 3137 1660 3207 despicere
1690 3137 1950 3198 animam,
1977 3135 2116 3188 adeo
2163 3132 2315 3186 omni

2430 667 2535 718 τῶν
2560 667 2730 719 ἄλλων
2759 663 3010 734 κρατῶν)
3047 663 3254 732 μίξισιν
3299 660 3357 712 ού
3413 658 3604 719 καλαῖς
3639 653 3879 724 ἐχρῆτοο
3937 653 3989 704 οὖ

2429 758 2537 824 γὰρ
2559 757 2884 824 αἰσχύνομαι
2913 754 3084 806 ταῦτα
3119 753 3312 819 λέγων,
3355 751 3493 818 ἔχων
3524 747 3619 799 xui.
3673 743 3992 814 μετ”όλίγον

2426 850 2597 912 δεῖξαι
2631 847 2779 899 θείαν
2797 847 2961 918 ὅντως
2981 846 3070 897 καὶ
3099 844 3406 912 θαυμασίαν
3433 838 3762 910 μεταϐολήν.
3793 836 3996 896 Ἀλλως

2425 959 2484 993 τε
2517 941 2570 991 δὲ
2611 941 2703 992 καὶ
2737 938 2880 990 οἴνου
2943 937 3039 1006 μὲν
3095 937 3313 1002 ἐρώτων
3363 933 3423 984 τὸ
3477 928 3759 996 καταρχὰς
3819 921 3991 996 ἦττιυῚ

2426 1030 2492 1103 ἦν
2514 1049 2526 1062 ·
2548 1033 2604 1083 οὐ
2629 1032 2735 1100 μὴν
2752 1027 2919 1084 τᾶλλα
2937 1031 3176 1091 τοιοῦτος
3234 1029 3366 1081 ἀλλὰ
3399 1029 3491 1080 καὶ
3509 1025 3807 1093 χρημάτων
3835 1023 3993 1087 ὑπερ·

2424 1128 2591 1193 ὀπτης
2617 1123 2809 1193 κομιδὴ
2836 1121 3374 1190 μεγαλοψυχώτατος,
3399 1121 3490 1170 καὶ
3521 1115 3797 1198 δεομένοις
3829 1111 3994 1164 ταῦτα

2426 1219 2698 1285 διανεῖμαι
2752 1215 3200 1284 φιλοτιμώτατος,
3258 1213 3349 1265 xui
3380 1211 3685 1279 φιλοξενίαν
3727 1208 3888 1274 εἴπερ
3916 1220 3995 1264 τις

2428 1311 2584 1371 ἄλλος
2615 1311 3122 1379 φιλοφρονέστατος.
3173 1307 3366 1361 Ὁπότε
3398 1305 3528 1371 γοῦν
3561 1305 3658 1356 ῐδοι
3705 1301 3860 1362 τινὰς
3890 1298 3994 1351 τῶν

2426 1401 2928 1470 όδοιπορούντων,ἢ
2963 1400 3201 1452 καύσωνι
3228 1398 3320 1450 καὶ
3363 1395 3504 1463 δίψει
3545 1393 3908 1461 τηκομένους,
3958 1391 3989 1459 ἢ

2426 1495 2563 1560 χιόνι
2594 1494 2684 1544 καὶ
2707 1492 2867 1561 ψύχει
2911 1491 3489 1562 προσπηγνυομένους,
3514 1488 3546 1554 ἢ
3579 1487 3754 1546 ἄλλως
3795 1485 3860 1534 ἐκ
3898 1481 3992 1549 τῆς

2424 1586 2731 1653 ὁδοιπορίας
2773 1585 3192 1653 βαρυνομένους,
3241 1582 3400 1643 αὐτὸς
3425 1578 3769 1635 ἐπισπεύδων
3797 1577 3990 1646 ἱλαρῶς

2426 1678 2655 1745 ὑπήντα,
2679 1680 2769 1728 καὶ
2802 1677 2892 1728 τοῦ
2925 1677 3125 1746 μόχθου
3148 1673 3624 1727 διαναπαύσασθαι
3669 1670 3990 1739 παρεκάλει,

2425 1769 2520 1821 καὶ
2552 1769 2801 1834 εἴξαντας
2840 1770 2916 1830 εἰς
2949 1769 3045 1836 τὴν
3072 1768 3250 1819 οὶκίαν
3279 1763 3588 1832 εἰσαγαγὼν
3619 1762 3824 1828 ἐξένιζε
3849 1762 3995 1829 φιλο-

2427 1862 2660 1929 φρόιως,
2697 1861 2788 1913 καὶ
2835 1860 3014 1927 λόγοις
3046 1859 3163 1926 ἅμα
3201 1859 3292 1910 καὶ
3323 1857 3502 1927 ἔργοις
3538 1857 3654 1908 πᾶν
3674 1855 3814 1922 ὅπερ
3855 1849 3994 1921 εἶχον

2427 1954 2587 2022 ἀηδὲς
2620 1953 2818 2006 διέλυε.
2841 1951 3027 2004 Ταῦτα
3056 1952 3148 2009 καὶ
3186 1950 3290 2019 πρὸ
3319 1949 3413 2001 τοῦ
3439 1944 3744 2017 μαρτυρίου
3768 1943 3990 2011 ἐκόσμει

2422 2046 2512 2104 τὸν
2557 2046 2906 2112 Βονιφάτιον·
2968 2045 3065 2096 καὶ
3113 2044 3211 2111 οὐχ
3244 2041 3427 2103 ἁπλῶς
3486 2040 3691 2090 ἐκεῖνον
3725 2035 3837 2088 ἀπὸ
3888 2034 3989 2086 τῶν

2421 2135 2596 2188 ἄλλων
2634 2136 3014 2202 δοκιμαστέον,
3039 2133 3176 2185 ἀλλὰ
3210 2130 3507 2184 συναπτέον
3542 2131 3762 2190 πάντως
3812 2128 3906 2178 καὶ
3929 2125 3994 2178 τὰ

2426 2225 2692 2292 βελτίονα.
2733 2227 3049 2292 Βονιφάτιος
3083 2225 3191 2292 γὰρ
3212 2225 3271 2274 τὸ
3304 2222 3401 2290 μὲν
3431 2222 3612 2289 ἡδονῇ,
3645 2219 3705 2272 τὸ
3732 2219 3917 2270 πλεῖον
3939 2216 3994 2272 δὲ

2425 2316 2518 2368 καὶ
2557 2318 2625 2384 τῇ
2684 2316 2851 2385 ἀρετῇ
2884 2316 3084 2383 νέμων,
3121 2315 3215 2365 καὶ
3266 2312 3335 2364 τὰ
3371 2311 3636 2364 κάλλιστα
3661 2309 3760 2374 τῆς
3795 2306 3994 2375 ἀρετῆς

2427 2407 2543 2475 εεδη
2594 2407 2730 2475 πρὸς
2782 2407 3067 2476 ἀκρίϐειαν
3098 2405 3380 2476 ἠσκηκὼς,
3425 2403 3487 2454 τὸ
3516 2402 3589 2469 μὴ
3619 2401 3826 2460 τέλειος
3857 2393 3992 2448 εἶναι

2429 2499 2579 2567 παρὰ
2621 2500 2782 2570 μόνου
2809 2499 2901 2552 τοῦ
2944 2500 3017 2568 μὴ
3054 2498 3345 2568 σωφρονεῖν
3367 2492 3653 2547 ἐκωλύετο.

2353 2601 2417 2638 ex
2445 2588 2549 2642 hoc
2610 2591 2726 2644 solo
2767 2591 3186 2659 prohibebatur,
3217 2588 3366 2657 quod
3397 2604 3506 2643 non
3561 2596 3709 2642 esset
3779 2594 3993 2654 tempe-

2489 2771 2565 2829 Γ.
2597 2773 2743 2845 Πλὴν
2772 2771 2833 2826 οὐ
2871 2773 3005 2828 πολὺ
3034 2772 3093 2826 τὸ
3117 2771 3174 2824 ἐν
3213 2769 3363 2841 μέσῳ
3431 2769 3525 2820 καὶ
3558 2770 3585 2821 6
3623 2767 3813 2827 σπῖλος
3838 2759 3990 2823 οὗτος

2414 2867 2669 2934 καθάπερ
2690 2866 2796 2937 ὅλῳ
2829 2865 3057 2936 καθαρῷ
3108 2864 3202 2919 καὶ
3244 2859 3562 2932 περικαλλεῖ
3589 2857 3804 2928 σώματι
3839 2859 3996 2918 ἐκκα-

2413 2960 2686 3027 θαίρεταισ
2750 2962 2843 3011 καὶ
2892 2961 2924 3029 ή
2978 2960 3042 3010 ἐκ
3095 2957 3188 3010 τοῦ
3246 2956 3450 3017 πάθους
3489 2951 3720 3022 αἰσχύνη
3783 2951 3991 3020 μείζονι

2415 3053 2594 3121 πολλῴ
2613 3051 2739 3123 δόξῃ
2763 3052 3244 3120 περικαλύπτεται.
3271 3051 3345 3103 Οὐ
3365 3050 3470 3117 γὰρ
3497 3047 3758 3116 ἠνέσχετο
3787 3046 3991 3115 Κύριος

2413 3143 2589 3212 ψυχὴν
2616 3142 2756 3194 οὕτω
2799 3143 3045 3212 παριδεῖν
3073 3143 3141 3193 τὰ
3176 3142 3350 3192 πάντα
3396 3139 3588 3207 καλὴν,
3625 3137 3746 3197 ἑνὸς
3779 3136 3988 3196 πάθους

750 3243 817 3279 ex
849 3237 1006 3296 Par'e
1033 3228 1342 3296 Ρυκιπθῐηο
1374 3239 1646 3298 ρετρθιυο
1695 3228 1972 3298 ἰηίιιιὶηπί
2008 3228 2173 3282 unius
2195 3226 2312 3280 νίιίί
2344 3257 2385 3313 c
2422 3236 2602 3306 αἴσχει
2629 3234 2716 3289 διὰ
2749 3235 2932 3294 τέλους
2961 3232 3314 3302 μολύνεσθαι·
3340 3231 3452 3285 ἀλλ’
3481 3229 3741 3297 εὐδόκησε
3776 3227 3990 3287 πάντως

751 3318 1090 3384 turpitudine
1124 3335 1136 3369 :
1174 3318 1267 3371 sed
1293 3320 1498 3386 placuit
1530 3320 1758 3372 omnino
1796 3320 2112 3371 divinarum
2148 3320 2316 3371 ratio-

751 3421 882 3459 num
918 3407 1339 3475 dispensationi,
1374 3409 1671 3479 martyrico
1701 3409 1866 3462 etiam
1899 3409 2162 3479 sanguine
2189 3423 2318 3478 pur-

753 3514 983 3569 pureum
1003 3509 1063 3553 et
1079 3500 1286 3567 regium
1312 3501 1360 3553 ei
1383 3503 1620 3553 colorem
1643 3501 1851 3554 indere.
1876 3499 2127 3565 Quonam
2154 3502 2316 3554 modo

750 3600 936 3647 aUlem
970 3590 1076 3642 hoc
1105 3590 1476 3655 siteﬂectum,
1541 3600 1597 3643 et
1648 3591 1923 3657 quodnam
1980 3592 2049 3642 sit
2107 3592 2315 3659 jactum

748 3678 1165 3735 fundamentum
1206 3683 1475 3750 martyrii,
1508 3690 1694 3748 parata
1719 3690 1804 3734 est
1863 3681 2065 3735 docere
2109 3683 2314 3734 oratio.

749 3772 942 3829 Adhuc
967 3774 1188 3842 quidem
1227 3773 1442 3842 vigebat
1489 3772 1802 3842 persecutio
1847 3772 1898 3824 in
1951 3773 2313 3836 Christianos,

748 3872 806 3915 et
829 3864 1096 3929 pro[unda
1131 3865 1220 3917 illa
1245 3864 1418 3932 caligo
1452 3866 1874 3923 simulacrorum
1922 3875 2097 3918 totum
2151 3865 2313 3919 simul

752 3954 1050 4022 occupabat
1108 3953 1412 4009 Orientem.
1441 3956 1602 4008 Subit
1625 3966 1806 4009 autem
1860 3957 2008 4009 illius
2038 3959 2314 4010 dominam

753 4045 1012 4100 salutaris
1041 4045 1318 4117 cogitatio,
1353 4056 1408 4101 et
1435 4062 1531 4101 cor
1561 4048 1681 4117 ejus
1716 4057 1966 4116 penetrat
2013 4048 2314 4104 vehemens

751 4137 1024 4205 quoddam
1063 4148 1116 4193 et
1143 4140 1406 4192 invictum
1433 4140 1769 4195 desiderium
1794 4143 2149 4212 reliquiarum
2171 4158 2316 4196 mar-

754 4240 951 4300 tyrum.
987 4230 1254 4297 Quoniam
1280 4247 1410 4286 vero
1434 4232 1777 4288 existimabat
1797 4234 2072 4288 Bonifacio
2106 4235 2313 4287 nullum

754 4335 876 4372 esse
915 4319 1245 4380 ﬁdeliorem,
1280 4330 1374 4373 aut
1405 4321 1471 4375 ad
1497 4323 1551 4375 in
1589 4321 1676 4376 his
1699 4325 2050 4377 serviendum
2081 4325 2316 4393 diligen-

754 4411 970 4467 tiorem.
1007 4413 1056 4466 ei
1081 4413 1225 4466 sicut
1281 4416 1554 4468 carnalem
1619 4425 1673 4469 et
1726 4424 1962 4487 turpem,
2026 4418 2097 4471 ita
2148 4419 2312 4471 etiam

750 4501 1077 4558 laudabilem
1106 4514 1159 4557 et
1185 4505 1401 4559 beatum
1422 4522 1665 4562 amorem
1691 4511 2081 4571 communicat,
2110 4519 2165 4562 et
2187 4525 2311 4562 eum

752 4608 998 4649 seorsum
1048 4596 1344 4664 accipiens,
1389 4596 1527 4661 Scis,
1587 4600 1786 4668 inquit,
1836 4601 2025 4662 l'ratcr,
2057 4600 2313 4669 qualibus

756 4686 927 4738 simus
973 4687 1309 4754 coinquinati
1364 4690 1623 4756 peccatis,
1673 4706 1774 4744 nec
1813 4692 1974 4746 nobis
2004 4706 2148 4745 cura:
2191 4707 2312 4745 esse

753 4775 982 4844 aliquid,
1023 4776 1167 4846 quod
1192 4788 1572 4848 exspectamus
1622 4781 1864 4834 futurum
1923 4791 1981 4834 ut
2056 4784 2314 4835 sistamur

754 4877 879 4920 ante
904 4869 1093 4932 Deum,
1117 4878 1170 4921 et
1203 4885 1297 4937 pro
1347 4872 1429 4925 his
1458 4873 1638 4941 gravia
1686 4873 1982 4928 subeamus
2022 4873 2310 4940 supplicia.

753 4965 1020 5018 therum
1049 4966 1232 5022 audivi
1265 4969 1548 5037 aqnodam
1592 4970 1709 5022 viro
1739 4972 1851 5038 pio,
1889 4970 2033 5039 quod
2087 4970 2132 5026 si
2189 4969 2315 5037 quis

751 5072 867 5120 eos,
923 5058 1014 5126 qui
1073 5069 1302 5127 propter
1350 5060 1627 5115 Christum
1676 5063 1815 5129 passi
1850 5071 1905 5114 ct
1941 5061 2117 5114 affecti
2187 5070 2315 5112 sunt

756 5149 1038 5217 martyrio,
1067 5151 1118 5200 in
1176 5151 1382 5202 honore
1428 5151 1764 5208 habueritet
1813 5150 2070 5210 coluerit,
2123 5165 2314 5217 magna

754 5241 1000 5307 quaedam
1076 5250 1131 5294 et
1159 5243 1410 5308 praeclara
1440 5257 1565 5298 eum
1622 5244 1768 5299 illinc
1800 5259 1866 5297 ex
1910 5259 1974 5296 eo
2026 5250 2207 5295 manet
2235 5257 2317 5292 re-

754 5333 1081 5390 muneratio.
1113 5344 1168 5387 et
1198 5333 1410 5396 eadem,
1442 5351 1546 5402 qua
1578 5335 1678 5399 illi,
1708 5335 1920 5388 fruetur
1945 5332 2305 5387 beatitudine.

757 5424 906 5477 Multi
952 5434 1134 5480 autem
1172 5441 1315 5479 nunc
1367 5441 1609 5494 quoque.
1647 5437 1704 5479 ut.
1758 5427 1930 5485 aiunt,
1967 5441 2065 5494 pro
2095 5421 2315 5485 Christo

756 5517 980 5585 pulchra
1013 5518 1219 5570 adeunt
1270 5518 1588 5571 certamina.
1621 5517 1700 5569 Tu
1765 5533 1892 5569 vero
1927 5518 2149 5584 (etenim
2201 5517 2312 5583 jam

753 5609 902 5664 venit
937 5618 1167 5675 tempus,
1196 5617 1251 5658 ut
1283 5621 1436 5659 meus
1472 5608 1726 5662 ostendat
1759 5607 2090 5668 Bonifacius,
2117 5623 2222 5675 qua
2245 5607 2314 5658 sit

751 5700 807 5751 iu
865 5716 964 5752 nos
997 5700 1326 5768 .aﬂ’ectiono)
1357 5700 1419 5753 ad
1477 5702 1589 5756 haec
1627 5700 1758 5752 mihi
1813 5698 2034 5755 iuscrvi.
2067 5707 2121 5751 et
2166 5698 2313 5751 omni

753 5791 936 5854 studio
965 5808 1030 5844 co
1065 5792 1284 5850 vadens,
1324 5805 1554 5858 prOpcra
1589 5792 1653 5844 ad
1691 5809 1772 5843 me
1806 5790 1999 5844 alicrt'e
2024 5791 2227 5860 aliquid
2285 5809 2314 5846 (ι

750 5883 920 5937 Sacris
944 5885 1025 5937 his
1056 5884 1299 5953 reliquiis
1328 5901 1338 5934 :
1372 5894 1426 5936 ut
1459 5902 1577 5940 cum
1603 5900 1696 5938 cas
1723 5884 2016 5941 honotiiice
2048 5884 2314 5953 deposue-

2419 3330 2707 3398 θειοτέρων
2736 3328 2911 3394 λόγων
2964 3325 3264 3392 οἰκονομία,
3309 3324 3404 3378 καὶ
3445 3319 3769 3392 μαρτυρικῷ
3802 3320 3992 3385 αἵματι

2418 3422 2679 3489 ἁλουργὲς
2738 3420 2872 3488 αὐτῇ
2917 3419 3009 3470 καὶ
3064 3415 3339 3487 βασιλικὸν
3395 3415 3591 3484 χρῶμα
3647 3411 3988 3483 περιϐαλεῖν.

2419 3518 2607 3576 ’Ὅπως
2636 3515 2690 3566 δὲ
2715 3513 2874 3566 τοῦτο
2901 3512 3321 3582 διῳκονόμηται,
3355 3511 3444 3562 xui.
3473 3502 3559 3560 οἷα
3593 3506 3671 3575 τῷ
3703 3505 3994 3574 μαρτυρίαι

2418 3606 2824 3672 καταϐέϐληται
2863 3605 2894 3671 ἡ
2924 3605 3149 3672 κρηπῖς,
3184 3603 3405 3672 Δἕτοιμος
3431 3599 3700 3649 διδάσκειν
3751 3600 3781 3647 6
3811 3597 3986 3659 λόγος.

2422 3695 2672 3762 Ἤκμαζε
2719 3667 2815 3761 μὲν
2850 3667 3054 3743 καὶψέτι
3097 3694 3123 3742 6
3158 3667 3296 3740 κατὰ
3342 3687 3682 3754 Χριστιανῶν
3725 3685 3987 3751 διωγμὸς,

2417 3789 2510 3840 καὶ
2542 3789 2568 3839 6
2599 3786 2873 3845 εἰδωλικὺς
2904 3784 3108 3843 ἐκεῖνος
3140 3782 3232 3837 καὶ
3265 3779 3430 3848 βαθὺς
3454 3777 3594 3829 κατὰ
3638 3775 3821 3846 πάσης
3853 3773 3986 3842 ὁμοὖ

2416 3880 2699 3948 τῆςἙῴας
2730 3877 3021 3944 ἐπεκράτει
3040 3873 3197 3940 ζόφος
3219 3890 3230 3902 ⁸
3257 3870 3620 3938 ὑπέρχεταιδὲ
3644 3869 3746 3937 τὴν
3779 3867 3985 3920 ἐκείνου

2416 3972 2701 4022 δέσποιναν
2727 3969 2990 4034 σωτήριος
3021 3965 3300 4033 λογισμὸς,
3321 3965 3413 4016 καὶ
3435 3964 3530 4028 τὴν
3553 3962 3786 4029 καρδέαν
3817 3959 3987 4024 αὐτῆς

2416 4060 2686 4131 διατρέχει
2729 4057 2926 4127 δριμύς
2969 4073 3050 4117 τις
3107 4055 3244 4124 ἔρως
3312 4055 3403 4106 καὶ
3452 4054 3662 4120 ἄμαχος
3714 4050 3986 4116 λειψάνων

2420 4150 2789 4224 μαρτυρικῶν.
2857 4148 3008 4202 Ἐπεὶ
3079 4146 3134 4199 δὲ
3183 4145 3370 4199 οὐδένα
3421 4140 3745 4207 Bevum-Jan
3787 4139 3985 4206 μᾶλλον

2414 4247 2599 4315 ἠγεῖτο
2661 4242 2996 4308 πιστότερον,
3037 4239 3071 4304 ἢ
3103 4236 3367 4295 τοιούτοις
3423 4232 3719 4300 ὑπουργεῖν
3749 4229 3986 4299 ἐμμελέ-

2418 4354 2505 4388 στε
2518 4353 2629 4403 ρον,
2656 4332 2845 4384 τοῦτον
2868 4330 2930 4398 δὴ
2961 4329 3054 4381 καὶ
3083 4325 3355 4388 κοινωνὸν,
3381 4324 3569 4393 ὥσπερ
3590 4323 3687 4382 τού
3718 4320 3982 4392 σαρκικοῦ

2417 4427 2509 4497 ξιαὶ
2553 4424 2773 4490 ἀτίμου,
2805 4419 2976 4482 οὕτως
3004 4418 3110 4488 ἄρα
3138 4419 3230 4470 καὶ
3269 4415 3362 4469 τοῦ
3401 4415 3686 4468 ἐπαινετοῦ
3717 4433 3777 4468 τε
3810 4430 3984 4482 μακα-

2423 4518 2536 4586 ρίου
2576 4515 2806 4566 ποιεῖται
2853 4512 3073 4581 ἔρωτος.
3112 4511 3218 4563 Kui.
3251 4508 3558 4572 ἰδιαζόντως
3594 4507 3978 4559 ἀπολαϐοῦσα·

2347 4586 2388 4639 D
2423 4602 2606 4670 Οἶδας,
2643 4608 2827 4674 φησιν,
2888 4604 3100 4671 ἁδελφέ.
3153 4603 3292 4665 οἵαις
3327 4600 3772 4669 συνεχρὸινθημεν
3799 4601 3979 4666 ἀμαρ-

2415 4700 2578 4760 τίαις,
2613 4698 2777 4767 μηδὲν
2802 4714 2854 4749 τι
2889 4695 3079 4763 μέλλον
3101 4695 3254 4764 ἡμῖν,
3285 4694 3366 4745 ὅτι
3387 4692 3504 4757 Θεῷ
3533 4691 3981 4758 παραστήσεσθαι

2417 4788 2805 4861 προσδοκῶμεν
2845 4789 2938 4839 καὶ
2968 4786 3208 4856 χαλεπὰς
3233 4784 3437 4838 τούτων
3466 4783 3721 4849 ὑποσχεῖν
3759 4783 3861 4846 τὰς
3898 4799 3979 4835 κο-

2415 4884 2600 4944 λάσεις
2619 4897 2633 4910 θ
2679 4880 2818 4950 πλὴν
2838 4879 2948 4932 ἀλλ’
2967 4877 3245 4948 ἐπυθόμην
3269 4877 3409 4938 τινὸς
3429 4875 3532 4926 τῶν
3555 4873 3978 4945 εὐσεϐεστέρων,

2415 4976 2490 5037 ὡς
2517 4977 2566 5027 εῐ
2602 4992 2684 5036 τις
2711 4975 2837 5035 τοὺς
2867 4973 2953 5025 διὰ
2988 4971 3220 5041 Χριστὺν
3257 4967 3530 5030 παθόντας
3560 4969 3651 5019 καὶ
3695 4968 3974 5036 μαρτυρή-

2418 5084 2615 5126 σαντας
2648 5065 2734 5117 διὰ
2763 5067 2924 5133 τιμῆς
2959 5062 3206 5131 μετέλθοι
3230 5059 3324 5113 καὶ
3350 5059 3666 5129 θεραπείας.
3704 5059 3871 5126 πολλή
3902 5076 3978 5118 τις

2416 5157 2580 5211 αὐτοῦ
2614 5154 2820 5207 ἐκεῖθεν
2851 5154 2943 5206 xui
2974 5152 3198 5222 λαμπρὰ
3231 5152 3514 5220 περιμένει
3557 5149 3849 5213 ἀντίδοσις,
3889 5150 3979 5200 καὶ

2414 5249 2509 5314 τῆς
2535 5245 2700 5313 αὐτῆς
2730 5247 2956 5304 ἐκείνοις
2991 5242 3287 5299 ἀπολαύσει
3325 5240 3742 5310 μακαριότητος.
3791 5240 3978 5291 Πολλοὶ

2415 5338 2470 5390 δὲ
2499 5338 2592 5390 καὶ
2617 5336 2729 5396 νῦν,
2760 5335 2834 5396 ὥς
2867 5352 2934 5401 φα
2949 5351 3050 5393 σιν,
3087 5335 3142 5388 ἐν
3171 5336 3235 5400 τῇ
3276 5331 3431 5400 Ἀσίᾳ
3465 5328 3570 5382 ὑπὸ
3619 5330 3861 5398 Χριστοῦ
3892 5328 3976 5380 τόν

2418 5428 2580 5485 καλὸν
2633 5425 2820 5492 ἀγῶνα
2865 5423 3313 5490 διαγωνίζονται·
3359 5423 3422 5473 σὺ
3452 5419 3506 5472 δέ
3537 5418 3664 5489 (καὶ
3717 5419 3828 5486 γὰρ
3859 5420 3980 5489 ἥκει

2419 5520 2627 5588 καιρξῖ,
2662 5520 2809 5578 ὃπως
2856 5517 2984 5587 περὶ
3036 5517 3181 5583 ἡμᾶς
3223 5513 3442 5581 ἔχειτὸν
3481 5512 3607 5579 ὲίλδν
3644 5511 3975 5580 φανήσεσθαι

2420 5612 2765 5676 Βονιφατιον)
2827 5609 2958 5675 πρὸς
3011 5607 3181 5659 ταῦτά
3241 5623 3329 5674 μοι
3384 5602 3860 5671 καθυπούργησον,
3892 5601 3975 5650 καὶ

2419 5703 2623 5774 σπουδῇ
2653 5704 2716 5772 τῇ
2752 5701 2903 5773 πάσῃ
2937 5700 3399 5768 παραγενόμενος,
3434 5697 3536 5748 τῶν
3575 5697 3747 5764 ἁγίων
3779 5697 3974 5747 τούτων

2416 5795 2682 5863 λειψάνων
2735 5796 2960 5861 ἀγαγεῖν
3003 5791 3304 5860 ἐπείχθητι,
3357 5791 3430 5852 ὡς
3479 5791 3558 5860 ,ἂν
3578 5791 3814 5858 ἐντίμως
3849 5788 3978 5862 αὑτέ

2419 5887 2804 5955 καταθέμενοι,
2877 5886 2969 5938 καὶ
3027 5887 3200 5955 ἱεροὺς
3254 5883 3728 5952 ἐπιδημησάμενοι
3769 5880 3970 5938 οἴκους,
