4180 6480
201 400 309 465 245

1451 414 1634 473 VITA
1677 414 1738 472 S.
1784 411 2193 479 BONlFAClI.

3352 426 3456 487 246

200 517 448 582 φῦλακάς
482 535 544 571 τε
578 519 804 584 αὐτοὺς.
825 522 920 576 καὶ
952 523 1204 594 σωτῆρας
1227 524 1525 587 διαπαντὸς
1549 525 1767 595 ἔχοιμεν

1894 526 2086 590 rimus.
2116 539 2170 583 et
2195 545 2378 585 sacras
2405 530 2554 586 aedes
2577 531 2659 586 eis
2687 532 3157 600 aedificaverimus,
3196 553 3291 592 eos
3316 555 3460 594 sent-

198 606 386 660 ⁸1¹αῦτα
412 610 557 677 πρὸς
592 612 759 665 αὐτὸν
786 615 1062 683 είρηκυῖα,
1092 615 1216 669 ἐπεὶ
1246 617 1386 687 πρὸς
1413 617 1609 670 ἑκόντα
1642 617 1792 686 ἔλεγε

199 697 293 753 καὶ
346 699 636 769 πρόθυμον
675 702 774 773 τὴν
833 703 1159 773 ὑπηρεσίαν,
1223 709 1455 777 χρυσίον
1494 709 1791 779 ἐγχειρίζει

199 786 391 854 συχνόν
412 805 424 817 ο
452 789 578 842 ούδέ
616 792 723 862 γὰρ
751 792 876 862 ἐξῆν
904 794 1158 862 λείψανόν
1179 813 1232 849 τι
1272 798 1560 867 μάρτυρος
1594 802 1790 869 προῖκα

195 879 402 945 λαϐεῖν,
441 883 578 936 ἀλλὰ
626 886 683 939 τὸ
742 887 874 939 πολὺ
924 889 1031 941 τῶν
1062 891 1406 957 Χριστιανῶν
1463 893 1598 962 περὶ
1651 894 1788 945 αύτά

198 974 423 1043 φίλτρον
483 978 755 1046 πορισμοῦ
813 983 923 1043 τοῖς
973 981 1197 1034 ἀσεϐέσι
1258 984 1540 1054 πρόφασις
1570 981 1658 1054 ἦν.
1694 988 1788 1038 καὶ

198 1065 394 1116 πολλοῦ
432 1068 570 1136 πρὸς
600 1068 841 1133 ἐκείνους
871 1074 1007 1125 αῦτὰ
1039 1076 1306 1145 παρέχειν
1342 1077 1547 1129 ἐποίει.
1579 1079 1784 1131 Τούτου

193 1155 284 1207 οῦν
309 1157 507 1222 ἕνεκα,
565 1163 758 1229 συχνὸν
778 1166 842 1215 -το
870 1166 1108 1233 χρυσίον,
1160 1170 1254 1218 καὶ
1286 1167 1372 1220 ἵνα
1404 1170 1506 1223 καὶ
1559 1172 1787 1242 πένησιν

194 1251 271 1309 είς
315 1250 591 1321 διανομὴν
659 1255 887 1325 ἀρκέσῃ.
927 1258 1323 1327 Συνεκπέμπει
1371 1261 1429 1313 δέ
1474 1264 1571 1315 καὶ
1604 1266 1789 1331 ἱππεῖς

192 1339 421 1398 δώδεκα.
464 1342 617 1410 μύρα
640 1361 697 1395 τε
728 1347 821 1397 καὶ
855 1348 1100 1410 σινδόνας
1130 1352 1221 1403 καὶ
1277 1347 1453 1405 τᾶλλα
1486 1356 1585 1408 ὅσα
1616 1376 1784 1427 προσο

191 1430 322 1495 ἧκον
380 1432 468 1492 είς
522 1435 692 1503 τιμὴν
722 1438 834 1498 τοῖς
867 1438 1064 1503 ἁγίοις.
1105 1440 1271 1493 Ἀλλά
1306 1447 1634 1512 προσεκτέον
1659 1464 1672 1477 ·
1703 1450 1787 1500 ὲνρ

190 1520 367 1573 ταῦθα
407 1524 515 1594 γὰρ
555 1527 763 1596 ἥκομεν
786 1528 914 1582 ἔνθα
949 1531 1045 1585 καὶ
1073 1533 1134 1585 τὸ
1181 1534 1279 1587 τοῦ
1316 1535 1656 1607 διηγήματος
1689 1559 1784 1611 χα-

192 1629 504 1679 ριεστατον.

256 1794 329 1848 Δ’.
380 1795 474 1855 Ὠς
504 1797 612 1867 ἤδη
657 1802 885 1869 πορείας
941 1804 1165 1873 ἔμελλεν
1192 1810 1219 1860 ὁ
1251 1810 1574 1876 Βονιιράτιος
1604 1812 1775 1867 ἄπτε-

190 1887 334 1951 σθαι,
377 1886 569 1950 εὐθὺς,
602 1886 793 1960 ὥσπερ
822 1891 927 1944 ὑπὸ
950 1894 1216 1964 γραμμῆς
1266 1899 1370 1966 τὴν
1398 1900 1594 1952 ἑαυτοῦ
1620 1900 1777 1970 νίκην

188 1977 279 2027 καὶ
327 1977 424 2028 τὸν
459 1978 729 2045 στέφανον
777 1987 1203 2053 προσημαίνωνβ
1232 1989 1296 2041 Εἰ
1325 1988 1379 2041 δέ
1403 2007 1541 2055 πως,
1573 1991 1699 2063 ἔφη,
1731 1992 1776 2045 ὦ

183 2067 468 2131 δέσποινα,
499 2073 710 2141 ταύτης
751 2075 848 2142 μὲν
900 2078 1223 2148 διαμαρτεῖν
1256 2083 1358 2152 τῆς
1386 2084 1773 2153 ἐγχειρήσεως,

184 2156 446 2226 δεύτερος
474 2161 555 2225 δὲ,
595 2163 623 2215 ὃ
650 2182 805 2232 φασι,
844 2168 1013 2232 πλοῦς
1047 2172 1107 2225 τὸ
1132 2174 1265 2242 ἐμόν
1304 2192 1386 2229 σοι
1421 2177 1580 2247 σῶμα
1616 2196 1778 2248 προσ·

184 2250 471 2320 ανεχθείη,
501 2255 613 2322 ἄρα
643 2272 724 2309 σοι
761 2259 827 2311 ἂν
853 2260 1011 2314 τοῦτο
1060 2265 1284 2334 μέτριον
1325 2267 1409 2337 εἴη
1446 2270 1540 2322 τοῦ
1572 2272 1775 2325 σκοποῦ

187 2339 565 2408 παραμύθιον,
622 2346 714 2397 καὶ
750 2351 913 2416 τιμῆς
952 2352 1101 2415 ἄξιον
1131 2358 1281 2421 παρὰ
1311 2356 1405 2414 σοῦ
1448 2362 1771 2429 νομισθείης

184 2427 291 2478 Καὶ
326 2429 506 2483 ταῦτα
543 2434 645 2498 μὲν
669 2434 798 2495 ἴσως
841 2439 1047 2501 ἐκεῖνος
1090 2444 1304 2506 παίζων
1358 2449 1495 2514 πρὸς
1538 2451 1635 2517 τὴν

183 2532 410 2568 σποιναν
452 2518 483 2585 ἢ
521 2522 877 2585 σπουδάζωνο
921 2527 948 2576 ὁ
990 2526 1045 2579 δὲ
1077 2528 1209 2592 Θεὸς
1257 2532 1320 2585 τὸ
1356 2535 1551 2602 μέλλον
1586 2537 1772 2611 ὥσπερ

175 2606 261 2657 διὰ
291 2606 393 2673 τῆς
456 2609 674 2661 ἐκείνου
729 2616 1104 2688 προηγόρευσε
1157 2623 1427 2695 γλώττης.
1474 2630 1540 2681 Ἥ
1587 2633 1773 2699 μέντοι

190 2697 409 2764 Ἀγλαῖς
435 2717 448 2729 ·
485 2703 566 2759 Οὐ
596 2705 805 2774 καιρὸς,
861 2708 985 2779 ἔφη,
1037 2712 1344 2781 Βονιφάτιε,
1406 2697 1625 2785 παιδιάς
1650 2726 1772 2778 οὐδὲ

177 2790 354 2858 λύγων
417 2794 706 2863 τοιούτων,
749 2794 823 2851 ὧν
874 2803 1254 2873 ἀποσχόμενον
1313 2811 1562 2877 εὐλαϐῶς
1621 2816 1768 2886 ἔχειν

178 2883 567 2952 προτρέπομαι
643 2888 736 2937 καὶ
796 2892 1066 2957 κοσμίως,
1138 2897 1257 2948 ἐπεὶ
1325 2904 1417 2955 καὶ
1493 2883 1763 2974 τοιούτοις

1898 633 1995 686 per
2028 619 2326 675 habeamus
2359 623 2621 678 custodes
2647 632 2704 678 et
2731 639 3061 683 servatores.
3099 631 3223 683 HtBC
3253 647 3377 688 cum
3408 632 3459 687 ei

1896 708 2143 773 dixisset.
2175 721 2231 765 et
2261 728 2318 767 se
2341 713 2578 768 libenter
2606 715 2658 769 id
2693 716 3061 772 ministerium
3095 731 3459 792 promptoque

1893 810 1947 854 et
1974 802 2137 855 alacri
2159 804 2346 858 animo
2372 806 2651 860 obiturum
2676 810 3026 873 ostendisset,
3057 814 3220 866 tradit
3253 815 3300 867 ei
3323 816 3460 867 mul-

1894 887 2004 945 tum
2037 895 2176 949 auri.
2214 893 2401 963 Neque
2435 899 2581 951 enim
2606 900 2804 953 licebat
2835 904 3001 970 gratis
3030 905 3284 971 accipere
3322 907 3459 961 ullas

1891 994 2191 1055 martyrum
2228 989 2512 1056 reliquias,
2543 990 2636 1043 sed
2674 991 3119 1047 Christianorum
3150 1013 3377 1065 magnus
3407 999 3460 1051 in

1889 1089 1978 1128 eas
2005 1091 2177 1139 amor,
2211 1088 2329 1131 erat
2355 1079 2538 1148 impiis
2565 1096 2729 1136 causa
2762 1084 2922 1147 lucri,
2966 1096 3019 1137 et
3072 1086 3342 1140 cfliciebat
3403 1102 3463 1141 ut

1889 1168 2107 1221 nonnisi
2140 1170 2324 1236 magni
2378 1186 2473 1225 eas
2506 1183 2717 1240 emptas
2747 1175 3074 1242 prwberent.
3106 1176 3179 1231 Ea
3209 1178 3274 1231 de
3297 1196 3460 1235 causa

1891 1257 2059 1311 mittit
2086 1260 2313 1313 multum
2339 1261 2482 1323 auri,
2512 1274 2566 1316 et
2600 1275 2659 1318 ut
2691 1267 2852 1319 etiam
2890 1267 3137 1330 haberet,
3168 1273 3313 1338 quod
3345 1273 3458 1325 dis—

1890 1349 2157 1405 tribueret
2185 1356 2537 1422 pauperibus.
2568 1355 2736 1410 Mittit
2790 1369 2970 1411 autem
3001 1374 3124 1411 cum
3159 1377 3225 1414 eo
3285 1378 3459 1431 equos

1886 1457 2103 1510 quoque
2134 1444 2447 1509 duodecim,
2484 1456 2539 1501 et
2581 1458 2953 1516 unguentum,
2983 1460 3039 1503 et
3100 1452 3381 1518 sindonas,
3405 1466 3461 1509 et

1885 1550 2227 1606 qumeunque
2255 1537 2356 1591 alia
2383 1540 2505 1592 usui
2534 1549 2693 1593 erant
2724 1540 2791 1593 ad
2824 1542 3174 1597 honorandos
3213 1556 3454 1600 sanctos.

1888 1626 1996 1681 Sed
2029 1637 2114 1682 cst
2138 1629 2531 1684 attendendum
2560 1648 2572 1696 ;
2607 1631 2714 1685 huc
2746 1632 2893 1686 enim
2934 1635 3204 1700 venimus,
3246 1620 3337 1689 ubi
3373 1648 3457 1692 est

1884 1722 2131 1778 narratio
2154 1724 2572 1793 iucundissima.

1953 1814 2039 1868 IV.
2069 1814 2203 1869 Cum
2228 1818 2338 1885 jam
2378 1816 2692 1871 Bonifacius
2752 1829 2899 1873 esset
2944 1819 3047 1874 iter
3088 1821 3451 1891 ingressurus,

1877 1906 2059 1959 statim
2092 1910 2246 1974 quasi
2297 1909 2557 1976 graphice
2597 1911 2882 1963 victoriam
2914 1927 3065 1965 suam
3098 1923 3155 1966 et
3187 1929 3449 1967 coronam

1876 1993 2342 2063 praesignificaus:
2379 1991 2433 2050 Si
2461 1995 2618 2060 forte,
2654 1998 2852 2066 inquit,
2876 1999 3161 2059 odomina.
3191 2002 3454 2069 quemad-

1878 2085 2100 2139 modum
2131 2086 2420 2155 contingit,
2456 2096 2513 2139 ut
2541 2088 2642 2141 hoc
2668 2090 2887 2156 quidem
2914 2099 3097 2157 empto
3133 2090 3449 2146 frustreris:

1878 2175 2117 2231 secunda
2170 2191 2324 2238 vero,
2382 2183 2440 2229 ut
2469 2177 2648 2249 aiunt,
2703 2178 2996 2248 navigatio,
3048 2195 3229 2232 tneum
3283 2180 3348 2234 ad
3399 2190 3451 2235 te

1877 2281 2077 2335 corpus
2130 2265 2362 2321 afferat:
2426 2266 2665 2326 fueritne
2736 2269 2839 2323 hoc
2895 2270 2991 2322 tibi
3040 2271 3316 2324 mediocre
3378 2274 3453 2326 tui

1878 2356 2113 2411 instituti
2144 2373 2205 2411 ac
2246 2358 2395 2427 scopi
2446 2360 2728 2420 Solatium,
2774 2370 2830 2415 ct
2876 2361 3018 2429 apud
3054 2370 3104 2414 te
3143 2362 3453 2418 habendum

1878 2447 1931 2498 in
1990 2447 2240 2500 honore?
2286 2448 2355 2500 Et
2404 2450 2521 2503 haec
2572 2452 2793 2518 quidem
2852 2452 2942 2505 ille
2996 2454 3226 2506 fortasse
3286 2456 3456 2522 magis

1875 2538 2073 2592 ludens
2112 2538 2255 2604 apud
2303 2538 2602 2604 dominam,
2650 2557 2811 2608 quam
2853 2558 3021 2609 agens
3056 2544 3206 2613 serio
3241 2563 3252 2595 :
3308 2547 3452 2600 Deus

1874 2635 2055 2680 autem
2084 2626 2159 2685 id.
2206 2626 2351 2694 quod
2398 2637 2519 2680 erat
2563 2639 2831 2688 iuturum,
2881 2632 3130 2698 przedixit
3178 2648 3276 2700 per
3307 2635 3453 2690 illius

1874 2721 2137 2788 linguam.
2168 2721 2350 2788 Aglais
2384 2735 2517 2775 vero
2547 2738 2560 2775 :
2590 2721 2709 2775 Non
2753 2731 2859 2787 est,
2886 2738 2917 2777 ο
2951 2723 3213 2787 Bonifaci,
3252 2727 3450 2795 inquit,

1874 2822 2091 2879 tempus
2140 2812 2384 2876 ludendi,
2434 2828 2612 2881 neque
2643 2814 2840 2867 horum
2892 2816 3207 2880 verborum,
3268 2820 3450 2886 aqui-

1868 2904 1973 2958 bus
2000 2903 2370 2959 abstinentem
2397 2906 2589 2974 jubeo,
2623 2916 2681 2958 ut
2714 2907 2802 2973 pic
2829 2915 2884 2960 et
2928 2908 3155 2961 honeste
3188 2918 3239 2961 te
3270 2925 3447 2977 geras.

177 2974 475 3041 ὑπηρετεῖν
511 2975 750 3045 μέλλεις,
782 2971 855 3033 ὧν
878 2983 1042 3050 ἡμᾶς,
1078 2985 1152 3055 μὴ
1180 2988 1258 3040 ὅτι
1288 3007 1348 3057 γε
1376 2994 1600 3060 ψαύειν,
1624 2971 1763 3055 ἀλλά

1871 3000 2005 3055 Nam
2051 2999 2119 3054 iis
2166 3015 2226 3055 es
2260 3001 2651 3063 iuserviturus,
2696 3016 2817 3069 quae
2858 3016 2960 3054 nos
2987 3016 3094 3057 non
3124 3002 3299 3056 solum
3331 3012 3449 3057 tan~

177 3066 270 3123 ml.
303 3066 534 3134 βλέπειν
595 3071 720 3133 τοὺς
773 3073 1023 3138 ἀναξίους
1080 3079 1376 3151 πάντολμον
1425 3088 1521 3139 καὶ
1558 3088 1760 3158 Θρασύ.

1864 3106 2020 3159 gere,
2083 3092 2179 3145 sed
2240 3093 2405 3145 etiam
2459 3094 2708 3161 asyieere
2768 3094 3058 3164 indignos,
3120 3096 3302 3150 nimiae
3364 3108 3451 3151 est

179 3158 405 3223 Τούτοις
435 3161 757 3233 ἀρκούντως
795 3168 1164 3239 ἐπι-τιμήσασα
1196 3175 1292 3226 uel.
1326 3178 1769 3248 tvtpé'lgatoamon

1876 3158 2121 3237 audeeim
2157 3190 2210 3235 et
2242 3183 2585 3235 temeritatis.
2620 3183 2756 3235 Cum
2795 3185 2882 3238 his
2919 3186 3051 3238 satis
3083 3186 3447 3255 increpasset,

180 3249 329 3303 ὥσπε
340 3270 373 3321 ρ
406 3254 533 3306 ἀντὶ
566 3256 787 3318 παιδιᾶς
823 3260 1054 3329 ἀκαίρου
1092 3266 1172 3326 εἱς
1226 3268 1389 3334 φόϐον
1416 3271 1637 3341 εωογον
1665 3276 1763 3347 τὴν

183 3344 396 3394 ἐκείνου
420 3344 610 3415 ψυχὴν
631 3349 1045 3417 καταστήσασα,
1080 3347 1199 3407 εἶτα
1227 3359 1343 3421 καὶ,
1362 3358 1422 3410 Ὀ
1440 3361 1592 3426 Θεὸς,
1612 3344 1763 3420 ἐπεί-

182 3432 382 3496 ποῦσα,
417 3436 446 3485 ὁ
474 3432 545 3485 δι’
584 3430 731 3502 ἡμᾶς
773 3439 989 3511 μορφὴν
1012 3441 1197 3497 δούλου
1236 3446 1411 3501 λαϐὼν
1437 3448 1532 3504 καὶ
1558 3454 1615 3506 τὸ
1638 3457 1765 3509 ἐαυ-

179 3528 270 3577 τοῦ
297 3521 445 3593 αἷμα
490 3527 717 3595 ἐκχέας,
766 3520 928 3596 αὐτος
958 3535 1178 3606 παρίδοι
1219 3540 1288 3593 τά
1314 3543 1630 3613 πταίσματά
1664 3565 1764 3618 μου

181 3615 272 3664 καὶ
324 3616 635 3671 ἀποστελεῖ
684 3621 775 3672 τὸν
828 3622 1061 3691 ἄγγελον
1091 3628 1257 3682 αὑτοῦ
1310 3631 1618 3703 ἔμπροσθέν
1647 3615 1763 3705 σου,

180 3708 269 3757 καὶ
294 3707 641 3760 καοευθυνεῖ
675 3711 740 3765 τὰ
773 3712 929 3783 διαϐή
942 3718 1087 3783 ματα
1111 3735 1204 3770 σου
1226 3735 1239 3748 ’
1273 3722 1408 3790 πρὸς
1428 3725 1638 3790 τούτοις
1672 3733 1767 3784 καὶ

178 3797 357 3862 δεξιὰν
387 3800 550 3868 αὐτῷ
590 3804 691 3872 τὴν
726 3805 982 3859 ἐπάνοδον
1005 3810 1275 3880 εὐξαμένη
1328 3814 1626 3884 ἐξέπεμψε.
1663 3821 1765 3874 Τὸν

176 3888 229 3939 δὲ
258 3889 595 3957 Βονιφάτιον
629 3891 845 3963 ὤνησαν
878 3899 976 3964 μὲν
1001 3899 1062 3950 οὑ
1095 3902 1329 3970 μετρίως
1358 3922 1417 3957 τε
1459 3910 1555 3961 καὶ
1589 3912 1637 3963 οἱ
1666 3911 1765 3982 τῆς

174 3978 471 4052 δεσποίνης
509 3983 690 4050 λόγοι,
717 3988 809 4040 καὶ
860 3989 996 4058 πρὸς
1031 3992 1101 4044 τὰ
1132 3992 1250 4048 θεῖά
1277 4013 1337 4048 τε
1367 4000 1460 4050 καὶ
1495 3978 1765 4072 σεϐάσμιά

176 4074 402 4141 περιδεῆ
442 4075 820 4143 κατέστησαν,
853 4078 977 4132 ὅθεν
1012 4080 1134 4134 οὒτε
1174 4085 1351 4152 κρεῶν
1388 4087 1591 4155 ἥπτετο
1625 4094 1766 4147 κατὰ

173 4166 271 4233 τὴν
302 4166 575 4235 πορείαν,
603 4165 727 4218 οὔτε
761 4167 868 4235 μὴν
899 4172 1027 4238 οἴνῳ
1054 4174 1250 4242 ἐχρῆτο
1273 4191 1288 4206 ο
1320 4177 1490 4248 εἰσῄει
1522 4182 1578 4233 δὲ
1602 4185 1765 4237 αὑτὸν

176 4260 270 4311 καὶ
303 4259 609 4328 λογισμὸς,
662 4257 848 4329 ὥσπερ
903 4264 1250 4334 παιδαγωγὸς
1296 4268 1519 4338 ἀγαθὸς,
1550 4273 1763 4346 ὅτιπερ,

175 4343 277 4403 Οἷα
304 4350 552 4418 δράσας,
596 4346 686 4402 οἷα
743 4353 923 4420 μέλλω
952 4359 1138 4425 χερσὶν
1180 4361 1432 4427 ἀνάγνοις
1469 4343 1764 4436 μετακομί-

173 4440 316 4506 ζειν;
354 4444 469 4495 Καὶ
488 4440 576 4510 τῷ
611 4442 720 4494 δέει
743 4444 917 4513 τούτῳ
944 4446 1127 4516 ἡρέμα
1148 4466 1199 4501 τι
1222 4452 1320 4518 τῆς
1354 4457 1491 4524 πρὸς
1523 4458 1581 4509 τὸ
1605 4460 1763 4528 σῶμα

1867 3283 1923 3330 et
1971 3266 2177 3342 pudere
2212 3273 2504 3337 affecisset,
2547 3283 2603 3328 et
2636 3290 2732 3341 pro
2778 3274 2909 3333 ludo
2948 3276 3335 3344 intempestivo
3378 3280 3447 3332 ad

1862 3369 2071 3438 justum
2101 3377 2157 3421 et
2200 3366 2396 3420 rationi
2437 3378 2865 3420 consentaneum
2899 3378 3101 3421 metum
3134 3367 3285 3421 illius
3326 3368 3447 3422 anio

1868 3474 2010 3511 main
2046 3457 2381 3510 traduxisset
2410 3466 2465 3510 ct
2493 3456 2718 3510 dixisset
2748 3475 2760 3509 :
2801 3458 2963 3520 Deus,
3000 3460 3091 3525 qui
3146 3460 3287 3511 servi
3332 3459 3447 3513 for-

1867 3564 2011 3602 mam
2042 3560 2262 3618 propter
2287 3562 2387 3601 nos
2416 3548 2635 3617 accipit,
2680 3559 2735 3603 et
2778 3563 2936 3601 suum
2978 3548 3177 3604 eﬂudit
3217 3552 3445 3620 sangui-

1866 3655 2015 3703 nem,
2049 3640 2163 3706 ipse
2190 3639 2257 3691 ad
2288 3654 2405 3691 mea
2436 3654 2545 3692 non
2596 3640 2827 3707 aspiciat
2882 3640 3103 3703 delicta,
3162 3650 3217 3695 et
3268 3643 3447 3698 mittat

1868 3731 2121 3799 angelum
2178 3746 2337 3784 suum
2370 3742 2497 3784 ante
2549 3739 2624 3790 te.
2676 3740 2731 3784 et
2778 3731 2978 3800 dirigat
3024 3747 3245 3801 gressus
3298 3744 3442 3790 tuos.

1871 3822 2078 3875 Deinde
2124 3822 2362 3875 faustum
2404 3825 2452 3876 ei
2504 3832 2721 3890 precata
2763 3821 3018 3885 reditum,
3045 3838 3170 3877 eum
3214 3824 3438 3879 emittit.

1870 3912 2146 3966 Bonifacio
2198 3927 2329 3966 vero
2379 3928 2488 3966 non
2542 3913 2897 3966 mediocriter
2944 3915 3167 3980 quidem
3223 3915 3445 3983 profue-

1869 4016 1999 4059 runt
2029 4006 2194 4058 verba
2224 4005 2481 4066 dominae,
2513 4013 2569 4059 et
2596 4012 2657 4057 ut
2693 4020 2779 4057 res
2807 4003 3022 4057 divinas
3062 4015 3118 4059 et
3154 4008 3443 4076 religiosas

1867 4103 2232 4156 revereretur,
2285 4093 2613 4147 effecerunt.
2670 4095 2807 4149 Hinc
2876 4096 3077 4149 factum
3139 4107 3333 4151 cst‘ut
3386 4100 3442 4153 in

1868 4185 2067 4239 itinere
2114 4199 2218 4239 nec
2271 4198 2469 4238 carnes
2515 4194 2786 4251 tangeret,
2848 4200 2948 4238 nec
2995 4187 3120 4237 vino
3170 4198 3439 4241 uteretur.

1868 4254 2098 4329 Subibat
2150 4285 2331 4329 autem
2380 4277 2501 4346 ejus
2566 4290 2788 4343 quoque
2846 4286 3084 4331 mentem
3160 4278 3440 4347 cogitatio,

1868 4366 2035 4419 veluti
2087 4366 2309 4435 quidam
2368 4367 2551 4420 bonus
2602 4367 2927 4437 paedagogus
2993 4384 3007 4422 :
3056 4370 3246 4434 Qualia
3315 4382 3443 4426 sunt

1868 4471 1990 4524 qua:
2022 4442 2146 4520 feci,
2206 4466 2261 4509 et
2291 4457 2473 4523 qualia
2512 4471 2633 4509 sum
2681 4457 2910 4525 impuris
2957 4460 3209 4513 manibus
3254 4473 3442 4529 porta-

173 4533 575 4601 προσπαΘείας
630 4533 1028 4609 κατωλιγώρει,
1088 4540 1181 4592 καὶ
1242 4541 1419 4611 ἐαυτῷ
1474 4550 1761 4619 προσέχειν

1871 4548 2056 4600 turus?
2107 4548 2334 4615 Propter
2377 4548 2527 4601 hunc
2564 4558 2691 4600 vero
2740 4559 2967 4613 metum,
3016 4552 3218 4605 sensim
3266 4554 3442 4622 negli-

172 4625 425 4680 ἐπείθετο
444 4644 458 4657 ·
490 4625 665 4695 φόϐος
696 4625 795 4695 μὲν
821 4627 929 4698 γὰρ
956 4630 1140 4701 πατὴρ
1164 4634 1438 4705 προσοχῆς
1459 4653 1473 4667 ο
1510 4639 1542 4708 ή
1576 4640 1631 4692 δὲ
1663 4657 1764 4708 γα-

171 4716 335 4787 λήνης
370 4721 575 4788 μήτηρ
630 4718 726 4770 καὶ
754 4723 1162 4789 καταστάσεως,
1199 4726 1342 4798 αὕτη
1372 4728 1549 4800 δὲτὴν
1583 4734 1763 4785 συναί-

172 4808 386 4876 σθησιν,
438 4810 647 4879 ὥσπερ
675 4811 734 4865 ἐν
759 4810 1016 4884 ἀταράχῳ
1047 4816 1155 4869 τινὶ
1178 4819 1274 4871 καὶ
1326 4820 1551 4891 καθαρῷ
1584 4822 1759 4887 ὕδατι,

167 4900 233 4952 τὰ
260 4902 439 4969 αὐτῆς
470 4900 649 4969 αἴσχη
694 4901 1003 4957 διαϐλέπειν
1045 4910 1191 4958 ποιεῖ
1269 4910 1360 4961 καὶ
1396 4911 1569 4975 οὕτως
1595 4916 1761 4983 ἀρχαὶ

169 4992 260 5043 καὶ
296 4992 451 5062 ῥίζαι
476 4990 583 5059 τῆς
622 4995 913 5059 μετανοίας
944 4997 1192 5062 φύονται,
1224 5000 1262 5069 ἢ
1294 5001 1357 5071 δὴ
1387 5003 1507 5055 τότε
1540 5005 1636 5060 καὶ
1660 5007 1759 5059 Βο-

169 5083 416 5148 νιιράτιογ
450 5081 645 5143 καλῶς
681 5085 1014 5155 συνειλήφει,
1041 5088 1136 5140 καὶ
1166 5090 1265 5161 ήδη
1299 5092 1434 5162 πρὸς
1465 5095 1583 5163 βίου
1607 5098 1762 5169 ἀκρί-

168 5170 317 5225 ϐειαν
371 5173 678 5227 ἀπονεύων
734 5178 966 5246 φανερὸς
1003 5175 1093 5249 ἦν,
1129 5184 1227 5249 τῆς
1286 5184 1384 5251 μὲν
1448 5192 1760 5257 παχυτέρας

167 5264 370 5333 ταύτης
400 5269 506 5319 καὶ
532 5266 799 5337 περιττῆς
823 5274 1048 5341 τροφῆς,
1067 5274 1254 5345 ὥσπερ
1295 5276 1522 5345 ἔφημεν,
1562 5284 1759 5350 ἀπεχό-

170 5373 347 5424 μενος,
383 5359 567 5427 εῦχῆς
591 5359 650 5411 δὲ
692 5360 1031 5415 ἀδιαλείπτου
1074 5364 1168 5419 καὶ
1190 5369 1443 5437 νηστείας
1490 5374 1628 5426 κατά
1662 5375 1759 5444 τὴν

168 5452 398 5520 πορείαν
427 5450 728 5519 ἐχόμενος.

234 5711 307 5765 ιε’.
356 5712 523 5764 Ἐπεὶ
582 5709 639 5763 δὲ
698 5710 788 5763 καὶ
822 5713 1016 5776 ἐπιϐὰς
1079 5716 1173 5785 τῆς
1231 5718 1413 5783 Ἀσίας
1465 5722 1605 5777 κατᾶ
1658 5725 1756 5797 τὴν

171 5803 528 5877 ὑμνουμένην
588 5802 691 5873 τῆς
728 5803 975 5871 Κιλικίας
1008 5804 1219 5879 Ταρσὸν
1264 5810 1495 5882 ἐγένετο,
1528 5814 1656 5869 ἔνθα
1688 5817 1750 5888 δὴ

1866 4636 2024 4707 gebat
2053 4638 2341 4705 pristinam
2371 4652 2527 4693 suam
2558 4637 2613 4689 in
2646 4653 2846 4707 corpus
2877 4640 3249 4703 aﬂ'ectionem,
3278 4654 3333 4697 et
3378 4654 3439 4696 ut

1863 4730 1967 4783 sibi
2021 4729 2367 4793 attenderet,
2435 4728 2541 4781 sibi
2603 4730 2988 4797 persuadebat.
3050 4733 3183 4786 Nam
3260 4746 3441 4788 metus

1863 4822 2083 4890 quidem
2111 4831 2194 4874 est
2220 4829 2396 4875 mater
2421 4821 2828 4889 tranquillitatis
2866 4834 2923 4878 et
2955 4824 3194 4890 quietis;
3224 4842 3284 4878 ea
3313 4841 3444 4879 vero

1864 4914 2003 4982 parit
2032 4913 2445 4977 conscientiam,
2475 4928 2596 4981 qua:
2645 4912 2797 4975 facit.
2845 4926 2907 4970 ut
2960 4914 3141 4966 anima
3188 4924 3446 4983 tanquam

1865 5005 1917 5057 in
1952 5021 2084 5072 pura
2113 5005 2290 5071 aliqua
2323 5013 2379 5056 et
2417 5020 2523 5057 non
2574 5006 2791 5066 turbata
2824 5022 2996 5077 aqua,
3033 5022 3129 5059 sua
3163 5007 3445 5061 intueatur

1864 5095 2128 5151 dedecora
2167 5111 2181 5149 :
2232 5105 2288 5149 et
2347 5094 2425 5148 sic
2477 5104 2786 5151 nascuntur
2831 5098 3103 5168 principia
3149 5107 3203 5151 et
3236 5100 3445 5155 radices

1863 5188 2213 5255 pmnitentiae.
2268 5188 2387 5241 Jam
2442 5196 2573 5240 tunc
2624 5198 2807 5241 autem
2846 5191 3073 5257 pulchre
3113 5204 3438 5259 conceperat

1862 5278 2194 5339 Bonifacius,
2226 5287 2281 5330 et
2310 5279 2417 5348 jam
2454 5289 2643 5347 aperte
2674 5284 3023 5342 ostendebat,
3057 5300 3114 5336 se
3168 5285 3436 5338 inclinare

1862 5368 1927 5421 ad
1959 5370 2123 5423 vitam
2152 5368 2447 5436 perfectam
2476 5380 2530 5421 et
2566 5380 2900 5432 accuratam,
2940 5382 2999 5426 ut
3031 5376 3124 5442 qui
3166 5391 3193 5427 a
3228 5377 3430 5429 crassis

1860 5460 2080 5526 quidem
2136 5469 2191 5511 et
2235 5460 2677 5527 supervacaneis,
2730 5472 2787 5515 ut
2833 5463 3093 5521 diximus.
3126 5466 3425 5521 abstineret

1861 5549 2158 5611 alimentis,
2212 5550 2445 5604 assiduis
2476 5566 2608 5605 vero
2636 5555 2895 5621 precibus
2924 5566 2979 5608 et
3007 5558 3231 5625 jejuniis
3265 5573 3433 5611 vaca-

1861 5650 1942 5693 ret
1972 5639 2023 5693 in
2054 5638 2272 5694 itinere.

1931 5734 1993 5787 ν.
2039 5732 2329 5801 Postquam
2363 5742 2546 5788 autem
2589 5736 2923 5796 ascendisset
2951 5738 3002 5793 in
3034 5741 3241 5813 Asiam,
3270 5754 3322 5797 et
3365 5747 3431 5803 ad

1860 5822 2191 5878 celebratam
2225 5824 2278 5877 in
2328 5823 2515 5880 Cilicia
2569 5828 2911 5894 pervenisset
2944 5829 3201 5899 Tarsum,
3232 5849 3341 5903 quo
3371 5834 3431 5891 in
