4180 6476
725 421 831 486 251

2022 419 2306 480 MENSIS
2337 420 2601 484 MAIUS.

3884 430 3988 493 932

724 539 955 595 dolore:
1003 547 1059 591 et
1105 545 1296 606 aperte
1338 537 1571 591 ostende
1601 544 1651 593 te
1703 534 1834 590 mihi
1869 550 2028 605 opem
2062 534 2203 589 ferre
2245 532 2299 587 ad

2419 533 2692 602 κουφίζων
2723 553 2790 605 με
2829 535 2928 604 τῆς
2966 535 3180 604 ὀδύνης,
3215 535 3307 590 καὶ
3349 539 3430 601 είς
3453 537 3550 608 τὴν
3586 538 3731 592 κατά
3758 539 3854 592 τοῦ
3897 543 3995 594 Σα-

721 627 1016 698 parandam
1063 628 1352 682 victoriam
1403 625 1665 680 adversus
1722 624 1978 680 Satanam
2035 637 2091 680 et
2155 626 2303 680 hunc

720 721 1032 790 przesidem.
1084 720 1191 775 Pro
1242 728 1297 774 te
1340 719 1488 774 enim
1542 727 1596 772 et
1645 726 1734 772 tua
1787 719 1984 788 gloria,
2044 727 2106 774 ut
2170 718 2298 781 scis,

720 814 963 868 decerto.
994 811 1119 867 llrec
1147 811 1306 876 dixit,
1335 819 1388 865 et
1410 818 1632 865 sanctos
1679 809 1843 864 simul
1877 811 2111 880 rogavit,
2159 820 2220 864 ut
2248 812 2300 866 ei

717 921 879 975 opem
915 905 1122 958 ferrent
1155 904 1269 958 suis
1313 902 1570 972 precibus
1600 900 1668 954 ad
1696 901 2155 957 deccrtationem.
2203 903 2301 957 At-

716 1011 827 1065 que
867 995 943 1048 illi
974 993 1193 1064 quidem
1213 994 1264 1048 ei
1292 993 1662 1062 precabantur
1705 993 1990 1047 victoriam
2041 1001 2097 1047 et
2136 992 2298 1048 tinem

718 1086 962 1157 martyrii
999 1103 1013 1139 :
1047 1085 1261 1139 exstitit
1301 1093 1484 1137 autem
1517 1092 1646 1136 tunc
1678 1099 1903 1153 quoque
1945 1082 2152 1138 Christi
2189 1085 2301 1138 vir-

719 1179 854 1236 tutis
892 1193 1032 1246 opus
1070 1178 1230 1246 plane
1258 1175 1600 1230 admirabile.
1634 1175 1768 1228 Nam
1810 1191 1933 1230 cum
1955 1178 2295 1231 tormentum

712 1269 824 1336 jam
855 1275 996 1322 eSset
1032 1276 1304 1334 paratum,
1329 1274 1384 1320 et
1418 1264 1732 1318 Bonifacius
1770 1275 2027 1334 tanquam
2072 1267 2295 1334 quidam

718 1367 980 1413 strenuus
1023 1357 1227 1411 athleta
1277 1364 1469 1421 staret,
1513 1366 1836 1425 exspectans
1875 1357 2292 1413 adversarium:

715 1451 812 1509 alii
842 1463 975 1505 vero
1006 1458 1303 1519 martyres,
1333 1455 1522 1517 utpote
1557 1463 1668 1502 non
1691 1450 1866 1504 solum
1901 1449 2292 1516 decertatores,

717 1542 814 1597 sed
850 1555 1044 1596 eorum
1075 1539 1262 1605 etiam,
1309 1555 1430 1608 quae
1475 1541 1528 1593 in
1572 1540 1675 1594 hoc
1716 1539 1937 1606 fiebant,
1976 1556 2132 1596 acres
2168 1557 2295 1613 spe-

717 1641 975 1696 ctatores,
1001 1639 1056 1685 et
1079 1630 1252 1699 magis
1273 1646 1433 1700 quam
1462 1630 1548 1685 ille
1574 1632 1756 1686 animo
1781 1632 1950 1694 anxii;
1975 1634 2025 1688 ei
2047 1634 2291 1702 quidem,

719 1728 780 1775 ut
832 1720 1092 1786 diximus,
1148 1720 1311 1775 simul
1355 1729 1715 1789 precarentur
1775 1721 2097 1776 victoriam:
2164 1733 2295 1780 tunc

717 1824 841 1881 qua:
870 1818 990 1864 erat
1020 1819 1349 1879 congregata
1391 1811 1576 1879 populi
1625 1798 1940 1877 multitudo,
1989 1822 2045 1867 et
2085 1815 2293 1884 alioqui

2411 629 2550 679 τανᾶ
2601 629 2696 679 καὶ
2730 627 2822 679 τοῦ
2847 629 3108 698 ἄρχοντος
3130 625 3287 681 τοῦδε
3316 630 3472 697 νίκην
3504 647 3596 698 μοι
3631 631 3836 699 φάνηθι
3873 649 3989 683 συν-

2411 719 2700 788 αιρόμενος
2722 738 2735 752 ·
2797 719 2892 773 σοῦ
2954 722 3061 790 γαρ
3092 723 3283 774 ἕνεκεν
3310 724 3404 774 καὶ
3447 723 3546 791 τῆς
3577 723 3677 791 σῆς
3701 722 3882 791 δόξης,
3918 727 3990 786 ὡς

2409 807 2578 873 οἶδας,
2615 811 2929 882 ὑπεραθλῶ.
2965 813 3151 865 Ταῦτα
3195 812 3350 881 ἔλεγε
3375 830 3388 844 °
3423 814 3514 866 καὶ
3541 814 3649 868 τῶν
3672 815 3849 881 ἁγίων
3876 817 3989 884 ἅμα

2410 899 2616 967 ἐδεῖτο,
2682 904 2870 971 εὐχαῖς
2952 903 3100 973 αύτῷ
3166 905 3628 973 συνεπιλήψεσθαι
3692 908 3833 975 πρὸς
3889 909 3987 976 τὴν

2408 989 2654 1059 ἄθλησιν.
2709 993 2770 1044 0i
2805 991 2907 1060 μὲν
2957 991 3048 1045 οὖν
3075 993 3225 1062 αὐτῷ
3265 994 3367 1061 τήν
3399 1012 3457 1048 τε
3491 995 3648 1064 νίκην
3676 996 3773 1048 καὶ
3805 997 3866 1049 τὸ
3895 997 3986 1048 τοῦ

2410 1083 2712 1152 μαρτυρίου
2744 1085 2896 1146 τέλος
2919 1085 3237 1153 ἐπεύχοντο.
3263 1085 3479 1139 Γίνεται
3511 1087 3567 1140 δὲ
3593 1091 3689 1140 καὶ
3716 1089 3844 1141 τότε
3892 1089 3986 1157 τῆς

2404 1175 2500 1228 τοῦ
2547 1176 2785 1245 Χριστοῦ
2812 1177 3094 1246 δυνάμεως
3127 1176 3290 1244 ἔργον
3321 1178 3791 1248 άξιοθαύμαστον.
3835 1183 3984 1234 Ἐπεὶ

2405 1266 2511 1334 γὰρ
2684 1268 2778 1320 καὶ
2805 1270 2838 1336 ἡ
2867 1267 3098 1336 βάσανος
3130 1269 3412 1339 εὐπρεπὴς
3441 1265 3530 1339 ἦν,
3580 1271 3676 1322 καὶ
3709 1272 3737 1322 ὁ
3763 1273 3990 1340 Βονιφά-

2402 1375 2514 1418 τιος
2540 1359 2733 1427 ὥσπερ
2760 1377 2843 1420 τις
2869 1359 3176 1430 παλαιστὴς
3198 1363 3448 1428 γενναῖος
3477 1363 3723 1431 εἱστήκει
3759 1367 3987 1433 περιμές

2403 1466 2509 1502 νων
2546 1449 2638 1501 τὸν
2662 1451 3099 1521 ἀνταγωνιστὴν,
3131 1453 3180 1503 οἱ
3211 1451 3360 1505 ἄλλοι
3384 1453 3440 1504 δὲ
3470 1453 3773 1524 μάρτυρες,
3804 1455 3879 1517 ὡς
3922 1457 3986 1508 ἄν

2401 1539 2500 1592 οὐκ
2525 1540 2825 1607 ἀγωνισταὶ
2857 1541 3038 1610 μόνον,
3074 1541 3216 1594 ἀλλά
3243 1542 3338 1594 καὶ
3367 1541 3476 1593 τῶν
3512 1544 3605 1594 ἐπὶ
3643 1544 3824 1612 τούτῳ
3852 1543 3986 1611 δρωο

2406 1628 2581 1696 μένων
2637 1627 2830 1697 θερμοὶ
2890 1628 3100 1690 θεαταὶ,
3159 1631 3254 1682 καὶ
3302 1630 3563 1699 μᾶλλονῆ
3598 1632 3811 1691 ἐκεῖνος
3845 1633 3983 1696 drm-

2401 1718 2643 1782 νιῶντες,
2674 1719 2771 1790 τὴν
2807 1719 2986 1787 νίκην,
3023 1719 3212 1790 ὥσπερ
3267 1725 3500 1793 ἔφημεν,
3549 1725 3980 1792 συνεπηύχοντο·

2403 1811 2522 1862 τότε
2553 1811 2616 1878 δὴ
2644 1813 2702 1863 τὸ
2743 1813 3160 1882 συνειλεγμένον
3183 1815 3406 1882 πλῆθος,
3428 1815 3522 1869 καὶ
3550 1815 3727 1879 ἄλλως
3756 1819 3853 1868 καὶ
3880 1817 3983 1867 τῶν

716 1917 781 1957 ex
811 1902 879 1956 iis
917 1916 1040 1972 quae
1094 1910 1520 1972 praecesserant,
1572 1911 1720 1957 mota
1761 1913 1883 1958 erat
1923 1904 2299 1962 misericordia

2406 1902 2788 1972 προλαϐόντων
2827 1903 2970 1956 κατά
3011 1905 3234 1974 μικρὸν,
3305 1905 3466 1958 τοῦτο
3532 1909 3630 1975 μὲν
3671 1907 3811 1977 πρὸς
3868 1906 3984 1967 τοὺς

717 2003 1062 2066 martyrum:
1119 1993 1321 2063 partim
1367 2003 1551 2048 autem
1600 2009 1745 2063 aegre
1803 1994 2014 2050 ferebat
2071 1997 2294 2052 nimiam

717 2085 972 2156 prasidis
1021 2084 1433 2148 crudelitatem,
1483 2093 1537 2139 et
1590 2096 1818 2155 propter
1884 2098 2117 2158 utraque
2180 2091 2298 2146 haec

717 2186 1035 2234 sanctorum
1069 2177 1124 2231 in
1153 2176 1322 2232 rebus
1363 2176 1574 2245 asperis
1605 2178 1942 2246 etgravibus
1971 2196 2080 2234 non
2117 2183 2297 2236 solum

717 2269 1084 2332 tolerantiam,
1128 2265 1221 2322 sed
1282 2267 1446 2321 etiam
1502 2267 1750 2322 latitiam
1797 2271 2076 2338 stupebat,
2117 2281 2173 2326 et
2220 2273 2300 2328 sic

715 2360 1092 2416 deducebatur
1129 2359 1196 2413 ad
1238 2359 1398 2414 [idem
1453 2361 1508 2412 in
1551 2359 1858 2425 Christum,
1925 2363 2178 2420 universa
2212 2382 2299 2422 re-

716 2461 879 2523 pente
910 2451 1073 2504 simul
1121 2451 1260 2504 tollit
1319 2449 1608 2503 coMusum
1658 2450 1972 2517 clamorem,
2014 2462 2070 2508 et
2115 2466 2297 2513 mente

714 2551 771 2597 et
804 2556 937 2596 voce
965 2541 1404 2598 consentientem
1434 2557 1447 2592 :
1477 2539 1704 2612 Magnus
1734 2553 1820 2598 est
1859 2545 2005 2600 Deus
2030 2546 2298 2604 Christia-
2329 2622 2333 2627 ἱ

714 2651 939 2702 norum;
975 2650 1204 2704 magnus
1238 2650 1298 2689 es
1331 2635 1468 2699 Rex,
1499 2635 1758 2701 Christe;
1793 2652 1984 2692 omnes
2013 2639 2065 2692 in
2096 2651 2147 2693 te
2176 2656 2296 2696 cre-

715 2727 919 2782 dimus.
952 2725 1078 2781 Haec
1117 2735 1175 2781 et
1222 2740 1416 2780 omnes
1471 2726 1804 2790 clamabant,
1853 2737 1910 2781 et
1943 2730 2107 2783 simul
2146 2746 2295 2785 aram

715 2818 984 2888 quidem,
1043 2833 1166 2886 qua:
1220 2818 1334 2872 illic
1394 2824 1518 2880 est,
1584 2819 1950 2886 evertebant,
2009 2822 2296 2890 prmsidem

713 2918 897 2962 autem
953 2908 1232 2978 lapidibus
1299 2909 1652 2978 appetebant.
1722 2909 1815 2965 Ille
1873 2927 2032 2978 vero,
2100 2914 2296 2969 timore

714 2999 944 3057 an‘ectus
965 3008 1022 3055 et
1042 3016 1155 3055 suae
1177 3003 1300 3057 vitae
1332 3009 1607 3064 metuens,
1637 3010 1699 3054 ut
1723 3001 1820 3070 qui
1863 3009 2082 3058 veniret
2119 3005 2173 3057 in
2204 3020 2300 3073 pe-

717 3090 974 3154 riculum,
1018 3107 1085 3146 ne
1113 3107 1237 3146 mox
1271 3093 1501 3161 periret,
1529 3091 1654 3163 fuga
1680 3107 1793 3149 suae
1843 3095 2007 3150 saluti
2031 3097 2291 3165 consulit,

715 3183 954 3252 turpiter
979 3183 1210 3238 dimisso
1247 3183 1484 3238 theatro.

785 3273 878 3328 1X.
935 3272 1062 3330 Hac
1105 3276 1270 3330 alium
1327 3277 1551 3346 quidem
1599 3277 1850 3347 quamvis
1895 3278 2183 3334 eﬂ‘eratum
2234 3293 2292 3337 ct

717 3365 1050 3432 immanem,
1099 3367 1179 3420 ira
1231 3375 1412 3420 tamen
1466 3368 1831 3437 placabilem,
1892 3373 2294 3438 persuasissent

713 3455 906 3510 eadem
935 3460 1162 3522 sentire,
1205 3473 1328 3529 qua:
1358 3459 1475 3524 alii,
1512 3468 1568 3513 et
1605 3459 1921 3514 eﬂ‘ecissent
1945 3469 2004 3515 ut
2033 3463 2100 3515 ad
2130 3463 2292 3517 Chri-

716 3555 862 3602 stum
892 3550 1181 3606 accederet
1213 3565 1228 3605 :
1265 3560 1318 3606 at
1345 3567 1454 3605 non
1485 3551 1639 3606 illum
1671 3553 2002 3608 sceleratum
2036 3563 2090 3610 et
2132 3570 2290 3610 exse—

716 3637 1010 3692 crandum.
1048 3639 1155 3693 Sed
1183 3649 1396 3693 tantum
1427 3641 1622 3704 abluit,
1661 3651 1721 3695 ut
1761 3643 1876 3711 ipse
1906 3659 1970 3698 ex
2010 3646 2205 3703 timore
2239 3657 2294 3702 et

716 3744 782 3783 cx
834 3729 938 3785 hac
989 3730 1301 3786 admirabili
1349 3732 1537 3802 populi
1607 3735 2012 3800 consensione,
2055 3739 2292 3805 aliquam

716 3823 992 3892 acceperit
1019 3825 1338 3888 utilitatem,
1383 3835 1443 3879 ut
1480 3827 1736 3880 statuerit
1777 3827 1942 3880 etiam
1987 3842 2100 3882 rem
2134 3844 2294 3898 agere

718 3914 914 3980 majori
947 3915 1326 3978 contentione,
1371 3925 1429 3970 et
1464 3915 1544 3968 ira
1592 3930 1721 3968 eum
1772 3915 2058 3982 incitante,
2119 3929 2296 3973 certa-

719 4018 845 4058 men
878 4005 1214 4062 instaurare.
1249 4006 1406 4063 Mane
1437 4023 1569 4076 ergo
1597 4007 1895 4077 praesidens
1922 4009 1976 4062 in
2009 4011 2294 4076 tribunali,

719 4111 844 4148 cum
874 4106 1121 4151 curasset
1151 4097 1205 4150 in
1239 4112 1400 4152 suum
1432 4107 1790 4166 conspectum
1832 4098 2061 4167 produci
2096 4111 2322 4172 marty—f

723 4199 862 4250 rem,
897 4196 951 4240 et
985 4187 1133 4242 illius
1160 4188 1527 4258 exprobrabat
1568 4191 1850 4258 pietatem,
1905 4201 1960 4247 et
2007 4194 2156 4260 quod
2193 4187 2316 4248 Do-i

723 4277 906 4329 minus
932 4284 1118 4331 noster
1138 4278 1330 4333 fuisset
1365 4281 1682 4347 cruciﬁxus,
1713 4283 1949 4339 ridebat.
2002 4286 2138 4338 Cum
2183 4285 2298 4340 luce

723 4375 911 4422 autem
971 4383 1083 4421 non
1138 4369 1320 4424 ferens
1373 4381 1599 4444 martyr,
1650 4386 1906 4443 pergeret
1959 4377 2300 4444 gravioribus

725 4459 943 4528 probris
995 4459 1238 4515 vicissim
1285 4462 1544 4518 inscctari
1592 4464 1856 4535 judicem,
1903 4480 2002 4536 pro
2049 4466 2194 4520 veris
2244 4476 2300 4522 et

2403 1994 2691 2061 μάρτυρας
2730 1994 3117 2062 πταινόμενον,
3175 1994 3336 2047 τοῦτο
3369 1994 3426 2047 δὲ
3455 1999 3547 2047 καὶ
3583 1996 3722 2064 πρὸς
3772 1997 3834 2048 τὸ
3867 1995 3983 2046 liam

2399 2081 2548 2151 ὠμὸν
2588 2084 2683 2137 τοῦ
2713 2085 2976 2156 ἄρχοντος
3011 2088 3373 2157 δισχεραῖνον,
3405 2089 3499 2140 καὶ
3528 2087 3594 2139 δι’
3624 2089 3794 2156 ἄμφω
3815 2088 3983 2141 ταῦτα

2399 2175 2498 2244 τὴν
2531 2175 2624 2228 ὶπὶ
2657 2178 2770 2238 τοῖς
2817 2176 3013 2239 δεινοῖς
3062 2177 3172 2230 τῶν
3210 2177 3385 2243 ἁγίων
3416 2179 3514 2247 οὐχ
3545 2179 3671 2230 ὅσον
3703 2177 3982 2247 ὑπομονὴν

2400 2275 2538 2329 ἀλλά
2560 2276 2653 2328 καὶ
2677 2275 2871 2345 ἡδονὴν
2901 2275 3366 2344 ἐκπληττόμενον,
3407 2277 3500 2329 καὶ
3528 2275 3671 2328 οὕτω
3711 2276 3852 2345 πρδς
3886 2275 3982 2345 την

2401 2367 2480 2430 εἰς
2512 2367 2746 2435 Χριστὸν
2789 2367 2889 2437 ἠδη
2915 2365 3422 2438 χειραγωγούμενοι
3480 2367 3688 2428 πίστιν,
3727 2368 3980 2436 αἴρουσιν

2404 2461 2500 2531 μὲν
2528 2460 2678 2528 ἄφνω
2705 2460 2905 2521 πάντες
2931 2458 3058 2528 βοὴν
3081 2457 3361 2527 συμμιγῆ,
3399 2458 3500 2527 μιᾷ
3519 2457 3574 2509 δὲ
3608 2454 3980 2525 ἀνακράζουτι

2399 2552 2594 2622 γνώμῃ
2625 2568 2680 2604 τε
2710 2553 2804 2604 καὶ
2841 2539 3018 2620 φωνῇ.
3045 2550 3235 2616 Μέγας
3267 2551 3294 2602 ὁ
3324 2549 3456 2610 Θεὸς
3481 2549 3587 2602 τῶν
3612 2550 3979 2620 Χριστιανῶν·

2402 2644 2576 2713 μέγας
2601 2637 2669 2708 εἷ,
2700 2643 2900 2712 Χριστὲ
2933 2641 3179 2711 βασιλεῦ,
3202 2643 3402 2703 πάντες
3425 2643 3505 2704 είς
3531 2660 3587 2694 σε
3621 2642 3976 2710 πιστεύομεν.

2399 2735 2584 2788 Ταῦτα
2614 2735 2814 2797 πάντες
2840 2733 2897 2786 τέ
2922 2730 3250 2801 ἁνέκραζον,
3273 2734 3367 2785 καὶ
3398 2732 3513 2800 ἅμα
3545 2734 3634 2784 τὸν
3678 2734 3780 2802 μὲν
3804 2737 3978 2787 ἐκεῖσε

2402 2826 2589 2896 βωμὸν
2617 2826 3012 2896 κατέστρεφον,
3045 2825 3134 2877 τὸν
3162 2825 3219 2877 δὲ
3254 2824 3491 2893 ἄρχοντα
3522 2823 3693 2884 λίθοις
3733 2823 3975 2876 ἔϐαλλον·

2399 2920 2454 2982 ὃς
2486 2921 2580 2972 καὶ
2637 2918 2949 2986 κατάφοϐος
3008 2919 3103 2970 καὶ
3162 2917 3417 2986 περιδεὴς
3472 2917 3600 2986 περὶ
3649 2917 3748 2985 τῆς
3786 2914 3978 2968 ἑαυτοῦ

2399 3010 2576 3080 ψυχῆς
2598 3009 2858 3079 γεγονὼς,
2894 3009 2989 3061 καὶ
3020 3008 3209 3078 ὥσπερ
3262 3009 3384 3060 ὅσον
3439 3007 3591 3060 οὖπω
3649 3008 3981 3061 κινδυνεύων

2401 3099 2766 3164 ἀπολωλέναι,
2802 3101 2951 3168 φυγῇ
2995 3099 3134 3168 μόνη
3167 3098 3411 3153 πιστεύει
3439 3101 3536 3169 τὴν
3572 3101 3977 3172 σωτηρίαν,ἑπ’

2319 3216 2364 3271 c
2404 3193 2635 3262 αἰσχύνῃ
2659 3192 2828 3254 λύσας
2856 3192 2915 3244 τὸ
2948 3192 3199 3262 θέατρον.

2463 3283 2539 3339 Θ’.
2572 3283 2757 3336 Ταῦτα
2803 3282 2858 3334 δὲ
2912 3283 3071 3335 ἄλλον
3134 3283 3236 3350 μὲν
3293 3283 3533 3352 θηριώδη
3585 3283 3711 3334 τινὰ
3742 3283 3837 3334 καὶ
3866 3284 3978 3334 ἀτί-

2396 3378 2618 3440 θασσον,
2647 3375 2786 3441 πλὴν
2825 3374 3045 3442 ἰάσιμον
3065 3373 3165 3445 τὴν
3195 3375 3384 3444 ὀργὴν,
3414 3375 3642 3444 ἐπέσχον
3675 3375 3763 3435 ἂν,
3794 3374 3892 3427 καὶ
3910 3374 3976 3426 τά

2395 3471 2536 3528 αύτά
2565 3473 2678 3533 τοῖς
2710 3469 2891 3532 ἄλλοις
2926 3469 3219 3539 φρονῆσαι,
3254 3459 3346 3522 xii.
3397 3470 3472 3537 τῷ
3499 3470 3720 3540 Χριστῷ
3749 3468 3978 3538 προσελ-

2395 3563 2506 3615 θεῖν
2542 3559 2959 3627 παρεσκεύασεν
2983 3574 2997 3589 ο
3031 3557 3147 3611 ἀλλ’
3181 3559 3302 3628 ούχὶ
3333 3563 3429 3612 καὶ
3458 3565 3549 3612 τδν
3593 3559 3796 3630 μιαρὸν
3834 3561 3976 3614 ἐκεῖ·

2395 3671 2484 3707 νον
2508 3669 2522 3684 ο
2556 3652 2692 3704 ἀλλὰ
2724 3651 2976 3701 τοσοῦτον
3009 3651 3246 3718 ἀπέσχεν
3272 3650 3434 3713 αὐτὸς
3473 3651 3781 3702 annuo“:
3800 3669 3852 3704 τι
3885 3652 3975 3705 τοῦ

2396 3743 2562 3810 φόϐου
2595 3742 2687 3793 καὶ
2718 3740 2816 3807 τῆς
2851 3740 3162 3809 παραδόξου
3197 3740 3402 3809 ταύτης
3433 3740 3524 3794 τοῦ
3558 3741 3801 3810 πλήθους
3846 3761 3979 3812 συμ-

2397 3831 2608 3893 πνοίας,
2670 3831 2793 3882 ὅσον
2824 3828 2968 3896 ἔγνω
3022 3831 3115 3883 καὶ
3149 3830 3590 3901 φιλονεικότερος
3615 3835 3974 3902 καταστῆναι,

2396 3923 2487 3976 καὶ
2519 3920 2868 3986 σπουδάζειν,
2910 3920 3005 3974 ἅτε
3055 3923 3149 3974 καὶ
3185 3923 3284 3990 τῆς
3322 3922 3491 3991 ὀργῆς
3529 3923 3690 3975 αὐτὸν
3717 3925 3797 3985 είς
3823 3923 3980 3976 τοῦτο

2397 4013 2837 4082 παροξυνούσης,
2899 4012 3000 4080 τὴν
3027 4007 3200 4080 ¹ἧτταν
3258 4013 3734 4080 ἀναμαχέσασθαι.
3770 4012 3979 4065 Ἕωθεν

2397 4105 2488 4158 οὖν
2516 4102 2610 4156 τοῦ
2641 4102 2885 4173 βήματος
2913 4101 3281 4172 προκαθίσας,
3304 4103 3399 4156 καὶ
3427 4103 3518 4155 ὑπ’
3543 4103 3667 4172 ὄψιν
3697 4103 3847 4172 αὐτῷ
3883 4121 3979 4156 πα-

2399 4199 2677 4269 ραστήσας
2709 4196 2800 4248 τὸν
2836 4194 3116 4266 μάρτυρα,
3151 4198 3251 4265 τήν
3303 4213 3363 4249 τε
3417 4196 3704 4250 εὐσέϐειαν
3738 4196 3977 4259 ὠνείδιζε

2398 4290 2496 4357 τὴν
2523 4287 2757 4349 ἐκείνου,
2780 4287 2874 4338 καὶ
2908 4286 2967 4336 τδ
2999 4285 3378 4353 ἐσταυρῶσθαι
3401 4286 3490 4336 τὸν
3520 4286 3800 4356 Δεσπότην
3826 4285 3978 4355 ἡμῶν

2401 4375 2713 4448 ἐχλεύαζεν.
2743 4377 2899 4430 Ἐπεὶ
2925 4377 2980 4430 δὲ
3012 4375 3186 4429 ταῦτα
3220 4378 3294 4448 μὴ
3345 4378 3528 4447 φέρων
3574 4380 3603 4431 ὁ
3637 4378 3853 4446 μάρτυς
3887 4397 3978 4430 πι⁹

2402 4459 2687 4540 κροτέραις
2725 4468 2914 4537 ὓϐρεσι
2935 4468 3164 4543 διετέλει
3197 4469 3290 4521 τὸν
3313 4469 3578 4540 δικαστὴν
3612 4469 3978 4538 ἀμειϐόμενος

721 4551 883 4621 justis
936 4552 1122 4606 verbis
1167 4568 1361 4607 rursus
1402 4555 1506 4610 luit
1558 4558 1938 4626 supplicium:
1993 4569 2050 4613 et
2099 4561 2287 4614 statim

2402 4563 2577 4632 δίκην,
2611 4562 2801 4630 ύπεῖχε
2828 4559 3009 4614 πάλιν
3047 4562 3310 4630 ῥημάτων
3345 4561 3561 4626 ἀληθῶν
3613 4562 3707 4612 καὶ
3731 4561 3976 4614 δικαίων.

726 4641 880 4696 lcbes
905 4642 1024 4710 pice
1053 4643 1294 4712 repletus
1321 4655 1379 4700 et
1407 4647 1563 4700 valde
1593 4663 1857 4702 accensus
1885 4651 2126 4717 suscepit
2156 4666 2302 4702 mar-

729 4739 920 4800 tyrem.
957 4732 1064 4786 Sed
1104 4749 1230 4788 eum
1267 4735 1370 4790 hoc
1407 4751 1629 4807 quoque
1673 4735 1848 4800 ﬁeret.
1903 4753 2010 4792 non
2063 4739 2303 4808 neglexit

727 4823 873 4878 Deus
915 4837 981 4878 ex
1009 4825 1120 4880 alto
1148 4824 1328 4880 facere
1359 4837 1619 4882 consueta
1661 4831 1946 4887 miracula.
1986 4831 2122 4885 Nam
2174 4847 2300 4885 cum

727 4917 954 4985 angelus
986 4932 1017 4971 e
1047 4920 1190 4974 caelo
1221 4917 1620 4980 descendisset.
1651 4920 1797 4974 illius
1828 4923 2048 4990 quidem
2078 4937 2300 4990 corpus,

729 5006 873 5060 sicut
907 5009 1070 5062 etiam
1096 5011 1331 5079 corpora
1359 5010 1527 5062 trium
1577 5025 1904 5080 puerorum,
1957 5016 2305 5069 conservavit

732 5096 962 5152 illaesum
991 5118 1002 5152 :
1033 5099 1252 5154 ﬂamma
1284 5111 1469 5155 autem
1500 5111 1725 5168 repente
1760 5103 1812 5154 in
1850 5105 2042 5158 orbem
2066 5106 2307 5159 circum-

732 5189 870 5254 fusa,
923 5202 1048 5242 cum
1103 5190 1556 5257 apprehendisset
1619 5191 1887 5261 quosdam
1954 5209 2022 5247 ex
2089 5197 2154 5249 iis
2209 5195 2304 5266 qui

735 5279 1013 5345 astabant,
1067 5279 1382 5336 inﬁdelibus
1407 5283 1598 5340 eadem
1637 5284 1765 5337 fecit
1792 5301 1916 5355 qua
1958 5287 2089 5341 olim
2132 5288 2309 5361 Baby-

733 5369 880 5424 lone.

805 5457 873 5512 Χ.
919 5457 1074 5514 Tunc
1122 5459 1344 5530 impius,
1379 5463 1579 5518 timens
1625 5463 1847 5533 quidem
1885 5463 2088 5520 Christi
2133 5465 2310 5519 virtu-

734 5557 868 5612 tem,
910 5549 1008 5602 sed
1054 5565 1124 5604 ne
1172 5553 1252 5606 sic
1295 5553 1518 5621 quidem
1575 5555 1875 5626 quidquam
1918 5556 1984 5610 de
2026 5558 2310 5627 impietate

737 5640 1047 5698 remittens.
1084 5643 1179 5696 sed
1214 5652 1474 5713 tanquam
1512 5646 1627 5715 ipse
1662 5663 1883 5717 quoque
1930 5649 2128 5703 mutari
2181 5663 2308 5702 eru-

743 5733 992 5798 bescens,
1024 5744 1120 5789 aut
1151 5736 1385 5804 amplius
1419 5736 1668 5793 sanctum
1710 5740 1896 5796 videre
1949 5742 2160 5806 vivum,
2215 5758 2310 5794 ar-

746 5831 1003 5892 guentem
1039 5823 1265 5881 deorum
1293 5826 1438 5882 illius
1464 5829 1913 5900 imbeciliitatcm,
1967 5849 2091 5890 eum
2137 5844 2310 5889 morte

2403 4653 2514 4704 Καὶ
2541 4651 2707 4720 λέϐης
2737 4651 2964 4714 εὐθέως,
3024 4649 3226 4716 πίσσης
3258 4665 3316 4699 τε
3361 4649 3732 4715 ἀναπλησθεὶς
3759 4651 3857 4701 καὶ
3883 4651 3979 4701 λάε

2405 4741 2551 4808 ϐρως
2591 4742 2877 4802 ὑποκαεὶς,
2934 4725 3030 4791 si»;
3054 4738 3294 4808 ἀθλητὴν
3343 4738 3655 4806 ὑπεδέχετο.
3696 4737 3861 4791 Ἀλλά
3890 4739 3981 4792 καὶ.

2401 4833 2591 4884 τούτου
2625 4833 2688 4902 δὴ
2744 4832 3061 4902 γενομένου.
3119 4830 3251 4894 Θεὸς
3303 4829 3512 4883 ἀνωθεν
3544 4831 3646 4883 οὐκ
3687 4832 3886 4901 ἡμέλει
3916 4832 3982 4885 τὰ

2405 4919 2609 4990 συνήθη
2672 4921 3126 4991 θαυματουργῶν.
3184 4921 3450 4988 Ἀγγελος
3486 4920 3594 4992 γὰρ
3657 4919 3717 4986 ἑξ
3750 4921 3978 4992 οὐρανοῦ

2406 5012 2669 5072 καταϐὰς,
2723 5013 2781 5062 τὸ
2819 5011 2916 5080 μὲν
2969 5011 3177 5062 ἐκείνου
3224 5012 3406 5079 σῶμα,
3435 5011 3625 5082 ὥσπερ
3655 5014 3846 5070 καὶτὰ
3879 5015 3983 5066 τῶν

2403 5098 2570 5168 τριῶν
2601 5098 2824 5162 παίδων,
2855 5097 3157 5164 ἐφύλαττεν
3191 5099 3402 5162 ἀπαθές
3423 5116 3440 5132 ο
3473 5100 3660 5170 κύκλῳ
3694 5101 3752 5154 δὲ
3795 5104 3827 5172 ἡ
3857 5105 3984 5173 φλὸξ

2407 5188 2665 5258 ἐξαπίνης
2706 5189 3089 5259 περιχυθεῖσα,
3147 5191 3238 5242 καί
3271 5208 3426 5253 τινας
3458 5193 3568 5247 τῶν
3619 5197 3982 5262 παρεστώτων

2409 5284 2654 5336 ἀπίστων
2707 5282 3061 5349 διαλαϐοῦσα,
3113 5284 3181 5336 τά
3228 5283 3368 5339 αὐτὰ
3419 5288 3532 5348 τοῖς
3585 5288 3644 5338 ὲν
3706 5287 3984 5340 Βαϐυλῶνι

2410 5373 2577 5434 πάλαι
2603 5372 2847 5442 διέθηκε.

2481 5463 2535 5514 1⁸.
2573 5463 2706 5514 Τότε
2741 5464 2769 5514 ὁ
2798 5462 3067 5532 δυσσεϐὴς
3094 5463 3192 5532 τὴν
3225 5461 3324 5531 μὲν
3349 5462 3445 5516 τοῦ
3483 5466 3724 5534 Χριστοῦ
3756 5469 3984 5538 δύναμιν

2412 5553 2690 5623 φοϐηθεὶς,
2755 5553 2919 5622 μηδὲν
2947 5553 3002 5606 δὲ
3036 5555 3170 5623 μηδὲ
3201 5553 3344 5609 οὕτω
3401 5558 3498 5625 τῆς
3527 5558 3786 5622 ἀσεϐείας
3819 5563 3983 5624 ἀνεὶς,

2387 5647 2528 5711 ,ἀλλ’
2568 5647 2758 5715 ὥσπερ
2796 5649 3260 5718 ἐπαισχυνόμενος
3318 5650 3378 5718 τὸ
3413 5652 3506 5703 καὶ
3559 5653 3722 5715 αὐτὸς
3781 5657 3982 5718 ἐκεῖνος

2419 5740 2841 5810 μεταϐαλέσθαι,
2901 5740 2932 5808 ἢ
2969 5743 3055 5795 τὸν
3091 5744 3279 5808 Ἀγιον
3325 5746 3381 5794 ὲν
3418 5743 3582 5807 ζῶσιν
3604 5745 3742 5816 ὀρᾷν
3776 5749 3856 5799 ἔτι
3890 5751 3984 5815 τὴν

2416 5831 2523 5889 τῶν
2557 5830 2769 5889 ἐκείνου
2817 5830 2956 5887 θεῶν
3019 5833 3302 5887 ἀσθένειαν
3343 5833 3710 5904 διελέγχοντα,
3761 5838 3987 5895 θάνατον
