4180 6472
181 426 282 490 253

1450 422 1624 482 VITA
1665 424 1725 485 S.
1772 426 2185 486 BONIFACII.

3339 414 3448 482 254

179 534 332 587 αὑτοῦ
363 532 721 603 κατακρίνει,
756 527 937 591 οὕτως
981 525 1161 580 εἲπὼν
1186 544 1198 556 ·
1255 526 1591 598 Βονιφάτιον,
1629 533 1780 602 βασι-

1887 533 2234 593 condemnat,
2270 533 2347 586 sic
2376 531 2569 585 dicens
2601 547 2613 583 :
2645 528 2945 592 Bonifaeio,
2979 528 3071 597 qui
3111 542 3219 580 non
3265 525 3446 594 paruit

179 624 305 674 Λέων
340 622 443 691 μὲν
473 621 861 691 ἀπειθήσαντα
890 617 1107 686 νόμοις,
1170 618 1466 687 ἡμετέροις
1506 623 1559 675 δὲ
1607 624 1784 690 λόγοις

178 714 425 783 οηῦδαμῶς
480 716 726 782 εἴξαντα,
792 712 891 766 καὶ
942 710 1087 787 μηδὲ
1142 710 1309 761 θῦσαι
1366 716 1477 776 τοῖς
1532 716 1782 784 εὐμενέσι

180 805 314 867 θεοῖς
350 804 685 874 θελήσαντα,
715 804 854 857 ἀλλὰ
889 801 973 870 τῷ
1007 802 1427 871 ἐσταυρωμένῳ
1462 807 1661 871 μᾶλλον
1709 807 1785 868 ὡς

179 894 293 966 Θεῷ
341 899 773 966 προσανέχοντα,
828 896 973 963 ξίῳει
1003 892 1112 961 τὴν
1161 892 1415 962 κεφαλὴν
1443 896 1782 963 ἐκτμηθῆναι

183 987 416 1041 alexim:
429 990 542 1041 Καὶ
559 988 730 1049 οὕτως
748 988 910 1039 αὑτὸν
930 988 979 1039 oi
1004 984 1313 1055 δορυφόροι
1345 990 1780 1055 παραλαϐόντες,

182 1079 269 1131 τοῦ
291 1079 616 1132 δικαστικοῦ
652 1079 903 1147 ἐξάγουσι
953 1079 1231 1149 βήματος.
1283 1075 1345 1131 Ὀ
1382 1080 1436 1132 δὲ
1472 1082 1783 1144 καλλίνικος

183 1170 266 1221 τοῦ
299 1170 544 1238 Χριστοῦ
582 1173 787 1240 μάρτυς
808 1172 991 1242 ἔχαιρε
1028 1172 1132 1239 μὲν
1167 1162 1289 1221 οἷον
1320 1172 1422 1222 οὐκ
1459 1174 1558 1224 ἐπὶ
1593 1174 1784 1225 τελευ-

183 1261 311 1330 τὴν,
350 1261 467 1313 ἀλλ’
500 1262 599 1314 ἐπὶ
627 1261 769 1331 ζωὴν
798 1263 1016 1330 μᾶλλον,
1045 1261 1243 1330 ὥσπερ
1270 1260 1380 1328 ἄρα
1405 1264 1509 1314 καὶ
1542 1259 1634 1332 ἦν,
1669 1281 1783 1316 πο-

188 1354 501 1422 ρευόμενος.
536 1355 717 1425 Βραχὺ
746 1354 799 1407 δὲ
836 1355 982 1423 αὐτῷ
1002 1353 1246 1405 ἐνδοῦναι
1282 1354 1411 1414 τοὺς
1456 1356 1782 1421 ἀπάγοντας

186 1444 577 1511 αιτησάμενος,
612 1445 741 1505 στὰς
791 1445 924 1513 πρὸς
979 1442 1239 1503 ἀνατολὰς
1298 1441 1550 1510 ηὔχετο·
1604 1444 1778 1511 Κύριέ

192 1552 308 1602 μου,
336 1532 542 1600 λέγων,
574 1536 669 1585 καὶ
690 1533 811 1597 Θεὲ,
840 1532 973 1600 ταχὺ
1007 1530 1592 1599 προκαταλαὸἐτωσάν
1619 1549 1689 1599 με
1730 1534 1778 1583 οἱ

187 1624 465 1693 οἰκτιρμοί
518 1641 637 1685 σου,
676 1624 768 1674 καὶ
824 1622 1138 1689 παράστηθί
1169 1637 1258 1687 μοι
1288 1620 1382 1671 καὶ
1419 1621 1522 1672 νῦν
1556 1620 1776 1689 βοηθὸς,

189 1711 272 1761 ἵνα
308 1710 484 1779 μηδέν
520 1726 613 1777 μοι
652 1709 680 1760 ὁ
728 1709 959 1777 πονηρίας
992 1708 1242 1776 ἐμποδῷν
1274 1710 1530 1778 γένηται,
1564 1710 1653 1762 διὰ
1680 1713 1778 1774 τὰς

187 1802 243 1852 ἰν
276 1799 569 1867 ἀφροσύνῃ
620 1799 1100 1867 προγεγενημένας
1158 1818 1246 1868 μοι
1278 1800 1600 1870 ἁμαρτίας’
1638 1801 1777 1857 ἀλλὰ

190 1894 487 1963 πρόσδεξαι
549 1910 651 1961 μου
687 1892 783 1962 τὴν
810 1892 986 1962 ψυχὴν
1014 1895 1072 1945 ὲν
1106 1894 1319 1965 εἰρήνῃ,
1355 1895 1453 1947 καὶ
1489 1896 1605 1957 τοῖς
1636 1895 1776 1965 ὑπὲρ

190 1983 281 2037 σοῦ
310 1985 374 2036 τὸ
416 1980 562 2051 αἷμα
594 1983 812 2052 ἐκχέασι
840 2025 854 2049 ,
894 1985 987 2035 καὶ
1024 1984 1185 2051 μέχρι
1234 1984 1424 2045 τέλους
1456 1984 1559 2051 τὴν
1588 1985 1775 2036 πίστιν

188 2077 578 2146 διατηρήσασι,
616 2074 761 2141 κάμὲ
817 2072 1219 2142 συναρίθμησον
1242 2091 1255 2103 ο
1295 2073 1461 2143 ρύσαι
1493 2074 1552 2126 δὲ
1586 2075 1681 2125 καὶ
1715 2074 1775 2125 τὸ

189 2167 265 2237 τῷ
296 2168 498 2235 αἵματί
528 2184 623 2220 σου
658 2165 1009 2236 περιποιηθὶν
1038 2164 1315 2235 ποίμνιον,
1350 2166 1442 2218 τὸν
1485 2166 1580 2217 σὸν
1614 2164 1774 2231 λαὸν,

195 2258 294 2326 μοῦ
324 2258 561 2327 Χριστὲ,
599 2258 687 2309 τὸν
721 2257 1051 2327 περιούσιον,
1089 2256 1403 2320 δυσσεὸἓίας
1456 2258 1645 2327 πάσης
1676 2259 1774 2311 καὶ

191 2352 402 2419 πλάνης
431 2349 743 2419 ὲλληνικῆς,
797 2350 878 2402 ὅτι
907 2348 1196 2418 εὐλογητὸς
1249 2344 1299 2400 εἶ
1338 2348 1433 2401 καὶ
1475 2350 1659 2417 μένων
1692 2350 1775 2411 είς

192 2443 317 2507 τοὺς
348 2439 585 2505 αἰῶνας.
616 2441 795 2495 Ταῦτα
826 2439 1044 2509 ηὔξατο,
1082 2440 1173 2491 καὶ
1204 2440 1297 2506 τὴν
1326 2439 1489 2507 εὐχὴν
1518 2440 1583 2490 τὸ
1615 2439 1772 2505 ξίφος

196 2536 356 2596 εὐθὺς
387 2534 664 2600 διεδέχετο
685 2571 701 2595 ,
733 2532 823 2583 καὶ
842 2530 937 2600 τὴν
972 2529 1174 2596 σεπτὴν
1206 2528 1464 2597 ἐτέμνετο
1500 2529 1768 2599 κεφαλήν.

197 2625 634 2693 Θαυματουργεί
660 2622 716 2675 δέ
755 2639 805 2674 τι
843 2619 1119 2675 κάνταῦθα
1150 2619 1300 2681 Θεὸς,
1340 2621 1434 2671 καὶ
1466 2612 1607 2688 αἷμα
1635 2618 1774 2688 ὁμοῦ

198 2716 297 2769 καὶ
338 2714 488 2782 γάλα
531 2713 633 2781 τῆς
669 2709 841 2780 τομῆς
900 2710 1098 2778 ῥυῆναι
1138 2708 1303 2771 ποιεῖ,
1333 2706 1405 2767 ὡς
1438 2705 1502 2757 τὸ
1538 2704 1635 2773 μιν
1674 2705 1777 2773 τῆς

201 2806 429 2874 φύσεως
451 2800 623 2867 εῖναι,
658 2800 719 2855 τὸ
743 2801 799 2855 δὲ
830 2802 925 2870 τῆς
950 2796 1202 2858 εὐσεϐοῦς
1227 2794 1482 2856 πίστεως.
1512 2794 1621 2847 Καὶ
1635 2793 1781 2846 οὕτω

200 2898 263 2949 τὺ
307 2895 503 2961 θαῦμα
544 2894 692 2963 μέγα
745 2892 910 2959 φανὲν
945 2892 1024 2953 εἰς
1051 2887 1336 2958 ἔκπληξιν,
1392 2884 1575 2955 μεῖζον
1606 2883 1672 2937 ἂν
1707 2886 1785 2947 είς

1886 623 2106 694 quidem
2133 622 2344 692 legibus
2367 622 2783 690 imperatorum,
2817 620 2995 674 verbis
3027 627 3205 671 autem
3238 615 3447 673 nostris

1886 730 2225 785 nequaquam
2264 713 2446 773 cessit,
2490 723 2545 765 et
2593 711 2701 764 diis
2727 711 2982 780 propitiis
3030 708 3204 762 noluit
3234 705 3448 759 sacriﬁ-

1885 821 2033 863 care.
2060 806 2153 859 sed
2183 804 2505 857 cruciﬁxum
2535 803 2715 871 potius
2741 801 2922 855 colere
2958 809 3211 868 tanquam
3240 796 3434 857 Deum,

1879 896 2046 965 jubeo
2074 904 2239 963 caput
2268 908 2397 947 ense
2422 890 2713 961 amputari.
2744 890 2808 943 Et
2836 890 2908 943 ita
2938 904 3063 941 eum
3105 892 3445 940 assumentes

1885 987 2168 1045 satellites.
2201 1000 2232 1038 e
2274 983 2520 1052 judiciali
2574 983 2817 1036 educunt
2871 977 3150 1033 tribunali.
3202 974 3440 1028 Victoria

1884 1086 2065 1130 autem
2115 1076 2343 1143 insignis
2394 1072 2595 1127 Christi
2646 1083 2871 1141 martyr,
2914 1068 3183 1137 gaudebat
3218 1064 3446 1135 quidem

1886 1180 2139 1236 tanquam
2195 1182 2302 1220 non
2355 1164 2421 1219 ad
2473 1173 2721 1221 mortem,
2767 1162 2861 1215 sed
2907 1161 2973 1214 ad
3021 1161 3186 1214 vitam
3240 1154 3447 1225 potius,

1884 1261 2026 1314 sicut
2069 1258 2233 1312 etiam
2284 1273 2473 1311 revera
2528 1256 2600 1309 ita
2650 1255 2927 1316 habebat,
2970 1250 3439 1320 proﬁcisceretur,

1884 1365 2008 1404 cum
2037 1349 2283 1417 petiisset
2312 1347 2380 1401 ab
2411 1347 2479 1400 iis
2520 1345 2613 1415 qui
2664 1346 2841 1413 ipsum
2888 1340 3254 1396 abduceba‘nt.
3300 1344 3359 1389 ut
3392 1333 3446 1388 ci

1884 1455 2072 1509 parum
2117 1438 2379 1507 temporis
2430 1436 2813 1497 concederent,
2863 1428 3127 1487 stansad
3173 1428 3445 1482 orientem

1883 1540 2136 1598 precatus
2162 1539 2278 1582 est:
2334 1528 2562 1581 Domine
2598 1526 2691 1586 mi,
2732 1525 2945 1586 dicens,
3001 1519 3228 1575 Domine
3278 1516 3442 1577 Deus,

1881 1622 1989 1673 cito
2013 1635 2096 1671 me
2127 1618 2460 1687 praeveniant
2490 1615 2868 1671 miserationes
2896 1624 3019 1675 tuae,
3047 1622 3101 1666 et
3129 1623 3274 1663 nunc
3300 1605 3446 1661 adsis

1881 1711 2013 1763 mihi
2064 1710 2300 1777 adjutor,
2357 1724 2423 1761 ne
2481 1707 2615 1762 mihi
2664 1705 2933 1775 malignus
2989 1701 3191 1770 aliquid
3250 1698 3445 1752 allcrat

1882 1800 2255 1868 impedimenti
2305 1808 2529 1869 propter
2558 1813 2642 1861 ea,
2673 1812 2793 1865 qua:
2844 1796 2897 1849 in
2953 1790 3265 1861 insipientia
3309 1788 3445 1842 mihi

1881 1900 2278 1958 pr:ecesserunt
2306 1900 2522 1957 peccata
2550 1906 2563 1941 :
2602 1886 2699 1941 sed
2735 1886 2951 1953 suscipe
2980 1884 3217 1937 animam
3267 1892 3446 1932 meam

1879 1978 1933 2030 in
1968 1994 2119 2046 pace,
2148 1991 2204 2033 et
2234 1982 2377 2033 inter
2404 1994 2518 2043 eos,
2558 1978 2657 2048 qui
2706 1992 2806 2047 pro
2848 1984 2898 2030 te
2944 1974 3263 2044 sanguinem
3300 1968 3445 2022 etfu-

1878 2069 2100 2131 derunt,
2131 2079 2187 2122 et
2212 2070 2372 2123 Iidem
2401 2085 2571 2139 usque
2606 2069 2671 2122 ad
2716 2068 2877 2120 finem
2898 2068 3322 2121 conservarunt,
3360 2073 3448 2111 me

1877 2175 2100 2229 quoque
2135 2160 2457 2215 adnumera.
2493 2159 2687 2214 Libera
2712 2168 2893 2214 autem
2937 2165 3031 2209 tuo
3069 2165 3287 2222 quoque
3324 2161 3449 2217 prc-

1879 2252 2024 2305 tioso
2053 2252 2315 2320 sanguine
2348 2251 2676 2320 acquisitum
2706 2263 2943 2319 gregem,
2980 2255 3133 2300 tuum
3161 2240 3447 2312 populum.

1881 2343 1957 2395 mi
2007 2339 2248 2402 Christe,
2301 2342 2660 2411 peculiarem,
2714 2340 2782 2393 ab
2842 2336 2989 2392 omni
3050 2333 3330 2402 impietate
3393 2338 3450 2382 et

1876 2448 2072 2488 errore
2105 2434 2394 2501 gentilium
2432 2450 2445 2488 :
2500 2433 2757 2503 quoniam
2798 2445 2857 2485 es
2898 2427 3219 2483 benedictus
3246 2432 3301 2477 et
3337 2436 3451 2475 ma-

1877 2539 2025 2579 nens
2059 2524 2111 2578 in
2137 2526 2358 2579 saecula.
2396 2524 2518 2580 llaec
2546 2532 2629 2579 est
2658 2531 2929 2593 precatus,
2952 2529 3009 2575 et
3040 2531 3231 2589 preces
3266 2513 3457 2569 statim

1876 2616 2033 2670 οιΐεὶε
2078 2625 2165 2670 est
2213 2626 2565 2679 consecutus,
2615 2628 2670 2669 et
2713 2621 3056 2683 amputatum
3114 2607 3219 2663 fuit
3286 2610 3454 2673 caput

1879 2709 2282 2764 venerandum.
2316 2706 2467 2762 Facit
2490 2716 2672 2761 autem
2702 2706 2790 2760 hic
2818 2720 3035 2775 quoque
3069 2702 3210 2756 Deus
3232 2694 3457 2767 aliquod

1881 2804 2241 2867 miraculum,
2262 2812 2318 2859 et
2348 2805 2669 2875 sanguinem
2706 2818 2827 2857 cum
2860 2802 2999 2856 lacte
3032 2795 3159 2852 facit
3191 2793 3359 2847 ﬂuere
3387 2804 3457 2843 ex

1886 2896 2115 2950 vulnere
2147 2914 2159 2949 :
2190 2897 2327 2951 adeo
2364 2908 2423 2949 ut
2470 2896 2559 2949 ille
2600 2894 2821 2963 quidem
2874 2900 3021 2947 esset
3066 2894 3299 2943 naturae.
3352 2882 3460 2939 hoc

203 2985 501 3052 ὠφέλειαν,
559 2983 766 3050 ἄνδρας
824 2981 933 3031 τῶν
991 2980 1240 3030 ἀπίστων
1295 2976 1637 3044 πεντήκοντα
1700 2975 1780 3027 καὶ

1888 3001 2021 3041 vero
2048 2987 2150 3055 pia:
2181 2985 2346 3039 ﬁdei:
2383 2996 2440 3041 et
2484 2986 2563 3042 sic
2611 2983 2958 3042 miraculum,
3003 2977 3147 3050 quod
3198 2986 3457 3044 magnum

201 3074 611 3135 πεντακοσίους
637 3071 711 3141 (b)
745 3069 821 3140 τῷ
852 3067 1075 3139 Χριστῷ
1114 3070 1308 3120 πεῖσαν
1338 3064 1671 3131 ἀκολουθεῖν,
1697 3068 1780 3121 καῖ

1890 3078 2068 3131 visum
2092 3088 2213 3132 erat
2234 3078 2300 3132 ad
2342 3086 2650 3147 stuporem,
2679 3076 2853 3145 majus
2886 3073 2989 3128 fuit
3019 3070 3085 3124 ad
3122 3067 3414 3122 utilitatem
3441 3080 3455 3116 :

200 3169 302 3237 τὴν
335 3163 637 3236 είδωλικὴν
665 3161 869 3231 πλάνην
898 3157 1271 3232 μυσαχθέντας
1288 3156 1595 3210 ἀπολιπεῖν.

269 3438 379 3490 IA’.
417 3434 653 3487 Τοιοῦτο
672 3434 973 3500 Βονιφατίῳ
994 3434 1091 3499 τῆς
1115 3431 1262 3499 ζωῆς
1290 3430 1349 3482 τὸ
1386 3430 1558 3499 πέρας
1575 3447 1589 3462 ·
1618 3428 1791 3492 οὕτως
1815 3434 1822 3443 ’

195 3530 257 3581 τὸ
288 3528 423 3595 εἰκῆ
455 3526 553 3577 καὶ
587 3524 765 3585 ἄλλως
798 3523 1022 3575 ἐπελθὸν
1058 3524 1151 3573 καὶ
1173 3522 1483 3591 προρρηθὲν
1512 3522 1601 3573 ὑπ’
1625 3520 1793 3577 αὑτοῦ,

195 3622 354 3683 τέλος
383 3620 643 3688 εῐληφεν.
676 3618 733 3669 Οἱ
759 3616 835 3680 δὲ,
870 3615 1004 3684 πρὸς
1036 3614 1268 3683 ζήτησιν
1312 3614 1505 3681 ἐκείνῳ
1556 3613 1659 3663 τῶν
1684 3612 1789 3663 λει-

196 3714 392 3782 ψάνων
419 3708 963 3776 συνεκπεμφθιντες,
994 3710 1170 3760 ταῦτα
1207 3705 1305 3775 μὲν
1328 3703 1669 3772 ἀγνοοῦντες,
1702 3721 1791 3757 πε.

201 3806 562 3879 ριερχόμενοι
599 3802 655 3854 δὲ
678 3801 781 3853 ἀνὰ
806 3803 982 3853 πᾶσαν
1014 3799 1111 3867 τὴν
1144 3800 1319 3859 πόλιν,
1348 3800 1473 3851 ἐπεὶ
1500 3798 1789 3866 ζητοῦντες

197 3899 365 3954 αὐτὸν
399 3896 504 3963 οὐχ
546 3893 827 3957 εὕρισκον,
882 3891 1121 3959 οἰόμενοι
1153 3890 1274 3950 ταῖς
1301 3889 1361 3939 οὐ
1408 3887 1595 3948 καλαῖς
1620 3887 1787 3939 αὑτὸν

200 3988 459 4059 συνήθως
521 3982 846 4053 χαρίζεσθαι
888 3983 1124 4050 ἡδοναῖς,
1167 3982 1345 4034 Ἠπου
1387 3981 1591 4042 ἐκεῖνος
1640 3978 1784 4050 ἄρτι,

200 4084 340 4153 πρὸς
383 4077 626 4137 ἑαυτοὺς
661 4074 863 4141 ἔλεγον,
892 4074 926 4143 ἢ
955 4076 1173 4136 πάντως
1211 4074 1428 4140 γυναιξὶ
1454 4073 1717 4138 σύνεστιν,
1752 4074 1784 4143 ἢ

200 4180 299 4229 καὶ
336 4168 709 4244 προσεδρεύει
736 4169 921 4227 ποτοῖς
971 4166 1046 4227 ὠς
1070 4166 1138 4217 τὰ
1181 4165 1368 4217 πολλά.
1411 4164 1593 4217 Ταῦτα
1629 4167 1685 4216 ἐν
1712 4166 1786 4235 νῷ

201 4268 567 4338 στρέφοντες,
601 4262 791 4331 ὥσπερ
825 4260 1050 4329 ἔσχατον
1079 4257 1231 4311 αὐτοὶ
1270 4258 1621 4329 διεσάφησαν,
1662 4276 1787 4311 συν-

199 4359 412 4411 αντῶσί
462 4372 576 4408 τινι
638 4353 743 4404 τῶν
794 4352 1027 4405 πολιτῶν
1060 4353 1154 4403 τοῦ
1200 4351 1320 4404 τότε
1354 4352 1784 4422 κομενταρησίου

199 4449 539 4517 τυγχάνοντι
596 4441 831 4511 ἀδελφῷ.
892 4443 985 4494 καὶ
1044 4442 1196 4492 τοῦδε
1224 4443 1695 4505 διαπυνθάνονται,
1734 4443 1789 4496 εί

1815 3201 1857 3258 c
1891 3168 2035 3236 quod
2072 3168 2386 3237 quingentis
2425 3177 2482 3222 et
2521 3167 2912 3237 quinquaginta
2970 3161 3102 3216 viris
3149 3154 3463 3213 inﬁdelibus

1884 3260 2189 3325 .persuasit.
2236 3270 2293 3312 ut
2332 3259 2615 3314 Christum
2663 3265 3048 3327 sequerentur,
3096 3260 3153 3308 et
3211 3260 3459 3304 errorem

1892 3352 2315 3408 simulacrorum
2350 3355 2731 3408 abominantes
2767 3354 3164 3444 relinquerent.

1963 3446 2054 3499 XI.
2099 3446 2199 3501 Hic
2236 3446 2339 3500 fuit
2376 3449 2557 3503 exitus
2595 3448 2720 3501 vitae
2767 3434 3049 3500 Bonifacii.
3086 3444 3164 3496 Ita
3198 3436 3343 3508 quod
3381 3434 3458 3489 illi

1893 3548 2096 3591 temere
2146 3546 2372 3589 venerat
2424 3540 2476 3589 in
2523 3547 2782 3596 mentem,
2833 3537 3046 3604 aecepit
3092 3546 3217 3586 eum
3271 3529 3461 3592 ﬁnem,

1888 3641 2049 3695 quem
2092 3625 2206 3693 ipse
2253 3625 2601 3694 praedixerat.
2654 3625 2758 3691 Qui
2785 3636 2967 3679 autem
3008 3638 3132 3679 cum
3199 3637 3268 3678 eo
3311 3620 3463 3675 missi

1888 3717 2105 3773 fuerant
2133 3718 2198 3775 ad
2226 3719 2551 3787 quarendas
2576 3719 2859 3787 reliquias,
2893 3716 3007 3772 hmo
3044 3714 3270 3785 quidem
3311 3712 3466 3782 igno-

1889 3820 2096 3871 rantes,
2136 3818 2305 3860 totam
2351 3823 2483 3861 vero
2522 3810 2803 3860 civitatem
2855 3809 3146 3868 obeuntes,
3199 3806 3463 3873 quoniam

1886 3907 2196 3968 quaerentes
2242 3898 2421 3968 ipsum
2467 3912 2577 3951 non
2627 3897 3005 3961 inveniebant,
3056 3906 3311 3966 putantes
3333 3909 3460 3949 eum

1887 4006 1995 4045 non
2037 3990 2304 4059 pulchris,
2357 4000 2410 4043 ut
2448 3990 2680 4052 solebat,
2737 4004 2962 4058 operam
2998 3990 3131 4042 dare
3171 3982 3466 4054 voluptati-

1887 4082 2034 4134 bus:
2079 4081 2243 4136 Certe
2302 4082 2393 4135 ille
2449 4080 2751 4151 (dicebant
2808 4078 2951 4148 apud
3010 4080 3103 4143 se)
3159 4077 3322 4130 modo
3377 4074 3462 4129 vel

1885 4170 2109 4224 omnino
2152 4170 2262 4224 coit
2316 4169 2669 4232 mulieribus,
2719 4181 2817 4222 aut
2848 4171 2901 4221 in
2950 4169 3016 4221 iis
3041 4168 3177 4223 locis
3227 4166 3461 4230 desidet,

1886 4265 1945 4319 ut
1969 4262 2023 4316 id
2059 4276 2250 4331 magna
2279 4275 2346 4315 ex
2392 4271 2547 4332 parte
2578 4260 2730 4317 facit.
2779 4259 2905 4315 Haec
2934 4260 3119 4313 animo
3158 4266 3461 4322 versantes,

1886 4364 1947 4412 ut
1998 4355 2101 4425 ipsi
2142 4363 2426 4425 postremo
2476 4354 2851 4422 explicarunt,
2900 4361 3203 4408 occurrunt
3241 4350 3459 4405 cuidam

1885 4451 2012 4513 civi,
2044 4449 2137 4518 qui
2172 4458 2290 4502 erat
2324 4448 2497 4503 frater
2522 4445 3071 4506 Commentaricnsis,
3111 4453 3168 4497 et
3214 4459 3339 4497 eum
3381 4444 3464 4496 in—

196 4558 320 4594 τινα
357 4540 465 4593 ἴδοι
498 4535 679 4604 (ξένον
717 4533 1029 4602 Ῥωμαῖον).
1064 4532 1134 4603 (ε)
1163 4529 1325 4584 Ξένον
1358 4536 1456 4601 μέν
1480 4553 1623 4598 τινα,
1648 4536 1780 4601 ἑφα-

1888 4549 2191 4608 terrogant,
2239 4555 2306 4591 an
2382 4538 2613 4591 vidisset
2680 4537 2921 4607 aliquem
2990 4535 3263 4604 hospitem
3332 4534 3462 4588 illnc

200 4649 323 4698 σιω,
352 4633 461 4703 τὴν
483 4626 651 4699 χορδς
676 4628 732 4678 ὲν
754 4626 830 4694 τῷ
856 4624 1051 4694 σταδίῳ
1084 4625 1176 4677 τὸν
1215 4625 1549 4695 μαρτυρικὸν
1594 4627 1780 4691 ἀγῶνα

197 4720 670 4791 διαγωνίσασθαι,
702 4718 793 4770 καὶ
816 4717 957 4783 ξίφει
979 4716 1326 4785 τελειωθῆναι
1346 4733 1361 4749 ο
1395 4715 1558 4787 μηδὲν
1585 4717 1639 4770 δὲ
1672 4733 1782 4785 μη-

198 4818 351 4870 δέπω
410 4810 671 4880 ἀκριϐῶς
716 4807 935 4871 εἰδέναι,
965 4808 1011 4857 εί
1044 4808 1137 4857 καὶ
1162 4801 1315 4866 οὗτος
1344 4808 1506 4871 αὐτὸς
1533 4810 1559 4861 ὁ
1590 4807 1783 4879 ζητούο

204 4924 390 4977 μενος,
425 4902 577 4954 Ἀλλ’
606 4900 796 4953 εἴπατέ
839 4916 947 4969 μοι,
998 4899 1181 4969 φησὶν,
1223 4900 1405 4961 ὁποῖός
1434 4900 1518 4963 τίς
1541 4903 1655 4954 ἐστι
1690 4901 1779 4955 καὶ

198 5002 297 5072 τὴν
328 4998 482 5068 ὄψιν,
516 4992 614 5046 καὶ
646 4992 765 5043 τίνα
792 4992 846 5044 δὲ
877 4993 944 5043 τὰ
965 4991 1267 5060 παράσημα
1305 4992 1403 5060 τῆς
1430 4991 1663 5072 μορφῆς.
1697 4994 1755 5045 Ὠ

200 5059 266 5146 δὲ.
300 5059 516 5145 ἐκεῖνοι
545 5086 692 5151 λόγῳ
718 5084 807 5134 τὸν
858 5084 1025 5153 ἄνδρα
1047 5059 1427 5150 ἐζωγράφουν.
1460 5084 1541 5135 ὅτι
1575 5059 1640 5134 τὸ⁸
1680 5087 1779 5150 μὲν

203 5185 366 5255 σῶμα
396 5181 563 5247 αὑτῷ
602 5175 796 5247 βραχὺ,
843 5174 1012 5243 ξανθὴ
1050 5173 1107 5226 δὲ
1139 5174 1171 5243 ἠ
1198 5170 1319 5242 θρὶξ
1348 5176 1439 5227 καὶ
1478 5172 1647 5228 τᾶλλα
1681 5178 1781 5231 ὅσα

203 5273 633 5349 γαρακτηρίσαι
666 5267 978 5335 Βονιξςάτιον
1008 5267 1185 5319 ίκανάο
1214 5260 1379 5326 Οῦτος
1406 5268 1629 5331 luis/0;,
1655 5269 1781 5337 ἔῳη.

203 5371 260 5423 δν
300 5370 466 5438 ὑμεῖς
514 5362 753 5427 ζητεῖτε,
790 5354 950 5419 οὗτος
1006 5358 1135 5426 ἄρα,
1164 5358 1258 5410 καὶ
1304 5357 1457 5419 ἄλλος
1492 5360 1683 5422 οὐδείς,
1718 5362 1781 5414 Ol

205 5463 260 5516 δὲ
287 5461 389 5531 τὴν
427 5458 535 5528 μὲν
602 5451 771 5519 ἀρχὴν
817 5450 1283 5519 διηπίδτουνκκαὶ
1337 5450 1640 5516 ητατῆσοαι
1692 5454 1781 5506 τὸν

206 5554 376 5624 ἀνδρα
435 5548 619 5618 ᾤοντο
643 5558 659 5575 ⁶
698 5543 765 5594 Σὺ
798 5544 852 5593 δὲ
886 5540 1195 5609 Βονιξράτιον
1243 5542 1473 5606 ἀγνυεξ,
1510 5542 1778 5609 λέγοντες,

281 5696 353 5759 lb)
392 5692 562 5748 Hunc
614 5702 896 5759 numerum
940 5685 1099 5759 unde
1139 5686 1773 5759 acceperituMetaphra-

209 5754 574 5835 stes’nescio,
626 5757 815 5812 Latina
873 5757 1042 5810 solum
1090 5754 1364 5811 indelinite
1394 5757 1583 5812 dicunt
1613 5754 1768 5828 quod

208 5834 378 5891 inulti.

1879 4630 2250 4684 accedentem.
2314 4628 2415 4683 Ille
2466 4636 2650 4681 autem
2695 4627 2932 4688 dicebat,
2993 4625 3110 4679 beri
3166 4626 3457 4695 quemdam

1882 4723 2151 4793 hospitem
2193 4723 2246 4774 in
2279 4722 2461 4776 stadio
2497 4721 2847 4787 martyricurn
2889 4718 3202 4771 decertasse
3282 4726 3463 4770 certa-

1883 4835 2029 4882 men,
2066 4826 2121 4872 et
2143 4831 2271 4869 ense
2302 4814 2472 4869 fuisse
2509 4822 2947 4869 consummatum
2992 4830 3005 4865 :
3056 4826 3114 4867 se
3165 4826 3295 4866 vero
3344 4826 3453 4865 non

1883 4920 2034 4965 certo
2064 4910 2222 4970 scire,
2255 4924 2321 4962 an
2359 4909 2405 4961 is
2433 4907 2522 4970 sit,
2574 4907 2666 4975 qui
2720 4906 2788 4959 ab
2827 4906 2907 4959 eis
2950 4912 3310 4972 quaereretur.
3348 4903 3453 4957 Sed

1889 5004 2050 5059 dicite
2078 5002 2229 5063 mihi,
2262 5001 2455 5068 inquit,
2485 5000 2789 5067 qualisnam
2835 5004 2918 5049 est
2943 5003 3186 5064 aspectu,
3239 5002 3295 5048 et
3333 5009 3456 5063 qua!

1886 5103 2015 5151 sunt
2043 5094 2161 5163 ejus
2183 5092 2367 5146 forma:
2402 5088 2668 5157 insignia?
2696 5087 2831 5142 Cum
2859 5096 3041 5140 autem
3067 5086 3141 5139 illi
3177 5086 3451 5139 hominem

1884 5186 2069 5241 verbis
2114 5175 2765 5250 describerent,'nempe
2811 5178 2954 5248 quod
3014 5177 3181 5231 breve
3230 5177 3451 5245 quidem

1879 5287 2023 5332 esset
2046 5278 2095 5331 ei
2120 5288 2342 5341 corpus,
2378 5271 2499 5325 ﬂavi
2532 5286 2661 5325 vero
2693 5270 2899 5338 capilli,
2943 5276 2999 5322 et
3022 5268 3126 5320 alia
3151 5282 3273 5334 quae
3315 5266 3451 5321 satis

1878 5366 2121 5423 erantad
2152 5362 2562 5434 exprimendam
2594 5362 2823 5416 formam
2867 5358 3129 5418 Bonifacii
3161 5374 3173 5409 :
3226 5357 3325 5411 Hic
3368 5366 3451 5411 cst

1881 5460 1993 5521 ille,
2050 5456 2248 5523 inquit,
2307 5470 2469 5525 quem
2525 5468 2621 5507 vos
2682 5452 2943 5521 queritis.
3010 5451 3093 5505 llli
3160 5462 3343 5503 autem
3392 5450 3446 5502 in

1880 5551 2037 5604 initio
2083 5549 2305 5618 quidem
2373 5562 2482 5601 non
2534 5544 2857 5609 credebant,
2904 5553 2959 5599 et
3009 5556 3137 5597 eum
3182 5541 3452 5609 putabant

1952 5690 2460 5762 (checrantbuec
2526 5688 2801 5759 ecgraplio
2858 5696 3071 5753 nostro,
3123 5699 3189 5739 ex
3249 5681 3445 5737 L‘atina

1881 5760 2137 5820 versione
2167 5760 2439 5830 suppleta.
