4180 6472
735 415 843 482 259

2065 419 2346 480 MENSIS
2377 419 2640 480 MAIUS.

3863 410 3975 476 160

734 526 900 588 citur,
941 534 1161 580 azternte
1212 525 1336 580 vita
1402 534 1605 580 sortem
1667 525 1957 595 percipiet.
2023 526 2177 579 Tunc
2219 528 2295 579 ait

2400 527 2821 594 προστάγματος
2851 525 3014 577 αὑτοῦ
3039 524 3130 576 καὶ
3171 524 3448 579 ἐπιοσσον.
3480 523 3540 578 Ὀ
3577 526 3731 594 ἅγιος
3765 526 3974 592 Βίκτωρ

736 618 846 671 dux
881 634 894 670 :
929 618 1064 673 Cum
1110 619 1459 687 imperatoris
1500 617 1674 672 nostri
1724 619 1882 671 miles
1928 617 2023 677 sis,
2081 617 2296 669 obtem-

733 725 860 777 pera
894 710 1245 777 imperatoris
1275 711 1479 770 edicto,
1526 718 1581 761 et
1610 709 1716 762 diis
1739 710 2017 762 sacrifica.
2069 709 2149 761 Ad
2185 709 2296 760 hzee

731 803 1016 868 respondit
1064 812 1284 856 sanctus
1328 803 1513 854 Victor
1569 801 1664 855 :Si
1724 817 1821 868 ego
1874 817 1984 870 quo
2048 811 2292 868 tempore

731 892 833 949 sub
875 892 1203 959 imperatore
1244 891 1568 950 militabam,
1621 901 1748 943 tunc
1791 891 1953 943 etiam
1990 891 2218 942 Domino
2245 899 2296 941 ct

733 980 840 1033 Deo
875 997 994 1038 meo
1025 983 1239 1034 occulte
1284 981 1614 1043 serviebam,
1652 982 1929 1049 quomodo
1974 996 2119 1033 nunc
2149 996 2296 1031 corn-

732 1075 952 1126 mittere
985 1091 1232 1143 possum,
1294 1086 1353 1128 ut
1383 1077 1477 1128 illo
1529 1075 1822 1137 derelicto,
1885 1075 2046 1127 idolis
2102 1074 2298 1126 vestris

2391 613 2575 668 εἷπεν·
2617 620 2723 668 Καὶ
2758 619 2844 669 ὅτε
2899 617 3046 684 αὐτῷ
3101 619 3510 686 ἐστρατευόμην
3577 621 3670 670 καὶ
3715 619 3782 670 rit
3808 619 3970 670 αὑτοῦ

2393 710 2677 777 ἐφρόνουν,
2740 711 2930 778 Κυρίῳ
2963 708 3036 776 τῷ
3077 707 3197 776 Θεῷ
3231 725 3332 776 μου
3363 711 3419 760 ὲν
3449 710 3526 776 τῷ
3570 711 3799 777 κρυπτῷ
3854 714 3970 761 ἐλα-

2390 818 2606 868 τρέυον,
2640 803 2729 851 καὶ
2762 801 2855 852 νῦν
2898 802 2954 850 οὑ
2982 801 3217 867 δύναμαι
3285 801 3609 868 καταλεῖψαι
3666 803 3831 852 αὑτὸν
3880 801 3970 852 καὶ

2392 892 2632 952 εἰδώλοις
2682 895 2936 944 ἐπιθύσαι
2961 908 2976 926 ο
3025 889 3283 944 ποίειοῦν
3311 892 3338 943 6
3369 892 3544 952 θέλεις
3581 893 3659 952 εἰς
3702 894 3837 958 ὲμέ·
3879 893 3968 942 τοῦ

2398 983 2495 1050 μὲν
2525 985 2631 1051 γὰρ
2672 984 2919 1050 σώματος
2959 1002 3058 1052 μου
3094 984 3340 1048 ἐξουσίαν
3392 984 3556 1051 ἔχεις,
3587 987 3684 1051 τῆς
3716 985 3771 1034 6's
3795 983 3968 1050 ψυχῆς

2394 1079 2420 1125 6
2448 1075 2578 1136 Θεὸς
2619 1076 2798 1138 μόνος,
2825 1077 2851 1125 6
2883 1077 3178 1142 δυνάμενος
3209 1076 3377 1126 σῶσαι
3419 1078 3511 1127 καὶ
3539 1074 3830 1126 ἀπολέσαι.

729 1165 1069 1219 sacrificent?
1122 1166 1309 1232 Itaque
1362 1165 1446 1218 fac
1494 1165 1760 1234 quidquid
1792 1165 1945 1216 libet.
1987 1165 2064 1216 En
2096 1178 2296 1229 corpus
2339 1179 2522 1218 meum
2593 1165 2646 1217 in
2685 1180 2848 1217 manu
2895 1174 2985 1218 tua
3032 1173 3115 1218 est
3149 1183 3161 1219 :
3199 1167 3395 1218 animae
3439 1179 3570 1217 vero
3640 1172 3964 1232 potestatem

732 1259 873 1314 Deus
905 1259 1084 1322 habet,
1146 1261 1236 1327 qui
1269 1259 1501 1311 salutem
1529 1268 1583 1311 et
1617 1259 1827 1310 ruinam
1864 1257 2061 1309 aﬂ‘erre
2086 1265 2285 1324 potest.

797 1358 861 1412 ll.
892 1357 1028 1409 Tum
1069 1356 1176 1409 dux
1218 1355 1350 1408 ille:
1387 1354 1560 1406 Video
1596 1361 1646 1404 te
1681 1355 1849 1403 multa
1882 1351 2154 1419 sapientia
2201 1366 2290 1401 or-

730 1459 936 1508 natum,
963 1462 1138 1514 eaque
1169 1445 1223 1496 in
1254 1441 1635 1510 respondendo
1665 1441 1822 1492 valde
1852 1449 2116 1492 utentem.
2153 1439 2286 1499 Mea,

730 1541 911 1608 inquit
944 1539 1152 1593 Vit-tor.
1185 1533 1449 1603 sapientia
1487 1548 1594 1585 non
1624 1543 1799 1586 estex
1833 1548 1938 1595 me,
1999 1531 2091 1584 sed
2150 1531 2292 1582 Deus

728 1646 884 1684 meus
918 1631 1062 1682 illam
1109 1628 1238 1680 mihi
1277 1626 1532 1680 contulit.
1559 1624 1638 1677 Ad
1675 1625 1788 1678 hazc
1820 1639 2058 1692 pra:ses:
2098 1623 2293 1674 Libera

729 1725 962 1790 teipsum
1029 1738 1056 1772 a
1117 1718 1304 1771 multis
1349 1716 1708 1772 cruciatibus.
1744 1726 1800 1767 et
1857 1715 1963 1767 diis
2023 1712 2291 1766 sacrifica.

727 1814 985 1877 Qu-inimo
1044 1811 1324 1868 libenter,
1401 1807 1580 1873 inquit
1683 1806 1897 1866 Victor,
1984 1804 2287 1857 cruciatum

727 1903 974 1973 quemvis
1000 1901 1195 1970 patiar,
1234 1915 1299 1952 ne
1330 1897 1601 1951 sacrificia
1633 1898 1756 1950 talia
1793 1897 2020 1949 offeram
2062 1914 2072 1948 :
2107 1896 2199 1949 sed
2235 1908 2290 1949 ct

728 2000 862 2056 illud
894 1999 1121 2061 afﬁrmo,
1149 1997 1508 2050 vehementer
1560 2011 1643 2048 me
1690 1996 1947 2064 gaudere.
2003 1993 2146 2062 quod
2201 1994 2288 2044 di-

726 2108 867 2164 gntts
902 2093 1078 2145 factus
1102 2091 1224 2151 sint,
1258 2089 1348 2156 qui
1387 2102 1485 2156 pro
1518 2087 1720 2139 Christi
1760 2085 1980 2137 nomine
2018 2095 2289 2135 tormenta

727 2188 922 2255 patiar,
960 2182 1246 2236 etccclesti
1285 2182 1375 2232 illo
1406 2181 1551 2246 [tege
1600 2177 1706 2228 frui
1755 2191 1992 2242 sperem.
2034 2174 2112 2226 Ad
2180 2175 2292 2226 haec

725 2276 837 2328 dux
875 2275 962 2326 ille
998 2290 1011 2324 :
1047 2271 1304 2338 Nunquid
1345 2269 1785 2323 Christianorum
1830 2266 2085 2319 sacerdos
2114 2281 2174 2319 es
2210 2276 2290 2327 tu,

726 2367 821 2434 qui
858 2376 965 2418 tam
1003 2348 1303 2432 prudenter
1334 2362 1497 2415 nobis
1534 2361 1876 2429 respondes?
1925 2358 2058 2422 lloc,
2116 2358 2294 2424 inquit

727 2459 935 2520 Victor,
968 2470 1193 2508 munere
1221 2454 1476 2521 indignus
1502 2468 1621 2505 sum
1655 2466 1778 2518 ego,
1829 2449 1922 2501 sed
1954 2449 2156 2502 Christi
2187 2449 2291 2500 mei

728 2549 900 2617 gratia
932 2561 1016 2598 me
1047 2546 1209 2598 talem
1241 2543 1426 2597 effecit
1462 2558 1474 2592 :
1509 2543 1622 2594 hrec
1659 2541 1807 2593 enim
1843 2540 1946 2601 his,
2001 2539 2094 2606 qui
2140 2549 2294 2591 recto

730 2639 896 2693 corde
927 2646 1072 2699 sunt,
1103 2644 1158 2690 et
1190 2635 1396 2688 Christi
1430 2634 1684 2687 mandata
1720 2633 2043 2694 observant,
2077 2632 2294 2700 sapien-

731 2730 858 2782 tiam
884 2738 941 2783 et
985 2729 1230 2780 omnium
1271 2728 1536 2780 bonarum
1579 2741 1761 2778 rerum
1805 2725 2015 2793 copiam
2065 2739 2131 2776 ex
2181 2722 2294 2775 suis

731 2822 840 2874 illis
901 2820 1211 2873 immensis.
1247 2819 1457 2873 divitiis
1512 2819 1759 2887 largitur.
1820 2814 2294 2880 Quemadmodum

727 2914 872 2970 enim
905 2913 1137 2981 agricola
1170 2914 1285 2980 ipse
1313 2926 1437 2962 cum
1475 2919 1680 2961 terrain
1713 2908 1866 2968 colit,
1899 2913 2144 2974 paratam
2171 2921 2289 2958 eam

732 3005 910 3059 reddit
940 3005 1006 3057 ad
1033 3003 1247 3056 fruetus
1277 3001 1532 3055 ferendos
1568 3000 1692 3052 vita
1725 3008 1774 3052 ct
1808 2999 1901 3052 Dei
1931 2999 2197 3066 sapientia
2229 3014 2293 3052 ac

729 3097 901 3166 gratia
931 3110 1026 3149 eos
1065 3111 1092 3147 a
1122 3093 1324 3163 quibus
1374 3093 1721 3152 observatur,
1763 3091 1952 3154 fortes,
1995 3092 2291 3159 sapientes,

2463 1350 2538 1402 B'.
2575 1350 2738 1416 Λέγει
2767 1350 2916 1420 αὐτῷ
2950 1353 2976 1403 6
3018 1352 3178 1416 δοῦξ·
3225 1353 3364 1421 Ὀρῶ
3413 1370 3468 1406 σε
3504 1356 3560 1406 ὲν
3596 1357 3658 1423 τῇ
3699 1356 3968 1424 ἁπολογῖᾳ.

2392 1459 2484 1493 σου
2512 1442 2713 1510 πολλὴν
2747 1445 2938 1510 σοφίαν
2963 1447 3344 1512 περικειμειον
3365 1462 3378 1474 ο
3412 1447 3608 1513 σκέψαι
3641 1443 3735 1499 οὖν
3757 1449 3817 1498 τὸ
3841 1466 3968 1513 συμ-

2393 1534 2575 1602 φέρον.
2605 1535 2664 1586 '0
2697 1533 2849 1599 ἅγιος
2881 1535 3093 1603 Βίκτωρ
3124 1535 3307 1602 λέγει’
3381 1538 3428 1588 H
3457 1540 3561 1606 ὲμὴ
3599 1542 3786 1605 σοφὶα,
3821 1531 3865 1588 ὦ
3896 1540 3969 1590 δι-

2392 1628 2588 1687 καστὰ,
2612 1627 2711 1678 οὐκ
2743 1626 2890 1676 ἐστιν
2917 1625 2974 1687 ἐξ
3000 1626 3154 1690 ἐμοῦ,
3190 1627 3302 1677 ἀλλ’
3324 1629 3349 1678 6
3371 1629 3499 1692 Θεός
3527 1649 3626 1698 μου
3653 1633 3967 1700 ἐδωρήσατό

2397 1735 2485 1786 μοι
2522 1719 2714 1784 αὐτὴν.
2791 1717 2846 1767 '0
2885 1717 3011 1779 δοὺξ
3073 1717 3257 1782 λέγει’
3337 1719 3522 1772 Ῥὐσαι
3586 1725 3819 1774 σεαυτὸν
3862 1727 3966 1775 απὸ

2396 1810 2608 1860 πολλῶν
2654 1809 2923 1876 βασάνων,
2985 1810 3078 1860 καὶ
3114 1809 3426 1879 προσελθὼν
3462 1810 3622 1865 θῦσον
3657 1817 3770 1875 τοῖς
3804 1815 3962 1876 θεοῖς.

2406 1901 2464 1953 Ὀ
2500 1902 2648 1967 am;
2701 1903 2912 1971 Βῑκτωρ
2946 1898 3127 1953 εἶπεν·
3202 1903 3342 1968 Ἐγὼ
3387 1904 3522 1972 ὑπὲρ
3563 1904 3655 1957 τοῦ
3702 1906 3778 1973 μὴ
3811 1905 3966 1956 θῦσαι

2398 1993 2566 2060 ἡδέως
2611 1993 2968 2060 βασανίξομαι
3002 1994 3096 2043 καὶ
3128 1993 3288 2044 πλέον
3327 1996 3732 2063 διισχυρίζομαι
3765 1999 3966 2062 διαγω-

2397 2081 2697 2151 νιζόμενος,
2741 2085 2821 2135 ὅτι
2885 2083 3234 2152 κατηξιώοῃν
3291 2085 3429 2153 ὑπὲρ
3462 2086 3552 2137 τοῦ
3585 2089 3846 2153 ὀνόματος
3878 2089 3965 2140 τοῦ

2397 2175 2629 2243 Χριστοῦ
2684 2176 3076 2245 βασανισθῆναι
3135 2177 3228 2228 καὶ
3283 2179 3362 2238 εἱς
3414 2179 3511 2244 τὴν
3535 2179 3967 2247 ἀγαθὴνὲλπίὸα

2394 2267 2569 2319 ἐλθεῖν
2623 2267 2714 2318 τοῦ
2773 2267 3043 2329 Βασιλέως
3101 2269 3208 2319 τῶν
3262 2270 3526 2336 οὐρανῶν.
3587 2272 3746 2336 Λέγει
3779 2273 3968 2339 αὑτῴὁ

2394 2359 2548 2422 δούξ⁹
2578 2358 2663 2427 Μὴ
2698 2361 2870 2427 ἱερεὺς
2905 2357 2954 2411 at
2985 2361 3090 2410 τῶν
3118 2363 3480 2429 Χριστιανῶν,
3514 2365 3597 2415 ὅτι
3631 2364 3806 2427 οὕτως
3840 2382 3965 2416 συν-

2397 2452 2528 2512 ετῶς
2561 2453 2865 2519 ἁποκρίτιῃ;
2905 2453 2962 2503 Ὀ
2985 2453 3138 2518 ᾶγιος
3184 2453 3395 2522 Βίκτωρ
3431 2452 3614 2507 εἶπεν·
3656 2458 3804 2523 Ἰῦγὼ
3839 2461 3965 2512 ταύ-

2396 2560 2492 2610 της
2523 2543 2621 2611 τῆς
2659 2545 2920 2612 μεγίστης
2949 2545 3169 2614 χάριτος
3199 2547 3289 2598 καὶ
3317 2546 3520 2613 δωρεὰς
3570 2550 3789 2611 ἀνάξιός
3833 2557 3966 2619 εἰμι’

2397 2639 2428 2704 ἡ
2476 2636 2531 2687 δὲ
2572 2637 2666 2688 τοῦ
2706 2638 2942 2706 Χριστοῦ
2988 2657 3088 2708 μου
3136 2640 3294 2710 χάρις
3347 2643 3520 2711 ἠγαγέ
3554 2660 3620 2711 με
3653 2647 3732 2702 εἰς
3764 2644 3923 2698 τοῦτο
3949 2654 3970 2673 ⁶

2398 2726 2533 2794 αὕτη
2566 2729 2674 2796 γάρ
2710 2729 2857 2779 ἐστιν
2900 2732 2932 2798 ἡ
2966 2732 3282 2798 παρέχουσα
3317 2737 3425 2795 τοῖς
3459 2736 3640 2799 εὑθέσι
3673 2741 3736 2805 τῇ
3773 2736 3969 2807 καρδίᾳ.

2398 2817 2493 2870 καὶ
2526 2822 2634 2880 τοῖς
2666 2819 2997 2887 φυλάσσουσι
3020 2825 3116 2884 τὰς
3152 2825 3367 2886 ἐντολὰς
3401 2826 3489 2876 τοῦ
3514 2829 3752 2894 Χριστοῦ
3780 2833 3968 2897 σοφίαν

2397 2911 2492 2962 καὶ
2537 2910 2753 2964 σύνεσιν
2793 2913 3044 2983 μετέχειν
3085 2919 3288 2978 παντὸς
3322 2918 3563 2981 ἀγαθοῦ·
3614 2920 3807 2990 ὥσπερ
3862 2926 3966 2990 γὰρ

2398 3003 2642 3070 γεωργὸς
2675 3003 3012 3071 καλλιεργῶν
3049 3005 3216 3056 αὑτοῦ
3249 3006 3345 3077 τὴν
3372 3008 3471 3076 γῆν
3496 3009 3773 3078 ὲτοιμάζει
3803 3014 3968 3078 αὐτὴν

2398 3094 2476 3154 εἰς
2515 3095 2913 3164 καρποφορίαν,
2948 3097 3119 3159 οὕτως
3148 3099 3241 3149 καὶ
3269 3102 3299 3168 ἡ
3331 3100 3421 3151 τοῦ
3458 3101 3590 3152 Θεοῦ
3642 3104 3805 3169 σοφία
3847 3105 3970 3164 τοὺς

726 3201 789 3243 ac
819 3186 952 3240 tales
982 3183 1182 3246 reddit,
1205 3184 1298 3251 qui
1330 3184 1438 3235 Deo
1463 3182 1565 3249 ipsi
1597 3181 1831 3233 fructum
1865 3180 2007 3233 ferre
2041 3181 2252 3248 possint
2279 3196 2291 3232 :

2402 3176 2717 3247 ἐλπίζοντας
2769 3189 2848 3248 εἰς
2881 3187 3054 3255 αὐτὴν
3113 3189 3422 3258 ἐνδυναμοῖ,
3483 3190 3575 3242 καὶ
3613 3194 3842 3259 σοφίζει,
3880 3196 3971 3245 καὶ

728 3292 910 3340 neque
946 3276 1237 3344 permittit,
1290 3284 1345 3327 ut
1381 3273 1448 3327 ab
1496 3271 1748 3326 hostibus
1794 3271 2040 3340 superari
2071 3279 2291 3340 queant.

799 3454 893 3507 ill.
937 3454 1073 3507 Tum
1124 3453 1233 3506 dux
1293 3453 1370 3505 ait
1409 3471 1420 3504 ;
1461 3451 1598 3504 Num
1652 3459 1705 3504 tu
1761 3450 1897 3504 mori
1965 3450 2298 3504 deerevisti?

729 3542 1033 3614 Respondit
1090 3545 1277 3598 Victor
1326 3561 1339 3596 :
1391 3543 1714 3612 Hujusmodi
1777 3558 1924 3598 mors
1979 3543 2068 3596 his
2127 3545 2294 3595 vitam

730 3637 1014 3700 conciliat,
1039 3637 1131 3705 qui
1166 3636 1356 3690 brevia
1389 3637 1500 3690 haec
1535 3644 1806 3690 tormenta
1854 3634 2072 3687 fortiter
2110 3633 2176 3686 ad
2207 3650 2299 3687 ex-

735 3736 970 3780 tremum
1026 3737 1198 3793 usque
1237 3727 1544 3794 perferunt.
1594 3725 1673 3776 Ad
1711 3725 1824 3778 hazc
1855 3724 1965 3777 dux
1998 3725 2084 3776 ille
2119 3741 2131 3775 :
2165 3723 2298 3778 Sen-

734 3819 1036 3870 tentiamne
1094 3819 1253 3870 istam
1299 3820 1509 3870 tirinam
1561 3816 1774 3870 habes?
1823 3817 2074 3877 Maxime,
2119 3816 2298 3884 inquit

731 3907 939 3961 Victor.
1001 3907 1138 3960 Tum
1205 3903 1312 3961 dux
1372 3903 1668 3977 digitorum
1721 3907 1953 3959 Victoris
2008 3921 2298 3974 compages

731 4013 981 4064 eousque
1016 3996 1290 4064 confringi
1337 3999 1520 4064 jussit,
1563 3995 1750 4064 quoad
1788 4012 1817 4049 e
1847 3997 1987 4067 pelle
2035 3998 2147 4064 ipsa
2179 3997 2296 4049 exi-

730 4097 872 4141 rent.
906 4088 1024 4153 Quo
1056 4087 1219 4150 facto,
1251 4087 1440 4141 Victor
1468 4087 1545 4141 ait
1582 4109 1593 4140 :
1631 4087 1845 4148 Gratias
1871 4103 1970 4156 ago
2011 4087 2120 4141 Deo
2150 4104 2292 4147 meo,

728 4179 876 4248 quod
941 4180 1172 4248 gratiam
1229 4195 1384 4232 suam
1445 4181 1758 4247 propiorem
1820 4179 1955 4232 mihi
2027 4178 2294 4231 ostendit.

728 4269 884 4323 Tunc
923 4271 1175 4338 quaesivit
1211 4270 1277 4322 ab
1313 4285 1378 4322 eo
1417 4269 1549 4334 dux,
1599 4283 1769 4336 quare
1815 4270 1998 4321 cibum
2050 4286 2159 4323 non
2201 4285 2294 4324 stt-

729 4371 924 4416 meret.
953 4361 1052 4416 Cui
1087 4362 1368 4430 respondit
1392 4361 1578 4414 Victor
1611 4379 1623 4414 :
1662 4359 1846 4414 Habeo
1883 4363 1996 4429 ipse
2031 4362 2294 4428 spiritua-

729 4457 834 4510 letn
864 4455 1069 4517 cibum,
1097 4471 1206 4522 quo
1233 4456 1289 4507 fit
1308 4463 1366 4506 ut
1385 4469 1492 4506 non
1519 4455 1754 4507 esuriam
1779 4456 1830 4506 in
1855 4465 2139 4508 meritum.
2158 4453 2294 4506 Tum

2402 3281 2544 3330 ποιεῖ
2596 3281 2964 3348 καρποφορεῖν
3020 3280 3097 3348 τῷ
3147 3281 3286 3350 Θεῷ,
3336 3285 3408 3352 μὴ
3469 3286 3832 3353 συγχωροῦσα
3895 3287 3970 3355 τῷ

2399 3367 2492 3436 ἔχθ
2504 3367 2578 3436 ρῷ
2613 3371 2994 3434 περιγενέσθαι
3036 3371 3238 3423 αὐτῶν.

2471 3456 2542 3511 Γ’.
2573 3458 2933 3521 Σεϐαστισνὸς
2991 3461 3018 3511 6
3071 3461 3197 3525 δοῦξ
3235 3457 3422 3514 εἶπεν
3474 3465 3735 3533 Ἔκρινας
3770 3468 3970 3534 μᾶλλον

2399 3549 2488 3600 τὸν
2524 3548 2752 3601 θάνατον
2776 3551 2992 3604 ἑλέσθαι
3028 3553 3059 3621 ἢ
3101 3553 3196 3620 τὴν
3232 3553 3414 3624 ξωήνς
3475 3555 3531 3609 Ὀ
3573 3559 3726 3625 ἅγιος
3760 3560 3970 3628 Βίκτωρ

2400 3636 2554 3693 εἶπεν
2577 3658 2589 3670 ·
2627 3637 2793 3703 Οὗτος
2831 3646 2858 3696 ὁ
2891 3643 3115 3706 θάνατος
3146 3644 3546 3715 ζωὴνιοιίώνιον
3587 3651 3841 3717 προξενεῖ
3861 3657 3973 3714 τοῖς

2405 3736 2568 3803 μέχρι
2623 3736 2814 3797 τέλους
2868 3737 3198 3806 ὑπομένουσι
3235 3741 3334 3801 τὰς
3368 3743 3735 3810 προσκαίρους
3771 3746 3973 3808 ταύτας

2403 3827 2690 3892 βασάνους.
2749 3829 2910 3891 Λέγει
2966 3827 3114 3896 αὖτῷ
3178 3831 3204 3878 6
3238 3831 3397 3893 6055'
3459 3833 3566 3883 Καὶ
3599 3835 3737 3897 ὅλως
3770 3839 3973 3905 ταύτης

2401 3911 2782 3979 ἐπεκράτησας
2813 3913 2910 3980 τῆς
2936 3915 3194 3984 γνώμης
3241 3917 3299 3970 Ὀ
3333 3919 3487 3986 ἅγιος
3530 3920 3745 3994 Βίκτωρ
3780 3922 3966 3979 εἷπενο

2401 4005 2529 4058 Ναί.
2560 4005 2689 4056 Τότε
2717 4007 2743 4056 6
2776 4006 2899 4069 δοὺξ
2941 4008 3194 4060 ἐκέλευσε
3229 4012 3640 4082 συγκλασθῆναι
3671 4018 3770 4079 τὰς
3800 4020 3972 4088 ἁρμο-

2400 4091 2519 4151 νίας
2575 4093 2684 4142 τῶν
2718 4093 2994 4145 δακτύλων
3051 4097 3238 4156 αὑτοῦ,
3289 4099 3392 4159 ἕως
3451 4101 3514 4150 ἂν
3546 4105 3608 4151 ὲκ
3655 4105 3756 4170 τῆς
3813 4107 3974 4174 δορᾶς

2401 4181 2710 4246 ὲξὲλθωσιν.
2762 4183 2818 4234 Ὀ
2852 4185 3006 4251 ἅγιος
3054 4186 3266 4256 Βίκτωρ
3298 4183 3482 4240 εἶπεν
3531 4189 3858 4262 Εὑχαριστῶ
3900 4199 3974 4264 τῷ

2401 4273 2518 4341 Θεῷ
2561 4291 2661 4342 μου
2708 4276 2960 4338 πάντοτε,
3007 4278 3086 4328 ὅτι
3131 4280 3359 4348 ἤγγισεν
3404 4284 3434 4349 ὴ
3483 4282 3640 4349 χάρις
3698 4286 3862 4339 αὐτοῦ
3898 4294 3975 4350 εἰς

2402 4366 2521 4432 ἐμέ.
2561 4367 2722 4432 Λέγει
2752 4367 2896 4436 αῦτῷ
2936 4371 2962 4420 6
2991 4368 3143 4430 δοῦξ⁶
3175 4372 3271 4419 Διὰ
3304 4373 3353 4420 τί
3419 4371 3517 4440 τὴν
3571 4375 3757 4425 ἄνοιαν
3797 4395 3889 4430 σου
3915 4377 3972 4430 οῦ

2402 4455 2737 4525 λαμὸἀνειςς
2780 4458 2838 4509 Ὀ
2871 4459 3027 4523 ἆγιος
3057 4459 3268 4528 Βίκτωρ
3304 4457 3482 4512 εἶπεν·
3512 4462 3632 4515 Ὀτι
3661 4463 3855 4532 βιαίως
3883 4470 3976 4520 καὶ

730 4543 998 4610 illejussit
1023 4540 1297 4594 fornacem
1316 4541 1564 4601 accendi,
1583 4550 1636 4592 et
1664 4542 1930 4595 Victorem
1955 4545 2005 4593 in
2023 4559 2139 4594 eam
2168 4559 2294 4596 con-

2405 4550 2603 4607 ἁδίκως
2635 4551 2970 4610 ἀπαιτεῐται,
2997 4551 3088 4602 καὶ
3119 4550 3239 4602 οὔτε
3279 4553 3578 4622 λαμϐάνειν
3617 4557 3740 4609 οὔτε
3769 4561 3975 4612 ἐσθίειν

725 4635 929 4702 jectum
955 4634 1021 4686 ad
1056 4636 1280 4686 tertium
1313 4647 1484 4700 usque
1521 4633 1664 4686 diem
1698 4634 1925 4686 servari.
1961 4632 2293 4700 Factumque

729 4726 834 4780 fuit
894 4725 987 4778 ita.
1049 4724 1236 4778 Tertio
1302 4734 1484 4777 autem
1550 4725 1636 4778 die
1697 4739 1818 4778 cum
1873 4725 1963 4778 ille
2038 4725 2291 4792 opinare-

731 4822 822 4870 tur
860 4817 1134 4869 Victorem
1183 4815 1250 4867 ab
1298 4815 1857 4883 ignetconsumptum
1907 4817 2098 4879 fuisse,
2132 4818 2296 4884 jussit

729 4909 1009 4963 fornacem
1047 4908 1274 4977 aperiri,
1326 4917 1382 4962 et
1428 4911 1684 4978 martyris
1733 4909 1949 4962 cineres
2001 4911 2055 4961 in
2092 4908 2292 4961 ﬂumen

729 4999 994 5068 demergi.
1076 4999 1351 5052 Patel’acta
1414 4999 1580 5067 igitur
1635 4999 1897 5061 fornace,
1963 4998 2294 5050 invenerunt

735 5089 1006 5142 Victorem
1035 5089 1214 5156 ipsum
1243 5088 1453 5149 vivum,
1490 5097 1546 5141 et
1575 5090 1745 5142 Deum
1781 5089 2118 5150 laudantem,
2146 5087 2293 5156 quod

731 5180 872 5250 ignis
900 5180 1022 5250 ejus
1055 5194 1258 5246 corpus
1301 5194 1410 5232 non
1466 5181 1744 5248 tetigerat.
1796 5181 1916 5232 Mox
1969 5180 2133 5247 jussit
2185 5179 2295 5232 dux

732 5286 943 5324 venena
976 5268 1237 5338 pestifera
1283 5284 1404 5322 cum
1452 5271 1711 5323 carnibus
1751 5271 2040 5323 commista
2083 5271 2294 5324 edenda

732 5362 810 5415 illi
864 5363 1116 5431 proponi.
1152 5361 1282 5426 Quae
1309 5375 1434 5415 cum
1463 5377 1489 5412 a
1528 5363 1770 5415 venefico
1800 5365 2031 5430 quodam
2076 5363 2297 5416 homine

736 5467 985 5522 porrecta
1017 5453 1068 5508 ei
1099 5454 1363 5516 fuissent,
1418 5462 1642 5508 sanctus
1692 5466 1898 5525 martyr
1946 5455 2132 5508 Victor
2177 5457 2295 5508 ait:

735 5547 866 5600 Mihi
925 5547 1146 5614 quidem
1197 5563 1299 5601 non
1357 5546 1554 5601 liceret
1596 5563 1792 5601 carnes
1820 5558 2060 5616 gustare,
2110 5547 2204 5601 sed
2239 5557 2299 5600 ut

735 5655 1035 5713 cognoscas
1062 5641 1326 5695 veneficia
1359 5653 1448 5696 tua
1487 5642 1645 5694 nihili
1674 5656 1820 5703 esse,
1849 5657 1917 5694 en
1944 5641 2076 5694 istas
2103 5655 2298 5694 carnes

736 5732 1047 5785 comedam.
1081 5729 1328 5800 Cumque
1371 5732 1492 5784 illas
1541 5747 1571 5786 e
1622 5732 1876 5785 manibus
1921 5731 2150 5784 venefici
2201 5731 2298 5784 ho-

737 5823 906 5880 minis
965 5827 1284 5894 accepisset,
1341 5822 1620 5880 Christum
1679 5833 1970 5895 precatus,
2026 5823 2295 5891 ejusmodi

2403 4637 2659 4705 βούλομαι
2703 4637 2759 4700 ἐξ
2789 4639 2987 4709 αὑτῆςο
3021 4643 3126 4710 ἔχω
3150 4643 3203 4694 δὲ
3234 4646 3331 4712 τὴν
3356 4652 3737 4718 πνευματικὴν
3769 4654 3976 4723 τροφὴν

2402 4727 2492 4782 καὶ
2516 4731 2574 4781 οὐ
2610 4731 2682 4800 μὴ
2714 4734 2952 4785 πεινάσω
2985 4731 3062 4796 ἐῑς
3102 4736 3190 4787 τὸν
3241 4737 3433 4791 αἰῶνα.
3465 4739 3647 4792 Ταῦτα
3681 4745 3921 4808 ἀκούσας
3947 4745 3976 4796 6

2399 4822 2542 4887 δοῦξ,
2577 4823 2860 4874 ἐκέλευσεν
2920 4827 3182 4893 ὲκκαῆναι
3229 4830 3458 4894 κάμινον
3489 4831 3576 4880 καῖ
3634 4835 3974 4903 ὲμὸληθῆκαι

2403 4909 2562 4959 αὑτὸν
2620 4910 2676 4960 ὲν
2723 4911 2880 4980 αὐτῇ,
2941 4913 3097 4982 ἄχρις
3128 4915 3349 4985 ήμερῶν
3382 4918 3571 4986 τριῶνο
3627 4926 3724 4974 καὶ
3758 4927 3976 4991 ἐγένετο

2401 4994 2592 5058 οὕτως.
2636 4999 2790 5051 Μετὰ
2848 5001 2906 5052 δὲ
2953 5002 3050 5064 τὰς
3094 5005 3242 5071 τρεῖς
3271 5005 3502 5075 ἡμέρας,
3537 5009 3768 5074 νομίσας
3802 5012 3831 5062 ὁ
3856 5011 3977 5076 δοὺξ

2401 5089 2705 5157 ἀνηλῶσθαι
2733 5092 2892 5142 αὐτὸν
2918 5093 3020 5143 ὑπὸ
3049 5094 3140 5144 τοῦ
3168 5097 3357 5162 πυρὸς,
3378 5096 3666 5149 ἐκέλευσεν
3690 5103 3976 5172 ἀνοιγῆναι

2400 5179 2498 5247 τὴν
2525 5179 2750 5246 κάμινον
2775 5180 2868 5232 καὶ
2892 5181 3112 5249 ῥιφῆναι
3141 5182 3206 5233 τά
3234 5184 3367 5236 ὀστᾶ
3392 5186 3557 5238 αὑτοῦ
3584 5189 3665 5251 εις
3693 5190 3788 5241 τὸν
3819 5207 3982 5245 truta-

2407 5269 2505 5336 μόν
2532 5285 2544 5297 ·
2585 5270 2675 5321 καὶ
2700 5273 3005 5336 ἀνοίξαντες
3057 5274 3249 5345 αὐτὴν,
3279 5270 3438 5344 εῦρον
3474 5279 3638 5330 αὑτὸν
3671 5279 3857 5344 ζῶντα
3889 5286 3980 5336 καὶ

2401 5361 2692 5424 δοξάζοντα
2740 5362 2829 5414 τιν
2875 5363 3028 5428 Θεὸν,
3059 5365 3127 5416 δι’
3175 5368 3253 5417 ὅτι
3287 5367 3396 5418 οὐδ’
3435 5369 3570 5430 ὅλως
3603 5371 3788 5441 ἥψατο
3817 5375 3978 5426 αὑτοῦ

2403 5452 2463 5505 τὸ
2493 5454 2621 5523 πῦρ.
2653 5455 2784 5506 Τότε
2819 5455 3099 5510 ἐκέλευσεν
3123 5460 3149 5510 6
3189 5460 3311 5524 δοὺξ
3345 5461 3610 5530 φίρμακα
3653 5467 3979 5536 ἀναιρετικὰ

2403 5545 2622 5613 δοθῆναι
2646 5545 2794 5612 αὑτῷ
2825 5551 3020 5613 φαγεῖν
3053 5551 3194 5617 μετὰ
3239 5552 3448 5619 κρεῶν·
3500 5557 3594 5605 καὶ
3623 5557 3980 5612 ἑπιδοθέντων

2403 5636 2553 5706 αὑτῷ
2602 5637 2710 5689 τῶν
2742 5641 3047 5717 φαρμάκων
3105 5641 3208 5693 ὑπὸ
3259 5642 3354 5694 τοῦ
3389 5644 3586 5713 μάγου.
3621 5647 3728 5718 ἔφη
3763 5653 3792 5701 6
3832 5651 3979 5716 ἅγιος

2405 5729 2653 5798 Βίκτωρ·
2709 5731 2822 5781 Οὐκ
2873 5730 2990 5793 ἐξόν
3028 5738 3116 5801 μοι
3161 5729 3229 5802 ἦν
3257 5735 3434 5802 κρεῶν
3470 5739 3747 5807 ἅψασθαι*
3807 5745 3894 5796 ἶνα
3927 5747 3978 5796 δὲ

2405 5825 2568 5895 γνῷς,
2602 5825 2680 5879 ὅτι
2712 5825 2862 5878 οὐδέν
2889 5826 3022 5882 εἰσιν
3051 5829 3103 5880 αἱ
3138 5831 3360 5899 μαγεῖαί
3388 5848 3501 5900 σου,
3529 5834 3620 5886 καὶ
3652 5839 3979 5909 καταφρονὼ
