4180 6480
193 395 295 459 261

1219 402 1405 463 VITA
1439 401 1548 463 SS.
1585 404 1954 466 VICTORIS
1996 409 2089 468 ET
2130 411 2479 480 CORONIE.

3386 429 3493 496 269

200 511 386 574 αὑτάς,
421 512 586 567 ὲσθὶω
615 516 1005 587 ἀνυπερθέτως.
1042 515 1173 568 Καὶ
1227 514 1535 583 δεξάμενος
1593 518 1660 568 ὲκ
1693 516 1769 569 τῶ

1876 568 1879 580 ,
1911 521 2177 577 carnibus
2213 527 2363 579 vesci
2400 529 2593 594 cmpit,
2623 546 2802 601 neque
2834 536 3139 607 quidquam
3193 543 3319 596 mali
3356 559 3480 613 pas-

202 601 392 669 ιειρῶν
438 604 533 656 τοῦ
574 605 766 673 μάγου,
800 605 1259 676 προσευξάμενος
1295 603 1375 673 τῷ
1400 605 1658 674 Χριστῷ,
1698 606 1797 674 ἦρι

201 691 323 753 ξατο
360 693 560 746 ἐσθίειν
586 710 600 724 ·
635 697 721 748 καὶ
751 696 931 765 φαγὼν
959 696 1121 749 οὐδὲν
1152 694 1365 747 ἔπαθεν
1393 696 1593 747 κακόν.
1640 696 1701 748 Ὀ
1736 696 1794 749 δι

204 784 369 848 μάγος
400 784 494 835 ἐπὶ
546 777 623 855 τῇ
661 791 831 859 οἰκείᾳ.
884 790 1087 857 μαγείᾳ
1119 785 1591 855 καταισχυνθεὶς,
1621 803 1798 855 προσ-

198 871 400 939 ήγαγεν
428 874 583 943 αὐτῷ
612 878 765 929 πάλιν
798 880 953 950 ἕτερα
987 880 1267 949 φάρμακα
1322 876 1440 929 τῶν
1495 879 1797 947 προτέρων

195 958 466 1030 δεινότερα
498 967 596 1016 καὶ
618 966 760 1033 λέγει
787 969 928 1039 αὐτῷ
956 987 968 999 ·
999 971 1113 1047 th
1137 970 1233 1023 νῦν
1272 967 1429 1032 δέξαι
1482 972 1584 1021 καὶ
1612 969 1757 1036 φάγε
1779 986 1792 1000 ·

196 1050 286 1100 καὶ
320 1051 415 1101 ἐὰν
464 1053 659 1120 φαγὼν
708 1057 866 1123 μηδὲν
894 1060 1065 1129 πάθῃς
1119 1059 1317 1124 κακὸν,
1377 1058 1795 1127 καταλιμπάνω

197 1157 297 1207 μου
322 1142 424 1204 τὰς
458 1144 715 1211 μαγείας,
753 1149 846 1201 καὶ
884 1153 1124 1204 πιστεύω
1176 1150 1334 1220 κάγὼ
1366 1150 1442 1218 τῷ
1468 1150 1596 1220 Θεῷ
1625 1143 1669 1218 ᾧ
1700 1151 1793 1204 λα-

192 1229 431 1297 τρεύεις.
484 1233 756 1298 Λαϐόντος
818 1238 873 1289 δὲ
905 1240 997 1292 τοῦ
1031 1241 1305 1310 μακαρίου
1367 1240 1658 1311 Βίκτορος,
1695 1242 1792 1294 καὶ

191 1321 486 1385 φαγόντος,
512 1326 609 1375 καὶ
643 1327 808 1395 μηδὲν
839 1330 1097 1394 παθόντος
1132 1334 1326 1398 κακὸν,
1356 1332 1625 1402 ἀνεϐόησε
1653 1334 1791 1405 μετὰ

192 1412 375 1478 quivi;
411 1414 441 1464 6
484 1415 663 1482 μάγος
695 1421 785 1470 καὶ
818 1416 968 1473 εἶπεν
995 1437 1009 1450 ⁸
1052 1424 1371 1495 Ἐνίκησας,
1407 1426 1591 1498 ψυχὴν
1615 1427 1788 1481 ἀπολ-

190 1496 437 1570 λυμένην
477 1501 539 1567 ἐξ
572 1504 700 1574 ᾅδου
759 1510 1081 1579 ἀναγαγὼνο
1143 1516 1335 1585 ὥσπερ
1392 1518 1502 1588 γὰρ
1561 1517 1787 1588 ἀνδριάς

193 1591 429 1658 χαλκοῦς
456 1595 797 1662 παλαιωθεὶς
830 1602 924 1652 καὶ
957 1603 1060 1655 ὑπὸ
1110 1606 1202 1657 τοῦ
1234 1609 1482 1676 τεχνίτου
1518 1612 1785 1683 σμηχθεὶς

191 1682 609 1751 ἀνακαινοῦται,
632 1687 801 1751 οὕτως
825 1693 918 1745 καὶ
949 1695 977 1745 ό
1016 1695 1302 1765 ἄνθρωπος
1332 1701 1359 1751 ό
1396 1701 1452 1751 ἐν
1478 1705 1664 1765 κακοῖς
1684 1720 1788 1756 πα-

190 1773 466 1842 λαιωθεὶς,
501 1779 603 1831 ἐάν
630 1783 956 1856 ἐπιστρέψῃ,
979 1787 1138 1852 σώζει
1157 1790 1359 1845 αὑτὸνό
1377 1793 1505 1856 Θεὸς
1528 1798 1594 1865 τῇ
1618 1797 1780 1850 αὑτοῦ

185 1866 392 1935 χάριτι.
429 1869 573 1924 Τότε
605 1876 632 1925 6
667 1877 838 1943 μάγος
885 1882 1226 1951 παραχρῆμα
1274 1887 1577 1940 κατέκαυσε
1636 1891 1772 1962 πυρὶ

187 1957 365 2021 πάσας
385 1963 489 2021 τὰς
509 1966 751 2031 μαγικὰς
776 1967 939 2020 αὑτοῦ
969 1970 1184 2038 βίϐλους
1204 1976 1295 2026 καὶ
1318 1979 1447 2029 πᾶσι
1466 1981 1575 2040 τοῖς
1598 1980 1775 2051 ὑπάρ-

184 2068 372 2120 χουσιν
408 2055 585 2107 αὐτοῦ
618 2058 1049 2128 ἀποταξάμενος,
1074 2067 1295 2130 γέγονεν
1340 2068 1689 2136 Χριστιανός.

255 2149 328 2200 Δ’.
366 2147 596 2200 Τούτων
654 2149 710 2202 δὲ
751 2152 967 2204 πάντων
1016 2153 1188 2216 οὕτως
1234 2158 1566 2226 γενομένων,
1620 2162 1725 2232 ἔφη
1752 2166 1778 2217 ὁ
1812 2172 1854 2225 Β

179 2238 305 2303 δοὺξ
337 2239 417 2309 τῷ
448 2241 711 2311 μακαρίῳ
750 2243 968 2314 Βίκτορι
994 2262 1007 2274 ·
1055 2247 1315 2301 ἐπίθυσον
1345 2253 1454 2313 τοῖς
1490 2253 1771 2326 μεγίστοις

181 2329 348 2392 θεοῖς,
379 2333 475 2383 καὶ
508 2334 673 2398 γενοῦ
709 2334 893 2387 λοιπὸν
938 2338 1160 2401 συνετὸς
1216 2343 1311 2392 καὶ
1337 2343 1636 2413 φρόνιμος.
1715 2346 1773 2398 Ὀ

179 2420 335 2485 arto;
397 2420 627 2490 Βίκτωρ
666 2419 856 2475 εἶπεν·
908 2426 1050 2493 Ἐγὼ
1098 2428 1325 2482 πάντοτε
1385 2435 1607 2496 συνετός
1658 2437 1772 2504 εἰμι

178 2507 268 2558 τὸν
284 2507 420 2561 Θεὸν
445 2510 812 2577 ἑπιγνὼσκων
838 2531 850 2543 ·
875 2514 934 2568 Ὀ
957 2516 1080 2581 δοὸξ
1106 2514 1262 2572 εἶπεν
1283 2536 1295 2549 ’
1327 2523 1497 2577 Τοῦτο
1531 2529 1629 2580 οὐκ
1659 2530 1772 2583 ἐστι

177 2599 425 2662 σύνεσις,
490 2602 634 2654 ἀλλὰ
684 2605 884 2673 μωρία,
921 2607 982 2659 τὸ
1026 2609 1100 2677 μὴ
1140 2609 1427 2677 βούλεσθαι
1480 2617 1629 2671 θύετν
1662 2624 1771 2682 τοῖς

176 2688 344 2750 θεοῖς.
384 2691 445 2743 Ὀ
471 2692 631 2757 ἆγιος
663 2693 873 2765 Βίκτωρ
901 2691 1093 2750 εἶπεν
1126 2700 1209 2753 Τά
1242 2706 1398 2772 μωρὰ
1436 2706 1530 2759 τοῦ
1564 2710 1768 2779 κόσμου

176 2780 462 2844 ἐξελέξατο
483 2784 513 2834 6
547 2784 706 2849 Θεὸς,
741 2786 827 2840 ἵνα
854 2789 980 2854 τοὺς
1011 2793 1208 2861 σοφοὺς
1240 2798 1594 2872 καταισχύνῃ.
1628 2802 1771 2872 Ἐφη

177 2874 312 2942 πρὸς
347 2876 517 2929 αὑτὸν
553 2878 582 2931 ό
609 2878 734 2946 δούξ
760 2896 772 2911 ·
805 2880 913 2935 Ποῦ
941 2883 1252 2957 γέγραπται
1288 2889 1494 2959 ταῦτας
1532 2892 1590 2947 '0
1615 2895 1768 2964 ἅγιος

176 2964 393 3035 Βίκτωρ
446 2963 611 3020 εἶπεν
638 2985 651 2998 ·
688 2972 898 3037 Παῦλος
932 2978 960 3028 6
986 2979 1284 3044 ἀπόστολος
1339 2983 1575 3049 ἐδίδαξεν
1599 2989 1765 3056 ἡμᾶς.

188 3054 245 3104 Ὀ
284 3057 415 3119 δοὺξ
463 3056 622 3111 εἶπεν
646 3076 657 3088 ·
694 3064 905 3117 Οὐκοῦν
928 3068 1059 3131 Θεὸς
1087 3067 1152 3140 ἦν
1177 3075 1204 3124 6
1236 3074 1481 3142 Παῦλο;;
1529 3079 1586 3133 Ὀ
1611 3054 1767 3149 ἅγιος

174 3144 396 3214 Βῖκτωρ
430 3146 627 3200 εἶπεν*
683 3152 894 3217 Παῦλος
945 3158 1080 3220 Θεὸς
1112 3163 1214 3214 οὐκ
1250 3164 1417 3231 ἔστιν,
1451 3168 1587 3222 ἀλλὰ
1630 3172 1765 3226 Θεοῦ

171 3235 479 3309 ἀπόστολος
516 3239 615 3290 καὶ
653 3241 813 3309 σοφὸς
839 3244 1176 3314 ἀρχιτέκτων
1201 3266 1215 3280 ·
1247 3253 1340 3307 ἐπὶ
1364 3257 1472 3326 γάρ
1498 3260 1575 3327 τῷ
1602 3261 1766 3331 θεμε-

170 3325 268 3394 λίῳ
300 3326 386 3396 τῷ
413 3328 629 3382 τεθέντι
664 3332 983 3405 ᾠκοδόμησε
1013 3341 1106 3392 καὶ
1134 3325 1554 3419 ἐπλήρωσε
1583 3325 1764 3406 οἰκου-

173 3418 345 3487 μένην
370 3421 476 3489 τῆς
514 3422 740 3493 διδαχῆς
780 3428 945 3481 αὐτοῦ
972 3447 987 3463 ο
1018 3433 1112 3485 καὶ
1148 3428 1330 3487 λαϐὼν
1368 3418 1557 3508 σοφίαν
1609 3446 1759 3513 παρά

1910 624 2005 664 sus
2049 624 2150 667 est.
2189 616 2488 673 Veneﬂcus
2544 631 2727 676 autem
2778 626 2868 681 ille
2911 645 3015 696 pro
3055 633 3171 686 suis
3210 636 3491 691 veneficiis

1908 702 2279 769 erubescens,
2338 708 2444 761 alia
2497 713 2748 779 quzetlam
2798 717 3001 772 obtulit
3046 722 3327 790 prioribus
3383 728 3491 782 illis

1907 794 2097 861 pejora
2131 813 2143 848 :
2182 796 2330 862 Haec,
2356 800 2638 870 inquiens,
2692 808 2881 877 accipe
2912 826 2926 862 :
2960 827 3083 880 qua:
3131 830 3255 869 cum
3304 834 3489 873 come-

1906 881 2077 948 deris,
2124 886 2170 939 si
2232 890 2373 943 nihil
2424 892 2553 946 mali
2608 907 2802 964 paSSus
2828 898 3021 965 fueris,
3070 909 3253 960 statim
3311 920 3484 963 artem

1906 976 2176 1044 magicam
2202 978 2609 1050 derelinquam,
2655 995 2710 1040 et
2744 991 2959 1044 credam
3006 995 3169 1049 etiam
3232 999 3343 1066 ipse
3376 1002 3486 1054 Deo

1906 1080 2079 1133 quem
2114 1077 2171 1121 tu
2206 1070 2364 1124 colis.
2400 1070 2537 1125 Cum
2564 1076 2731 1144 igitur
2776 1080 2972 1136 beatus
3031 1082 3222 1138 Victor
3268 1103 3478 1145 venena

1908 1156 2004 1213 illa
2037 1161 2387 1227 comedisset,
2408 1180 2585 1234 neque
2613 1168 2869 1235 quiddam
2900 1174 3024 1227 mali
3053 1192 3244 1245 passus
3267 1180 3478 1243 fuisset,

1908 1250 2193 1307 veneficus
2248 1254 2338 1308 ille
2367 1271 2558 1326 magna
2604 1274 2734 1314 voce
2780 1262 3021 1317 clamans
3061 1285 3075 1319 ε
3115 1269 3219 1330 En,
3276 1271 3475 1341 inquit,

1909 1340 2117 1407 vicisti,
2166 1355 2223 1400 et
2275 1346 2515 1401 animam
2573 1365 2748 1405 meam
2801 1354 3010 1424 jamdiu
3058 1340 3361 1427 perditam,
3405 1362 3474 1419 ab

1910 1434 2109 1492 inferis
2139 1440 2396 1494 eduxisti.
2434 1443 2588 1496 Sicut
2620 1447 2767 1499 enim
2800 1457 2978 1503 statua
3006 1466 3171 1517 :erca,
3205 1469 3324 1522 quae
3346 1456 3460 1526 jam

1902 1526 2209 1583 inveterata
2240 1541 2344 1597 est,
2379 1547 2408 1585 a
2438 1532 2594 1587 fabro
2628 1535 2813 1604 aliquo
2842 1540 3080 1606 expolita
3118 1555 3417 1599 renovatur
3447 1564 3458 1597 :

1894 1620 1967 1675 ita
1999 1632 2055 1675 et
2107 1637 2193 1676 me
2246 1625 2531 1689 miserum,
2593 1625 2645 1679 in
2695 1628 2852 1683 malis
2888 1630 3274 1698 inveteratum,
3322 1638 3464 1693 Deus

1893 1713 2011 1781 ipse
2060 1728 2155 1765 sua
2187 1715 2359 1783 gratia
2394 1730 2665 1772 rcnovans
2698 1723 2991 1787 convertit,
3029 1734 3084 1777 et
3132 1726 3197 1779 ad
3233 1729 3462 1784 salutem

1893 1803 2157 1857 traduxit.
2213 1805 2403 1874 Itaque
2452 1809 2731 1863 veneficus
2774 1810 2866 1865 ille
2906 1827 3100 1869 omnes
3133 1832 3262 1870 suos
3294 1818 3465 1874 libros

1880 1895 2120 1964 magicos
2166 1896 2279 1966 igni
2331 1898 2656 1965 combussit,
2685 1908 2740 1955 et
2772 1903 3029 1959 omnibus
3059 1906 3226 1962 rebus
3260 1925 3463 1964 renuu-

1885 1985 2053 2051 tiaus,
2084 1985 2434 2043 Christianus
2470 1987 2652 2043 factus
2683 2000 2795 2045 est.

1956 2167 2044 2221 lV.
2076 2167 2212 2223 Cum
2246 2169 2360 2225 hac
2383 2169 2455 2223 ita
2489 2185 2547 2225 se
2575 2170 2862 2236 haberent,
2895 2172 3003 2226 dux
3032 2175 3099 2228 ad
3121 2175 3340 2232 beatum
3369 2175 3462 2233 Vl-

1876 2261 2084 2312 clorem
2116 2276 2420 2316 conversus
2453 2280 2467 2317 :
2499 2261 2778 2328 Sacrifica,
2822 2266 3022 2336 inquit,
3049 2268 3154 2323 diis
3185 2274 3459 2339 maximis,

1874 2359 2061 2404 etcsto
2086 2354 2351 2421 prudens.
2375 2355 2565 2409 Victor
2589 2357 2902 2425 respondit:
2929 2358 3043 2427 Ego
3060 2364 3299 2428 prudens
3317 2379 3459 2419 sem-

1872 2457 1971 2511 per
2022 2458 2141 2497 sum
2167 2482 2182 2505 .
2226 2460 2350 2498 cum
2380 2445 2547 2499 Deum
2580 2462 2930 2517 cognoscam.
2986 2450 3104 2503 Non
3137 2463 3241 2519 est,
3278 2457 3455 2525 inquit

1872 2533 2352 2604 dux,prudentia’,
2386 2539 2478 2591 sed
2499 2539 2745 2593 stultitia:
2763 2540 3000 2609 signum,
3030 2545 3173 2597 nolle
3198 2545 3303 2600 diis
3323 2549 3458 2617 ipsis

1880 2627 2221 2682 sacrificare.
2254 2628 2332 2682 Ad
2360 2629 2475 2683 haec
2519 2644 2744 2685 sanetus
2783 2632 3008 2688 Victor:
3049 2634 3223 2689 Stulta
3259 2644 3453 2695 mundi

1877 2716 2042 2784 elegit
2092 2719 2258 2780 Deus,
2315 2730 2373 2772 ut
2424 2722 2703 2789 sapientes
2760 2725 3133 2780 confundat‘.
3187 2729 3341 2785 Tunc
3376 2733 3454 2785 ait

1874 2805 2027 2859 dux:
2076 2808 2141 2860 Et
2186 2808 2408 2863 ubinam
2466 2814 2568 2865 hoc
2610 2812 2873 2883 scriptum
2910 2816 3156 2885 legitur?
3213 2819 3314 2875 Cui
3365 2839 3451 2880 re-

1870 2898 2092 2969 spondit
2129 2900 2311 2956 Victor
2345 2919 2356 2957 :
2392 2901 2592 2959 Paulus
2624 2905 2905 2974 apostolus
2936 2923 3035 2963 nos
3081 2909 3196 2966 haec
3236 2913 3448 2972 docuit.

1868 2991 2034 3053 Num,
2068 2993 2249 3061 inquit
2296 2996 2410 3056 ille,
2471 2997 2614 3051 Deus
2645 3008 2764 3051 erat.
2792 2999 3030 3055 Paulus?
3075 3004 3177 3059 Cui
3212 3007 3395 3059 Victor
3427 3026 3440 3060 :

1871 3080 2094 3136 Minime
2124 3084 2329 3138 Paulus
2361 3087 2506 3139 Deus
2529 3096 2634 3147 est.
2671 3089 2767 3142 sed
2804 3091 2897 3143 Dei
2926 3098 3235 3161 apostolus,
3278 3107 3330 3150 et
3356 3113 3446 3151 sa-

1873 3174 2035 3244 piens
2082 3177 2463 3233 architectus:
2509 3179 2800 3234 aedificavit
2834 3184 2983 3238 enim
3036 3202 3201 3256 super
3248 3191 3446 3243 funda-

1867 3278 2114 3322 mentum
2153 3270 2301 3338 quod
2344 3272 2584 3338 positum
2626 3271 2807 3327 fuerat
2832 3275 2873 3336 ’,
2927 3285 2983 3328 et
3024 3264 3279 3331 doctrina
3338 3296 3438 3334 sua

1866 3360 2060 3414 orbem
2111 3370 2385 3415 terrarum
2428 3365 2660 3431 replevit
2715 3383 2728 3416 :
2785 3366 2881 3433 qui
2932 3381 3057 3420 cum
3103 3370 3437 3437 sapientiam

1866 3452 1972 3505 sibi
1989 3466 2016 3503 a
2034 3451 2146 3505 Deo
2164 3451 2412 3506 traditam
2432 3455 2754 3523 accepisset,
2774 3456 3082 3511 divinarum
3108 3459 3436 3515 Litterarum

170 3508 327 3570 Θεοῦ,
369 3512 536 3581 ἔσχεν
562 3517 624 3566 ὲν
659 3518 838 3587 ἑαυτῷ
864 3523 923 3572 τὸ
951 3522 1225 3595 πλήρωμα
1260 3530 1367 3581 τῶν
1402 3532 1441 3582 Γ
1444 3534 1634 3602 ραφῶν
1665 3508 1757 3590 καὶ

1876 3543 2083 3612 plenam
2129 3544 2538 3615 perfectamque
2607 3548 2859 3602 notitiam
2918 3549 2971 3601 iu
3002 3564 3059 3602 se
3104 3550 3322 3613 habuit,
3381 3562 3436 3606 et

169 3598 369 3663 ἔδειξεν
397 3602 522 3653 ὁδὸν
546 3607 658 3668 τοῖς
684 3608 923 3678 σωθῆναι
949 3612 1316 3684 βουλομένοις.
1350 3622 1407 3673 '0
1436 3598 1560 3689 ὸοὺξ
1584 3626 1755 3682 εἶπεν·

169 3691 384 3745 Παῦσαι
422 3694 765 3783 λοιπὸναῆς
819 3704 1035 3772 μωρίας
1098 3724 1189 3760 σου
1218 3712 1444 3783 ταύτης,
1476 3719 1568 3768 καὶ
1599 3718 1759 3772 θῦσον

165 3786 275 3847 τοῖς
293 3783 471 3851 θεοῖς,
502 3773 748 3843 ἑπεὶδούκ
770 3792 1112 3865 ὼφελὴσουσί
1137 3818 1192 3853 σε
1218 3806 1285 3855 τὰ
1319 3773 1539 3874 ῥήματα
1562 3808 1752 3865 ταῦτα.

176 3874 233 3929 '0
256 3878 418 3944 ιγιος
451 3881 671 3953 Βίκτωρ
696 3881 881 3939 εἶπεν
917 3889 1034 3944 Ούκ
1067 3894 1182 3964 είμὶ
1210 3898 1413 3967 μωρὸς,
1446 3902 1580 3955 ἀλλὰ
1612 3906 1753 3958 πάνυ

165 3970 439 4038 φρόνιμος
476 3971 571 4020 τὸν
627 3974 757 4025 Θεὸν
793 3993 895 4043 μου
950 3982 1026 4049 μὴ
1075 3985 1408 4054 ἀρνούμενος
1434 4008 1448 4021 ·
1489 3996 1661 4061 μωροὶ
1691 3996 1749 4047 δέ

164 4061 264 4111 εἱσι
297 4061 392 4112 καὶ
432 4061 671 4130 ἄφρονες
701 4065 749 4117 οί
772 4067 1062 4135 ἀκούοντές
1094 4092 1185 4128 σου
1211 4076 1301 4131 καὶ
1332 4079 1552 4150 δαίμοσι
1586 4084 1747 4139 θύον-

163 4172 250 4221 τες
272 4174 285 4187 ο
324 4159 431 4212 καὶ
463 4160 575 4229 γάρ
611 4162 639 4212 6
691 4166 872 4234 πατὴρ
903 4168 1057 4237 ὑμῶν
1104 4174 1132 4225 6
1160 4172 1405 4239 διάϐολος
1437 4178 1533 4230 ἀπ’
1570 4180 1749 4248 ἀρχῆς

160 4250 401 4321 ψεύστης
428 4256 591 4306 ἐστὶν
621 4256 712 4307 καὶ
751 4258 847 4327 τὴν
870 4260 1129 4328 ἀλήθειαν
1178 4265 1279 4317 οὐκ
1320 4266 1479 4331 ἔγνω,
1532 4268 1608 4328 ὼς
1654 4271 1752 4321 καὶ

162 4343 318 4411 ὑμεῖς
355 4345 413 4397 οἱ
445 4345 692 4399 διάκονοι
724 4350 914 4402 αὑτοῦ·
971 4350 1107 4405 ἀλλά
1137 4355 1232 4407 καὶ
1259 4357 1313 4407 αί
1340 4357 1558 4424 καρδίαι
1594 4362 1750 4429 ὑμῶν

161 4440 552 4511 πεπήρωνται,
576 4439 677 4510 τὴν
702 4442 903 4510 γνῶσιν
932 4443 1034 4513 τῆς
1066 4446 1325 4515 ἀληθείας
1360 4448 1435 4520 μὴ
1464 4447 1708 4519 ἔχουσαι.

224 4620 298 4674 E'.
334 4621 477 4672 Τότε
511 4619 792 4687 θυμωθεὶς
823 4623 851 4673 6
882 4622 1009 4686 δουξ
1039 4624 1293 4678 ἐκέλευσε
1324 4626 1392 4679 τὰ
1417 4628 1749 4698 νεῦραὸλου

155 4712 245 4764 τοῦ
278 4712 542 4782 σώματος
574 4712 739 4766 αὑτοῦ
762 4713 1108 4787 ἀποκοπῆναι
1126 4732 1140 4747 ⁸
1178 4718 1276 4772 καὶ
1299 4718 1489 4773 τούτου
1516 4726 1749 4793 γενομέ-

1865 3632 1977 3695 his,
2017 3632 2108 3700 qui
2144 3633 2281 3686 salvi
2312 3649 2432 3687 esse
2470 3634 2724 3702 cupiunt,
2778 3637 2918 3688 viam
2966 3640 3227 3691 ostendit.
3278 3640 3439 3695 Tunc

1862 3724 1942 3775 ait
1992 3722 2101 3775 dux
2140 3739 2153 3774 :
2204 3723 2402 3777 Desine
2445 3724 2498 3777 in
2540 3734 2819 3794 posterum
2860 3728 2928 3782 ab
2970 3729 3072 3783 ista
3122 3729 3332 3786 insania
3382 3744 3441 3787 et

1859 3811 1969 3868 diis
1990 3812 2285 3879 Qacrilica;
2330 3828 2438 3868 non
2474 3817 2620 3868 enim
2673 3817 2775 3871 tibi
2804 3817 3109 3886 proderunt
3139 3821 3305 3874 verba
3336 3823 3439 3876 ista

1858 3911 1975 3960 tua.
2012 3903 2258 3969 Minime,
2290 3904 2469 3972 inquit
2500 3904 2708 3969 Victor,
2737 3907 2963 3961 insanus
3007 3922 3108 3977 ego
3135 3921 3279 3972 sum,
3332 3914 3431 3966 sed

1854 3999 2018 4055 valde
2046 3999 2317 4067 prudens,
2348 4013 2473 4052 cum
2500 3999 2672 4052 Deum
2710 4015 2892 4052 meum
2936 4016 3044 4054 non
3085 4017 3294 4070 negem.
3336 4003 3426 4056 lu-

1855 4090 1981 4145 sani
2012 4098 2069 4145 et
2093 4090 2385 4145 dementes
2410 4095 2559 4153 sunt,
2608 4088 2703 4158 qui
2738 4097 2788 4143 te
2823 4088 3079 4152 audiunt,
3129 4100 3185 4144 et
3227 4091 3432 4145 daemo-

1857 4181 2028 4234 nibus
2051 4181 2308 4234 victimas
2331 4178 2572 4234 oﬂ‘erunt
2604 4195 2617 4231 :
2664 4178 2881 4232 Etenim
2910 4188 3068 4247 pater
3102 4189 3283 4233 vester
3306 4181 3430 4234 dia-

1855 4269 2020 4324 bolus
2048 4272 2280 4324 mendax
2308 4279 2414 4333 est,
2446 4278 2501 4322 et
2524 4269 2579 4320 in
2609 4269 2841 4322 veritate
2882 4284 2989 4322 non
3048 4272 3202 4323 stetit
3236 4287 3255 4323 ε
3284 4272 3431 4325 sicut

1856 4370 1915 4415 et
1972 4376 2109 4425 vos,
2160 4360 2255 4430 qui
2311 4359 2447 4415 estis
2511 4357 2660 4413 illius
2686 4358 2923 4414 ministri
2959 4359 3001 4412 ’.
3050 4358 3197 4425 Quin
3261 4362 3426 4416 etiam

1854 4454 2028 4509 corda
2052 4464 2228 4507 vestra
2254 4460 2529 4508 excaecata
2564 4461 2713 4518 sunt,
2746 4453 2995 4506 veritatis
3028 4454 3283 4528 notitiam
3307 4471 3419 4509 non

1855 4542 2143 4599 habenda.

1934 4637 2001 4691 V.
2044 4637 2199 4692 Tunc
2232 4637 2421 4693 furore
2450 4652 2714 4692 accensus
2737 4638 2845 4690 dux
2901 4637 3013 4701 ille,
3061 4638 3224 4707 jussit
3256 4639 3427 4692 totius

1852 4729 2102 4795 corporis
2134 4731 2394 4796 martyris
2432 4743 2633 4782 nervos
2662 4728 2870 4783 divelli.
2913 4728 3031 4795 Quo
3075 4729 3242 4794 facto,
3283 4728 3424 4783 dixit

157 4821 265 4874 vso,
297 4802 460 4859 εἶπεν
487 4808 517 4858 6
543 4806 703 4872 ἆγιος
749 4806 967 4878 Βίκτωρ
991 4824 1005 4837 ο
1071 4811 1259 4864 Ταῦτα
1294 4814 1470 4866 πάντα
1520 4816 1746 4884 πάσχων

1876 4826 2083 4872 ιεηειιιε
2114 4818 2301 4873 Victor
2337 4838 2351 4873 :
2386 4817 2523 4873 Cum
2551 4821 2731 4874 omnia
2769 4822 2883 4883 hac
2913 4836 2941 4873 a
2974 4832 3024 4874 te
3053 4822 3254 4890 patior,
3291 4822 3418 4874 nul-

159 4898 257 4947 ὑπὸ
276 4895 397 4957 σοῦ,
427 4894 545 4947 οὐδ’
577 4895 714 4956 ὅλως
745 4895 992 4965 ᾐσθόμην
1016 4896 1327 4965 ἀλγηδόνος,
1352 4901 1439 4953 διὰ
1468 4903 1565 4973 τὴν
1588 4906 1746 4976 χάριν

156 4985 244 5037 τοῦ
276 4987 417 5039 Θεοῦ
443 4987 549 5054 τὴν
583 4986 990 5057 ἐνδυναμοῦσάν
1028 5006 1096 5057 με
1125 5007 1138 5021 ·
1173 4989 1363 5059 ὥσπερ
1393 4993 1501 5063 γὰρ
1521 4996 1745 5063 κέντρον

158 5082 259 5133 ἀπὸ
290 5080 450 5142 ποδὸς
509 5081 884 5149 ἐκφερόμενον
926 5084 1251 5152 συνεκφέρει
1288 5085 1466 5153 ἐαυτῷ
1518 5087 1613 5157 τὴν
1645 5106 1746 5141 κα-

157 5176 375 5244 κουχίαν
416 5174 519 5225 καὶ
577 5173 761 5224 πᾶσαν
812 5175 910 5243 τὴν
960 5175 1233 5243 ἀλγηδόνα
1282 5178 1378 5230 καὶ
1439 5178 1742 5231 ἀνάπαυσιν

157 5272 379 5337 παρέχει
426 5270 511 5339 τῷ
544 5266 787 5337 σώματι,
837 5270 1011 5331 οὕτως
1063 5270 1241 5337 κάγὼ,
1267 5272 1376 5324 τῶν
1405 5273 1611 5342 νεύρων
1643 5291 1744 5342 μου

158 5359 652 5420 ἀποσπασθέντων,
677 5359 819 5411 πάνυ
860 5360 1261 5430 ἀνεπαυσάμην
1291 5362 1378 5414 διὰ
1409 5362 1506 5430 τὴν
1532 5367 1588 5414 ἐν
1615 5365 1747 5433 Χρι-

159 5452 263 5521 στῷ
291 5451 481 5504 πίστιν
514 5453 612 5502 καὶ
643 5450 742 5519 τὴν
776 5450 1134 5520 ἔνισχύουσάν
1167 5469 1233 5521 με
1263 5456 1443 5523 χάριν.
1481 5455 1611 5526 Τότε
1642 5456 1760 5508 πάι

158 5541 449 5607 λινόδοῦξ
496 5544 597 5593 ἐπὶ
658 5544 840 5595 πλεῖον
892 5544 1197 5613 ὀργισθεὶς,
1251 5547 1539 5598 ἐκέλευσεν
1568 5547 1745 5600 ἔλαιον

161 5634 396 5703 σφοδρῶς
430 5631 765 5701 πυρωθῆναι
795 5636 889 5687 καὶ
937 5635 1266 5706 ἐπιχεθῆναι
1298 5635 1447 5707 αὐτῷ
1474 5639 1611 5688 κατὰ
1641 5638 1745 5690 τῶν

227 5798 243 5831 ⁸
276 5796 296 5853 ι
332 5794 467 5852 Cor.
500 5810 544 5863 I,
573 5793 667 5850 27.
744 5796 763 5827 ¹
797 5794 814 5851 1
853 5795 977 5852 Cor.
1020 5814 1105 5868 ιιι,
1138 5799 1223 5868 ll,
1279 5800 1365 5853 ιε.

1853 4910 1966 4965 lum
2023 4912 2250 4964 omnino
2281 4924 2475 4965 sensus
2508 4913 2754 4965 dolorem
2784 4911 3027 4980 percipio
3068 4921 3295 4980 propter
3322 4912 3420 4967 Dei

1853 5004 2106 5073 gratiam,
2157 5018 2278 5071 quse
2342 5018 2429 5056 me
2512 5004 2858 5059 corroborat.
2944 5004 3419 5069 Quemadmodum

1850 5096 2000 5149 enim
2041 5094 2318 5149 aculeusa
2352 5096 2490 5164 pede
2525 5097 2758 5164 alicujus
2792 5096 3037 5157 evulsus,
3074 5110 3261 5149 secum
3308 5110 3419 5149 una

1852 5185 2098 5239 dolorem
2131 5202 2349 5239 onmem
2370 5188 2572 5249 aufert,
2595 5194 2649 5239 et
2682 5188 2900 5257 corpori
2930 5185 3130 5243 deinde
3170 5188 3416 5255 requiem

1854 5276 2058 5344 praebet
2091 5294 2103 5329 :
2142 5279 2214 5330 ita
2246 5285 2301 5328 et
2332 5291 2454 5344 ego,
2489 5276 2675 5331 nervis
2701 5280 2837 5331 meis
2877 5278 3127 5339 divulsis,
3180 5280 3415 5329 maxime

1850 5378 2130 5422 recreatus
2191 5383 2336 5431 sum,
2394 5368 2579 5424 divina
2638 5369 2809 5438 gratia
2855 5384 2940 5423 me
2998 5368 3412 5422 eorroborante.

1848 5460 2002 5515 Tunc
2031 5461 2138 5513 dux
2169 5460 2339 5526 magis
2370 5463 2650 5529 magisque
2682 5465 2880 5524 iratus,
2923 5460 3085 5533 jussit
3114 5460 3294 5515 oleum
3322 5476 3409 5514 ve-

1848 5550 2133 5606 hementer
2159 5549 2420 5613 calefieri,
2452 5560 2507 5603 et
2554 5551 2606 5603 in
2643 5553 2889 5607 occultas
2931 5562 3116 5621 partes
3161 5549 3410 5619 corporis

1847 5640 2086 5693 infundi.
2143 5637 2263 5703 Quo
2321 5641 2505 5702 facto.
2572 5640 2765 5697 beatus
2814 5649 3019 5711 martyr
3074 5641 3153 5696 ait
3202 5657 3214 5692 :
3272 5637 3408 5691 Tam

1445 5801 1463 5830 ³
1496 5795 1654 5855 .loau.
1698 5814 1814 5863 vm,
1856 5800 1944 5854 ιι.
