4180 6488
136 389 238 458 165

1124 386 1323 448 VITA
1383 385 1496 444 SS.
1547 385 1919 448 VICTORIS
1950 388 2047 448 ET
2087 390 2437 452 CORON/ﬁ.

3329 398 3436 461 266

135 509 243 560 πῶν
274 504 531 572 ἀγαθῶν·
576 507 774 570 τέλειος
806 501 853 559 εὶ
892 503 980 558 καὶ
1018 501 1250 559 δίκαιος
1286 497 1497 565 ὥσπερ
1523 497 1748 560 ἐκεῖνος

1859 501 2037 556 fectus
2064 503 2337 573 acjuslus
2383 513 2439 560 tu
2475 518 2558 564 es,
2591 513 2652 560 ut
2687 505 2776 561 ille
2835 505 2935 562 fuit
2989 508 3042 562 in
3088 512 3440 581 generatione

133 602 184 654 εν
208 599 299 666 ὅλῃ
328 600 394 666 τῇ
425 599 595 669 γενεᾷ
624 597 786 651 αὐτοῦ
806 614 820 630 ο
842 595 1188 651 έπίστευσας
1213 589 1423 658 ὥσπερ
1452 587 1749 658 Ἀϐραάμσ

135 693 514 760 προσήνεγκας
545 690 736 744 ἑαυτὸν
756 689 831 758 τῷ
859 685 974 755 Θεῷ
1013 685 1099 744 ὡς
1138 681 1346 734 Ἰσαάκ
1371 697 1387 712 ·
1429 679 1752 749 ὑπέμεινας

136 783 478 852 πειρασμοὺς
507 782 584 846 ὡς
625 780 840 843 Ἰακὼϐ,
871 778 1030 849 ήνίκα
1072 775 1354 829 ἐδιώκετο
1389 771 1498 824 ὑπὸ
1545 771 1748 825 Ἥσαῧ’

136 872 423 941 έσοφίσθης
445 871 636 940 ὥσπερ
670 862 935 938 Tuast-sd?)
953 866 1212 934 ἐγνώσθη
1235 863 1307 915 τὰ
1339 861 1750 929 ἀποϐησόμενα

139 971 259 1034 περὶ
292 965 390 1018 τοῦ
420 963 589 1034 λιμοῦ
654 962 748 1016 καὶ
777 963 960 1029 ἐγένου
999 957 1286 1028 φρόνιμος
1351 953 1451 1006 καὶ
1504 952 1708 1014 πιστός

139 1057 372 1127 ῇθλησας
400 1055 480 1118 ὡς
524 1053 666 1120 Ἰὼϐ,
687 1053 743 1116 δς
768 1051 992 1111 πολλοὺς
1013 1044 1384 1119 πειρασμοὺς
1415 1043 1747 1111 ὑπομείνας,

139 1149 350 1217 ἐνίκησε
381 1147 481 1199 τὸν
513 1145 726 1217 ἐχθρόν·
755 1143 1027 1214 ἐζήλωσας
1053 1141 1158 1194 τὸν
1191 1137 1457 1198 Ἡσαΐαν,
1488 1133 1549 1196 ὃς
1581 1133 1750 1202 μέσον

139 1237 366 1304 ἐπρίσθη
411 1236 520 1288 ὑπὸ
551 1237 846 1304 Μανασσῆ.
888 1232 998 1302 οὐχ
1041 1227 1234 1300 ἧψατὸ
1266 1242 1371 1278 σου
1412 1223 1472 1276 τὸ
1503 1223 1643 1292 πῦρ,
1672 1221 1752 1286 ὡς

135 1327 253 1380 οὐδὲ
279 1327 379 1380 τοῦ
419 1326 892 1396 Ναϐουχοδονόσορ
913 1321 1021 1376 τῶν
1055 1319 1235 1388 τριῶν
1271 1315 1493 1369 παίδων
1517 1331 1530 1344 °
1583 1313 1750 1384 ἠλπι-

141 1435 234 1481 σας
268 1418 361 1471 ἐπὶ
425 1419 635 1490 Κύριον
686 1418 760 1479 ὡς
791 1413 952 1468 Δαυῖδ
981 1413 1008 1464 δ
1030 1411 1134 1464 τοῦ
1177 1406 1428 1462 Ἰεσσαί⁸
1465 1405 1750 1468 ἀπέλαϐες

137 1509 232 1577 τὴν
263 1507 472 1576 σορίαν
512 1508 879 1578 Σολομῶντος.
912 1503 1015 1563 ἕως
1048 1501 1121 1555 ἂν
1168 1499 1424 1574 ,νικήσῃς
1455 1496 1552 1550 τοῦ
1598 1498 1746 1548 ἀντι·-

142 1599 309 1652 πὰλου
341 1600 450 1662 τὰς
499 1597 798 1668 μεθοδείας.
843 1589 1222 1662 Προσδεχθείη
1254 1606 1353 1642 σου
1385 1591 1418 1657 ἡ
1449 1588 1638 1652 θυσία,
1672 1587 1750 1649 ὡς

139 1695 172 1757 ὴ
194 1691 286 1742 τοῦ
311 1691 580 1759 Σαμουὴλ
603 1705 615 1717 ·
649 1691 833 1756 ἐγένου
861 1689 938 1749 είς
965 1683 1149 1754 ὀσμὴν
1181 1681 1438 1742 εἰωδίας,
1461 1679 1538 1758 ὡς
1559 1677 1751 1732 Ἐλεά-

142 1781 307 1847 ζαρος
369 1783 436 1831 ὲν
492 1783 560 1846 τῇ
603 1777 847 1846 ίερατείᾳ
887 1772 1087 1827 αὐτοῦ·
1134 1767 1504 1838 προσδεχθείη
1566 1784 1662 1818 σου
1687 1766 1750 1817 τὸ

1861 605 1986 646 sua.
2025 591 2352 657 Credidisti,
2390 602 2451 647 ut
2484 594 2760 650 Abraham
2790 613 2805 662 ;
2842 597 3091 653 obtulisti
3127 610 3178 654 te
3214 601 3343 664 Deo,
3381 616 3441 658 ot

1860 678 2061 746 Isaac;
2110 684 2447 736 tentationes
2487 684 2821 747 sustinuisti,
2853 694 2912 738 ut
2967 686 3175 753 Jacob;
3223 691 3442 760 sapiens

1857 768 2105 822 effectus
2125 784 2207 829 es.
2240 780 2300 824 ιιι
2324 771 2548 846 Joseph,
2574 773 2661 826 cui
2688 789 2868 827 rerum
2891 774 3190 830 futurarum
3224 795 3439 847 praeno-

1862 859 1945 912 tio
1971 875 2234 916 concessa
2259 862 2384 918 fuit.
2413 863 2730 919 Certamina
2765 867 2902 935 ipsa,
2938 877 2997 922 ut
3028 869 3130 926 Job
3183 870 3289 933 ille,
3328 871 3438 926 for-

1861 951 2003 1006 titer
2034 953 2332 1020 pertulisti,
2361 956 2454 1023 qui
2490 956 2691 1009 multas
2749 958 3083 1014 tentationes
3125 977 3435 1031 perpessus.

1858 1038 2086 1095 hostem
2123 1043 2402 1098 diabolum
2430 1049 2782 1116 expugnavit.
2820 1049 3011 1104 Isaiam
3039 1053 3328 1107 annulatus
3357 1070 3437 1115 es,

1853 1131 1961 1198 qui
1999 1148 2028 1185 ιι
2066 1149 2187 1202 rege
2215 1134 2462 1190 Manasse
2517 1137 2733 1192 medius
2779 1141 2986 1196 scissus
3015 1152 3116 1196 est.
3166 1143 3241 1196 Te
3301 1144 3440 1213 ignis

1858 1218 2084 1275 ﬂamma
2115 1240 2222 1277 non
2240 1226 2436 1296 attigit.
2462 1225 2932 1296 quemadmodum
2952 1246 3053 1286 nec
3074 1231 3440 1290 Nabuchodo-

1855 1315 2086 1366 nosoris
2116 1313 2348 1370 ﬂammat
2387 1326 2499 1371 tres
2534 1317 2657 1371 illos
2683 1335 2882 1386 pueros
2915 1322 3236 1391 attigerunt.
3273 1325 3436 1394 Spem

1855 1413 2017 1455 tuam
2053 1405 2107 1457 in
2139 1406 2249 1460 Deo
2283 1406 2402 1476 ipso
2435 1408 2741 1468 collocasti.
2783 1422 2840 1464 ut.
2875 1412 3041 1470 David
3077 1414 3221 1469 illius
3262 1415 3432 1472 Jesse.

1855 1493 1986 1546 Vidi
2019 1496 2156 1550 duas
2183 1513 2420 1554 coronas
2449 1515 2480 1554 e
2510 1500 2653 1555 coelo
2707 1502 2994 1572 demissas,
3059 1520 3223 1557 unam
3270 1507 3439 1576 majo-

1856 1599 2003 1646 rem,
2031 1586 2259 1641 alteram
2294 1591 2562 1644 minorem
2593 1609 2607 1645 :
2644 1601 2702 1647 et
2736 1595 2995 1663 majorem
3027 1594 3246 1664 quidem
3287 1598 3432 1651 illam

1855 1675 1966 1729 tibi
1997 1677 2214 1733 allatam
2248 1679 2318 1733 ab
2339 1683 2551 1750 angelis
2575 1684 2885 1748 duodecim,
2919 1688 3186 1741 minorem
3219 1702 3344 1740 vero
3367 1690 3434 1740 ad

1860 1782 1954 1821 me
1988 1768 2207 1822 missam
2241 1769 2438 1825 audivi.
2473 1771 2604 1824 Nam
2627 1774 2729 1828 etsi
2763 1790 2855 1829 vas
2877 1776 3148 1831 infirmum
3165 1792 3269 1846 ego
3289 1792 3432 1841 sum,

142 1869 233 1924 τοῦ
259 1868 518 1939 διωγμοῦ
551 1864 712 1936 αἷμα,
752 1867 826 1928 ὡς
862 1863 955 1916 τοῦ
991 1860 1199 1930 Δανιὴλ
1252 1859 1343 1911 διὰ
1376 1859 1481 1909 τῶν
1529 1856 1744 1925 ὀνειρά-

1857 1859 2235 1917 nihilominus
2273 1870 2456 1918 tamen
2503 1873 2561 1918 et
2625 1864 2741 1933 ipsa
2788 1881 2974 1936 parata
3008 1883 3127 1922 sum
3157 1880 3434 1927 certamen

156 1981 267 2017 των
288 1981 303 1994 ο
339 1957 494 2015 εἶδον
521 1958 628 2029 γὰρ
657 1959 747 2011 δύο
773 1955 1070 2025 στεφάνους
1103 1950 1219 2004 ἀπὸ
1244 1947 1480 2018 οὐρανοῦ
1509 1947 1747 2015 φερομέ-

1859 1949 2082 2012 subire,
2117 1967 2180 2005 ac
2211 1953 2434 2007 caeleste
2465 1969 2691 2024 regnum
2726 1958 2940 2026 assequi
2976 1957 3189 2013 studeo.

147 2075 292 2122 νους,
367 2057 474 2110 ἕνα
539 2053 763 2124 μείζονα
810 2050 906 2102 καὶ⁵
953 2049 1046 2100 ἕνα
1076 2044 1386 2099 ἐλάσσονα·
1442 2041 1538 2094 καὶ
1595 2040 1687 2092 τὸν
1732 2038 1834 2108 μὲν
1869 2041 2098 2109 μείζονι
2132 2046 2216 2095 σοὶ
2255 2045 2558 2112 φερόμενον
2596 2048 2688 2100 ὑπ’
2735 2050 2984 2116 ἀγγέλων
3018 2050 3244 2117 δώξεκα,
3273 2050 3438 2106 τὸνδὶ

149 2147 425 2203 ἐλάσσονά
458 2161 556 2215 μοι
615 2141 987 2212 πεμπόμενον.
1023 2137 1090 2192 Εί
1123 2134 1236 2206 γὰρ
1291 2132 1390 2186 καὶ
1460 2131 1654 2194 σκεῦός
1712 2131 1832 2200 εἰμι
1859 2131 2112 2196 ἀσθενὲς.
2154 2133 2274 2185 ἀλλ’
2304 2134 2439 2199 ὅλως
2477 2137 2632 2208 κάγὼ
2666 2140 3006 2212 ἀγωνίζομαι
3033 2145 3125 2196 καὶ
3154 2144 3439 2208 amussim

149 2247 244 2313 τῆς
275 2239 571 2310 βασιλείας
593 2236 705 2289 τῶν
727 2232 976 2306 οὐρανῶν
1002 2229 1308 2298 ἐπιτυχεῖν.

217 2335 303 2391 H'.
343 2336 408 2389 ’0
447 2334 508 2388 δι
544 2331 672 2398 δοὺξ
699 2330 941 2393 ἀκούσας
981 2326 1186 2387 ταῦτα,
1229 2321 1491 2393 ἐθυμώθη
1513 2321 1632 2375 λίαν
1657 2323 1755 2376 καὶ

147 2430 452 2483 ἐκέλευσεν
482 2424 862 2495 προσαχθῆναι
893 2418 1062 2489 αὐτὴν
1097 2414 1252 2484 αὐτῷ
1278 2415 1378 2467 καὶ
1404 2413 1554 2481 λέγει
1578 2413 1754 2484 αὑτῇο

152 2523 222 2574 Σὺ
248 2521 338 2583 τίς
377 2513 472 2584 εἷς
520 2516 590 2569 Ἦ
607 2516 661 2568 δὲ
691 2509 870 2566 εἶπεν·
895 2505 1219 2577 Χριστιανή.
1251 2503 1310 2556 Ὀ
1341 2502 1396 2556 δὲ
1425 2504 1551 2566 δοὺξ
1578 2499 1750 2562 εἶπεν·

157 2614 352 2666 ηόσων
390 2609 540 2663 ὲτῶν
569 2603 652 2670 si;
689 2605 753 2658 Ἦ
789 2603 846 2655 δὲ
883 2600 1014 2670 ἁγία
1063 2595 1251 2651 εἶπεν·
1277 2595 1586 2650 Δεκαπέντε
1613 2596 1752 2650 ἑτῶν

154 2710 245 2760 καὶ
277 2704 479 2775 μηνῶν
512 2700 680 2754 ὀκτώ.
715 2701 880 2767 Λέγει
919 2697 1059 2768 αὐτῇ
1091 2695 1119 2748 δ
1144 2694 1294 2762 δούξο
1322 2694 1456 2748 Πότε
1487 2692 1752 2763 ὲζεύχθης

153 2797 350 2868 ανδρες
390 2796 464 2849 Ἦ
491 2790 632 2862 ἁγία
661 2790 925 2860 Στεφανὶς
972 2786 1127 2842 εἶπεν
1151 2805 1164 2818 ·
1208 2787 1323 2858 Πρὸ
1356 2788 1601 2840 ἑνιαυτοῦ
1642 2787 1759 2850 ἐνὸς

161 2888 256 2940 καὶ
293 2886 495 2958 μηνῶν
546 2883 853 2953 τεσσάρων.
926 2880 987 2932 Ὀ
1017 2879 1142 2946 δοῖιξ
1172 2876 1361 2930 εἶπενο
1419 2878 1532 2931 Καὶ
1583 2879 1669 2931 διὰ
1705 2878 1760 2931 τί

156 2981 332 3040 οῦτως
349 2976 578 3047 ταχέως
604 2973 826 3041 ἀφῆκας
851 2970 942 3022 τὸν
967 2969 1205 3037 κόσμονς
1233 2969 1298 3052 ᾞ
1330 2969 1463 3034 ἁγία
1490 2969 1759 3037 Στεφανὶς

157 3069 348 3124 εἶπεν·
415 3063 635 3133 Επειδὴ
689 3063 776 3116 ἵνα
816 3059 956 3130 μετὰ
1008 3058 1323 3129 παρρησίας
1353 3061 1652 3128 ἁπαντήσω
1680 3061 1757 3130 τῷ

152 3155 617 3228 προσδοκωμένῳ
640 3149 854 3221 Σωτῆρί
891 3166 994 3220 μου
1013 3146 1191 3215 Ἰησοῦ
1214 3145 1454 3216 Χριστῷ,
1489 3146 1566 3214 τῷ
1593 3150 1758 3198 ἐπου-

1940 2323 2062 2379 Vlll
2121 2322 2250 2381 Hec
2283 2341 2408 2382 cum
2439 2329 2550 2384 dux
2593 2330 2683 2386 ille
2714 2331 3036 2397 audivisset,
3066 2331 3225 2388 valde
3267 2333 3442 2389 iratus

1860 2425 1970 2480 est,
2005 2427 2064 2471 et
2091 2419 2262 2488 jussit
2291 2407 2548 2476 feminam
2581 2423 2727 2478 illam
2765 2423 2831 2478 ad
2876 2441 2933 2480 se
2976 2424 3125 2492 duci,
3169 2443 3332 2497 quam
3365 2427 3443 2482 sic

1863 2505 2073 2562 affatus
2098 2518 2184 2562 est
2222 2526 2234 2558 :
2268 2511 2528 2574 Qutnam
2548 2530 2607 2568 es
2641 2524 2694 2568 tu
2722 2515 3097 2578 ‘.'Christiana,
3128 2519 3305 2588 inquit
3327 2519 3439 2581 illa.

1857 2610 1964 2664 ego
1991 2612 2133 2651 sum.
2199 2598 2337 2653 Tum
2394 2601 2504 2654 dux
2567 2603 2641 2657 ab
2686 2619 2748 2657 ea
2779 2607 3054 2674 quaesivit.
3103 2617 3238 2677 quot
3266 2625 3441 2664 annos

1858 2696 1992 2742 nata
2043 2697 2214 2744 esset.
2271 2690 2372 2750 Cui
2417 2692 2722 2764 Stephana,
2776 2697 3092 2767 quindecim
3151 2716 3328 2757 annos
3383 2712 3440 2756 et

1863 2794 2086 2835 menses
2136 2793 2266 2837 octo
2321 2801 2379 2838 se
2427 2797 2606 2840 natam
2659 2804 2782 2843 esse
2832 2792 3137 2858 respondit.
3171 2791 3435 2860 Quaesivit

1862 2883 2141 2940 praeterea
2163 2874 2295 2937 dux,
2320 2879 2563 2944 quandiu
2600 2879 2824 2936 vixisset
2851 2897 2977 2936 cum
3009 2883 3146 2949 viro,
3176 2886 3264 2939 cui
3312 2901 3442 2940 con-

1856 2963 2054 3032 juncta
2081 2963 2278 3019 fuerat.
2310 2966 2408 3020 Cui
2446 2973 2730 3039 respondit
2763 2973 2878 3037 illa,
2923 2990 2983 3028 se
3010 2991 3214 3030 annum
3265 2994 3432 3033 unum

1859 3064 1918 3109 et
1944 3071 2162 3111 menses
2207 3068 2445 3126 quatuor
2481 3075 2609 3114 cum
2642 3077 2710 3117 eo
2757 3063 2977 3120 vixisse.
3019 3067 3084 3122 Et
3115 3085 3309 3137 quare,
3359 3074 3438 3125 in-

1861 3147 1988 3213 quit
2037 3149 2168 3208 dux,
2217 3159 2324 3204 tam
2373 3152 2483 3206 cito
2529 3154 2804 3209 mundum
2856 3157 3170 3228 reliquisti?
3205 3161 3284 3216 Ad
3317 3162 3432 3218 hmc

155 3254 325 3322 ρανίῳ
360 3248 464 3302 καὶ
495 3243 758 3314 ἀθανάτῳ
778 3242 1039 3312 Nam:qu
1071 3241 1098 3293 ὁ
1121 3237 1231 3309 γὰρ
1256 3237 1498 3305 ἐπίγειος
1523 3236 1751 3306 νυμφίος

1863 3237 1936 3289 ita
1977 3247 2163 3290 saneta
2196 3241 2518 3308 Stephana:
2571 3246 2789 3317 Reliqui
2828 3249 3050 3306 brevem
3083 3264 3142 3308 et
3183 3254 3432 3326 fragilem

155 3339 512 3412 πρόσκαιρός
543 3337 666 3389 ἑστι
693 3336 785 3387 καὶ
811 3332 1030 3402 θνητὸς,
1068 3332 1096 3382 ὀ
1122 3331 1177 3382 δὲ
1210 3329 1557 3396 ἐπουράνιος,
1583 3331 1675 3381 καὶ
1697 3330 1753 3380 αἱ

151 3431 400 3502 Χριστοῦ
427 3425 642 3497 δωρεαὶ
662 3422 943 3484 ἀθάνατοι,
969 3421 1062 3473 καὶ
1095 3420 1368 3490 ἀκίνητοι,
1403 3421 1496 3472 καὶ
1528 3420 1753 3473 ἀδιάλυ-

154 3540 258 3587 τοι,
303 3521 406 3574 καὶ
442 3512 662 3571 αίώνιοί
702 3514 863 3565 εἰσιν.
903 3510 961 3565 '0
1002 3509 1128 3574 δοῦξ
1170 3505 1362 3563 εἶπενο
1416 3509 1749 3578 Παυσαμένη

155 3615 252 3680 τῆς
281 3603 617 3676 ἀνωφελοῦς
643 3601 850 3670 ταύτης
877 3599 1166 3669 φλυαρίας,
1191 3597 1560 3667 προσελθοῦσα
1588 3598 1748 3650 θῦσον

149 3705 265 3765 τοῖς
281 3700 459 3763 θεοῖς,
494 3697 574 3768 μὴ
601 3694 875 3754 ποικίλαις
895 3689 1190 3762 τιμωρίαις
1227 3691 1323 3741 καὶ
1347 3688 1550 3754 δειναῖς
1581 3689 1752 3759 βασα-

155 3796 315 3859 νίσας
345 3809 412 3847 σε
437 3786 723 3844 ἀπολέσω.
766 3782 827 3838 'H
863 3783 998 3852 ἁγία
1045 3777 1237 3836 εἶπεν·
1295 3782 1440 3850 Ἐγὼ
1492 3783 1757 3852 Στεφανὶς

150 3884 464 3952 καλοῦμαι,
585 3875 853 3945 στέφανος
905 3875 1197 3928 ἀπόκειται
1235 3874 1293 3926 ἐν
1323 3875 1436 3936 τοῖς
1479 3875 1754 3944 οὐρανοῖς,

1864 3328 2057 3382 mundi
2091 3329 2251 3399 hujus
2281 3331 2563 3393 decorem;
2591 3345 2646 3388 et
2677 3345 2922 3393 terrenas
2946 3357 3011 3394 ac
3041 3343 3260 3400 fallaces
3305 3362 3431 3401 cor-

1855 3420 2012 3489 poris
2045 3419 2376 3489 voluptates,
2439 3432 2499 3476 ut
2527 3423 2716 3480 fidenti
2750 3429 2944 3482 animo
2983 3428 3250 3488 Salvatori
3307 3451 3430 3491 meo

1853 3511 1987 3567 Jcsu
2014 3509 2257 3575 Christo,
2308 3529 2471 3582 quem
2525 3526 2936 3586 exspectamus,
2980 3538 3275 3581 occurrere
3336 3544 3431 3583 va-

1852 3601 2020 3664 leam,
2071 3614 2130 3656 ut
2160 3605 2238 3658 illi
2275 3605 2535 3660 videlicet
2567 3609 2756 3663 divino
2804 3609 3120 3670 et'cmlesti
3169 3617 3428 3686 Sponso;

1858 3693 2140 3748 terrestris
2170 3696 2316 3750 enim
2349 3711 2585 3765 sponsus
2618 3699 2685 3753 ad
2717 3707 2934 3771 tempus
2962 3713 3046 3759 est
3072 3714 3128 3759 et
3161 3711 3427 3764 mortalis.

1864 3781 2005 3837 Tum
2061 3784 2174 3839 dux
2215 3801 2228 3837 :
2274 3785 2539 3854 Desistas,
2591 3789 2794 3859 inquit.
2847 3793 2918 3847 ab
2966 3794 3068 3850 ista
3121 3803 3432 3868 nugacitate

1856 3873 2074 3936 inutili,
2115 3884 2171 3927 et
2210 3875 2277 3929 ad
2323 3877 2456 3931 deos
2501 3879 2791 3943 accedens,
2847 3882 2955 3958 illis
3011 3887 3312 3950 sacrillces,
3364 3908 3431 3944 ne

153 3977 245 4029 καὶ
299 3973 397 4026 διὰ
450 3969 623 4024 τοῦτο
659 3968 758 4021 οὐκ
808 3963 1040 4029 ἔπιθύω,
1096 3963 1184 4018 ῖνα
1217 3964 1536 4033 κομίσωμαι
1591 3963 1751 4016 αὑτὸν

1856 3963 2012 4018 novis
2028 3973 2082 4018 et
2112 3965 2457 4034 gravioribus
2479 3970 2770 4026 tormentis
2803 3981 2855 4027 te
2883 3976 3187 4032 cruciatam
3221 3996 3423 4034 consu-

153 4065 304 4136 πιρὰ
347 4062 453 4117 τοῦ
486 4058 706 4114 δικαίου
737 4056 834 4110 καὶ
871 4053 1130 4118 ἀληθινοῦ
1161 4054 1453 4108 ἁθλοθέτου
1491 4053 1753 4124 Χριστοῦ.

1857 4067 2027 4107 mam.
2052 4055 2119 4108 At
2147 4056 2236 4108 illa
2255 4055 2394 4110 dixit
2421 4075 2432 4109 :
2462 4059 2574 4128 Ego
2596 4077 2763 4116 vocor
2785 4062 3082 4134 Stephana.
3110 4070 3197 4122 cui
3226 4086 3429 4154 corona

154 4160 207 4211 in
235 4157 403 4214 cretis
434 4150 690 4224 reposita
713 4157 818 4202 est.
847 4143 1217 4214 Quamobrem
1249 4144 1515 4198 sacriﬁcia
1542 4145 1645 4198 ista
1675 4152 1856 4197 vestra
1883 4158 1990 4196 non
2015 4145 2269 4209 oderam,
2308 4157 2368 4202 ut
2397 4166 2426 4202 ιι
2469 4165 2596 4204 vero
2639 4152 2732 4206 illo
2788 4159 3150 4212 certaminum
3197 4143 3428 4228 praeside

150 4248 374 4304 Christo
402 4257 680 4302 coronam
720 4239 963 4309 recipere
993 4236 1218 4306 possim.

221 4341 301 4394 ϐ’.
343 4337 548 4393 Ταῦτα
581 4331 818 4394 ἀκούσας
853 4334 881 4384 ὁ
924 4327 1050 4393 δοὺξ
1094 4327 1189 4382 καὶ
1221 4325 1426 4396 σφόδρα
1455 4323 1751 4394 θυμωθεὶς,

153 4435 416 4486 ἐκέλευσε
459 4430 563 4481 δύο
611 4423 806 4496 δένδρα
839 4421 1102 4492 φοινίκων
1141 4421 1467 4491 καμφθέντα
1493 4419 1752 4490 ἀλλήλαις

155 4523 503 4593 κολληθῆναι
553 4518 679 4578 ταῖς
709 4515 974 4586 κορυφαῖς
1025 4513 1248 4566 κάκεῖσε
1280 4512 1500 4581 δεθῆναι
1523 4512 1620 4581 τὴν
1650 4527 1754 4579 μα·-
1784 4539 1830 4595 D

156 4618 356 4689 καρίαν
411 4615 486 4665 ἐκ
543 4607 659 4660 τῶν
713 4607 806 4661 δύο
854 4603 1032 4658 ποδῶν
1056 4621 1070 4634 ·
1103 4605 1200 4658 καὶ
1245 4602 1583 4671 ἀπολυθῆναι
1614 4601 1752 4656 αὐτὰ

155 4709 368 4777 ἁθρόως
403 4702 509 4756 ἀπ’
531 4699 803 4770 αλλήλων.
837 4694 1042 4750 Τούτου
1065 4693 1122 4751 δὲ
1148 4694 1285 4766 μετὰ
1314 4691 1510 4748 πολλοῦ
1528 4692 1623 4746 τοῦ
1654 4693 1751 4748 τά·-

155 4817 279 4871 κους
319 4794 667 4866 γενομένου,
696 4787 974 4860 διεσχίσθη
1012 4787 1178 4858 μέσον
1225 4789 1258 4858 ἡ
1287 4787 1418 4855 ἁγία
1449 4786 1749 4858 ἀθλοφόρος

153 4893 245 4944 τοῦ
268 4885 524 4959 Χριστοῦ
561 4883 849 4950 Στεφανὶς,
898 4881 995 4932 καὶ
1024 4879 1242 4946 ἐγένετο
1292 4879 1371 4940 είς
1400 4879 1543 4949 μέρη
1572 4876 1666 4930 δύο
1695 4879 1752 4930 ὲν

154 4985 259 5043 τι,τ;
309 4981 440 5034 δυσί
487 4972 717 5043 εροξνιξι,
775 4972 868 5024 ml.
923 4967 1098 5032 οὕτως
1130 4969 1418 5039 ἐτελειώθη
1473 4971 1532 5022 ὲν
1561 4970 1750 5040 εἰρήνῃ

155 5077 247 5128 καὶ
273 5079 376 5144 τὴν
412 5065 740 5143 μαρτυρίαν
773 5065 944 5135 αὐτῆς
993 5061 1310 5131 ἐπλήρωσεν
1347 5061 1575 5125 πιστῶς,
1614 5063 1749 5113 ἀπο-

156 5164 400 5217 λαϐοῦσα
431 5162 534 5214 τόν
572 5156 839 5221 στέφανον
885 5156 982 5224 τῆς
1018 5152 1173 5220 νίκης
1205 5153 1354 5223 παρὰ
1393 5151 1486 5205 τοῦ
1542 5153 1750 5224 Κυρίου

159 5250 314 5319 ἡμῶν
369 5247 561 5316 Ἰησοῦ
627 5240 885 5312 Χριστοῦ.
930 5243 1036 5294 Τὸν
1069 5241 1126 5294 st
1160 5242 1315 5307 ἅγιον
1365 5241 1598 5310 Βίκτορα
1627 5244 1749 5296 ἐκέ-

158 5344 347 5396 λευσεν
376 5341 408 5391 ὁ
441 5339 582 5401 boui;
633 5333 1203 5405 τραχηλοκοπηθῆναι.
1244 5333 1301 5383 'U
1345 5331 1403 5386 δὲ
1434 5333 1749 5395 καλλίνικος

161 5436 370 5505 μάρτυς
397 5429 501 5482 τοῦ
532 5425 778 5494 Χριστοῦ
807 5423 1043 5485 ἀκούσας
1064 5425 1160 5491 τῆς
1192 5425 1517 5490 inopiast»;
1547 5439 1748 5492 ταυτης

161 5525 310 5582 εἶπεν
333 5543 347 5558 ο
393 5517 739 5592 Εὐχαριστώ
769 5518 846 5585 τῷ
883 5516 1001 5586 Θεῷ
1047 5531 1148 5581 μου
1200 5516 1451 5577 πάντοτε,
1486 5513 1562 5583 τῷ
1597 5532 1751 5586 χαρι-

162 5618 379 5686 σιμένῳ
407 5629 508 5684 μοι
537 5608 645 5678 τὴν
670 5605 823 5674 νίκην
861 5607 1064 5674 ταύτην
1097 5605 1188 5657 καὶ
1229 5603 1437 5674 δωρεὰν
1472 5603 1633 5674 μέχρι
1663 5606 1748 5658 τέ·

161 5707 304 5769 λους.
338 5703 592 5759 Μέλλων
643 5697 700 5749 δὲ
735 5695 1070 5749 τελειοῦσθαι
1120 5698 1148 5747 ὁ
1213 5695 1482 5764 μακάριος
1532 5692 1746 5762 Blitva

160 5798 302 5868 λίτει
331 5799 455 5858 τοῖς
471 5788 947 5859 κυαιστωναρίοις
973 5803 986 5816 ⁸
1021 5787 1264 5841 Γνωστὸν
1303 5788 1443 5838 ἔστω
1481 5786 1626 5854 ὑμῖν,
1664 5787 1744 5837 ὅτι

495 5911 775 5968 ΡΑτιιοι..
809 5906 924 5966 Gtt.
960 5905 1140 5965 CXV.

1931 4321 2025 4378 lx.
2054 4320 2150 4378 His
2177 4324 2402 4388 auditis,
2433 4326 2544 4379 dux
2575 4327 2663 4382 ille
2695 4328 2884 4385 furore
2921 4329 3094 4388 nimio
3143 4349 3428 4399 accensus.

1855 4415 2022 4483 jussit
2085 4415 2418 4484 Stephanum
2478 4419 2696 4474 duabus
2765 4422 3071 4490 palmarum
3135 4427 3432 4485 arboribus

1858 4505 2162 4561 incurvatis
2187 4506 2424 4577 alligari,
2455 4519 2512 4564 et
2537 4519 2765 4579 repente
2793 4511 3024 4567 arbores
3057 4513 3180 4568 illas
3202 4515 3427 4572 dimitti.

1854 4596 1975 4664 Quo
2008 4597 2173 4663 facto,
2225 4597 2484 4652 bellatrix
2521 4607 2578 4652 et
2630 4610 2836 4670 martyr
2884 4600 3163 4672 Stephana
3213 4607 3431 4663 duabus

1851 4689 1966 4744 illis
1997 4689 2194 4760 palmis
2216 4689 2269 4742 in
2307 4691 2449 4746 duas
2477 4699 2660 4761 partes
2693 4691 2970 4765 discerpta
2999 4708 3082 4751 est
3110 4713 3124 4750 :
3161 4697 3346 4769 itaque
3375 4702 3428 4756 in

1852 4796 1988 4850 pace
2035 4779 2362 4852 martyrium
2423 4782 2668 4851 perfecte
2714 4784 2769 4837 iu
2829 4786 3054 4840 Christo
3103 4785 3423 4858 complevit.

1854 4873 2120 4928 Sanctum
2157 4888 2290 4928 vero
2321 4871 2595 4926 Victorem
2623 4875 2790 4944 jussit
2821 4876 3000 4930 securi
3031 4879 3269 4947 percuti.
3318 4880 3422 4948 Qui

1852 4979 1977 5019 cum
2013 4962 2282 5035 ejusmodi
2321 4965 2651 5019 sententiam
2699 4966 2767 5020 de
2817 4981 2874 5020 se
2907 4967 3070 5022 latam
3099 4969 3420 5034 audivisset,

1853 5055 1935 5111 sic
1965 5054 2330 5109 aitzcratias
2380 5069 2484 5124 ago
2534 5055 2647 5110 Deo
2696 5071 2841 5115 meo.
2891 5057 2985 5125 qui
3023 5059 3115 5112 tali
3165 5067 3221 5113 et
3272 5070 3424 5116 tanto

1852 5145 1998 5200 dono
2026 5160 2113 5199 tne
2139 5145 2518 5214 prosequitur.
2549 5143 2686 5199 Cum
2725 5143 2892 5216 igitur
2925 5150 3242 5216 martyrium
3296 5150 3423 5206 bea-

1855 5244 1944 5290 tus
1977 5234 2164 5288 Victor
2196 5235 2451 5292 obiturus
2475 5245 2642 5300 esset,
2691 5235 2805 5292 haec
2836 5237 2976 5291 dixit
3004 5239 3376 5307 quaestoribus
3403 5259 3418 5296 ι

1853 5325 1982 5382 Post
2014 5337 2222 5394 septem
2251 5325 2370 5380 dies
2400 5329 2569 5382 vestri
2592 5339 2843 5383 oratores
2874 5332 3201 5393 morientur,
3230 5341 3285 5386 et
3315 5348 3412 5386 vos

1853 5417 1954 5485 ipsi
1990 5426 2110 5486 post
2138 5416 2431 5470 duodecim
2462 5418 2773 5474 moriemini
2801 5435 2817 5482 ;
2847 5421 2956 5474 dux
2993 5436 3121 5476 vero
3170 5435 3291 5490 post.
3338 5426 3420 5478 vi-

1851 5510 1985 5578 ginti
2032 5517 2272 5578 quatuor
2331 5509 2400 5563 ab
2450 5509 2782 5564 adversariis
2843 5513 3092 5582 captivus
3141 5513 3416 5578 ducetur;

1850 5602 2025 5654 nostri
2084 5608 2268 5654 autem
2297 5601 2550 5657 homines
2579 5613 2702 5670 post
2753 5612 2864 5656 tres
2905 5618 3079 5657 auritis
3105 5605 3326 5659 venient
3351 5608 3415 5658 ad

1851 5695 2153 5747 tollendum
2189 5709 2392 5764 corpus
2418 5709 2600 5748 meum
2632 5709 2647 5747 :
2682 5693 2861 5748 habeo
2904 5697 3049 5749 enim
3097 5703 3146 5752 et
3202 5695 3418 5751 loculos

1845 5785 2173 5854 jampridem
2216 5786 2347 5841 mihi
2408 5795 2646 5854 paratos.
2696 5785 2804 5840 Vos
2856 5785 3022 5856 igitur
3074 5803 3227 5856 rogo,
3264 5803 3330 5842 ne
3363 5789 3418 5842 iu

3093 5898 3127 5960 9
