4180 6510
176 480 279 543 269

1445 469 1624 529 VlTA
1670 467 1733 525 S.
1775 459 2225 524 SAMPSONIS.

3364 458 3473 516 210

176 593 392 646 πίπτων
422 588 793 660 διηγημάτων
827 586 856 638 ὁ
884 583 1053 651 λόγος
1082 579 1259 650 αὐτῷ,
1290 581 1390 634 καὶ
1430 577 1803 650 peratum/oti;

1910 571 2107 631 fuisse,
2166 579 2221 623 et
2281 582 2542 636 perquam
2601 565 2922 619 familiarem
2982 566 3100 623 viro
3159 565 3210 618 in
3270 580 3478 620 summa

178 680 487 733 ὑποθέσεων
519 679 581 729 οὐ
616 675 923 745 συγχεῖται,
954 668 1082 723 οὐδὲ
1110 668 1469 738 ταράττεται.
1510 687 1527 719 ι
1566 667 1700 732 Quae
1723 666 1796 719 ita

178 773 343 827 vertit
374 771 609 825 Allatius
644 786 657 822 :

249 864 301 916 5.
345 882 362 913 ι
406 863 745 933 Principium
783 860 903 930 ejus
946 853 1273 911 orationum
1322 852 1523 907 statim
1575 851 1798 922 attingit

183 956 517 1025 subjectum,
544 962 599 1006 et
623 968 809 1022 parum
844 948 1184 1020 procedens,
1220 945 1480 1000 ostendit
1528 944 1616 999 sui
1662 945 1798 997 scri-

181 1049 255 1116 pti
300 1062 573 1112 scopum;
612 1055 667 1098 et
706 1044 759 1096 in
803 1042 1088 1097 nonnullis
1131 1037 1516 1098 orationibus,
1544 1052 1673 1089 cum
1717 1047 1798 1090 to-

184 1151 299 1194 tum
332 1148 726 1208 argumentum
760 1133 1092 1203 recapilulct
1140 1132 1197 1184 in
1238 1143 1548 1189 summam,
1585 1126 1640 1179 id
1682 1134 1796 1179 sta-

182 1234 277 1285 tim
311 1233 365 1285 in
403 1240 593 1300 partes
614 1227 828 1283 dividit.
861 1226 928 1282 Sc
957 1236 1143 1280 autem
1181 1221 1579 1277 accommodat
1603 1233 1795 1286 perso-

184 1324 268 1377 nis
324 1333 381 1376 et
436 1321 808 1391 temporibus,
852 1328 1013 1374 etest
1055 1316 1286 1386 quidem
1330 1313 1603 1368 omnibus
1653 1312 1797 1367 idem

182 1417 333 1471 color
376 1416 654 1470 orationis
702 1424 757 1468 et
808 1428 915 1467 una
947 1411 1193 1482 qualitas
1227 1407 1537 1472 dictionis;
1578 1423 1796 1461 morum

181 1518 365 1564 autem
406 1509 564 1562 varia
596 1516 679 1562 est
718 1505 969 1569 mutatio,
1015 1513 1092 1569 et,
1127 1510 1191 1557 ut
1241 1501 1447 1556 dixerit
1492 1499 1797 1569 quispiam,

181 1602 509 1664 artiﬁciosa,
556 1616 666 1655 non
727 1614 826 1669 per
868 1606 1038 1651 artem
1078 1610 1174 1649 res
1207 1602 1450 1655 mutans,
1494 1592 1614 1653 sed,
1651 1592 1797 1661 quod

182 1696 491 1762 unicuique
546 1693 627 1747 rei
677 1700 731 1745 et
783 1703 1027 1758 persona;
1078 1685 1348 1739 incidenti
1397 1683 1793 1747 conveniebat,

188 1790 592 1856 interpretans.
626 1783 908 1849 Tanquam
940 1788 1124 1831 autem
1164 1776 1231 1829 ad
1266 1775 1571 1845 archetypa
1606 1788 1796 1828 exem-

186 1878 358 1947 plat'ia
403 1891 468 1928 ac
502 1888 593 1926 res
618 1870 954 1938 antiquiores
983 1868 1233 1929 intuens,
1267 1880 1370 1919 nec
1396 1864 1469 1918 ab
1499 1865 1609 1918 illis
1642 1880 1797 1920 rece~

186 1937 287 2030 dit,
320 1984 391 2021 ne
438 1966 699 2022 videatur
741 1937 949 2032 aliquid
987 1959 1139 2014 aliud
1182 1958 1385 2023 facere,
1415 1967 1476 2011 et
1508 1957 1575 2011 ad
1609 1974 1795 2012 excm-
1833 1937 1871 1990 Β

189 2062 307 2130 plar
357 2073 588 2128 quoque
629 2065 798 2111 totam
868 2061 1203 2108 transmutat
1250 2049 1475 2105 dicendi
1533 2049 1793 2111 formam,

189 2170 296 2208 non
346 2153 627 2207 diversam
673 2148 881 2203 faciens
924 2143 1253 2206 materiam,
1287 2142 1382 2195 sed
1430 2142 1579 2210 quod
1621 2142 1672 2193 in
1711 2141 1798 2194 di-

188 2244 353 2298 cendi
381 2257 590 2313 genere
616 2246 899 2309 peccatum
928 2244 1065 2297 erat,
1100 2232 1421 2302 corrigens;
1463 2246 1645 2299 neque
1677 2246 1798 2284 sen-

194 2339 398 2392 tentias
434 2336 728 2395 innovans,
765 2332 860 2386 sed
889 2338 1226 2385 convertens
1248 2325 1478 2395 figuram
1512 2323 1793 2386 dictionis,

191 2440 251 2484 et
286 2429 336 2483 ei
372 2425 632 2480 incidens
664 2424 842 2479 oratio
893 2422 948 2475 in
984 2418 1366 2474 diversitatem
1414 2416 1798 2469 narrationum

191 2534 250 2577 et
289 2520 620 2576 varietatem
661 2523 1113 2583 argumentorum
1161 2525 1270 2564 non
1297 2506 1664 2563 confunditur
1699 2522 1801 2562 ne-

193 2628 307 2683 que
340 2610 723 2681 perturbatur,
759 2627 778 2657 ιι
819 2614 926 2659 etc.

272 2706 324 2758 4.
363 2704 492 2757 Haec
519 2700 619 2770 qui
646 2712 770 2753 cum
801 2693 1073 2752 Prommio
1102 2689 1346 2746 auctoris
1375 2688 1707 2754 contulerit,
1744 2687 1801 2741 in

195 2815 267 2853 eo
310 2795 748 2864 Mctaphrastem
799 2798 1059 2859 agnoscet
1106 2807 1119 2843 :
1162 2787 1218 2840 in
1269 2787 1389 2856 ipso
1438 2785 1589 2839 enim
1642 2783 1804 2838 initio

201 2887 530 2957 scriptionis
583 2899 699 2939 sum
763 2897 989 2953 scopum
1041 2880 1430 2945 intentumque
1491 2875 1801 2945 significat;

200 2982 429 3045 deinde,
476 2993 607 3050 qua:
655 2978 982 3031 documenta
1027 2973 1093 3027 ad
1147 2968 1470 3040 Sampsonis
1515 2968 1803 3021 historiam

203 3071 503 3125 texendam
558 3066 839 3127 habuerit,
887 3064 1152 3131 exponit;
1186 3076 1307 3130 quae
1336 3060 1591 3129 quamvis
1622 3060 1804 3112 incru-

202 3165 322 3218 dite
352 3172 410 3215 et
434 3158 676 3214 barbare
700 3163 885 3209 essent
916 3152 1242 3221 composita,
1263 3136 1589 3205 secuturum
1623 3160 1805 3203 tamen

200 3266 327 3306 sese
352 3247 679 3321 proﬁtetur,
713 3259 1027 3314 quanquam
1075 3257 1137 3296 ea
1190 3240 1405 3294 meliori
1432 3241 1575 3308 ston
1621 3249 1797 3294 meta-
1826 3282 1869 3339 Ο

204 3345 497 3414 phrastice
532 3347 789 3394 exornet.
826 3336 1032 3391 Deinde
1063 3335 1107 3390 si
1142 3342 1309 3388 totam
1341 3333 1507 3404 hujus
1545 3333 1802 3402 scriptio-

203 3438 298 3490 nis
350 3435 618 3497 formam,
674 3430 896 3501 stylum,
951 3428 1407 3497 frequentcmque
1456 3424 1800 3497 adagiorum,

202 3531 343 3582 hinc
371 3526 503 3581 inde
544 3523 765 3579 erudite
801 3521 1314 3585 intercurrentium,
1347 3534 1508 3575 usum
1547 3518 1803 3575 conside—

199 3635 321 3681 res,
355 3626 526 3685 atque
557 3629 623 3668 ea
651 3614 831 3666 omnia
869 3627 992 3667 cum
1017 3612 1271 3681 genuinis
1315 3609 1464 3662 illius
1500 3624 1565 3663 ac
1584 3623 1801 3678 germa-

198 3713 293 3766 nis
355 3708 592 3767 fetibus,
626 3702 694 3756 de
740 3703 942 3771 quibus
992 3708 1205 3754 constat
1241 3699 1384 3769 apud
1431 3698 1696 3751 Allatium
1740 3700 1797 3752 in

197 3802 440 3873 praefata
482 3797 748 3861 Diatriba,
792 3794 992 3865 ubique
1041 3792 1461 3863 Metaphrastem
1518 3789 1794 3845 invenies.

196 3898 484 3947 Praeterea
535 3899 718 3945 certos
748 3903 847 3941 nos
889 3886 1070 3940 reddit
1115 3894 1308 3941 auctor
1341 3884 1477 3939 Viue
1522 3883 1696 3952 hujus
1744 3883 1799 3936 in

198 3985 512 4044 Prooemio,
559 3996 618 4035 se
654 3979 951 4033 multorum
1000 3978 1230 4030 aliorum
1262 3982 1605 4034 sanctorum,
1656 3989 1804 4026 mar-

193 4090 396 4149 tyrum
427 4072 657 4143 quidem
696 4070 912 4125 labores
958 4077 1015 4124 et
1055 4067 1377 4130 certamina,
1421 4064 1805 4120 confessormn

193 4188 344 4225 vero
393 4169 541 4223 vitas
587 4175 646 4219 et
700 4179 786 4218 res
824 4173 1003 4233 gestas
1053 4162 1342 4231 diligenter
1389 4161 1809 4228 conscripsisse,

197 4267 382 4332 idque
420 4254 929 4324 Constantinopoli,
960 4254 1051 4308 ubi
1098 4252 1156 4306 S.
1207 4252 1525 4321 Sampsonis
1566 4251 1814 4303 tumulus

199 4354 554 4409 cwlestibus
609 4347 856 4403 clarebat
921 4343 1223 4416 prodigiis;
1279 4341 1405 4396 inde
1436 4349 1492 4395 et
1529 4356 1593 4395 ea
1628 4350 1817 4395 narrat

203 4445 521 4507 miracula,
565 4456 691 4511 quae
734 4448 828 4493 aut
882 4440 996 4508 ipse
1034 4437 1210 4492 oculis
1262 4434 1570 4500 consrexit,
1620 4434 1705 4488 vel
1748 4434 1818 4487 ab

198 4536 467 4590 oculatis
505 4531 742 4586 testibus
775 4531 887 4599 ipse
917 4528 1164 4589 audivit;
1197 4543 1317 4595 qua!
1347 4530 1435 4581 cui
1485 4528 1647 4581 istius
1681 4537 1819 4581 tem-

200 4628 368 4698 poris
410 4623 631 4680 auctori
671 4621 1036 4684 ascribentur,
1080 4619 1181 4672 nisi
1214 4619 1604 4685 Metaphrasti?

279 4718 341 4773 5.
374 4717 550 4772 Hunc
597 4727 708 4767 non
746 4711 1189 4783 ludimagistrum
1224 4712 1495 4766 triVialem
1534 4711 1726 4775 fuisse,
1760 4718 1820 4763 ut

199 4814 454 4884 quidam
488 4804 864 4868 somniarunt,
895 4806 988 4859 sed
1021 4819 1231 4859 smnma
1259 4804 1311 4857 in
1334 4802 1615 4871 republica
1640 4800 1819 4871 digni-

158 4932 161 4933 ν
203 4916 325 4961 tate
356 4899 732 4961 excelluisse,
764 4906 952 4964 utpote
1002 4898 1093 4963 qui
1151 4896 1398 4964 Magistri
1431 4904 1485 4949 et
1526 4895 1823 4977 Logotheta:

204 4997 459 5051 nomine
519 4992 872 5057 appelletur;
901 4989 1041 5056 quod
1086 5002 1279 5043 eorum
1325 5004 1524 5041 munus
1576 5001 1679 5049 esr,
1727 4988 1821 5057 qui

207 5089 485 5145 rationes
522 5080 737 5135 ﬁscales
768 5081 850 5133 vel
895 5080 1140 5149 publicas
1179 5088 1523 5149 cognoscunt
1560 5089 1616 5134 et
1647 5081 1823 5135 disce-

202 5191 401 5251 ptant,
437 5182 815 5243 sumptusque
851 5172 935 5225 vel
980 5182 1035 5226 et
1084 5174 1302 5227 reditus
1351 5173 1422 5226 ita
1460 5173 1723 5242 dirigunt,
1763 5182 1825 5226 ut

205 5270 562 5341 reipublicae
618 5265 800 5334 potius
846 5279 1005 5331 quam
1050 5266 1395 5333 privatorum
1422 5280 1621 5322 munus
1650 5266 1822 5320 susti-

204 5372 427 5423 neant;
471 5356 672 5423 hujus,
706 5355 941 5421 inquam,
976 5353 1267 5421 dignitatis
1308 5353 1477 5407 fuisse
1519 5354 1824 5424 Metaphra-

205 5466 382 5517 stent,
415 5448 728 5505 evidenter
751 5447 1179 5501 demonstratum
1209 5449 1388 5501 lector
1414 5446 1655 5501 inveniet
1679 5448 1821 5515 apud

207 5544 570 5601 Bollandum
622 5548 867 5591 nostrum
926 5539 978 5591 in
1030 5539 1361 5595 Praelationc
1407 5553 1533 5609 gen.
1572 5540 1635 5592 ad
1678 5541 1826 5594 Vitas

209 5650 586 5696 sanctorum,
623 5645 745 5696 cap.
776 5632 822 5691 l,
855 5633 880 5700 ς
912 5631 963 5695 5,
995 5640 1051 5685 et
1085 5632 1274 5689 fusius
1300 5631 1442 5699 apud
1470 5632 1724 5685 Allatium
1771 5634 1825 5685 in

209 5732 476 5791 Diatriba
522 5724 809 5795 praedicta.
844 5726 1099 5779 Nostrum
1120 5742 1262 5783 vero
1298 5737 1574 5781 auctorem
1607 5729 1825 5797 consPi-

208 5844 331 5886 ι-υω
373 5824 561 5877 fuisse
594 5818 650 5870 in
682 5816 955 5884 republica
995 5817 1311 5884 dignitatis.
1348 5833 1414 5879 ex
1448 5835 1513 5873 eo
1545 5820 1671 5875 licet
1698 5835 1828 5872 con-

206 5924 410 5990 jicere,
448 5909 608 5981 quod
654 5908 705 5959 in
741 5906 853 5959 Vita
899 5923 1050 5961 num.
1099 5908 1167 5962 12
1216 5922 1429 5968 asserat
1490 5924 1548 5963 se
1588 5913 1823 5968 amicum

1904 661 2167 730 dignitate
2193 658 2516 719 constituto,
2550 654 2715 710 Leoni
2751 656 2982 717 scilicet,
3023 655 3081 707 ὃν
3121 656 3149 706 ὁ
3180 657 3480 729 πατρικὶων

1904 769 1965 804 τε
2019 753 2113 804 καὶ
2162 749 2537 819 πραιποσὶτων
2583 748 2693 817 εἶχε
2742 750 2920 817 χορὸς,
2967 752 3061 800 καὶ
3132 748 3188 809 ὃς
3245 750 3478 818 μετῆλθε

1908 843 2007 913 μὲν
2040 843 2137 909 τὴν
2172 840 2265 893 τοῦ
2313 838 2684 909 Δρουγγαρίου
2731 840 2827 909 τὴν
2870 841 2978 891 τῶν
3011 842 3293 908 πλωΐμων,
3350 858 3479 908 μετ-

1904 936 2031 1004 ῆλθε
2087 934 2141 986 δὲ
2190 934 2283 987 καὶ
2332 933 2427 1002 τὴν
2486 931 2577 983 τοῦ
2636 932 2933 999 Λογοθὲτου
2981 931 3073 983 τοῦ
3128 933 3338 999 Δρόμου
3378 933 3477 1000 ἁρ-

1906 1029 2030 1098 χήν,
2080 1048 2097 1079 ‹
2128 1028 2218 1096 qui
2263 1026 2315 1079 in
2360 1024 2718 1094 patriciorum
2755 1026 3281 1093 praepositorumque
3328 1024 3478 1075 ordi—

1905 1136 2033 1175 nent
2057 1121 2263 1174 relatus
2291 1118 2413 1179 fuit,
2447 1116 2648 1186 quique
2677 1117 2751 1168 rei
2788 1118 3075 1170 maritima:
3101 1116 3475 1183 praefecturam

1901 1227 1969 1266 ac
2009 1211 2325 1280 Logothetae
2346 1210 2554 1264 Cursus
2577 1209 2792 1278 publice
2826 1210 3206 1278 magistratum
3237 1210 3422 1278 gessit,
3455 1232 3470 1257 ι

1904 1319 2027 1374 qua:
2062 1313 2192 1357 sunt
2221 1304 2363 1356 inter
2395 1317 2649 1370 suprema
2690 1301 3484 1371 ι’ρὶριὼιίραεΟυηειτιηιὶηοροο

1904 1397 2084 1451 litanze
2114 1409 2365 1451 munera.

1975 1530 2029 1583 6.
2055 1528 2191 1584 Cum
2222 1545 2354 1584 vero
2399 1529 2538 1583 alius
2591 1528 2813 1599 quidam
2862 1528 2987 1587 Leo.
3028 1529 3119 1599 qui
3155 1530 3350 1584 Leonis
3389 1546 3477 1598 pa-

1909 1622 2051 1676 tricii
2092 1625 2398 1677 ministerio
2438 1624 2683 1688 suberat,
2712 1624 2917 1692 quique
2953 1633 3072 1677 erat
3104 1628 3485 1692 protospatha-

1906 1718 2020 1770 rius
2057 1716 2131 1785 (id
2162 1727 2245 1769 est
2282 1719 2536 1784 princeps
2566 1732 2756 1770 eorum
2785 1717 2876 1785 qui
2910 1718 2975 1771 ad
3006 1717 3254 1786 corporis
3302 1727 3484 1770 custo-

1909 1808 2052 1862 diam
2088 1818 2248 1863 erant
2290 1810 2557 1879 deputati)
2606 1810 2814 1863 domini
2849 1810 2931 1862 sui
2967 1812 3134 1878 gratia
3178 1826 3238 1863 ac
3274 1811 3479 1874 favore,

1908 1917 2068 1971 quam
2104 1903 2171 1955 ob
2198 1918 2413 1956 causam
2450 1904 2655 1964 nescio,
2691 1902 3004 1961 excidisset.
3046 1904 3339 1971 nullusque
3386 1921 3482 1973 pro

1903 1996 2102 2049 misero
2168 1996 2510 2050 intercedere
2545 1997 2794 2057 auderet,
2834 1995 2980 2065 quod
3015 1995 3253 2049 difficilis
3288 1998 3350 2049 ad
3388 2012 3482 2066 pa-

1866 2102 1869 2105 '
1902 2088 2120 2141 tricium
2154 2098 2362 2158 pateret
2388 2090 2589 2150 aditus,
2640 2100 2695 2142 ct
2723 2104 2884 2157 asper
2935 2098 3079 2142 esset
3115 2089 3166 2141 iu
3206 2091 3481 2141 sermonis

1900 2196 2219 2250 congressu,
2236 2182 2540 2250 praesertim
2558 2181 2947 2235 interfamulos
2964 2198 2979 2245 ;
2999 2182 3150 2235 solus
3165 2181 3328 2250 hujus
3346 2182 3479 2235 Vitae

1900 2279 2111 2334 auctor,
2139 2285 2236 2338 pro
2261 2286 2356 2323 sua
2384 2271 2593 2326 scilicet
2624 2288 2727 2341 qua
2753 2270 2895 2341 apud
2923 2272 3158 2325 Leonem
3190 2272 3480 2340 patricium

1899 2355 2139 2424 pollebat
2179 2360 2512 2413 auctoritate
2544 2370 2599 2412 et
2629 2361 2824 2428 gratia,
2864 2361 3198 2429 pertinacem
3234 2361 3478 2416 animum

1902 2450 1968 2503 ad
1998 2450 2395 2520 impetrandam
2431 2452 2631 2506 misero
2657 2452 2874 2506 veniam
2919 2453 3273 2523 interpellare
3314 2454 3481 2508 sttsti-
3515 2441 3519 2445 ’

1904 2541 2047 2603 nuit,
2083 2550 2141 2595 ut
2167 2544 2399 2611 ipsemet
2430 2543 2600 2598 refert
2635 2544 2754 2598 loco
2791 2544 3093 2613 praecirato.
3125 2544 3256 2598 lude
3279 2546 3482 2600 inferre

1907 2630 2036 2686 licet
2077 2635 2220 2688 hunc
2262 2651 2479 2703 quoque
2516 2637 2684 2688 fuisse
2731 2637 2943 2689 eximia:
2992 2637 3271 2706 dignitatis
3315 2644 3482 2707 atque

1904 2723 2270 2787 auctoritatis,
2308 2726 2643 2795 dignumque
2666 2727 2760 2795 qui
2798 2728 2855 2779 in
2888 2728 3021 2780 tanti
3051 2728 3151 2781 viri
3182 2729 3479 2782 amicitiam

1905 2814 2439 2888 familiaritatemque
2511 2819 2920 2874 admitteretur.
2974 2821 3244 2875 Convenit
3312 2825 3482 2892 igitur

1906 2909 2116 2963 auctori
2148 2920 2340 2962 nostro
2376 2910 2550 2979 stylus
2586 2918 2643 2962 et
2672 2910 2945 2963 scribendi
2991 2912 3224 2966 formula
3257 2914 3480 2984 Symeo—

1909 3004 1994 3057 nis
2022 3004 2424 3072 Metaphrastis,
2450 3003 2710 3057 convenit
2744 3006 2868 3057 vitae
2920 3006 3252 3070 institutum,
3280 3024 3484 3063 convc-

1910 3097 1991 3151 nit
2059 3099 2337 3167 dignitas;
2393 3112 2540 3149 nunc
2590 3110 2858 3163 superest,
2912 3108 3095 3151 utrum
3148 3116 3268 3153 cum
3323 3112 3483 3157 wtatc

1910 3190 2152 3261 ejusdem
2186 3191 2482 3245 convenire
2511 3190 2701 3256 possit,
2730 3192 3058 3260 perspicere.

1977 3330 2030 3383 7.
2074 3328 2353 3385 Floruisse
2386 3327 2806 3397 Metaphrastem
2846 3330 3053 3383 ultimis
3074 3332 3232 3385 anuis
3264 3332 3477 3402 imperii

1905 3422 2105 3477 Leonis
2139 3420 2479 3488 Philosophi.
2524 3422 2615 3490 qui
2656 3422 2793 3475 obiit
2834 3440 2978 3476 anno
3009 3424 3137 3484 909,
3169 3435 3383 3478 constat
3416 3442 3481 3479 ev

1906 3514 2195 3583 ipsiusmct
2216 3512 2530 3568 testimonio
2552 3513 2606 3566 in
2635 3513 2754 3567 Vita
2775 3513 2829 3567 S.
2851 3512 3217 3577 Theoctistes,
3249 3514 3339 3567 ubi
3371 3515 3481 3567 ait:

1910 3626 1927 3658 (
1971 3607 2256 3679 Γενομένῳ
2293 3606 2381 3676 μοί
2423 3622 2550 3657 ποτε
2592 3607 2733 3658 κατὰ
2774 3613 2861 3658 τὸν
2890 3608 3069 3675 Πάρον
3100 3625 3114 3637 ο
3153 3609 3351 3675 γέγονα
3388 3608 3445 3660 δέ
3472 3628 3483 3640 ·

1901 3702 1999 3753 καὶ
2048 3702 2154 3769 γὰρ
2214 3704 2303 3755 ἐπὶ
2359 3703 2582 3771 Κρήτην
2622 3702 2868 3754 διέπλεον
2901 3701 3003 3754 ὑέὸ
3041 3703 3134 3755 1:05
3180 3704 3484 3773 μακαρίτου

1900 3793 2132 3854 Λέοντος
2165 3796 2341 3848 ἐκεῖσε
2368 3795 2639 3861 πεμφοεῐς
2666 3811 2679 3823 ·
2714 3796 2961 3853 Λέοντος,
3004 3798 3166 3863 φημὶ,
3198 3796 3287 3846 τοῦ
3331 3797 3487 3847 εὐτυ-

1903 3887 2033 3956 χοῦς
2075 3886 2249 3950 ὅντως
2293 3885 2575 3957 βασιλέως.
2632 3889 2725 3939 καὶ
2764 3885 2862 3955 τὴν
2900 3888 3153 3955 εὐτυχίαν
3194 3887 3483 3955 Ῥωμαίων

1908 3975 1986 4046 τῷ
2023 3978 2180 4045 τάφῳ
2214 3979 2591 4047 ἀναοάψαντος
2615 3995 2629 4008 ⁵
2665 3980 2995 4050 ὲπεμπὸμην
3034 3981 3090 4033 δὲ
3130 3998 3492 4048 συστρατευο-

1919 4086 2078 4136 μενος
2125 4068 2373 4138 Ἦμερίῳ
2402 4068 2479 4136 τῷ
2504 4070 2667 4126 πάνυ.
2692 4070 2768 4137 τῷ
2793 4070 3293 4137 στρατηγικωτάτῳ
3327 4069 3490 4135 δηλα·

1915 4160 2002 4227 δὴ,
2042 4160 2137 4213 καὶ
2159 4159 2376 4230 ἄρχοντι
2407 4159 2500 4213 τοῦ
2529 4176 2585 4212 τε
2619 4158 2842 4230 δρόμου,
2875 4159 2967 4211 καὶ
2997 4158 3091 4212 τοῦ
3134 4159 3323 4212 στόλου
3361 4177 3493 4211 παν-

1916 4252 2100 4312 τός...⁸
2145 4251 2532 4318 ’Ἑστελλόμην
2599 4249 2890 4318 τοιγαροῦν
2947 4250 3107 4300 τοῦτο
3155 4249 3254 4315 μὲν
3299 4249 3493 4316 ἐκείνῳ

1921 4343 2457 4412 συστρατευόμενος,
2504 4340 2596 4393 καὶ
2651 4339 3113 4410 προδιὸαζόμενος
3164 4342 3244 4401 εἰς
3299 4343 3493 4408 πεῖραν

1921 4436 2314 4506 στρατηγικὴν,
2350 4430 2440 4488 οἶα
2481 4433 2657 4486 πῶλος
2688 4436 2849 4505 μητρὶ
2884 4434 3017 4504 πρδς
3052 4433 3118 4486 τὰ
3140 4434 3493 4500 γενναιότατα

1921 4531 2029 4583 τῶν
2060 4533 2534 4599 στρατηγημάτων
2561 4528 2887 4594 συσκαίρων.
2921 4526 3075 4576 Οὕτω
3114 4526 3222 4594 γὰρ
3251 4522 3317 4593 ἦν
3343 4529 3369 4577 ὁ
3401 4527 3492 4577 τοῦ

1847 4616 1890 4671 D
1925 4622 2226 4691 μακαρίτου
2287 4637 2388 4686 μου
2446 4616 2718 4677 Βασιλέως
2766 4615 3001 4677 σκοπός·
3059 4614 3214 4665 τοῦτο
3264 4614 3317 4666 δὲ
3360 4632 3497 4684 πρε-

1929 4714 2252 4780 σϐευόμενος
2305 4710 2439 4780 πρὸς
2496 4710 2620 4773 τοὺς
2676 4709 2773 4778 τὴν
2805 4710 3029 4780 Κρήτην
3057 4708 3276 4778 ἔχοντας
3324 4709 3495 4777 Ἀρα-

1926 4806 2046 4870 ϐας.
2085 4824 2101 4855 ι
2130 4804 2260 4871 Qum
2306 4806 2384 4859 sic
2427 4804 2619 4857 Latine
2661 4811 2857 4857 sonant
2897 4802 3093 4857 Allatio
3124 4820 3181 4856 τι
3216 4803 3352 4857 Cum
3396 4801 3498 4854 ali-

1926 4902 2146 4971 quando
2181 4903 2232 4954 in
2270 4901 2407 4954 Paro
2444 4914 2619 4953 essem
2694 4899 2984 4963 insula;fui
3023 4907 3203 4950 autem
3244 4914 3255 4947 :
3291 4912 3413 4948 nam
3442 4896 3496 4947 in

1925 4993 2141 5048 Cretam
2193 4990 2510 5060 navigabam
2570 5007 2596 5043 a
2660 4989 2839 5044 Leone
2887 4990 3059 5043 beata:
3101 4988 3378 5043 memoria
3432 5003 3498 5042 eo

1929 5086 2165 5149 missus;
2202 5082 2403 5148 Leone,
2450 5084 2694 5150 inquam,
2732 5084 2826 5139 illo
2857 5100 2983 5138 vere
3019 5086 3294 5137 fortunato
3330 5084 3502 5151 impe-

1930 5186 2135 5237 ratore,
2177 5177 2269 5245 qui
2308 5178 2479 5245 ipsam
2526 5176 2897 5231 Romanorum
2947 5177 3262 5229 felicitatem
3314 5190 3501 5227 secum

1931 5270 2149 5325 videtur
2212 5269 2265 5321 in
2315 5268 2627 5337 sepulcrum
2684 5268 2927 5322 intulisse
2963 5287 2975 5322 :
3011 5266 3265 5319 mittebar
3318 5276 3500 5319 autem

1929 5378 2035 5415 una
2076 5362 2317 5416 militans
2365 5376 2487 5414 cum
2529 5362 2833 5416 clarissimo
2874 5362 2965 5415 illo
3004 5358 3276 5419 llemerio,
3316 5367 3504 5426 utpote

1928 5454 2167 5510 ducendi
2223 5454 2495 5509 exercitus
2548 5454 2905 5524 peritissimo,
2972 5453 3150 5506 dromi
3216 5452 3500 5519 prxfccto.

1929 5552 2021 5619 qui
2054 5559 2108 5604 ct
2142 5548 2408 5602 universae
2442 5546 2601 5601 classi
2638 5547 2943 5615 imperabat
3067 5546 3319 5600 Mittebar
3347 5544 3507 5615 igitur

1931 5642 2130 5709 partim
2189 5655 2313 5692 cum
2357 5653 2422 5691 co
2477 5638 2741 5702 militans,
2789 5648 2841 5693 et
2879 5639 2942 5691 ad
2978 5637 3340 5708 imperatoria:
3379 5636 3508 5689 artis

1932 5732 2323 5787 documentum
2387 5730 2606 5797 aliquod
2660 5731 3102 5799 promovendos,
3160 5737 3219 5782 ut
3276 5728 3508 5796 equulus

1936 5824 2122 5886 matri,
2184 5825 2250 5877 ad
2311 5823 2565 5890 przcclara
2613 5826 2734 5894 ejus
2777 5829 3157 5892 stratagemala
3218 5822 3506 5873 assiliens:

1936 5916 1988 5970 id
2054 5916 2200 5967 enim
2278 5915 2549 5983 pracipue
2610 5917 2890 5985 Augustus
2954 5914 3273 5983 spectabat:
3310 5910 3505 5979 partim
