4180 6494
706 469 795 528 971

705 594 762 634 ut
819 582 881 635 ad
943 577 1147 632 Arabas
1187 573 1400 627 Cretam
1456 571 1768 624 obtinentes
1824 567 2095 638 legatione
2154 566 2346 626 [οη-Α

737 689 881 728 εισι.
927 688 943 722 1

737 692 881 728 erer.
927 692 943 722 ι

702 692 732 744 8
774 766 825 820 8.
864 765 937 818 Ex
989 762 1071 815 his
1116 759 1279 813 infert
1331 757 1626 812 Bollandus
1673 764 1876 819 noster,
1925 753 1978 806 in
2023 751 2277 822 praedicta

707 857 1045 926 prcefatione,
1105 851 1525 920 Metaphrastem
1578 848 1630 901 id
1681 846 1937 915 temporis
1983 860 2088 898 non
2143 843 2280 896 adeo

703 951 873 1004 luisse
908 957 1037 1001 natu
1077 953 1418 1012 provectum,
1453 951 1510 993 ut
1543 939 1636 1008 qui
1674 937 2036 1007 imperatoria:
2061 935 2282 988 virtutis

709 1038 1027 1093 tirocinium
1055 1051 1257 1105 ponere
1282 1034 1384 1086 sub
1417 1041 1676 1085 veterano
1703 1029 1838 1082 duce
1858 1029 2171 1098 juberetur,
2203 1028 2283 1080 ei-

704 1146 810 1200 que
842 1128 1061 1182 additus
1093 1127 1257 1180 fuerit
1283 1119 1368 1176 οἷα.
1396 1123 1570 1182 πῶλος
1611 1121 1798 1191 μητρί,
1832 1140 1844 1169 ι
1875 1120 2021 1173 velut
2048 1118 2283 1187 equulus

708 1223 891 1283 matri,
934 1240 950 1268 υ
993 1224 1278 1288 solumque
1320 1219 1369 1270 ei
1421 1217 1614 1269 tribuit
1660 1231 1725 1267 xx
1760 1229 1827 1266 ou
1867 1228 1970 1265 nit
2013 1226 2281 1266 annorum

708 1325 946 1369 atatem.
982 1312 1216 1366 Allatius
1254 1324 1382 1362 vero
1415 1308 1554 1360 hanc
1598 1305 2016 1361 similitudinem
2057 1318 2164 1357 non
2217 1303 2283 1355 ad

707 1416 947 1463 aetatem.
985 1404 1076 1457 sed
1108 1403 1172 1455 ad
1216 1401 1551 1454 dociiitatem
1587 1410 1642 1453 et
1667 1397 2010 1465 disciplinam
2044 1397 2284 1451 referens

710 1514 774 1552 ex
807 1499 1012 1551 ultimis
1047 1495 1248 1556 verbis,
1278 1494 1512 1545 τοῦτοδὲ
1543 1492 1977 1559 πρεσϐευόμενος
2004 1491 2134 1559 πρὸς
2163 1492 2286 1551 τοὺς

711 1589 807 1656 τὴν
831 1590 867 1638 κ
884 1591 1048 1655 ρὴτην
1071 1587 1288 1654 ἕχσντας
1310 1587 1372 1636 "A
1386 1583 1575 1653 9161;,
1639 1602 1653 1632 t
1695 1583 1892 1652 partim
1916 1592 1970 1634 ut
1996 1582 2060 1633 ad
2083 1581 2286 1634 Arabas

712 1681 928 1733 Cretam
963 1680 1276 1734 obtinentes
1304 1678 1570 1747 legatione
1603 1678 1878 1745 fungerer,
1928 1695 1942 1723 ι
1979 1675 2282 1736 concludit,

715 1788 775 1825 ea
807 1773 859 1825 in
893 1772 1239 1839 expeditione
1273 1770 1694 1839 illctaphrastcm
1725 1767 2086 1834 provectioris
2107 1766 2285 1818 relatis

716 1860 904 1916 fuisse.
934 1877 1054 1929 qua:
1086 1878 1254 1930 capax
1275 1871 1422 1913 esset
1447 1858 1781 1913 sustinenda:
1810 1857 2179 1918 auctoritatis,
2202 1866 2286 1909 at-

2060 451 2342 512 MENSIS
2375 449 2674 509 JUNlUS.

3842 430 3963 494 212

2382 561 2628 632 (ingenii)
2671 554 3129 626 incomparabiles
3162 552 3344 607 statim
3390 560 3444 604 et
3485 565 3512 602 a
3553 550 3758 619 primo,
3795 558 3857 601 ut
3890 563 3978 602 se-

2385 653 2489 704 mel
2525 652 2727 711 dicam,
2763 659 2909 709 ortu,
2939 647 3102 699 etiam
3129 643 3356 697 florente
3383 641 3582 708 capillo
3605 641 3973 700 ostendebat;

2386 762 2491 798 non
2525 760 2686 798 secus
2723 753 2884 810 atque
2922 741 3141 792 leonum
3181 736 3344 791 catuli
3381 735 3680 788 ostendunt
3722 734 3977 801 protinus

2385 837 2743 907 supercilium
2789 845 2844 886 et
2895 834 3116 886 densam
3156 829 3280 884 colli
3311 827 3519 898 jubam.
3558 825 3775 885 Etenim
3807 823 3976 879 ﬂores

2385 929 2733 1000 pullulabant
2797 922 3209 992 intelligentite,
3265 927 3317 973 et
3372 915 3607 970 habebat
3668 914 3976 982 prudentiae

2385 1020 2714 1090 profundam
2745 1015 3038 1085 quamdam
3078 1011 3338 1070 radicem,
3381 1008 3618 1076 quodam
3655 1003 3974 1056 admirabili

2387 1114 2595 1183 fulgore
2622 1126 2772 1163 mens
2797 1107 3052 1160 micabat.
3083 1103 3205 1156 Haec
3235 1103 3353 1154 aliis
3375 1100 3596 1169 quidem
3622 1097 3977 1150 suﬂ'ecissent

2386 1204 2451 1257 ad
2515 1201 2946 1272 perfectionem;
2999 1196 3050 1248 in
3131 1193 3224 1246 illo
3277 1199 3459 1244 autem
3531 1187 3978 1258 agnoscebantur

2386 1295 2554 1348 veluti
2587 1290 2830 1360 quzedam
2873 1288 3024 1356 prius
3061 1283 3355 1351 descriptae
3383 1281 3586 1348 figurae,
3622 1295 3747 1347 quae
3796 1276 3979 1346 perfe-

2387 1397 2527 1440 ctam
2562 1388 2680 1455 ejus
2729 1384 2968 1437 indolem
3023 1377 3540 1450 prrcsignifieabant.
3572 1395 3589 1424 θ
3649 1374 3796 1441 Quid
3855 1371 3974 1424 miri

2388 1481 2577 1547 igitur,
2606 1477 2648 1530 si
2679 1475 3076 1543 Illetaplirastes
3107 1471 3161 1524 id
3196 1467 3458 1537 temporis
3484 1468 3761 1534 legatione
3791 1465 3972 1532 aliqua

2393 1573 2710 1639 perfunctus
2764 1566 2951 1626 fuerit,
3005 1563 3300 1632 prudentia
3359 1559 3528 1628 magis
3596 1573 3759 1624 quam
3819 1566 3976 1608 aetate

2392 1659 2722 1731 provectus?
2757 1660 2896 1711 forte
2943 1657 3106 1710 etiam
3139 1656 3261 1708 aliis
3301 1653 3492 1722 legatis
3533 1649 3852 1702 senioribus
3885 1648 3979 1699 ho-

2393 1755 2546 1807 noris
2578 1767 2740 1806 causa
2769 1750 3010 1812 additus,
3050 1757 3108 1800 ut
3142 1743 3600 1814 quemadmodum
3644 1740 3747 1792 sub
3788 1739 3971 1790 Hime-

2395 1849 2478 1900 rio
2506 1857 2773 1900 veterano
2802 1843 2940 1895 duce
2974 1840 3050 1894 rei
3083 1836 3352 1898 militaris,
3380 1836 3450 1888 ita
3481 1833 3583 1886 sub
3623 1832 3692 1884 iis
3726 1831 3803 1883 rei
3842 1832 3976 1898 poli-

719 1969 823 2020 que
868 1954 1012 2006 illius
1057 1953 1377 2021 prudentiae,
1434 1969 1554 2022 quae
1610 1953 1660 2004 in
1717 1951 1893 2020 legato
1941 1950 2242 2018 requiritur
2274 1965 2287 2001 :
2324 1920 2365 1975 Β
2399 1941 2517 1992 lica:
2573 1939 2717 1992 inter
2762 1947 2981 1988 exteras
3019 1932 3267 1984 nationes
3307 1928 3678 1980 rudimentum
3728 1935 3972 1991 poneret.

720 2058 887 2114 quare
943 2059 1116 2098 annos
1166 2060 1248 2107 xc,
1311 2054 1406 2097 aut
1447 2045 1730 2097 minimum
1776 2058 1913 2095 xxxv
1965 2043 2014 2094 ei
2074 2040 2290 2095 tribuit.

720 2134 883 2190 llulta
933 2136 1149 2204 quidetn
1212 2137 1300 2189 ille
1356 2147 1549 2205 praeter
1603 2136 1705 2188 alia
1755 2150 1928 2204 eaque
1969 2133 2288 2202 gravissima

719 2226 932 2280 erudite
958 2227 1218 2297 congerit,
1239 2227 1379 2282 unde
1405 2229 1722 2297 opinionem
1747 2242 1899 2279 suam
1921 2224 2288 2278 verosimilcm

724 2317 937 2370 reddaL
1909 2379 1914 2385 Α

794 2410 844 2466 9.
880 2409 1069 2465 Omnia
1123 2417 1322 2472 tamen,
1371 2423 1708 2479 quaecunque
1755 2407 1930 2469 affert,
1977 2423 2088 2461 rem
2139 2407 2294 2476 plane

721 2519 825 2556 non
861 2502 1180 2560 conficiunt,
1207 2500 1366 2570 idque
1394 2500 1566 2553 solum
1595 2499 1955 2558 convincunt,
1990 2497 2298 2551 communi-

725 2605 805 2648 ter
845 2595 897 2648 id
930 2597 1245 2660 contingere
1270 2591 1571 2647 secundum
1609 2589 1947 2642 ordinarium
1986 2601 2168 2641 rerum
2203 2590 2294 2639 litt-

723 2698 1002 2740 manarum
1043 2697 1286 2743 cursum,
1330 2698 1437 2734 non
1485 2697 1613 2733 vero
1647 2680 1918 2744 absolute,
1968 2681 2040 2732 ita
2089 2681 2294 2731 factum

726 2790 1003 2844 nunquam
1030 2788 1168 2827 esse.
1197 2772 1374 2841 Capax
1407 2772 1608 2825 etenim
1640 2779 1723 2823 est
1752 2786 2139 2838 noun-unquam
2165 2770 2297 2822 ado-

725 2865 980 2920 lescentia
1017 2881 1195 2918 rerum
1244 2865 1628 2922 maximarum,
1677 2872 1788 2916 tum
1845 2863 1898 2916 in
1934 2861 2148 2922 militia,
2185 2870 2298 2912 tum

727 2958 780 3010 in
810 2957 1111 3027 republica,
1151 2957 1452 3026 przesertim
1517 2954 1560 3007 si
1614 2952 1904 3020 prudentia
1957 2960 2011 3002 et
2062 2950 2303 3001 exterior

725 3050 973 3118 corporis
1017 3047 1247 3116 species,
1308 3055 1362 3097 ut
1411 3045 1739 3112 quandoque
1789 3043 1989 3094 factum
2041 3040 2299 3104 vidimus,

725 3140 903 3192 aetatis
935 3137 1207 3191 defectum
1241 3135 1509 3205 suppleat.
1534 3132 1600 3188 Ut
1627 3133 1760 3184 alios
1797 3141 2137 3201 przeteream,
2169 3129 2300 3183 Sci-

729 3230 825 3300 pio-
850 3229 1157 3292 Africanus,
1181 3229 1324 3298 quod
1350 3228 1594 3280 Romana
1631 3224 1794 3276 habet
1836 3215 2064 3275 historia
2133 3236 2306 3274 annos

731 3336 851 3374 xxrv
886 3329 1065 3381 natus,
1113 3321 1410 3388 imperator
1466 3317 1664 3367 missus
1713 3324 1796 3365 est
1853 3313 1907 3363 in
1967 3310 2303 3379 llispauiam,

730 3429 891 3484 quam
942 3421 1179 3480 quatuor
1229 3409 1503 3462 mensium
1554 3403 1728 3473 spatio
1781 3401 2307 3472 Carthaginensibus

731 3505 956 3574 eripuit.
987 3501 1279 3569 Pompeius
1325 3499 1569 3567 Magnus,
1600 3503 1735 3550 teste
1771 3493 2033 3549 Cicerone
2066 3494 2120 3548 in
2152 3494 2300 3549 Orat.

733 3613 826 3662 pro
875 3595 983 3662 lege
1042 3591 1292 3654 Manilia,
1347 3609 1362 3637 α
1401 3590 1624 3640 ineunte
1675 3583 2046 3638 adolescentia
2108 3585 2306 3635 summi

737 3689 850 3757 ipse.
885 3683 1161 3740 exercitus
1196 3684 1491 3750 imperator
1527 3678 1669 3740 fuit;
1713 3696 1730 3726 ιι
1780 3684 1836 3728 ct
1882 3683 2063 3726 tamen
2108 3683 2308 3742 quanta

739 3779 792 3831 in
831 3775 1165 3830 n‘ioderando
1193 3771 1585 3838 dirigendoque
1618 3766 1866 3819 exercitu
1899 3766 2191 3833 prudentia
2221 3782 2311 3820 re-

748 3883 977 3935 rumque
1013 3881 1142 3920 usus
1174 3863 1506 3933 requiritur!
1543 3860 1703 3915 Juvat
1729 3860 1816 3914 hic
1840 3872 2132 3915 annectere
2163 3862 2312 3930 quod

740 3949 1193 4028 reiertBeyerlink
1215 3957 1266 4009 in
1288 3954 1505 4009 Theatra
1522 3955 1636 4006 vita:
1653 3952 2004 4014 lium.,verbo
2026 3970 2039 4004 :
2062 3950 2312 4020 Legatus.

748 4071 763 4100 ι
804 4050 1097 4107 Venerant,
1125 4048 1322 4113 inquit,
1359 4045 1630 4112 superiori
1661 4058 1778 4097 azvo
1821 4043 1886 4096 ad
1925 4043 2312 4113 imperatorem

739 4140 985 4198 Orientis
1018 4139 1293 4192 imberbes
1317 4136 1501 4206 legati,
1525 4150 1660 4205 quos
1697 4149 1821 4190 cum
1857 4135 1944 4189 ille
1984 4136 2311 4203 despiceret,

742 4235 882 4303 quod
945 4233 1408 4286 adolescenttorcs
1467 4228 1617 4279 missi
1667 4237 1869 4290 essent,
1909 4227 2080 4279 libere
2120 4236 2174 4280 et
2212 4241 2316 4279 au-

742 4329 930 4382 dacter
957 4325 1214 4377 dixerunt
1252 4338 1263 4373 :
1311 4318 1364 4374 Si
1397 4333 1462 4373 ex
1497 4319 1664 4373 menti
1697 4317 1948 4387 lanugine
1989 4317 2314 4373 aestimanda

742 4421 813 4474 sit
841 4416 1090 4488 aptitudo
1120 4425 1176 4468 et
1212 4413 1469 4482 dignitas,
1510 4411 1693 4466 hircos
1724 4413 1969 4480 potiores
1997 4421 2180 4480 partes
2212 4409 2310 4464 ha-

749 4513 858 4563 bitu
870 4525 976 4561 ros.
1017 4529 1034 4555 ιο

821 4600 905 4653 10.
942 4597 1093 4664 Quod
1123 4595 1289 4667 igitur
1321 4596 1372 4649 in
1410 4594 1599 4665 paucis
1630 4593 1876 4662 contigit,
1913 4592 1966 4645 in
2005 4591 2313 4661 Metaphra-
2352 4623 2394 4674 υ

747 4705 828 4748 ste
865 4692 1184 4758 contingere
1216 4689 1414 4758 potuit.
1438 4685 1734 4755 prtesertim
1765 4699 1887 4737 cum
1916 4681 2141 4737 Michael
2172 4683 2320 4737 Psel-

747 4787 833 4840 lus
877 4784 1050 4853 ipsius
1104 4781 1486 4842 encomiastes,
1519 4779 1636 4849 ejus
1674 4780 1726 4830 in
1762 4779 1933 4844 prima
1976 4785 2134 4828 aetate
2167 4777 2321 4844 inge-

752 4879 923 4936 nium,
952 4876 1304 4939 inuatamque
1346 4870 1499 4937 quasi
1534 4868 1876 4936 prudentiam
1902 4865 2127 4920 extollat
2168 4865 2320 4919 hisce

753 4971 938 5024 verbis
973 4984 984 5020 :
1030 4987 1045 5012 σ
1089 4964 1194 5018 Καὶ
1224 4967 1282 5016 τὸ
1329 4963 1468 5015 κατὰ
1504 4964 1718 5015 πάντων
1754 4961 2082 5028 ἀσύγκριτον
2125 4957 2324 5026 κράτος

756 5066 847 5116 καὶ
870 5057 1266 5130 ἁπαράμιλὶον,
1300 5053 1364 5124 ἦν
1407 5056 1500 5122 μὲν
1526 5055 1680 5115 εὐθὺς
1707 5055 1764 5104 τὸ
1797 5054 1856 5103 ἐκ
1879 5051 2122 5120 πρώτης,
2150 5051 2222 5111 ὡς
2250 5051 2325 5100 εξ-

757 5160 897 5219 τῖεῖν,
930 5155 1214 5220 γενέσεως,
1251 5149 1345 5200 καὶ
1382 5148 1437 5208 ἐξ
1471 5147 1736 5210 ἀνθούσης
1770 5147 1866 5213 ἤδη
1901 5144 2103 5212 τριχὸς,
2136 5142 2326 5210 ὥσπερ

756 5253 802 5301 oi
848 5251 952 5299 τῶν
990 5247 1216 5298 λεόντων
1258 5241 1506 5310 σκύμνοι,
1535 5238 1694 5298 εὐθὺς
1723 5239 1815 5305 τὴν
1843 5238 2021 5306 ὀφρὺν
2060 5237 2322 5301 παραδει-

759 5339 1031 5400 κνύοντες,
1076 5339 1165 5386 καὶ
1212 5336 1317 5386 τῶν
1366 5330 1702 5399 ὲπλυχενίων
1751 5329 1953 5396 τριχῶν
2010 5328 2068 5377 τὸ
2121 5326 2320 5376 λάσιον.

763 5431 1022 5500 ’Υπὴνοει
1062 5429 1168 5495 γὰρ
1210 5425 1355 5490 αὑτῴ
1396 5424 1460 5472 τὰ
1494 5428 1588 5486 της
1635 5418 1899 5476 συνέσεως
1944 5417 2102 5482 ἄνυη,
2136 5417 2227 5466 καὶ
2267 5416 2328 5466 τὸ

758 5525 1012 5592 ῳρόνημσι
1053 5521 1205 5588 ῥίζαν
1242 5515 1359 5567 τινὰ
1402 5508 1511 5581 εἶχε
1547 5511 1787 5580 βαθεῖαν,
1833 5507 1924 5559 καὶ
1982 5509 2008 5559 ὁ
2060 5507 2182 5568 νοῦς
2242 5504 2328 5568 ἐξ.

759 5614 1036 5685 ἠστραπτέ
1086 5629 1135 5662 τι
1198 5607 1517 5675 (lautianm.
1574 5603 1756 5656 Ταῦτα
1794 5602 1849 5651 δὲ
1879 5604 1987 5662 τοῖς
2030 5600 2123 5666 μὲν
2153 5601 2330 5662 ἄλλοις

761 5708 1031 5778 ἀρκοῦντα.
1063 5702 1353 5768 ἐτύγχανεν
1388 5701 1465 5758 εἰς
1496 5699 1790 5756 τελείωσιν,
1823 5694 2012 5762 ἐκείνῳ
2042 5693 2096 5743 δὲ
2135 5711 2332 5761 προχα-

760 5803 1017 5872 ρὰγματλ
1045 5793 1141 5859 τῆς
1172 5791 1381 5851 τελείας
1420 5788 1741 5856 ἐγνωρίζεῖο
1768 5785 2003 5853 φύσεως.
2049 5802 2064 5833 ι
2103 5784 2231 5849 Quae
2267 5801 2329 5838 ex

763 5887 1212 5958 interpretatione
1236 5884 1414 5942 Allaiii
1445 5884 1516 5936 ita
1538 5889 1766 5934 sonant:
1801 5897 1814 5929 t
1853 5875 1916 5934 Et
1946 5877 2087 5930 vires
2112 5878 2327 5946 quidem

2475 2035 2557 2083 li.
2603 2028 2758 2094 Quod
2816 2026 2980 2096 igitur
3033 2021 3150 2076 fieri
3209 2019 3410 2090 potuit,
3457 2017 3659 2074 factum
3717 2014 3980 2083 tantisper

2399 2136 2797 2194 supponamus,
2827 2129 2992 2187 atque
3019 2116 3213 2169 ultimo
3242 2112 3441 2168 Leonis
3471 2107 3792 2176 PhiloSOphi
3817 2121 3979 2167 anno,

2397 2232 2517 2271 aet-te
2545 2214 2851 2269 communis
2877 2212 3000 2272 9H,
3027 2205 3281 2281 Symeoni
3336 2200 3688 2270 Metaphrasti
3735 2216 3841 2250 xxx
3894 2207 3981 2250 aut

2400 2324 2544 2362 uxu
2585 2319 2855 2359 annorum
2889 2313 3102 2355 atatem
3141 2298 3468 2350 tribuamus.
3509 2293 3718 2345 l’otcrlt
3749 2301 3881 2343 tunc
3910 2288 3972 2342 ad

2400 2400 2644 2467 tempora
2670 2395 2963 2462 Niecphori
2995 2392 3187 2444 Phocae
3211 2389 3521 2458 pervenisse
3553 2386 3668 2454 (qui
3692 2400 3841 2438 anno
3863 2399 3982 2436 L\III

2401 2488 2645 2560 ejusdem
2669 2485 2852 2540 satculi
2873 2481 3159 2552 imperium
3183 2478 3422 2534 Orientis
3435 2475 3664 2542 adeptus
3684 2474 3812 2540 fuit)
3829 2483 3983 2539 atque

2404 2582 2758 2652 octogenario
2809 2579 2984 2648 major
3016 2577 3191 2644 aliqua
3239 2572 3404 2627 etiam
3457 2567 3838 2621 elucubrasse.
3879 2564 3984 2616 Hoc

2405 2676 2712 2744 supposito,
2748 2671 3036 2726 videamus
3057 2685 3124 2721 an
3153 2662 3506 2731 chronologia
3537 2660 3654 2713 hac
3689 2657 3985 2711 convenire

2406 2767 2580 2834 possit
2607 2772 2796 2817 nostro
2823 2761 3059 2821 auctori,
3090 2758 3183 2826 qui
3219 2771 3372 2808 num.
3403 2754 3466 2808 l9
3496 2765 3726 2805 narrans
3755 2749 3988 2801 miracu-

2410 2861 2520 2911 lum
2556 2855 2701 2924 quod
2731 2854 2918 2906 Bardae
2953 2848 3400 2920 protospathario
3436 2845 3658 2905 accidit,
3689 2844 3764 2895 ait
3803 2859 3817 2894 :
3861 2841 3989 2904 Σφό-

2408 2950 2507 3018 δρα
2539 2949 2596 3000 δὲ
2639 2939 2795 3007 οὗτος
2838 2940 3102 3011 Ῥωμανῷ
3143 2937 3356 3004 βασιλεί
3393 2935 3466 3001 τῷ
3514 2934 3752 2986 ἐπιεικεῖ
3801 2948 3859 2982 τε
3903 2930 3989 2980 καὶ

2409 3039 2632 3110 χρηστῷ
2688 3037 3095 3107 προσῳκείωτο,
3151 3033 3209 3085 ὃν
3261 3031 3354 3083 καὶ
3413 3029 3557 3079 ἴσασι
3616 3026 3845 3088 πάντες,
3883 3022 3989 3072 υἱὸν

2414 3132 2834 3183 Κωνσταντίνου
2871 3125 3149 3196 γενέσθαι,
3181 3122 3296 3187 τοῦ,
3348 3122 3414 3174 τὰ
3463 3119 3640 3172 «ivra.
3704 3113 3989 3167 συνελόντα

2413 3221 2606 3282 εἰπὼν,
2639 3220 3089 3288 βασιλικωτάτου.
3137 3239 3152 3265 ι
3193 3217 3254 3269 Ei
3285 3229 3411 3268 vero
3433 3210 3664 3279 (ΒΜ-(1³2)
3693 3223 3891 3278 magna
3914 3207 3992 3259 in-

2410 3321 2738 3368 tercesserat
2795 3311 3139 3364 familiaritas
3193 3323 3318 3360 cum
3362 3306 3610 3360 Romano
3659 3305 3991 3370 imperatore

2407 3406 2646 3476 benigno
2682 3413 2735 3457 et
2763 3404 3056 3462 clemente,
3083 3414 3244 3468 quem
3282 3398 3464 3450 sciunt
3499 3409 3692 3446 omnes
3719 3392 3892 3445 fuisse
3931 3390 3990 3443 fi-

2408 3499 2540 3552 lium
2577 3494 2949 3559 Constantini,
2990 3493 3083 3562 qui
3122 3491 3206 3560 (ut
3235 3488 3418 3542 omnia
3449 3485 3620 3540 semel
3657 3486 3862 3553 dicam)
3893 3483 3992 3538 fuit

2411 3590 2709 3658 imperator
2761 3585 3034 3655 egregius,
3065 3601 3082 3634 ι
3134 3580 3339 3652 quibus
3373 3576 3562 3632 verbis
3617 3575 3684 3630 de
3743 3575 3992 3630 Romano

2408 3677 2753 3735 Constantini
2788 3672 3240 3746 Porpliyrogeniti
3282 3670 3417 3730 filio,
3445 3669 3633 3739 utjam
3662 3676 3887 3719 mortuo
3912 3663 3994 3715 loo

2410 3771 2501 3840 qui
2526 3770 2766 3833 videtur,
2808 3767 2915 3821 nisi
2949 3766 3089 3819 forte
3114 3763 3251 3817 verti
3283 3760 3456 3830 possit
3487 3778 3499 3812 :
3553 3776 3569 3809 ι
3601 3756 3664 3810 Ei
3711 3769 3846 3808 vero
3885 3768 3995 3806 Ina-

2411 3878 2516 3931 gna
2540 3858 2917 3914 intercedebat
2945 3853 3292 3907 familiaritas
3322 3865 3446 3904 cttm
3480 3849 3730 3902 Romano
3756 3846 3993 3914 impera-

2414 3963 2552 4014 tore,
2584 3964 2744 4020 quem
2769 3947 2951 4002 sciunt
2982 3959 3177 3999 omnes
3206 3958 3326 3998 esse
3351 3941 3521 3996 filium
3546 3938 3936 4002 Constantini;
3974 3956 3992 3986 ›

2411 4055 2576 4116 atque
2612 4043 2687 4097 ita
2720 4044 2786 4096 ad
2818 4040 3052 4096 Romani
3089 4036 3442 4109 imperatoris
3481 4031 3884 4106 tempora,lqui
3931 4029 3996 4084 ab

2415 4152 2558 4189 anno
2606 4134 2712 4189 960
2763 4134 2829 4186 ad
2875 4133 2944 4186 63
2986 4131 3280 4199 imperium
3312 4130 3508 4191 tenuit,
3545 4126 3737 4180 referri
3785 4133 3990 4192 posset.

2414 4226 2551 4279 alias
2574 4225 2640 4278 ad
2667 4223 3005 4279 successoris
3036 4224 3182 4278 illius
3203 4220 3497 4288 Nicephori
3527 4218 3723 4271 Phoce
3754 4224 4002 4281 tempora

2419 4315 2851 4380 transferendus,
2909 4317 3156 4385 adeoque
3209 4312 3345 4368 nihil
3402 4310 3492 4363 hic
3523 4318 3629 4369 est,
3673 4305 3824 4374 quod
3879 4320 4000 4358 cum

2416 4415 2578 4460 atate
2612 4406 2998 4476 Metaphrastis
3025 4414 3250 4473 pugnet.

2494 4499 2578 4552 l2.
2612 4499 2681 4552 At
2714 4498 2911 4553 terruit
2937 4511 3021 4548 me
3046 4494 3192 4563 quod
3217 4507 3366 4546 num.
3400 4491 3468 4546 15
3496 4492 3728 4563 legatur,
3767 4499 3826 4543 ut
3862 4487 4002 4558 apud

2423 4595 2644 4650 Surium
2708 4594 3028 4649 translatum
3084 4601 3188 4654 est,
3239 4592 3450 4646 scilicet
3487 4612 3499 4646 :
3541 4609 3557 4641 ι
3597 4591 3741 4645 Petit
3787 4606 3817 4643 a
3862 4590 4002 4642 bono

2421 4686 2628 4741 Joanne
2665 4687 2776 4753 (ille
2806 4684 2953 4739 enim
2982 4693 3112 4738 tunc
3133 4682 3416 4736 obtinebat
3440 4681 3756 4749 imperium)
3785 4691 3844 4733 ut
3873 4695 4001 4733 cura

2427 4776 2589 4842 hujus
2648 4776 2845 4830 domus
2893 4773 2999 4828 sibi
3051 4772 3519 4834 demandaretur;
3561 4789 3574 4818 ι
3619 4769 3714 4822 ubi
3763 4769 4002 4823 Joannes

2425 4869 2701 4924 Zemisces
2733 4866 3076 4936 indigitatur,
3099 4866 3192 4934 qui
3216 4879 3361 4918 anno
3385 4862 3486 4917 969
3513 4876 3745 4932 regnare
3777 4863 4000 4930 incepit,

2429 4963 2494 5015 ad
2520 4961 2676 5028 cujus
2706 4968 2949 5028 tempora
2981 4954 3377 5027 Metapbrastes
3403 4968 3545 5023 aigre
3579 4962 3764 5023 potest
3799 4952 4003 5020 pertin-

2429 5067 2578 5121 gere,
2605 5050 2710 5103 uisi
2756 5065 2881 5104 eum
2915 5048 3289 5118 nonagenario
3319 5047 3602 5116 majorem,
3645 5045 3830 5098 Vitam
3872 5045 4004 5097 hanc

2431 5142 2713 5210 scripsisse
2740 5142 3025 5195 fateamur.
3058 5140 3230 5203 Quam
3258 5138 3328 5190 ob
3366 5155 3478 5192 rem
3509 5154 3608 5207 pro
3640 5136 3853 5190 Joanne
3880 5137 4006 5189 scri-

2433 5233 2668 5286 bendum
2707 5244 2835 5301 puto
2877 5231 3297 5286 Constantinum
3330 5249 3341 5282 :
3379 5231 3542 5298 idque
3570 5244 3637 5282 eo
3666 5228 3887 5283 facilius
3921 5229 4005 5282 ad-

2433 5323 2603 5376 ducor
2650 5334 2706 5375 ut
2752 5320 2989 5382 credam,
3027 5321 3152 5389 quia
3193 5321 3244 5372 in
3284 5320 3558 5387 ecgrapho
3591 5328 3784 5372 nostro
3826 5319 4006 5373 Graeco

2435 5429 2632 5466 nomen
2678 5414 2916 5467 Joannes
2945 5410 3151 5478 integre
3189 5409 3451 5477 scriptum
3486 5424 3592 5461 non
3634 5407 3895 5468 habetur,
3921 5407 4004 5461 sed

2435 5507 2647 5558 duabus
2683 5515 2890 5557 tantum
2928 5501 3235 5554 initialibus
3277 5502 3476 5554 litteris
3519 5499 3624 5552 Ἰὼ.
3676 5499 3738 5553 In
3779 5499 4008 5554 authen-

2438 5599 2542 5649 tico
2579 5598 2742 5665 igitur
2777 5609 2976 5647 nomen
3025 5592 3417 5646 Constantinus
3474 5607 3570 5658 per
3617 5591 4006 5659 compendium

2438 5693 2698 5760 scriptum
2755 5688 2920 5741 fuerit
2959 5687 3174 5741 duabus
3217 5695 3310 5740 aut
3349 5684 3528 5738 tribus
3575 5685 3772 5753 primis
3824 5685 4012 5743 litteris

2441 5785 2564 5834 litim
2619 5790 2826 5836 tantum
2871 5795 3233 5848 expressum;
3274 5778 3418 5833 unde
3463 5778 3680 5832 extritis
3745 5779 4012 5835 edacil‘ate

2441 5875 2728 5944 temporis,
2766 5873 2816 5927 in
2853 5874 3026 5942 prima
3060 5875 3238 5927 littera
3266 5873 3567 5937 K,duabus
3602 5875 3934 5930 transversis
3958 5873 4013 5925 li-
