4180 6546
200 463 284 527 273

1413 466 1587 527 νιΤΑ
1631 467 1688 527 S.
1732 467 2173 529 SAMPSONIS.

3335 463 3443 523 2H

201 572 354 628 aeolis
392 580 446 625 et
478 566 672 625 ultima
719 568 860 626 forte
913 571 1097 626 littera
1122 589 1171 635 ν,
1200 571 1287 626 Ὶῶ
1313 575 1672 641 remanserit;
1699 591 1767 630 ea
1799 588 1843 640 Α
1876 577 2023 631 illius
2077 577 2320 632 historia
2373 583 2548 646 putat,
2615 590 2735 644 qua:
2782 574 3001 635 habeat,
3065 572 3442 625 nosocomium

200 681 352 735 eoque
384 664 661 720 Joannem
693 665 946 720 fecerint.
988 666 1127 721 Cum
1170 665 1337 735 igitur
1378 666 1467 722 illa
1498 670 1572 723 ita
1606 683 1755 723 com-

202 757 337 812 mode
361 758 631 826 explicari
662 758 893 828 possint,
923 767 1232 826 caeteraque
1252 758 1436 813 omnia
1460 758 1761 828 Metaphra—

200 850 257 903 sti
299 852 654 914 conveniant,
725 848 865 902 nihil
917 849 1095 910 obest,
1149 849 1445 917 quominus
1479 850 1654 905 Vitam
1700 851 1758 905 S.

203 943 504 1013 Sampsonis
551 943 603 997 ei
649 943 1013 1006 ascribamus,
1041 955 1206 1011 quam
1255 944 1310 996 in
1347 942 1622 1012 decrepita
1663 959 1759 998 sua

200 1042 465 1088 senectute
489 1033 891 1103 composuerit,
914 1042 1204 1103 postquam
1234 1034 1595 1102 plurimorum
1623 1053 1765 1091 mar-

204 1133 362 1178 tvrum
403 1133 461 1179 et
496 1126 904 1188 coniessorum,
943 1135 1005 1180 ut
1039 1126 1268 1195 ipsemet
1316 1127 1631 1192 conﬁtetur,
1679 1144 1766 1185 res

201 1225 364 1284 gestas
396 1215 451 1268 in
485 1215 668 1270 lucem
696 1217 968 1272 ediderat.

266 1306 339 1359 i3.
387 1305 652 1360 Nutatum
700 1306 923 1362 invenio
971 1307 1027 1360 in
1064 1305 1251 1362 indice
1286 1317 1475 1363 nostro
1511 1308 1766 1375 viatoria,

205 1396 363 1450 Vitam
411 1397 756 1468 Sampsonis,
815 1414 936 1468 qua:
985 1397 1203 1468 incipit,
1245 1399 1408 1453 Ἀλλὰ
1452 1400 1552 1469 μὲν
1612 1401 1771 1472 χάρι-

202 1503 278 1548 τος
311 1488 476 1558 ῑργον
507 1490 604 1542 καὶ
628 1489 945 1560 θεραπείας,
977 1490 1076 1559 τῆς
1105 1492 1241 1560 πρὸς
1276 1490 1366 1545 τὸν
1410 1492 1586 1561 μέγαν
1615 1493 1768 1561 Σαμ-

201 1577 326 1643 ψών,
370 1588 510 1645 etc.,
560 1581 766 1634 servari
815 1581 1243 1650 manuscriptam
1294 1581 1348 1634 in
1425 1583 1774 1638 bibliothecis

206 1671 455 1726 Vaticana
484 1681 543 1727 et
567 1673 901 1727 Vallicellina
933 1673 1152 1736 Romae;
1200 1673 1329 1728 item
1369 1675 1422 1728 in
1458 1671 1775 1730 Florentina

203 1772 254 1815 et
284 1762 636 1817 Taurinensi.
689 1762 860 1818 Nobis
911 1764 1001 1817 illa
1036 1764 1245 1832 pridem
1285 1775 1533 1820 extracta
1564 1765 1669 1821 fuit
1705 1784 1798 1840 ex~

203 1851 383 1906 codice
426 1865 562 1914 ms.,
599 1860 660 1905 ut
693 1851 804 1922 jam
836 1851 970 1913 dixi,
1019 1852 1278 1908 Medicago
1315 1853 1462 1926 regis
1503 1854 1779 1911 Christia~

1866 667 2211 738 Sampsonis,
2248 667 2441 723 eodem
2487 679 2735 738 rogante.
2765 681 2794 718 a
2833 663 3142 718 Iustiniano
3175 678 3444 723 erectum.

1864 775 1994 814 cum
2034 759 2337 829 Procopius
2359 759 2525 822 dicat,
2562 755 3119 825 restauratum,quod
3142 756 3251 824 jam
3286 767 3445 809 antea

1862 851 2004 909 idem
2034 851 2300 920 Sampson
2334 852 2746 906 exazdificasset.
2782 850 2983 904 Verum
3016 847 3155 902 adeo
3184 848 3440 916 exiguum

1863 939 1968 994 fuit
2013 941 2250 1011 primum
2292 943 2424 997 illud
2461 942 2782 1010 Sampsonis
2815 940 3128 999 aadiﬂcium,
3167 949 3273 992 tam
3321 937 3444 992 illu-

1865 1042 1979 1087 stre
2006 1048 2136 1088 vcro
2171 1041 2392 1103 tamque
2427 1032 2772 1104 magniﬁcum
2819 1049 2848 1085 a
2875 1031 3185 1087 Iustiniano
3217 1031 3443 1084 iactum.

1869 1132 1931 1177 ut
1982 1123 2121 1178 nihil
2169 1125 2390 1180 veritati
2444 1124 2747 1180 detraxisse
2811 1123 3211 1192 Metaphrastes
3268 1120 3443 1175 videri

1867 1215 2063 1284 possit.
2087 1214 2243 1281 Quod
2276 1215 2429 1270 addit
2463 1213 2726 1269 Baronius
2764 1213 2832 1268 de
2875 1212 3299 1283 conﬂagratione
3327 1211 3446 1280 ejus

1869 1306 2198 1373 nosocomii,
2249 1322 2414 1377 quam
2467 1315 2579 1361 tum
2621 1306 2918 1378 contigisse
2963 1296 3282 1367 arbitiatur,
3319 1319 3448 1358 cum

1873 1401 1975 1455 sub
2015 1399 2303 1456 Anastasio
2348 1399 2562 1455 Sanctae
2600 1398 2819 1466 Sephiae
2869 1399 3133 1468 templum
3189 1406 3446 1452 exustum

1875 1491 2014 1557 fuit;
2043 1491 2254 1547 clarum
2299 1491 2468 1546 estin
2503 1491 2750 1546 historiis
2783 1507 2891 1546 non
2926 1491 3094 1545 semel
3131 1490 3261 1544 illud
3308 1499 3448 1542 tem-

1876 1583 2026 1653 plum
2086 1583 2361 1638 incendiis
2405 1583 2706 1637 obnoxium
2753 1583 2950 1648 fuisse;
2986 1580 3278 1638 Iustiniani
3317 1594 3446 1634 vero

1877 1687 2022 1726 anno
2054 1688 2086 1724 v
2111 1673 2242 1726 illud
2270 1673 2645 1726 nosocomium
2681 1673 2963 1728 incensum
2993 1688 3115 1726 esse
3147 1673 3288 1726 idem
3324 1671 3444 1723 Pro-

1879 1762 2074 1833 c0pius
2105 1763 2272 1818 refert
2292 1763 2388 1817 lib.
2418 1779 2434 1818 t
2465 1763 2539 1817 De
2560 1766 2698 1833 cdif.
2742 1774 2797 1818 et
2835 1764 3004 1818 tBelIi
3030 1763 3178 1816 Pera.
3204 1778 3322 1829 cap.
3357 1762 3448 1827 26,

1882 1863 1939 1908 et
1977 1855 2344 1926 TheOphancs
2391 1856 2458 1910 ad
2501 1871 2702 1910 annum
2747 1872 2777 1909 ν
2825 1855 3146 1910 Iustiniani.
3197 1852 3452 1907 Fortasse

207 1942 434 2011 nissimi,
466 1943 575 1998 sub
611 1942 714 2000 hoc
747 1945 931 2011 titulo,
961 1944 1082 2009 Bia;
1113 1949 1203 2000 xui
1237 1948 1481 2002 πολιτεία
1505 1949 1600 2003 τοῦ
1628 1952 1777 2005 ὀσῑου

1889 1946 2105 2016 majoris
2145 1945 2406 2000 momenti
2452 1945 2511 2002 ﬂt
2553 1945 2606 2001 in
2637 1946 2739 2000 Itac
2763 1963 2843 2010 re,
2879 1946 3023 2015 quod
3055 1945 3353 2014 Procopius
3387 1944 3454 1996 do

211 2035 410 2105 nam;
437 2035 602 2106 ἡμῶν
632 2036 871 2106 Σαμψὼν
899 2037 991 2090 τοῦ
1016 2037 1290 2108 ξενοδόχου
1309 2055 1322 2070 ·
1421 2041 1539 2098 Vita
1569 2052 1625 2096 et
1647 2058 1780 2097 con-

208 2125 437 2182 versatio
466 2127 644 2182 sancti
671 2126 848 2182 Patris
878 2129 1050 2184 nostri
1089 2128 1430 2199 Sampsonis,
1463 2136 1779 2203 exceptoris

209 2217 506 2288 hospitum.
543 2238 564 2270 ι
603 2219 854 2274 Latinam
886 2222 1286 2292 impresserunt
1330 2224 1663 2294 Lipomanus
1696 2235 1780 2281 to-

213 2324 295 2362 mo
315 2310 369 2371 ϐ,
389 2321 448 2365 et
478 2326 546 2366 ex
573 2311 691 2381 ipso
715 2310 910 2366 Surius
936 2322 1082 2368 tomo
1104 2312 1169 2378 2;
1195 2313 1347 2381 juxta
1377 2314 1781 2385 interpretatio-

205 2414 322 2454 nem
351 2399 611 2459 Gentiani
643 2402 862 2459 Herveti
894 2419 910 2458 :
943 2420 1104 2473 quam
1131 2402 1384 2471 eamdem
1413 2420 1516 2476 ego
1548 2423 1773 2479 quoque

211 2489 294 2544 hic
331 2491 676 2554 retineo.'in
706 2494 896 2563 paucis
929 2504 1110 2548 tamen
1143 2494 1441 2562 alinuibus,
1469 2512 1596 2552 eum
1631 2501 1781 2555 textu

208 2583 388 2639 (ich
411 2585 650 2650 collatis,
671 2592 960 2640 mutatam.

661 2717 776 2790 §ll.
809 2750 875 2763 --
899 2721 1122 2793 Tempus
1141 2724 1345 2778 mortis.

279 2857 360 2912 ﬂ.
409 2858 572 2924 Quod
632 2860 698 2916 ad
756 2872 971 2919 aetatem
1020 2863 1337 2933 Sampsonis
1369 2864 1586 2924 attinet,
1616 2864 1785 2917 Meta-

211 2951 484 3016 phrastes,
526 2942 894 3022 Mcnologium
940 2954 1127 3009 Basilii
1173 2954 1649 3026 Porphyrogeniti,
1676 2953 1788 3008 Me-

211 3056 320 3094 naea
360 3056 590 3099 excusa.
615 3042 868 3112 Origines
911 3044 1532 3116 Constantinopolitana
1569 3046 1789 3101 inedita:

212 3142 360 3198 parte
397 3148 461 3195 tt,
489 3146 617 3186 eum
651 3133 906 3188 ﬂoruisse
936 3134 1092 3188 aiunt
1131 3136 1235 3190 sub
1264 3135 1577 3191 Iustiniano
1613 3137 1789 3206 impe-

208 3232 411 3289 ratore,
453 3234 642 3294 utpote
694 3227 788 3296 qui
845 3226 914 3281 ab
971 3227 1160 3283 eodem
1211 3237 1402 3283 sancto
1442 3228 1496 3281 in
1535 3227 1788 3282 vivisex-

210 3313 446 3372 sistente
500 3318 570 3372 ab
618 3316 1009 3374 immedicabili
1044 3319 1235 3375 morbo
1279 3319 1449 3376 fuerit
1489 3320 1792 3384 liberatus;

209 3407 396 3473 atque,
419 3416 484 3460 ut
509 3422 611 3477 pro
635 3417 785 3464 tanto
803 3410 1070 3466 beneﬂcio
1099 3422 1280 3480 grates
1313 3410 1561 3476 referret,
1591 3411 1800 3482 magni-

214 3493 374 3546 licunt
405 3497 590 3550 eidem
621 3497 978 3556 cdiﬂcaverit
1003 3500 1429 3566 xenodochium,
1471 3501 1617 3571 quod
1645 3501 1803 3556 dein-

212 3586 278 3638 de
333 3585 627 3656 Hospitale
685 3590 743 3644 S.
797 3590 1116 3660 Sampsonis
1155 3602 1240 3648 est
1295 3594 1649 3662 appellatum.
1704 3595 1801 3646 Ast

217 3677 521 3734 cardinalis
547 3677 817 3736 Baronius
841 3680 896 3734 in
921 3681 1077 3736 Notis
1107 3682 1173 3736 ad
1205 3682 1646 3753 Martyrologium
1686 3683 1798 3736 Ro-

214 3784 463 3836 manum,
523 3769 633 3827 hoc
680 3771 793 3840 die,
829 3787 893 3828 ea
934 3774 1120 3830 omnia
1159 3776 1363 3831 erroris
1398 3776 1601 3847 arguit,
1635 3791 1700 3830 ex
1735 3790 1801 3830 eo

214 3863 358 3928 quod
423 3859 751 3932 Procopius,
776 3867 870 3934 qui
913 3866 1020 3921 illis
1059 3868 1404 3935 temporibus
1435 3869 1589 3931 vixit,
1626 3884 1800 3937 eaque

211 3948 280 4004 ob
330 3954 533 4006 oculos
577 3953 791 4020 habuit,
833 3956 932 4012 lib.
981 3974 995 4011 t
1033 3958 1248 4025 Αῑοιεβε.
1319 3960 1609 4014 Iustiniani
1646 3963 1798 4028 intp.,

215 4055 331 4110 cap.
373 4041 430 4103 2,
473 4051 732 4109 testetur,
773 4045 1049 4116 Hospitale
1101 4048 1423 4118 Sampsonis
1453 4053 1697 4113 nomine,
1733 4053 1802 4106 ab

211 4134 408 4190 eodem
466 4133 776 4205 Sampsone
824 4149 1098 4206 erectum,
1138 4141 1268 4196 olim
1315 4143 1566 4197 incendio
1601 4144 1802 4200 conﬂa-

212 4240 438 4294 grasse;
474 4243 719 4297 cumque
740 4228 828 4283 vix
861 4230 1112 4300 quaedam
1145 4230 1533 4286 remansissent
1554 4231 1801 4300 vestigia,

214 4317 346 4373 illud
387 4309 575 4390 ipsum
616 4321 881 4391 hospitale
911 4324 980 4377 ab
1007 4323 1201 4379 eodem
1230 4323 1538 4378 Iustiniano
1563 4323 1802 4392 impera-

213 4418 332 4466 tore
385 4413 814 4466 muniﬂcentius
861 4416 1226 4469 instauratum
1282 4414 1472 4475 fuisse,
1518 4429 1802 4484 censuque

212 4513 403 4555 annuo
446 4501 696 4571 ingentis
722 4505 967 4573 pecunia:
999 4504 1412 4574 locupletatum.
1451 4507 1586 4562 Cum
1617 4518 1798 4561 autem

213 4589 640 4661 lietaphrastes
684 4610 833 4649 num.
865 4597 922 4649 ll
966 4605 1218 4658 restetur,
1247 4595 1454 4649 dictum
1489 4597 1801 4650 incendium

211 4684 524 4755 contigisse
567 4693 696 4754 post
736 4687 946 4741 obitum
981 4688 1319 4758 Sampsonis,
1361 4688 1582 4758 quando
1619 4697 1673 4742 et
1703 4686 1804 4743 So-

212 4778 360 4847 phia
388 4777 588 4833 nobile
620 4779 882 4843 templum
904 4788 1160 4834 exustum
1187 4791 1290 4845 est,
1317 4795 1379 4835 ac
1409 4783 1615 4850 pariter
1643 4792 1808 4836 teste—

211 4878 305 4923 tur
340 4870 715 4925 Marcellinus
749 4870 801 4922 in
835 4870 1130 4937 Chronico,
1167 4872 1219 4925 id
1253 4873 1548 4943 contigisse
1578 4876 1633 4928 in
1667 4889 1810 4927 tem-

212 4959 454 5027 poribus
487 4958 767 5015 Anastasii
794 4960 1143 5030 imperatorts
1166 4978 1179 5025 ;
1205 4962 1483 5016 concludit
1509 4962 1809 5031 praelauda—

215 5063 302 5110 tus
359 5049 720 5115 cardinalis,
770 5053 929 5124 longe
988 5064 1117 5107 ante
1167 5055 1463 5110 Iustiniani
1523 5055 1810 5125 imperium

213 5145 599 5214 Sampsonem
648 5143 792 5196 diem
831 5160 989 5204 suum
1020 5144 1225 5200 obiisse
1256 5164 1270 5210 ;
1322 5154 1486 5214 atque
1519 5161 1587 5200 ex
1619 5126 1812 5200 eodem

213 5237 504 5307 Proc0pio
560 5235 742 5291 multo
781 5239 952 5308 magis
983 5237 1262 5307 redarguit
1294 5237 1624 5295 Cedrenum.
1685 5237 1814 5291 dum

212 5331 288 5383 ait
311 5329 703 5398 conﬂagrasse
723 5325 939 5382 domum
960 5329 1336 5400 Sampsoniam
1359 5343 1502 5384 anno
1518 5329 1817 5399 pennitimo

213 5419 557 5477 Iustiniani.

292 5517 382 5568 15.
421 5513 540 5568 Has
567 5508 918 5566 difﬁcultates
957 5509 1208 5565 dissolvit
1256 5509 1516 5566 Nicolaus
1560 5510 1819 5565 Aleman-

219 5622 328 5660 nus
360 5607 420 5660 in
462 5603 624 5659 notis
669 5599 737 5654 ad
767 5619 885 5673 cap.
921 5603 954 5658 4
989 5602 1242 5660 Historia:
1287 5620 1500 5658 arcana:
1549 5603 1820 5672 Procopii.

219 5699 387 5757 Iuvat
419 5699 554 5768 ejus
592 5695 762 5750 verba
794 5695 882 5751 hic
913 5705 1211 5752 annectere
1242 5714 1254 5751 :
1289 5716 1306 5748 ι
1337 5697 1517 5766 Longe
1547 5696 1822 5764 antiquio-

221 5806 337 5848 rem
374 5789 717 5848 Iustiniano
742 5786 1100 5858 Sampsonem
1125 5792 1303 5843 credit
1331 5788 1626 5843 cardinalis
1663 5787 1828 5840 Baro-

224 5889 351 5946 nins
381 5889 441 5944 in
473 5885 646 5940 Notis
673 5882 738 5939 ad
771 5883 1241 5956 Martyrologium,
1283 5897 1334 5938 et
1372 5885 1626 5941 vacillare
1670 5883 1827 5942 [idem

1883 2035 2205 2106 Sampsonis
2253 2046 2414 2092 atate
2468 2038 2582 2092 ait:
2628 2038 2796 2108 ’Δνήρ
2841 2055 2923 2097 τις
2964 2036 3220 2104 θεοσεϐὴς
3258 2035 3316 2086 ὲν
3344 2037 3454 2087 τοῖς

1880 2126 1992 2180 ἄνω
2023 2126 2257 2198 χρόνοις,
2291 2125 2528 2196 Σαμψὼν
2589 2129 2759 2197 ὕνομα
2798 2144 2814 2159 '
2860 2126 2952 2181 Vir
2986 2128 3197 2195 quidam
3225 2127 3340 2193 pius
3365 2125 3458 2193 qui

1879 2221 2238 2289 superioribus
2271 2221 2429 2274 annis
2484 2221 2687 2290 ﬂoruit.
2736 2222 2804 2273 At
2845 2220 2951 2273 hoc
2977 2220 3142 2273 etiam
3179 2219 3312 2270 nihil
3340 2227 3454 2276 est:

1883 2324 2006 2366 nam
2075 2312 2374 2382 Procopius
2433 2314 2632 2367 librum
2693 2313 2846 2365 illum
2913 2312 2985 2364 De
3042 2309 3304 2376 adiﬁciis,
3366 2307 3457 2362 ubi

1881 2401 1988 2455 hoc
2047 2402 2240 2468 habet,
2274 2411 2518 2458 extremo
2573 2403 2866 2459 Iustiniani
2926 2403 3158 2471 imperio
3214 2399 3459 2467 scripsit,

1881 2511 2084 2566 nempe
2129 2512 2226 2552 sex
2279 2507 2334 2552 et
2382 2497 2599 2568 triginta
2629 2507 2790 2564 atque
2844 2496 3078 2566 amplius
3135 2495 3302 2547 annis
3339 2503 3464 2561 post

1883 2598 2120 2643 mortem
2169 2588 2504 2658 Sampsonis.
2539 2589 2764 2658 Vigebat
2801 2597 2979 2642 tamen
3010 2591 3145 2641 adeo
3186 2589 3306 2656 ejus
3349 2599 3464 2638 me-

1882 2679 2084 2740 moria,
2138 2689 2200 2733 ut
2250 2680 2620 2746 Iustittianus,
2679 2680 2900 2735 Novella
2950 2681 3016 2735 59
3068 2689 3122 2735 et
3180 2679 3310 2742 131,
3365 2677 3461 2731 ubi

1883 2769 1952 2824 de
1984 2771 2296 2840 Sampsone
2351 2771 2615 2841 loquitur,
2667 2772 2724 2825 '0
2750 2771 2848 2835 τῆς
2878 2773 3027 2832 ὁσίας
3064 2774 3281 2842 μνήμης
3319 2771 3467 2838 Σαμ-

1885 2862 2004 2932 ψών
2042 2860 2218 2926 dicat,
2253 2882 2270 2914 ι
2310 2864 2523 2918 Sancta:
2577 2863 2855 2919 memoriae
2906 2861 3211 2932 Sampson;
3250 2882 3268 2914 ι
3324 2860 3470 2929 quod

1889 2955 1973 3022 (ut
2023 2954 2210 3009 obiter
2249 2955 2455 3024 notem)
2503 2969 2625 3009 cum
2679 2955 2734 3008 in
2785 2954 3024 3023 antiquis
3056 2950 3470 3020 manuscriptiso

1887 3043 2094 3100 litteris
2133 3047 2511 3116 singularibus
2556 3045 2611 3101 S.
2646 3045 2718 3102 Μ.
2745 3055 2991 3099 notatum
3025 3054 3191 3108 esset,
3227 3043 3366 3095 male
3416 3042 3473 3094 in

1889 3135 2448 3191 Latiniseditionibus
2463 3137 2699 3191 Novella:
2714 3138 2807 3194 131
2825 3145 3110 3205 exceptum
3131 3141 3214 3191 est
3232 3152 3244 3188 :
3265 3132 3478 3187 Sanctae

1893 3227 2076 3282 Mariae
2113 3227 2405 3297 Sampson.
2437 3226 2592 3292 Quod
2633 3238 2816 3282 autem
2856 3229 2909 3283 in
2944 3229 3309 3296 Metaphraste
3349 3241 3472 3279 cor-

1901 3316 2198 3387 rigendum
2227 3321 2387 3389 plane
2439 3335 2658 3380 censeo,
2717 3329 2802 3373 est
2857 3320 2998 3373 ratio
3050 3321 3312 3387 temporis
3356 3319 3480 3371 vine

1901 3406 2229 3478 Sampsonis
2279 3420 2335 3464 ct
2391 3425 2660 3465 annorum
2708 3410 2924 3481 imperii
2978 3409 3308 3471 Iustiniani;
3351 3424 3473 3462 nam

1900 3499 2144 3552 antistite
2176 3498 2332 3554 Mena
2363 3499 2720 3569 Sampsonem
2757 3498 3118 3565 superfuisse,
3157 3500 3299 3556 haud
3336 3498 3476 3552 bene

1900 3589 2300 3660 Melaphrastes
2320 3600 2540 3652 narrat,
2571 3607 2695 3643 cum
2739 3603 2867 3645 ante
2902 3590 3244 3644 consulatum
3275 3590 3483 3644 Beltza-

1900 3682 1964 3734 rii
2000 3681 2232 3743 obiisse,
2263 3699 2330 3737 ex
2369 3684 2591 3738 Novella
2623 3683 2690 3739 59
2725 3681 3017 3754 perspicue
3048 3692 3280 3736 constet.
3318 3684 3484 3736 Porro

1900 3773 2145 3840 ejusdem
2198 3773 2438 3828 Novella?
2487 3776 2786 3844 publicatio
2836 3785 3000 3846 atque
3049 3774 3245 3833 electio
3291 3774 3480 3836 Mense,

1901 3864 2012 3918 fere
2045 3865 2097 3917 in
2127 3865 2276 3921 idem
2307 3875 2521 3936 tempus
2558 3866 2832 3926 incidunt,
2874 3881 3068 3934 nempe
3103 3865 3246 3920 circa
3279 3880 3482 3919 annum

1898 3955 2195 4011 Iustiniani
2236 3974 2324 4023 xi;
2356 3967 2410 4011 at
2442 3974 2573 4012 vero
2595 3968 2720 4013 ante
2748 3973 2948 4011 annum
2979 3959 3096 4029 ejus
3131 3973 3162 4008 ν
3197 3972 3474 4021 mortuum

1902 4049 2265 4118 Sampsonem
2298 4048 2467 4104 fuisse
2508 4065 2670 4104 nemo
2706 4050 2942 4103 dubitet.
2985 4049 3066 4104 Ad
3113 4049 3259 4103 hunc
3291 4050 3483 4104 calcu—

1904 4140 2011 4193 lum
2043 4141 2357 4196 revocanda
2389 4152 2517 4196 sunt
2561 4157 2682 4211 quae
2729 4144 2793 4196 de
2821 4140 3074 4196 incendio
3115 4143 3415 4197 nosocomii
3454 4159 3480 4199 a

1901 4232 2277 4302 Melapltraste
2306 4241 2623 4286 narrantur.
2667 4251 2684 4282 i

1973 4325 2060 4381 16.
2101 4322 2232 4380 llaec
2290 4323 2507 4379 erudite
2557 4324 2891 4377 Alemannus
2940 4341 2952 4378 :
3000 4334 3055 4378 at
3102 4341 3250 4388 vero,
3295 4336 3484 4381 contra

1902 4418 2044 4488 quod
2099 4418 2192 4474 hic
2242 4418 2538 4481 existimat,
2585 4427 2775 4471 auctor
2821 4416 3077 4473 Cltronici
3127 4419 3483 4473 Alexandrini

1904 4512 2303 4581 amplissimum
2349 4525 2412 4566 ea
2456 4518 2775 4579 tempestate
2811 4511 2972 4580 (anno
3021 4512 3230 4564 scilicet
3285 4513 3481 4581 quinto

1841 4601 2232 4687 DIustiniani)
2298 4600 2466 4659 fuisse
2552 4601 2630 4653 ait
2685 4601 3061 4655 nosocomium
3129 4600 3484 4670 Sampsonis;

1905 4706 2030 4750 cum
2068 4691 2213 4745 dicat
2253 4703 2268 4741 ξ
2302 4709 2318 4740 t
2349 4689 2525 4744 Ξενὼν
2559 4690 2652 4743 τοῦ
2695 4690 2933 4761 Σαμψὼν
2977 4695 3003 4743 ὁ
3038 4695 3207 4761 μέγας
3257 4693 3486 4762 ἐκαύθη,

1907 4786 2001 4838 καὶ
2044 4783 2321 4838 ἀπώλοντο
2362 4785 2408 4836 oi
2469 4785 2526 4836 ὲν
2560 4783 2706 4853 αὐτῷ
2764 4784 3110 4852 ἀνακείμενοι
3166 4784 3434 4854 ἄρρωστοι
3470 4797 3484 4813 '

1913 4874 2331 4928 Xenodochium
2404 4874 2722 4942 Sampsonis
2803 4890 3059 4944 magnum
3109 4876 3485 4946 conﬂagravit,

1912 4980 2131 5033 unaque
2170 4963 2384 5033 periere
2415 4965 2508 5033 qui
2546 4965 2599 5017 in
2630 4978 2698 5018 eo
2725 4973 2882 5018 erant
2912 4964 3137 5018 infirmi.
3184 4983 3201 5015 ι
3242 4966 3484 5035 Repara-

1915 5065 2030 5108 tum
2072 5064 2252 5108 autem
2291 5063 2345 5109 et
2381 5052 2766 5108 retediiicatum
2797 5069 2825 5107 a
2855 5053 3165 5109 Iustiniano
3216 5056 3357 5111 haud
3391 5057 3486 5110 diu

1919 5153 2105 5214 postea
2137 5145 2313 5208 stetit,
2357 5144 2627 5213 siquidem
2662 5160 2805 5199 anno
2833 5160 3013 5197 XXXVII
3039 5146 3285 5213 ejusdem
3313 5147 3487 5216 impe-

1919 5237 2112 5289 ratoris
2145 5250 2362 5288 rursum
2405 5237 2564 5295 arsit.
2601 5244 2660 5291 ut
2695 5235 2886 5289 scribit
2925 5237 3286 5305 Theophanes
3331 5249 3385 5295 et
3421 5255 3488 5293 ex

1918 5345 1984 5384 eo
2038 5329 2317 5385 Ccdrenus
2359 5345 2374 5384 :
2423 5348 2439 5380 ι
2475 5328 2565 5398 Τῷ
2615 5330 2690 5394 λζ’
2742 5331 2849 5381 ἔτει
2874 5335 3092 5396 γέγονεν
3141 5333 3488 5400 ὲμπυρισμδς

1926 5421 2128 5490 μέγας,
2179 5423 2272 5473 καὶ
2329 5420 2533 5490 ἐκαύθη
2593 5421 2813 5484 τελείως
2881 5422 2910 5474 ὁ
2959 5420 3124 5485 ξξνὼν
3188 5421 3280 5474 τοῦ
3343 5412 3490 5492 Σιμ-

1919 5513 2054 5582 ψὼν.
2142 5511 2297 5567 Anno
2350 5513 2684 5581 (Iustiniani)
2749 5528 2927 5566 nxvtt
2995 5512 3194 5566 factum
3261 5524 3346 5571 est
3410 5514 3490 5568 in-

1925 5607 2177 5661 cendium
2210 5619 2483 5675 maguum,
2513 5615 2565 5659 at
2596 5601 2953 5676 conﬂagravit
2982 5607 3200 5674 penitus
3240 5608 3486 5662 xenodo-

1928 5698 2111 5751 chium
2157 5695 2490 5767 Sampsonis.
2532 5716 2548 5748 ›
2586 5697 2844 5762 Quamvis
2875 5707 3063 5769 postea
3103 5699 3489 5754 remdiﬂcatum

1930 5795 2164 5841 constet.

1998 5880 2084 5932 47.
2131 5878 2308 5942 Quare
2366 5877 2564 5933 frustra
2617 5878 2894 5948 redarguit
2938 5879 3143 5933 erroris
3184 5877 3492 5936 Cedronnm
