4180 6474
726 453 815 513 ἳἹΙ
2080 444 2362 504 MENSIS
2395 444 2694 503 JUNIUS.

3860 432 3977 496 212

724 579 781 620 ut
837 568 900 621 ad
961 562 1166 618 Arabas
1205 560 1419 615 Cretam
1474 558 1787 613 obtinentes
1842 557 2114 628 legatione
2173 557 2294 611 fun-
2324 568 2365 620 Α
2400 556 2648 626 (ingenii)
2690 551 3147 622 incomparabiles
3179 550 3363 605 statim
3409 559 3463 603 et
3503 564 3532 602 a
3571 549 3777 619 primo,
3814 559 3875 603 ut
3906 565 3989 605 se-

720 674 899 729 gcrer.
944 674 961 708 ι

792 750 843 806 8.
880 750 955 803 Ex
1006 747 1089 801 his
1133 746 1297 800 infert
1349 745 1643 799 Bollandus
1691 753 1894 809 noster,
1942 743 1997 798 in
2040 742 2296 814 praedicta

724 842 1063 911 prtefatione,
1121 838 1542 907 Metapbrastem
1595 836 1647 891 id
1697 836 1955 906 temporis
2000 850 2106 889 non
2160 834 2298 888 adeo

720 935 891 989 fuisse
925 942 1054 986 natu
1092 939 1435 998 provectum,
1470 938 1527 982 ut
1559 928 1652 997 qui
1690 927 2054 998 imperatoria:
2077 926 2299 981 virtutis

726 1023 1044 1077 tirocinium
1071 1036 1273 1091 ponere
1298 1021 1401 1074 sub
1433 1030 1693 1073 veterano
1718 1018 2188 1090 ducejuberetur,
2220 1020 2300 1072 ei-

720 1130 827 1184 que
858 1114 1077 1167 additus
1109 1112 1272 1166 fuerit
1297 1106 1384 1163 of;
1411 1111 1586 1171 πῶλος
1627 1110 1814 1181 μητρί,
1847 1130 1860 1160 ι
1891 1110 2038 1164 velut
2064 1110 2299 1178 cquulus

724 1208 907 1269 matri,
948 1225 966 1255 ιι
1008 1209 1293 1274 solumque
1335 1206 1383 1258 ei
1436 1204 1629 1257 tribuit
1675 1220 1741 1257 xx
1775 1218 1843 1257 ou
1881 1218 1986 1256 nn
2028 1217 2297 1257 annorum

723 1309 960 1353 etatem.
996 1298 1231 1351 Allatius
1268 1311 1397 1349 vero
1429 1295 1570 1349 hanc
1612 1294 2029 1349 similitudinem
2071 1309 2179 1349 non
2232 1295 2297 1348 ad

722 1400 961 1448 aetatem.
998 1390 1089 1443 sed
1120 1389 1186 1441 ad
1230 1388 1565 1442 docilitatem
1600 1399 1656 1441 et
1680 1387 2025 1455 disciplinam
2057 1388 2299 1443 referens

723 1497 788 1536 ex
820 1483 1025 1535 ultimis
1060 1481 1262 1543 verbis,
1292 1480 1447 1533 τοῦτο
1471 1482 1525 1533 δὲ
1556 1481 1991 1549 πρεσϐευόμενος
2017 1482 2149 1551 πρὸς
2176 1484 2300 1544 τοὺς

724 1571 821 1640 τὴν
844 1574 881 1622 Κ
897 1575 1062 1640 ρήτην
1084 1572 1301 1640 ἔχοντας
1322 1570 1588 1640 Ἄραϐας,
1651 1591 1666 1622 ι
1708 1573 1905 1641 partim
1929 1583 1985 1625 ut
2008 1573 2073 1626 ad
2095 1573 2300 1627 Arabas

724 1664 941 1717 Cretam
975 1664 1289 1719 obtinentes
1316 1665 1583 1735 legatione
1615 1666 1892 1735 fungerer,
1940 1686 1955 1714 ι
1990 1667 2295 1729 concludit,

726 1772 787 1809 ea
819 1756 872 1809 in
905 1756 1252 1825 expeditione
1285 1757 1706 1827 lllctaphrastem
1736 1758 2098 1824 provectioris
2119 1759 2298 1811 :etatis

727 1843 916 1903 fuisse.
945 1861 1066 1914 qua:
1096 1863 1265 1917 capax
1286 1858 1433 1901 esset
1459 1848 1793 1903 sustinenda:
1821 1848 2191 1911 anetoritatis,
2213 1858 2298 1901 at-

2404 647 2507 698 mel
2542 646 2746 707 dicam,
2781 654 2927 705 ortu,
2956 643 3120 696 etiam
3145 641 3375 695 ﬂorente
3401 641 3601 708 capillo
3623 642 3985 703 ostendebat;

2404 756 2509 791 non
2543 754 2704 793 secus
2741 748 2902 806 atque
2939 737 3158 789 leonum
3197 734 3362 789 catuli
3398 734 3698 787 ostendunt
3739 736 3988 802 protinus

2402 831 2761 900 supercilium
2806 840 2861 883 et
2912 831 3132 883 densam
3172 827 3297 882 colli
3326 826 3537 897 jubam.
3575 826 3793 886 Etenim
3823 824 3987 881 ﬂores

2402 924 2751 993 pullulabant
2814 920 3225 990 intelligentiae,
3280 926 3334 972 et
3388 914 3625 970 habebat
3684 915 3987 983 prudentiae

2402 1014 2732 1083 profundam
2762 1011 3054 1081 quamdam
3093 1009 3354 1069 radicem,
3397 1007 3635 1076 quodam
3672 1004 3986 1058 admirabili

2402 1107 2612 1177 fulgore
2638 1121 2789 1158 mens
2814 1103 3067 1157 micabat.
3097 1100 3219 1153 Ηιεε
3249 1100 3369 1153 aliis
3391 1099 3613 1169 quidem
3638 1098 3989 1152 suffecissent

2402 1198 2469 1251 ad
2530 1196 2961 1267 perfectionem;
3014 1192 3065 1245 in
3146 1190 3239 1243 illo
3292 1198 3474 1242 autem
3546 1188 3989 1259 agnoscebantur

2401 1288 2570 1341 veluti
2603 1285 2846 1355 quaedam
2888 1284 3039 1352 prius
3076 1280 3368 1349 descripta:
3398 1280 3602 1348 figurae,
3637 1294 3762 1347 qua:
3810 1277 3989 1347 perfe-

2402 1389 2543 1434 ctam
2577 1382 2695 1449 ejus
2744 1379 2983 1433 indolem
3036 1374 3554 1447 prtesignifieabant.
3586 1394 3604 1423 ιι
3664 1374 3810 1441 Quid
3867 1372 3985 1426 miri

2402 1473 2592 1541 igitur,
2620 1471 2663 1525 si
2694 1470 3089 1539 Sletaphrastes
3120 1467 3174 1521 id
3208 1466 3472 1536 temporis
3497 1466 3775 1534 legatione
3803 1465 3983 1533 aliqua

2406 1566 2724 1633 perfunctus
2778 1562 2964 1624 fuerit,
3017 1560 3312 1630 prudentia
3371 1557 3542 1627 magis
3610 1572 3773 1623 quam
3832 1567 3987 1609 aetate

2405 1654 2735 1725 provectus?
2770 1656 2909 1707 forte
2954 1653 3119 1708 etiam
3150 1653 3273 1705 aliis
3313 1651 3505 1720 legatis
3545 1648 3865 1702 senioribus
3897 1648 3990 1701 ho-

2406 1749 2560 1801 noris
2591 1762 2753 1800 causa
2781 1746 3022 1809 additus,
3062 1754 3121 1799 ut
3154 1741 3614 1812 quemadmodum
3656 1740 3760 1792 sub
3799 1739 3982 1792 Hime-

2406 1843 2490 1894 rio
2518 1851 2786 1895 vetcrano
2813 1839 2951 1892 duce
2985 1837 3061 1891 rei
3094 1833 3364 1897 militaris,
3391 1834 3461 1886 ita
3492 1832 3595 1886 sub
3636 1831 3704 1884 iis
3736 1831 3815 1884 rei
3853 1832 3986 1899 poli-

729 1953 834 2005 quc
879 1939 1023 1993 illius
1067 1940 1388 2008 prudentiat,
1445 1957 1565 2012 quae
1621 1942 1671 1994 in
1728 1941 1905 2011 legato
1952 1942 2299 2011 requiritur:
2336 1913 2377 1968 Β
2410 1934 2529 1986 tieze
2584 1933 2730 1986 inter
2774 1943 2993 1985 exteras
3029 1929 3278 1982 nationes
3317 1926 3689 1980 rudimentum
3740 1936 3982 1992 poneret.

729 2043 897 2098 quare
953 2045 1127 2085 annos
1175 2047 1259 2095 χι,
1321 2042 1417 2086 aut
1458 2033 1741 2086 minimum
1786 2048 1924 2085 xxxv
1976 2034 2024 2085 ei
2084 2032 2301 2088 tribuit.

729 2118 893 2175 Multa
942 2123 1159 2190 quidem
1221 2124 1309 2177 ille
1365 2135 1560 2194 praeter
1612 2125 1715 2178 alia
1765 2140 1939 2195 eaque
1978 2124 2299 2194 gravissima

728 2210 941 2265 erudite
967 2214 1228 2283 congerit,
1247 2214 1388 2270 unde
1414 2216 1731 2286 opinionem
1756 2232 1908 2269 suam
1930 2216 2299 2270 verosimilem

732 2300 947 2355 reddat.
1918 2368 1923 2375 Δ

802 2393 853 2450 9.
888 2394 1078 2449 Omnia
1131 2403 1330 2460 tamen,
1378 2411 1717 2469 quaecunque
1763 2396 1939 2460 affert,
1985 2415 2098 2453 rem
2146 2399 2304 2469 plane

728 2502 833 2541 non
869 2486 1189 2548 conficiunt,
1215 2487 1374 2558 idque
1401 2489 1575 2541 Solum
1602 2490 1963 2550 convincunt,
1997 2490 2307 2543 communi-

732 2588 813 2633 ter
852 2579 905 2633 id
937 2583 1254 2647 contingere
1277 2580 1579 2635 secundum
1616 2580 1955 2633 ordinarium
1993 2592 2176 2634 rermn
2211 2583 2303 2632 hu-

729 2682 1010 2724 manarum
1050 2684 1294 2731 cursum,
1337 2685 1445 2722 non
1492 2686 1621 2723 vero
1654 2670 1925 2736 absolute,
1974 2672 2047 2724 ita
2095 2673 2301 2724 factum

731 2776 1011 2829 nunquam
1036 2774 1175 2814 esse.
1203 2758 1380 2829 Capax
1413 2760 1615 2814 etenim
1647 2769 1729 2813 est
1758 2777 2146 2829 nonnunquam
2171 2762 2304 2815 ado-

730 2851 987 2905 lescentia
1023 2867 1202 2905 rerum
1250 2853 1634 2912 maximarum.
1682 2862 1794 2906 tum
1850 2853 1904 2907 in
1940 2853 2155 2913 militia,
2191 2862 2305 2907 tum

732 2942 786 2995 in
816 2943 1116 3012 republica,
1156 2945 1458 3013 przcsertim
1522 2943 1566 2996 si
1619 2942 1910 3010 prudentia
1962 2951 2017 2993 et
2067 2943 2310 2995 exterior

728 3035 979 3103 corporis
1022 3034 1253 3102 species,
1313 3043 1368 3085 ut
1416 3034 1744 3101 quandoque
1794 3032 1995 3085 factum
2046 3032 2306 3098 vidimus,

728 3124 907 3176 anatis
939 3122 1212 3177 defectum
1245 3123 1514 3192 suppleat.
1539 3121 1605 3177 Ut
1631 3122 1765 3174 alios
1801 3130 2143 3191 praeteream,
2175 3122 2264 3176 Sci
2285 3151 2307 3161 -

732 3215 829 3284 pio
853 3214 1161 3279 Africanus,
1185 3216 1328 3285 quod
1354 3215 1598 3268 Romana
1634 3213 1798 3266 habet
1839 3206 2068 3267 historia
2138 3228 2311 3267 annos

733 3320 855 3359 utv
888 3314 1069 3368 natus,
1117 3306 1415 3375 imperator
1470 3305 1668 3356 missus
1716 3314 1800 3355 est
1856 3304 1911 3355 in
1971 3301 2307 3371 Hispaniam,

732 3414 894 3469 quam
944 3406 1183 3466 quatuor
1231 3397 1507 3450 mensium
1557 3392 1732 3463 spatio
1784 3390 2310 3464 Carthagincnsibus

732 3490 958 3559 eripuit.
989 3488 1282 3556 Pompeius
1326 3486 1572 3556 Magnus,
1602 3493 1738 3539 teste
1773 3483 2036 3540 Cicerone
2068 3485 2123 3540 in
2155 3485 2304 3542 Orat.

734 3597 828 3647 pro
876 3580 985 3648 lege
1044 3577 1294 3641 Manilia,
1348 3596 1363 3625 ι
1402 3578 1626 3628 ineunte
1677 3574 2049 3628 adolescentia
2111 3578 2309 3627 summi

737 3674 851 3741 ipse
885 3670 1162 3725 exercitus
1196 3670 1493 3737 imperator
1528 3666 1671 3729 fuit;
1714 3685 1733 3716 ιι
1781 3674 1838 3719 et
1883 3674 2066 3718 tamen
2110 3674 2310 3734 quanta

738 3763 792 3815 in
830 3760 1166 3815 moderando
1193 3758 1586 3826 dirigendoque
1619 3756 1866 3809 exercitu
1899 3758 2193 3825 prudentia
2222 3774 2312 3813 re-

747 3868 977 3921 rumque
1012 3867 1142 3906 usus
1173 3851 1507 3920 requiritur!
1543 3848 1704 3905 Juvat
1728 3850 1817 3905 hic
1840 3863 2133 3907 annecterc
2164 3853 2313 3921 quod

738 3934 1193 4015 refertBeycrlink
1214 3944 1266 3997 in
1287 3942 1505 3997 Theatra
1522 3944 1637 3995 vita:
1653 3942 2005 4005 ltum.,verbo
2028 3961 2041 3995 :
2062 3940 2312 4011 Legatus.

746 4054 761 4085 ι
801 4034 1096 4094 Venerant.
1124 4036 1321 4101 inquit,
1358 4034 1631 4101 superiori
1660 4048 1778 4087 avo
1821 4034 1887 4087 ad
1926 4034 2312 4104 imperatorem

737 4125 984 4183 Orientis
1016 4126 1291 4179 imberbes
1315 4125 1500 4194 legati,
1523 4139 1660 4194 quos
1697 4139 1821 4180 cum
1856 4125 1943 4180 ille
1984 4126 2311 4194 despiceret,

740 4220 881 4287 quod
943 4220 1407 4272 adolescentiores
1465 4217 1617 4269 missi
1665 4226 1868 4281 essent,
1908 4217 2081 4270 libere
2118 4227 2174 4271 et
2211 4232 2315 4271 au-

740 4312 930 4367 dacter
955 4310 1211 4363 dixerunt
1250 4325 1261 4361 :
1309 4305 1363 4362 Si
1396 4322 1461 4362 ex
1495 4308 1663 4362 menti
1696 4306 1947 4377 lanugine
1988 4308 2312 4365 aestimanda

739 4404 811 4459 sit
838 4402 1087 4473 aptitudo
1117 4410 1175 4455 et
1209 4400 1467 4469 dignitas,
1508 4400 1691 4455 hircos
1722 4403 1967 4470 potiores
1995 4411 2178 4471 partes
2210 4401 2307 4456 ha-

746 4497 972 4549 bituros.
1013 4514 1031 4542 ιι

2486 2028 2568 2077 tt.
2614 2022 2771 2089 Quod
2828 2022 2991 2093 igitur
3043 2018 3159 2073 fieri
3218 2017 3420 2089 potuit,
3464 2016 3670 2074 factum
3727 2015 3990 2085 tantisper

2409 2131 2809 2188 supponamus,
2838 2124 3003 2183 atque
3029 2113 3222 2167 ultimo
3250 2111 3452 2166 Leonis
3481 2108 3803 2177 Philosophi
3828 2123 3989 2171 anno,

2406 2226 2528 2265 aera:
2555 2209 2861 2264 communis
2887 2208 3011 2269 9H,
3036 2204 3291 2278 Symeoni
3344 2200 3699 2270 Metaphrasti
3746 2217 3852 2253 xxx
3904 2209 3991 2253 aut

2409 2318 2554 2355 χχχιι
2595 2314 2865 2354 annorum
2898 2308 3111 2351 mtatem
3149 2296 3478 2348 tribuamus.
3517 2292 3729 2346 l’oterlt
3759 2302 3891 2345 tunc
3918 2291 3981 2345 ad

2409 2393 2654 2462 tempora
2679 2391 2973 2459 Nicephori
3004 2388 3197 2443 Phocae
3219 2388 3531 2457 pervenisse
3562 2387 3678 2456 (qui
3702 2402 3851 2441 anno
3872 2402 3990 2439 l.\lll

2410 2483 2654 2554 ejusdem
2677 2482 2860 2537 saeculi
2882 2478 3168 2549 imperium
3190 2476 3430 2533 Orientis
3443 2475 3675 2543 adeptus
3693 2475 3821 2541 fuit)
3837 2485 3991 2542 atque

2412 2578 2767 2647 octogenario
2818 2576 2992 2646 major
3023 2574 3199 2642 aliqua
3247 2571 3411 2626 etiam
3464 2568 3847 2622 elucubrasse.
3884 2565 3991 2618 Hoc

2412 2672 2721 2739 supposito,
2756 2668 3043 2723 videamus
3064 2683 3131 2719 an
3160 2662 3514 2732 chronologia
3545 2661 3662 2714 haec
3696 2658 3992 2713 convenire

2414 2762 2588 2829 possit
2614 2769 2804 2813 nostro
2830 2758 3066 2819 auctori,
3096 2755 3190 2824 qui
3225 2769 3377 2807 num.
3408 2753 3473 2807 l9
3502 2766 3733 2805 narrans
3761 2750 3994 2802 miracu-

2416 2855 2528 2906 lum
2563 2850 2708 2920 quod
2738 2849 2925 2903 Bardte
2959 2846 3405 2917 protospathario
3441 2844 3664 2906 accidit,
3694 2844 3770 2896 ait
3807 2860 3822 2895 :
3865 2842 3995 2907 Σςρό·

2414 2944 2514 3012 δρα
2546 2943 2601 2995 δὲ
2645 2934 2800 3003 ὦτος
2844 2937 3108 3007 Ῥωμανῷ
3148 2935 3359 3002 βασιλεί
3397 2934 3472 3000 τῷ
3520 2934 3757 2986 ἐπιεικεῖ
3805 2948 3864 2983 τε
3906 2932 3994 2982 καὶ

2415 3033 2638 3104 χρηστῷ
2693 3032 3100 3103 προσῳκείωτο,
3156 3030 3215 3083 ὃν
3264 3029 3357 3081 καὶ
3418 3028 3563 3079 ἴσασι
3621 3026 3849 3090 πάντες,
3887 3023 3994 3074 υιδν

2418 3126 2838 3177 Κωνσταντίνου
2874 3122 3153 3193 γενέσθαι,
3185 3120 3300 3185 τοῦ,
3350 3119 3418 3173 τὰ
3467 3118 3645 3172 πάντα
3708 3114 3993 3168 συνελόντα

2417 3215 2611 3278 εἰπὼν,
2643 3214 3093 3284 βασιλικωτάτου.
3140 3236 3156 3263 ί
3198 3214 3259 3268 Ei
3288 3227 3415 3266 vero
3437 3210 3668 3281 (ΒΜ-ἀπ)
3696 3225 3893 3280 magna
3916 3208 3995 3262 in-

2414 3316 2742 3363 tercesserat
2798 3307 3143 3361 familiaritas
3197 3321 3321 3359 cum
3364 3304 3614 3358 Romano
3662 3306 3993 3371 imperatore

2410 3399 2649 3469 benigno
2685 3407 2739 3452 et
2766 3399 3059 3461 clemente,
3086 3412 3247 3465 quem
3285 3396 3467 3448 sciunt
3502 3408 3696 3447 omnes
3722 3393 3893 3447 fuisse
3932 3392 3992 3445 fi-

2410 3492 2543 3545 lium
2580 3490 2952 3555 Constantini,
2992 3489 3085 3559 qui
3124 3488 3208 3558 (ut
3237 3486 3421 3541 omnia
3452 3485 3623 3539 semel
3659 3486 3865 3554 dicam)
3894 3484 3993 3540 fuit

2413 3582 2712 3651 imperator
2762 3581 3085 3652 egregius”
3136 3578 3340 3650 quibus
3375 3576 3565 3632 verbis
3619 3574 3687 3631 de
3744 3575 3993 3631 Romano

2409 3670 2754 3728 Constantini
2789 3670 3241 3743 Porpbyrogeniti
3283 3668 3419 3729 filio.
3447 3668 3635 3739 utjam
3663 3676 3888 3719 mortuo
3911 3664 3994 3717 loc

2411 3764 2502 3833 qui
2527 3763 2767 3829 videtur,
2809 3763 2917 3818 nisi
2949 3762 3090 3816 forte
3115 3760 3253 3814 verti
3284 3759 3457 3829 possit
3488 3776 3500 3811 :
3553 3775 3571 3809 ι
3601 3756 3665 3811 Ei
3711 3769 3846 3809 vero
3885 3769 3994 3807 ma-

2410 3871 2516 3925 gna
2540 3854 2917 3908 intercedebat
2944 3851 3293 3904 familiaritas
3322 3838 3447 3903 cum
3479 3848 3730 3902 Romano
3755 3846 3991 3915 impera-

2414 3955 2553 4007 tore,
2584 3959 2744 4015 quem
2768 3943 2951 3999 sciunt
2982 3956 3177 3997 omnes
3206 3956 3327 3996 esse
3351 3939 3520 3995 filium
3546 3938 3935 4005 Constantini;
3972 3958 3989 3989 ι

2410 4048 2576 4109 atque
2612 4037 2686 4091 ita
2718 4040 2786 4092 ad
2817 4036 3051 4093 Romani
3088 4034 3443 4107 imperatoris
3480 4033 3882 4107 tempora,_qui
3929 4032 3993 4086 ab

2414 4144 2557 4183 anno
2605 4128 2711 4184 960
2762 4130 2828 4183 ad
2873 4129 2944 4183 63
2984 4129 3279 4197 imperium
3311 4128 3508 4190 tenuit,
3544 4126 3737 4180 referri
3784 4136 3988 4194 posset,

2412 4219 2550 4273 alias
2572 4219 2639 4273 ad
2664 4220 3004 4276 successoris
3034 4221 3180 4276 illius
3200 4219 3496 4287 Nicephori
3525 4218 3723 4271 Pbocae
3752 4224 3998 4283 tempora

2417 4309 2849 4378 transferendus,
2907 4313 3154 4382 adeoque
3206 4311 3343 4366 nihil
3400 4309 3491 4363 hic
3521 4317 3627 4370 est,
3671 4306 3821 4375 quod
3875 4321 3996 4360 cunt

2413 4408 2576 4455 aetate
2610 4400 2996 4472 Metaphrastis
3022 4411 3247 4471 pugnet.

2490 4492 2576 4547 12.
2609 4492 2679 4548 At
2711 4494 2908 4548 terruit
2934 4507 3019 4545 me
3042 4492 3189 4561 quod
3214 4506 3364 4545 num.
3398 4491 3465 4547 l5
3493 4491 3726 4564 legatur,
3763 4500 3824 4544 ut
3857 4488 3997 4560 apud

816 4585 901 4639 t0.
938 4583 1089 4649 Quod
1119 4581 1287 4654 igitur
1319 4582 1370 4636 in
1407 4582 1595 4652 paucis
1626 4582 1873 4653 contigit,
1909 4582 1962 4636 in
2002 4582 2309 4652 Metaphra-
2347 4616 2391 4667 ο
2419 4588 2641 4644 Surium
2704 4590 3025 4644 translatum
3081 4598 3185 4653 est,
3234 4590 3448 4645 scilicet
3483 4612 3496 4646 :
3537 4610 3555 4641 ι
3593 4591 3738 4645 Petit
3782 4607 3813 4644 a
3856 4592 3997 4645 bono

743 4691 824 4735 ste
862 4678 1182 4745 contingere
1213 4675 1412 4744 potuit.
1435 4674 1730 4743 praesertim
1760 4688 1883 4727 cum
1911 4672 2138 4729 Michael
2168 4674 2315 4730 Psel—

743 4773 828 4825 lus
872 4770 1045 4839 ipsius
1099 4767 1483 4830 encomiastes,
1514 4767 1632 4837 ejus
1670 4768 1722 4820 in
1757 4769 1929 4835 prima
1970 4775 2130 4820 aetate
2163 4768 2317 4837 inge-

746 4863 917 4923 nium,
946 4861 1300 4926 inuatatnquc
1341 4857 1494 4925 quasi
1529 4855 1871 4925 prudentiam
1896 4856 2123 4911 extollat
2163 4856 2315 4911 hisce

746 4958 932 5009 verbis
965 4970 977 5007 :
1023 4972 1038 5001 α
1082 4950 1189 5005 Kal.
1218 4953 1277 5003 τὸ
1322 4952 1463 5003 κατὰ
1498 4952 1713 5003 πάντων
1748 4951 2077 5019 ἀσύγκριτον
2119 4949 2319 5019 κράτος

748 5051 839 5102 καὶ
862 5043 1260 5117 ἁπαράμιλλον,
1294 5040 1359 5112 ἦν
1400 5044 1495 5111 μὲν
1518 5044 1674 5104 εὐθὺς
1700 5044 1758 5094 τὸ
1789 5044 1849 5094 ὲκ
1872 5042 2117 5111 πρώτης,
2144 5043 2217 5103 ὡς
2244 5044 2319 5093 εἱ·-

750 5144 890 5205 τεεῖν,
922 5142 1208 5207 γενέςεως,
1244 5136 1338 5188 καὶ
1375 5136 1430 5197 ἐξ
1464 5135 1729 5199 ἀνθούσης
1763 5136 1860 5203 ἤδη
1894 5134 2096 5203 τριχὸς,
2129 5133 2320 5203 ὥςπερ

747 5237 794 5286 οἱ
840 5235 945 5285 τῶν
982 5234 1209 5285 λεόντων
1250 5229 1499 5299 exitum,
1527 5226 1688 5287 εὐθὺς
1715 5228 1808 5295 τὴν
1835 5228 2015 5297 ὀφρὺν
2053 5228 2317 5293 παραδειο

751 5324 1023 5387 κνύοντες,
1068 5325 1158 5373 καὶ
1204 5323 1309 5373 τῶν
1357 5318 1694 5387 ἐπαυχενίων
1742 5320 1945 5387 τριχῶν
2001 5319 2060 5370 τὸ
2114 5318 2314 5369 λάσιον.

755 5416 1014 5486 ’Υπήνοει
1053 5414 1159 5481 γὰρ
1201 5412 1346 5479 αὑτῴ
1386 5411 1451 5461 τὰ
1485 5418 1580 5475 της
1627 5408 1891 5469 συνέσεως
1935 5409 2093 5475 ἄνθη,
2127 5408 2220 5459 καὶ
2260 5408 2320 5459 τὸ

749 5509 1002 5577 φρόνημα.
1043 5506 1196 5573 ῥίζαν
1231 5502 1349 5555 τινὰ
1391 5496 1502 5571 εἶχε
1537 5500 1778 5569 βαθεῖαν,
1824 5498 1915 5552 καὶ
1972 5501 2000 5551 ὁ
2051 5500 2174 5561 νοῦς
2234 5496 2321 5561 ἐξ.

750 5598 1027 5670 ἡστραπτέ
1076 5614 1126 5649 τι
1187 5595 1507 5665 θαυμάσιον,
1564 5592 1747 5646 Ταῦτα
1784 5594 1839 5644 δὲ
1869 5596 1978 5656 τῦξῖ
2020 5592 2115 5660 μὲν
2144 5593 2323 5655 ἄλλως

750 5692 1021 5763 ἀρκοῦντα
1052 5688 1343 5757 ἐτύγχανεν
1376 5689 1454 5747 εἰς
1485 5688 1781 5748 τελείωπιν,
1812 5688 2003 5756 ἐκείνῳ
2032 5686 2087 5736 δὲ
2124 5703 2323 5754 apex:-

750 5787 1006 5858 ράγματκ
1034 5780 1131 5847 τῆς
1160 5779 1369 5839 τελείας
1408 5778 1732 5845 ἐγελωρίζετο
1758 5776 1992 5845 φύσεως.
2038 5795 2055 5826 ι
2092 5776 2222 5842 Quae
2256 5794 2321 5831 ex

752 5874 1201 5945 interpretatione
1224 5871 1402 5928 Allalii
1433 5871 1504 5924 ita
1526 5879 1755 5924 sonant:
1789 5888 1803 5921 t
1841 5868 1905 5927 Et
1935 5870 2077 5924 vires
2101 5870 2317 5939 quidem

2416 4679 2625 4735 Joanne
2660 4680 2773 4748 (ille
2802 4681 2949 4735 enim
2978 4690 3109 4735 tunc
3128 4680 3413 4736 obtinebat
3436 4680 3753 4749 imperium)
3780 4692 3839 4734 ut
3866 4696 3994 4735 cura

2421 4769 2585 4835 hujus
2643 4770 2841 4826 domus
2888 4770 2995 4824 sibi
3045 4769 3515 4833 demandaretur;
3556 4789 3571 4819 ι
3613 4769 3707 4823 ubi
3756 4769 3997 4825 Joannes

2420 4862 2696 4918 Zemisces
2728 4862 3071 4932 indigitatur,
3094 4865 3188 4932 qui
3211 4878 3356 4917 anno
3378 4860 3482 4917 969
3508 4876 3739 4931 regnare
3770 4864 3994 4931 incepit,

2423 4956 2489 5010 ad
2514 4956 2671 5023 cujus
2700 4962 2944 5024 tempora
2976 4952 3373 5025 Metapbrasfes
3396 4968 3539 5022 aegre
3572 4962 3757 5023 potest
3790 4953 3997 5021 pertin-

2423 5061 2572 5116 gere,
2599 5044 2705 5099 nisi
2749 5061 2875 5100 eum
2908 5046 3283 5115 nonagenario
3312 5046 3595 5115 majorem,
3638 5045 3822 5098 Vitam
3864 5045 3997 5098 hanc

2424 5136 2707 5204 scripsisse
2733 5138 3019 5191 fateamur.
3051 5137 3224 5201 Quam
3251 5136 3320 5189 ob
3359 5154 3471 5191 rem
3501 5152 3601 5207 pro
3631 5136 3845 5191 Joanne
3871 5138 4001 5191 scri-

2426 5227 2661 5279 bendum
2699 5238 2829 5296 puto
2869 5227 3290 5283 Constantinum
3322 5246 3334 5281 :
3372 5229 3534 5297 idque
3562 5242 3628 5281 eo
3658 5227 3879 5284 facilius
3911 5229 3998 5284 ad-

2426 5315 2597 5369 ducor
2642 5327 2699 5369 ut
2744 5316 2981 5379 credam,
3019 5318 3145 5386 quia
3185 5318 3237 5370 in
3276 5318 3550 5386 ecgraplio
3583 5327 3775 5372 nostro
3816 5318 3999 5374 Greecn

2428 5422 2625 5459 nomen
2670 5408 2909 5462 Joannes
2937 5407 3143 5476 integre
3180 5407 3443 5475 scripturn
3477 5422 3583 5461 non
3624 5407 3885 5471 habetur,
3911 5408 3997 5463 sed

2427 5499 2640 5552 duabus
2675 5510 2882 5552 tantum
2919 5498 3226 5551 initialibus
3267 5500 3467 5553 litteris
3510 5498 3615 5551 Ίώ.
3666 5498 3729 5554 In
3768 5500 4000 5555 authen-

2429 5592 2535 5643 tico
2570 5591 2733 5659 igitur
2769 5604 2967 5643 nomen
3015 5589 3407 5647 Constantinus
3463 5605 3561 5657 per
3607 5592 3997 5660 compendium

2429 5686 2689 5753 scriptum
2745 5682 2911 5738 fuerit
2949 5684 3164 5739 duabus
3206 5693 3300 5737 aut
3339 5682 3519 5738 tribus
3566 5684 3761 5753 primis
3811 5684 4003 5743 litteris

2431 5778 2555 5827 Κῶν
2609 5785 2817 5829 tantum
2860 5792 3222 5846 expressum;
3262 5776 3407 5832 unde
3452 5778 3670 5832 extritis
3732 5778 4003 5836 edacitate

2431 5869 2718 5939 temporis,
2756 5868 2807 5922 in
2843 5871 3015 5939 prima
3048 5870 3227 5924 littera
3254 5871 3556 5937 K,duahus
3591 5875 3919 5931 transversis
3944 5873 4003 5927 li-
