4180 6522
201 438 297 502 273

1429 441 1604 502 γιΤΑ
1648 442 1705 502 S.
1749 441 2193 504 SAMPSONIS.

3355 441 3463 501 2⁸14

203 549 374 604 oculis
413 558 468 602 et
501 543 691 602 ultima
737 545 878 603 forte
930 548 1113 602 littera
1137 566 1187 612 ν,
1216 547 1304 602 Ἰῶ
1329 550 1689 616 remanserit;
1716 566 1785 605 ea
1817 563 1861 614 Α
1894 552 2042 606 illius
2097 551 2339 608 historiae
2394 559 2567 622 putat,
2635 567 2756 620 qua:
2803 551 3021 613 habeat,
3084 550 3461 603 nosucomium

203 657 373 711 eoque
405 641 679 697 Ioannem
712 641 964 696 fecerint.
1006 643 1143 698 Cum
1186 641 1353 712 igitur
1394 641 1484 697 illa
1515 645 1589 698 ita
1623 658 1773 698 corn-

205 734 358 788 mode
382 735 651 803 explicari
681 735 911 804 possint,
941 744 1249 802 caeteraque
1269 733 1453 788 omnia
1476 733 1779 803 Metaphra-

204 826 267 879 sti
317 828 674 890 conveniant,
744 825 884 879 nihil
935 826 1113 887 obest,
1166 825 1462 894 quominus
1496 825 1671 880 Vitam
1718 825 1776 880 S.

206 918 526 989 Sampsonis
574 920 624 973 ei
669 920 1032 983 ascribamus,
1060 931 1223 987 quam
1272 920 1328 972 in
1365 917 1640 988 decrepita
1681 934 1778 972 sua

205 1018 488 1064 senectute
512 1010 911 1079 composuerit,
934 1018 1222 1079 postquam
1252 1009 1614 1078 plurimorum
1641 1028 1784 1066 mar-

208 1108 385 1154 tvrum
425 1109 484 1156 et
518 1102 925 1165 confessorum,
964 1112 1026 1157 ut
1059 1103 1286 1172 ipsemet
1335 1103 1650 1167 confitetur,
1698 1119 1786 1160 res

207 1201 388 1260 gestas
418 1190 474 1244 itt
507 1191 690 1246 lucem
717 1193 990 1248 ediderat.

277 1283 365 1335 t3.
409 1281 674 1337 Notatum
721 1283 945 1338 invenio
994 1283 1049 1337 in
1085 1282 1270 1339 Indice
1307 1293 1494 1339 nostro
1530 1283 1785 1350 viatorio,

211 1372 388 1426 Vitam
432 1373 777 1444 Sampsonis,
837 1390 959 1445 qua:
1008 1373 1223 1445 incipit,
1266 1375 1428 1429 Ἀλλὰ
1472 1376 1572 1445 μὲν
1631 1376 1792 1446 χάρι-

209 1479 291 1525 τος
334 1463 498 1535 ἔργον
529 1467 626 1519 καὶ
650 1465 968 1536 Θιραπεὶας,
999 1467 1098 1536 τῆς
1127 1469 1262 1537 πρὸς
1297 1467 1387 1521 τὸν
1431 1467 1606 1537 μέγαν
1635 1468 1789 1536 Σαμο

209 1553 350 1620 cev,
395 1564 532 1622 etc.,
582 1558 789 1611 servari
837 1557 1264 1627 manuscriptam
1316 1557 1369 1610 in
1445 1558 1794 1612 bibliothecis

213 1647 477 1702 Vaticana
506 1658 565 1704 et
589 1650 924 1704 Vallicellina
956 1650 1174 1712 Romae;
1222 1650 1351 1704 item
1391 1651 1444 1704 in
1479 1647 1796 1704 Florentina

212 1749 265 1792 et
298 1738 658 1793 Taurinensi.
711 1738 883 1794 Nobis
934 1741 1024 1794 illa
1059 1741 1267 1809 pridem
1307 1752 1554 1797 extracta
1585 1741 1690 1796 fttit
1726 1758 1819 1813 ex,

213 1827 407 1882 codice
449 1841 585 1891 ms.,
620 1837 683 1881 ut
717 1828 826 1899 jam
859 1828 993 1889 dixi.
1042 1829 1300 1884 Medicam
1338 1829 1483 1902 regis
1524 1830 1800 1887 Christia-

1885 642 2231 713 Sampsouis,
2267 642 2461 698 eodem
2507 656 2756 714 rogante,
2787 658 2815 695 a
2854 641 3161 695 Iustiniano
3193 656 3463 700 erectum,

1883 749 2013 788 eum
2053 733 2357 803 ProcOpius
2379 734 2546 798 dicat,
2582 733 3139 803 restauratum,quod
3161 733 3269 802 jam
3305 745 3464 786 antea

1881 825 2024 884 idem
2053 825 2321 895 Sampson
2355 829 2767 882 exaedificasset.
2803 827 3003 881 Verum
3036 825 3174 880 adeo
3203 826 3460 894 exiguum

1882 913 1987 969 fuit
2032 916 2271 986 primum
2312 918 2444 972 illud
2481 919 2803 987 Sampsonis
2837 917 3148 977 aediﬁcium,
3186 926 3293 969 tam
3340 914 3464 970 illu-

1884 1017 1999 1062 stre
2026 1023 2156 1062 vero
2191 1016 2412 1078 tamque
2448 1009 2793 1080 magnificum
2841 1025 2869 1062 a
2895 1009 3206 1064 Iustiniano
3237 1008 3464 1062 factum»

1887 1107 1951 1152 ut
2002 1098 2141 1153 nihil
2189 1100 2411 1155 veritati
2465 1100 2768 1156 detraxisse
2832 1100 3232 1169 Metaphrastes
3288 1099 3464 1153 videri

1888 1189 2083 1259 possit.
2107 1188 2263 1254 Quod
2296 1190 2450 1246 addit
2483 1189 2748 1245 Baronius
2785 1189 2852 1244 de
2896 1189 3320 1260 conﬂagratione
3349 1190 3468 1259 ejus

1889 1281 2219 1347 nosocomii,
2269 1297 2434 1352 quam
2487 1291 2600 1337 tum
2642 1283 2939 1354 contigisse
2985 1274 3303 1345 arbitiatur,
3341 1297 3469 1336 cum

1893 1375 1995 1429 sub
2036 1374 2324 1430 Anastasio
2369 1374 2583 1430 Sanctae
2621 1375 2840 1443 Sonitite
2890 1376 3153 1446 templum
3211 1384 3467 1430 exustum

1896 1465 2035 1531 fuit;
2063 1465 2274 1520 clarum
2319 1467 2489 1522 estin
2524 1466 2772 1522 historiis
2804 1483 2912 1522 non
2947 1468 3114 1521 semel
3152 1467 3282 1521 illud
3329 1477 3470 1520 tem-

1897 1557 2047 1627 plum
2107 1557 2382 1612 incendiis
2425 1559 2726 1613 obnoxium
2773 1559 2971 1625 fuisse;
3006 1557 3299 1615 Iustiniani
3339 1573 3468 1612 vero

1898 1661 2043 1700 anno
2075 1662 2107 1698 v
2132 1647 2264 1700 illud
2290 1648 2666 1701 nosocomiutn
2701 1649 2985 1704 incensum
3014 1665 3136 1702 esse
3168 1649 3309 1703 idem
3345 1649 3465 1701 Pro-

1899 1735 2094 1806 copius
2125 1737 2292 1793 refert
2312 1737 2408 1793 lib.
2439 1755 2454 1793 t
2484 1738 2560 1792 De
2580 1741 2719 1809 tedii“.
2763 1749 2818 1794 et
2856 1740 3024 1794 tBeIli
3051 1739 3199 1793 Pers.
3225 1756 3342 1807 cap.
3378 1740 3469 1805 26,

1904 1837 1960 1882 et
1998 1828 2364 1900 TheOpbanes
2411 1831 2478 1885 ad
2521 1847 2724 1886 annum
2768 1849 2799 1884 v
2847 1831 3166 1886 Iustiniani.
3219 1830 3473 1886 Fortasse

215 1919 458 1987 nissimi,
489 1919 597 1976 sub
633 1919 738 1976 hoc
771 1921 954 1987 titulo,
985 1921 1106 1985 Βῐος
1136 1925 1226 1977 καὶ
1261 1925 1503 1978 πολιτεία
1526 1925 1621 1979 τοῦ
1649 1928 1798 1981 ὁσίου

1912 1920 2126 1990 majoris
2166 1921 2426 1975 momenti
2473 1921 2532 1977 lit
2573 1921 2627 1976 in
2657 1921 2759 1976 ltac
2785 1938 2864 1986 re,
2900 1923 3044 1991 quod
3076 1923 3374 1991 Procopius
3407 1923 3475 1976 do

221 2011 433 2082 [Ἰατρὸς
460 2012 624 2083 ἡμῶν
655 2013 894 2084 Σαμψὼν
923 2013 1015 2066 τοῦ
1040 2013 1313 2084 ξενοδόχου
1333 2031 1346 2046 ⁸
1443 2017 1561 2074 Vita
1591 2028 1647 2072 et
1669 2034 1802 2073 con-

217 2102 461 2159 versatio
490 2103 667 2158 sancti
694 2103 872 2159 Patris
901 2106 1074 2160 nostri
1113 2104 1453 2175 Sampsonis,
1486 2112 1801 2178 exceptoris

218 2195 530 2265 hospitum.
567 2215 587 2247 ι
626 2196 878 2252 Latinam
909 2199 1310 2268 impresserunt
1354 2200 1686 2270 Lipomanus
1718 2211 1804 2257 to-

223 2301 312 2340 mo
333 2287 391 2348 ϐ.
413 2298 474 2342 et
503 2303 570 2343 ex
597 2288 715 2358 ipso
738 2287 933 2343 Surius
959 2298 1106 2344 tomo
1128 2288 1193 2355 2;
1219 2290 1370 2357 juxta
1401 2290 1805 2361 interpretatio-

215 2392 342 2432 nem
373 2376 634 2437 Genliani
667 2379 885 2436 Herveti
918 2397 934 2435 :
967 2396 1128 2450 quam
1155 2379 1407 2435 eamdem
1436 2396 1540 2452 ego
1571 2399 1796 2454 quoque

221 2467 312 2521 hic
350 2469 598 2531 retineo,
644 2470 700 2525 in
729 2470 919 2540 paucis
953 2480 1134 2525 tamen
1167 2470 1464 2538 aliquibus,
1493 2488 1619 2528 eum
1655 2476 1804 2531 teatu

219 2560 410 2616 Graeco
435 2562 674 2627 collatis,
694 2570 983 2617 mutatam.

684 2694 711 2767 ς
734 2695 800 2751 lI.
833 2726 898 2740 --
922 2697 1146 2770 Tempus
1165 2701 1368 2755 mortis.

295 2835 382 2889 14.
433 2835 596 2902 Quod
655 2836 722 2893 ad
779 2849 995 2895 aetatem
1043 2839 1360 2910 Sampsonis
1392 2841 1609 2901 attinet,
1639 2840 1808 2893 Meta-

221 2929 507 2995 phrastes,
549 2920 917 2999 Menologium
963 2930 1149 2986 Basilii
1197 2930 1672 3003 Porphyrogeniti,
1699 2929 1811 2984 Me-

221 3033 338 3071 nzea
381 3033 614 3075 excusa.
639 3018 891 3089 Origines
934 3021 1554 3092 Constantinopolitanae
1592 3022 1812 3078 inedita:

221 3119 382 3176 parte
420 3125 484 3173 tt,
512 3123 640 3163 cum
675 3109 929 3166 floruisse
959 3111 1114 3165 aiunt
1154 3112 1257 3166 sub
1286 3112 1600 3168 Iustiniano
1635 3113 1811 3181 impe-

218 3209 436 3266 ratore,
476 3211 666 3270 utpote
717 3203 810 3272 qui
868 3203 937 3257 ab
994 3205 1183 3259 eodem
1234 3215 1425 3260 sancto
1465 3205 1518 3258 in
1557 3203 1810 3258 vivisex-

219 3291 470 3348 sistente
523 3294 593 3348 ab
641 3293 1033 3350 immedicabili
1066 3295 1258 3352 morbo
1302 3296 1472 3352 fuerit
1512 3297 1814 3360 liberatus;

219 3384 419 3450 atque,
445 3392 508 3436 ut
531 3398 634 3453 pro
659 3393 808 3440 tanto
826 3386 1093 3443 beneficio
1122 3398 1304 3457 grates
1336 3387 1584 3453 referret,
1614 3387 1822 3457 magni-

223 3471 395 3523 licunt
429 3474 614 3527 eidem
644 3474 1002 3532 aediﬁcaverit
1025 3477 1451 3542 xenodocbium,
1493 3477 1638 3548 quod
1667 3476 1825 3532 dein-

222 3564 292 3616 de
351 3563 649 3633 H05pitale
706 3567 764 3620 S.
819 3567 1134 3637 Sampsonis
1173 3579 1258 3624 est
1312 3571 1664 3638 appellatum.
1719 3569 1817 3623 Ast

223 3654 542 3711 cardinalis
567 3654 835 3713 Baronius
859 3657 913 3712 in
937 3657 1092 3714 Notis
1121 3659 1187 3713 ad
1217 3658 1656 3730 Martyrologium
1695 3659 1811 3712 Ro-

219 3761 485 3813 manum,
543 3747 651 3804 hoc
697 3748 808 3817 die,
845 3765 907 3806 ea
948 3752 1129 3807 omnia
1168 3753 1367 3808 erroris
1402 3753 1604 3823 arguit,
1640 3768 1705 3807 ex
1741 3768 1810 3807 eo

216 3841 370 3907 quod
439 3837 764 3910 Proeopius,
789 3845 882 3912 qui
924 3844 1030 3900 illis
1067 3845 1406 3913 temporibus
1435 3845 1594 3908 vixit,
1631 3860 1812 3913 eaque

213 3928 287 3984 ob
339 3932 548 3986 oculos
591 3931 803 3999 habuit,
844 3935 942 3991 lib.
989 3953 1003 3990 l
1041 3937 1253 4004 Ediﬁc.
1323 3937 1618 3991 Iustiniani
1657 3939 1815 4004 imp.,

215 4035 340 4090 cap.
383 4020 445 4082 Ξ,
488 4031 745 4088 testetur,
784 4024 1057 4096 Hospitale
1108 4026 1430 4096 Sampsonis»
1460 4029 1713 4089 nomine,
1750 4030 1820 4084 ab

213 4114 420 4170 eodem
481 4112 788 4184 Sampsone
836 4128 1107 4184 erectum,
1147 4119 1277 4174 olim
1324 4118 1581 4174 incendio
1618 4121 1823 4177 conﬂa-

213 4221 452 4276 grasse;
488 4222 732 4277 euntque
753 4208 841 4263 vix
873 4209 1123 4280 quaedam
1156 4207 1550 4264 remansissent
1570 4207 1824 4277 vestigia,

215 4298 355 4354 illud
399 4287 590 4370 ipsum
631 4301 896 4371 hospitale
925 4303 994 4356 ab
1020 4302 1215 4357 eodem
1244 4300 1557 4356 Iustiniano
1582 4299 1825 4369 impera-

215 4400 341 4447 tore
397 4393 830 4445 munittcentius
877 4395 1242 4448 instauratum
1298 4391 1492 4452 fuisse.
1537 4405 1825 4461 censuque

214 4495 416 4535 annuo
461 4480 714 4551 ingentis
738 4484 985 4552 pecunia:
1016 4483 1432 4552 locupletatum.
1472 4483 1609 4538 Cum
1639 4496 1822 4539 autem

1905 2009 2225 2081 Sampsonis
2273 2021 2435 2067 atate
2488 2014 2603 2067 ait:
2649 2013 2817 2084 ’Δνήρ
2863 2031 2944 2073 τις
2985 2013 3242 2081 amasti-i1;
3279 2013 3337 2064 ἐν
3365 2016 3475 2066 τοῖς

1902 2101 2014 2155 ἄνω
2043 2101 2277 2172 χρόνοις,
2310 2101 2548 2171 Σαμψὼν
2609 2104 2780 2173 ὕνομα
2819 2120 2835 2134 ⁸
2881 2102 2974 2157 Vir
3007 2104 3218 2172 quidam
3245 2106 3361 2171 pius
3386 2104 3478 2172 qui

1902 2195 2255 2264 superioribus
2288 2197 2448 2249 annis
2502 2195 2707 2265 ﬂoruit.
2757 2197 2824 2249 At
2865 2195 2972 2250 hoc
2998 2196 3163 2249 etiam
3201 2196 3333 2249 nihil
3360 2206 3474 2256 est;

1907 2299 2027 2340 nam
2092 2287 2391 2357 Procopius
2451 2289 2652 2342 librum
2712 2288 2866 2340 illum
2933 2288 3006 2341 De
3062 2287 3323 2354 wdiﬁciis,
3386 2287 3477 2342 ubi

1905 2377 2010 2431 boc
2066 2378 2254 2442 habet,
2288 2387 2535 2433 extremo
2591 2378 2884 2434 Iustiniani
2946 2379 3178 2448 imperio
3233 2377 3477 2446 scripsit,

1904 2487 2101 2542 nempe
2146 2488 2239 2527 sex
2292 2482 2348 2527 et
2397 2472 2616 2542 triginta
2646 2482 2808 2538 atque
2862 2472 3097 2541 amplius
3154 2474 3320 2525 annis
3359 2483 3482 2540 post

1906 2573 2136 2618 mortem
2185 2563 2520 2632 Sampsonis.
2554 2563 2781 2632 Vigebat
2819 2573 2996 2618 tamen
3028 2568 3163 2618 adeo
3203 2567 3324 2635 ejus
3367 2579 3481 2618 me-

1905 2655 2102 2715 moria,
2155 2664 2213 2708 ut
2263 2655 2636 2720 Iustinianus,
2696 2655 2916 2710 Novella
2967 2657 3033 2711 59
3085 2667 3138 2712 et
3198 2658 3326 2721 131,
3383 2657 3478 2711 ubi

1907 2744 1976 2800 de
2006 2747 2310 2815 Sampsone
2366 2744 2631 2815 loquitur,
2683 2746 2740 2799 Ὀ
2767 2745 2865 2810 τῆς
2895 2749 3044 2809 ὁσίας
3080 2751 3297 2821 μνήμης
3336 2751 3483 2819 Σαμ-

1908 2837 2027 2908 ψών
2062 2836 2230 2901 dicat,
2266 2857 2284 2888 ‹
2324 2838 2539 2893 Sancta:
2592 2838 2871 2894 memoriis
2921 2837 3227 2909 Sampson;
3265 2861 3284 2893 ι
3339 2841 3485 2909 quod

1912 2932 1996 2998 (ut
2044 2930 2222 2984 obiter
2262 2929 2469 2998 notem)
2519 2943 2640 2982 cum
2695 2928 2748 2982 in
2800 2931 3039 2999 antiquis
3071 2931 3484 3000 ntanuscriptis-

1910 3019 2112 3076 litteris
2151 3020 2526 3090 singularibus
2570 3019 2625 3074 S.
2661 3019 2732 3076 Μ.
2759 3031 3005 3076 notatum
3040 3032 3205 3085 esset,
3242 3023 3381 3075 male
3430 3022 3487 3074 in

1912 3110 2462 3167 Latiniseditionibus
2477 3111 2712 3166 Novellte
2727 3113 2820 3168 l3l
2838 3122 3123 3182 exceptum
3144 3119 3257 3169 est:
3279 3111 3492 3166 Sancta:

1915 3203 2095 3258 Maria
2132 3202 2418 3270 Sampson.
2451 3200 2605 3266 Quod
2646 3213 2828 3257 autem
2869 3205 2922 3259 in
2957 3205 3322 3274 Mctaphraste
3362 3220 3484 3258 coro

1922 3292 2213 3362 rigendum
2241 3294 2400 3362 plane
2452 3309 2671 3355 censeo.
2729 3305 2814 3350 cst
2869 3297 3010 3350 ratio
3062 3299 3324 3365 temporis
3369 3298 3492 3350 vine

1924 3382 2243 3452 Sampsonis
2293 3393 2349 3437 et
2405 3401 2672 3441 annorum
2720 3387 2935 3458 imperii
2989 3387 3321 3449 Iustiniani;
3362 3403 3486 3440 nam

1921 3474 2163 3528 antistite
2193 3472 2346 3528 Mena
2376 3473 2730 3544 Sampsonetu
2768 3475 3128 3543 superfuisse,
3167 3478 3310 3534 baud
3347 3477 3488 3530 bene

1916 3565 2314 3637 Metaphrastes
2335 3575 2552 3627 narrat,
2582 3582 2706 3619 cum
2750 3579 2877 3621 ante
2913 3568 3256 3621 consulatum
3287 3567 3496 3621 Βοιατι-

1913 3658 1980 3710 rii
2018 3658 2247 3719 obiisse,
2278 3675 2344 3713 ex
2382 3659 2602 3714 Novella
2635 3659 2700 3714 59
2735 3657 3028 3729 perspicue
3059 3669 3291 3714 constet.
3329 3661 3496 3712 Porro

1911 3750 2162 3816 ejusdem
2214 3750 2450 3806 Novella
2499 3752 2797 3820 publicatio
2847 3761 3011 3822 atque
3060 3751 3257 3809 electio
3303 3750 3493 3812 Mena),

1915 3840 2031 3896 fere
2065 3843 2118 3896 in
2147 3842 2291 3899 idetn
2321 3853 2533 3913 tempus
2569 3842 2843 3903 incidunt,
2884 3858 3079 3911 nempe
3115 3842 3259 3896 circa
3291 3857 3495 3894 annum

1916 3932 2214 3988 Iustiniani
2252 3952 2338 4002 xt;
2369 3943 2423 3989 at
2454 3950 2585 3989 vero
2606 3944 2731 3989 ante
2759 3949 2960 3988 annum
2991 3935 3108 4006 ejus
3144 3949 3175 3985 v
3210 3948 3488 3998 mortuum

1923 4025 2281 4096 Sampsonem
2313 4026 2479 4082 fuisse
2520 4042 2682 4081 nemo
2718 4026 2954 4079 dubitet.
2998 4026 3078 4081 Ad
3126 4025 3272 4079 hunc
3305 4026 3497 4079 calcu—

1927 4117 2036 4170 lum
2068 4119 2370 4173 revocanda
2402 4129 2530 4173 sunt
2573 4133 2694 4188 qua:
2742 4121 2806 4173 de
2834 4116 3089 4172 inccndio
3129 4117 3431 4172 nosocomii
3470 4133 3496 4172 a

1924 4209 2292 4281 Metaphraste
2320 4218 2636 4264 narrantur.
2680 4228 2696 4258 ι

1997 4303 2084 4359 16.
2124 4301 2248 4358 lltec
2304 4300 2522 4358 erudite
2572 4301 2907 4354 Alemannus
2955 4317 2968 4354 :
3016 4309 3071 4353 at
3119 4315 3268 4363 vero,
3313 4309 3503 4353 contra

1926 4396 2069 4466 quod
2121 4397 2211 4452 hic
2258 4396 2555 4459 existimat,
2602 4403 2792 4448 auctor
2838 4392 3096 4447 Cbronici
3146 4391 3504 4447 Alexandrini

1927 4490 2321 4559 amplissimum
2367 4505 2430 4544 ea
2474 4494 2795 4556 tempestate
2831 4486 2992 4555 (anno
3040 4486 3249 4538 scilicet
3306 4484 3502 4553 quinto

217 4570 659 4641 Metaphrastes
702 4589 852 4628 nutn.
885 4575 941 4628 ll
985 4584 1238 4636 restetur,
1267 4572 1476 4627 dictum
1511 4575 1824 4626 incendium
1864 4579 2253 4665 DIustiniani)
2320 4578 2487 4637 fuisse
2573 4577 2650 4630 ait
2705 4575 3083 4630 nosocnmium
3150 4573 3506 4643 Sampsonis;

214 4665 543 4735 contigisse
586 4671 715 4733 post
755 4666 965 4720 obitum
1001 4666 1340 4736 Sampsonis,
1383 4665 1604 4735 quando
1642 4675 1696 4720 et
1727 4664 1827 4720 So-

217 4759 373 4828 phia
402 4757 609 4812 nobile
640 4758 903 4822 templum
925 4766 1182 4811 exustum
1209 4768 1312 4822 est,
1338 4773 1401 4812 ac
1432 4760 1638 4827 pariter
1665 4769 1831 4814 teste-

216 4860 314 4904 tur
353 4849 736 4904 Marcellinus
769 4849 823 4900 in
856 4847 1152 4914 Chronico,
1189 4848 1241 4902 id
1275 4849 1571 4920 contigisse
1603 4853 1656 4906 in
1690 4865 1833 4904 tem-

217 4939 471 5009 poribus
507 4936 788 4993 Anastasii
815 4938 1201 5007 imperatoris;
1227 4939 1507 4992 concludit
1531 4939 1832 5008 prmiauda-

221 5044 312 5090 tus
372 5027 741 5093 cardinalis.
791 5031 952 5101 longe
1010 5041 1139 5084 ante
1190 5031 1485 5086 Iustiniani
1546 5032 1831 5102 imperium

219 5127 620 5194 Ssmpsonem
668 5120 814 5173 diem
853 5136 1011 5180 suum
1043 5120 1248 5176 obiisse
1279 5141 1293 5187 ;
1345 5131 1508 5191 atque
1541 5138 1609 5177 ex
1641 5103 1832 5178 eodem

221 5216 522 5286 Procopio
581 5212 764 5268 multo
804 5217 974 5284 magis
1005 5213 1284 5284 redarguit
1317 5214 1646 5272 Cedrenum.
1705 5215 1835 5269 dum

219 5311 298 5364 ait
323 5307 724 5375 conﬂagrasse
745 5302 962 5359 domum
983 5306 1358 5376 Sampsoniam
1381 5319 1523 5360 anno
1539 5307 1836 5376 penultitno

221 5397 578 5458 Iustiniani.

302 5497 396 5548 15.
435 5492 560 5546 Has
589 5485 940 5542 difficultates
980 5485 1230 5542 dissolvit
1278 5485 1535 5542 Nicolaus
1579 5487 1838 5543 Aleman-

228 5603 339 5642 nus
373 5587 434 5640 in
478 5580 646 5638 notis
692 5575 758 5631 ad
789 5595 908 5650 cap.
943 5579 976 5635 4
1013 5579 1264 5637 Historia:
1308 5597 1520 5634 arcam:
1568 5581 1837 5651 ProcOpii.

227 5681 400 5739 Iuvat
434 5677 576 5747 ejus
615 5672 784 5726 verba
817 5672 904 5727 hic
936 5682 1232 5729 annectere
1263 5691 1275 5727 :
1309 5692 1326 5725 t
1357 5673 1534 5742 Longe
1565 5674 1839 5742 antiquio-

231 5788 349 5830 rem
387 5765 739 5827 Iustiniano
764 5763 1121 5835 Sampsonem
1146 5769 1322 5820 credit
1349 5765 1643 5820 cardinalis
1679 5765 1845 5818 Baro-

234 5871 364 5928 nius
395 5869 456 5924 in
488 5861 668 5919 Notis
695 5859 760 5916 ad
793 5859 1260 5932 Martyrologium.
1301 5874 1352 5914 et
1391 5862 1642 5918 vacillare
1686 5860 1844 5915 fidem

1929 4685 2054 4728 cum
2091 4670 2235 4724 dicat
2275 4682 2289 4721 ξ
2323 4688 2339 4719 t
2370 4666 2546 4722 Ξενὼν
2580 4667 2673 4719 τοῦ
2715 4666 2954 4736 Σαμψὼν
2998 4669 3024 4718 ὁ
3060 4670 3229 4735 μέγας
3279 4665 3507 4734 ἐκαύθη,

1930 4765 2023 4817 καὶ
2067 4763 2343 4817 ἀπώλοντο
2383 4763 2430 4814 oi
2491 4764 2548 4815 ὲν
2582 4759 2728 4829 αὐτῷ
2785 4759 3131 4828 ἀνακείμενοι
3188 4758 3457 4828 appulerat
3491 4768 3506 4784 '

1935 4854 2352 4907 Xenodochium
2426 4852 2744 4920 Sampsonis
2825 4865 3080 4920 magnum
3131 4850 3507 4920 conﬂagravit,

1934 4959 2152 5013 unaque
2192 4943 2406 5013 periere
2437 4944 2529 5011 qui
2567 4942 2620 4995 in
2652 4955 2719 4994 eo
2746 4949 2904 4995 erant
2934 4939 3160 4994 infirmi.
3207 4958 3224 4989 ι
3264 4940 3506 5008 Repara-

1936 5044 2051 5087 tum
2093 5044 2273 5088 autem
2312 5042 2366 5088 et
2403 5030 2787 5085 reredificatum
2819 5046 2846 5083 a
2877 5030 3188 5085 Iustiniano
3238 5029 3379 5086 haud
3413 5031 3509 5083 diu

1939 5133 2126 5194 postea
2158 5124 2334 5187 stetit,
2379 5123 2648 5192 siquidem
2683 5137 2827 5176 anno
2853 5136 3035 5174 xxxvii
3062 5121 3308 5189 ejusdem
3337 5120 3510 5189 impe-

1938 5217 2133 5269 ratoris
2166 5229 2382 5268 rursum
2427 5215 2585 5273 arsit.
2623 5221 2682 5269 ut
2716 5212 2908 5266 scribit
2947 5212 3310 5281 Theophanes
3354 5222 3408 5269 et
3445 5228 3512 5267 ex

1937 5325 2003 5363 eo
2057 5309 2337 5364 Cedrcnus
2379 5325 2395 5363 :
2444 5327 2460 5358 t
2497 5306 2587 5376 Τῷ
2637 5308 2712 5372 λζ’
2763 5308 2871 5358 ἔτει
2897 5311 3116 5373 γέγονεν
3166 5306 3513 5375 ὲμπυρισμὸς

1944 5401 2149 5469 μίγας,
2199 5403 2293 5452 καὶ
2350 5398 2554 5468 ἐκαύθη
2614 5398 2835 5461 τελείως
2904 5399 2932 5451 ὀ
2981 5397 3150 5461 ξξνὼν
3214 5397 3306 5449 τοῦ
3369 5386 3516 5466 Σιμ-

1938 5493 2074 5561 ψὼν.
2163 5491 2318 5546 Anno
2371 5491 2705 5560 (Iustiniani)
2771 5505 2950 5544 xxxvtt
3017 5489 3220 5543 factum
3288 5499 3372 5546 est
3436 5487 3518 5541 in-

1944 5587 2197 5640 cendium
2231 5598 2504 5654 magnum,
2533 5593 2587 5637 et
2617 5579 2975 5653 conﬂagravit
3005 5585 3228 5651 penitus
3268 5581 3514 5636 xenodo-

1947 5677 2130 5730 chium
2176 5674 2511 5746 Sampsonis.
2553 5694 2569 5726 ι
2607 5675 2866 5740 Quamvis
2897 5683 3087 5746 postca
3129 5675 3519 5732 resediticatum

1948 5775 2184 5820 cunstet.

2017 5859 2102 5911 47.
2151 5857 2328 5920 Quare
2386 5855 2585 5910 frustra
2639 5855 2916 5924 redarguit
2960 5858 3172 5912 erroris
3214 5853 3524 5912 Cedrenum
