4180 6498
689 445 792 506 5275

1978 429 2256 489 MENSIS
2292 429 2594 491 JUNlUS.

3815 415 3923 472 276

682 554 969 613 llaronius,
1008 550 1149 620 quod
1184 549 1485 618 penultimo
1518 543 1736 614 imperii
1772 539 2066 596 Justiniani
2111 551 2255 591 anno

2365 554 2423 608 νῃ
2446 557 2456 570 ·
2481 540 2540 591 τὸ
2568 539 2623 591 δὲ
2651 536 2897 605 λείψανον
2918 531 3084 587 αὑτοῦ
3118 529 3277 599 ὲτέθη
3314 528 3371 580 ὲν
3396 524 3473 594 τῷ
3504 525 3617 595 ναῷ
3648 522 3741 577 τοῦ
3765 524 3926 592 ἁγίου

683 646 995 701 incendium
1036 646 1137 695 hoc
1167 642 1445 709 posuerit:
1481 654 1607 693 cum
1641 651 1747 690 non
1793 648 1980 696 unum,
2018 630 2113 684 sed
2147 629 2251 681 du-

685 744 805 808 plex
859 740 1011 792 illius
1054 734 1377 789 xenudoehii
1431 743 1646 787 constet
1694 731 1861 784 fuisse
1913 725 2255 781 incendium.

688 834 821 886 Dum
864 830 1026 899 igitur
1067 829 1181 882 hate
1209 827 1388 879 otnnia
1429 836 1576 878 recte
1608 824 1685 877 sic
1718 820 1976 890 explicari
2010 825 2256 887 possunt,

688 940 792 974 non
833 933 914 975 est
949 936 1047 974 cur
1080 918 1400 973 recedamus
1429 931 1457 969 a
1492 915 1877 983 Metaphraste,
1919 908 2256 981 Synaxariis,

690 1014 1013 1080 Mcnaeisqitc
1051 1010 1362 1064 Grrecorum
1386 1046 1399 1069 ,
1435 1005 1789 1072 Sampsonem
1822 1001 1921 1054 sub
1952 998 2260 1055 Justiniano

692 1102 889 1155 vixisse
922 1099 1313 1153 asscrcntibus.
1338 1097 1510 1151 Porro
1532 1108 1654 1147 cum
1680 1093 1913 1161 primum
1934 1086 2259 1142 xenodocltii

690 1195 836 1247 illius
887 1192 1200 1245 incendium
1237 1189 1501 1244 accidisse
1553 1203 1617 1239 ex
1654 1183 1983 1252 supradictis
2042 1186 2257 1235 constet

690 1299 834 1335 anno
865 1281 1155 1338 Justiniani
1190 1282 1405 1349 quinto,
1435 1280 1599 1346 idque
1633 1292 1661 1328 a
1700 1275 2066 1343 Metaphraste
2105 1286 2259 1324 num.

700 1378 751 1426 tl
814 1383 935 1442 post
986 1383 1215 1425 mortem
1270 1369 1587 1440 Sampsonis
1660 1366 1909 1421 evenisse
1970 1371 2263 1425 asseratur,

696 1482 840 1519 anno
900 1462 1145 1533 ejusdem
1207 1460 1551 1530 imperatoris
1591 1475 1646 1512 ιιι
1678 1467 1771 1510 aut
1799 1473 1848 1509 tv
1892 1455 1966 1525 (id
1998 1461 2082 1508 est
2122 1467 2266 1506 anno

696 1558 895 1613 Christi
955 1556 1056 1610 550
1088 1555 1168 1610 vel
1220 1555 1344 1622 551)
1389 1553 1743 1622 Sampsonem
1782 1548 1847 1602 ad
1874 1562 2100 1618 superos
2133 1544 2267 1599 emi-

704 1664 889 1718 grasse
918 1646 1237 1699 statuimus.

777 1739 861 1795 18.
897 1742 962 1792 At
1013 1753 1143 1792 vero
1188 1740 1312 1807 jure
1355 1738 1550 1792 merito
1594 1738 1927 1791 Alemannus
1957 1729 2267 1797 Metaphra«

705 1838 841 1885 stem
872 1832 1053 1901 arguit
1079 1830 1285 1884 erroris
1308 1830 1422 1899 (qui
1447 1844 1606 1883 error
1634 1828 1796 1882 etiam
1826 1834 1911 1879 est
1939 1824 1992 1876 in
2026 1822 2269 1891 Synaxa—

711 1925 805 1975 riis
858 1922 1188 1989 Menaeisque
1220 1921 1555 1987 Graecorum)
1587 1917 1733 1988 quod
1769 1931 1921 1970 num.
1954 1915 1988 1968 4
2016 1913 2274 1978 Sampso-

711 2029 831 2067 nem
877 2028 905 2065 a
935 2012 1242 2081 patriarcha
1269 2011 1401 2067 C.P.
1432 2010 1612 2071 Mena,
1674 2007 2015 2063 sacerdotem
2060 2003 2281 2058 ordina—

714 2113 824 2154 tnm
859 2116 980 2156 esse
1012 2100 1245 2165 referat;
1282 2109 1395 2154 tum
1424 2109 1646 2169 propter
1666 2099 1907 2153 rationes
1937 2096 2190 2163 superius
2214 2091 2282 2145 ab

715 2194 1014 2247 Alemanno
1044 2193 1256 2255 allatas,
1305 2201 1417 2244 tum
1453 2202 1715 2259 praeterea
1759 2189 1904 2258 quod
1936 2188 2121 2240 Menas
2167 2184 2281 2247 ille,

715 2297 1006 2355 antequam
1036 2286 1352 2356 dignitatem
1376 2284 1793 2355 patriarchalem
1827 2285 2284 2349 consequeretur,

714 2378 906 2433 eodem
942 2377 1251 2431 Iustiniano
1288 2376 1591 2444 imperante
1628 2373 1903 2441 prrefuerit
1937 2366 2282 2425 xcnodoehio

720 2467 1054 2534 Sampsonis,
1105 2466 1194 2521 cui
1254 2465 1519 2532 Sampson
1573 2463 1687 2530 ipse
1729 2474 1902 2528 usque
1949 2458 2077 2511 dum
2128 2455 2286 2513 vixit,

722 2559 955 2624 praefuit,
989 2567 1049 2612 ut
1083 2556 1250 2612 refert
1286 2553 1627 2624 Nicephorus
1668 2551 1804 2607 C.P.
1866 2551 1919 2602 in
1957 2545 2291 2602 Patriarchis

720 2648 844 2705 (Μ’.
887 2665 1085 2703 vocans
1132 2646 1386 2703 eumdem
1464 2644 1751 2712 Ξενοδόχον
1791 2640 1883 2692 τοῦ
1926 2635 2162 2707 Σαμψὼν
2196 2642 2292 2689 :et

728 2743 1014 2795 Liberatus
1043 2740 1308 2793 diaconus
1356 2737 1423 2791 de
1471 2735 1666 2790 eodem
1713 2734 1789 2786 ait
1835 2732 2017 2801 eap.‘2
2060 2748 2074 2781 ι
2110 2749 2127 2780 ι
2165 2728 2291 2783 Fuit

728 2836 826 2885 isn-
852 2833 1038 2886 Meuas
1065 2830 1385 2899 praepositus
1406 2825 1730 2881 xenodochii
1755 2824 1995 2894 majoris,
2020 2820 2167 2890 quod
2195 2832 2294 2870 vo-

726 2933 879 2977 catur
936 2923 1222 2991 Sampson,
1252 2934 1450 2990 genere
1489 2916 1933 2976 Alexandrinus;
1985 2931 2003 2963 ι
2047 2910 2292 2977 adeoque

728 3023 850 3084 post
887 3022 1116 3065 mortem
1165 3008 1484 3077 Sampsonis
1530 3005 1705 3058 solum
1743 3002 1809 3055 ad
1846 2999 2165 3072 dignitatem
2195 3013 2291 3069 pa-

734 3102 1081 3157 triarchalem
1116 3112 1197 3156 est
1227 3106 1473 3154 evectus.

731 3261 883 3332 §lll.
923 3290 992 3305 -ι-
1034 3259 1219 3314 Cultus
1282 3274 1346 3312 ea:
1398 3255 1734 3379 Dieno‘logiis,
1792 3252 2024 3314 Menaeis,
2078 3248 2295 3316 aliisque

1473 3345 1530 3379 as
1558 3344 1622 3379 ιδ.

1473 3344 1622 3380 (£8118.

801 3465 884 3519 19.
921 3464 1167 3518 Celebris
1206 3462 1351 3531 apud
1379 3451 1599 3515 Griccos
1637 3472 1851 3527 semper
1897 3455 2003 3510 fuit
2038 3454 2095 3508 S.
2135 3454 2297 3506 Sam-

738 3556 925 3623 psonis
955 3554 1236 3613 memoria.
1275 3560 1461 3620 utpote
1505 3551 1661 3620 cujus
1696 3548 2010 3617 sepulcrum
2053 3543 2235 3598 statim
2268 3556 2300 3595 a

739 3660 912 3701 morte
969 3644 1247 3700 miraculis
1303 3644 1583 3707 claruerit,
1640 3652 1695 3694 et
1740 3641 2031 3692 salutarem
2092 3634 2299 3690 morbis

738 3739 1046 3809 onmigcnis
1074 3738 1341 3807 liquorem
1370 3736 1575 3788 stillare
1608 3730 1911 3801 inceperit;
1961 3728 2105 3783 unde
2154 3728 2301 3782 illius

737 3836 933 3891 l‘esttnn
989 3834 1133 3883 inter
1178 3826 1503 3882 solemniora
1542 3822 2159 3889 Constantinopolitanae
2196 3820 2303 3870 Ec-

736 3926 916 3976 ciesire
945 3930 1262 3975 numeratur
1290 3922 1378 3974 :in
1417 3920 1520 3973 hoc
1546 3918 1692 3970 enim
1727 3915 1867 3967 festo
1899 3928 1928 3965 a
1960 3910 2180 3980 judiciis
2206 3922 2301 3962 νας

740 4014 971 4069 candum
1006 4026 1125 4068 erat
1158 4026 1330 4079 usque
1363 4010 1428 4064 ad
1457 4009 1625 4064 Oilieii
1660 4006 1831 4062 divini
1873 4007 2059 4070 linem,
2095 4013 2151 4058 ut
2175 4017 2307 4057 con-

740 4118 846 4161 stat
878 4122 941 4158 ex
972 4106 1362 4158 constitutione
1386 4102 1595 4156 novella
1621 4100 1991 4155 Emmanuelis
2018 4093 2302 4153 Commeni

739 4197 1086 4267 imperatoris
1116 4196 1182 4251 de
1212 4197 1382 4250 Feriis
1414 4197 1521 4249 lata
1564 4209 1707 4248 anno
1747 4193 1901 4247 1166.
1940 4191 2302 4256 Synaxarium

740 4291 1082 4359 imperatoris
1133 4288 1315 4342 Basilii
1359 4283 1807 4355 Porphyrogeniti
1848 4285 1902 4337 in
1954 4298 2058 4336 ms.
2094 4282 2306 4351 Cryptze

743 4382 974 4433 lierratie
1014 4381 1118 4432 hoc
1163 4379 1216 4431 in
1255 4379 1348 4431 illo
1378 4377 1543 4430 habet
1575 4377 1810 4444 elogium
1846 4391 1859 4429 :
1906 4395 1924 4427 ι
1968 4373 2204 4445 Σαμψὼν
2251 4376 2307 4425 ἐν

740 4474 915 4540 ἁγίοις
956 4472 1141 4541 Πατὴρ
1181 4469 1363 4538 ἡμῶν,
1410 4467 1621 4539 ὑπῆρχε
1651 4468 1748 4535 μὲν
1795 4469 1858 4518 ὲκ
1915 4468 2015 4533 τῆς
2069 4466 2306 4527 παλαιᾶς

754 4564 1001 4635 Ῥώμης,
1064 4562 1328 4630 συγγενὴς
1400 4560 1494 4611 τοῦ
1567 4557 1799 4628 μεγάλου
1869 4557 2298 4610 Κωνσταντίνου.
2343 4566 2381 4618 D

749 4654 1161 4723 Παρασχόμενος
1203 4654 1300 4708 τὸν,
1331 4649 1559 4703 πλοῦτον
1595 4649 1758 4703 αὑτοῦ
1789 4650 1965 4704 πάντα
2002 4651 2113 4712 τοῖς
2154 4665 2305 4700 πτω-

746 4748 856 4814 χοῖς
889 4745 978 4796 καὶ
1012 4743 1281 4811 πτωχικδς
1323 4742 1409 4793 διὰ
1438 4741 1692 4810 Χριστὸν,
1735 4738 2307 4791 Κωνσταντινούπολιν

745 4837 1033 4898 κατέλαϐε,
1071 4834 1306 4894 καὶτοῖς
1352 4832 1499 4893 ναοῖς
1543 4830 1649 4882 τῶν
1694 4830 1863 4895 ἁγίων
1899 4828 2199 4898 Ιιροφητῶν
2248 4829 2306 4879 ἐν

746 4930 923 4989 αὑτοῖς
953 4926 1384 4995 προσευχόμενος
1411 4924 1651 4976 διετέλει.
1692 4922 1951 4991 Ἡσυχίας
1986 4923 2039 4975 δὲ
2074 4920 2308 4989 λαϐόμε-

747 5039 855 5082 νος,
894 5020 987 5071 καὶ
1035 5020 1153 5079 ταῖς
1202 5014 1574 5076 θεοπνεύστοις
1618 5017 1855 5086 1“ραφαί;
1904 5015 2309 5085 ἐμμελετήσας,

751 5110 980 5180 φανερὸς
1003 5109 1217 5175 ἐγένετο
1242 5107 1311 5159 δι’
1338 5107 1536 5176 ἀρετὴν
1571 5108 1645 5173 τῷ
1675 5109 1962 5176 ἁγιωτάτῳ
1998 5106 2307 5174 πατριάρχῃ

750 5204 930 5274 Mqu
967 5203 1064 5253 καὶ
1096 5202 1480 5269 χειροτονεῖται
1521 5197 1647 5268 παρ’
1682 5199 1891 5250 ἐκείνου
1945 5198 2311 5268 πρεσϐύτερος

750 5296 846 5362 τῆς
879 5293 1115 5361 μεγάλης
1143 5290 1483 5359 Ἐκκλησίας.
1518 5293 1621 5343 Καὶ
1651 5290 1836 5342 λοιπὸν
1862 5285 1925 5357 ἦν
1944 5290 2106 5354 λιμὴν
2135 5287 2305 5353 σωτὴ-

754 5402 866 5454 ριος
907 5385 1017 5443 τοῖς
1065 5382 1381 5449 πενομένοις
1430 5380 1523 5432 καὶ
1574 5379 1883 5440 ἀσθενοῦσι,
1932 5380 2173 5445 μετέχων
2225 5377 2316 5427 καὶ

750 5477 943 5543 τέχνης
1000 5471 1267 5540 Ξατρικῆς.
1324 5470 1669 5541 Θεραπεύσας
1721 5470 1776 5521 δὲ
1826 5470 1915 5519 καὶ
1958 5470 2045 5518 τὸν
2091 5466 2316 5537 βασιλέα.

765 5564 1137 5620 Ὶουστινιανὸν
1194 5564 1300 5616 ἀπὸ
1354 5564 1558 5626 πάθους
1618 5564 1864 5615 δυσιάτου
1920 5558 2316 5628 ὲφιλοφρονήθη

757 5661 886 5730 παρ’
910 5660 1115 5711 ἐκείνου
1141 5658 1208 5709 τὰ
1235 5656 1481 5725 μέγιστα.
1510 5658 1617 5709 Καὶ
1646 5656 1836 5717 κτίσας
1870 5652 2070 5716 ξενῶνα
2093 5654 2172 5713 εἰς
2195 5652 2318 5703 ἀνά-

759 5767 958 5805 τταυσιν
989 5749 1097 5801 τῶν
1125 5747 1357 5817 πτωχῶν
1395 5747 1487 5799 καὶ
1527 5748 1788 5808 ἀσθενῶν,
1826 5746 1917 5797 καί
1962 5744 2131 5793 πολλὰ
2183 5757 2316 5793 κατ-

753 5842 1046 5914 ορθώματα
1087 5841 1178 5894 καὶ
1210 5838 1460 5909 θαύματα
1496 5840 1743 5907 ποιήσας,
1777 5833 2041 5905 ἐκοιμήθη
2077 5838 2131 5886 ἐν
2163 5833 2315 5904 εὲρή-

2360 635 2638 703 μάρτυρος
2660 629 2903 684 Μωκῖου.
2935 645 2953 678 ι

2426 725 2517 778 20.
2550 742 2567 774 ι
2600 723 2831 777 Sanctus
2870 722 3031 775 Pater
3068 727 3256 771 noster
3298 716 3564 783 Sampson
3594 726 3662 763 ex
3696 708 3924 776 antiqua

2359 820 2527 872 Roma
2563 813 2798 868 ducebat
2838 811 3127 879 originem,
3164 807 3339 876 Magni
3394 800 3746 859 Constantini
3792 814 3926 852 con-

2359 908 2693 978 sanguineus
2732 923 2747 958 :
2786 904 2977 959 divisis
3011 918 3140 956 vero
3184 902 3327 955 inter
3367 908 3642 966 pauperes
3668 889 3930 945 omnibus

2363 1002 2474 1055 suis
2499 998 2872 1060 facultatibus,
2912 1005 2967 1051 et
3004 1002 3229 1064 prepter
3262 990 3549 1045 Christum
3584 983 3929 1043 mendicans,

2363 1089 2885 1161 Constantinopolim
2905 1104 2963 1143 se
2981 1085 3207 1156 recepit,
3226 1094 3385 1152 atque
3400 1082 3451 1135 in
3473 1079 3606 1148 ipsis
3617 1085 3932 1131 sanctorum

2365 1185 2757 1254 Prophetarum
2771 1180 3021 1236 ecclesiis
3038 1174 3272 1233 orationi
3295 1173 3509 1228 assidue
3532 1168 3768 1223 vacavit.
3800 1164 3933 1219 Cum

2365 1282 2546 1328 autem
2577 1272 2845 1342 privatam
2875 1280 2931 1325 et
2954 1270 3241 1323 obscuram
3266 1272 3450 1335 ageret
3476 1261 3665 1322 vitam,
3689 1257 3939 1325 Scriptuo

2367 1379 2549 1418 rarum
2586 1362 2892 1416 divinarum
2934 1355 3274 1414 meditationi
3308 1356 3577 1414 intentus,
3630 1345 3936 1401 virtutibus

2367 1456 2504 1521 suis,
2545 1454 2889 1509 sanctissimo
2939 1448 3265 1520 patriarcha:
3316 1445 3486 1500 Mena:
3525 1439 3766 1499 enotuit,
3794 1445 3850 1490 et
3872 1435 3938 1488 ab

2370 1549 2489 1617 ipso
2519 1546 2806 1600 ordinatus
2825 1554 2908 1598 est
2939 1540 3195 1596 sacerdos
3233 1537 3434 1606 Magnae
3473 1531 3742 1589 ecclesiae.
3769 1528 3939 1582 Caele-

2370 1653 2490 1692 rum
2543 1646 2731 1706 portus
2779 1633 3034 1689 salutaris
3062 1638 3181 1685 erat
3215 1627 3547 1699 pauperibus
3585 1634 3640 1677 et
3686 1622 3938 1685 infirmis,

2373 1729 2601 1785 scientia
2640 1727 2775 1781 artis
2805 1725 3032 1780 medicae
3071 1722 3333 1776 imbutus.
3360 1717 3496 1772 Cum
3528 1730 3661 1769 vero
3703 1715 3940 1783 impera-

2377 1834 2552 1878 torem
2584 1822 2954 1878 Justinianum
3001 1834 3031 1873 a
3074 1815 3281 1872 diﬂicili
3328 1813 3523 1869 morbo
3571 1818 3842 1871 sanasset,
3878 1809 3942 1861 ab

2385 1916 2490 1969 hoc
2518 1913 2746 1968 maxime
2776 1912 3148 1973 dilectusest;
3174 1907 3546 1973 aedilicatoque
3580 1899 3941 1961 xenodochio,

2385 2005 2450 2058 ad
2489 2017 2788 2074 pauperum
2823 2009 2879 2054 et
2924 1999 3263 2053 inﬁrmorum
3298 1994 3575 2055 solatium,
3607 2002 3733 2061 post
3780 1990 3945 2043 multa

2387 2106 2532 2152 recte
2566 2097 2709 2150 facta
2732 2108 2794 2147 ac
2825 2091 3104 2154 miracula,
3126 2086 3458 2144 obdormivit
3484 2085 3539 2139 in
3571 2099 3741 2153 pace;
3782 2082 3946 2150 ipsius

2386 2198 2519 2236 vero
2563 2196 2762 2252 corpus
2788 2178 3097 2249 depositum
3143 2184 3227 2230 est
3271 2175 3324 2228 in
3356 2173 3555 2242 templo
3598 2171 3654 2226 S.
3697 2172 3948 2239 martyris

2387 2274 2564 2329 Mocii.
2606 2294 2624 2326 ι

2457 2366 2546 2419 21.
2580 2363 2788 2419 Similia
2814 2360 3016 2417 habent
3044 2374 3175 2415 mss.
3204 2358 3417 2429 collegii
3445 2354 3616 2411 nostri
3661 2353 3949 2409 Divionen-

2390 2458 2465 2511 sis
2482 2467 2537 2510 et
2556 2454 2984 2517 Claromontani,
3013 2466 3160 2506 nunc
3183 2449 3447 2507 Ludovici
3476 2446 3673 2518 Magni.
3704 2444 3843 2497 Huic
3868 2442 3949 2494 in-

2391 2564 2553 2618 super
2579 2563 2814 2618 sequens
2834 2546 3052 2601 additur
3073 2544 3396 2617 dystichon:

2476 2680 2701 2746 Ἐξῆγεν
2737 2681 2764 2731 ὁ
2805 2678 2939 2746 πρὶν
2965 2679 3029 2728 ἐκ
3059 2674 3257 2746 γνάθου
3275 2673 3512 2746 Σαμψὼν
3537 2672 3705 2746 ὓᾷωρ,

2472 2751 2531 2802 '0
2549 2741 2647 2800 νῦν
2672 2749 2729 2801 δὲ
2757 2741 2993 2815 Σαμψὼν
3020 2741 3081 2798 sit
3112 2743 3281 2811 τάφου
3314 2742 3494 2811 stage;
3519 2741 3737 2809 μύρους.

2464 2864 2667 2933 Aquam
2701 2862 2840 2915 dedit
2869 2858 3093 2933 maxilla
3120 2856 3424 2933 Sampsonis
3450 2854 3631 2933 prius;

2464 2923 2768 3004 Sdmpsonis
2799 2942 2852 2985 at
2875 2948 3010 2985 nunc
3038 2931 3186 2983 busta
3210 2923 3415 2981 stillant
3446 2923 3764 2977 balsamum.

2394 3050 2451 3101 in
2484 3047 2701 3101 Menaeis
2730 3061 2859 3101 vero
2885 3044 3100 3099 excusis
3128 3041 3375 3097 Oﬂicium
3407 3037 3571 3093 habet
3604 3033 3884 3106 proprium
3902 3038 3955 3085 et

2396 3138 2670 3193 Canonem
2706 3137 2808 3191 sub
2858 3136 2959 3191 hac
2988 3134 3396 3191 acrostiehide:

2475 3254 2657 3323 ’Υμνῶ
2673 3271 2753 3317 σε,
2779 3253 3036 3322 Σαμψὼν,
3057 3251 3287 3311 πίστεως
3299 3249 3462 3309 θείοις
3485 3245 3683 3313 λόγοις.
3727 3242 3957 3295 'IDEHQ.

2465 3344 2735 3411 Sermone,
2767 3344 3048 3411 Sampson,
3086 3350 3133 3394 te
3160 3356 3310 3394 sacro
3332 3338 3460 3407 ﬁdei
3484 3353 3635 3390 cano.
3660 3335 3878 3389 Josaea.

2394 3461 2531 3518 Cum
2574 3469 2756 3512 autem
2817 3472 2993 3512 canon
3042 3450 3133 3509 hic
3172 3453 3310 3508 nihil
3362 3450 3565 3506 habeat
3610 3447 3958 3519 particulare,

2399 3552 2503 3606 nisi
2551 3552 2695 3621 quod
2733 3551 2786 3604 in
2826 3548 3001 3619 elogio
3037 3546 3290 3611 habetur,
3318 3558 3444 3598 eum
3475 3538 3958 3612 praetermittimus.

2399 3646 2589 3716 Elogio
2616 3644 2726 3699 duo
2762 3642 2815 3697 hi
2851 3642 3261 3711 praemittuntur
3291 3650 3483 3690 versus
3518 3652 3533 3688 :

2472 3756 2708 3824 Σαμψὼν
2750 3748 3368 3824 Ὀμόῤῥους-ὲτροποῦτρ
3404 3745 3502 3824 μὲν
3533 3744 3725 3824 παλαια

2474 3814 2712 3894 Σαμψὼν
2745 3814 3016 3891 Eetion-'55:.
3046 3814 3304 3887 δαίμονας
3331 3815 3501 3886 ἄρδην
3533 3814 3673 3874 νέος.

2476 3941 2732 4009 Sampson
2769 3937 2966 4007 fugavit
3000 3935 3123 4009 olim
3154 3932 3517 4009 Homorfhazos
3547 3926 3757 3996 quidem
3784 3938 3803 3977 :

2478 4010 2578 4065 Sed
2607 4000 2850 4065 uulnera?
2876 4024 3012 4059 nunc
3041 4006 3307 4058 da'monas
3334 4000 3592 4070 Sampson
3625 4009 3809 4050 novus.

2407 4126 2748 4192 Addilurque
2775 4121 2937 4176 etiam
2986 4118 3264 4189 praemisso
3298 4113 3551 4183 dysticho
3586 4110 3962 4162 hcxametrum

2409 4216 2573 4279 istud,
2593 4230 2659 4267 ex
2684 4226 2793 4280 quo
2823 4210 3170 4280 cognoscitur
3203 4204 3512 4274 praecipuus
3530 4196 3849 4266 Sampsonis
3866 4195 3966 4249 hoc

2407 4308 2495 4361 die
2527 4307 2709 4360 cultus
2744 4321 2757 4356 :

2476 4416 2779 4481 Ξεινοὸόχος
2807 4411 2849 4463 δ’
2882 4411 2958 4462 ἐνὶ
2984 4406 3153 4461 εἰκάδι
3180 4406 3451 4478 ἑϐδομάτῃ
3471 4403 3598 4457 θάνε
3625 4398 3883 4470 Σαμψών.

2478 4510 2842 4563 Xenodochnm
2880 4501 3135 4571 Sampson
3166 4501 3408 4554 vicesima
3440 4497 3663 4565 septima
3706 4492 3865 4546 tollit.

2477 4646 2566 4701 22.
2619 4642 2865 4710 Elogium
2914 4654 3044 4694 vero
3110 4637 3188 4691 ita
3248 4632 3411 4687 habet
3456 4647 3469 4682 :
3515 4622 3683 4690 Οὗτος
3737 4627 3767 4679 ὁ
3824 4627 3969 4693 ἅγιος

2411 4732 2696 4810 [Σαμψὼν]
2720 4733 2928 4802 ὑπῆρχε
2972 4731 3239 4798 Ῥωμαῖος
3267 4727 3326 4777 τὸ
3357 4725 3510 4792 γένος
3535 4741 3549 4755 ·
3574 4722 3633 4785 ὃς
3653 4717 3964 4788 διασκορπί-

2414 4848 2511 4893 σας
2552 4830 2642 4881 τον
2676 4823 3104 4891 καταλειφθέντα
3144 4818 3289 4887 αὐτῴ
3336 4817 3567 4871 πλοῦτον
3601 4813 3708 4866 ὑπὸ
3738 4813 3848 4866 τῶν
3881 4828 3971 4880 γο-

2413 4923 2547 4975 νέων
2611 4922 2723 4982 τοῖς
2782 4916 2975 4982 πένησι
3025 4913 3119 4965 καὶ
3161 4913 3411 4980 πτωχοῖς,
3444 4909 3542 4977 τὴν
3589 4905 3971 4976 βασιλεύουσαν

2416 5014 2677 5066 κατέλαϐε
2707 5012 2797 5062 καὶ
2826 5010 2949 5069 τοὺς
2974 5005 3291 5076 εὐκτηρίους
3310 5003 3491 5059 οἴκους
3524 5002 3618 5053 καὶ
3648 4996 3970 5067 σεῦασμὶους

2417 5103 2755 5164 καταλαϐὼν,
2776 5102 2869 5154 καὶ
2890 5098 3166 5167 ὁσιότητος
3183 5094 3359 5147 αὐτῶν
3381 5092 3823 5153 καταπολαύσας,
3844 5090 3969 5155 ἠσυ-

2416 5198 2533 5267 χίαν
2564 5195 2879 5264 λαϐόμενος,
2919 5192 3035 5250 ταῖς
3068 5184 3449 5246 θεοπνεύστοις
3489 5185 3733 5252 Γραφαῖς
3759 5180 3973 5250 ἐνετρύ-

2418 5307 2510 5356 φα,
2550 5286 2691 5355 μόνῳ
2738 5284 2855 5352 Θεῷ
2887 5280 3254 5349 προσανέχων.
3290 5274 3453 5327 Ὅθεν
3486 5272 3783 5341 κατάδηλος
3838 5273 3977 5339 γενὸ·

2422 5396 2577 5447 μενος
2616 5377 2689 5444 τῷ
2721 5376 3035 5443 τιμιωτάτῳ
3070 5371 3383 5440 πατριάρχῃ
3429 5367 3609 5434 Μηνᾷ,
3658 5364 3977 5435 χειροτονείο

2419 5489 2505 5522 ται
2539 5471 2626 5521 ὑπ’
2654 5465 2815 5520 αὑτοῦ
2844 5464 3232 5535 πρεσϐύτερος,
3252 5458 3330 5522 εἷς
3355 5458 3462 5511 τῶν
3484 5457 3578 5510 τοῦ
3598 5458 3803 5525 κλήρου
3834 5454 3976 5522 γενό-

2426 5561 2603 5629 μενος.
2642 5558 2749 5610 Καὶ
2780 5552 2847 5624 ἦν
2893 5553 3157 5621 σωτήριος
3195 5551 3358 5616 λιμὴν
3387 5551 3500 5609 τοῖς
3541 5545 3861 5613 πενομένοις
3892 5544 3976 5596 καὶ

2422 5652 2678 5721 χρῄζουσι
2718 5646 2965 5716 βοηθείας
2994 5660 3006 5673 ·
3054 5647 3146 5696 καὶ
3172 5645 3268 5710 τῆς
3298 5640 3542 5710 ἰατρικῆς
3568 5640 3882 5706 ἐπιστήμης
3907 5636 3976 5687 ὢν

2422 5744 2478 5794 ἐν
2505 5743 2669 5810 πείρᾳ
2693 5739 2871 5801 αὐτὸς,
2896 5738 2987 5789 καὶ
3014 5736 3101 5789 τὸν
3135 5734 3352 5804 βασιλέα
3387 5732 3759 5785 Ίουστινιανὸν
3781 5731 3976 5794 eum?

2424 5831 2580 5885 πάθει
2614 5829 2971 5898 περιπεσόντα
3000 5825 3377 5894 ἐλευθέρωσίν.
3424 5822 3516 5875 Ἐκ
3542 5820 3736 5873 τούτου
3769 5823 3796 5873 ό
3833 5820 3966 5888 βασι·
