4180 6520
155 445 241 505 ΞΠ
1369 449 1548 508 νιΤΑ
1587 450 1651 509 S.
1694 448 1781 506 SA

1826 448 2070 509 IPSONI
2084 450 2144 508 S.

3277 456 3382 517 278

154 558 260 621 λεὺς
292 558 703 629 ὐπεραγασθεὶς
730 559 829 629 τὴν
861 558 1059 629 ἀρετὴν
1085 559 1181 611 τοῦ
1200 560 1413 630 ἀνδρὶς,
1439 560 1535 612 καὶ
1562 559 1723 620 σέϐας
1748 564 1787 620 Α

1827 561 2033 617 honore
2092 560 2334 625 habens,
2389 563 2676 615 maximam
2722 571 2778 616 et
2831 562 3101 617 celebrem
3168 564 3387 624 domum

155 646 286 716 αὐτῷ
315 649 635 718 ἀπονέμων,
674 648 764 701 τὸν
796 648 1053 719 μέγιστον
1081 644 1230 701 οἶκον
1260 651 1356 702 καὶ
1386 649 1714 720 περιϐόητον

154 740 210 793 δι’
232 738 400 794 αὑτοῦ
425 740 738 810 ἀνεγείρας,
766 738 972 805 ξενῶνα
987 739 1381 804 κατεσκεύασε,
1412 741 1504 792 καὶ
1526 757 1717 793 σκευο-

155 830 360 897 φύλακα
388 831 490 899 τῆς
525 831 783 901 Μεγάλης
824 830 1145 901 Ἐκκλησίας
1178 830 1270 883 τὸν
1303 831 1493 899 Ἀγιον
1528 829 1715 882 τοῦτον

160 919 501 991 κατέστησεν.
533 921 701 983 Αὐτὸς
737 922 793 974 δὲ
831 922 1010 985 καλῶς
1040 921 1133 974 καὶ
1170 920 1431 988 θεοφιλῶς
1470 921 1717 972 πολιτευ-

158 1013 401 1081 σάμενος,
437 1015 535 1065 καὶ
570 1013 784 1077 πολλοῖς
813 1014 1069 1082 πρόξενος
1102 1013 1375 1082 σωτηρίας
1404 1013 1716 1081 γενόμενος,

158 1106 238 1157 καὶ
296 1103 531 1166 πολλοὺς
583 1105 718 1174 πρὸς
772 1102 935 1174 ζῆλον
986 1105 1078 1159 καὶ
1132 1103 1364 1173 μίμησιν
1404 1103 1499 1156 τοῦ
1551 1102 1717 1156 αὑτοῦ

157 1196 479 1264 ἀκραιφνοῦς
516 1196 633 1267 βίου
655 1198 1033 1265 διαναστήσας,
1063 1197 1180 1248 ἐκεῖ
1217 1197 1316 1264 μὲν
1348 1193 1715 1255 ἀνεπαύσατο,

158 1288 410 1357 κατετέθη
434 1290 493 1341 δὲ
525 1290 588 1342 τὸ
619 1290 794 1359 τίμιον
820 1288 987 1341 αὐτοῦ
1015 1288 1264 1357 λείψανον
1292 1288 1348 1340 ὲν
1371 1286 1449 1355 τῷ
1477 1285 1719 1355 μεγίστῳ

155 1381 255 1449 ναῷ
290 1381 385 1433 τοῦ
408 1382 571 1448 ἁγίου
605 1379 852 1444 Μωκίου,
879 1380 999 1433 καθ’
1028 1380 1265 1449 ἑκάστην
1298 1377 1460 1449 βρύον
1495 1378 1721 1446 ίαματοο

158 1472 286 1539 φόρα
325 1472 550 1541 νάματα
589 1472 665 1533 είς
692 1472 852 1538 δόξαν
884 1472 977 1525 καὶ
1004 1467 1150 1526 αἶνον
1180 1470 1416 1541 Χριστοῦ
1457 1471 1551 1523 τοῦ
1586 1469 1723 1522 Θεοῦ

157 1565 183 1627 ἡ
192 1561 325 1627 μῶν.

214 1655 301 1709 23.
372 1676 389 1705 ες
436 1654 675 1713 Sanctus
703 1656 793 1711 ille
832 1655 1146 1726 (Sampson)
1170 1670 1374 1728 genere
1443 1655 1725 1709 Romanus

155 1754 282 1797 erat.
335 1743 434 1798 llic
479 1744 797 1800 distributis
843 1746 988 1802 inter
1033 1760 1304 1815 pauperes
1340 1742 1569 1807 divitiis,
1604 1758 1725 1812 qua:

155 1837 249 1891 sibi
297 1853 331 1891 a
386 1838 715 1906 parentibus
767 1847 927 1894 erant
966 1838 1189 1903 relictae,
1218 1837 1289 1892 ad
1316 1838 1725 1907 imperatoriam

1816 653 1989 721 ipsius
2044 668 2211 707 suasu
2257 651 2579 706 asdiﬁcatam
2635 653 2690 707 in
2738 654 3139 709 xenodochium
3190 662 3386 715 erexit.

1816 744 2076 798 Sanctum
2108 753 2372 814 praeterea
2405 746 2727 814 supellectili
2749 761 2917 801 sacra:
2948 748 3167 817 majoris
3193 748 3385 804 Eccle-

1816 838 1911 890 sia:
1933 835 2195 905 praefecit.
2228 835 2473 891 Tandem
2503 844 2624 906 post
2662 838 2949 892 honestam
2986 840 3234 910 piamque
3260 857 3388 895 con—

1818 928 2206 990 versationem,
2244 936 2532 995 postquam
2556 928 2809 997 plurimis
2829 929 3021 986 salutis
3044 939 3233 984 auctor
3255 932 3388 984 luis-

1818 1022 1921 1075 set.
1956 1016 2268 1085 multosque
2325 1016 2392 1070 ad
2452 1018 2628 1070 zelum
2690 1030 2746 1072 et
2788 1019 2912 1073 vita:
2944 1034 3057 1073 sum
3105 1021 3392 1089 inculpata:

1822 1106 2186 1161 imitationem
2237 1108 2569 1175 excitasset,
2617 1108 2822 1162 ibidem
2885 1111 3119 1178 quievit,
3185 1110 3375 1180 pretio.

1820 1210 2050 1264 sumque
2106 1196 2279 1264 ipsius
2325 1213 2528 1267 corpus
2574 1202 2872 1267 repositum
2919 1212 3003 1255 est
3053 1202 3106 1253 in
3155 1201 3391 1253 maximo

1823 1285 2026 1354 templo
2062 1285 2125 1342 S,
2154 1285 2336 1348 Mocii,
2377 1288 2431 1340 in
2458 1287 2578 1342 dies
2607 1288 2833 1342 salutari
2862 1290 3191 1360 scaturigine
3210 1289 3392 1343 mede-

1822 1378 1930 1431 lam
1956 1376 2165 1431 morbis
2202 1377 2459 1442 all‘erens,
2496 1378 2565 1432 ad
2600 1378 2817 1433 laudem
2852 1390 2907 1434 et
2936 1380 3162 1450 gloriam
3188 1378 3389 1433 Christi

1823 1475 1919 1528 Dei
1956 1474 2158 1530 nostri.
2175 1494 2194 1524 υ

1892 1566 1982 1618 24.
2016 1563 2192 1635 Hujus
2217 1578 2437 1634 quoque
2485 1564 2657 1619 sancti
2704 1564 2811 1619 hoc
2839 1564 2929 1619 die
2963 1579 3160 1619 nomen
3194 1562 3391 1618 inseris

1824 1664 1979 1725 ptum
2006 1655 2280 1724 reperitur
2310 1656 2640 1710 Kalendario
2670 1656 2894 1727 Syriaco
2940 1672 3034 1710 seu
3074 1656 3391 1716 Chaldaico,

1828 1746 2014 1801 Roma:
2043 1745 2311 1815 impresso
2340 1761 2484 1799 anno
2511 1746 2668 1808 1624,
2698 1746 2844 1814 quod
2895 1747 3024 1798 olim
3072 1762 3215 1799 anno
3263 1746 3393 1799 l66‘2

1828 1839 2021 1894 Latine
2072 1838 2312 1893 reddidit
2368 1839 2429 1892 Ι).
2461 1838 2748 1907 Iosephus,
2778 1837 2963 1891 ltalice
3006 1852 3141 1891 vero
3194 1836 3391 1907 Symon

154 1929 425 1983 civitatem
462 1928 638 1991 venit,
667 1939 832 1998 atque
864 1930 917 1983 in
943 1930 1181 1985 oratoria
1215 1939 1271 1984 et
1306 1926 1563 1983 basilicas
1600 1943 1722 1983 sese
1758 1912 1798 1965 Β
1826 1931 2058 2001 Moyses,
2088 1931 2249 1985 ambo
2278 1929 2492 1999 collegii
2522 1930 2909 1984 Maronitarum
2939 1930 3168 1984 alumni.
3225 1929 3397 1997 Hujus

157 2020 438 2088 recipiens,
464 2021 556 2089 pie
585 2020 828 2078 locorum
855 2021 1074 2076 illorum
1099 2024 1388 2075 sanctitate
1411 2021 1718 2083 fruebatur,

154 2111 529 2181 privatamque
554 2120 719 2183 atque
743 2112 1032 2167 obscuram
1059 2112 1266 2168 ducens
1291 2112 1480 2174 vitam,
1510 2113 1724 2166 divina-

156 2218 265 2255 rum
292 2203 709 2273 Scripturarum
745 2204 979 2261 lectione
1000 2205 1243 2260 animum
1266 2203 1598 2271 oblectabat,
1619 2204 1720 2260 soli

156 2293 259 2347 Deo
286 2294 539 2350 intentus
576 2312 591 2349 :
618 2296 761 2353 unde
796 2297 1050 2369 cognitus
1075 2314 1105 2353 a
1132 2298 1456 2370 dignissimo
1489 2300 1728 2370 patriar-

152 2388 246 2441 cha
275 2386 435 2442 Mena
460 2388 533 2443 ab
554 2388 749 2445 eodem
768 2391 1024 2446 sacerdos
1046 2391 1354 2455 ordinatur,
1379 2392 1558 2450 lactus
1584 2407 1728 2447 unus

154 2496 212 2533 ex
235 2480 406 2535 clero.
437 2481 577 2537 Erat
603 2497 732 2537 vero
761 2490 954 2551 portus
986 2482 1247 2536 salutaris
1276 2485 1616 2552 pauperibus
1642 2495 1726 2539 at-

153 2587 253 2639 que
289 2587 395 2643 ope
425 2571 824 2642 indigentibus.
864 2570 1112 2641 Cumque
1170 2572 1249 2627 rei
1304 2572 1529 2627 medicae
1572 2582 1721 2628 esset

153 2663 375 2729 peritus,
405 2663 591 2733 ipsum
620 2663 782 2719 etiam
809 2662 1196 2736 imperatorem
1225 2664 1595 2721 Iustinianum
1620 2666 1722 2718 im-

152 2753 459 2810 medicabili
495 2755 691 2811 morbo
717 2756 1054 2813 laborantem
1086 2758 1359 2813 liberavit.
1388 2757 1520 2812 lnde
1544 2758 1719 2827 impe-

153 2854 294 2903 rator
332 2848 645 2904 admiratus
688 2848 791 2903 viri
847 2850 1129 2917 virtutem,
1162 2864 1397 2919 eumque
1431 2865 1628 2919 magno
1663 2850 1719 2904 in

174 3049 389 3069 -ε-σ--κ

1829 2031 2090 2091 praeterea
2143 2022 2397 2077 meminit
2458 2022 2902 2090 Martyrologium
2968 2020 3395 2089 Arabico-Egy-

1828 2114 2023 2182 ptium,
2060 2113 2205 2182 quod
2232 2129 2298 2168 ex
2317 2112 2551 2167 Arabico
2595 2113 2875 2167 transtulit
2902 2112 3087 2168 Gratia
3118 2113 3398 2168 Simonius

1829 2202 2117 2267 Maronita,
2148 2201 2501 2271 postmodum
2525 2201 2902 2271 Tripolitanus
2933 2203 2985 2255 in
3022 2200 3175 2272 Syria
3213 2200 3395 2255 arcbiv

1828 2296 2139 2365 episcopus.
2172 2296 2233 2351 in
2265 2296 2369 2351 hoc
2409 2295 2796 2367 Martyrologio
2828 2305 3149 2363 sequentem
3196 2294 3399 2348 oratio-

1829 2405 1951 2443 nem
2000 2389 2169 2445 habet
2202 2405 2328 2443 cum
2360 2389 2418 2444 S.
2440 2388 2650 2444 Joanne
2676 2388 3119 2457 Eleemosynario
3153 2401 3400 2441 commu-

1828 2496 1953 2535 nem
1989 2499 2001 2533 :
2037 2501 2056 2533 α
2094 2480 2392 2536 Possedisti
2452 2480 2657 2543 omnia,
2706 2494 2740 2533 ο
2799 2479 2957 2533 Pater
3006 2489 3194 2533 sancte
3241 2478 3397 2531 Sam-

1829 2584 1987 2637 pson,
2036 2570 2168 2624 dum
2229 2572 2283 2624 in
2342 2571 2599 2625 omnibus
2649 2570 2798 2624 fuisti
2853 2586 3072 2641 semper
3119 2571 3396 2637 assiduus,

1830 2662 2011 2715 dilans
2030 2678 2319 2732 pauperes,
2356 2662 2611 2731 ipsosque
2638 2662 2887 2726 alens,et
2914 2664 3241 2727 sublevans;
3272 2679 3401 2731 pre-

1828 2770 1951 2811 care
1999 2756 2279 2811 Christum
2322 2756 2516 2821 Deum,
2547 2763 2608 2809 ut
2632 2754 2831 2810 liberet
2857 2754 3070 2815 animas
3098 2766 3337 2811 nostras.
3372 2775 3391 2807 ι

884 3234 1111 3322 ΤΟΥ
1185 3235 1329 3321 ΕΝ
1391 3232 1755 3319 ΑΓΙΟΙΣ
1832 3231 2268 3317 ΠΑΤΡΟΣ
2322 3179 2648 3325 ΗΜΩΝ

1238 3441 2347 3649 ΣΑΜΣΩΝ

807 3748 1227 3882 ΒΙΟΣ
1328 3744 1661 3878 ΚΑΙ
1767 3744 2729 3883 ΠΟΛΙΤΕΙΑ

658 4165 824 4340 S.
986 4171 1183 4338 P.
1316 4170 1516 4342 N.
1658 4166 2857 4347 SAMPSONIS

903 4490 1251 4605 VITA
1334 4490 1511 4600 ET
1593 4485 2612 4603 CONVERSATIO

1582 4885 1855 4944 PROLOG
1868 4885 1970 4943 US.

206 5044 285 5095 A'.
337 5039 515 5095 ’Δλλὰ
559 5036 671 5105 μὴν
700 5038 918 5108 χάριτος
955 5038 1115 5108 ἔργον
1163 5036 1255 5091 καὶ
1287 5037 1606 5106 θεραπείας.
1638 5036 1787 5111 τῆς(

1912 5042 1952 5093 l.
1983 5041 2189 5096 Partim
2208 5039 2427 5107 quidem
2461 5052 2654 5109 magno
2682 5037 2965 5107 Santpsoni
2991 5036 3409 5106 gratitudinem.

142 5138 273 5201 προς
314 5134 415 5187 τὸν
459 5131 644 5203 μέγαν
672 5132 906 5202 Σαμψὼν
939 5129 1367 5199 ἐκπληροῦντες,
1399 5129 1514 5198 ἅμα
1542 5129 1599 5182 δὲ
1635 5130 1731 5181 καὶ

1832 5142 1889 5185 et
1924 5133 2130 5187 cultum
2166 5131 2416 5186 debitum
2448 5130 2792 5193 exhibentes,
2827 5129 3023 5199 partim
3082 5140 3265 5181 autem
3306 5128 3408 5179 ho-

143 5226 349 5295 μέμψιν
386 5226 494 5294 τὴν
529 5223 593 5288 ἐξ
622 5220 921 5292 ἀνθρώπων
959 5222 1320 5286 ἐκκλίνοντες,
1352 5222 1431 5283 είς
1469 5220 1559 5273 τὸν
1590 5239 1732 5289 παρ-

144 5320 269 5371 όντα
317 5316 490 5383 λόγόν
556 5311 881 5383 καθήκαμεν
931 5314 1179 5376 ἑαυτοὺς,
1232 5315 1327 5366 καὶ
1375 5311 1465 5364 τὸν
1520 5311 1728 5364 ἐκείνου

146 5408 526 5473 συντάξασθαι
558 5406 675 5477 βίον
707 5406 1060 5476 εὐγνωμόνως
1095 5405 1430 5476 ὑπέστημεν.
1476 5404 1585 5457 Καὶ
1617 5403 1732 5465 πῶς

1837 5225 2043 5278 minum
2084 5225 2286 5293 justam
2325 5224 2564 5277 vitantes
2607 5220 3121 5291 reprehensionem,
3163 5218 3229 5271 ad
3270 5219 3410 5271 hanc

1833 5318 2161 5373 accessimus
2215 5315 2561 5376 orationem,
2612 5324 2668 5368 et
2710 5313 2857 5367 illius
2910 5310 3210 5365 scribendae
3271 5308 3411 5363 Vita:

1832 5425 1975 5463 onus
2020 5410 2256 5464 libenter
2314 5406 2681 5474 suscepimus.
2734 5401 3026 5470 Quomodo
3073 5402 3223 5456 enim
3296 5412 3407 5452 non

144 5503 246 5571 γὰρ
276 5501 343 5555 οὐ
368 5499 595 5571 μέμψις
626 5497 847 5565 εθλογος
879 5500 973 5550 καὶ
1001 5497 1205 5560 δικαία,
1233 5497 1279 5549 εί
1307 5495 1516 5549 πολλῶν
1535 5494 1735 5563 ἑτέρων

1830 5500 2039 5569 Optimo
2075 5500 2199 5569 jure
2241 5496 2793 5567 reprehenderemur,
2842 5494 2909 5557 si,
2956 5492 3051 5560 qui
3107 5490 3406 5546 multorum

145 5597 334 5661 ἁγίων,
376 5593 498 5646 τῶν
532 5589 639 5660 μὲν
667 5590 979 5661 μαρτύρων,
1001 5589 1109 5642 τῶν
1141 5589 1197 5643 δὲ
1224 5591 1316 5642 καὶ
1343 5586 1516 5648 ἄλλως
1547 5586 1740 5655 εὐαρε-

1830 5587 2063 5642 aliorum
2091 5598 2430 5649 sanctorum,
2462 5596 2577 5640 tum
2612 5592 2935 5655 martyrum,
2964 5592 3081 5637 tum
3111 5583 3268 5637 aliter
3299 5580 3409 5633 Deo

148 5689 432 5754 στηκότων
471 5680 627 5751 Θεῷ,
671 5681 777 5735 τῶν
805 5683 905 5751 μὲν
939 5681 1133 5743 ἄθλους
1163 5681 1254 5733 καὶ
1287 5681 1502 5741 πόνους,
1528 5678 1635 5729 τῶν
1681 5678 1737 5731 δὲ

1835 5680 2185 5748 placitorum,
2236 5680 2455 5735 illorum
2488 5679 2711 5746 quidem
2741 5678 2958 5732 labores
2987 5685 3043 5728 et
3084 5673 3408 5729 certamina.

151 5780 237 5832 καὶ
271 5778 429 5848 βίους
461 5775 568 5831 καὶ
597 5772 825 5843 πράξεις
863 5774 1006 5827 κατὰ
1050 5774 1285 5844 σπουδὴν
1326 5770 1737 5840 συνταξάμενοι,

151 5871 332 5925 τούτου
358 5870 429 5942 δὴ
472 5866 578 5922 τοῦ
614 5867 849 5936 μεγάλου
882 5865 1121 5937 Σαμψὼν
1152 5863 1473 5935 φαινοίμεθα
1521 5864 1731 5917 κατολι-

1834 5770 2024 5825 bornm
2062 5786 2193 5824 vero
2243 5771 2407 5823 vitam
2458 5780 2513 5823 et
2564 5787 2649 5825 res
2702 5779 2884 5840 gestas
2934 5770 3231 5839 diligenter
3281 5779 3412 5816 con-

1834 5862 2175 5932 scripsimus,
2238 5862 2383 5915 hunc
2429 5876 2682 5933 magnum
2727 5863 3083 5932 Sampsoncni
3135 5856 3417 5913 videamur
