4180 6476
758 412 864 475 979

2053 415 2339 474 MENSIS
2369 414 2674 475 JUNIUS.

3899 413 4002 482 280

753 533 1126 583 contemnere,
1179 524 1481 591 praesertim
1533 538 1656 580 cum
1714 524 1758 576 is
1803 524 1940 578 adeo
1989 526 2148 579 nobis
2204 542 2329 595 pro-

2436 525 2759 594 γωροῦντες,
2797 525 2887 576 καὶ
2921 523 3153 592 μάλιστα
3193 522 3364 582 οὔτως
3416 525 3702 590 ἐγγυτάτω
3749 527 3999 593 κειμένου

753 615 1027 684 pinquus,
1078 621 1133 666 et
1195 614 1482 682 sepulcro,
1544 614 1634 667 ubi
1696 617 1963 669 mirabilia
2039 627 2323 686 operatur,

754 705 1148 774 propemodum
1197 707 1415 761 vicinus
1465 707 1577 760 sit?
1623 707 1776 761 Adde
1823 709 1967 776 quod
2012 710 2220 763 nullum
2263 726 2328 764 ex

752 797 840 862 iis,
882 797 975 865 qui
1011 812 1112 851 nos
1143 809 1563 866 praecesserunt,
1616 800 2007 864 invenerimus,
2038 803 2130 871 qui
2160 802 2328 856 fuerit

750 888 1018 956 ejusdem,
1053 889 1214 958 cujus
1243 904 1350 944 nos
1375 889 1564 957 animi,
1611 903 1668 948 et
1708 892 1884 945 Vitam
1931 893 2080 946 illius
2109 894 2328 960 scriptis

747 989 940 1035 exacte
992 979 1357 1033 mandaverit.
1406 980 1526 1035 Non
1555 980 1778 1050 quidem
1822 998 1906 1036 me
1951 982 2105 1044 latet,
2142 997 2172 1035 a
2215 982 2327 1035 viro

756 1071 845 1137 pio
895 1083 949 1126 et
999 1071 1278 1140 pontiﬁce,
1328 1080 1385 1126 et
1435 1089 1545 1126 non
1599 1089 1789 1142 parum
1843 1074 2091 1137 erudito,
2144 1075 2325 1141 magni

752 1162 1070 1229 Sampsonis
1144 1162 1507 1230 compositum
1584 1163 1753 1216 fuisse
1809 1164 2145 1217 encomium.
2216 1164 2330 1232 Ego

749 1263 928 1305 autem
960 1253 1028 1308 de
1071 1255 1191 1309 Vita
1222 1255 1422 1323 loquor
1447 1255 1710 1308 distincte
1746 1256 2072 1324 composita,
2118 1271 2239 1324 qua:
2271 1265 2326 1308 et

752 1362 836 1398 res
870 1345 940 1400 ah
973 1347 1063 1401 illo
1100 1347 1360 1415 praeclare
1395 1357 1575 1414 gestas
1601 1357 1858 1402 accurate
1894 1358 2110 1412 tractet,
2135 1358 2191 1402 et
2224 1348 2325 1401 mi-

748 1436 1062 1491 raculorum
1131 1436 1254 1504 ejus
1311 1437 1642 1490 mentionem
1696 1437 1860 1491 faciat
1940 1439 2322 1491 sullieientem.

752 1526 863 1580 Hoc
910 1528 1055 1580 enim
1111 1527 1203 1596 qui
1253 1529 1628 1596 pmstiterint,
1683 1530 1734 1580 in
1785 1529 2112 1582 hodiernum
2152 1543 2326 1598 usque

746 1618 910 1680 diuit,
950 1635 1127 1685 neque
1165 1620 1304 1672 alios
1343 1621 1621 1681 novimus,
1682 1635 1862 1689 neque
1908 1637 2008 1675 nos
2065 1632 2325 1690 pnestarc

750 1724 1061 1774 possumus,
1098 1709 1191 1778 qui
1223 1709 1291 1763 ab
1341 1709 1447 1764 illis
1474 1710 1816 1778 temporibus
1855 1726 2044 1766 sumus
2091 1713 2323 1767 multum

749 1802 979 1865 remoti;
1020 1816 1194 1870 neque
1226 1817 1517 1871 possumus
1546 1805 1668 1872 ejus
1701 1808 1868 1856 vitam
1908 1806 2146 1872 perfecte
2190 1822 2319 1874 pro-

2438 617 2530 668 καὶ
2564 618 2685 669 ὅσον
2712 614 2819 668 ἀπὸ
2843 614 2936 668 τοῦ
2964 613 3388 683 παραδοεοποιοῦ
3423 616 3592 682 τάφου
3635 615 4002 682 γειτονοῦντος

2435 711 2595 777 ήμίνς
2653 707 2747 762 καὶ
2796 706 2990 770 ταῦτα,
3035 707 3239 776 μηδένα
3281 707 3388 759 τῶν
3425 708 3530 776 πρὸ
3560 707 3718 775 ὴμῶν
3757 708 4002 776 εὑρόντες

2435 801 2533 868 τῆς
2569 800 2733 869 αὐτῆς
2771 802 2904 868 ἡμῖν
2936 799 3225 867 γενόμενον
3253 799 3509 861 διανοίας,
3547 799 3643 850 καὶ
3670 799 3765 851 τὸν
3795 801 4001 851 ἐκείνου

2436 889 2550 957 βίον
2607 887 3063 956 συγγραψάμενον
3103 886 3423 953 φιλοπόνως.
3450 883 3560 938 Καί
3593 904 3658 954 με
3705 887 3766 938 ού
3819 886 4001 957 λέληθε

2433 983 2493 1034 τδ
2529 980 2623 1034 τοῦ
2670 979 2952 1046 θεοφιλοῦς
2995 978 3188 1047 ἀνδρὸς
3231 980 3323 1030 καὶ
3374 980 3696 1049 ἀρχιερέως,
3754 979 3890 1032 ἀλλὰ
3915 984 4014 1034 και

2440 1074 2686 1134 παιδείας
2717 1073 2777 1126 ού
2812 1069 3054 1142 [μικρὸν]
3091 1069 3322 1137 ἔχοντος,
3346 1072 3423 1132 εἰς
3467 1071 3560 1123 τὸν
3590 1071 3786 1138 Μέγαν
3820 1089 4002 1125 συντε-

2439 1167 2526 1219 θέν
2558 1163 2833 1232 ἐγκώμιον
2863 1174 2887 1194 ⁸
2929 1163 3039 1231 ἐγὼ
3069 1162 3124 1214 δὲ
3160 1162 3272 1230 βίον
3299 1160 3459 1228 λέγω,
3493 1165 3636 1215 κατά
3678 1163 3847 1232 μέρος
3883 1181 4002 1215 συν-

2433 1258 2786 1326 τεταγμένον,
2843 1258 2937 1308 καὶ
2985 1255 3054 1308 τὰ
3108 1256 3317 1308 ἐκείνου
3367 1254 3810 1321 διαλαμϐάνοντα
3875 1255 4003 1321 πρὸς

2433 1349 2740 1420 ἁκρίῦειαν,
2768 1347 2903 1417 πρὸς
2930 1347 2985 1399 δὲ
3028 1347 3122 1400 καὶ
3167 1347 3275 1398 τῶν
3304 1347 3623 1415 θαυμασίων
3657 1350 3882 1416 μνήμην
3912 1348 4003 1416 ἀρ-

2436 1440 2674 1499 κούντως
2715 1436 3058 1505 ποιούμενον.
3090 1435 3265 1488 Τοῦτο
3295 1435 3405 1504 γὰρ
3441 1435 3555 1487 οὕθ⁹
3585 1435 3808 1506 ἐτέρους
3842 1435 4002 1503 ἔγνω-

2437 1548 2534 1600 μεν
2561 1531 2687 1599 ἄχρι
2717 1529 2812 1582 καὶ
2843 1528 2939 1581 νῦν
2965 1528 3294 1598 δράσαντας,
3333 1525 3624 1596 οὗθ’ἠμεῖς
3653 1529 3881 1598 ποιῆσαι
3917 1529 4000 1580 δυο

2433 1624 2586 1675 νατοὶ
2610 1623 2955 1691 τυγχάνομεν
2985 1621 3156 1683 ὄντες,
3193 1619 3454 1688 πάμπολυ
3480 1622 3594 1682 τοῖς
3623 1622 3841 1688 χρόνοις
3874 1623 4002 1674 d110-

2432 1715 2782 1783 λειπόμενοι·
2814 1715 2905 1766 καὶ
2930 1713 3344 1784 ἅκριδώσσσθαι
3385 1712 3451 1766 τά
3478 1728 3540 1779 γε
3569 1710 3662 1763 τοῦ
3685 1712 3803 1780 βίου
3829 1713 4000 1774 καλῶς

2438 1805 2512 1874 μὴ
2542 1806 2852 1874 δυνάμενοι,
2879 1804 3015 1874 πλὴν
3056 1806 3180 1858 ὅσον
3225 1804 3647 1874 ἐπιμελέστερον
3686 1804 3829 1856 αὐτὰ
3871 1805 4002 1856 διελ-

747 1895 926 1961 sequi,
963 1894 1056 1948 sed
1090 1896 1266 1948 solum
1301 1911 1421 1948 eam
1473 1896 1677 1952 referre
1710 1896 1872 1963 paulo
1902 1897 2241 1966 diligentius,
2272 1905 2326 1950 et

2432 1898 2566 1961 θεῖν,
2593 1898 2690 1951 καὶ
2721 1898 2878 1965 ὀλίγα
2909 1898 3016 1950 τῶν
3045 1897 3338 1965 θαυμάτων
3369 1905 3445 1957 είς
3464 1897 3622 1962 δόξαν
3645 1896 3785 1950 Θεοῦ
3827 1913 3998 1963 παρα-

748 2001 920 2061 pauca
948 2001 1012 2039 ex
1049 1987 1169 2055 ejus
1212 1987 1493 2041 miraculis
1538 1987 1668 2041 viris
1711 1989 1814 2056 piis
1859 1989 1925 2042 ad
1965 1989 2058 2042 Dei
2101 1989 2325 2058 gloriam

747 2092 1044 2147 exponere.
1081 2078 1211 2149 Ejus
1256 2078 1403 2133 enim
1437 2094 1664 2148 parvum
1708 2080 1841 2134 Vita:
1883 2081 2237 2149 Opusculum,
2271 2080 2325 2133 in

747 2169 916 2238 quod,
971 2186 1000 2222 a
1050 2171 1200 2222 clero
1234 2181 1545 2238 accrptum,
1598 2169 1912 2234 incidimus,
1960 2173 2132 2224 visum
2166 2173 2325 2227 nobis

749 2271 834 2314 est
867 2276 976 2313 non
1003 2259 1184 2313 solum
1216 2260 1556 2331 negligenter
1583 2263 1970 2332 compositum,
2017 2264 2111 2317 sed
2146 2264 2324 2332 ipsum

747 2353 914 2405 etiam
951 2360 1203 2416 testatur,
1233 2367 1382 2417 eum,
1427 2353 1523 2424 qui
1574 2353 1628 2408 id
1672 2357 2004 2422 composuit,
2042 2356 2178 2408 nihil
2229 2357 2325 2408 lia-

747 2444 934 2497 buisse
985 2443 1355 2509 eruditionis;
1403 2444 1512 2497 imo
1562 2459 1695 2497 vero
1749 2460 1851 2498 nec
1897 2460 1962 2498 ea
2011 2446 2149 2514 ipsa,
2204 2461 2328 2515 qua:

748 2545 951 2600 narrat,
1010 2536 1143 2590 satis
1191 2533 1435 2605 perfecte
1482 2543 1538 2590 et
1582 2535 1836 2590 absolute
1904 2537 2219 2601 traduntur,
2269 2547 2324 2592 et

747 2628 905 2697 longe
957 2626 1157 2683 absunt
1211 2643 1240 2682 a
1293 2641 1507 2682 summa
1550 2627 1913 2697 perfectione.
1958 2628 2102 2696 Quin
2156 2631 2322 2684 etiam

748 2717 884 2772 illud
936 2733 1099 2787 opus,
1150 2734 1260 2787 quo
1314 2719 1407 2773 diu
1460 2720 1544 2774 usi
1591 2735 1802 2784 sumus,
1860 2723 2235 2788 comperimus
2265 2738 2322 2776 se

749 2808 951 2863 habere
993 2809 1266 2872 similiter,
1305 2817 1361 2863 et
1392 2824 1459 2864 ex
1512 2810 1706 2864 eadem
1767 2820 1850 2875 (ut
1895 2810 2068 2876 aiunt)
2119 2812 2322 2865 factum

747 2912 869 2953 esse
902 2897 1118 2961 ﬁdelia;
1149 2897 1312 2966 idque
1361 2898 1684 2966 inscriptum
1740 2896 1964 2965 quidem
1993 2912 2114 2950 esse
2145 2897 2323 2950 Enco-

751 2996 918 3046 mium
972 2991 1144 3046 divini
1192 2991 1550 3061 Sampsonis,
1607 3001 1665 3046 et
1722 2991 1928 3046 habere
1989 2992 2322 3062 singularem

749 3085 1040 3154 quamdam
1075 3083 1446 3138 narrationem
1475 3097 1688 3146 eorum,
1721 3098 1844 3153 quae
1878 3084 1946 3137 ab
1973 3082 2069 3136 illo
2113 3085 2165 3136 in
2208 3084 2318 3136 vita

750 3185 902 3246 gesta
927 3183 1095 3230 sunt:
1128 3175 1223 3230 sed
1251 3191 1413 3246 parce
1451 3175 1773 3233 admodum.
1811 3184 1868 3229 et
1912 3176 2158 3228 tenuiter
2192 3174 2325 3228 viris

2431 1987 2618 2041 θέσθαι
2642 1990 2755 2051 τοίς
2795 1988 3062 2061 φιλοθέοις
3089 2005 3104 2019 ο
3135 1981 3178 2055 ᾦ
3197 1988 3302 2058 γὰρ
3319 1987 3640 2058 ἐνετύχομεν
3665 1991 3729 2041 ἐκ
3755 1989 3849 2040 τοῦ
3883 1988 4004 2054 κλήο

2430 2098 2526 2151 ρου
2557 2081 2814 2138 λαϐόντες
2847 2079 3029 2150 μικρῷ
3057 2081 3398 2148 συντάγματι
3423 2080 3572 2140 Βίου,
3594 2082 3758 2134 τοῦτο
3789 2082 3856 2152 δὴ
3884 2080 4001 2133 οὔτε

2428 2172 2690 2244 ῥᾳθύμως
2712 2173 2872 2240 μόνον
2901 2170 3045 2234 ἔδοξε
3078 2171 3456 2241 συντετάχθαι,
3486 2170 3621 2225 ἀλλὰ.
3649 2172 3742 2224 καὶ
3761 2173 4003 2231 παιεείας

2426 2265 2517 2316 τον
2551 2263 2877 2333 συνθέμενον
2919 2261 3112 2324 ἐνδεῶς
3158 2261 3349 2332 ἔχοντα
3379 2263 3667 2333 μαρτυρεῖ,
3700 2262 3905 2330 μᾶλλον
3943 2262 4002 2328 ἰὴ

2427 2356 2598 2408 ταῦτα
2629 2355 2756 2423 περὶ
2781 2349 2854 2408 ὧν
2886 2355 3180 2424 πεποίηται
3220 2355 3320 2421 τὴν
3345 2342 3626 2422 ἐξήγησιν,
3669 2362 3731 2406 ού
3770 2354 3870 2421 μὲν
3916 2352 4002 2404 οὖν

2428 2447 2659 2509 ἐντελῶς
2699 2447 2916 2517 ἔχουσιν
2950 2445 3060 2499 οὐδ’
3090 2445 3506 2516 ἡκριύωμένως,
3555 2445 3734 2513 πολλῴ
3783 2446 3836 2496 δὲ
3873 2447 4005 2513 μᾶλα

2427 2541 2518 2593 λον
2547 2539 2834 2609 ἀκριϐείας
2871 2535 3380 2607 ἁπολιμτ-άνονται·
3419 2537 3555 2604 πρὸς
3592 2536 3646 2586 δὲ
3679 2535 3779 2592 καὶ
3805 2529 3847 2600 ᾧ
3883 2552 4004 2584 συν-

2427 2633 2668 2700 τάγματι
2696 2632 2860 2684 πάλιν
2884 2631 3223 2701 ὡμιληκότες
3249 2628 3438 2699 ἐσμέν,
3469 2612 3872 2699 παραπλησίως
3920 2618 4002 2677 €5-

2430 2741 2596 2795 ρομεν
2617 2725 2737 2794 ἕχον
2764 2726 2856 2776 καὶ
2884 2727 3001 2793 τῆς,
3025 2722 3100 2779 ὦς
3127 2739 3281 2790 φασι,
3308 2722 3606 2792 κεραμείας
3633 2721 4002 2788 πεποιημένον

2428 2815 2704 2883 ἐγκώμιον
2731 2814 2832 2883 μὲν
2861 2808 2999 2866 εἶναι
3023 2814 3116 2866 τοῦ
3144 2812 3287 2866 θείου
3311 2813 3549 2881 Σαμψὼν
3583 2811 4002 2879 ἐπιγεγραμμέ-

2430 2924 2519 2960 νον
2550 2909 2642 2959 καὶ
2674 2907 2905 2976 μερικὴν
2935 2907 3059 2976 ἕχον
3089 2907 3209 2960 τινὰ
3231 2907 3481 2976 διήγησιν
3523 2905 3631 2956 τῶν
3674 2906 3872 2973 ἐκείνῳ
3918 2904 3998 2971 βε·-

2427 2996 2731 3065 6ιωμένων,
2769 2996 2909 3048 πάνυ
2957 2996 3014 3049 δὲ
3057 2996 3333 3064 φειδωλῶς
3371 2996 3465 3049 καὶ
3517 2995 3865 3065 μικρολόγως
3899 2995 4001 3045 τῶν

2427 3085 2592 3138 αὑτοῦ
2646 3084 2935 3154 θαυμάτων
2987 3085 3272 3154 άτιογεύων
3311 3087 3436 3150 τοὺς
3475 3085 3821 3154 φιλοκάλους.
3855 3087 3918 3138 Ὃ
3949 3085 4002 3135 δέ

2431 3177 2590 3228 πλέον
2628 3179 2745 3229 ἐστὶ
2775 3179 3009 3240 πάντων,
3035 3179 3094 3230 τὸ
3116 3181 3381 3250 ταράττον
3424 3180 3592 3248 ἡμᾶς,
3617 3180 3698 3231 ὅτι
3731 3179 3831 3230 καὶ
3855 3177 4003 3230 αὐτοὶ

754 3268 911 3321 bonis
965 3267 1214 3336 praebens
1256 3280 1475 3337 gustum
1537 3267 1658 3338 ejus
1703 3266 2119 3321 miraculorum.
2169 3264 2325 3332 Quod

2434 3269 2554 3320 ὅσον
2578 3270 2684 3320 ἀπὸ
2707 3272 2806 3339 τῆς
2831 3270 2938 3322 τῶν
2965 3271 3371 3339 πεπραγμένων
3392 3269 3703 3339 ἐξηγήσεως
3725 3271 3867 3339 (ούδέ
3902 3272 4004 3338 γὰρ

752 3367 934 3413 autem
971 3374 1072 3414 nos
1099 3360 1344 3413 omnium
1387 3359 1623 3414 maxime
1668 3358 1986 3424 conturbat,
2027 3368 2133 3421 est,
2177 3355 2326 3427 quod

755 3451 859 3519 ipsi
917 3451 1137 3506 illorum
1197 3450 1570 3504 narrationem
1635 3451 1855 3518 (neque
1914 3449 2062 3505 enim
2113 3448 2336 3504 aliunde

756 3539 1060 3611 quidquam
1146 3540 1450 3612 habemus)
1512 3542 1669 3613 sequi
1744 3542 2066 3598 debeamus.
2129 3540 2207 3595 Ea
2269 3541 2338 3594 de

752 3647 915 3687 causa
951 3632 1187 3702 petimus
1209 3635 1370 3690 nobis
1401 3635 1520 3687 dari
1549 3635 1768 3688 veniam
1794 3635 1861 3687 ab
1900 3632 1967 3686 iis
2006 3632 2100 3701 qui
2154 3630 2338 3703 legent

753 3740 818 3778 ea
852 3740 975 3793 qua:
1005 3734 1154 3787 sunt,
1183 3740 1211 3778 a
1247 3725 1407 3778 nobis
1451 3724 1754 3788 elaborata,
1805 3735 1866 3779 ut
1901 3739 2002 3780 nos
2057 3738 2166 3778 non
2207 3739 2339 3778 con-

757 3818 1020 3873 demnent
1066 3817 1434 3886 negligentiae,
1480 3832 1663 3887 neque
1705 3817 1850 3870 hanc
1878 3815 2102 3870 minime
2132 3816 2339 3869 exami-

757 3918 942 3963 natam
971 3909 1226 3978 rejiciant
1261 3910 1658 3964 narrationem.
1686 3907 1874 3980 Neque
1901 3907 2050 3964 enim
2084 3916 2334 3964 nostrum

758 4014 843 4058 est
881 4004 986 4058 hoc
1021 4020 1186 4073 opus,
1233 4015 1296 4060 ut
1343 4007 1501 4074 prius
1534 4006 1792 4071 diximus,
1831 4007 1925 4061 sed
1972 4007 2192 4061 illorum
2239 4021 2336 4074 po-

763 4098 895 4161 tius,
921 4113 1060 4167 quos
1085 4111 1276 4153 sumus
1309 4097 1505 4152 secuti.
1539 4097 1678 4152 Illud
1714 4099 1897 4168 itaque
1949 4097 2214 4152 Herodoti
2247 4096 2338 4150 hic

763 4187 964 4256 poterit
995 4186 1282 4242 commode
1314 4187 1460 4244 dici:
1507 4203 1627 4244 esse
1661 4189 1845 4259 potius
1874 4186 2036 4244 lstiaei
2067 4185 2334 4246 calceum.

763 4279 979 4335 etiamsi
1009 4279 1187 4350 ipsum
1213 4279 1452 4337 induerit
1478 4277 1844 4354 Aristagorae.

2437 3360 2611 3428 παρὸν
2639 3360 2882 3428 ἄλλοθεν)
2921 3361 3236 3414 ἀκολουθεῖν
3280 3360 3464 3423 αὐτοῖς
3506 3360 3794 3430 μέλλομεν.
3828 3362 4004 3430 ταύτῃ

2430 3472 2513 3507 τοι
2539 3455 2636 3508 καὶ
2667 3454 2996 3527 συγγνώμην
3030 3455 3138 3508 άπὸ
3165 3454 3274 3507 τῶν
3299 3454 3746 3524 ἐντυγχανόντων
3776 3458 3890 3517 τοῖς
3917 3472 4006 3506 πε-

2432 3549 2762 3615 πονημένοις
2789 3548 2921 3616 ἡμῖν
2953 3547 3234 3618 αἰτοῦμεν,
3260 3547 3400 3601 ῶστε
3442 3547 3515 3618 μὴ
3553 3547 3843 3616 ἀμέλειαν,
3888 3547 4004 3617 μηδ’

2431 3643 2725 3714 ὀλιγωρίαν
2759 3642 2860 3713 τῆς
2889 3643 3259 3699 ἀδασανίστου
3291 3643 3496 3713 ταύτης
3527 3639 4005 3710 καταψηφίζεσθαι

2432 3735 2736 3806 διηγήσεως
2761 3751 2774 3766 '
2807 3737 2927 3790 οὐδὲ
2981 3739 3089 3806 γὰρ
3134 3739 3426 3805 ἡμέτερον,
3456 3734 3645 3802 ὥσπερ
3673 3736 3910 3801 ἔφημεν,
3951 3732 4006 3782 τὸ

2434 3824 2795 3894 προκείμενον
2840 3826 3036 3894 ἔργον,
3071 3823 3187 3878 ἀλλ’
3225 3824 3384 3896 ἰχνῶν
3418 3825 3625 3894 ἐτέρων
3664 3821 4002 3892 παρακολούο

2434 3915 2605 3986 θημα.
2639 3917 2943 3988 Τοιγαροῦν
2993 3917 3273 3972 κάνταῦθα
3329 3918 3389 3973 τὸ
3444 3916 3784 3988 Ἦροδότειον
3838 3917 4002 3968 ἐκεῖνο

2433 4008 2688 4075 λέγεσθαι
2727 4009 2909 4080 χώραν
2954 4009 3086 4077 ἕξει,
3128 4009 3383 4063 Ἱστιαίου
3416 4007 3478 4061 τὸ
3515 4008 3775 4079 ὑπόδημα
3812 4006 4005 4076 μᾶλλον

2433 4094 2594 4162 εἶναι,
2638 4100 2686 4150 εἰ
2744 4100 2836 4151 καὶ
2877 4100 3270 4169 Ἀρισταγόρας
3308 4098 3441 4154 αὐτὸ
3485 4098 3811 4152 ἐπεδύσατο.
3861 4098 4004 4165 Ἔχει

2437 4188 2624 4257 μέντοι
2652 4187 2772 4242 τόδε
2812 4187 3008 4252 οὕτως.

2207 4429 2430 4487 CAPUT
2471 4432 2512 4484 ι.

933 4570 1240 4642 Sampsom's
1293 4589 1489 4643 genus,
1545 4572 1761 4642 patria,
1809 4569 2089 4693 studium},
2122 4573 2421 4643 benignitas
2476 4573 2531 4696 εἴ
2596 4585 2851 4639 pauperes
2909 4580 2959 4624 et
2999 4580 3262 4640 wgrotos;
3296 4585 3421 4639 erga
3463 4568 3838 4636 imperatorem

2095 4647 2402 4696 ene/icium.
2463 4643 2654 4696 citus.

2095 4647 2370 4712 ene/icium
2388 4685 2402 4709 ,
2463 4643 2654 4696 obitus.

837 4804 898 4858 il.
944 4803 1046 4856 Hic
1086 4818 1216 4871 ergo
1261 4817 1510 4872 magnus,
1560 4813 1616 4856 et
1663 4805 1824 4872 cujus
1879 4818 2098 4857 omnem
2150 4799 2329 4854 orbem

2518 4801 2592 4855 ις’.
2633 4802 2688 4854 ὐ
2717 4803 2890 4872 μέγας
2919 4793 3074 4862 οὗτος
3115 4797 3205 4850 καὶ
3235 4796 3323 4851 διά
3355 4794 3536 4864 πάσης
3563 4793 3895 4865 βεϐοημένος
3918 4794 4006 4860 τῆς

767 4908 924 4951 terra:
950 4897 1188 4964 pervasit
1220 4895 1385 4959 fama,
1421 4894 1686 4963 Sampson
1714 4933 1727 4956 ,
1752 4910 1925 4963 genus
1947 4895 2165 4962 quidem
2191 4893 2346 4946 duxit

765 5005 831 5042 ex
863 4989 951 5041 illa
980 4986 1186 5042 celebri
1219 4997 1275 5041 et
1318 4979 1520 5056 inclyta
1565 4986 1758 5040 Roma.
1805 4983 1969 5040 Ortus
2020 4995 2104 5038 est
2157 4993 2340 5039 autem

772 5093 876 5135 non
912 5095 978 5133 ex
1013 5079 1349 5148 ignobilibus
1385 5094 1488 5133 nec
1518 5078 1835 5147 vulgaribus
1871 5077 2212 5146 parentibus,
2247 5075 2343 5128 sed

773 5171 925 5226 valde
957 5172 1203 5227 honestis
1228 5177 1283 5224 et
1322 5171 1530 5224 claris:
1578 5186 1814 5239 quorum
1863 5185 2069 5239 magna:
2118 5167 2340 5238 quidem

770 5271 930 5318 erant
981 5278 1134 5331 epes,
1181 5277 1354 5331 genus
1395 5271 1575 5315 autem
1609 5261 1917 5315 ducebatur
1970 5275 2033 5313 ex
2081 5260 2343 5328 sanguine

772 5356 1122 5424 imperatoris
1177 5355 1275 5423 (l).
1323 5355 1429 5410 Sed
1469 5369 1594 5409 cum
1638 5354 1740 5407 viri
1793 5353 1957 5420 hujus
2008 5354 2226 5404 maximi
2257 5365 2342 5405 res

771 5455 1010 5500 externae
1054 5447 1127 5500 ita
1171 5461 1230 5501 se
1271 5445 1560 5511 haberent,
1599 5459 1777 5513 neque
1820 5445 2062 5497 internas
2102 5457 2340 5510 unquam

776 5539 1034 5608 neglexit.
1070 5537 1202 5591 Nam
1227 5548 1282 5592 et
1313 5537 1531 5591 virtutis
1579 5549 1826 5606 magnam
1867 5549 2054 5587 curam
2093 5534 2339 5604 gerebat,

775 5638 828 5682 et
866 5631 1062 5685 divina
1090 5629 1387 5698 Scriptura:
1418 5627 1642 5684 lectioni
1679 5634 1802 5681 erat
1829 5625 2094 5688 intentus,
2142 5633 2196 5677 et
2229 5634 2343 5677 tan-

2439 4894 2762 4964 οἰκουμένης
2817 4891 3081 4963 Σαμψὼν.
3131 4883 3278 4942 εἷλκε
3328 4886 3427 4957 μὶν
3476 4885 3538 4939 τὸ
3583 4886 3743 4954 γένος
3805 4886 3869 4938 ἐκ
3916 4884 4008 4954 τῆς

2440 4984 2792 5055 περιωνύμου
2818 4987 2912 5038 καὶ
2946 4980 3239 5051 διαφανοῦς
3287 4978 3528 5047 Ῥώμης,
3562 4976 3806 5047 προῆλθε
3831 4977 3888 5030 δέ
3916 4977 4007 5028 οὐκ

2441 5077 2501 5141 ἐξ
2532 5077 2761 5145 ἀσήμων
2805 5077 2912 5146 ἄρα
2950 5075 3133 5139 τινῶν,
3159 5073 3280 5127 οὐδὲ
3318 5071 3428 5122 τῶν
3455 5070 3848 5138 ἐπιτυχόντων,
3881 5065 4006 5119 ἀλλὰ

2442 5169 2538 5220 καὶ
2579 5169 2700 5218 λίαν
2751 5167 2988 5235 εὐγενῶν
3038 5185 3098 5221 τε
3147 5165 3242 5218 καὶ
3273 5161 3571 5228 περιδόξων
3596 5179 3610 5193 ο
3649 5160 3885 5213 πλούτου
3917 5158 4008 5228 μὶν

2443 5258 2762 5327 περιουσίαν
2821 5257 3024 5327 βαθέως
3083 5257 3340 5326 ἐχόντων,
3406 5252 3676 5323 βασιλικῷ
3721 5253 3780 5305 δέ
3825 5252 4008 5319 afuat:

2447 5351 2586 5403 κατὰ
2619 5351 2774 5417 γένος
2805 5349 3266 5417 φαιδρυνομένων.
3294 5347 3440 5414 Πλὴν
3469 5345 3605 5398 ἀλλὰ
3638 5345 3747 5396 τῶν
3779 5342 4006 5414 θύραθεν

2445 5443 2473 5494 ὁ
2503 5443 2809 5510 Παμμέγας
2862 5437 3032 5500 οὕτως
3073 5439 3233 5508 ἔχων,
3279 5436 3401 5490 οὐδὲ
3447 5435 3554 5489 τῶν
3601 5435 3794 5488 οἰκίων
3826 5433 4006 5501 ἡμέλει

2449 5533 2640 5586 πόθεν·
2675 5535 2771 5585 καὶ
2815 5531 2922 5601 γὰρ
2951 5532 3156 5602 ἀρετῆς
3182 5527 3464 5598 ἐφρόντιζε
3505 5528 3646 5592 λίαν,
3683 5525 3782 5579 καῖ
3819 5527 3885 5595 τῇ
3920 5523 4006 5591 τῆς

2448 5624 2596 5686 θείας
2629 5624 2849 5694 ι’ραφῆς
2904 5621 3139 5687 ἐντεύξει
3189 5619 3392 5690 σπουδῇ
3437 5617 3785 5688 προσέκειτο,
3829 5618 3922 5670 καὶ
3942 5613 4006 5672 ὥς

849 5767 922 5832 (ι)
953 5766 1315 5836 Μεηυιοεὶυιη
1353 5760 1699 5836 Constantini
1745 5759 2192 5836 Porphyrogeniti
2245 5762 2426 5826 habet,
2461 5778 2588 5816 eum
2642 5762 2808 5816 fuisse
2878 5759 3344 5829 consanguineum
3403 5754 3748 5813 Constantini
3819 5749 4001 5823 Magni,

775 5828 974 5893 “enica
1009 5828 1205 5892 excusa
1236 5837 1370 5892 nihil
1415 5835 1616 5889 habent
1659 5833 1723 5886 de
1758 5828 1928 5899 ipsius
1952 5828 2171 5885 familia.
