4180 6466
211 419 309 487 281

1455 423 1629 482 νιΤΑ
1673 423 1736 482 S.
1786 421 2240 482 SAMPSONIS.

3362 416 3469 479 282

208 553 348 597 τινος
380 534 615 606 ἡδίστης
653 534 857 604 τροφῆς
879 534 1135 604 ἐμμελῶς
1159 532 1357 602 εἴχετο,
1383 537 1476 587 καὶ
1505 535 1570 588 δι’
1603 537 1773 602 ὀλίγοι.

1889 551 2052 604 quam
2080 533 2489 605 iucundissimo
2518 532 2643 587 cibo
2688 533 2739 587 ei
2780 532 3079 600 diligenter
3128 530 3467 586 adlimrebat.

209 627 340 694 πρὸς
368 629 557 678 πᾶσαν
589 625 765 695 αὐτῆς
795 625 895 692 τὴν
925 623 1128 694 γνῶσιν
1158 625 1404 692 ἀφίκετο.
1431 626 1583 696 Μηδὲ
1615 629 1788 693 ίατριο

208 719 327 783 κῆς,
360 716 464 786 τῆς
513 716 900 789 φιλανθρώπου
942 716 1161 787 τέχνης,
1200 717 1229 768 ό
1276 717 1787 788 φιλανθρωπότατος

207 812 511 880 ἀμελήσας.
552 810 715 866 Ἀλλά
751 811 844 864 καὶ
871 810 1007 879 αὐτῇ
1041 809 1353 877 φιλοπόνως
1384 811 1785 880 προσενεχθεὶς.

205 903 296 956 καί
326 920 412 956 τοι
447 903 611 972 ὀλίγα
648 904 744 970 μὲν
779 904 987 972 ὑπῆρχε
1029 904 1096 972 τῇ
1129 902 1297 972 τέχνῃ
1333 904 1633 973 χρώμενος,
1677 903 1786 955 τῶν

204 992 248 1045 δ’
278 994 459 1046 ἀλλων
484 994 801 1065 παρεχώρει
836 994 913 1063 τῷ
946 993 1196 1063 θεουργῷ
1233 995 1328 1061 τῆς
1371 997 1596 1065 χάριτος
1626 996 1786 1063 νοσή-

209 1100 353 1153 ματα
408 1087 507 1139 καὶ
544 1087 692 1154 πάθη
716 1086 910 1139 ἀνίατα
951 1084 1296 1155 θεραπεύων,
1334 1086 1429 1139 καὶ
1455 1086 1532 1149 ὠς
1573 1086 1785 1155 προκά-

204 1179 395 1245 λυμμα
422 1177 523 1245 τῆς
548 1180 769 1247 χάριτος
796 1178 1091 1250 ἐπιχειρῶν
1121 1181 1188 1250 τῇ
1216 1178 1386 1251 τέχνῃ
1412 1178 1499 1232 διὰ
1528 1192 1758 1231 ταπεινο

205 1267 481 1337 φροσύνης
509 1268 837 1339 ὑπερϐολήν.

268 1445 307 1497 Γ
309 1452 344 1500 ’.
384 1446 476 1509 Ὠς
517 1448 576 1500 δὲ
620 1448 717 1501 καὶ
751 1450 799 1500 οἱ
834 1446 1069 1520 πατέρες
1106 1448 1272 1503 αὐτοῦ
1317 1450 1409 1504 τὸν
1440 1450 1558 1520 βίον
1590 1450 1783 1505 ἀπέλι·

204 1554 322 1600 πον,
353 1537 459 1590 οὐκ
508 1537 590 1593 ἔτι
630 1539 836 1608 μέλλων
879 1535 967 1612 ἦν,
1008 1542 1118 1594 οὐδ’
1153 1542 1619 1612 ἀναϐαλλόμενος,
1669 1544 1785 1597 ἀλλ’

199 1627 273 1690 ὡς
319 1628 522 1699 καιροῦ
563 1630 859 1700 λαϐόμενος
900 1632 1225 1703 ἐπιτηδείου,
1258 1635 1354 1688 ἆτε
1391 1636 1628 1705 μηδενὴς
1678 1636 1784 1689 ύπ-

198 1719 462 1789 άρχοντος
504 1722 602 1776 τοῦ
643 1724 996 1789 κωλύσοντος,
1025 1726 1095 1779 τὰ
1138 1727 1278 1781 κατά
1306 1725 1535 1799 γνώμην
1584 1729 1782 1794 ἐποίει,

200 1814 290 1862 καὶ
333 1811 575 1865 πλούτου
615 1813 713 1881 μὲν
738 1815 979 1884 φθαρτοῦ
1022 1817 1114 1869 καὶ
1162 1819 1501 1889 προσκαίρου
1551 1819 1785 1873 πλοῦτον

197 1896 419 1951 αἰώνιον
450 1900 850 1967 ἀντηλλάττετο
898 1904 1038 1957 κατά
1063 1910 1162 1973 τὴν
1194 1906 1346 1960 θείαν
1378 1907 1470 1961 τοῦ
1499 1911 1779 1963 Δεσπότου
1812 1893 1857 1950 Β

196 1988 401 2057 φωνὴν,
439 1990 473 2057 ἥ
501 1990 570 2040 τὰ
597 1989 910 2060 ὑπάρχοντα
944 1994 1198 2061 πωλῆσαι
1234 1996 1444 2049 κελεύει
1480 2013 1577 2050 και
1602 2015 1779 2064 παρα-

195 2084 340 2149 σχεῖν
388 2081 785 2154 ἐλεημοσύνην,
832 2085 1079 2138 ἑντεῦθέν
1126 2103 1185 2140 τε
1236 2087 1499 2157 βαλάντια
1560 2090 1638 2161 μὴ
1671 2110 1775 2145 πα-

193 2173 493 2241 λαιούμενα
541 2175 868 2246 κτήσασθαι.
931 2177 1129 2231 Ἐδίδου
1173 2179 1229 2232 δὲ
1271 2181 1363 2233 τὸν
1402 2181 1658 2250 πλοῦτον,
1714 2185 1774 2239 ού

191 2267 334 2321 κατὰ
392 2269 596 2337 μικρὸν
675 2268 796 2321 οὐδὲ
856 2268 1208 2339 φειδομένως,
1264 2270 1388 2325 οὔτε
1430 2274 1575 2342 μὴν
1636 2274 1777 2329 κατὰ

194 2360 447 2426 στράγγα
492 2362 659 2430 ῥέων,
688 2362 821 2414 ἀλλα
860 2366 951 2414 καὶ
984 2363 1105 2415 λίαν
1133 2364 1301 2435 χύδην
1333 2365 1424 2418 καὶ
1448 2366 1773 2436 ἀνειμένως,

194 2450 399 2518 ἀμφοῖν
445 2454 679 2522 χειροῖν,
711 2453 771 2504 τὸ
809 2453 902 2505 τοῦ
942 2452 1121 2519 λόγου,
1157 2458 1292 2521 πρὸς
1322 2456 1421 2517 τὰς
1465 2455 1576 2506 τῶν
1606 2458 1773 2525 πενή-

193 2558 300 2595 των
359 2541 394 2613 ῆ
455 2545 768 2597 πεινώντων
817 2543 1105 2597 ἀπαντλῶν
1153 2544 1444 2613 γαστέρας,
1481 2545 1574 2597 καὶ
1615 2546 1773 2599 τοῦτο

192 2636 287 2701 οὐχ
311 2632 486 2695 ἆπαξ,
511 2632 635 2684 οὐδὲ
663 2631 764 2695 δὶς,
796 2631 932 2687 ἀλλά
959 2633 1046 2687 διὰ
1079 2635 1285 2696 παντὸς
1312 2633 1404 2687 τοῦ
1436 2634 1551 2704 βίου
1581 2634 1766 2689 ποι-,ύο

196 2713 353 2789 μενος
379 2740 395 2753 ·
420 2722 707 2792 ἡλικιῶτις
737 2725 846 2793 γάρ
872 2726 1020 2796 αύτῷ
1051 2730 1146 2782 καὶ
1179 2726 1477 2797 σύντροφος
1519 2727 1648 2797 ἄχρι
1689 2728 1763 2782 τέ·

192 2813 313 2873 λους
339 2816 373 2886 ή
409 2813 775 2885 ἐλεημοσύνη.
809 2818 920 2882 Τὰς
955 2817 1011 2871 δὲ
1039 2818 1148 2871 τῶν
1179 2818 1381 2871 δούλων
1418 2816 1619 2885 ἀγέλας
1652 2819 1776 2872 ούκ-

192 2906 271 2957 έτι
320 2906 511 2973 μένειν
562 2904 696 2974 παρ’
720 2906 899 2976 ἑαυτῷ
934 2907 1109 2974 ἠξίου,
1148 2906 1269 2960 οὐδὲ
1314 2906 1423 2959 τῶν
1463 2899 1771 2974 ὁμοδούλων

192 2995 567 3067 ὑπερηφάνως
602 2994 722 3048 κατ’
744 2994 1052 3061 αύθεντίαν,
1077 2998 1193 3049 ἀλλ’
1223 2998 1539 3068 ἐλευθερίας
1567 2998 1768 3069 μᾶλλον

191 3085 430 3152 εύγενῶς
469 3083 651 3153 ἠξίου,
681 3085 976 3156 αὐτάρκεις
1017 3088 1201 3149 αὐτοῖς
1231 3088 1486 3156 παρέχων
1535 3091 1629 3142 καὶ
1673 3089 1769 3153 τάς

191 3178 327 3241 πρὸς
354 3177 416 3228 τὸ
444 3176 548 3246 ζῇν
586 3175 863 3244 ἀφορμάς.
891 3176 954 3230 τί
989 3178 1095 3247 γὰρ
1126 3178 1295 3231 ἐδεῖτο
1330 3179 1428 3246 τῆς
1462 3180 1519 3245 ἐξ
1558 3179 1769 3250 ἀνθρώ-

190 3284 308 3323 πων
331 3268 585 3331 δουλείας
621 3270 648 3321 ό
673 3268 858 3322 δοῦλον
890 3269 1081 3323 ἑαυτὸν
1100 3270 1179 3342 τῷ
1209 3270 1393 3342 Κυρίῳ
1420 3272 1637 3341 γνήσιον
1661 3274 1769 3340 ἀοι

190 3363 601 3430 οσιωσάμενος;
628 3361 784 3414 Ούτω
806 3362 935 3431 γοῦν
960 3379 1024 3415 πε
1035 3365 1087 3432 ρὶ
1118 3364 1185 3416 τά
1210 3363 1335 3416 ὄντα
1358 3364 1644 3428 διατεθεὶς,
1664 3364 1770 3417 τῶι

192 3456 555 3525 προσκαίρων
602 3456 692 3505 xal.
712 3456 875 3505 οἱονεὶ
914 3454 1132 3523 δεσμῶν
1166 3472 1326 3508 τινων
1365 3456 1606 3523 ἀναθεὶς,
1642 3457 1771 3511 κοῦ-

192 3564 287 3613 ςος
315 3543 383 3614 ἦν
415 3542 664 3614 ἀτεχνῶς
694 3543 789 3597 καὶ
817 3544 1073 3610 εύζωνος,
1094 3547 1190 3600 καὶ
1212 3547 1289 3617 τῷ
1319 3545 1401 3600 ἑνὶ
1430 3547 1528 3617 μὲν
1557 3537 1767 3617 χιτῶνι,

190 3636 268 3689 ἑνί
306 3636 363 3687 δὲ
406 3633 517 3687 τῶν
541 3634 773 3687 οἰκετῶν
801 3636 1160 3709 ἀρκούμενος.
1197 3635 1332 3694 Εἶτα
1372 3640 1468 3691 καὶ
1496 3638 1595 3709 τὴν
1635 3639 1770 3692 Ῥώ-

193 3744 298 3797 μην
324 3727 618 3781 ἀπολιπὼν
645 3730 674 3783 ό
696 3729 984 3794 Γεννάδας,
1009 3732 1145 3800 πρὸς
1172 3731 1270 3802 τὴν
1290 3732 1415 3785 νέαν
1438 3732 1638 3804 ταύτην
1666 3735 1762 3802 ἀφ·

192 3824 425 3873 ικνεῖται
471 3820 720 3889 Ῥώμην,
748 3819 843 3889 τὴν
881 3820 974 3873 τοῦ
1018 3821 1164 3875 θείου
1194 3823 1625 3888 Κωνσταντίνου,
1666 3840 1770 3894 φη-

192 3911 251 3979 μί
274 3928 287 3942 ·
324 3911 422 3977 ἀφ’
464 3903 536 3978 ἦς
585 3909 688 3978 μὲν
721 3911 899 3976 αίτίας
938 3914 1179 3985 κινηθεὶς
1226 3913 1363 3985 πρὸς
1400 3910 1559 3966 τοῦτο
1588 3914 1769 3982 λέγειν

186 4000 285 4051 οὐκ
309 3999 456 4068 ἔχω·
492 3998 641 4069 πλὴν
681 4000 782 4053 οὐκ
830 4004 983 4055 ἀθεεὶ
1034 4003 1270 4069 πάντως,
1300 4004 1407 4057 οὐδ’
1440 4004 1769 4071 ἀλυσιτελῶς

187 4093 252 4162 τῇ
283 4092 524 4165 λαμπρᾷ
556 4092 733 4165 ταύτῃ
776 4097 865 4147 καὶ
904 4094 1137 4165 βασιλίδι
1172 4097 1282 4149 τῶν
1320 4098 1525 4151 πόλεων
1555 4099 1769 4169 ἐνδεδη·

190 4183 406 4252 μηκὼς,
498 4185 591 4237 καὶ
620 4185 680 4237 τὸ
714 4186 858 4255 ἱερὸν
891 4185 1055 4237 αὑτοῦ
1090 4189 1435 4240 ἐναπόκειται
1464 4188 1648 4256 σῶμα,
1672 4190 1769 4259 θη-

144 4320 145 4323 η
190 4278 388 4344 σαυρδς
436 4276 662 4340 ἄσυλος,
695 4275 921 4341 πλοῦτος
953 4277 1247 4345 ἀδάπανος,
1283 4281 1604 4350 νοσημάτων
1634 4282 1768 4338 πάνυ

186 4383 293 4419 των
316 4368 694 4437 ἀλεξιτήριον,

252 4464 326 4513 A'.
382 4460 445 4514 'D
481 4461 615 4529 γοῦν
654 4461 725 4514 τὰ
757 4462 935 4513 πάντα
980 4462 1148 4530 μέγας
1192 4461 1430 4532 Σαμψὼν
1469 4464 1565 4534 τὴν
1600 4466 1768 4535 μεγά-

1890 640 1945 681 et
1982 630 2129 681 brevi
2178 638 2425 697 tempore
2470 626 2620 680 venit
2657 625 2724 679 ad
2778 640 2995 680 omnem
3031 625 3150 693 ejus
3192 624 3471 693 cognitio-

1891 736 2038 773 nem.
2096 721 2296 776 Verum
2360 734 2485 774 cum
2546 733 2727 787 neque
2779 717 3128 779 medicinam,
3194 731 3318 785 qua
3379 732 3470 770 ars

1890 811 2049 865 valde
2076 812 2336 871 conducit
2387 813 2639 864 humante
2694 808 2875 871 saluti,
2916 809 3001 860 vir
3040 806 3471 861 humanissimus

1890 903 2238 973 neglexisset,
2297 904 2393 958 sed
2427 918 2487 958 se
2538 903 2705 958 etiam
2752 902 2803 958 ei
2857 901 3152 970 diligenter
3199 899 3467 964 dedisset,

1889 994 1992 1047 etsi
2035 1005 2151 1047 arte
2186 1009 2377 1061 parum
2428 993 2725 1048 admodum
2775 991 2841 1046 ad
2892 1001 3162 1060 qumstum
3200 992 3270 1045 sit
3312 1005 3465 1053 usus,

1892 1086 1942 1139 in
1988 1086 2321 1155 pauperibus
2369 1095 2550 1139 tamen
2599 1086 2766 1139 cessit
2810 1084 3012 1140 divina:
3061 1084 3249 1154 gratim
3306 1084 3468 1137 mini-

1890 1177 2083 1241 sterio,
2120 1177 2340 1232 morbos
2363 1191 2566 1231 curans
2612 1175 3068 1235 immedicabiles,
3103 1185 3160 1229 et
3206 1184 3489 1242 tanquam

1887 1272 2075 1337 gratia:
2105 1270 2411 1324 velamento
2441 1277 2560 1323 arte
2596 1280 2755 1323 utens
2797 1279 3021 1337 propter
3066 1280 3337 1321 summam
3370 1266 3471 1319 hu-

1887 1357 2203 1414 utilitatem.

1959 1449 2048 1503 Ill.
2081 1451 2377 1521 Postquam
2418 1462 2600 1505 autem
2637 1453 2759 1521 ejus
2784 1460 3043 1520 parentes
3082 1465 3112 1505 e
3142 1450 3253 1504 vita
3282 1465 3472 1506 exces-

1886 1540 2104 1603 sissent,
2133 1558 2240 1594 non
2277 1543 2512 1611 amplius
2548 1542 2934 1603 cunctabatur,
2988 1556 3091 1595 nec
3133 1540 3464 1604 diﬂerebat;

1886 1635 1981 1689 sed
2016 1644 2142 1704 apta
2178 1650 2310 1689 usus
2339 1635 2651 1699 occasione,
2684 1643 2875 1704 utpote
2904 1636 3052 1705 quod
3102 1634 3286 1689 nullus
3316 1642 3465 1689 esset

1886 1726 2286 1796 prohibiturus,
2319 1740 2382 1779 ea
2417 1725 2678 1790 faciebat,
2719 1741 2841 1794 qua:
2882 1726 2989 1780 sibi
3022 1728 3375 1787 videbantur.
3408 1736 3465 1781 et

1888 1816 2083 1872 breves
2142 1818 2522 1886 periturasque
2595 1807 2847 1872 divitias'
2887 1820 3264 1873 commutabat
3334 1835 3463 1873 cum

1884 1910 2127 1972 aeternis,
2160 1910 2547 1977 obtemperans
2569 1910 2691 1964 voci
2723 1911 3044 1976 Dominicae,
3070 1911 3289 1981 jubenti
3322 1928 3462 1966 ven-

1885 2002 2017 2055 dere
2044 2017 2106 2053 ca
2133 2016 2253 2068 qua:
2281 2002 2406 2068 quis
2431 2001 2617 2067 habet,
2639 2011 2697 2056 et
2723 2002 2973 2071 prabere
2998 2003 3402 2074 eleemosynam
3422 2008 3460 2065 ‘.

1882 2104 1936 2147 et
1975 2092 2105 2145 hinc
2133 2107 2324 2159 parare
2349 2106 2660 2157 crumenas,
2686 2108 2808 2163 qua:
2838 2094 3063 2148 minime
3088 2104 3459 2150 vetetascunt.

1888 2184 2054 2237 Dabat
2087 2199 2213 2237 vero
2243 2198 2379 2253 opes
2402 2199 2512 2238 non
2536 2198 2721 2253 parce,
2753 2183 2918 2255 idque
2954 2200 3057 2240 nec
3088 2186 3328 2240 tenuiter
3358 2202 3462 2241 nec

1883 2276 2137 2346 guttatim
2170 2275 2463 2339 distillaus,
2498 2275 2595 2331 sed
2621 2277 2843 2345 profuse
2873 2276 3172 2332 admodum
3203 2289 3259 2333 et
3290 2280 3459 2349 large,

1882 2370 2181 2432 ambabus,-
2221 2380 2280 2423 ut
2328 2369 2554 2433 dicitur,
2599 2368 2855 2423 manibus
2909 2369 3203 2425 eﬂundens
3248 2372 3301 2424 in
3332 2386 3465 2422 ven-

1883 2469 1994 2513 tres
2025 2473 2350 2527 pauperum,
2376 2466 2474 2511 aut
2495 2458 2890 2523 esurientium;
2928 2456 3093 2527 idque
3125 2474 3234 2513 non
3268 2458 3459 2521 semel,

1879 2559 1977 2601 aut
2009 2550 2115 2614 bis,
2147 2549 2242 2603 sed
2274 2564 2375 2619 per
2397 2558 2563 2603 totam
2602 2550 2768 2605 vitam
2803 2565 2817 2604 :
2860 2560 3096 2605 connata
3144 2550 3292 2604 enim
3335 2565 3463 2604 cum

1881 2640 2000 2709 ipso
2033 2650 2090 2695 et
2135 2643 2452 2695 connutrita
2495 2657 2669 2709 usque
2713 2641 2780 2694 ad
2814 2652 3047 2696 mortem
3078 2642 3181 2695 fuit
3225 2643 3463 2696 eleemo-

1879 2748 2035 2804 syna.
2088 2732 2388 2789 Servorum
2456 2744 2640 2787 autem
2687 2746 2880 2803 greges
2938 2732 3160 2786 nolebat
3223 2733 3461 2801 amplius

1878 2827 2023 2896 apud
2054 2842 2112 2882 se
2143 2841 2390 2889 manere,
2443 2840 2623 2894 neque
2668 2826 2724 2880 in
2768 2840 2966 2884 servos
3011 2826 3091 2879 uti
3137 2834 3461 2896 arroganter

1879 2917 2112 2985 imperio
2142 2934 2156 2971 :
2188 2916 2284 2972 sed
2317 2916 2503 2986 potius
2534 2916 2792 2972 libertate
2825 2917 3061 2987 ingenue
3104 2915 3459 2986 dignabatur,

1875 3007 1959 3062 eis
2004 3006 2222 3060 abunde
2271 3006 2543 3074 praebens.
2591 3008 2741 3072 quod
2789 3007 2859 3060 ad
2904 3007 3109 3062 victum
3156 3006 3458 3060 sufﬁceret.

1877 3098 2016 3167 Quid
2050 3099 2195 3154 enim
2221 3100 2271 3154 ei
2293 3114 2433 3169 opus
2454 3108 2574 3153 erat
2612 3102 2883 3159 servitute
2911 3099 3223 3162 hominum,
3257 3098 3353 3167 qui
3398 3112 3460 3153 se

1877 3209 2066 3248 verum
2106 3201 2163 3248 et
2189 3208 2505 3263 germanum
2553 3207 2776 3249 servum
2823 3191 3054 3247 Domino
3098 3204 3461 3246 consecraveo

1878 3283 2117 3339 rat?Sic
2144 3285 2329 3353 itaque
2376 3299 2507 3350 erga
2548 3283 2841 3339 facultates
2889 3283 3141 3347 aﬁectus,
3183 3274 3470 3352 rebusque

1875 3375 2271 3447 temporalibus
2301 3384 2560 3444 tanquam
2601 3376 2839 3432 vinculis
2863 3387 3082 3438 exutus,
3113 3384 3232 3428 erat
3265 3390 3457 3430 revera

1874 3469 2011 3525 levis
2039 3480 2095 3525 et
2129 3470 2433 3531 accinctus,
2471 3475 2527 3522 et
2559 3481 2666 3520 una
2698 3466 2921 3534 quidem
2953 3466 3161 3529 tunica,
3195 3482 3305 3520 uno
3354 3483 3457 3520 au—

1877 3570 1985 3616 tem
2014 3561 2224 3616 famulo
2272 3568 2591 3616 contentus.
2642 3558 2853 3614 Deinde
2903 3558 3077 3613 Roma
3123 3559 3318 3614 relicta
3364 3558 3456 3615 hic

1872 3655 1959 3709 vir
2011 3655 2264 3725 egregius
2312 3655 2365 3709 in
2417 3653 2559 3711 hanc
2610 3668 2807 3707 novatn
2859 3652 3011 3705 venit
3056 3652 3322 3715 Romam,
3372 3652 3457 3705 tli-

1871 3747 2008 3811 vini,
2039 3750 2286 3817 inquam,
2339 3744 2687 3800 Constantini
2735 3745 3036 3798 civitatem.
3086 3747 3263 3811 Atque
3306 3760 3455 3812 quae-

1871 3856 1997 3895 nam
2033 3840 2256 3909 quidem
2307 3852 2433 3892 eum
2476 3851 2641 3892 causa
2688 3835 3049 3905 pertnovcrit,
3102 3849 3449 3904 nequaquant

1871 3948 2090 4002 possum
2121 3932 2323 3987 dicere.
2368 3929 2474 3985 Sed
2530 3944 2641 3983 non
2691 3929 2809 3983 sine
2857 3927 2948 3982 Dei
2992 3928 3242 3991 numine,
3275 3941 3456 3996 neque

1870 4025 2097 4081 omnino
2137 4024 2410 4079 inutiliter
2451 4030 2707 4076 versatus
2756 4021 2811 4073 in
2866 4021 2966 4072 hac
3018 4020 3164 4088 regia
3212 4029 3297 4073 est
3325 4018 3457 4074 civi-

1872 4125 2001 4181 tate,
2029 4116 2083 4169 in
2112 4131 2218 4186 qua
2245 4121 2330 4169 est
2352 4114 2517 4168 etiam
2560 4125 2781 4166 sacrum
2831 4112 2953 4183 ejus
3000 4126 3203 4180 corpus
3237 4110 3457 4181 reposi-

1871 4218 2031 4273 tum',
2113 4209 2409 4261 thesaurus
2489 4213 2915 4267 sacrosanctus,
3000 4203 3249 4265 divitiae,
3329 4219 3453 4272 qua:

1868 4301 2095 4357 minime
2129 4304 2555 4360 consumuntur,
2607 4294 2856 4349 omnium
2904 4292 3225 4352 morborum
3272 4284 3454 4349 reme.

1868 4395 2041 4449 dium.

1936 4488 2024 4542 iV.
2065 4487 2163 4542 llic
2210 4505 2341 4557 ergo
2390 4488 2539 4542 omni
2589 4503 2655 4541 ex
2693 4494 2849 4553 parte
2886 4500 3114 4554 magnus
3156 4484 3449 4553 Sampson,

186 4554 282 4624 λην
322 4554 491 4625 τήνδε
535 4552 693 4607 πόλιν
733 4552 1079 4616 καταλαόὼν,
1137 4556 1195 4605 ὲν
1248 4558 1457 4626 σμικρᾷ
1507 4558 1606 4624 μέν
1654 4572 1762 4611 τινι

1876 4594 1996 4635 cum
2052 4579 2117 4634 ad
2170 4580 2308 4635 hanc
2357 4578 2695 4649 pervenisset
2750 4577 3056 4641 civitatem,
3100 4575 3153 4629 in
3210 4575 3446 4645 quadarn

186 4649 367 4720 φαύλῃ
396 4649 594 4718 διῆγεν
620 4647 784 4718 οἰκία,
814 4648 874 4701 ὲν
902 4647 959 4700 δὲ
986 4644 1064 4717 τῷ
1097 4647 1323 4717 πλησίον
1362 4647 1623 4718 κήδεσθαι
1666 4666 1762 4703 πο-

185 4738 278 4803 λὺς
305 4736 376 4808 ῆν
400 4756 416 4771 ο
447 4741 553 4811 τὴν
585 4737 696 4807 γὰρ
720 4741 898 4792 οἰκίαν
928 4738 1130 4809 ταύτην
1162 4738 1571 4809 φιλανθρωπίας
1629 4742 1763 4795 ὑπό-

188 4831 333 4887 θεσιν
366 4834 467 4887 καὶ
510 4832 749 4899 ἰατρεῖον
794 4830 1025 4899 ἄμισθον
1054 4834 1439 4903 ποιησάμενος,
1467 4835 1592 4898 τοὺς
1625 4836 1765 4909 νόσῳ

187 4924 558 4994 πιεζομένους
593 4923 815 4988 ξενίζων
840 4916 906 4992 ἦν
934 4924 1028 4975 καὶ
1066 4924 1405 4995 φιλαδέλφως
1433 4928 1764 5001 ὑποδεχόμε.

186 5034 297 5082 νος,
330 5018 540 5087 καὶομῆ
587 5015 743 5085 μόνον
787 5014 1101 5085 ιπιμελείας
1146 5018 1312 5083 ἀξιῶν
1342 5020 1543 5091 πάσης,
1574 5022 1764 5095 ὥσπερ

184 5112 232 5162 οἱ
256 5110 356 5185 τῆς
390 5109 600 5179 τέχνης
624 5105 901 5175 βούλονται
925 5108 1100 5175 νόμοι,
1132 5108 1265 5163 ἀλλὰ
1296 5109 1389 5163 καὶ
1416 5113 1624 5183 τροφῆς
1648 5130 1764 5167 κοι-

189 5202 371 5256 νωνῶν
404 5203 504 5256 καὶ
545 5199 859 5270 στρωμνῆς,
892 5199 1201 5263 ἀκολούθως
1245 5204 1363 5260 ταῖς
1406 5203 1498 5257 τοῦ
1528 5206 1764 5276 Χριστοῦ

190 5292 457 5358 ιντολαῖςς
504 5291 604 5345 καὶ
647 5288 802 5343 τοῦτο
860 5290 958 5359 μὲν
996 5292 1065 5345 τά
1111 5294 1207 5358 τῆς
1254 5293 1468 5363 τέχνης,
1500 5297 1658 5349 τοῦτο
1707 5298 1765 5350 δὲ

193 5386 392 5455 μᾶλλον
420 5386 520 5437 καὶ
553 5383 625 5435 τά
662 5383 759 5453 τῆς
784 5383 1003 5454 χάριτος
1032 5384 1457 5455 ἐνδεικνύμενος.
1515 5389 1622 5441 Ποῦ
1657 5390 1765 5460 γάρ

189 5477 381 5548 τέχνης
413 5476 587 5546 ἔργον
614 5473 872 5543 δαίμονας
896 5474 1240 5540 ἀπελαύνειν,
1266 5478 1358 5530 καὶ
1389 5478 1577 5530 παθῶν
1610 5482 1761 5534 ἀνιά-

190 5584 293 5621 των
328 5567 781 5637 θαυματουργεῖν
817 5566 983 5637 τάσιν,
1018 5565 1054 5619 ἃ
1095 5568 1288 5637 ἐκείνῳ
1324 5569 1536 5644 δρᾶσαι,
1563 5564 1653 5621 οἷα
1693 5573 1756 5639 δὴ

190 5664 276 5715 καί
318 5664 381 5715 τὸ
424 5659 660 5731 θελῆσαι
685 5658 864 5730 ῥᾴδιον
906 5663 999 5713 καὶ
1032 5658 1245 5724 ἀπλῶςς
1274 5662 1465 5715 Ἀλλου
1500 5662 1598 5732 μὲν
1632 5663 1758 5717 ἀλλο

256 5850 269 5882 ¹
302 5848 496 5905 Matth.
527 5861 641 5901 xu.

1870 4688 2035 4741 parva
2073 4682 2127 4726 et
2153 4672 2347 4725 humili
2381 4672 2546 4727 domo
2578 4669 2889 4734 habitabat,
2927 4669 2982 4722 in
3030 4668 3267 4738 proximi
3317 4684 3448 4723 cura

1865 4764 2101 4834 gerenda
2159 4764 2433 4817 assiduus.
2497 4761 2630 4815 Nam
2683 4776 2807 4814 cum
2856 4760 2997 4814 hanc
3028 4760 3251 4814 domum
3289 4759 3447 4813 beni-

1866 4859 2090 4928 gnitatis
2116 4866 2519 4927 argumentum.
2570 4862 2626 4910 et
2670 4854 2969 4923 gratuitam
3008 4853 3231 4905 fecisset
3272 4850 3444 4906 oﬂici-

1868 4965 2014 5013 nam,
2050 4964 2168 5014 cos,
2198 4948 2291 5018 qui
2330 4948 2524 5004 morbo
2560 4945 2974 5017 premebantur,
3008 4944 3250 5013 hospitio
3295 4944 3446 5000 exci-

1861 5042 2065 5109 piebat,
2098 5052 2153 5095 et
2197 5040 2435 5095 fraterne
2482 5041 2805 5093 tractabat:
2846 5050 2951 5091 nec
3002 5036 3181 5091 solum
3237 5035 3291 5089 in
3344 5050 3444 5090 cos

1862 5133 2010 5187 omni
2042 5134 2302 5187 utebatur
2350 5147 2482 5187 cura
2534 5140 2589 5185 et
2625 5130 2937 5200 diligentia,
2972 5136 3034 5181 ut
3070 5128 3262 5182 volunt
3290 5126 3441 5197 leges

1860 5228 2017 5287 artis,
2059 5225 2152 5280 sed
2205 5235 2259 5279 et
2308 5225 2514 5287 cibum,
2569 5237 2623 5278 ct
2680 5223 2862 5277 cubile
2918 5220 3000 5276 eis
3060 5219 3438 5289 impertiebat,

1860 5317 2161 5374 secundum
2194 5314 2398 5370 Christi
2439 5325 2737 5385 praecepta,
2792 5314 2991 5381 partim
3042 5312 3266 5383 quidem
3304 5314 3441 5367 artis

1858 5419 1992 5467 sum,
2038 5404 2231 5473 partim
2276 5420 2408 5459 vero
2450 5404 2649 5459 divina:
2698 5402 2889 5475 gratia:
2926 5397 3194 5457 beneficia
3238 5400 3443 5470 imper-

1866 5497 2026 5550 tiens.
2060 5495 2200 5561 Quid
2251 5496 2441 5550 enim?
2494 5495 2578 5550 An
2636 5497 2771 5550 artis
2822 5509 2963 5565 opus
3013 5502 3102 5549 est
3156 5492 3438 5548 daemones

1865 5584 2158 5652 expellere.
2201 5593 2258 5637 et
2300 5584 2619 5638 morborum
2666 5585 2973 5639 mirabilem
3011 5582 3227 5639 efficere
3277 5598 3437 5636 cura-

1865 5674 2112 5731 tionem?
2153 5674 2282 5742 Qua
2326 5676 2547 5746 quidem
2573 5678 2623 5733 ei
2655 5679 2856 5743 facere,
2896 5692 3006 5734 non
3051 5675 3235 5730 minus
3268 5689 3435 5745 quam
