4180 6476
706 414 814 476 283
2003 425 2274 487 MENSIS

2371 427 2624 491 UNIUS.
3826 431 3930 500 281

706 524 865 587 velle,
905 533 1022 578 erat
1062 524 1238 579 facile.
1290 528 1354 582 Et
1381 528 1539 582 alteri
1578 531 1798 600 quidem
1842 532 2049 603 aliquid
2094 532 2267 598 aliud,

2372 552 2457 588 τι·
2490 534 2731 605 Σαμψὼν
2763 537 2819 589 δὲ
2853 538 2883 607 ὴ
2927 536 3197 608 ξενοδοχία
3224 537 3316 592 καὶ
3348 539 3722 611 φιλανθρωπία
3779 544 3869 594 καὶ
3907 546 3935 595 δ

708 614 992 683 Sampsoni
1042 626 1221 669 autem
1269 616 1615 687 hospitalitas
1660 630 1716 677 et
1749 622 2082 695 benignitas,
2115 635 2170 680 et
2214 626 2268 679 in

2371 631 2498 700 περὶ
2551 630 2675 693 τοὺς
2714 628 2910 691 ἐνδεεῖς
2944 624 3123 691 οἶκτος
3157 630 3219 682 τὸ
3250 629 3559 690 ίδιαίτατον,
3601 632 3679 692 ὡς
3732 632 3928 701 μικροῦ

704 714 928 775 egentes
964 708 1363 777 misericordia,
1391 722 1506 767 erat
1529 714 1666 771 adeo
1698 718 1935 787 propria,
1971 729 2031 773 ut
2070 735 2264 788 prope-

706 798 929 853 modum
960 801 1062 870 ipsi
1096 805 1366 858 naturalis
1403 804 1577 872 lieret,
1621 809 1761 866 sicut
1791 810 1892 865 soli
1931 812 2153 881 quidem
2185 822 2269 867 est

704 889 1035 957 illuminare,
1076 894 1184 965 igni
1216 905 1395 953 autem
1443 914 1624 954 urere.
1659 900 1798 957 Hinc
1823 902 1987 957 etiam
2026 904 2269 960 innotuit

700 980 751 1034 ei
783 983 874 1051 qui
910 992 1040 1038 tunc
1074 996 1195 1041 erat
1242 987 1444 1044 Christi
1482 990 1734 1046 Pontifex
1765 1009 1778 1045 :
1811 992 2074 1049 bonitatis
2118 996 2266 1048 enim

700 1075 961 1141 splendor
1017 1086 1074 1131 et
1136 1078 1304 1134 decus
1345 1096 1460 1147 eos,
1520 1083 1615 1152 qui
1664 1099 1784 1137 eam
1836 1094 2115 1149 exercent,
2158 1087 2269 1141 cito

703 1166 967 1231 propalat.
1022 1170 1073 1222 Is
1131 1180 1313 1225 autem
1357 1182 1478 1227 erat
1528 1174 1713 1228 Menas
1751 1176 1849 1245 (2),
1902 1178 2105 1232 virtute
2160 1195 2266 1233 non

699 1254 987 1312 obscurus.
1019 1260 1101 1314 Ab
1137 1262 1235 1315 illo
1267 1263 1559 1319 ordinatur
1590 1266 1872 1332 sacerdos,
1906 1268 2129 1336 triginta
2152 1271 2264 1340 jam

697 1362 870 1400 annos
898 1359 1084 1413 natus,
1118 1362 1173 1405 et
1200 1356 1365 1422 paulo
1387 1357 1531 1424 plus.
1573 1357 1779 1413 Deinde
1814 1369 1869 1414 et
1908 1361 1958 1414 ei
2003 1363 2264 1427 innotuit,

699 1437 791 1503 qui
831 1437 1253 1496 administrabat
1302 1445 1617 1515 imperium.
1659 1446 1717 1501 Id
1749 1457 1932 1503 autem
1972 1465 2039 1503 ex
2081 1466 2149 1505 eo
2175 1468 2269 1505 ac-

698 1525 854 1580 cidit.

771 1618 832 1671 V.
882 1618 1232 1679 Justinianus
1299 1627 1521 1695 quidem
1575 1640 1713 1692 erat.
1777 1633 1872 1703 qui
1935 1633 2266 1703 imperabat,

696 1711 854 1778 cujus
884 1724 941 1766 et
981 1716 1199 1785 imperii
1248 1719 1576 1776 diuturnum
1627 1724 1736 1778 fuit
1790 1733 2010 1796 tempus
2062 1729 2165 1797 (3),
2210 1738 2266 1785 et

695 1801 802 1856 vita
851 1803 1105 1862 illustris.
1161 1808 1226 1864 Ei
1273 1806 1502 1868 morbus
1542 1814 1797 1869 incubuit
1843 1818 2002 1872 valde
2058 1821 2262 1888 gravis,

695 1908 819 1946 cum
872 1896 922 1948 ei
970 1898 1111 1952 male
1163 1899 1359 1955 aﬂ‘ecta
1414 1913 1601 1959 essent
1666 1906 1946 1975 pudenda,
1982 1917 2039 1962 et
2085 1912 2264 1965 vesica
2296 1888 2337 1941 Β

694 1988 845 2056 gravi
885 1987 1159 2046 laboraret
1216 1993 1421 2049 ulcere.
1458 1996 1638 2067 Atque
1684 2000 1777 2055 ille
1820 2002 2045 2071 quidem
2094 2003 2268 2073 patie-

694 2080 875 2145 batur,
903 2094 959 2137 et
988 2083 1292 2155 laborabat,
1327 2106 1429 2145 nec
1461 2093 1679 2148 dolores
1725 2094 1869 2151 ferre
1918 2107 2152 2166 poterat.
2203 2100 2267 2156 Ei

694 2181 875 2226 autem
922 2184 1039 2229 erat
1083 2178 1483 2237 circumfusum
1547 2199 1775 2240 examen
1832 2189 2169 2242 medicorum
2212 2199 2268 2244 et

695 2263 841 2317 circa
868 2280 1015 2331 eum,
1047 2280 1106 2321 ut
1132 2286 1251 2324 mos
1288 2283 1393 2336 est,
1423 2275 1651 2329 aderant
1697 2292 1893 2348 magno
1933 2281 2118 2335 studio
2152 2281 2273 2336 dis-

696 2366 952 2422 putantes
1001 2374 1014 2410 :
1054 2360 1147 2429 qui
1204 2360 1273 2415 ad
1312 2366 1746 2433 promittendum
1796 2371 2059 2440 quidem,
2106 2382 2163 2428 et
2199 2373 2267 2428 ad

696 2444 837 2500 bona
872 2464 968 2518 spe
1009 2452 1349 2521 implendum
1394 2467 1525 2511 sunt
1561 2459 1725 2513 valde
1767 2463 2027 2531 prompti,
2072 2473 2132 2517 ut
2173 2464 2267 2533 qui

695 2548 751 2598 et
774 2542 893 2609 ejus
921 2558 1160 2609 manum,
1191 2549 1283 2615 qui
1319 2548 1553 2615 laborat,
1603 2550 1733 2605 hinc
1769 2552 2020 2618 inritent,
2066 2567 2119 2611 et
2154 2557 2267 2612 elﬁ-

698 2632 870 2697 ciant,
897 2643 955 2687 ut
987 2638 1059 2690 sit
1103 2636 1171 2692 ad
1212 2638 1457 2695 dandum
1490 2641 1725 2698 alacrior
1759 2662 1772 2698 :
1808 2655 1868 2700 ut
1912 2658 2096 2702 autem
2140 2664 2268 2718 pro—

698 2725 866 2780 missa
911 2726 1191 2783 deducant
1232 2730 1299 2784 ad
1346 2732 1629 2797 effectum,
1674 2746 1731 2791 et
1760 2737 2101 2793 laborantem
2134 2740 2270 2794 libe-

700 2827 822 2871 rent
858 2820 927 2874 ab
954 2836 1022 2875 eo
1056 2823 1202 2892 quod
1234 2839 1361 2878 eum
1390 2826 1529 2880 male
1557 2828 1744 2893 habet,
1775 2845 1885 2883 non
1913 2830 2089 2883 solum
2113 2831 2271 2893 brevi

701 2926 808 2969 non
864 2925 1096 2982 possunt
1140 2916 1387 2983 eﬂicere,
1422 2918 1521 2973 sed
1567 2934 1748 2990 neque
1808 2922 1970 2994 longa
2013 2939 2165 2979 mora
2210 2934 2269 2980 et

698 3001 982 3067 dilatione,
1028 3022 1208 3076 neque
1242 3008 1391 3079 longi
1439 3012 1703 3081 temporis
1743 3023 1961 3069 utentes
2009 3018 2217 3072 auxilio
2252 3037 2265 3073 :

699 3090 793 3144 sed
822 3093 996 3159 parati
1021 3096 1248 3163 quidem
1284 3107 1419 3154 sunt
1445 3115 1637 3155 eorum
1659 3101 1756 3170 qui
1785 3104 2061 3169 laborant,
2107 3123 2270 3162 accu-

2369 724 2466 776 καὶ
2492 724 2569 786 εἰς
2598 722 2812 791 φύσεως
2835 722 3151 775 ἀποϐαίνειν
3189 723 3614 794 ἀναγκαιότητα,
3648 719 3760 775 οἷον
3792 725 3931 794 ἡλίῳ

2371 814 2469 884 μὲν
2512 814 2574 866 τὺ
2617 816 2891 883 φωτίζειν,
2926 815 3057 883 πυρὶ
3088 815 3142 867 δὲ
3179 814 3240 867 τὸ
3272 815 3472 869 καίειν.
3524 813 3807 868 Ἐντεῦθεν
3839 816 3933 869 καὶ

2367 909 2445 977 τῷ
2474 909 2774 979 τηνικαῦτα
2818 913 3069 981 ἀρχιερεῖ
3115 911 3206 964 τοῦ
3248 912 3482 980 Χριστοῦ
3522 913 3682 981 δῆλος
3720 913 3929 980 γίνεται

2372 1001 2560 1068 (ἀρετὴ
2595 1000 2700 1069 γὰρ
2749 1004 2999 1070 πρᾶγμα,
3039 1001 3129 1055 ἴσα
3187 1003 3326 1068 φωτὶ
3383 1003 3619 1070 λάμπον,
3661 1001 3784 1053 ὅθεν
3842 1003 3933 1052 καὶ

2368 1090 2502 1157 ταχὺ
2563 1088 2681 1140 λίαν
2734 1089 3099 1159 ἀνακηρύττει
3164 1092 3288 1153 τοὺς
3350 1090 3676 1158 μετιόντας).
3737 1089 3931 1155 Μῆνας

2366 1174 2517 1240 οὗτος
2563 1175 2630 1249 ἦν
2698 1182 2724 1232 ὁ
2769 1181 2867 1249 τὴν
2922 1180 3121 1251 ἀρετὴν
3178 1182 3277 1233 οὐκ
3310 1181 3524 1251 ἄδηλος,
3575 1181 3667 1232 καὶ
3720 1180 3929 1248 ἱερεύς·

2368 1274 2458 1326 ὑπ’
2506 1274 2711 1325 ἐκείνου
2771 1276 3155 1342 χειροτονεῖται
3206 1274 3501 1342 τριάκοντα
3550 1273 3651 1342 ἠδη
3690 1273 3930 1339 γεγονὼς

2368 1368 2486 1434 ἔτη,
2546 1368 2638 1419 καὶ
2697 1369 2890 1437 μικρόν
2945 1386 2997 1421 τι
3045 1370 3203 1438 πρός.
3244 1364 3373 1420 Εῐτα
3423 1367 3515 1419 καὶ
3545 1366 3622 1433 τῷ
3652 1365 3751 1432 τὴν
3786 1363 3932 1431 βασι-

2366 1460 2516 1511 λείαν
2575 1459 2810 1511 διέποντι
2865 1462 3094 1528 φανερὸς
3146 1459 3395 1525 γίνεται’
3452 1458 3582 1524 παρ’
3640 1458 3823 1510 αἰτίαν
3876 1455 3929 1505 δὲ

2367 1553 2643 1617 τοιαύτην.

2436 1641 2512 1697 E'.
2550 1643 2921 1706 Ἰουστινιανδς
2956 1642 3055 1711 μὲν
3109 1637 3176 1713 ἦν
3211 1644 3239 1694 ὁ
3274 1642 3514 1710 κρατῶν,
3557 1636 3620 1694 οὗ
3648 1640 3743 1692 καὶ
3776 1642 3803 1691 ὁ
3834 1640 3930 1706 τῆς

2364 1742 2538 1811 ἀρχῆς
2559 1739 2747 1809 χρόνος
2768 1739 2955 1803 πολὺς,
2990 1738 3085 1790 καὶ
3113 1739 3139 1790 ὁ
3172 1737 3285 1807 βίος
3311 1737 3601 1804 ἐπιφανής.
3627 1732 3817 1800 Τούτῳ
3846 1734 3927 1783 νό-

2367 1849 2456 1893 σος
2478 1834 2770 1900 ἐνσκήπτει
2802 1832 2946 1901 μάλα
2974 1830 3166 1900 βαρεῖα
3211 1830 3318 1882 τῶν
3344 1826 3555 1881 αἰδοίων
3578 1825 3727 1893 αὑτῷ
3762 1842 3927 1893 πονη-

2370 1924 2476 1992 ρῶς
2500 1925 2753 1992 ἐχόντων,
2790 1924 2884 1975 καὶ
2919 1923 3017 1989 τῆς
3054 1922 3291 1982 κύστεως
3326 1921 3470 1973 ἕλκει
3503 1919 3725 1989 χαλεπῷ
3760 1935 3931 1970 κακω-

2367 2016 2572 2085 θείσης.
2613 2015 2670 2067 '0
2721 2016 2819 2084 μὲν
2851 2011 2945 2067 οὖν
2987 2013 3191 2082 ἔπασχέ
3226 2030 3283 2065 τε
3317 2013 3408 2065 καὶ
3446 2013 3650 2080 ἔκαμνε
3698 2014 3793 2065 καὶ
3836 2011 3932 2070 τὰς

2365 2108 2555 2170 ὀδύνας
2579 2107 2789 2178 φέρειν,
2821 2109 2879 2159 οὐ
2907 2106 3130 2169 δυνατὸς
3159 2100 3250 2177 ἦν’
3285 2104 3484 2175 ἰατρῶν
3512 2104 3569 2155 δὲ
3594 2106 3800 2171 σμῆνος
3834 2103 3933 2153 αῦ-

2364 2199 2442 2269 τῷ
2458 2199 2813 2269 περιεκέχυτο
2830 2200 2919 2251 καὶ
2935 2198 3063 2270 περὶ
3078 2198 3258 2258 αὑτὸν.
3280 2196 3467 2266 ῶσπερ
3487 2193 3627 2257 ἔθος,
3656 2192 3933 2245 σπουδαιο-

2365 2291 2683 2358 λογούμενοι
2709 2290 2982 2359 παρῆσαν,
3019 2291 3069 2342 οἰ
3097 2286 3520 2356 ἐπαγγείλασθαι
3554 2285 3657 2354 μὲν
3687 2286 3781 2338 καὶ
3806 2285 3936 2351 ἀγα-

2368 2384 2477 2439 θῶν
2508 2384 2739 2438 ἐλπίδων
2765 2383 3050 2454 πληρῶσαι
3076 2381 3274 2451 κομιδὴ
3294 2382 3594 2450 πρόχειροι,
3626 2380 3719 2432 ἅτε
3744 2378 3808 2442 δὴ
3843 2379 3935 2430 καὶ

2365 2477 2464 2547 τὴν
2500 2479 2660 2547 χεῖρα
2687 2476 2779 2530 τοῦ
2805 2475 3102 2544 κάμνοντος
3125 2471 3374 2528 ἐντεῦθεν
3408 2469 3811 2531 ὐποκινοῦντες,
3840 2471 3935 2521 καὶ

2368 2568 2787 2640 προθυμοτέραν
2826 2569 2903 2630 είς
2928 2566 3197 2628 ἐπιδόσεις
3227 2559 3366 2619 εἰναι
3400 2560 3934 2632 παρασκευάζοντες·

2367 2663 2447 2725 εἰς
2478 2662 2638 2730 ἔργον
2665 2660 2721 2711 δὲ
2740 2658 2801 2710 τὸ
2834 2656 3169 2725 ἐπαγγελθὲν
3191 2657 3437 2724 ἀγαγεῖν,
3465 2652 3677 2707 καὶτοῦ
3708 2650 3941 2704 λυποῦνι

2368 2771 2457 2816 τος
2487 2752 2792 2819 ἀπαλλάξαι
2811 2750 2905 2805 τὸν
2964 2749 3305 2820 πιεζόμενον,
3334 2748 3394 2800 οὐ
3427 2748 3584 2818 μόνον
3611 2747 3713 2799 οὐκ
3743 2748 3800 2797 ἐν
3827 2744 3935 2796 ὀλί-

2370 2861 2450 2915 γῳ
2493 2844 2708 2897 δυνατοὶ
2754 2845 2948 2907 ποιεῖν,
2998 2840 3112 2894 ἀλλ’
3146 2840 3270 2895 οὐδὲ
3315 2838 3475 2910 τριϐῇ
3524 2836 3619 2890 καὶ
3680 2835 3933 2905 μελλήσει

2370 2938 2649 3000 πολλάκις,
2682 2936 2800 2989 οὐδὲ
2839 2936 2930 2988 τὸν
2972 2936 3181 3006 μακρὸν
3224 2934 3413 3004 χρόνον
3448 2931 3819 3002 λαμϐάνοντες
3857 2929 3933 2991 εἰς

2373 3030 2623 3100 βοήθειαν
2651 3046 2664 3060 ·
2721 3026 2835 3082 ἀλλ’
2896 3028 3106 3097 ἕτοιμοι
3171 3026 3371 3097 μᾶλλον
3438 3026 3562 3087 τοὺς
3626 3018 3935 3091 πάσχοντας

2371 3118 2650 3174 αἰτιᾶσθαι
2677 3121 2773 3190 τῆς
2809 3117 3159 3189 βραδύτητος,
3185 3114 3217 3187 ἢ
3248 3115 3343 3169 καὶ¹
3373 3114 3469 3177 τὰς
3502 3113 3631 3182 πρὸς
3664 3113 3719 3163 τὸ
3758 3113 3935 3179 χεῖρον

698 3197 821 3238 sare
856 3184 1198 3254 tarditatem,
1240 3194 1338 3248 aut
1375 3193 1545 3247 etiam
1587 3196 1654 3251 ad
1686 3196 1762 3263 id,
1810 3204 1956 3268 quod
2000 3210 2084 3256 est
2118 3202 2271 3258 dete-

698 3276 812 3303 ni.”-
880 3280 1281 3303 -......I:-.:.-x-_.
1348 3293 1401 3303 η.
1461 3286 1544 3303 ωη-
1658 3288 1672 3303 ι
1960 3293 1971 3303 .

2376 3184 2781 3284 συμϐαινούσας
2809 3184 3353 3282 περιπετείαςξώσεὶ
3386 3209 3459 3278 μὴ
3486 3212 3596 3270 τοῖς
3626 3205 3938 3272 παραγγέλ-

697 3276 836 3340 rius,
878 3280 1310 3348 proclivitatem,
1347 3293 1405 3338 ut
1451 3286 1545 3355 qui
1588 3288 1673 3343 vel
1719 3293 2006 3362 praeceptis
2036 3311 2146 3350 non
2175 3311 2268 3351 ac-

698 3365 1008 3436 quiescant,
1054 3373 1141 3426 vel
1187 3374 1312 3429 cibo
1353 3385 1409 3430 et
1445 3387 1579 3447 potu
1622 3397 1733 3436 non
1763 3397 1850 3445 ea,
1895 3401 2002 3454 qua
2038 3403 2135 3456 par
2160 3396 2266 3453 est,

696 3457 951 3515 cautione
1013 3472 1277 3520 utantur:
1326 3482 1387 3522 se
1444 3482 1648 3538 autem,
1683 3484 1741 3527 er
1785 3489 1868 3538 ea,
1900 3491 2020 3543 quae
2065 3481 2131 3531 ad
2174 3494 2273 3532 cu-

699 3549 934 3605 randum
992 3554 1278 3623 adhibent,
1334 3562 1734 3617 medicamenta
1802 3566 2026 3622 minime
2085 3586 2273 3641 repre-

696 3640 969 3700 hendunt.
1024 3645 1166 3712 Quid
1222 3666 1354 3721 ergo
1401 3653 1744 3723 imperator?
1792 3658 2085 3729 Postquam
2132 3640 2273 3718 vidit

696 3747 795 3786 eos
838 3736 1007 3790 multa
1048 3737 1271 3807 quidem
1317 3742 1523 3810 dicere,
1556 3755 1613 3800 et
1661 3762 1855 3817 magna
1900 3750 2066 3803 verba
2099 3752 2271 3821 loqui,

698 3822 836 3877 nihil
886 3835 1069 3883 autem
1120 3831 1375 3888 conferre
1437 3834 1504 3889 ad
1552 3837 1917 3905 curationem,
1972 3839 2085 3897 imo
2139 3858 2273 3899 vero

696 3912 919 3980 laedere,
952 3928 1008 3972 et
1031 3921 1269 3989 majores
1292 3921 1513 3978 dolores
1543 3924 1777 3993 aﬂ‘erre,
1817 3929 1935 3996 ipse
1967 3933 2275 4001 agitabatur

697 4004 922 4072 quidem
956 4007 1260 4077 doloribus,
1296 4012 1444 4070 ferre
1489 4031 1622 4072 vero
1661 4035 1773 4074 non
1809 4032 2045 4091 poterat.
2094 4026 2274 4097 Atque

698 4110 891 4152 omnes
947 4100 1170 4168 quidem
1214 4104 1461 4159 medicos
1502 4122 1571 4161 ex
1608 4124 1765 4178 requa
1789 4118 2183 4184 coudemnans,
2216 4126 2276 4173 ut

699 4188 944 4256 inutiles,
989 4191 1045 4247 in
1096 4194 1294 4250 malam
1350 4213 1464 4253 rem
1508 4198 1665 4257 abire
1708 4202 1924 4273 jussit:
1980 4208 2048 4262 ad
2103 4208 2273 4265 Deum

703 4292 885 4335 autem
927 4283 1196 4355 confugit,
1239 4298 1299 4343 ‘et
1340 4290 1391 4343 ei
1444 4307 1641 4363 magno
1696 4297 1879 4354 studio
1907 4300 2170 4367 adhaeret,
2218 4310 2275 4357 et

703 4372 854 4426 illinc
887 4376 1084 4442 quaerit
1121 4378 1405 4434 auxilium.
1438 4381 1845 4455 Nonnunquam
1884 4390 2029 4442 enim
2063 4402 2275 4460 egestas

704 4464 883 4528 docet,
914 4466 1044 4535 quid
1078 4467 1241 4523 nobis
1269 4473 1339 4525 sit
1382 4474 1544 4542 utile;
1573 4486 1631 4531 et
1655 4477 1843 4544 edicit,
1888 4488 1948 4534 ut
1979 4480 2271 4549 discamus,

2375 3321 2539 3376 μασιν
2577 3304 2842 3363 εἴκοντας,
2872 3303 2906 3371 ἢ
2948 3303 3077 3371 περὶ
3116 3302 3215 3363 τὰς
3250 3299 3476 3369 βρώσεις
3510 3299 3540 3365 ἢ
3582 3299 3774 3357 πόσεις
3807 3300 3938 3364 ἀφυ-

2370 3399 2586 3461 λάκτως
2639 3382 2898 3467 ἔχονταςέ
2936 3395 3147 3456 ἑαυτοῖς
3179 3392 3235 3445 δὲ
3280 3390 3376 3444 καὶ
3408 3384 3487 3453 οἷς
3517 3390 3814 3457 κέχρηνται
3861 3388 3937 3449 είς

2375 3490 2668 3561 θεραπείαν
2728 3487 3059 3557 φαρμάκοις,
3118 3484 3323 3556 μέμψιν
3373 3484 3421 3537 οἱ
3463 3482 3727 3553 βέλτιστοι
3780 3498 3942 3550 προσ-

2375 3580 2637 3635 άπτουσιν
2694 3576 2973 3648 οὐδεμίαν.
3009 3577 3074 3627 Τί
3109 3573 3201 3628 οὖν
3245 3576 3273 3626 ὀ
3307 3573 3445 3644 βασι.
3464 3573 3592 3637 εύς;
3639 3572 3731 3624 ἐπὶ
3771 3571 3938 3625 πολλὰ

2377 3669 2477 3740 μὲν
2508 3670 2703 3730 αὐτοὺς
2724 3666 2981 3736 λέγοντας
3010 3665 3154 3735 ἐώρα
3186 3665 3282 3718 καὶ
3302 3664 3608 3732 μεγαλορῤη
3620 3661 3937 3727 μονοῦντας,

2374 3759 2526 3811 οὐδὲν
2558 3758 2615 3810 δὲ
2643 3757 2778 3825 πρὸς
2809 3753 3104 3825 θεραπείαν
3141 3751 3426 3812 ἀνύοντας,
3462 3750 3543 3801 ὅτι
3678 3748 3773 3801 καὶ
3815 3748 3941 3816 βλά-

2375 3866 2608 3913 πτοντας
2638 3848 2732 3901 καὶ
2764 3846 2989 3901 ἀκεσίαν
3016 3845 3264 3907 ἅπαντας
3294 3840 3803 3911 ἀποδεικνυμένους,
3840 3842 3938 3893 αὒ-

2374 3943 2463 4004 τός
2490 3957 2549 3993 τε
2579 3938 2796 4001 ὀδύναις
2817 3936 3073 3991 ἐϐάλλετο
3109 3936 3229 4005 μὲν,
3264 3936 3450 4004 φέρειν
3469 3931 3526 3985 δὲ
3562 3932 3664 3985 οὐκ
3688 3931 3942 3997 ἠδύνατο·

2378 4031 2579 4103 ίατρῶν
2607 4029 2709 4099 μὲν
2744 4030 2832 4080 ἐπ’
2870 4030 2994 4095 ῖσης
3046 4027 3264 4079 πάντων
3299 4025 3360 4076 τὸ
3395 4024 3742 4090 ἀνωφέλητον
3776 4038 3944 4073 κατα-

2375 4123 2559 4193 γνοὺς,
2579 4118 2838 4191 οἰμώζειν
2865 4117 3068 4187 ἔφασκε
3088 4132 3107 4149 ο
3135 4113 3467 4188 προσφεύγει
3489 4113 3545 4167 δὲ
3579 4111 3782 4183 μᾶλλον
3804 4110 3940 4182 Θεῷ,

2375 4216 2470 4271 καὶ
2506 4212 2672 4267 αὐτοῦ
2703 4212 2824 4265 λίαν
2850 4208 3104 4280 ἐμμελῶς
3132 4210 3466 4278 περιέχεται,
3489 4205 3584 4259 καὶ
3608 4204 3708 4275 τὴν
3734 4203 3943 4257 ἐκεῖθεν

2375 4307 2534 4374 ζητεῖ
2565 4304 2839 4375 βοήθειαν.
2883 4304 3041 4355 Ἐστι
3064 4305 3174 4370 γὰρ
3220 4302 3309 4353 ὅτε
3350 4300 3415 4371 δὴ
3448 4298 3543 4352 καὶ
3568 4299 3601 4369 ἡ
3627 4298 3833 4369 ἀπορία
3867 4297 3946 4349 δι-

2374 4398 2642 4461 δάσκαλος
2672 4398 2806 4467 ἡμῖν
2835 4393 2929 4449 τοῦ
2954 4392 3359 4456 λυσιτελοῦντος
3385 4392 3615 4461 γίνεται,
3647 4391 3744 4443 καὶ
3763 4390 3885 4442 ὅθεν
3912 4391 3945 4457 ὴ

2375 4490 2610 4563 ἀψευδὴς
2657 4490 2783 4560 ἥκει
2840 4488 3080 4561 βοήθεια,
3143 4486 3433 4558 μανθάνειν
3486 4485 3658 4537 ποιεῖ.
3684 4502 3704 4533 ς.
3748 4482 3814 4535 Ἠ
3841 4482 3945 4555 γὰρ

706 4557 976 4611 undenarn
1009 4575 1198 4615 verum
1228 4564 1411 4619 veniat
1434 4567 1699 4624 auxilium
1725 4586 1739 4623 :
1766 4592 1783 4620 ιι
1816 4572 2093 4627 Auxilium
2129 4574 2274 4629 enim

2382 4557 2604 4658 βοήθειά
2630 4557 2755 4655 μου,
2782 4557 2936 4652 φήσὶ,
2965 4580 3112 4652 παρὰ
3144 4577 3372 4651 Κυρίου.
3420 4598 3439 4625 η

706 4663 909 4707 meum.
953 4650 1148 4721 inquit,
1180 4671 1211 4709 a
1239 4654 1470 4713 Domino
1497 4661 1540 4714 ’.
1582 4681 1601 4710 »

775 4739 860 4792 Vl.
897 4739 1032 4795 Cum
1060 4743 1245 4813 itaque
1278 4748 1632 4806 vehementer
1665 4753 1937 4821 petiissct.
1986 4773 2095 4812 non
2123 4756 2277 4813 tarde

707 4834 1084 4901 consequitur,
1145 4836 1243 4892 sed
1287 4838 1338 4893 ei
1375 4840 1429 4895 in
1479 4844 1688 4899 somnis
1735 4846 2043 4901 ostenditur
2087 4849 2275 4903 multi-

711 4923 842 4977 tudo
872 4925 1232 4994 medicorum,
1265 4932 1358 4999 qui
1391 4933 1583 4991 ordine
1615 4937 1837 5005 quidem
1869 4938 2140 5003 astabant,
2178 4941 2277 4995 ho-

711 5025 862 5069 nesta
915 5035 1073 5085 vero,
1123 5029 1181 5076 ct
1249 5038 1370 5092 quae
1431 5029 1812 5084 sacerdotibus
1874 5033 2279 5098 conveniebat,

709 5119 865 5161 erant
924 5121 1071 5167 veste
1124 5114 1325 5169 induti.
1369 5118 1514 5174 Vidit
1556 5130 1739 5176 autem
1778 5123 2070 5190 quemdam
2120 5137 2281 5179 acce-

710 5198 929 5255 dentem
968 5206 1307 5273 eunuchum,
1339 5222 1403 5264 ex
1436 5225 1571 5265 auro
1604 5213 1826 5281 quidem
1856 5225 2109 5268 contexta
2135 5227 2284 5273 veste

711 5294 982 5361 indutum,
1016 5299 1317 5371 Praeposito
1342 5318 1472 5359 vero
1502 5308 1703 5362 amictu
1737 5306 1991 5371 similem,
2015 5305 2106 5375 qui
2135 5306 2284 5362 visus

709 5399 795 5445 cst
820 5393 1109 5447 ostendere
1146 5411 1315 5449 unum
1339 5412 1670 5468 quemquam
1702 5415 1769 5454 ex
1798 5399 2045 5465 medicis,
2078 5414 2188 5467 quo
2211 5400 2284 5454 sit

792 5514 809 5540 ’
833 5514 975 5571 Pszil.
995 5532 1113 5579 cxx,
1146 5517 1198 5569 2.

783 5676 855 5733 (ἓ)
888 5676 1272 5748 APatriarcha
1318 5676 1472 5747 Mena
1503 5692 1613 5733 non
1654 5680 1898 5748 potuisse
1929 5678 2283 5747 Sampsonem

711 5747 1328 5871 ordinariissacerdotcm
1358 5749 1565 5804 dictum
1591 5747 1674 5806 est
1702 5751 1756 5804 in
1811 5749 2115 5805 Comment.
2148 5765 2287 5819 prce-

716 5834 800 5871 γιο
834 5835 881 5870 n.
1005 5861 1014 5870 .

716 5834 800 5871 YIO
834 5835 881 5870 η.
932 5834 1014 5871 Ίό.

2455 4756 2546 4826 q'.
2572 4757 2803 4827 Θερμῶς
2837 4753 3127 4828 τοιγαροῦν
3168 4755 3423 4824 αἰτήσας,
3457 4754 3518 4804 οὐ
3563 4751 3805 4822 βραδέως
3835 4752 3948 4804 ἐπι-

2382 4850 2661 4919 τυγχάνει,
2706 4848 2844 4903 ἀλλά
2890 4846 3010 4902 κατ’
3048 4845 3181 4920 ὄναρ
3229 4845 3376 4916 αὐτῷ
3427 4844 3703 4899 δείκνυται
3742 4845 3955 4915 ἰατρῶν

2382 4943 2586 5013 πλῆθος
2632 4943 2878 5014 στιχηδὸν
2912 4942 3333 5013 παριστάμενοι,
3362 4941 3460 5008 τὴν
3498 4942 3600 5007 μέν
3632 4956 3715 4992 τοι
3762 4938 3949 5007 στολὴν

2382 5036 2725 5106 ἱεροπρεπῶς
2785 5035 3161 5105 περικείμενοι
3191 5048 3205 5062 ⁸
3266 5030 3523 5099 εὐνοῦχον
3570 5031 3629 5083 δέ
3660 5048 3783 5082 τινα
3809 5045 3947 5100 παρ-

2380 5127 2602 5181 ελθόντα
2624 5128 2694 5180 ἐώ
2706 5145 2793 5193 ρα,
2824 5128 3104 5195 χρυσουφῇ
3138 5124 3238 5193 μὲν
3263 5120 3751 5193 περιϐεϐλημένον,
3777 5120 3948 5189 Πραι-

2389 5218 2596 5287 ποσίτῳ
2624 5218 2681 5271 δὲ
2718 5216 2817 5287 τὴν
2839 5215 3106 5285 ἀναϐολὴν
3128 5214 3337 5285 ὅμοιον,
3362 5213 3420 5276 δς
3449 5213 3541 5265 καὶ
3577 5211 3950 5265 ὑποδεικνύειν

2389 5308 2540 5377 αὑτῷ
2570 5307 2729 5380 ἐῴκει
2766 5308 2872 5362 τῶν
2904 5306 3102 5376 ἰατρῶν
3146 5306 3397 5371 ἕκαστον,
3430 5304 3575 5366 ὅπως
3620 5303 3733 5373 ἔχει
3788 5318 3952 5372 προσ-

2389 5402 2541 5452 ὡπου
2581 5402 2675 5453 καὶ
2709 5399 2924 5469 ἡλικίας
2974 5399 3066 5450 καὶ
3094 5396 3545 5467 παραστήματος,
3595 5394 3679 5461 ἐφ’
3718 5386 3803 5454 οἷς
3858 5390 3949 5443 ἕνα

2464 5676 2833 5803 (3)dR:ggavit
2860 5674 3204 5732 Justinianus
3234 5670 3457 5744 Magnus
3490 5668 3555 5722 ab
3579 5685 3726 5722 anno
3750 5663 3956 5722 Christi

2466 5753 2494 5803 7
2517 5766 2546 5803 ει
2671 5751 2681 5763 '
2728 5788 2739 5800 .

2393 5750 2494 5805 527
2517 5750 2581 5803 ad
2617 5750 2739 5801 465.
