4180 6474
177 426 274 489 285

1421 422 1598 483 VITA
1637 423 1699 485 S.
1741 422 2182 483 SAMPSONIS.

3339 426 3447 488 286

177 540 299 592 εντα
331 538 395 589 τὸ
431 536 739 607 πρόσχημα
781 532 1065 599 ταπεινὸν,
1101 532 1201 602 τὴν
1239 532 1433 585 πολιὰν
1492 532 1741 604 εὐπρεπῆ

1873 533 2049 596 vultu,
2089 542 2249 587 aetate
2278 541 2334 586 et
2368 532 2594 597 habitu;
2626 532 2769 586 inter
2804 547 2941 601 quos
2970 547 3159 595 unum,
3202 534 3293 601 qui
3329 539 3447 586 erat

176 632 266 701 τὴν
296 630 515 682 ἔνδυσιν
542 628 801 694 εὐσταλῆ,
827 625 1092 697 γνωρίσαι
1118 642 1177 677 τε
1209 624 1399 677 τοῦτον
1428 619 1505 696 τῷ
1553 625 1761 696 βασιλεῖ

177 722 583 791 ἑμμελέστερον
630 720 726 774 καὶ
764 714 873 781 οἷός
915 721 1031 770 ἐστι
1075 717 1299 770 πάντων
1339 719 1759 786 παρασκευάσαι

178 812 535 881 καταμαθεῖν,
572 814 664 864 καὶ
695 813 769 872 ὡς
793 811 953 872 αὐτὸς
987 809 1170 878 μόνος,
1201 809 1261 861 οὐ
1298 809 1398 878 μέν
1419 826 1501 863 τοι
1529 810 1637 863 τῶν
1666 810 1759 883 ἆλ-

176 908 273 959 λων
303 907 507 970 οὐδεὶς,
542 907 736 973 φάναι,
766 903 990 963 δυνατός
1049 920 1131 955 σοι
1178 901 1366 954 δοῦναι
1413 902 1509 957 τοῦ
1552 902 1759 958 πάθους

176 997 512 1065 ἀπαλλαγήν.
559 997 710 1050 Ἐπεὶ
738 992 827 1048 οὖν
852 996 945 1047 καὶ
986 994 1159 1047 ὕπνου
1198 995 1387 1064 ἀνείθη
1416 996 1445 1047 ό
1472 995 1754 1063 βασιλεὺς,

183 1090 350 1160 ἀληθῆ
382 1092 579 1155 κρίνας
610 1091 698 1140 τὸν
722 1087 928 1157 ὄνειρον
956 1089 1152 1157 (ἐποίει
1190 1088 1298 1157 γὰρ
1342 1089 1625 1141 πιστεύειν
1661 1091 1759 1142 καὶ

175 1182 337 1235 ταῦτα
369 1182 738 1250 οἰκονομήσας
762 1180 889 1232 ίδεῖν
917 1178 1007 1230 καὶ
1034 1177 1241 1247 μέλλων
1269 1178 1329 1243 ἐξ
1352 1178 1513 1249 ἔργου
1545 1178 1614 1232 τὰ
1637 1182 1760 1249 ὁρα-

177 1276 326 1327 θέντα
355 1272 787 1340 πιστώσασθαι),
824 1273 998 1342 χαρᾶς
1038 1270 1136 1338 μὲν
1183 1270 1528 1339 πληροῦταιο
1589 1288 1758 1339 μετα-

178 1366 419 1417 καλεῖται
449 1364 505 1416 δὲ
541 1366 667 1426 τοὺς
696 1364 912 1431 ἰατροὺς
943 1362 1164 1426 εὐθέως.
1197 1364 1305 1415 Καὶ
1334 1364 1384 1414 oi
1419 1362 1521 1431 μὲν
1556 1361 1756 1431 συνῆλ-

176 1460 261 1511 θον
310 1462 405 1511 καὶ
442 1460 524 1520 εἰς
570 1458 693 1527 ὄψιν
739 1457 889 1527 αὑτῷ
930 1457 1279 1526 παρέστησαν
1324 1456 1570 1519 ἅπαντες
1595 1472 1610 1487 ο
1651 1458 1678 1508 ὁ
1712 1456 1758 1510 δ’

174 1551 323 1620 ἐπῄει
352 1551 594 1601 ἕκαστον
628 1548 1088 1618 φιλοπραγμονῶν
1140 1548 1405 1616 ἐσχάτως,
1446 1547 1542 1599 καὶ
1591 1548 1759 1615 βασα-

177 1646 331 1706 νίζων
363 1644 466 1713 οὐχ
490 1639 678 1714 ἦττον,
710 1643 741 1710 ἢ
773 1642 864 1694 τὸν
896 1640 1148 1710 χρύσδνή
1182 1640 1352 1692 Λυδία
1375 1639 1544 1703 λίθος,
1584 1641 1758 1708 πρόσ-

173 1737 317 1787 ωπόν
369 1750 432 1786 τε
467 1736 567 1788 καὶ
604 1734 789 1804 σχῆμα
837 1732 933 1785 καὶ
968 1730 1185 1801 ἠλικίαν
1232 1731 1375 1784 κατὰ
1422 1731 1492 1784 τὰ
1541 1731 1761 1784 ὑποδει-

174 1826 368 1894 χθέντα
424 1824 737 1894 παράσημα
790 1822 878 1876 διὰ
929 1824 1036 1876 τῶν
1078 1823 1323 1892 ὀνείρων.
1371 1823 1456 1887 Ὠς
1502 1823 1563 1875 δὲ
1608 1823 1759 1876 οὐδὲν

1861 629 2045 696 specie
2092 627 2338 687 humilis,
2393 626 2546 679 canis
2599 624 2856 689 decorus,
2904 626 3102 678 vestitu
3176 626 3447 679 honestus

1860 728 1917 772 et
1953 718 2313 783 compositus,
2351 716 2672 785 diligentius
2707 730 2926 778 curare,
2987 727 3045 769 ut
3093 725 3251 771 notus
3296 727 3444 769 esset

1861 808 2217 877 imperatori;
2273 818 2329 862 et
2373 808 2612 872 eliicere,
2664 818 2722 861 ut
2767 808 2935 863 sciret
2974 808 3154 875 qualis
3194 818 3337 861 esset
3383 809 3441 860 ιη

1858 902 2137 965 erunibus,
2167 912 2222 955 et
2251 902 2451 955 dixisse
2490 918 2504 954 :
2548 901 2646 954 Hic
2674 900 2845 963 solus,
2890 911 2945 954 et
2978 902 3162 953 nullus
3197 916 3263 953 ex
3291 900 3440 962 aliis,

1862 991 1957 1045 tibi
2012 999 2192 1059 potest
2239 990 2394 1054 dare,
2437 1000 2554 1043 uta
2590 1000 2767 1045 morte
2818 990 3095 1045 libereris.
3145 991 3441 1057 Postquam

1859 1092 2045 1136 autem
2090 1097 2120 1135 a
2168 1097 2362 1136 somno
2406 1082 2513 1135 fuit
2559 1082 2830 1136 excitatus
2875 1082 3195 1150 imperator,
3244 1095 3436 1135 verum

1854 1174 2110 1243 judicans
2155 1189 2277 1228 esse
2309 1175 2583 1229 somnium
2618 1176 2701 1244 (ut
2734 1174 2985 1229 crederet
3026 1175 3197 1237 enim,
3238 1174 3439 1226 effece-

1860 1275 1944 1320 rat
1976 1267 2020 1321 is
2050 1268 2141 1336 qui
2174 1267 2490 1336 providerat
2515 1276 2574 1321 ut
2612 1267 2846 1332 videret,
2885 1277 2941 1322 et
2991 1282 3113 1336 quae
3148 1268 3263 1319 visa
3317 1266 3437 1318 fue-

1862 1365 2003 1420 rant,
2042 1368 2161 1409 erat
2190 1372 2249 1410 re
2278 1356 2394 1425 ipsa
2432 1356 2905 1425 conﬁrmaturus),
2937 1356 3199 1423 impletur
3219 1355 3439 1423 quidem

1860 1448 2101 1516 gaudio:
2163 1449 2396 1502 accersit
2474 1457 2654 1503 autem
2704 1450 2884 1501 statim
2928 1447 3191 1501 medicos.
3246 1447 3313 1499 Et
3362 1445 3440 1499 illi

1860 1539 2080 1606 quidem
2115 1549 2517 1602 convenerunt,
2550 1548 2608 1593 et
2640 1555 2698 1593 se
2732 1540 2782 1593 ei
2828 1554 3021 1593 omnes
3050 1554 3235 1593 coram
3272 1539 3431 1592 stite-

1860 1637 2007 1681 ruut.
2044 1629 2143 1683 Hic
2186 1646 2318 1684 vero
2349 1645 2801 1699 unumquemque
2854 1631 3163 1693 lustrabat,
3205 1630 3441 1699 diligen-

1861 1721 2071 1775 tissime
2131 1732 2521 1790 perscrutaus,
2578 1735 2634 1775 et
2691 1738 2799 1774 non
2867 1722 3049 1775 minus
3117 1722 3439 1778 examinans

1860 1827 2021 1881 quam
2050 1828 2244 1867 aurum
2281 1813 2420 1881 lapis
2452 1812 2673 1883 Lydius,
2706 1812 3031 1881 vultumque
3081 1820 3138 1866 et
3184 1811 3434 1881 ﬁguram,

175 1916 277 1967 τῶν
313 1916 610 1985 παρόντων
658 1914 804 1984 ἑώρα
847 1912 1049 1967 τοιόνδε
1098 1912 1411 1983 γνώρισμα,
1458 1910 1609 1982 λύπῃ
1666 1914 1751 1967 καῚ

1862 1914 1919 1956 οι
1961 1914 2198 1969 aetatem,
2249 1904 2553 1959 secundum
2605 1905 2784 1973 signa,
2828 1920 2950 1973 qua:
3000 1912 3159 1958 erant
3218 1912 3440 1958 ostensa

172 2010 375 2078 ἀπορίᾳ
422 2005 725 2075 συνείχετο,
766 2006 859 2059 καὶ
900 2002 987 2058 οἷα
1028 2001 1454 2074 διψητικώτερος
1502 2004 1588 2055 ἔτι
1624 2005 1759 2057 καθ-

176 2098 362 2151 ίστατο
406 2098 503 2150 τοῦ
534 2095 967 2164 ὲπαγγελθέντος
1001 2093 1417 2162 ἀποτυγχάνων.
1468 2093 1758 2146 Ἐντεῦθεν

179 2188 342 2258 πολλή
396 2203 454 2240 τε
497 2187 595 2239 καὶ
637 2185 814 2255 θερμὴ
847 2184 939 2236 καὶ
965 2181 1112 2246 ὀξεῖα
1137 2183 1385 2253 ζήτησις,
1424 2183 1758 2253 ἐπαγγελίαι

178 2298 234 2332 τε
255 2279 479 2348 δωρεῶν
514 2278 608 2330 καὶ
642 2275 814 2346 τιμῶν
856 2275 1153 2347 μεγίστων,
1178 2263 1302 2338 ἆς’ό
1334 2276 1424 2329 τὸν
1457 2276 1634 2355 ἄνδρα
1668 2278 1759 2331 τὸν

181 2370 514 2441 ζητούμενον
555 2370 895 2438 ὲμφανίσων,
928 2367 1240 2431 ἀκολούθως
1277 2362 1359 2430 οἷς
1390 2363 1496 2421 εἶδε
1552 2370 1761 2439 συμϐό-

178 2467 281 2529 λοις
337 2468 365 2518 ὁ
429 2464 709 2535 βασιλεὺς,
751 2463 972 2533 ἔμελλεν
1003 2462 1165 2524 εὐθὺς
1195 2462 1485 2532 λήψεσθαι.
1530 2465 1599 2517 '0
1660 2466 1759 2534 μὲν

174 2554 262 2611 οὖν
296 2557 553 2625 ἐζητεῖτο
605 2556 722 2609 λίαν
761 2555 1037 2623 ἐκθύμως,
1070 2553 1169 2606 καὶ
1221 2555 1282 2607 τὸ
1325 2552 1615 2624 γνώρισμα
1665 2551 1754 2627 ἦν,

175 2651 232 2702 οὗ
264 2651 409 2702 κατὰ
444 2650 541 2701 τοῦ
578 2648 839 2712 Πέλοπος,
863 2645 1054 2716 ὥσπερ
1082 2641 1223 2699 οἶδεν
1250 2648 1278 2699 ὀ
1307 2644 1498 2715 μῦθος,
1531 2647 1637 2700 ἀπὸ
1662 2647 1755 2701 τοῦ

174 2740 343 2809 ὤμου,
374 2739 494 2794 ἀλλ’
528 2739 640 2794 ἀπὸ
678 2738 771 2792 τοῦ
814 2739 1099 2808 περιόντος
1131 2738 1227 2804 τῆς
1257 2737 1457 2808 ἀρετῆς
1495 2738 1588 2791 καὶ
1622 2756 1758 2806 προ-

175 2833 496 2901 ηγουμένως
561 2831 673 2886 ἀπὸ
721 2829 817 2885 τοῦ
872 2828 1280 2903 μετριοπαθοῦς
1323 2830 1417 2882 καὶ
1464 2831 1755 2885 συνεσταλ-

180 2924 361 2994 μένου.

242 3098 316 3154 Z'.
363 3100 523 3153 Ἐπεὶ
550 3098 608 3152 δὲ
639 3100 734 3153 καὶ
762 3100 839 3153 ἔτι
867 3099 1132 3171 δυσχερὴς
1158 3095 1226 3171 ἦν
1255 3100 1288 3168 ή
1318 3100 1535 3170 εὕρεσις
1570 3102 1756 3172 (ἐκρύ-

176 3208 338 3244 πτετο
379 3192 492 3261 γὰρ
534 3191 597 3243 οὗ
633 3192 729 3259 τὴν
766 3192 980 3262 μορφὴν
1026 3190 1395 3261 μεταϐάλλων,
1433 3187 1524 3245 οἶα
1549 3192 1612 3262 δὴ
1660 3196 1753 3247 καὶ

170 3283 258 3337 τὸν
272 3284 509 3354 Πρωτέα
537 3282 883 3350 πλάττουσιν,
911 3282 1025 3336 ἀλλ’
1060 3282 1343 3354 οἰκονομίᾳ
1372 3284 1479 3338 τινὶ
1502 3284 1752 3354 θειοτέρα

173 3377 363 3430 τούτου
395 3376 814 3445 συμϐαίνοντος,
844 3376 933 3430 ἵνα
970 3377 1063 3429 καὶ
1099 3378 1132 3449 ή
1164 3376 1388 3449 βραδεῖα
1416 3377 1648 3448 δήλωσις
1673 3376 1752 3429 ἔτι

181 3472 385 3540 μᾶλλον
411 3471 582 3523 αὑτὸν
616 3470 948 3538 ὲπιπόθητον
978 3471 1318 3543 καταστήσῃ)
1347 3470 1444 3539 ὀψὲ
1474 3473 1569 3524 καὶ
1601 3471 1754 3542 μόλις

170 3562 277 3615 τῶν
303 3559 516 3629 ἰατρῶν
544 3576 629 3620 τις
662 3557 769 3610 τῶν
797 3558 1114 3627 βασιλικῶν,
1136 3560 1214 3627 τῷ
1239 3560 1337 3628 μὲν
1374 3561 1585 3628 βασιλεί
1618 3563 1755 3629 γνώ-

176 3669 353 3721 ριμος,
392 3649 641 3719 συνήθης
673 3649 729 3702 δὲ
761 3647 839 3719 τῷ
868 3649 1131 3719 Μεγάλῳ,
1160 3651 1254 3702 καὶ
1284 3650 1353 3702 τὰ
1393 3651 1600 3704 ἐκείνου
1628 3651 1751 3723 ἄρι-

173 3758 271 3795 στα
296 3740 587 3805 συνειδὼς,
621 3741 680 3794 οὐ
713 3741 783 3793 τὰ
811 3740 909 3810 τῆς
943 3742 1146 3812 ἀρετῆς
1169 3743 1349 3811 μόνον,
1383 3742 1520 3796 ἀλλὰ
1563 3746 1655 3798 καὶ
1685 3746 1754 3799 τὰ

171 3835 267 3901 τῆς
300 3835 531 3904 χάριτός
592 3851 650 3886 τε
687 3834 779 3886 καὶ
812 3834 917 3886 τῶν
951 3834 1267 3901 θαυμάτων,
1290 3834 1442 3889 ἐνθεν
1468 3835 1614 3905 αὐτῷ
1657 3837 1753 3889 καὶ

175 3927 481 3994 συμϐαλεῖν
525 3927 710 3995 ῥᾴδιον
748 3922 837 3994 ἦν,
889 3927 1094 3978 ἐκεῖνον
1132 3924 1271 3980 εἶναι
1306 3927 1397 3981 τὸν
1444 3930 1749 3998 ίασόμενον,

174 4018 334 4080 αὐτὸς
358 4012 522 4080 οὗτος
558 4015 715 4085 δῆλον
738 4016 898 4080 εὐθὺς
929 4017 1019 4070 τὸν
1050 4019 1236 4085 Μέγαν
1257 4018 1334 4088 τῷ
1373 4018 1583 4088 βασιλεῖ
1610 4021 1745 4073 καθ-

176 4114 354 4182 ίστησι
416 4113 513 4162 καὶ
558 4108 732 4179 χαρᾶς
783 4107 930 4177 αὐτῷ
971 4108 1181 4174 γίνεται
1224 4110 1499 4177 πρόξενος,
1539 4110 1666 4181 ὅσης
1701 4112 1751 4164 οἱ

172 4206 333 4258 πάθει
366 4202 677 4273 σωματικῷ
710 4202 1010 4271 κάμνοντες
1053 4200 1149 4255 καὶ
1180 4202 1495 4270 ἀπαλλαγῆς
1526 4204 1751 4273 ἐφιέμε-

170 4313 266 4360 νοι,
294 4297 523 4348 δυνατοὶ
556 4298 717 4362 μόνον
759 4296 1017 4348 συνεῖναι.
1053 4294 1226 4358 Εὐθὺς
1264 4296 1361 4366 μὲν
1390 4295 1481 4348 οὖν
1523 4298 1602 4360 είς
1629 4297 1751 4367 ὄψιν

167 4393 193 4441 ὁ
232 4386 559 4456 θαυμαστὸς
598 4387 747 4455 αὐτῷ
780 4386 981 4456 παρῄει
1016 4386 1254 4455 Σαμψών
1278 4403 1291 4417 ⁸
1323 4388 1443 4440 οὐδὲ
1486 4388 1593 4459 γὰρ
1631 4389 1750 4442 οὐδὲ

162 4482 343 4551 βραχὺ
381 4478 446 4530 τὸ
481 4476 651 4547 μέσον
699 4479 867 4547 ἀκοῆς
891 4495 1058 4549 φημι,
1088 4479 1183 4530 καὶ
1211 4479 1309 4544 τῆς
1340 4478 1467 4539 θέας
1496 4480 1748 4546 γενέσθαι

1860 2011 1959 2065 per
1987 1997 2218 2049 somnia.
2246 1997 2538 2064 Postquam
2568 2006 2748 2050 autem
2784 1996 2997 2049 nullum
3030 1995 3169 2048 vidit
3218 1996 3322 2050 tale
3364 1996 3441 2048 si-

1860 2102 2027 2156 gnum
2076 2087 2131 2140 in
2180 2087 2262 2141 eis
2301 2087 2395 2155 qui
2432 2087 2681 2149 aderant,
2736 2088 2926 2141 dolore
2965 2086 3327 2147 aﬂiciebatur,
3381 2098 3438 2140 et

1862 2180 2120 2247 perplexo
2151 2187 2269 2233 erat
2300 2179 2506 2243 animo,
2533 2179 2817 2249 multoque
2848 2176 3026 2233 iactus
3064 2187 3148 2233 est
3189 2158 3427 2241 avidior,

1861 2272 2007 2341 quod
2059 2272 2302 2325 nondum
2347 2283 2494 2327 esset
2546 2273 2878 2339 promissum
2934 2279 3244 2325 assecutus.
3301 2272 3439 2326 Hinc

1860 2363 2091 2433 diligens
2122 2362 2265 2417 facta
2298 2374 2382 2417 est
2414 2363 2716 2430 inquisitio,
2754 2364 3140 2431 donorumque
3179 2373 3235 2415 et
3269 2362 3439 2414 maxi-

1860 2471 2073 2509 morum
2108 2455 2377 2509 honorum
2410 2453 2721 2523 promissio,
2744 2469 2883 2523 quos
2908 2463 3054 2508 esset
3088 2464 3437 2522 accepturus,

1860 2549 1954 2616 qui
1990 2550 2169 2601 virum
2217 2547 2535 2601 ostenderet
2576 2562 2642 2600 ex
2687 2547 2755 2601 iis
2799 2545 3021 2600 indiciis
3068 2561 3189 2615 quae
3224 2546 3440 2602 viderat

1860 2639 2177 2707 imperator.
2247 2637 2345 2691 Hic
2407 2639 2631 2706 quidem
2683 2638 2983 2707 diligenter
3049 2638 3433 2706 quaerebatur;

1858 2732 2073 2800 signum
2100 2738 2304 2792 autem,
2336 2744 2444 2796 quo
2487 2740 2910 2799 cognosceretur
2956 2740 3097 2793 erat,
3139 2746 3245 2785 non
3294 2746 3436 2799 ιιυοο

1859 2819 2024 2874 modo
2077 2819 2298 2888 Pelopis
2346 2820 2428 2889 (ut
2470 2827 2658 2872 narrat
2709 2818 2935 2890 fabula)
2979 2820 3282 2886 humerus;
3336 2821 3435 2875 sed

1858 2912 2032 2967 virtus
2072 2910 2337 2981 insignis,
2387 2920 2442 2965 et
2491 2911 2762 2980 praecipue
2812 2911 3081 2966 moderati
3141 2928 3325 2967 mores
3377 2924 3434 2968 ct

1855 3003 2167 3074 compositi.

1927 3095 2039 3149 Vll.
2075 3094 2210 3148 Cum
2244 3103 2428 3149 autem
2454 3103 2602 3150 esset
2636 3092 2876 3150 dillicilis
2904 3094 3151 3149 inventio
3189 3095 3432 3159 (celaba-

1861 3198 1949 3243 tur
1979 3190 2149 3251 cnim,
2193 3204 2301 3242 non
2352 3187 2580 3242 formam
2642 3197 2878 3250 mutans,
2937 3198 2994 3240 ut
3050 3187 3265 3255 lingunt
3307 3189 3434 3242 Pro-

1858 3288 2026 3341 teum,
2052 3280 2146 3334 sed
2177 3279 2412 3349 quodam
2460 3279 2648 3333 divino
2698 3278 2803 3333 hoc
2840 3278 3134 3332 eveniente
3178 3278 3431 3343 consilio,

1861 3380 1918 3424 ut
1947 3372 2151 3426 tardior
2173 3372 2415 3426 ostensio
2449 3388 2574 3425 cum
2606 3372 2857 3425 redderet
2890 3372 3061 3440 magis
3094 3372 3435 3425 desiderabi-

1857 3462 2010 3532 lem),
2041 3463 2131 3517 vix
2188 3464 2407 3517 laudent
2464 3478 2608 3517 unus
2650 3479 2716 3518 ex
2767 3463 2996 3518 medicis
3058 3463 3430 3533 imperatoris,

1856 3568 2020 3611 notus
2048 3556 2267 3625 quidem
2298 3558 2638 3624 imperatori,
2670 3557 2865 3625 magno
2898 3567 3082 3611 autem
3129 3556 3422 3626 Sampsoui

1854 3646 2155 3709 familiaris,
2212 3658 2268 3699 et
2312 3648 2405 3715 qui
2460 3662 2545 3701 res
2585 3648 2732 3702 illius
2775 3648 2978 3715 optime
3023 3658 3272 3712 noverat,
3317 3665 3429 3703 non

1855 3739 2112 3794 virtutem
2156 3739 2356 3802 solum,
2410 3739 2504 3792 sed
2564 3742 2727 3796 etiam
2777 3741 3006 3810 gratiam
3040 3749 3095 3794 et
3143 3741 3428 3806 miracula,

1854 3848 1978 3886 eum
2009 3832 2353 3886 manifesmtn
2388 3830 2589 3885 reddit.
2622 3830 2757 3884 Hinc
2795 3841 2975 3885 autem
3012 3832 3088 3884 illi
3120 3833 3276 3886 facile
3308 3843 3431 3886 erat

1854 3925 2147 3995 conjicere,
2178 3938 2305 3977 eum
2337 3940 2455 3977 esse
2481 3926 2574 3993 qui
2608 3924 2760 3978 illum
2792 3930 2913 3978 erat
2952 3932 3265 3978 curaturus.
3329 3923 3429 3978 Hic

1852 4033 1983 4089 ergo
2009 4018 2125 4087 ipse
2155 4032 2409 4088 maguum
2432 4017 2587 4070 illum
2627 4016 2986 4084 Sampsonem
3026 4026 3213 4068 notum
3248 4016 3430 4068 reddit

1854 4109 2192 4179 imperatori,
2230 4120 2286 4163 et
2313 4110 2364 4163 ei
2401 4117 2604 4163 tantam
2641 4105 2901 4162 conciliat
2946 4105 3215 4168 laztitiam,
3251 4121 3427 4175 quan-

1854 4210 1961 4256 tam
1998 4200 2059 4265 ii,
2094 4201 2187 4269 qui
2218 4200 2471 4253 laborant
2504 4201 2696 4253 morbo
2745 4199 3017 4267 corporis,
3049 4209 3101 4250 et
3140 4198 3206 4250 ab
3238 4213 3303 4250 eo
3328 4214 3426 4251 cu-

1852 4294 2011 4363 piunt
2054 4292 2316 4352 liberari.
2380 4291 2483 4346 soli
2540 4300 2771 4357 possunt
2852 4288 3179 4358 intelligere.
3250 4289 3427 4356 Atque

1852 4386 2035 4438 statim
2057 4383 2283 4452 quidem
2318 4382 2468 4436 venit
2493 4380 2835 4434 admirabilis
2869 4379 3139 4447 Sampson
3181 4393 3194 4429 :
3245 4394 3425 4445 neque

1850 4475 1997 4528 enim
2041 4476 2187 4527 inter
2230 4474 2407 4527 visum
2448 4485 2504 4526 et
2550 4472 2799 4525 auditum
2839 4471 3155 4524 intercessit
3210 4480 3428 4537 tempus

166 4576 457 4645 παρῆκενο
491 4570 666 4632 οὕτως
718 4571 879 4622 αὐτὸν
918 4573 952 4640 ή
993 4570 1086 4624 τοῦ
1142 4571 1269 4624 ἰδεῖν
1314 4569 1546 4641 ἰσχυρῶς
1602 4566 1746 4624 εἷλεν

1855 4566 1935 4620 vel
1972 4564 2360 4620 brevissimum
2394 4577 2407 4613 :
2455 4570 2666 4616 tantum
2710 4560 2829 4630 ejus
2856 4559 3079 4613 videndi
3125 4560 3425 4625 imperato-

165 4667 460 4737 ἐπιθυμία.
506 4663 654 4718 Ἰδὼν
694 4658 785 4717 οὖν
822 4662 1031 4731 ἀνέγνω
1067 4663 1247 4725 καλῶς
1282 4662 1389 4716 ἀπὸ
1423 4664 1530 4716 τῶν
1554 4663 1744 4726 νυκτὸς

163 4763 478 4829 ὀραθέντων
524 4758 598 4811 τὰ
639 4757 758 4827 μεθ’
790 4757 1003 4827 ἡμέραν
1035 4755 1354 4823 φαινόμενα,
1400 4750 1513 4807 οἷον
1549 4757 1745 4825 όφθαλ·

168 4858 283 4925 μῶν
343 4854 699 4924 ἡμερότητα,
759 4853 976 4920 μορφῆς
1053 4848 1365 4920 ἱλαρότητα,
1441 4849 1587 4917 ήθῶν
1653 4851 1744 4902 εὑ-

166 4949 426 5018 κοσμίαν,
460 4943 728 5010 πώγωνος
759 4942 1093 5013 αὐχμηρίαν,
1124 4944 1386 5012 ὀμμάτων
1415 4945 1740 5011 κατήφειαν,

164 5041 415 5110 σύμϐολα
474 5054 536 5089 τε
588 5034 738 5103 αὐτῷ
817 5034 1181 5105 ἐπιτρέποντα
1261 5032 1739 5101 μετριοφροσύνης.

163 5132 347 5184 Ταῦτα
386 5130 631 5189 ἐκεῖνος,
676 5128 990 5192 προσιόντος
1033 5122 1127 5177 τοῦ
1163 5123 1496 5190 θαυμαστοῦ,
1545 5124 1743 5177 θεασά-

166 5222 480 5291 μενοςρὺδὲ
514 5218 779 5279 καθεκτὸς
804 5212 869 5286 ἦν
899 5216 998 5277 ἔτι,
1025 5216 1139 5269 ἀλλ’
1162 5215 1396 5276 ἀναστὰς
1419 5215 1476 5277 ἐξ
1504 5216 1741 5284 ἀμέτρου

166 5316 528 5388 περιχαρεῖας
569 5309 884 5378 περιϐάλλει
919 5324 978 5358 τε
1017 5306 1107 5357 τὸν
1138 5307 1325 5374 εὐτελῆ
1368 5306 1426 5357 τὸ
1484 5308 1745 5375 φαινόμε-

165 5427 272 5471 νον,
310 5412 338 5460 ὁ
385 5406 488 5476 τὴν
526 5401 808 5471 βασιλείαν
845 5399 1225 5468 περίϐλεπτος,
1274 5399 1363 5449 καὶ
1412 5397 1555 5465 φιλεῖ
1603 5397 1743 5463 ἄγαν

166 5501 353 5569 ἡδέως,
385 5501 449 5551 οὐ
502 5495 678 5562 στόμα
710 5494 885 5560 μόνον,
923 5492 1054 5543 ἀλλὰ
1086 5495 1176 5541 καὶ
1216 5490 1479 5558 κεφαλὴν,
1528 5484 1605 5542 Ἦ
1640 5490 1742 5557 μὴν

167 5594 323 5652 αὐτὸς
358 5588 431 5650 εἶ,
465 5589 666 5655 λέγων,
705 5585 904 5651 Πάτερ,
950 5586 1110 5644 αὐτὸς
1150 5576 1217 5644 εἷ,
1266 5583 1291 5631 ὁ
1332 5582 1449 5632 κατ’
1487 5582 1614 5651 ὄναρ
1655 5599 1742 5649 μοι

165 5683 490 5755 παραδόξως
533 5679 842 5747 ἐπιφανεὶς,
876 5677 1010 5730 ἀλλὰ
1067 5678 1156 5729 καὶ
1210 5673 1269 5727 τὸ
1318 5673 1485 5735 πάθος
1527 5677 1586 5727 τὸ
1616 5675 1741 5743 ἐμὸν

168 5775 534 5844 ἐπαγγεὶθεὶς
586 5774 857 5827 ξάσασθιι.
896 5770 1080 5833 Οὕτως
1122 5767 1311 5831 εἰπὼν,
1344 5765 1503 5830 εὐθὺς
1549 5770 1626 5831 εἰς
1674 5768 1741 5818 τὰ

168 5868 507 5938 προσωτέρω
544 5864 812 5933 συνεισῄει
865 5863 970 5918 τῶν
1012 5862 1295 5929 βασιλείων
1351 5862 1623 5932 ἐγκρατὴς
1667 5859 1738 5913 ῶν

1851 4675 1962 4714 rem
1993 4667 2213 4727 ceperat
2265 4656 2623 4712 desiderium.
2669 4655 2807 4707 Cum
2843 4670 2974 4707 vero
3011 4668 3137 4707 eum
3175 4652 3422 4711 vidisset.

1845 4752 2005 4805 exiis
2058 4766 2178 4818 quae
2203 4758 2366 4802 noctu
2392 4748 2507 4800 visa
2541 4745 2782 4809 fuerant,
2833 4745 3064 4814 pulchre
3108 4744 3424 4810 recognovit

1845 4857 1909 4896 ea
1958 4856 2078 4913 quae
2123 4838 2495 4893 cernebantur
2553 4835 2828 4897 interdiu,
2888 4842 3079 4902 utpote
3131 4834 3421 4887 oculorum

1847 4932 2344 4995 mansuetudinem,
2379 4931 2570 4985 forma:
2595 4927 2955 4991 hilaritatem,
2988 4940 3204 4981 morum
3251 4925 3422 4978 hone-

1845 5037 2037 5081 statem
2060 5068 2074 5091 ,
2106 5025 2288 5079 barbre
2327 5023 2635 5092 squalorem
2660 5059 2674 5083 ,
2725 5029 2980 5089 aspectus
3035 5016 3334 5079 tristitiam,
3366 5025 3423 5071 et

1844 5138 1965 5190 quae
1995 5134 2119 5174 eutn
2162 5118 2431 5173 decebant
2479 5116 2629 5184 signa
2677 5114 3093 5168 moderationis.
3134 5114 3260 5164 Haec
3292 5124 3416 5163 cum

1846 5215 1957 5277 ille,
2004 5212 2308 5267 admirabili
2351 5208 2647 5263 accedente
2693 5208 3018 5274 Sampsoue,
3069 5212 3215 5258 esset
3283 5217 3418 5256 con-

1848 5306 2155 5374 templatus,
2181 5318 2286 5355 non
2319 5300 2495 5369 potuit
2535 5285 2771 5368 amplius
2804 5297 3103 5359 contineri,
3153 5293 3247 5348 sed
3283 5310 3411 5347 sur-

1844 5414 1975 5467 gens
2008 5414 2113 5465 pne
2156 5392 2744 5451 immoderata-laetitia,
2785 5405 2911 5443 eum
2957 5389 3049 5457 qui
3080 5386 3263 5455 specie
3292 5386 3417 5439 vilis

1843 5498 2042 5543 eratet
2076 5488 2341 5555 abiectus,
2380 5486 2519 5555 ipse,
2573 5484 2665 5552 qui
2710 5490 2830 5535 erat
2879 5478 3109 5549 insignis
3154 5476 3409 5548 imperio,

1843 5584 2207 5653 amplectitur,
2244 5590 2299 5634 et
2329 5578 2572 5633 suaviter
2614 5574 2908 5630 admodum
2946 5572 3248 5632 osculatur,
3301 5583 3411 5623 non

1843 5692 1904 5729 os
1930 5676 2127 5736 solum,
2154 5670 2248 5725 scd
2273 5672 2436 5725 etiam
2468 5678 2652 5738 caput,
2686 5666 2875 5720 dicens
2915 5680 2927 5716 :
2959 5664 3137 5725 Certe,
3169 5678 3201 5716 ο
3228 5663 3409 5724 Pater,

1847 5778 1900 5819 tu
1937 5783 1997 5822 es
2024 5766 2157 5835 ipse,
2192 5764 2283 5835 qui
2316 5763 2449 5817 mihi
2482 5758 2887 5817 admirabiliter
2915 5758 2970 5810 in
3002 5755 3213 5811 somnis
3246 5770 3409 5823 appa-

1848 5859 2007 5914 ruisti
2034 5879 2043 5911 :
2072 5857 2201 5926 quin
2231 5857 2393 5913 etiam
2435 5865 2487 5910 te
2541 5837 2792 5911 morbum
2831 5864 3013 5905 meum
3057 5847 3329 5918 pollicitus
3350 5861 3411 5901 es
