4180 6482
699 410 810 472 287

2000 419 2291 480 MENSIS
2327 419 2638 480 JUNlUS.

3860 415 3963 482 288

698 532 1042 577 curaturum.
1098 523 1223 577 liae
1269 538 1394 578 cum
1438 524 1706 592 dixisset,
1761 531 1945 583 statim
1996 530 2277 598 ingressus

2402 528 2591 581 ,κείνου
2613 530 2711 599 τῆς
2735 547 2795 584 τε
2835 529 3016 585 Ὀσίου
3036 532 3238 604 χειρὸς,
3272 532 3391 586 οὗδδ
3412 532 3519 603 γὰρ
3554 532 3692 605 ᾤετο
3724 533 3874 605 μέγα
3911 549 3963 587 τι

696 616 865 669 estin
910 616 1070 685 regite
1106 618 1430 685 penetralia,
1473 618 1735 676 Sanctum
1777 622 1931 676 illum
1975 638 2139 677 manu
2192 633 2275 679 te-

699 725 879 763 nens:
928 726 1103 778 neque
1153 711 1301 765 enim
1347 714 1697 770 existimabat
1737 731 1795 771 se
1838 731 2095 787 magnum
2143 716 2277 785 quid

698 800 904 863 facere,
940 802 1083 855 illam
1130 803 1434 865 honorans.
1474 807 1632 875 cujus
1677 806 2055 862 admirabilem
2102 809 2280 862 virtu-

696 902 805 947 tem
839 910 961 953 mox
995 905 1141 948 esset
1174 906 1527 964 esperturus.

774 972 907 1044 VIII.
946 986 1239 1054 Postquam
1275 998 1461 1042 autem
1507 988 1788 1057 ingressus
1833 999 1919 1044 est
1962 989 2279 1058 imperator,

699 1084 754 1128 ct
824 1092 951 1128 eum
1014 1076 1208 1131 habuit
1280 1094 1468 1132 secum
1544 1079 1849 1146 sedentem,
1909 1081 2155 1135 nondum
2182 1096 2281 1137 sua

699 1179 824 1230 erga
855 1176 978 1217 eum
1025 1164 1361 1235 benignitate
1402 1168 1656 1232 satiatus,
1700 1168 1856 1236 plura
1894 1170 2077 1224 adhuc
2115 1170 2284 1225 facie-

701 1256 813 1311 bat.
848 1256 979 1325 Ejus
1020 1272 1217 1311 manus
1247 1258 1492 1328 capiens,
1539 1260 1656 1315 suis
1706 1261 2026 1330 imponebat
2078 1264 2279 1326 oculis.

701 1356 757 1399 et
783 1362 875 1401 eas
900 1364 1022 1402 cum
1051 1350 1287 1404 maxima
1310 1351 1593 1419 voluptate
1621 1352 1967 1417 deosculatus,
2009 1365 2066 1409 et
2098 1355 2151 1409 in
2191 1371 2286 1411 eas

703 1436 977 1493 distillans
1018 1440 1311 1512 lacrymas,
1370 1442 1682 1498 laetabatur.
1732 1444 1906 1499 Morbi
1956 1447 2127 1510 enim,
2188 1447 2284 1515 qui

704 1544 829 1583 eum
862 1532 1168 1597 premebat,
1197 1535 1499 1589 necessitas
1542 1534 1834 1599 eﬂiciebat,
1886 1548 1947 1591 ut
1989 1538 2152 1593 homo
2186 1555 2286 1607 ap-

703 1630 923 1689 pareret
984 1625 1171 1692 petius
1218 1641 1383 1694 quam
1434 1627 1758 1695 imperator,
1804 1639 1860 1685 et
1900 1630 1994 1698 qui
2033 1630 2288 1685 humanis

703 1710 1029 1768 ﬂectebatur
1068 1716 1332 1781 miseriis,
1360 1732 1524 1785 quam
1559 1717 1655 1787 qui
1684 1719 2041 1788 imperatoria
2090 1722 2290 1776 eﬂ‘ere-

704 1802 865 1858 batur
899 1806 1324 1876 magnillcentia.
1357 1808 1855 1867 Verumenimvero
1910 1812 2030 1867 bzec
2089 1829 2287 1884 magna

704 1886 1051 1964 imperatoris
1088 1900 1392 1955 medentia
1441 1909 1499 1955 et
1543 1902 1760 1972 religio,
1808 1919 2032 1974 gravem
2084 1906 2289 1961 Sancto

704 1985 889 2056 injecit
932 1990 1261 2053 molestiam,
1286 1999 1343 2045 et
1370 1991 1600 2060 perinde
1630 2009 1695 2049 ac
1726 1996 1771 2049 si
1802 1996 1854 2049 ei
1888 1995 2043 2051 ﬁeret
2068 1997 2291 2065 injuria,

701 2086 760 2131 et
794 2078 847 2132 in
874 2094 999 2134 eum
1042 2081 1209 2136 nimia
1241 2092 1598 2138 exerceretur
1624 2086 1881 2141 molestia
1911 2127 1925 2151 ,
1973 2103 2084 2141 non
2112 2089 2293 2157 potuit

708 2179 891 2226 tenere
922 2173 1201 2227 silentium
1226 2212 1242 2237 ,
1293 2175 1387 2229 sed
1419 2193 1434 2227 :
1469 2176 1547 2230 Ne
1596 2178 1678 2231 sic
1727 2177 1948 2240 feceris,
1983 2194 2017 2232 ο
2056 2178 2295 2248 impera-

707 2266 810 2323 tor,
854 2276 1033 2331 neque
1077 2271 1188 2318 tam
1225 2263 1461 2319 demisse
1498 2274 1555 2320 et
1588 2266 1802 2336 abjecte
1833 2309 1847 2332 ,
1912 2268 2291 2337 exclamabat;

706 2363 809 2404 nec
851 2365 918 2405 eo
950 2352 1102 2421 quod
1140 2361 1197 2408 te
1240 2354 1358 2423 ipse
1400 2354 1692 2410 immodice
1725 2356 1957 2428 dejicias
1998 2368 2056 2414 et
2102 2359 2298 2427 depri-

706 2454 842 2506 mas,
874 2441 1100 2508 eﬂicias,
1134 2454 1198 2499 ut
1226 2444 1463 2499 damuer
1504 2449 1858 2516 arrogantiae.
1904 2449 1963 2502 In
2006 2464 2117 2517 quo
2145 2450 2295 2503 enim

708 2545 830 2584 sum
878 2535 1270 2589 communibus
1324 2535 1645 2591 hominibus
1692 2539 1969 2608 superior,
2029 2541 2124 2610 qui
2171 2555 2294 2595 sum

710 2620 901 2689 miser,
933 2633 991 2679 et
1023 2624 1264 2693 peccatis
1290 2626 1585 2691 obnoxius,
1610 2638 1669 2683 et
1700 2644 1841 2699 Opus
1885 2630 2063 2687 habeo
2098 2649 2296 2703 magna

706 2712 917 2770 Cbristi
976 2715 1322 2786 benignitate
1357 2727 1412 2772 et
1440 2719 1777 2775 clementia?
1807 2723 2298 2778 Verumeuimvero

712 2804 826 2860 hac
856 2814 948 2861 tua
996 2805 1125 2860 fidei
1171 2808 1510 2863 abundantia
1569 2820 1625 2863 et
1669 2810 1874 2876 fervor,
1929 2821 2015 2867 est
2055 2812 2230 2868 futuri
2267 2829 2298 2869 a

708 2898 929 2960 Christo
958 2900 1150 2954 auxilii
1191 2910 1386 2957 certus
1424 2904 1677 2972 nuntius,
1705 2905 1797 2975 qui
1828 2916 1911 2961 est
1938 2907 2051 2963 Rex
2081 2923 2296 2979 regum,

709 2998 764 3043 et
794 3000 973 3059 potest
1002 2993 1186 3047 omnia
1233 2992 1436 3048 facere.
1479 2994 1618 3049 Cum
1668 2996 1786 3051 hac
1831 2996 2085 3061 dixisset,
2122 3000 2300 3069 impo-

712 3087 825 3135 suit
858 3096 1081 3135 manum
1120 3085 1261 3151 parti
1294 3085 1526 3140 attentas.
1573 3088 1639 3140 Et
1667 3104 1731 3141 ea
1762 3090 1985 3157 quidem
2021 3106 2121 3144 suo
2170 3091 2299 3145 fun-

2379 624 2556 673 ποιεῖν
2586 621 2802 693 ἐκείνην
2831 623 3029 694 τιμῶν,
3060 621 3128 697 ἦς
3166 624 3473 679 ἀπολαῦσαι
3496 625 3962 697 θαυματουργού-

2383 731 2483 783 σης
2513 715 2760 785 ἔμελλεν.

2454 979 2534 1029 H'.
2572 978 2724 1030 Ἐπεὶ
2752 979 2807 1032 δὲ
2833 981 2925 1032 καὶ
2953 981 3201 1051 εἰσῆλθεν
3224 983 3371 1036 ἔνδον
3403 983 3681 1051 βασιλεὺς,
3710 986 3805 1035 καὶ
3836 1001 3963 1049 συγ-

2385 1073 2698 1141 καθήμενον
2756 1072 2921 1124 αὑτδν
2948 1068 3113 1140 εἶχεν,
3146 1073 3298 1126 οὒπω
3332 1076 3492 1145 κόρον
3536 1075 3831 1144 δεχόμενος
3873 1077 3966 1141 τῆς

2385 1166 2811 1236 φιλοφροσύνης,
2840 1166 2919 1219 ἔτι
2952 1168 3047 1219 καὶ
3077 1168 3238 1220 πλέον
3260 1169 3453 1235 ἐποίει,
3479 1168 3777 1237 λαμϐάνων
3807 1167 3967 1219 αὑτοῦ

2383 1257 2485 1318 τὰς
2512 1259 2721 1326 χεῖρας,
2742 1255 2989 1326 ὄμμασιν
3016 1258 3185 1312 ἐτίθει
3218 1261 3326 1321 τοῖς
3356 1260 3549 1311 ἑαυτοῦ
3591 1260 3684 1311 καὶ
3730 1275 3969 1323 καταφι-

2386 1346 2494 1398 λῶν
2541 1347 2659 1415 μεθ’
2686 1349 2818 1417 ὅσης
2854 1348 2997 1401 είποι
3044 1366 3130 1412 τις
3168 1350 3383 1419 ἡδονῆς,
3417 1351 3511 1403 καὶ
3544 1350 3761 1419 δάκρυα
3800 1366 3969 1401 κατα-

2389 1438 2602 1501 στάζων
2639 1440 2816 1492 αὐτῶν
2844 1441 3031 1510 ἥδετοο
3073 1444 3105 1512 ἡ
3148 1442 3257 1512 γὰρ
3297 1441 3391 1494 τοῦ
3440 1443 3720 1506 πιέζοντος
3766 1442 3970 1502 πάθους

2388 1530 2605 1597 ἀνάγκη
2658 1528 2946 1599 ἄνθρωπον
2986 1532 3147 1584 αὑτὸν
3192 1534 3370 1585 δποίει
3408 1533 3611 1602 μᾶλλον
3664 1533 3697 1602 ἢ
3745 1532 3971 1601 βασιλέα

2386 1621 2703 1674 δείκνυσθαι
2732 1623 2827 1674 καὶ
2862 1622 3232 1691 ἀνθρωπίναις
3262 1625 3676 1692 καλυπτόμενον
3721 1625 3973 1693 ἀθλιότη-

2392 1728 2477 1763 σιν
2540 1712 2576 1781 ἢ
2637 1712 3138 1783 μεγαλοπρεπείαις
3194 1713 3506 1783 βασιλικαῖς
3570 1716 3964 1785 ἐπαιρόμενον.

2395 1804 2545 1873 Πλὴν
2576 1804 2691 1856 ἀλλ’
2720 1807 2753 1876 ἡ
2788 1804 2953 1875 πολλὴ
2980 1805 3119 1873 αὕτη
3149 1805 3244 1860 τοῦ
3284 1806 3547 1874 βασιλέως
3579 1809 3973 1877 μετριοπάθεια

2393 1894 2576 1947 καὶτὸ
2607 1894 2768 1956 σέϐας
2810 1893 3087 1965 βαρύτητα
3130 1895 3227 1949 καὶ
3273 1896 3453 1966 λύπην
3501 1896 3849 1965 ἐμϐέϐληκεν
3897 1898 3973 1966 τῷ

2407 1983 2592 2049 Ὀσξῳ,
2624 1983 2717 2036 καὶ
2741 1976 2929 2055 ὥσπερ
2950 1986 3135 2039 ἄδικόν
3156 2003 3207 2038 τι
3248 1993 3488 2055 πάσχων,
3523 1988 3616 2039 καὶ
3645 1988 3724 2049 είς
3757 2003 3975 2056 μετριο-

2393 2074 2670 2144 φροσύνην
2738 2074 3230 2144 πλεονεκτούμενος
3283 2076 3383 2127 οὐκ
3443 2076 3641 2147 ἤνεγκε
3722 2077 3971 2146 σιωπᾷν·

2392 2167 2551 2232 ἀλλὰ,
2583 2169 2673 2237 Μὴ
2710 2168 2854 2221 οὕτω
2901 2168 3069 2232 ποίει,
3102 2161 3147 2221 ὧ
3179 2166 3425 2237 βασιλεῦ,
3461 2168 3536 2238 μὴ
3582 2167 3761 2232 οὕτως
3794 2168 3975 2237 ἡρέμα

2396 2260 2492 2312 καὶ
2514 2258 2813 2321 ταπεινῶς,
2853 2258 3152 2327 ὑπεφώνει,
3193 2258 3326 2325 μηδὲ
3365 2260 3442 2328 τῷ
3481 2261 3742 2329 ἀμέτρως
3772 2259 3975 2312 εθέλειν

2394 2348 2564 2401 αὑτὸν
2602 2349 2958 2414 ταπεινῶσαι,
3005 2351 3130 2419 έμοὶ
3180 2352 3353 2418 κρῖμα
3417 2352 3762 2420 προξενήσας
3809 2352 3976 2421 ὑπερ-

2396 2441 2578 2511 οψίας.
2616 2440 2682 2495 Τί
2717 2442 2824 2514 γὰρ
2864 2442 3025 2496 πλέον
3076 2442 3185 2512 ἔχω
3235 2442 3347 2510 ἐγὼ
3384 2442 3491 2495 τῶν
3532 2442 3727 2494 κοινῶν
3764 2442 3975 2513 ἀνθρώ-

2400 2551 2538 2601 πων,
2570 2534 2913 2605 ταλαίπωρος
2948 2534 3025 2587 ῶν
3062 2537 3158 2589 καὶ
3189 2535 3483 2605 ἁμαρτίαις
3524 2533 3851 2596 ὑπεύθυνος,
3886 2534 3977 2586 καὶ

2399 2626 2601 2693 πολλῆς
2651 2628 2751 2693 τῆς
2792 2628 2943 2695 παρὰ
2993 2625 3235 2695 Χριστοίἱ
3288 2625 3661 2695 χρηστότητος
3706 2628 3804 2677 καὶ
3854 2624 3974 2693 φιλο

2398 2716 2718 2786 ανθρωπίας
2778 2716 3033 2786 ἀπιδεήςς
3087 2716 3234 2786 Πλὴν
3294 2717 3430 2769 ἀλλὰ
3485 2717 3544 2769 τὸ
3598 2716 3835 2782 ἄφθονόν
3890 2730 3977 2765 σου

2400 2811 2559 2864 τοῦτο
2597 2809 2697 2881 τῆς
2723 2812 2960 2875 πίστεως
3006 2810 3099 2862 καὶ
3138 2809 3341 2879 θερμὸν
3373 2809 3601 2877 ἄγγελός
3644 2824 3728 2860 σοι
3773 2807 3976 2872 γίνεται

2400 2904 2638 2975 ἀψευδὴς
2680 2906 2779 2974 τῆς
2819 2904 2925 2958 ἀπὸ
2968 2901 3206 2973 Χριστοῦ
3257 2901 3528 2972 βοηθείας,
3565 2898 3661 2953 τοῦ
3705 2897 3978 2959 Βασιλέως

2400 2996 2465 3065 δὴ
2505 2996 2614 3048 τῶν
2642 2995 3037 3065 βασιλευόντων
3076 2995 3171 3049 καὶ
3207 2997 3387 3048 πάντα
3426 2992 3731 3064 δυναμένου
3785 2994 3975 3045 ποιεῖν.

2402 3086 2591 3150 Οὕτως
2626 3088 2819 3154 εἰπὼν,
2868 3092 3026 3158 χεῖρα
3064 3088 3304 3142 ἐπετίθει
3357 3087 3433 3158 τῷ
3465 3087 3731 3155 πάσχοντι
3782 3088 3977 3155 μέρειο

711 3173 947 3243 gebatur
966 3174 1172 3230 ollicio.
1206 3174 1326 3246 Ipse
1356 3187 1538 3232 autem
1566 3180 1722 3249 copia
1753 3181 2082 3238 humilitatis
2110 3183 2299 3241 volens

2406 3182 2555 3252 καὶὴ
2612 3180 2711 3251 μὲν
2752 3182 2969 3251 ἐνήργει
3024 3181 3092 3233 τὰ
3130 3182 3367 3248 ἑαυτῆς·
3403 3183 3431 3233 ὁ
3458 3180 3513 3232 δὲ
3547 3180 3822 3261 κρύπτειν
3866 3180 3980 3233 ιθιο

712 3266 890 3321 celare
945 3266 1354 3334 abundantiam
1406 3270 1635 3338 gratiae,
1696 3272 2030 3342 quibusdam
2102 3276 2298 3343 rebus,

712 3372 851 3427 quas
881 3359 1022 3427 parti
1054 3358 1328 3414 laboranti
1373 3376 1437 3416 ex
1482 3374 1599 3417 arte
1628 3364 1911 3435 imposuit,
1954 3369 2301 3423 curationem

714 3451 1023 3504 conabatur
1067 3453 1371 3509 ascribere.
1409 3453 1515 3509 Sed
1568 3458 1924 3521 medicinam,
1957 3474 2079 3528 quae
2127 3461 2304 3529 appli-

715 3544 987 3608 cabatur,
1034 3544 1333 3609 vincebat,
1386 3561 1508 3614 qua
1557 3548 1879 3613 celabatur,
1932 3551 2131 3606 veritas
2179 3569 2193 3605 :
2248 3564 2305 3610 et

716 3634 812 3703 qui
850 3633 907 3687 in
962 3634 1086 3688 aliis
1133 3635 1316 3691 fuerat
1374 3638 1632 3705 cognitus
1694 3656 1875 3695 rerum
1913 3644 2144 3701 eﬂ‘ector
2197 3650 2303 3701 mi-

716 3724 1000 3788 rabilium,
1063 3725 1118 3778 in
1166 3725 1280 3779 ltzec
1361 3742 1580 3797 quoque
1653 3729 1757 3785 fuit
1805 3735 2059 3803 cognitus
2105 3737 2304 3793 fecisse

716 3818 1069 3872 miraculum.
1104 3818 1221 3874 Non
1255 3820 1412 3874 multi
1445 3823 1595 3874 enim
1627 3823 1745 3877 dies
1775 3827 2167 3894 praterierunt
2190 3868 2203 3889 .
2251 3839 2305 3885 et

718 3908 1019 3976 imperator
1066 3911 1168 3962 fuit
1210 3913 1437 3965 omnino
1487 3910 1757 3967 liberatus
1794 3932 1824 3967 a
1869 3919 2084 3982 morbo,
2134 3928 2307 3977 etest

719 4001 989 4069 integram
1023 4012 1311 4058 assecutus
1362 4004 1676 4070 sanitatem,
1712 4007 2066 4077 repletusqne
2102 4021 2187 4065 est
2215 4013 2304 4067 lae-

718 4093 839 4144 titia
873 4101 929 4144 et
963 4093 1357 4157 admiratione,
1411 4096 1501 4147 illa
1543 4097 1764 4164 quidem
1798 4108 2025 4168 propter
2068 4118 2305 4174 recupe-

721 4193 893 4237 ratam
944 4184 1342 4247 valetudinem,
1395 4185 1499 4241 liac
1540 4196 1725 4269 autem
1784 4201 2103 4261 propterea,
2158 4196 2305 4265 quod

718 4273 814 4339 qui
854 4289 982 4326 eum
1035 4289 1231 4328 sanum
1290 4274 1522 4338 fecerat,
1578 4277 1689 4330 Deo
1740 4290 1884 4332 esset
1932 4279 2306 4337 familiaritate

722 4359 1075 4425 conjunctus.

795 4447 887 4503 IX.
928 4450 1135 4507 Deinde
1168 4454 1361 4518 etiam,
1396 4464 1455 4509 ut
1495 4464 1659 4511 tanta:
1682 4459 1989 4515 curationis
2035 4461 2305 4518 beneﬂcio

2404 3272 2512 3324 λων
2556 3270 3057 3339 ταπεινοφροσύνης
3100 3269 3391 3338 περιουσίᾳ
3430 3271 3650 3337 χάριτος
3696 3254 3979 3337 ἀφθονίαν,

2405 3362 2702 3432 ἑπιθέμασί
2729 3379 2839 3414 τισι
2875 3364 2986 3424 τοῖς
3012 3363 3077 3414 εκ
3108 3361 3322 3431 τέχνης,
3355 3359 3391 3414 ἃ
3416 3359 3492 3429 τῷ
3531 3360 3788 3427 ἀλγοῦντι
3831 3364 3983 3433 μέρει

2407 3454 2729 3515 επέϐαλλεν,
2792 3453 3120 3521 ἐπιγράφειν
3185 3438 3583 3523 ἐπειρᾶτοτὴν
3631 3455 3800 3506 ἴασιν.
3849 3451 3983 3504 Ἀλλ’

2408 3547 2562 3600 ἐνίκα
2581 3547 3056 3615 ἑπιπλαττομένην
3080 3545 3224 3599 οὕτω
3248 3545 3547 3615 θεραπείαν
3573 3547 3605 3616 ἡ
3639 3546 3986 3617 ύποκρυπτο-

2410 3637 2546 3707 μένη
2586 3636 2834 3707 ἀλήθεια,
2870 3639 2962 3689 καὶ
2996 3639 3023 3688 ὁ
3054 3639 3111 3688 ὲν
3151 3637 3362 3697 πολλοῖς
3402 3637 3495 3687 καὶ
3524 3636 3707 3697 ἄλλοις
3741 3635 3987 3705 θαυματ-

2407 3732 2605 3797 ουργδς
2670 3727 2994 3793 γνωρισθεὶς
3054 3726 3158 3777 κᾶν
3202 3726 3376 3793 τούτῳ
3431 3725 3494 3789 δὴ
3548 3726 3986 3797 θαυματουργῶν

2409 3816 2753 3885 ἑγνωρίζετο.
2784 3815 2859 3867 Ob
2892 3812 3085 3865 πολλαὶ
3113 3813 3389 3882 παρῆλθον
3421 3814 3627 3885 ἡμέραι
3658 3816 3749 3866 καὶ
3778 3815 3807 3865 ὁ
3833 3814 3986 3884 βασι-

2406 3909 2531 3972 λεὺς
2572 3909 2711 3971 ὅλως
2761 3906 3051 3978 ἀπηλλάγη
3091 3906 3185 3960 τοῦ
3217 3906 3424 3970 πάθους
3473 3910 3564 3961 καὶ
3600 3907 3852 3978 καθαρᾶς
3885 3911 3990 3961 ἁπ-

2407 4002 2635 4055 έλαυσεν
2664 4003 2896 4068 ὑγιείας,
2923 4002 3135 4071 πλήρης
3158 4018 3215 4053 τε
3256 3998 3324 4072 ἦν
3353 4002 3695 4073 εὐφροσύνης
3728 4004 3821 4055 καὶ
3858 4003 3987 4055 θαύ-

2411 4110 2603 4163 ματος,
2630 4093 2729 4161 τῆς
2767 4092 2865 4163 μιν
2903 4092 2992 4167 διὰ
3035 4094 3134 4163 τὴν
3167 4094 3527 4165 ἀνάστρωσιν,
3560 4094 3655 4147 τοῦ
3694 4095 3751 4149 δὲ
3778 4096 3866 4149 διὰ
3895 4096 3987 4167 τὴν

2406 4186 2502 4239 τοῦ
2536 4188 2861 4255 ύγιάσαντος
2891 4166 3027 4255 πρὸς
3058 4186 3191 4239 Θεδν
3214 4187 3515 4240 οικείωσιν.

2480 4460 2558 4513 9'.
2600 4459 2829 4511 Ἔπειτα
2864 4455 2957 4510 καὶ
2999 4454 3074 4517 ὡς
3109 4453 3476 4524 ἀμειψόμενος
3506 4454 3565 4507 τὸ
3594 4455 3741 4523 μέγα
3771 4457 3871 4525 τῆς
3901 4457 3992 4508 θε..

725 4543 1106 4609 responderet,
1156 4545 1217 4598 Β.
1272 4546 1565 4617 Sampsoni
1620 4565 1814 4602 aurum
1857 4552 2079 4608 donavit
2129 4556 2299 4623 splen-

2416 4552 2643 4623 ραπείας
2689 4551 3010 4619 δωρήμασιν
3074 4546 3406 4615 ἐπικαίροις,
3463 4547 3663 4615 χρυσόν
3714 4565 3774 4600 τε
3820 4548 3988 4601 ἐδίδου

728 4630 853 4683 dide
880 4648 944 4684 ac
974 4634 1283 4701 magnifice,
1320 4648 1376 4690 et
1408 4654 1754 4710 quaecunque
1782 4654 2039 4711 poterant
2071 4645 2309 4701 incitare

728 4722 1063 4779 desiderium
1108 4726 1249 4795 ejus,
1295 4730 1387 4797 qui
1422 4732 1726 4785 secundum
1770 4749 1991 4789 carnem
2038 4738 2191 4792 vivit.
2232 4736 2311 4792 Illi

730 4824 912 4870 autem
956 4819 1198 4874 tenuiter
1241 4828 1297 4875 et
1348 4820 1635 4893 frugallter
1673 4825 1876 4890 vivere,
1936 4837 2060 4882 erat
2106 4831 2311 4885 bonum

731 4922 827 4979 per
863 4923 922 4962 se
951 4910 1323 4977 expetendum
1367 4914 1626 4970 omnibus
1666 4918 1888 4985 quidem
1931 4920 2141 4975 divitiis
2180 4921 2314 4976 bea-

734 4998 864 5062 tius,
892 5002 1088 5068 quavis
1115 5017 1246 5057 vero
1275 5003 1447 5071 gloria
1488 5022 1552 5060 ac
1602 5010 1866 5078 dignitate
1923 5015 2309 5069 excellentius.

733 5090 1092 5159 Imperatoris
1143 5106 1291 5149 certe
1342 5096 1731 5154 liberalitatem
1779 5112 1835 5156 et
1880 5106 2313 5160 munificentiam

735 5187 1063 5253 opportunis
1121 5197 1177 5242 et
1228 5188 1425 5243 validis
1490 5196 1762 5248 recusavit
1829 5198 2309 5253 rceusationibus:

739 5274 829 5328 Illa
869 5275 1001 5329 mihi
1034 5278 1151 5341 das,
1192 5280 1407 5349 dicens,
1456 5297 1490 5336 ο
1536 5285 1855 5355 imperator,
1902 5305 2027 5358 qua:
2058 5289 2316 5344 lubenter

739 5367 935 5436 reliqui
967 5378 1190 5438 propter
1223 5371 1529 5438 Christum,
1581 5387 1641 5429 ut
1676 5380 1769 5445 qui
1817 5382 2019 5435 multas
2062 5379 2313 5450 possideo

740 5474 857 5514 rem
910 5462 1209 5528 pecunias,
1260 5474 1316 5518 et
1371 5467 1571 5522 multas
1607 5468 1863 5525 haberem
1918 5473 2313 5542 possessiones.

738 5549 1025 5621 Quomodo
1076 5570 1207 5624 ergo
1250 5572 1313 5611 ea
1358 5561 1661 5628 accipiam,
1707 5564 1826 5618 sine
1883 5564 2083 5634 quibus
2130 5566 2318 5620 vivere

741 5654 928 5707 aperte
963 5649 1203 5713 comperi
1243 5651 1435 5705 utilius
1459 5668 1604 5713 esse.
1636 5664 1694 5709 et
1727 5670 1757 5708 a
1782 5657 1984 5723 quibus
2015 5658 2315 5724 prudenter

741 5737 1111 5794 discedentem
1180 5742 1288 5796 Deo
1334 5758 1459 5799 esse
1508 5748 1886 5816 eonjunctum,
1934 5749 2177 5803 dilucide
2231 5761 2317 5804 est

743 5837 1063 5891 ostensum?
1092 5834 1243 5905 Quod
1288 5836 1328 5889 si
1378 5852 1475 5908 pro
1522 5854 1733 5893 summa
1772 5851 1857 5895 tua
1897 5841 2234 5911 benignitate
2264 5853 2317 5897 et

2417 4642 2834 4715 μεγαλοψύχως,
2903 4641 2997 4693 καὶ
3052 4638 3190 4693 ἄλλα
3244 4641 3345 4692 ὅσα
3407 4639 3473 4708 δὴ
3533 4640 3831 4709 ἐπιθυμίαν
3883 4638 3988 4695 οἶδε

2415 4731 2771 4804 παρακαλεῐν,
2806 4730 2898 4786 τοῦ
2944 4730 3083 4784 κατὰ
3118 4732 3298 4798 σάρκα
3340 4727 3538 4792 ζῶντός
3570 4744 3751 4797 φημι·
3795 4732 3989 4803 ἐκείνῳ

2414 4826 2473 4879 δὲ
2503 4826 2563 4877 τὸ
2601 4825 2762 4887 λιτῶς
2793 4824 2934 4879 οὕτω
2965 4823 3059 4876 καὶ
3097 4821 3461 4891 ἠμελημένως
3507 4818 3629 4889 ζῇν,
3664 4821 3990 4894 αὐθαίρετον

2415 4917 2639 4983 ἀγαθὸν,
2674 4916 2874 4977 παντὸς
2916 4915 3012 4984 μὲν
3057 4916 3287 4967 πλούτου
3321 4911 3767 4982 μακαριώτερον,
3816 4916 3989 4984 πάσης

2414 5012 2469 5064 δὲ
2492 5011 2649 5078 δόξης
2701 5006 3220 5077 ἀξιωματικώτερον
3244 5023 3259 5037 ·
3298 5006 3490 5075 ἀμέλει
3516 5010 3610 5061 καὶ
3631 5010 3692 5060 τὸ
3712 5008 3809 5061 τοῦ
3836 5008 3988 5079 βασι-

2416 5108 2551 5167 λέως
2599 5106 2880 5174 φιλότιμόν
2926 5120 2983 5155 τε
3018 5102 3109 5153 καὶ
3152 5103 3525 5172 μεγαλόδωρον
3567 5104 3849 5175 εὐκαίροις
3898 5108 3990 5158 καὶ

2421 5200 2667 5265 ίσχυραῖς
2697 5196 3053 5266 διεκρούσατο
3076 5194 3415 5263 ἀπολογίαις,
3450 5196 3663 5250 Ἐκεῖνα
3695 5215 3786 5265 μοι
3812 5198 3989 5258 δίδως,

2417 5284 2462 5341 ὦ
2496 5289 2737 5358 βασιλεῦ,
2761 5288 2953 5349 εἰπὼν,
2983 5280 3057 5339 ῶν
3085 5288 3248 5349 αὐτὸς
3288 5286 3453 5354 ἡδέως
3481 5282 3705 5357 ἐξέστην
3737 5289 3827 5341 διὰ
3859 5292 3990 5357 Χρι-

2420 5383 2563 5445 στὸν,
2598 5380 2765 5433 πολλὰ
2792 5382 2889 5449 μὲν
2918 5382 2975 5431 ὲν
3003 5380 3266 5447 κτήμασι,
3305 5378 3526 5431 πλείστα
3548 5380 3603 5433 δι
3639 5382 3736 5431 καὶ
3777 5382 3834 5433 ἰν
3858 5382 3991 5450 χρή-

2424 5489 2556 5541 μασι
2592 5473 2950 5540 κεκτημένος.
2986 5472 3107 5531 Πῶς
3143 5467 3237 5522 οὖν
3276 5470 3386 5538 ἐγὼ
3415 5470 3657 5539 λήψομαι
3688 5472 3887 5537 ταῦτα,
3920 5466 3991 5522 ῶν

2418 5564 2477 5615 τὸ
2507 5564 2669 5630 ζῆσαι
2696 5565 2862 5634 χωρὶς
2907 5562 3157 5630 φανερῶς
3210 5554 3367 5630 εὖρον
3402 5560 3855 5629 ὠφελιμώτατον,
3903 5563 3990 5613 καὶ

2419 5651 2493 5710 ὧν
2532 5658 2593 5707 τὸ
2620 5657 2922 5723 ἀποστῆναι
2964 5652 3259 5723 φρονίμως,
3300 5654 3421 5722 Θεῷ
3446 5654 3800 5725 οίκειωθῆναι
3829 5656 3992 5708 καθα-

2426 5752 2530 5821 ρῶς
2563 5751 2978 5813 ἀποδέδεικται;
3022 5748 3079 5800 Εἰ
3106 5747 3161 5800 δὲ
3195 5748 3372 5819 βούλει
3405 5747 3491 5801 δια
3533 5748 3733 5817 πολλὴν
3765 5751 3993 5819 χρηστό-

2422 5861 2557 5913 τητα
2586 5842 2673 5895 καὶ
2707 5840 3115 5911 φιλανθρωπίαν
3158 5839 3547 5908 κεχαρισμένον
3592 5842 3723 5908 ἡμῖν
3765 5857 3819 5893 τι
3854 5841 3991 5906 γίνε-
