4180 6478
729 415 829 478 291

2030 415 2317 474 MENSIS
2357 416 2663 478 JUNIUS.

3904 410 4006 471 292

733 542 881 585 ctum
954 530 1072 597 ejus
1143 540 1346 597 corpus
1422 528 1718 597 deponitur
1793 528 2195 584 honorabiliter
2257 531 2309 583 in

2421 532 2660 601 μεγίστῳ
2700 530 2813 601 ναῷ
2848 529 3071 584 Μωκίου
3104 529 3196 582 τοῦ
3226 529 3503 599 μάρτυρος
3547 528 3888 592 πανσέπτως
3918 532 4003 597 ἑγ-

730 622 967 677 maxiuto
1014 622 1215 690 templo
1266 620 1423 674 Moeii
1481 622 1736 690 martyris
1774 621 1873 691 (7),
1926 630 2114 690 utpote
2160 622 2306 690 quod

731 728 955 783 magnus
990 714 1079 767 ille
1112 714 1379 780 Sampson
1417 726 1484 765 ex
1523 727 1589 764 eo
1642 711 1923 765 diceretur
1971 713 2186 766 trahere
2218 727 2314 766 co-

728 806 1062 874 gnationem,
1100 820 1208 857 non
1255 819 1491 872 corpore
1548 804 1742 861 solum.
1799 805 1892 857 sed
1943 807 2112 859 multo
2141 806 2313 873 magis

729 899 915 951 animo
967 907 1023 951 et
1079 896 1348 950 moribus.
1405 896 1575 960 Quam
1621 897 1806 950 multis
1879 907 2060 950 autem
2132 900 2314 951 clarus

732 989 898 1041 fuerit
928 988 1231 1049 miraculis,
1259 988 1352 1056 qui
1386 1000 1471 1041 est
1496 989 1547 1039 iu
1604 988 1768 1041 rebus
1795 990 2053 1042 omnibus
2080 992 2314 1043 maxime

728 1084 1091 1145 admirabilis,
1130 1099 1236 1136 non
1275 1084 1329 1136 in
1377 1083 1487 1136 vita
1540 1084 1738 1147 solum,
1789 1084 1882 1137 sed
1933 1086 2098 1138 etiam
2134 1086 2306 1139 multo

733 1176 901 1243 magis
936 1185 1054 1243 post
1094 1184 1349 1237 mortem,
1402 1190 1583 1243 neque
1638 1175 1819 1244 lingua
1870 1184 2051 1243 potest
2100 1176 2307 1239 dicere,

730 1280 907 1333 neque
951 1268 1101 1319 auris
1132 1266 1442 1320 admittere.
1487 1266 1775 1331 Quomodo
1815 1267 1986 1330 enim,
2015 1268 2174 1337 cujus
2211 1284 2312 1323 nec

730 1359 787 1411 in
842 1360 1167 1413 hodiernum
1225 1362 1447 1427 quidem
1496 1361 1642 1413 diem
1696 1361 2064 1417 constiterunt
2109 1362 2314 1417 ﬂuenta

726 1452 1162 1504 miraculorum?
1207 1452 1315 1504 lino
1369 1467 1498 1505 vero
1552 1468 1653 1506 nec
1712 1454 2015 1512 consistent
2065 1454 2312 1523 quidem,

726 1540 903 1595 donec
934 1544 1025 1596 ille
1053 1544 1196 1596 idem
1232 1544 1418 1608 ftierit,
1459 1554 1513 1598 et
1544 1543 1792 1613 ejusdem
1825 1546 2221 1601 misericordiae
2246 1547 2313 1600 ad

730 1634 1180 1689 intercedendum
1223 1653 1323 1706 pro
1357 1637 1677 1690 hominibus
1714 1639 1858 1705 apud
1902 1640 2094 1692 Deum.
2132 1641 2313 1693 Pauca

726 1742 878 1794 ergo,
904 1728 946 1780 si
977 1728 1215 1793 videtur,
1245 1730 1309 1781 ad
1341 1730 1434 1782 Dei
1464 1731 1715 1798 gloriam,
1752 1739 1806 1784 et
1838 1747 2052 1796 eorum,
2086 1732 2179 1801 qui
2211 1748 2315 1785 au-

730 1819 911 1881 diunt,
952 1822 1371 1876 delectationem
1406 1838 1470 1877 ac
1502 1824 1790 1878 utilitatem
1834 1840 1901 1879 ex
1935 1826 2001 1880 iis
2035 1842 2155 1894 quae
2190 1836 2315 1895 post

2416 621 2798 675 κατατίθεται*
2835 622 2932 675 ἅτε
2977 621 3041 690 δὴ
3069 620 3164 672 καὶ
3213 621 3535 687 συγγένειαν
3574 622 3760 674 ἕλκειν
3794 621 4002 674 ἐκεῖθεν

2416 713 2507 765 τοῦ
2554 714 2806 780 Μεγάλου
2862 712 3260 781 φημιςομένου,
3317 712 3412 764 καὶ
3460 714 3675 775 οἰκείως
3730 714 3902 782 ἔχειν,
3943 714 4000 766 οὐ

2419 806 2559 857 κατά
2621 805 2779 873 σῶμα
2843 804 3023 873 μόνον,
3063 803 3199 856 ἀλλὰ
3261 804 3353 855 καὶ
3413 803 3573 856 πλέον
3634 806 3780 857 κατὰ
3822 804 3999 875 ψυχὴν

2416 898 2618 968 δηλαδὴ
2657 900 2752 950 καὶ
2799 900 2927 961 τοὺς
2962 899 3217 967 τρόπους.
3252 898 3438 960 Ὅσοις
3464 897 3520 949 δὲ
3570 899 3685 958 τοῖς
3724 897 4003 966 θαύμασιν

2417 990 2681 1058 ἐδοξάσθη
2712 992 2738 1041 ὁ
2776 991 2842 1041 τὰ
2879 994 3054 1043 πάντα
3091 990 3563 1059 θαυμασιώτατος,
3596 991 3657 1041 οὐ
3712 993 3857 1041 κατά
3905 990 3999 1061 τὴν

2415 1083 2654 1135 ἐνταῦθα
2685 1082 2829 1152 ζωὴν
2868 1084 3073 1145 ἁπλῶς,
3106 1084 3239 1135 ἀλλὰ
3266 1084 3403 1153 μετὰ
3432 1083 3523 1134 τὸν
3557 1083 3792 1135 θάνατον
3824 1083 3999 1152 πολλῷ

2419 1175 2643 1245 μᾶλλον,
2666 1173 2788 1226 οὗτε
2815 1173 3031 1241 γλῶττα
3059 1174 3254 1244 δυνατὴ
3284 1175 3483 1241 λέγειν,
3512 1173 3632 1225 οὔτε
3657 1172 3798 1242 ἀκοὴ
3830 1191 3998 1243 παρα-

2416 1268 2685 1337 δέχεσθαι.
2724 1265 2847 1328 Πῶς
2881 1268 3011 1335 γὰρ,
3046 1265 3107 1318 οὐ
3151 1267 3281 1335 μηδὲ
3334 1267 3506 1336 μέχρέ
3537 1266 3630 1319 καὶ
3671 1264 3769 1317 νῦν
3813 1266 3864 1317 οἱ
3893 1265 3997 1316 τῶν

2418 1360 2716 1427 θαυμάτων
2750 1359 2988 1428 ἔστησαν
3022 1356 3226 1428 ῥύακες
3253 1373 3268 1389 ·
3304 1359 3501 1427 μᾶλλον
3528 1359 3584 1411 δὲ
3618 1357 3742 1409 οὐδὲ
3776 1359 3998 1425 στήσον-

2416 1468 2530 1515 ται,
2562 1451 2663 1514 ἕως
2699 1450 2764 1503 ἂν
2794 1453 3002 1514 ἐκεῖνος
3031 1453 3058 1502 ὁ
3086 1450 3248 1513 αὐτὸς
3278 1445 3334 1522 ᾖ,
3362 1451 3454 1502 καὶ
3489 1454 3599 1513 τοῖς
3635 1453 3829 1512 αὐτοῖς
3863 1451 3997 1521 χρῆ-

2419 1560 2508 1594 ται
2554 1542 2881 1611 σπλάγχνοις
2921 1544 3061 1613 ὑπὲρ
3088 1542 3391 1613 ἀνθρώπων
3441 1544 3575 1612 πρὸς
3613 1545 3745 1595 θεὸν
3773 1544 3997 1612 διαπρε-

2418 1635 2778 1703 σϐευόμενοςς
2819 1635 3002 1703 Ὀλιγα
3029 1636 3230 1700 τοίνυν,
3261 1638 3308 1687 εί
3338 1634 3500 1699 δοκεῖ,
3527 1636 3665 1704 πρὸς
3686 1637 3846 1702 δόξαν
3865 1636 3993 1688 Θεοῦ

2420 1733 2514 1782 καὶ
2547 1731 2647 1800 τὴν
2689 1732 2797 1783 τῶν
2833 1732 3144 1783 ἀκουόντων
3178 1731 3367 1802 ἡδονὴν
3422 1731 3511 1783 καὶ
3558 1731 3861 1799 ὠφέλειαν,
3893 1731 3995 1783 τῶν

2423 1827 2563 1894 μετὰ
2606 1826 2702 1897 τὴν
2750 1824 2997 1879 ἐντεῦθεν
3026 1826 3190 1881 αὑτοῦ
3229 1824 3517 1896 μετάθεσιν
3566 1826 3881 1894 γενομένων
3923 1823 3994 1893 τῷ

725 1912 844 1979 ejus
913 1914 1038 1969 hinc
1111 1931 1395 1970 excessum
1484 1915 1627 1971 facta
1703 1928 1871 1985 sunt,
1944 1928 2313 1989 prosequatur

2421 1920 2561 1989 λόγῳ
2593 1937 2656 1989 με
2666 1919 2990 1989 ταληπτέον.

724 2005 925 2061 oratio.

2185 2170 2414 2227 CAPUT
2472 2172 2537 2227 ll.

1984 2292 2252 2348 Miracula
2307 2304 2421 2365 post
2484 2305 2726 2348 mortem.

793 2445 887 2501 XI.
926 2446 989 2501 Et
1024 2446 1261 2517 primum
1309 2447 1531 2516 quidem
1582 2451 1675 2515 sit,
1727 2450 1876 2520 quod
1923 2459 1976 2504 et
2005 2453 2322 2507 multaxlin-

727 2555 843 2608 gute
890 2551 1116 2605 canunt,
1168 2551 1223 2595 et
1275 2542 1404 2595 libri
1455 2542 1661 2605 ferunt,
1709 2551 1767 2596 et
1815 2558 2008 2597 omnes
2047 2547 2314 2612 credunt,

730 2633 875 2700 quod
911 2634 965 2686 iu
1000 2633 1249 2702 populari
1302 2634 1562 2696 tumultu,
1612 2635 1881 2691 adversus
1921 2637 2314 2706 Iustinianum,

727 2740 985 2795 magnum
1018 2726 1171 2781 illum
1209 2735 1265 2782 et
1315 2728 1681 2783 clarissimum
1726 2730 2113 2799 imperatorem
2162 2734 2313 2787 exei-

726 2826 859 2880 tato,
908 2817 1110 2871 accidit
1161 2818 1261 2888 (8).
1331 2818 1427 2874 Illo
1506 2828 1757 2889 tempore
1812 2820 2311 2873 audacissimorum

725 2918 887 2977 atque
937 2910 1210 2977 imprimis
1273 2911 1694 2965 temerariorum
1756 2910 2043 2965 hominum
2090 2926 2310 2978 manus,

728 2997 905 3066 ignem
932 2996 1194 3062 ferentes,
1231 2997 1679 3066 praeclarissimas
1722 3007 1779 3053 et
1832 2999 2131 3057 ditissimas
2165 3002 2312 3057 aedes

726 3086 1156 3157 aggrediuntur,
1192 3099 1356 3157 atque
1412 3089 1743 3160 principium
1798 3090 2057 3148 incendio
2098 3094 2233 3147 dant
2284 3110 2315 3147 a

727 3178 963 3233 maximo
1016 3180 1222 3249 templo
1258 3180 1353 3235 Dei
1401 3182 1643 3250 Sophia,
1691 3182 1841 3251 quod
1872 3199 1993 3235 cum
2028 3186 2081 3236 in
2123 3186 2313 3239 orbem

727 3270 911 3321 omnia
954 3270 1251 3334 exedisset,
1309 3272 1509 3326 deinde
1557 3287 1787 3345 serpens
1835 3276 1985 3329 venit
2032 3292 2206 3347 usque
2246 3280 2312 3331 ad

727 3360 1017 3430 praeclaras
1043 3360 1189 3416 edes
1225 3362 1397 3416 divini
1429 3364 1767 3434 Satnpsonis,
1795 3375 1848 3420 et
1880 3377 2081 3422 tectum
2118 3370 2317 3440 arripit
2344 3395 2385 3452 ε

726 3453 1005 3520 celeriter,
1046 3461 1103 3507 et
1144 3452 1390 3508 fremens
1421 3455 1655 3509 ulterius
1690 3458 1944 3525 procedit
1976 3476 1988 3509 :
2024 3462 2310 3515 existima-

728 3546 996 3615 baturque
1028 3547 1166 3609 fore,
1206 3556 1268 3601 ut
1322 3562 1447 3600 mox
1488 3555 1600 3601 tota
1646 3548 1843 3602 domus
1890 3553 2115 3603 omnino
2176 3554 2316 3605 inte-

732 3641 886 3692 riret.
940 3639 1082 3703 Quid
1128 3654 1258 3706 ergo
1303 3652 1388 3694 est
1434 3650 1621 3709 postea
1676 3642 2082 3693 consecutum?
2131 3643 2316 3696 Multa:

730 3730 950 3797 quidem
977 3746 1044 3784 ex
1074 3730 1307 3784 adverso
1338 3731 1391 3784 in
1426 3748 1492 3785 eo
1518 3732 1882 3783 movebantur
1911 3748 2108 3786 manus
2151 3743 2316 3801 grata:

728 3832 783 3874 et
829 3822 951 3891 piae,
1002 3822 1135 3877 nihil
1184 3838 1295 3877 non
1349 3822 1635 3889 facientes,
1684 3822 1823 3877 nihil
1874 3840 1983 3877 non
2027 3826 2317 3879 molientes

731 3931 923 3968 eorum
954 3932 1076 3985 quae
1111 3926 1342 3985 possunt
1376 3917 1493 3971 ﬁeri
1528 3917 1595 3971 ad
1632 3918 1772 3988 ignis
1802 3917 2171 3972 cohibendum
2215 3918 2317 3969 im-

731 4016 937 4075 petum.
976 4006 1081 4061 Sed
1124 4008 1331 4061 malum
1380 4018 1499 4061 erat
1547 4010 1996 4077 inexpugnabile,
2045 4020 2100 4061 et
2150 4023 2315 4061 omne

732 4096 1028 4163 snperabat
1079 4097 1372 4150 auxilium.
1420 4098 1671 4152 Vincitur
1717 4109 1922 4161 tamen,
1980 4110 2036 4153 et
2092 4114 2159 4153 eo
2212 4098 2318 4150 fuit

732 4188 1009 4256 potentior
1032 4203 1167 4242 cura
1218 4189 1396 4259 magni
1449 4188 1789 4260 Sampsonis.
1845 4193 2089 4247 Fuerunt
2135 4192 2310 4257 enim,

735 4280 976 4343 fuerunt,
1005 4283 1097 4348 qui
1128 4291 1262 4334 tunc
1290 4282 1438 4351 digni
1477 4294 1605 4337 sunt
1633 4283 1807 4337 habiti
1842 4287 2089 4339 divinum
2125 4288 2315 4341 videre

734 4370 1089 4439 Sampsonem
1131 4388 1231 4441 per
1276 4382 1477 4427 tectum
1523 4378 1885 4431 circumcirca
1928 4381 2310 4437 cursitantem.

736 4473 791 4513 et
850 4462 1027 4531 ignem
1080 4463 1477 4532 increpantem,
1533 4476 1589 4522 et
1640 4469 1808 4522 veluti
1857 4468 2203 4531 frementem,
2261 4479 2317 4523 et

741 4552 1137 4610 admirabiliter
1188 4557 1309 4627 ejus
1355 4557 1617 4628 impetum
1682 4562 2078 4617 retardantem.
2144 4562 2315 4632 Cujus

738 4646 959 4713 quidem
999 4658 1221 4715 aspectu
1268 4649 1406 4715 ignis
1449 4652 1619 4703 veluti
1674 4653 2087 4719 obstupefactus
2133 4666 2315 4708 retro-

2495 2452 2597 2507 IA'.
2624 2453 2731 2505 Καὶ
2768 2453 2981 2523 πρῶτον
3012 2468 3074 2520 γε
3114 2451 3288 2517 τοῦτο,
3320 2452 3347 2504 δ
3394 2452 3487 2505 καὶ
3537 2452 3780 2519 γλῶτται
3810 2455 3996 2509 πολλαὶ

2422 2548 2628 2618 ᾄδουσι,
2657 2548 2751 2599 καὶ
2785 2546 2955 2617 βίϐλοι
2988 2549 3235 2615 φέρουσι,
3282 2547 3373 2598 καὶ
3409 2546 3609 2607 πάντες
3659 2548 3993 2613 πιστεύουσι,

2422 2641 2518 2694 καὶ
2569 2642 2596 2693 ὃ
2650 2641 2789 2693 κατὰ
2848 2641 2947 2709 τὴν
2992 2639 3085 2692 τοῦ
3137 2640 3398 2707 μεγάλου,
3432 2642 3598 2709 φημὶ,
3636 2643 3731 2693 καὶ
3774 2641 3917 2710 μέγα
3945 2646 3996 2696 ὲν

2425 2735 2706 2804 βασιλεῦσι
2765 2734 3078 2802 λάμψαντος
3125 2734 3503 2788 Ἰουστινιανοῦ
3553 2735 3647 2788 τοῦ
3694 2738 3871 2809 δήμου
3910 2757 3997 2806 φο-

2425 2823 2544 2893 ρὰν,
2571 2825 2691 2893 ἥτις
2722 2841 2786 2891 γε
2824 2824 2943 2877 κατ’
2977 2824 3139 2876 αὐτοῦ
3190 2828 3439 2896 συνέστη,
3470 2829 3721 2893 γενέσθαι
3764 2833 3993 2899 συνέδη-

2420 2914 2518 2966 καὶ
2556 2914 2702 2977 ὅπως
2748 2912 3043 2982 πάντολμοί
3085 2931 3229 2974 τινες
3259 2918 3438 2984 χεῖρες
3472 2917 3570 2969 καὶ
3614 2919 3995 2985 φιλοκίνδυνοι,

2422 3001 2533 3072 πῦρ
2570 3002 2866 3069 ἀνάψασαι,
2898 3005 3008 3066 τοῖς
3048 3004 3318 3075 λαμπροῖς
3357 3005 3465 3057 τῶν
3500 3007 3667 3060 οἴκων
3700 3008 3801 3063 καὶ
3846 3012 3998 3064 talus

2422 3094 2670 3166 χρύσοις,
2708 3096 2852 3149 κατὰ
2893 3097 2952 3148 τὸ
2992 3096 3272 3167 ἐξαίρετον
3319 3100 3675 3155 ἐπιτίθενται.
3737 3106 3995 3173 Ἀρχεται

2424 3189 2523 3255 μὲν
2561 3186 2651 3238 οῦν
2682 3187 2743 3238 τὸ
2785 3188 2954 3240 κακὸν
2996 3190 3102 3241 ἀπὸ
3147 3190 3242 3243 τοῦ
3293 3192 3549 3261 μεγίστου
3596 3195 3724 3247 ναοῦ
3774 3198 3873 3265 τῆς
3909 3196 3993 3248 τοῦ

2419 3274 2555 3326 Θεοῦ
2586 3275 2805 3343 Σοφίας,
2838 3277 2933 3328 καὶ
2958 3278 3026 3329 τὰ
3053 3280 3238 3350 κύκλῳ
3262 3282 3583 3351 διανεμηθὲν
3609 3285 3853 3350 ἅπαντα,
3888 3285 3996 3340 εἶτα

2421 3369 2514 3417 καὶ
2544 3367 2706 3439 μέχρι
2736 3367 2829 3420 τοῦ
2866 3368 3122 3438 λαμπροῦ
3151 3370 3303 3424 τοῦδε
3348 3373 3497 3426 οἴκου
3532 3375 3625 3427 τοῦ
3664 3376 3814 3430 θείου
3859 3381 3998 3447 Σαμ-

2422 3459 2540 3527 ψὼν
2569 3460 2735 3529 ἕρπον
2767 3460 3009 3532 ἔρχεται,
3054 3464 3148 3516 καὶ
3193 3466 3290 3533 τῆς
3323 3467 3527 3536 ὀροφῆς
3557 3467 3724 3532 ὀξέως
3768 3471 3998 3540 ἐπιλαμ-

2423 3554 2644 3607 ϐάνεται
2677 3557 2769 3609 καὶ
2799 3557 2858 3609 τὸ
2892 3560 3230 3628 προσωτέρω
3276 3560 3477 3630 βρέμον
3529 3563 3710 3632 ἐπῄει,
3759 3565 3997 3630 ὲπίδοξόν

2424 3660 2483 3694 τε
2542 3640 2610 3712 ἦν
2656 3647 2779 3697 ὅσον
2823 3646 2997 3710 οὔπω,
3042 3648 3135 3699 καὶ
3176 3650 3455 3712 παντελῶς
3502 3651 3692 3704 θέσθαι
3740 3656 3821 3725 τῷ
3854 3659 3999 3723 ὀἴκῳ

2426 3733 2653 3803 φθοράν,
2682 3734 2747 3785 Τί
2776 3736 2955 3787 τοίνυν
2987 3738 3047 3787 τὸ
3078 3738 3216 3803 μετὰ
3253 3738 3425 3790 ταῦτα
3451 3756 3465 3803 ;
3498 3741 3692 3793 πολλαὶ
3724 3746 3826 3811 μὲν
3860 3749 3999 3799 ἀντιο

2427 3826 2675 3895 στρόφως
2732 3829 2851 3887 ταῖς
2894 3827 3295 3897 προλαϐούσαις
3341 3831 3617 3885 ἐκινοῦντο
3667 3839 3799 3905 περὶ
3845 3840 3998 3893 αὑτὸν

2422 3922 2600 3990 χεῖρες
2632 3918 3002 3990 φιλοχάριστοι
3039 3922 3133 3974 καὶ
3168 3922 3563 3994 φιλάνθρωποι,
3596 3927 3647 3981 τί
3690 3930 3769 4001 μὴ
3819 3932 3999 3985 ποιοῦ·

2425 4025 2533 4074 σαι,
2570 4012 2661 4061 καὶ
2688 4012 2743 4061 τί
2764 4014 2871 4063 τῶν
2908 4013 3159 4079 γενέσθαι
3196 4015 3510 4085 δυναμένων
3572 4022 3633 4074 οὐ
3670 4026 3996 4095 μηχανώμε-

2425 4114 2513 4149 ναι
2555 4098 2690 4166 πρὸς
2725 4100 3009 4169 ἐπίσχεσιν
3052 4102 3151 4179 τῆς
3185 4105 3277 4157 τοῦ
3310 4110 3478 4178 πυρὶς
3523 4109 3735 4179 ῥύμης·
3777 4114 3911 4165 αλλὰ
3945 4115 3999 4165 τὸ

2423 4187 2594 4241 δεινὸν
2649 4188 2859 4260 ἄμαχον
2929 4187 3019 4263 ἦν,
3088 4197 3182 4247 καὶ
3239 4198 3417 4267 πάσης
3473 4200 3824 4268 ἰσχυρότερον
3876 4204 3996 4273 βοη-

2424 4282 2575 4344 θείας
2598 4299 2611 4311 ·
2640 4284 2869 4351 ἡττᾶται
2896 4284 2939 4336 δ’
2968 4281 3062 4339 οὖν
3093 4287 3263 4357 ὅμως,
3289 4292 3382 4340 καὶ
3406 4292 3665 4358 κρείττων
3695 4294 3727 4361 ἡ
3755 4294 3849 4346 τοῦ
3888 4299 3993 4348 Με-

2421 4375 2587 4444 γάλου
2622 4377 2927 4444 προστασία
2970 4378 3202 4444 γίνεται.
3242 4375 3421 4434 *Ησαν
3452 4383 3578 4450 γὰρ.
3623 4378 3788 4453 ἦσαν,
3827 4388 3877 4440 οἳ
3915 4392 3997 4440 τιν

2423 4470 2566 4522 θεῖον
2596 4467 2715 4519 τότε
2738 4467 2978 4537 Σαμψὼν
3001 4468 3249 4539 ἠξιοῦντο
3270 4470 3511 4545 θεωρεῖν,
3537 4478 3722 4550 κύκλῳ
3745 4479 3848 4551 τῆς
3878 4483 3996 4552 ὀρο-

2424 4565 2530 4632 φῆς
2568 4560 2916 4632 περιθέοντα,
2954 4564 3293 4635 ἐπιτιμῶντα
3320 4585 3377 4620 τε
3418 4569 3496 4638 τῷ
3528 4574 3679 4639 πυρὶ,
3713 4576 3809 4625 καὶ
3840 4578 3995 4628 οἱονεὶ

2425 4655 2872 4725 ὲμὸριμώμενον,
2928 4657 3023 4709 καὶ
3081 4659 3180 4727 τῆς
3241 4662 3417 4732 ὁρμῆς
3481 4662 3630 4731 αὐτῷ
3682 4667 3995 4735 παραδόξως

745 4737 941 4790 cessit:
972 4737 1171 4794 deinde
1208 4754 1332 4793 cum
1366 4741 1571 4796 tonitru
1619 4753 1843 4813 repente
1882 4746 2177 4813 erupisset.
2221 4762 2313 4799 co-

2420 4751 2855 4818 ἀναχαιτίζοντα,
2916 4746 2977 4804 οἶ)
3066 4753 3156 4805 καὶ
3209 4753 3307 4825 τὴν
3376 4754 3504 4806 θέαν
3576 4758 3755 4809 ἐκεῖνο
3815 4759 3996 4829 ὥσπερ

738 4830 891 4896 piosa
934 4845 1152 4899 quoque
1206 4830 1414 4883 aﬂluxit
1461 4834 1666 4901 pluvia,
1703 4849 1811 4899 quo
1852 4836 2053 4890 factum
2104 4844 2210 4902 cst,
2259 4847 2320 4891 ut

740 4920 878 4988 ignis
926 4924 1397 4993 exstingueretur,
1436 4934 1492 4979 et
1543 4925 1741 4981 domus
1793 4938 2218 4983 conservaretur
2253 4930 2320 4983 il-

737 5012 859 5067 lmsa
890 5024 1087 5085 praeter
1130 5025 1333 5072 tectum
1374 5019 1472 5088 (9).

738 5341 1032 5462 “(glaube
1104 5342 1161 5397 S.
1230 5343 1407 5399 Mocio
1478 5355 1716 5418 martyre
1797 5358 1983 5404 actum
2059 5359 2144 5402 est
2222 5348 2312 5400 die

850 5428 925 5461 Mil
978 5454 992 5467 ,

809 5478 882 5559 (1})
919 5429 1039 5536 lilazc
1075 5485 1271 5559 seditio
1303 5486 1440 5559 facta
1473 5494 1558 5541 est
1584 5503 1729 5541 anno
1758 5505 1787 5540 v
1810 5488 2128 5550 Iustiniani,
2149 5498 2312 5558 atque

733 5554 965 5629 excitata
1004 5561 1141 5629 es_t_a
1174 5554 1508 5629 Vi_c_loriatis,
1547 5561 1620 5613 ita
1663 5561 1974 5629 appellatis,
2019 5560 2164 5627 quod
2210 5554 2312 5629 pro

736 5628 941 5686 tessera
978 5626 1035 5673 ιδ
1063 5623 1207 5675 Νίκα
1241 5624 1413 5686 Vince,
1460 5623 1829 5682 assutncr'c'ut.
1869 5623 2175 5683 llanc'l'use
2206 5623 2303 5683 de-

734 5685 983 5768 set'ibunt
1023 5695 1323 5768 Procopius
1368 5696 1442 5749 De
1475 5698 1607 5751 bello
1660 5699 1810 5753 Pera.
1858 5700 1955 5753 lib.
1993 5715 2027 5761 ι,
2063 5716 2181 5768 cap.
2212 5704 2304 5765 26,

734 5765 792 5835 et
847 5760 1140 5839 (ilironicon
1197 5760 1622 5825 hiemandi-iitum
1673 5771 1738 5824 ad
1795 5760 2082 5823 auuutn’v
2129 5760 2307 5827 Iusti;

735 5842 907 5893 mani,
934 5842 1040 5887 ctc.

2420 4843 2793 4912 καταπλαγὲν,
2831 4845 2909 4906 εἰς
2938 4844 3182 4897 τούπίσω
3214 4864 3271 4898 τε
3317 4845 3532 4916 ἐχώρει,
3568 4851 3662 4901 καὶ
3697 4851 3993 4904 ἀνεκόπτε-

2419 4952 2510 4987 το’
2544 4937 2735 4991 ἔπειτα
2764 4940 2993 5010 βροντῆς
3022 4940 3221 5010 ἁθρόον
3256 4941 3735 5012 καταρῤαγούσης,
3769 4945 3990 5016 ὄμϐρος,

2417 5023 2529 5089 οἷος
2556 5028 2781 5097 δαψιλὴς
2807 5031 3069 5102 ὲπερῤύη,
3103 5034 3179 5093 ὡς
3199 5031 3468 5097 ἐντεῦθεν,
3504 5036 3561 5087 τὸ
3593 5038 3692 5104 μὲν
3725 5040 3836 5108 πῦρ
3868 5042 3993 5089 am

2422 5118 2633 5177 σϐέσαι,
2667 5118 2995 5188 διασωθῆναι
3023 5124 3075 5173 δὲ
3106 5125 3199 5174 καὶ
3239 5124 3327 5177 τὸν
3357 5119 3503 5177 οἷκον
3547 5127 3687 5193 πλὴν
3730 5130 3833 5198 τῆς
3874 5131 3990 5202 ὀρο-

2419 5213 2526 5280 φῆς
2554 5208 2761 5279 ἀπαθῆ.

2490 5346 2565 5417 (9)
2600 5346 2712 5423 Hoc
2761 5352 3086 5423 miraculum
3125 5369 3266 5423 aegre
3320 5352 3603 5406 conciliari
3663 5367 3848 5423 potest
3873 5374 3986 5411 cum

2416 5432 2506 5481 eo,
2534 5420 2678 5491 quod
2731 5424 2894 5476 habet
2937 5420 3246 5478 Chrouirou
3300 5420 3678 5491 praecautum,
3717 5442 3982 5488 asserens,

2416 5490 2655 5563 quodin
2713 5496 2974 5562 prmdicto
3033 5496 3266 5547 tumultu
3300 5490 3604 5563 ipopulari.
3660 5495 3847 5549 Ξενὼν
3900 5498 3985 5548 τοῦ

2416 5560 2654 5628 Σαμψὼν
2684 5560 2912 5630 ομέγας
2941 5566 3170 5631 ἐκαύθη,
3213 5564 3303 5615 καὶ
3326 5560 3614 5618 ατίώλοντο
3652 5568 3703 5617 οι
3744 5570 3803 5618 ἐν
3845 5567 3984 5634 αὐτῷ

2418 5633 2766 5704 ἀνακείμενοι
2797 5636 3089 5704 ἅρῤωττοι.
3122 5635 3369 5703 Magnum
3399 5635 3728 5704 Sampsonis
3754 5633 3985 5693 xenodoé-

2416 5701 2602 5777 Chium
2622 5701 3013 5777 ’eonllag‘r‘avit,
3055 5715 3111 5760 et
3159 5701 3490 5760 interierunt
3539 5701 3634 5777 qui
3684 5711 3739 5764 in
3778 5710 3874 5765 illo
3905 5711 3987 5763 de-

2416 5774 2751 5826 cumbebant
2772 5776 2996 5829 inlirmi.
