  <div class='ocr_page' id='page_1' title='image "/cluster/home/n/w/nwhite01/storage/ocr_20150623/115/uva.x004215515/168.png"; bbox 0 0 4180 6472; ppageno 0'>
   <div class='ocr_carea' id='block_1_1' title="bbox 229 397 331 457">
    <p class='ocr_par' dir='ltr' id='par_1_1' title="bbox 229 397 331 457">
     <span class='ocr_line' id='line_1_1' title="bbox 229 397 331 457; baseline -0.02 0"><span class='ocrx_word' id='word_1_1' title='bbox 229 397 331 457; x_wconf 73' lang='lat'><strong>293</strong></span> 
     </span>
    </p>
   </div>
   <div class='ocr_carea' id='block_1_2' title="bbox 1476 401 2261 463">
    <p class='ocr_par' dir='ltr' id='par_1_2' title="bbox 1476 401 2261 463">
     <span class='ocr_line' id='line_1_2' title="bbox 1476 401 2261 463; baseline 0 -2"><span class='ocrx_word' id='word_1_2' title='bbox 1476 403 1654 461; x_wconf 79' lang='lat' dir='ltr'><strong>VlTA</strong></span> <span class='ocrx_word' id='word_1_3' title='bbox 1696 404 1757 462; x_wconf 93' lang='lat' dir='ltr'><strong>S.</strong></span> <span class='ocrx_word' id='word_1_4' title='bbox 1812 401 2261 463; x_wconf 77' lang='lat' dir='ltr'><strong>SAMPSONIS.</strong></span> 
     </span>
    </p>
   </div>
   <div class='ocr_carea' id='block_1_3' title="bbox 3382 408 3489 469">
    <p class='ocr_par' dir='ltr' id='par_1_3' title="bbox 3382 408 3489 469">
     <span class='ocr_line' id='line_1_3' title="bbox 3382 408 3489 469; baseline -0.019 0"><span class='ocrx_word' id='word_1_5' title='bbox 3382 408 3489 469; x_wconf 74' lang='grc'><strong>294</strong></span> 
     </span>
    </p>
   </div>
   <div class='ocr_carea' id='block_1_4' title="bbox 291 507 1790 591">
    <p class='ocr_par' dir='ltr' id='par_1_4' title="bbox 291 507 1790 579">
     <span class='ocr_line' id='line_1_4' title="bbox 291 507 1790 579; baseline 0.001 -20"><span class='ocrx_word' id='word_1_6' title='bbox 291 508 393 560; x_wconf 87' lang='grc' dir='ltr'><strong>ΙΒ’.</strong></span> <span class='ocrx_word' id='word_1_7' title='bbox 438 507 802 577; x_wconf 70' lang='grc' dir='ltr'>Προσκείσῦω</span> <span class='ocrx_word' id='word_1_8' title='bbox 833 508 928 561; x_wconf 75' lang='grc' dir='ltr'><strong>καὶ</strong></span> <span class='ocrx_word' id='word_1_9' title='bbox 961 507 1126 578; x_wconf 72' lang='grc' dir='ltr'>ἔτερα</span> <span class='ocrx_word' id='word_1_10' title='bbox 1160 507 1268 561; x_wconf 87' lang='grc' dir='ltr'><strong>τῶν</strong></span> <span class='ocrx_word' id='word_1_11' title='bbox 1300 510 1617 579; x_wconf 84' lang='grc' dir='ltr'>Θαυμάτων,</span> <span class='ocrx_word' id='word_1_12' title='bbox 1651 512 1709 563; x_wconf 89' lang='grc' dir='ltr'><strong>οὑ</strong></span> <span class='ocrx_word' id='word_1_13' title='bbox 1744 509 1790 562; x_wconf 75' lang='grc' dir='ltr'>τὲ</span> 
     </span>
    </p>
   </div>
   <div class='ocr_carea' id='block_1_5' title="bbox 1896 507 3487 591">
    <p class='ocr_par' dir='ltr' id='par_1_5' title="bbox 1988 509 3487 591">
     <span class='ocr_line' id='line_1_5' title="bbox 1988 509 3487 591; baseline 0.011 -29"><span class='ocrx_word' id='word_1_14' title='bbox 1988 509 2100 563; x_wconf 82' lang='lat' dir='ltr'><strong>XII.</strong></span> <span class='ocrx_word' id='word_1_15' title='bbox 2130 510 2470 580; x_wconf 87' lang='lat' dir='ltr'><strong>Adjiciantur</strong></span> <span class='ocrx_word' id='word_1_16' title='bbox 2502 514 2605 566; x_wconf 91' lang='lat' dir='ltr'><strong>alia</strong></span> <span class='ocrx_word' id='word_1_17' title='bbox 2632 529 2852 584; x_wconf 88' lang='lat' dir='ltr'><strong>quoque</strong></span> <span class='ocrx_word' id='word_1_18' title='bbox 2894 516 3177 585; x_wconf 83' lang='lat' dir='ltr'><strong>miracula,</strong></span> <span class='ocrx_word' id='word_1_19' title='bbox 3219 535 3328 575; x_wconf 90' lang='lat' dir='ltr'><strong>non</strong></span> <span class='ocrx_word' id='word_1_20' title='bbox 3367 538 3487 591; x_wconf 64' lang='lat' dir='ltr'><strong>qut:</strong></span> 
     </span>
    </p>
   </div>
   <div class='ocr_carea' id='block_1_6' title="bbox 222 592 1811 673">
    <p class='ocr_par' dir='ltr' id='par_1_6' title="bbox 222 592 1811 673">
     <span class='ocr_line' id='line_1_6' title="bbox 222 592 1811 673; baseline -0.001 -19"><span class='ocrx_word' id='word_1_21' title='bbox 222 601 437 662; x_wconf 76' lang='grc' dir='ltr'><strong>πολλοῖς</strong></span> <span class='ocrx_word' id='word_1_22' title='bbox 461 603 734 672; x_wconf 82' lang='grc' dir='ltr'>πρότερον</span> <span class='ocrx_word' id='word_1_23' title='bbox 769 592 1040 671; x_wconf 71' lang='grc' dir='ltr'>γενόμενα</span> <span class='ocrx_word' id='word_1_24' title='bbox 1071 602 1305 671; x_wconf 80' lang='grc' dir='ltr'><strong>χρόνοις,</strong></span> <span class='ocrx_word' id='word_1_25' title='bbox 1337 602 1403 655; x_wconf 87' lang='grc' dir='ltr'>δι’</span> <span class='ocrx_word' id='word_1_26' title='bbox 1430 604 1661 673; x_wconf 84' lang='grc' dir='ltr'>ἀπορίαν</span> <span class='ocrx_word' id='word_1_27' title='bbox 1692 621 1811 656; x_wconf 84' lang='grc' dir='ltr'>και-</span> 
     </span>
    </p>
   </div>
   <div class='ocr_carea' id='block_1_7' title="bbox 220 692 1811 765">
    <p class='ocr_par' dir='ltr' id='par_1_7' title="bbox 220 692 1811 765">
     <span class='ocr_line' id='line_1_7' title="bbox 220 692 1811 765; baseline 0.001 -21"><span class='ocrx_word' id='word_1_28' title='bbox 220 693 325 744; x_wconf 79' lang='grc' dir='ltr'><strong>νῶν</strong></span> <span class='ocrx_word' id='word_1_29' title='bbox 360 695 458 745; x_wconf 66' lang='grc' dir='ltr'><strong>καὶ</strong></span> <span class='ocrx_word' id='word_1_30' title='bbox 486 693 822 763; x_wconf 69' lang='grc' dir='ltr'>προσφάτων</span> <span class='ocrx_word' id='word_1_31' title='bbox 855 692 998 759; x_wconf 84' lang='grc' dir='ltr'>(οὑδὲ</span> <span class='ocrx_word' id='word_1_32' title='bbox 1036 695 1146 762; x_wconf 83' lang='grc' dir='ltr'>γὰρ</span> <span class='ocrx_word' id='word_1_33' title='bbox 1176 694 1523 746; x_wconf 76' lang='grc' dir='ltr'>ἐκλείπουσιν</span> <span class='ocrx_word' id='word_1_34' title='bbox 1559 695 1686 765; x_wconf 83' lang='grc' dir='ltr'>ἄχρι</span> <span class='ocrx_word' id='word_1_35' title='bbox 1718 697 1811 746; x_wconf 68' lang='grc' dir='ltr'><strong>καὶ</strong></span> 
     </span>
    </p>
   </div>
   <div class='ocr_carea' id='block_1_8' title="bbox 220 784 1807 853">
    <p class='ocr_par' dir='ltr' id='par_1_8' title="bbox 220 784 1807 853">
     <span class='ocr_line' id='line_1_8' title="bbox 220 784 1807 853; baseline 0.001 -17"><span class='ocrx_word' id='word_1_36' title='bbox 220 784 313 837; x_wconf 80' lang='grc' dir='ltr'>νῦν</span> <span class='ocrx_word' id='word_1_37' title='bbox 340 786 453 837; x_wconf 87' lang='grc' dir='ltr'><strong>τῶν</strong></span> <span class='ocrx_word' id='word_1_38' title='bbox 487 785 753 853; x_wconf 75' lang='grc' dir='ltr'><strong>ποταμῶν</strong></span> <span class='ocrx_word' id='word_1_39' title='bbox 774 784 1088 853; x_wconf 78' lang='grc' dir='ltr'>μιμούμενα</span> <span class='ocrx_word' id='word_1_40' title='bbox 1118 786 1246 847; x_wconf 77' lang='grc' dir='ltr'>τοὺς</span> <span class='ocrx_word' id='word_1_41' title='bbox 1272 786 1497 851; x_wconf 75' lang='grc' dir='ltr'>ῥέοντας</span> <span class='ocrx_word' id='word_1_42' title='bbox 1525 786 1807 851; x_wconf 78' lang='grc' dir='ltr'>ἀεννάως),</span> 
     </span>
    </p>
   </div>
   <div class='ocr_carea' id='block_1_9' title="bbox 220 875 1811 947">
    <p class='ocr_par' dir='ltr' id='par_1_9' title="bbox 220 875 1811 947">
     <span class='ocr_line' id='line_1_9' title="bbox 220 875 1811 947; baseline -0.003 -17"><span class='ocrx_word' id='word_1_43' title='bbox 220 878 354 930; x_wconf 76' lang='grc' dir='ltr'>ἀλλὰ</span> <span class='ocrx_word' id='word_1_44' title='bbox 391 880 459 929; x_wconf 78' lang='grc' dir='ltr'>τὰ</span> <span class='ocrx_word' id='word_1_45' title='bbox 494 877 679 947; x_wconf 82' lang='grc' dir='ltr'>μικρῷ</span> <span class='ocrx_word' id='word_1_46' title='bbox 709 875 941 946; x_wconf 74' lang='grc' dir='ltr'>πρόσθεν</span> <span class='ocrx_word' id='word_1_47' title='bbox 984 875 1354 945; x_wconf 72' lang='grc' dir='ltr'>γεγενημένα,</span> <span class='ocrx_word' id='word_1_48' title='bbox 1389 878 1472 929; x_wconf 84' lang='grc' dir='ltr'><strong>ἵνα</strong></span> <span class='ocrx_word' id='word_1_49' title='bbox 1515 879 1604 929; x_wconf 77' lang='grc' dir='ltr'><strong>καὶ</strong></span> <span class='ocrx_word' id='word_1_50' title='bbox 1652 877 1811 928; x_wconf 89' lang='grc' dir='ltr'>πλέον</span> 
     </span>
    </p>
   </div>
   <div class='ocr_carea' id='block_1_10' title="bbox 220 967 1810 1037">
    <p class='ocr_par' dir='ltr' id='par_1_10' title="bbox 220 967 1810 1037">
     <span class='ocr_line' id='line_1_10' title="bbox 220 967 1810 1037; baseline 0 -17"><span class='ocrx_word' id='word_1_51' title='bbox 220 967 363 1020; x_wconf 76' lang='grc' dir='ltr'>οὕτω</span> <span class='ocrx_word' id='word_1_52' title='bbox 398 969 569 1020; x_wconf 83' lang='grc' dir='ltr'>πιστὰ</span> <span class='ocrx_word' id='word_1_53' title='bbox 610 971 717 1036; x_wconf 79' lang='grc' dir='ltr'>εἴη,</span> <span class='ocrx_word' id='word_1_54' title='bbox 748 970 819 1017; x_wconf 76' lang='grc' dir='ltr'>τὰ</span> <span class='ocrx_word' id='word_1_55' title='bbox 858 968 955 1035; x_wconf 83' lang='grc' dir='ltr'><strong>μὲν</strong></span> <span class='ocrx_word' id='word_1_56' title='bbox 997 967 1196 1028; x_wconf 79' lang='grc' dir='ltr'>αὑτοὺς</span> <span class='ocrx_word' id='word_1_57' title='bbox 1229 968 1475 1030; x_wconf 80' lang='grc' dir='ltr'>ἐκείνους</span> <span class='ocrx_word' id='word_1_58' title='bbox 1513 968 1810 1037; x_wconf 76' lang='grc' dir='ltr'>διηγουμέ-</span> 
     </span>
    </p>
   </div>
   <div class='ocr_carea' id='block_1_11' title="bbox 219 1058 1807 1127">
    <p class='ocr_par' dir='ltr' id='par_1_11' title="bbox 219 1058 1807 1127">
     <span class='ocr_line' id='line_1_11' title="bbox 219 1058 1807 1127; baseline 0 -18"><span class='ocrx_word' id='word_1_59' title='bbox 219 1076 341 1119; x_wconf 83' lang='grc' dir='ltr'>νους</span> <span class='ocrx_word' id='word_1_60' title='bbox 380 1059 597 1127; x_wconf 77' lang='grc' dir='ltr'>ἔχοντα,</span> <span class='ocrx_word' id='word_1_61' title='bbox 626 1058 751 1119; x_wconf 76' lang='grc' dir='ltr'>τοὺς</span> <span class='ocrx_word' id='word_1_62' title='bbox 779 1058 886 1109; x_wconf 88' lang='grc' dir='ltr'><strong>τῶν</strong></span> <span class='ocrx_word' id='word_1_63' title='bbox 917 1058 1157 1126; x_wconf 79' lang='grc' dir='ltr'><strong>χαρίτων</strong></span> <span class='ocrx_word' id='word_1_64' title='bbox 1188 1058 1591 1126; x_wconf 68' lang='grc' dir='ltr'>ἀποναμένουξ,</span> <span class='ocrx_word' id='word_1_65' title='bbox 1634 1060 1807 1126; x_wconf 74' lang='grc' dir='ltr'>γλὼτο</span> 
     </span>
    </p>
   </div>
   <div class='ocr_carea' id='block_1_12' title="bbox 218 1148 1809 1218">
    <p class='ocr_par' dir='ltr' id='par_1_12' title="bbox 218 1148 1809 1218">
     <span class='ocr_line' id='line_1_12' title="bbox 218 1148 1809 1218; baseline 0.002 -19"><span class='ocrx_word' id='word_1_66' title='bbox 218 1167 314 1210; x_wconf 84' lang='grc' dir='ltr'><strong>τας</strong></span> <span class='ocrx_word' id='word_1_67' title='bbox 347 1148 673 1217; x_wconf 71' lang='grc' dir='ltr'>φιλαλήθεις</span> <span class='ocrx_word' id='word_1_68' title='bbox 722 1149 817 1200; x_wconf 74' lang='grc' dir='ltr'><strong>καὶ</strong></span> <span class='ocrx_word' id='word_1_69' title='bbox 846 1148 923 1217; x_wconf 85' lang='grc' dir='ltr'>τῷ</span> <span class='ocrx_word' id='word_1_70' title='bbox 952 1148 1138 1215; x_wconf 69' lang='grc' dir='ltr'>ψεύδει</span> <span class='ocrx_word' id='word_1_71' title='bbox 1175 1148 1529 1201; x_wconf 83' lang='grc' dir='ltr'>παντάπασιν</span> <span class='ocrx_word' id='word_1_72' title='bbox 1564 1149 1809 1218; x_wconf 74' lang='grc' dir='ltr'>ἀπεχθα-</span> 
     </span>
    </p>
   </div>
   <div class='ocr_carea' id='block_1_13' title="bbox 220 1241 1809 1310">
    <p class='ocr_par' dir='ltr' id='par_1_13' title="bbox 220 1241 1809 1310">
     <span class='ocr_line' id='line_1_13' title="bbox 220 1241 1809 1310; baseline 0 -19"><span class='ocrx_word' id='word_1_73' title='bbox 220 1241 455 1310; x_wconf 77' lang='grc' dir='ltr'>νομένας</span> <span class='ocrx_word' id='word_1_74' title='bbox 485 1258 497 1269; x_wconf 86' lang='grc'><em>’</em></span> <span class='ocrx_word' id='word_1_75' title='bbox 526 1241 595 1293; x_wconf 78' lang='grc' dir='ltr'><strong>τὰ</strong></span> <span class='ocrx_word' id='word_1_76' title='bbox 624 1241 680 1293; x_wconf 86' lang='grc' dir='ltr'><strong>δὲ</strong></span> <span class='ocrx_word' id='word_1_77' title='bbox 725 1242 851 1302; x_wconf 73' lang='grc' dir='ltr'>τοὺς</span> <span class='ocrx_word' id='word_1_78' title='bbox 872 1242 1017 1308; x_wconf 80' lang='grc' dir='ltr'>γένει</span> <span class='ocrx_word' id='word_1_79' title='bbox 1046 1242 1424 1310; x_wconf 73' lang='grc' dir='ltr'>προσήκοντας</span> <span class='ocrx_word' id='word_1_80' title='bbox 1462 1241 1493 1309; x_wconf 78' lang='grc' dir='ltr'>ἢ</span> <span class='ocrx_word' id='word_1_81' title='bbox 1526 1243 1809 1310; x_wconf 82' lang='grc' dir='ltr'>ὑπηρετή-</span> 
     </span>
    </p>
   </div>
   <div class='ocr_carea' id='block_1_14' title="bbox 218 1330 1806 1403">
    <p class='ocr_par' dir='ltr' id='par_1_14' title="bbox 218 1330 1806 1403">
     <span class='ocr_line' id='line_1_14' title="bbox 218 1330 1806 1403; baseline 0.001 -22"><span class='ocrx_word' id='word_1_82' title='bbox 218 1349 423 1394; x_wconf 75' lang='grc' dir='ltr'>σαντας</span> <span class='ocrx_word' id='word_1_83' title='bbox 475 1333 507 1403; x_wconf 79' lang='grc' dir='ltr'><strong>ἢ</strong></span> <span class='ocrx_word' id='word_1_84' title='bbox 557 1332 733 1394; x_wconf 79' lang='grc' dir='ltr'>ἄλλως</span> <span class='ocrx_word' id='word_1_85' title='bbox 778 1331 1159 1401; x_wconf 78' lang='grc' dir='ltr'>ᾡκειωμένους</span> <span class='ocrx_word' id='word_1_86' title='bbox 1201 1332 1387 1394; x_wconf 75' lang='grc' dir='ltr'>αὐτοῖς</span> <span class='ocrx_word' id='word_1_87' title='bbox 1430 1330 1663 1392; x_wconf 77' lang='grc' dir='ltr'>ἐκείνοις</span> <span class='ocrx_word' id='word_1_88' title='bbox 1694 1335 1806 1393; x_wconf 87' lang='grc' dir='ltr'>τοῖς</span> 
     </span>
    </p>
   </div>
   <div class='ocr_carea' id='block_1_15' title="bbox 214 1421 1804 1492">
    <p class='ocr_par' dir='ltr' id='par_1_15' title="bbox 214 1421 1804 1492">
     <span class='ocr_line' id='line_1_15' title="bbox 214 1421 1804 1492; baseline 0 -18"><span class='ocrx_word' id='word_1_89' title='bbox 214 1424 321 1475; x_wconf 86' lang='grc' dir='ltr'><strong>τῶν</strong></span> <span class='ocrx_word' id='word_1_90' title='bbox 358 1425 663 1492; x_wconf 75' lang='grc' dir='ltr'>Θαυμάτων</span> <span class='ocrx_word' id='word_1_91' title='bbox 691 1423 1137 1491; x_wconf 81' lang='grc' dir='ltr'>πεπειραμένοις.</span> <span class='ocrx_word' id='word_1_92' title='bbox 1171 1422 1380 1475; x_wconf 81' lang='grc' dir='ltr'>Αὐτίκα</span> <span class='ocrx_word' id='word_1_93' title='bbox 1410 1421 1543 1489; x_wconf 80' lang='grc' dir='ltr'>γοῦν</span> <span class='ocrx_word' id='word_1_94' title='bbox 1595 1423 1804 1474; x_wconf 79' lang='grc' dir='ltr'>Θεοδὼο</span> 
     </span>
    </p>
   </div>
   <div class='ocr_carea' id='block_1_16' title="bbox 216 1512 1802 1583">
    <p class='ocr_par' dir='ltr' id='par_1_16' title="bbox 216 1512 1802 1583">
     <span class='ocr_line' id='line_1_16' title="bbox 216 1512 1802 1583; baseline 0.001 -18"><span class='ocrx_word' id='word_1_95' title='bbox 216 1531 387 1583; x_wconf 85' lang='grc' dir='ltr'>ριτος,</span> <span class='ocrx_word' id='word_1_96' title='bbox 428 1516 457 1565; x_wconf 96' lang='lat'><strong>6</strong></span> <span class='ocrx_word' id='word_1_97' title='bbox 494 1516 573 1582; x_wconf 76' lang='grc' dir='ltr'>τῷ</span> <span class='ocrx_word' id='word_1_98' title='bbox 601 1512 1322 1582; x_wconf 75' lang='grc' dir='ltr'>Σπαοαροκουὸικουλαρίων</span> <span class='ocrx_word' id='word_1_99' title='bbox 1356 1513 1679 1583; x_wconf 73' lang='grc' dir='ltr'>διαπρέπων</span> <span class='ocrx_word' id='word_1_100' title='bbox 1706 1515 1802 1566; x_wconf 84' lang='grc' dir='ltr'>τά·</span> 
     </span>
    </p>
   </div>
   <div class='ocr_carea' id='block_1_17' title="bbox 216 1599 1803 1674">
    <p class='ocr_par' dir='ltr' id='par_1_17' title="bbox 216 1599 1803 1674">
     <span class='ocr_line' id='line_1_17' title="bbox 216 1599 1803 1674; baseline 0 -19"><span class='ocrx_word' id='word_1_101' title='bbox 216 1622 413 1672; x_wconf 80' lang='grc' dir='ltr'>γματι,</span> <span class='ocrx_word' id='word_1_102' title='bbox 443 1599 487 1671; x_wconf 83' lang='grc' dir='ltr'><strong>ᾧ</strong></span> <span class='ocrx_word' id='word_1_103' title='bbox 516 1605 680 1673; x_wconf 83' lang='grc' dir='ltr'>πολλή</span> <span class='ocrx_word' id='word_1_104' title='bbox 721 1621 783 1671; x_wconf 86' lang='grc' dir='ltr'>γε</span> <span class='ocrx_word' id='word_1_105' title='bbox 810 1606 841 1673; x_wconf 83' lang='grc' dir='ltr'>ἡ</span> <span class='ocrx_word' id='word_1_106' title='bbox 872 1603 1041 1673; x_wconf 81' lang='grc' dir='ltr'>ἀρετὴ</span> <span class='ocrx_word' id='word_1_107' title='bbox 1076 1606 1459 1673; x_wconf 71' lang='grc' dir='ltr'>μαρτυρεῖται,</span> <span class='ocrx_word' id='word_1_108' title='bbox 1494 1606 1803 1674; x_wconf 78' lang='grc' dir='ltr'>χρηστότης</span> 
     </span>
    </p>
   </div>
   <div class='ocr_carea' id='block_1_18' title="bbox 215 1695 1801 1766">
    <p class='ocr_par' dir='ltr' id='par_1_18' title="bbox 215 1695 1801 1766">
     <span class='ocr_line' id='line_1_18' title="bbox 215 1695 1801 1766; baseline 0 -19"><span class='ocrx_word' id='word_1_109' title='bbox 215 1698 359 1765; x_wconf 82' lang='grc' dir='ltr'>μετὰ</span> <span class='ocrx_word' id='word_1_110' title='bbox 417 1699 521 1766; x_wconf 82' lang='grc' dir='ltr'><strong>τῆς</strong></span> <span class='ocrx_word' id='word_1_111' title='bbox 592 1697 873 1766; x_wconf 82' lang='grc' dir='ltr'>ἀληθείας,</span> <span class='ocrx_word' id='word_1_112' title='bbox 928 1695 1023 1748; x_wconf 74' lang='grc' dir='ltr'><strong>καὶ</strong></span> <span class='ocrx_word' id='word_1_113' title='bbox 1083 1695 1457 1766; x_wconf 77' lang='grc' dir='ltr'>μετριοπαῦὴς</span> <span class='ocrx_word' id='word_1_114' title='bbox 1507 1697 1801 1748; x_wconf 78' lang='grc' dir='ltr'>ἐπιείκεια.</span> 
     </span>
    </p>
   </div>
   <div class='ocr_carea' id='block_1_19' title="bbox 211 1783 1800 1858">
    <p class='ocr_par' dir='ltr' id='par_1_19' title="bbox 211 1783 1800 1858">
     <span class='ocr_line' id='line_1_19' title="bbox 211 1783 1800 1858; baseline 0.003 -22"><span class='ocrx_word' id='word_1_115' title='bbox 211 1783 384 1851; x_wconf 66' lang='grc' dir='ltr'>Οὗτος</span> <span class='ocrx_word' id='word_1_116' title='bbox 454 1790 738 1858; x_wconf 80' lang='grc' dir='ltr'><strong>ὑπηρέτης</strong></span> <span class='ocrx_word' id='word_1_117' title='bbox 788 1784 876 1857; x_wconf 80' lang='grc' dir='ltr'>ἦν,</span> <span class='ocrx_word' id='word_1_118' title='bbox 928 1788 1019 1839; x_wconf 84' lang='grc' dir='ltr'><strong>καί</strong></span> <span class='ocrx_word' id='word_1_119' title='bbox 1077 1787 1370 1855; x_wconf 81' lang='grc' dir='ltr'>ὑπηρετῶν</span> <span class='ocrx_word' id='word_1_120' title='bbox 1445 1788 1800 1852; x_wconf 70' lang='grc' dir='ltr'>οἰκειότατος,</span> 
     </span>
    </p>
   </div>
   <div class='ocr_carea' id='block_1_20' title="bbox 1915 602 3484 678">
    <p class='ocr_par' dir='ltr' id='par_1_20' title="bbox 1915 602 3484 678">
     <span class='ocr_line' id='line_1_20' title="bbox 1915 602 3484 678; baseline 0.011 -24"><span class='ocrx_word' id='word_1_121' title='bbox 1915 602 2099 655; x_wconf 88' lang='lat' dir='ltr'><strong>multis</strong></span> <span class='ocrx_word' id='word_1_122' title='bbox 2131 613 2259 658; x_wconf 99' lang='lat' dir='ltr'><strong>ante</strong></span> <span class='ocrx_word' id='word_1_123' title='bbox 2294 606 2451 659; x_wconf 90' lang='lat' dir='ltr'><strong>annis</strong></span> <span class='ocrx_word' id='word_1_124' title='bbox 2493 606 2631 661; x_wconf 85' lang='lat' dir='ltr'><strong>facta</strong></span> <span class='ocrx_word' id='word_1_125' title='bbox 2672 617 2819 671; x_wconf 88' lang='lat' dir='ltr'><strong>sunt,</strong></span> <span class='ocrx_word' id='word_1_126' title='bbox 2851 610 2997 678; x_wconf 90' lang='lat' dir='ltr'><strong>quod</strong></span> <span class='ocrx_word' id='word_1_127' title='bbox 3039 611 3219 665; x_wconf 93' lang='lat' dir='ltr'><strong>desint</strong></span> <span class='ocrx_word' id='word_1_128' title='bbox 3261 629 3399 668; x_wconf 77' lang='lat' dir='ltr'><strong>nova</strong></span> <span class='ocrx_word' id='word_1_129' title='bbox 3431 628 3484 671; x_wconf 87' lang='lat' dir='ltr'><strong>et</strong></span> 
     </span>
    </p>
   </div>
   <div class='ocr_carea' id='block_1_21' title="bbox 1914 694 3486 771">
    <p class='ocr_par' dir='ltr' id='par_1_21' title="bbox 1914 694 3486 771">
     <span class='ocr_line' id='line_1_21' title="bbox 1914 694 3486 771; baseline 0.01 -26"><span class='ocrx_word' id='word_1_130' title='bbox 1914 694 2152 747; x_wconf 87' lang='lat' dir='ltr'><strong>recentia</strong></span> <span class='ocrx_word' id='word_1_131' title='bbox 2189 698 2316 763; x_wconf 91' lang='lat' dir='ltr'><strong>(non</strong></span> <span class='ocrx_word' id='word_1_132' title='bbox 2346 698 2493 751; x_wconf 88' lang='lat' dir='ltr'><strong>enim</strong></span> <span class='ocrx_word' id='word_1_133' title='bbox 2526 698 2578 750; x_wconf 90' lang='lat' dir='ltr'><strong>in</strong></span> <span class='ocrx_word' id='word_1_134' title='bbox 2607 698 2933 754; x_wconf 86' lang='lat' dir='ltr'><strong>hodiernum</strong></span> <span class='ocrx_word' id='word_1_135' title='bbox 2972 718 3141 771; x_wconf 90' lang='lat' dir='ltr'><strong>usque</strong></span> <span class='ocrx_word' id='word_1_136' title='bbox 3172 703 3315 758; x_wconf 90' lang='lat' dir='ltr'><strong>diem</strong></span> <span class='ocrx_word' id='word_1_137' title='bbox 3350 706 3486 760; x_wconf 83' lang='lat' dir='ltr'><strong>defi-</strong></span> 
     </span>
    </p>
   </div>
   <div class='ocr_carea' id='block_1_22' title="bbox 1912 787 3485 867">
    <p class='ocr_par' dir='ltr' id='par_1_22' title="bbox 1912 787 3485 867">
     <span class='ocr_line' id='line_1_22' title="bbox 1912 787 3485 867; baseline 0.008 -28"><span class='ocrx_word' id='word_1_138' title='bbox 1912 787 2085 849; x_wconf 89' lang='lat' dir='ltr'><strong>ciunt,</strong></span> <span class='ocrx_word' id='word_1_139' title='bbox 2137 796 2323 855; x_wconf 88' lang='lat' dir='ltr'><strong>utpote</strong></span> <span class='ocrx_word' id='word_1_140' title='bbox 2368 804 2637 857; x_wconf 89' lang='lat' dir='ltr'><strong>perennes</strong></span> <span class='ocrx_word' id='word_1_141' title='bbox 2687 792 2953 846; x_wconf 87' lang='lat' dir='ltr'><strong>imitantia</strong></span> <span class='ocrx_word' id='word_1_142' title='bbox 3007 793 3391 867; x_wconf 41' lang='lat' dir='ltr'><strong>ﬂuvios),.sed</strong></span> <span class='ocrx_word' id='word_1_143' title='bbox 3423 813 3485 851; x_wconf 83' lang='lat' dir='ltr'><strong>ea</strong></span> 
     </span>
    </p>
   </div>
   <div class='ocr_carea' id='block_1_23' title="bbox 1912 881 3485 957">
    <p class='ocr_par' dir='ltr' id='par_1_23' title="bbox 1912 881 3485 957">
     <span class='ocr_line' id='line_1_23' title="bbox 1912 881 3485 957; baseline 0.006 -27"><span class='ocrx_word' id='word_1_144' title='bbox 1912 894 2031 947; x_wconf 73' lang='lat' dir='ltr'><strong>quae</strong></span> <span class='ocrx_word' id='word_1_145' title='bbox 2062 881 2227 947; x_wconf 89' lang='lat' dir='ltr'><strong>paulo</strong></span> <span class='ocrx_word' id='word_1_146' title='bbox 2260 890 2383 933; x_wconf 90' lang='lat' dir='ltr'><strong>ante</strong></span> <span class='ocrx_word' id='word_1_147' title='bbox 2431 882 2800 951; x_wconf 86' lang='lat' dir='ltr'><strong>contigerunt,</strong></span> <span class='ocrx_word' id='word_1_148' title='bbox 2860 885 3092 953; x_wconf 80' lang='lat' dir='ltr'><strong>ideoque</strong></span> <span class='ocrx_word' id='word_1_149' title='bbox 3135 896 3261 939; x_wconf 90' lang='lat' dir='ltr'><strong>sunt</strong></span> <span class='ocrx_word' id='word_1_150' title='bbox 3313 890 3485 957; x_wconf 88' lang='lat' dir='ltr'><strong>magis</strong></span> 
     </span>
    </p>
   </div>
   <div class='ocr_carea' id='block_1_24' title="bbox 1913 970 3482 1040">
    <p class='ocr_par' dir='ltr' id='par_1_24' title="bbox 1913 970 3482 1040">
     <span class='ocr_line' id='line_1_24' title="bbox 1913 970 3482 1040; baseline 0.008 -18"><span class='ocrx_word' id='word_1_151' title='bbox 1913 970 2239 1036; x_wconf 78' lang='lat' dir='ltr'><strong>credibilia;</strong></span> <span class='ocrx_word' id='word_1_152' title='bbox 2303 988 2532 1040; x_wconf 63' lang='lat' dir='ltr'><strong>quicque</strong></span> <span class='ocrx_word' id='word_1_153' title='bbox 2586 975 2754 1027; x_wconf 86' lang='lat' dir='ltr'><strong>relata</strong></span> <span class='ocrx_word' id='word_1_154' title='bbox 2814 976 3055 1035; x_wconf 89' lang='lat' dir='ltr'><strong>fuerunt.</strong></span> <span class='ocrx_word' id='word_1_155' title='bbox 3124 988 3237 1031; x_wconf 90' lang='lat' dir='ltr'><strong>tum</strong></span> <span class='ocrx_word' id='word_1_156' title='bbox 3282 979 3350 1033; x_wconf 90' lang='lat' dir='ltr'><strong>ab</strong></span> <span class='ocrx_word' id='word_1_157' title='bbox 3414 981 3482 1035; x_wconf 87' lang='lat' dir='ltr'><strong>iis</strong></span> 
     </span>
    </p>
   </div>
   <div class='ocr_carea' id='block_1_25' title="bbox 1912 1059 3473 1131">
    <p class='ocr_par' dir='ltr' id='par_1_25' title="bbox 1912 1059 3473 1131">
     <span class='ocr_line' id='line_1_25' title="bbox 1912 1059 3473 1131; baseline 0.008 -20"><span class='ocrx_word' id='word_1_158' title='bbox 1912 1059 2066 1126; x_wconf 88' lang='lat' dir='ltr'><strong>ipsis,</strong></span> <span class='ocrx_word' id='word_1_159' title='bbox 2095 1062 2187 1129; x_wconf 88' lang='lat' dir='ltr'><strong>qui</strong></span> <span class='ocrx_word' id='word_1_160' title='bbox 2222 1060 2485 1114; x_wconf 81' lang='lat' dir='ltr'><strong>beneﬁcia</strong></span> <span class='ocrx_word' id='word_1_161' title='bbox 2524 1066 2805 1117; x_wconf 88' lang='lat' dir='ltr'><strong>consecuti</strong></span> <span class='ocrx_word' id='word_1_162' title='bbox 2838 1076 2986 1126; x_wconf 88' lang='lat' dir='ltr'><strong>sunt,</strong></span> <span class='ocrx_word' id='word_1_163' title='bbox 3037 1068 3171 1121; x_wconf 74' lang='lat' dir='ltr'><strong>viris</strong></span> <span class='ocrx_word' id='word_1_164' title='bbox 3197 1070 3473 1131; x_wconf 72' lang='lat' dir='ltr'><strong>veridicis.</strong></span> 
     </span>
    </p>
   </div>
   <div class='ocr_carea' id='block_1_26' title="bbox 1910 1154 3480 1233">
    <p class='ocr_par' dir='ltr' id='par_1_26' title="bbox 1910 1154 3480 1233">
     <span class='ocr_line' id='line_1_26' title="bbox 1910 1154 3480 1233; baseline 0.009 -28"><span class='ocrx_word' id='word_1_165' title='bbox 1910 1162 1966 1205; x_wconf 90' lang='lat' dir='ltr'><strong>et</strong></span> <span class='ocrx_word' id='word_1_166' title='bbox 1993 1154 2170 1207; x_wconf 87' lang='lat' dir='ltr'><strong>omnis</strong></span> <span class='ocrx_word' id='word_1_167' title='bbox 2211 1155 2475 1209; x_wconf 81' lang='lat' dir='ltr'><strong>mendacii</strong></span> <span class='ocrx_word' id='word_1_168' title='bbox 2502 1156 2752 1211; x_wconf 86' lang='lat' dir='ltr'><strong>osoribus</strong></span> <span class='ocrx_word' id='word_1_169' title='bbox 2795 1175 2805 1209; x_wconf 94' lang='lat'><strong>:</strong></span> <span class='ocrx_word' id='word_1_170' title='bbox 2858 1169 2969 1213; x_wconf 88' lang='lat' dir='ltr'><strong>tum</strong></span> <span class='ocrx_word' id='word_1_171' title='bbox 3000 1162 3069 1215; x_wconf 87' lang='lat' dir='ltr'><strong>ab</strong></span> <span class='ocrx_word' id='word_1_172' title='bbox 3109 1163 3234 1226; x_wconf 89' lang='lat' dir='ltr'><strong>illis,</strong></span> <span class='ocrx_word' id='word_1_173' title='bbox 3267 1166 3359 1233; x_wconf 89' lang='lat' dir='ltr'><strong>qui</strong></span> <span class='ocrx_word' id='word_1_174' title='bbox 3386 1175 3480 1219; x_wconf 90' lang='lat' dir='ltr'><strong>aut</strong></span> 
     </span>
    </p>
   </div>
   <div class='ocr_carea' id='block_1_27' title="bbox 1910 1248 3481 1315">
    <p class='ocr_par' dir='ltr' id='par_1_27' title="bbox 1910 1248 3481 1315">
     <span class='ocr_line' id='line_1_27' title="bbox 1910 1248 3481 1315; baseline 0.009 -17"><span class='ocrx_word' id='word_1_175' title='bbox 1910 1248 2325 1315; x_wconf 75' lang='lat' dir='ltr'><strong>consanguinei,</strong></span> <span class='ocrx_word' id='word_1_176' title='bbox 2354 1256 2448 1301; x_wconf 88' lang='lat' dir='ltr'><strong>aut</strong></span> <span class='ocrx_word' id='word_1_177' title='bbox 2475 1248 2682 1314; x_wconf 81' lang='lat' dir='ltr'><strong>famuli,</strong></span> <span class='ocrx_word' id='word_1_178' title='bbox 2725 1260 2819 1303; x_wconf 88' lang='lat' dir='ltr'><strong>aut</strong></span> <span class='ocrx_word' id='word_1_179' title='bbox 2852 1253 3011 1306; x_wconf 84' lang='lat' dir='ltr'><strong>aliter</strong></span> <span class='ocrx_word' id='word_1_180' title='bbox 3038 1255 3335 1310; x_wconf 77' lang='lat' dir='ltr'><strong>familiares</strong></span> <span class='ocrx_word' id='word_1_181' title='bbox 3365 1257 3481 1312; x_wconf 84' lang='lat' dir='ltr'><strong>fue-</strong></span> 
     </span>
    </p>
   </div>
   <div class='ocr_carea' id='block_1_28' title="bbox 1911 1339 3479 1413">
    <p class='ocr_par' dir='ltr' id='par_1_28' title="bbox 1911 1339 3479 1413">
     <span class='ocr_line' id='line_1_28' title="bbox 1911 1339 3479 1413; baseline 0.01 -26"><span class='ocrx_word' id='word_1_182' title='bbox 1911 1347 2037 1390; x_wconf 89' lang='lat' dir='ltr'><strong>runt</strong></span> <span class='ocrx_word' id='word_1_183' title='bbox 2070 1339 2155 1399; x_wconf 83' lang='lat' dir='ltr'><strong>iis,</strong></span> <span class='ocrx_word' id='word_1_184' title='bbox 2201 1340 2253 1393; x_wconf 93' lang='lat' dir='ltr'><strong>in</strong></span> <span class='ocrx_word' id='word_1_185' title='bbox 2294 1340 2501 1407; x_wconf 82' lang='lat' dir='ltr'><strong>quibus</strong></span> <span class='ocrx_word' id='word_1_186' title='bbox 2551 1342 2807 1396; x_wconf 88' lang='lat' dir='ltr'><strong>miracula</strong></span> <span class='ocrx_word' id='word_1_187' title='bbox 2862 1356 3073 1413; x_wconf 86' lang='lat' dir='ltr'><strong>patrata</strong></span> <span class='ocrx_word' id='word_1_188' title='bbox 3118 1357 3265 1401; x_wconf 88' lang='lat' dir='ltr'><strong>sunt.</strong></span> <span class='ocrx_word' id='word_1_189' title='bbox 3322 1350 3479 1403; x_wconf 86' lang='lat' dir='ltr'><strong>Adsit</strong></span> 
     </span>
    </p>
   </div>
   <div class='ocr_carea' id='block_1_29' title="bbox 1908 1426 3477 1501">
    <p class='ocr_par' dir='ltr' id='par_1_29' title="bbox 1908 1426 3477 1501">
     <span class='ocr_line' id='line_1_29' title="bbox 1908 1426 3477 1501; baseline 0.013 -24"><span class='ocrx_word' id='word_1_190' title='bbox 1908 1426 2074 1495; x_wconf 80' lang='lat' dir='ltr'><strong>igitur</strong></span> <span class='ocrx_word' id='word_1_191' title='bbox 2155 1428 2569 1495; x_wconf 86' lang='lat' dir='ltr'><strong>Theodoritus,</strong></span> <span class='ocrx_word' id='word_1_192' title='bbox 2629 1432 3273 1501; x_wconf 72' lang='lat' dir='ltr'><strong>Spatharomibicularius</strong></span> <span class='ocrx_word' id='word_1_193' title='bbox 3346 1442 3477 1496; x_wconf 83' lang='lat' dir='ltr'><strong>insi—</strong></span> 
     </span>
    </p>
   </div>
   <div class='ocr_carea' id='block_1_30' title="bbox 1905 1516 3478 1598">
    <p class='ocr_par' dir='ltr' id='par_1_30' title="bbox 1905 1516 3478 1598">
     <span class='ocr_line' id='line_1_30' title="bbox 1905 1516 3478 1598; baseline 0.013 -32"><span class='ocrx_word' id='word_1_194' title='bbox 1905 1516 2025 1585; x_wconf 85' lang='lat' dir='ltr'><strong>gnis</strong></span> <span class='ocrx_word' id='word_1_195' title='bbox 2058 1518 2191 1586; x_wconf 90' lang='lat' dir='ltr'><strong>(l0),</strong></span> <span class='ocrx_word' id='word_1_196' title='bbox 2231 1521 2386 1589; x_wconf 85' lang='lat' dir='ltr'><strong>cujus</strong></span> <span class='ocrx_word' id='word_1_197' title='bbox 2436 1522 2788 1577; x_wconf 85' lang='lat' dir='ltr'><strong>testatissima</strong></span> <span class='ocrx_word' id='word_1_198' title='bbox 2832 1538 2914 1581; x_wconf 84' lang='lat' dir='ltr'><strong>est</strong></span> <span class='ocrx_word' id='word_1_199' title='bbox 2962 1530 3159 1594; x_wconf 73' lang='lat' dir='ltr'><strong>virtus,</strong></span> <span class='ocrx_word' id='word_1_200' title='bbox 3211 1531 3478 1598; x_wconf 85' lang='lat' dir='ltr'><strong>probitas,</strong></span> 
     </span>
    </p>
   </div>
   <div class='ocr_carea' id='block_1_31' title="bbox 1905 1612 3481 1681">
    <p class='ocr_par' dir='ltr' id='par_1_31' title="bbox 1905 1612 3481 1681">
     <span class='ocr_line' id='line_1_31' title="bbox 1905 1612 3481 1681; baseline 0.015 -22"><span class='ocrx_word' id='word_1_201' title='bbox 1905 1612 2195 1672; x_wconf 83' lang='lat' dir='ltr'><strong>veraeitas,</strong></span> <span class='ocrx_word' id='word_1_202' title='bbox 2243 1622 2298 1665; x_wconf 85' lang='lat' dir='ltr'><strong>et</strong></span> <span class='ocrx_word' id='word_1_203' title='bbox 2328 1630 2541 1668; x_wconf 88' lang='lat' dir='ltr'><strong>summa</strong></span> <span class='ocrx_word' id='word_1_204' title='bbox 2581 1617 2750 1670; x_wconf 91' lang='lat' dir='ltr'><strong>animi</strong></span> <span class='ocrx_word' id='word_1_205' title='bbox 2801 1619 3123 1677; x_wconf 81' lang='lat' dir='ltr'><strong>moderatio.</strong></span> <span class='ocrx_word' id='word_1_206' title='bbox 3173 1624 3219 1677; x_wconf 92' lang='lat' dir='ltr'><strong>Is</strong></span> <span class='ocrx_word' id='word_1_207' title='bbox 3253 1636 3371 1681; x_wconf 89' lang='lat' dir='ltr'><strong>erat</strong></span> <span class='ocrx_word' id='word_1_208' title='bbox 3401 1627 3481 1681; x_wconf 89' lang='lat' dir='ltr'><strong>fa-</strong></span> 
     </span>
    </p>
   </div>
   <div class='ocr_carea' id='block_1_32' title="bbox 1905 1700 3477 1776">
    <p class='ocr_par' dir='ltr' id='par_1_32' title="bbox 1905 1700 3477 1776">
     <span class='ocr_line' id='line_1_32' title="bbox 1905 1700 3477 1776; baseline 0.013 -24"><span class='ocrx_word' id='word_1_209' title='bbox 1905 1700 2105 1763; x_wconf 85' lang='lat' dir='ltr'><strong>mulus,</strong></span> <span class='ocrx_word' id='word_1_210' title='bbox 2144 1711 2199 1755; x_wconf 91' lang='lat' dir='ltr'><strong>et</strong></span> <span class='ocrx_word' id='word_1_211' title='bbox 2236 1702 2565 1759; x_wconf 88' lang='lat' dir='ltr'><strong>famulorum</strong></span> <span class='ocrx_word' id='word_1_212' title='bbox 2604 1708 3081 1776; x_wconf 82' lang='lat' dir='ltr'><strong>familiarissimus,</strong></span> <span class='ocrx_word' id='word_1_213' title='bbox 3128 1725 3183 1768; x_wconf 88' lang='lat' dir='ltr'><strong>et</strong></span> <span class='ocrx_word' id='word_1_214' title='bbox 3221 1718 3477 1773; x_wconf 84' lang='lat' dir='ltr'><strong>fidelissi-</strong></span> 
     </span>
    </p>
   </div>
   <div class='ocr_carea' id='block_1_33' title="bbox 1905 1792 3474 1875">
    <p class='ocr_par' dir='ltr' id='par_1_33' title="bbox 1905 1792 3474 1875">
     <span class='ocr_line' id='line_1_33' title="bbox 1905 1792 3474 1875; baseline 0.012 -31"><span class='ocrx_word' id='word_1_215' title='bbox 1905 1807 2027 1846; x_wconf 90' lang='lat' dir='ltr'><strong>mus</strong></span> <span class='ocrx_word' id='word_1_216' title='bbox 2059 1792 2256 1847; x_wconf 86' lang='lat' dir='ltr'><strong>Leonis</strong></span> <span class='ocrx_word' id='word_1_217' title='bbox 2296 1796 2463 1860; x_wconf 89' lang='lat' dir='ltr'><strong>illius,</strong></span> <span class='ocrx_word' id='word_1_218' title='bbox 2497 1799 2590 1866; x_wconf 88' lang='lat' dir='ltr'><strong>qui</strong></span> <span class='ocrx_word' id='word_1_219' title='bbox 2638 1810 2756 1851; x_wconf 88' lang='lat' dir='ltr'><strong>erat</strong></span> <span class='ocrx_word' id='word_1_220' title='bbox 2781 1816 2845 1855; x_wconf 83' lang='lat' dir='ltr'><strong>ex</strong></span> <span class='ocrx_word' id='word_1_221' title='bbox 2875 1803 3065 1856; x_wconf 86' lang='lat' dir='ltr'><strong>ordine</strong></span> <span class='ocrx_word' id='word_1_222' title='bbox 3096 1806 3474 1875; x_wconf 87' lang='lat' dir='ltr'><strong>patriciorum,</strong></span> 
     </span>
    </p>
   </div>
   <div class='ocr_carea' id='block_1_34' title="bbox 211 1863 1790 1965">
    <p class='ocr_par' dir='ltr' id='par_1_34' title="bbox 211 1876 1790 1948">
     <span class='ocr_line' id='line_1_34' title="bbox 211 1876 1790 1948; baseline 0.003 -19"><span class='ocrx_word' id='word_1_223' title='bbox 211 1879 445 1939; x_wconf 85' lang='grc' dir='ltr'>Λέοντος</span> <span class='ocrx_word' id='word_1_224' title='bbox 482 1878 693 1929; x_wconf 81' lang='grc' dir='ltr'>ἐκείνου</span> <span class='ocrx_word' id='word_1_225' title='bbox 730 1880 891 1946; x_wconf 74' lang='grc' dir='ltr'>φημὶ,</span> <span class='ocrx_word' id='word_1_226' title='bbox 923 1876 981 1927; x_wconf 78' lang='grc' dir='ltr'>ὃν</span> <span class='ocrx_word' id='word_1_227' title='bbox 1023 1879 1050 1928; x_wconf 98' lang='lat'><strong>6</strong></span> <span class='ocrx_word' id='word_1_228' title='bbox 1105 1876 1212 1948; x_wconf 85' lang='grc' dir='ltr'>τῷν</span> <span class='ocrx_word' id='word_1_229' title='bbox 1258 1877 1575 1947; x_wconf 84' lang='grc' dir='ltr'>Πατρικίων</span> <span class='ocrx_word' id='word_1_230' title='bbox 1609 1896 1668 1931; x_wconf 88' lang='grc' dir='ltr'><strong>τε</strong></span> <span class='ocrx_word' id='word_1_231' title='bbox 1713 1882 1790 1933; x_wconf 56' lang='lat' dir='ltr'><strong>xui</strong></span> 
     </span>
    </p>
   </div>
   <div class='ocr_carea' id='block_1_35' title="bbox 1896 1863 3478 1965">
    <p class='ocr_par' dir='ltr' id='par_1_35' title="bbox 1906 1887 3478 1965">
     <span class='ocr_line' id='line_1_35' title="bbox 1906 1887 3478 1965; baseline 0.01 -26"><span class='ocrx_word' id='word_1_232' title='bbox 1906 1896 1961 1939; x_wconf 86' lang='lat' dir='ltr'><strong>et</strong></span> <span class='ocrx_word' id='word_1_233' title='bbox 1985 1887 2428 1956; x_wconf 75' lang='lat' dir='ltr'><strong>praepositorum,</strong></span> <span class='ocrx_word' id='word_1_234' title='bbox 2466 1890 2669 1959; x_wconf 85' lang='lat' dir='ltr'><strong>quique</strong></span> <span class='ocrx_word' id='word_1_235' title='bbox 2702 1893 2870 1964; x_wconf 80' lang='lat' dir='ltr'><strong>gessit</strong></span> <span class='ocrx_word' id='word_1_236' title='bbox 2902 1896 3277 1965; x_wconf 82' lang='lat' dir='ltr'><strong>magistratum</strong></span> <span class='ocrx_word' id='word_1_237' title='bbox 3302 1900 3478 1954; x_wconf 83' lang='lat' dir='ltr'><strong>Drun-</strong></span> 
     </span>
    </p>
   </div>
   <div class='ocr_carea' id='block_1_36' title="bbox 212 1964 1801 2039">
    <p class='ocr_par' dir='ltr' id='par_1_36' title="bbox 212 1964 1801 2039">
     <span class='ocr_line' id='line_1_36' title="bbox 212 1964 1801 2039; baseline 0 -16"><span class='ocrx_word' id='word_1_238' title='bbox 212 1970 599 2039; x_wconf 80' lang='grc' dir='ltr'>πραιποσίτων</span> <span class='ocrx_word' id='word_1_239' title='bbox 644 1964 756 2038; x_wconf 73' lang='grc' dir='ltr'>εἶχε</span> <span class='ocrx_word' id='word_1_240' title='bbox 790 1969 967 2038; x_wconf 72' lang='grc' dir='ltr'>χορὸς.</span> <span class='ocrx_word' id='word_1_241' title='bbox 1030 1968 1123 2020; x_wconf 74' lang='grc' dir='ltr'><strong>καὶ</strong></span> <span class='ocrx_word' id='word_1_242' title='bbox 1173 1968 1229 2031; x_wconf 81' lang='grc' dir='ltr'>ὃς</span> <span class='ocrx_word' id='word_1_243' title='bbox 1280 1969 1517 2038; x_wconf 76' lang='grc' dir='ltr'>μετῆλθε</span> <span class='ocrx_word' id='word_1_244' title='bbox 1573 1972 1674 2038; x_wconf 83' lang='grc' dir='ltr'><strong>μὲν</strong></span> <span class='ocrx_word' id='word_1_245' title='bbox 1711 1972 1801 2023; x_wconf 74' lang='grc' dir='ltr'><strong>τὸν</strong></span> 
     </span>
    </p>
   </div>
   <div class='ocr_carea' id='block_1_37' title="bbox 209 2060 1799 2131">
    <p class='ocr_par' dir='ltr' id='par_1_37' title="bbox 209 2060 1799 2131">
     <span class='ocr_line' id='line_1_37' title="bbox 209 2060 1799 2131; baseline -0.001 -16"><span class='ocrx_word' id='word_1_246' title='bbox 209 2065 301 2116; x_wconf 72' lang='grc' dir='ltr'><strong>τοῦ</strong></span> <span class='ocrx_word' id='word_1_247' title='bbox 340 2062 719 2131; x_wconf 77' lang='grc' dir='ltr'>Δρουγγαρίου</span> <span class='ocrx_word' id='word_1_248' title='bbox 761 2062 870 2113; x_wconf 86' lang='grc' dir='ltr'><strong>τῶν</strong></span> <span class='ocrx_word' id='word_1_249' title='bbox 909 2061 1191 2131; x_wconf 81' lang='grc' dir='ltr'>πλωῖμων,</span> <span class='ocrx_word' id='word_1_250' title='bbox 1224 2061 1453 2131; x_wconf 79' lang='grc' dir='ltr'>μετῆλθε</span> <span class='ocrx_word' id='word_1_251' title='bbox 1483 2060 1539 2113; x_wconf 87' lang='grc' dir='ltr'>δὲ</span> <span class='ocrx_word' id='word_1_252' title='bbox 1574 2063 1670 2113; x_wconf 71' lang='grc' dir='ltr'><strong>καὶ</strong></span> <span class='ocrx_word' id='word_1_253' title='bbox 1700 2062 1799 2131; x_wconf 81' lang='grc' dir='ltr'>τὴν</span> 
     </span>
    </p>
   </div>
   <div class='ocr_carea' id='block_1_38' title="bbox 210 2149 1798 2226">
    <p class='ocr_par' dir='ltr' id='par_1_38' title="bbox 210 2149 1798 2226">
     <span class='ocr_line' id='line_1_38' title="bbox 210 2149 1798 2226; baseline -0.001 -18"><span class='ocrx_word' id='word_1_254' title='bbox 210 2158 304 2208; x_wconf 59' lang='grc' dir='ltr'>τοι]</span> <span class='ocrx_word' id='word_1_255' title='bbox 337 2156 645 2223; x_wconf 78' lang='grc' dir='ltr'>Λογοθέτου</span> <span class='ocrx_word' id='word_1_256' title='bbox 685 2152 777 2205; x_wconf 77' lang='grc' dir='ltr'>τοῦ</span> <span class='ocrx_word' id='word_1_257' title='bbox 801 2153 1000 2223; x_wconf 87' lang='grc' dir='ltr'>δρόμου</span> <span class='ocrx_word' id='word_1_258' title='bbox 1032 2154 1228 2224; x_wconf 75' lang='grc' dir='ltr'>ἀρχὴν,</span> <span class='ocrx_word' id='word_1_259' title='bbox 1270 2155 1353 2221; x_wconf 77' lang='grc' dir='ltr'><strong>ἐφ’</strong></span> <span class='ocrx_word' id='word_1_260' title='bbox 1462 2153 1562 2205; x_wconf 80' lang='grc' dir='ltr'>καὶ</span> <span class='ocrx_word' id='word_1_261' title='bbox 1605 2154 1798 2223; x_wconf 85' lang='grc' dir='ltr'>τέθνη-</span> 
     </span>
    </p>
   </div>
   <div class='ocr_carea' id='block_1_39' title="bbox 213 2244 1798 2315">
    <p class='ocr_par' dir='ltr' id='par_1_39' title="bbox 213 2244 1798 2315">
     <span class='ocr_line' id='line_1_39' title="bbox 213 2244 1798 2315; baseline -0.004 -14"><span class='ocrx_word' id='word_1_262' title='bbox 213 2266 305 2301; x_wconf 78' lang='grc' dir='ltr'><strong>κεν</strong></span> <span class='ocrx_word' id='word_1_263' title='bbox 338 2250 403 2300; x_wconf 86' lang='grc' dir='ltr'><strong>οὑ</strong></span> <span class='ocrx_word' id='word_1_264' title='bbox 448 2248 613 2298; x_wconf 80' lang='grc' dir='ltr'>πλέον</span> <span class='ocrx_word' id='word_1_265' title='bbox 650 2246 785 2313; x_wconf 81' lang='grc' dir='ltr'>μετὰ</span> <span class='ocrx_word' id='word_1_266' title='bbox 815 2245 906 2297; x_wconf 69' lang='grc' dir='ltr'><strong>τὸν</strong></span> <span class='ocrx_word' id='word_1_267' title='bbox 933 2245 1142 2297; x_wconf 77' lang='grc' dir='ltr'>ἐκείνου</span> <span class='ocrx_word' id='word_1_268' title='bbox 1175 2244 1424 2311; x_wconf 85' lang='grc' dir='ltr'>θάνατον,</span> <span class='ocrx_word' id='word_1_269' title='bbox 1454 2244 1486 2315; x_wconf 77' lang='grc' dir='ltr'>ἢ</span> <span class='ocrx_word' id='word_1_270' title='bbox 1533 2244 1702 2314; x_wconf 83' lang='grc' dir='ltr'>μῆνες</span> <span class='ocrx_word' id='word_1_271' title='bbox 1737 2244 1798 2296; x_wconf 86' lang='grc' dir='ltr'><strong>τὸ</strong></span> 
     </span>
    </p>
   </div>
   <div class='ocr_carea' id='block_1_40' title="bbox 214 2336 1795 2407">
    <p class='ocr_par' dir='ltr' id='par_1_40' title="bbox 214 2336 1795 2407">
     <span class='ocr_line' id='line_1_40' title="bbox 214 2336 1795 2407; baseline -0.002 -18"><span class='ocrx_word' id='word_1_272' title='bbox 214 2341 496 2407; x_wconf 64' lang='grc' dir='ltr'>μέγιστον,</span> <span class='ocrx_word' id='word_1_273' title='bbox 540 2340 722 2390; x_wconf 80' lang='grc' dir='ltr'>πέντε.</span> <span class='ocrx_word' id='word_1_274' title='bbox 768 2337 951 2406; x_wconf 81' lang='grc' dir='ltr'>Τούτῳ</span> <span class='ocrx_word' id='word_1_275' title='bbox 987 2336 1278 2404; x_wconf 78' lang='grc' dir='ltr'>τοιγαροῦν</span> <span class='ocrx_word' id='word_1_276' title='bbox 1321 2336 1399 2405; x_wconf 81' lang='grc' dir='ltr'><strong>τῷ</strong></span> <span class='ocrx_word' id='word_1_277' title='bbox 1450 2336 1795 2406; x_wconf 75' lang='grc' dir='ltr'>Θεοδωρίτῳ,</span> 
     </span>
    </p>
   </div>
   <div class='ocr_carea' id='block_1_41' title="bbox 216 2426 1797 2500">
    <p class='ocr_par' dir='ltr' id='par_1_41' title="bbox 216 2426 1797 2500">
     <span class='ocr_line' id='line_1_41' title="bbox 216 2426 1797 2500; baseline -0.003 -18"><span class='ocrx_word' id='word_1_278' title='bbox 216 2434 307 2483; x_wconf 74' lang='grc' dir='ltr'><strong>καὶ</strong></span> <span class='ocrx_word' id='word_1_279' title='bbox 334 2430 525 2499; x_wconf 69' lang='grc' dir='ltr'>ἕτερος</span> <span class='ocrx_word' id='word_1_280' title='bbox 556 2426 625 2499; x_wconf 79' lang='grc' dir='ltr'>ἦν</span> <span class='ocrx_word' id='word_1_281' title='bbox 649 2428 823 2500; x_wconf 72' lang='grc' dir='ltr'>[Λέων</span> <span class='ocrx_word' id='word_1_282' title='bbox 844 2426 1104 2499; x_wconf 80' lang='grc' dir='ltr'>τοῦνομα]</span> <span class='ocrx_word' id='word_1_283' title='bbox 1131 2430 1236 2480; x_wconf 89' lang='grc' dir='ltr'><strong>τῶν</strong></span> <span class='ocrx_word' id='word_1_284' title='bbox 1270 2428 1797 2496; x_wconf 83' lang='grc' dir='ltr'>συνυπηρετούντων</span> 
     </span>
    </p>
   </div>
   <div class='ocr_carea' id='block_1_42' title="bbox 213 2523 1797 2597">
    <p class='ocr_par' dir='ltr' id='par_1_42' title="bbox 213 2523 1797 2597">
     <span class='ocr_line' id='line_1_42' title="bbox 213 2523 1797 2597; baseline -0.003 -17"><span class='ocrx_word' id='word_1_285' title='bbox 213 2529 289 2597; x_wconf 78' lang='grc' dir='ltr'>τῷ</span> <span class='ocrx_word' id='word_1_286' title='bbox 315 2530 618 2597; x_wconf 84' lang='grc' dir='ltr'>περιφανεῖ</span> <span class='ocrx_word' id='word_1_287' title='bbox 647 2527 855 2590; x_wconf 87' lang='grc' dir='ltr'>Λέοντι,</span> <span class='ocrx_word' id='word_1_288' title='bbox 891 2524 1025 2576; x_wconf 82' lang='grc' dir='ltr'>ἀλλὰ</span> <span class='ocrx_word' id='word_1_289' title='bbox 1056 2526 1154 2576; x_wconf 74' lang='grc' dir='ltr'>καὶ</span> <span class='ocrx_word' id='word_1_290' title='bbox 1186 2524 1402 2587; x_wconf 75' lang='grc' dir='ltr'>οἰκείως</span> <span class='ocrx_word' id='word_1_291' title='bbox 1439 2523 1675 2592; x_wconf 79' lang='grc' dir='ltr'>ἑχόντων</span> <span class='ocrx_word' id='word_1_292' title='bbox 1706 2528 1797 2575; x_wconf 81' lang='grc' dir='ltr'>καὶ</span> 
     </span>
    </p>
   </div>
   <div class='ocr_carea' id='block_1_43' title="bbox 214 2609 1792 2686">
    <p class='ocr_par' dir='ltr' id='par_1_43' title="bbox 214 2609 1792 2686">
     <span class='ocr_line' id='line_1_43' title="bbox 214 2609 1792 2686; baseline -0.006 -14"><span class='ocrx_word' id='word_1_293' title='bbox 214 2620 449 2673; x_wconf 78' lang='grc' dir='ltr'>ἰδιωτῶν</span> <span class='ocrx_word' id='word_1_294' title='bbox 480 2636 595 2682; x_wconf 87' lang='grc' dir='ltr'>τις,</span> <span class='ocrx_word' id='word_1_295' title='bbox 631 2615 1125 2686; x_wconf 83' lang='grc' dir='ltr'>πρωτοσπαθάριός</span> <span class='ocrx_word' id='word_1_296' title='bbox 1176 2630 1235 2664; x_wconf 77' lang='grc' dir='ltr'><strong>τε</strong></span> <span class='ocrx_word' id='word_1_297' title='bbox 1282 2615 1391 2681; x_wconf 86' lang='grc' dir='ltr'><strong>γὰρ</strong></span> <span class='ocrx_word' id='word_1_298' title='bbox 1440 2609 1527 2681; x_wconf 83' lang='grc' dir='ltr'>ἦν,</span> <span class='ocrx_word' id='word_1_299' title='bbox 1579 2617 1672 2665; x_wconf 75' lang='grc' dir='ltr'><strong>καὶ</strong></span> <span class='ocrx_word' id='word_1_300' title='bbox 1714 2614 1792 2674; x_wconf 86' lang='grc' dir='ltr'>ὠς</span> 
     </span>
    </p>
   </div>
   <div class='ocr_carea' id='block_1_44' title="bbox 212 2703 1790 2777">
    <p class='ocr_par' dir='ltr' id='par_1_44' title="bbox 212 2703 1790 2777">
     <span class='ocr_line' id='line_1_44' title="bbox 212 2703 1790 2777; baseline -0.005 -13"><span class='ocrx_word' id='word_1_301' title='bbox 212 2712 451 2777; x_wconf 81' lang='grc' dir='ltr'>σύνηθες</span> <span class='ocrx_word' id='word_1_302' title='bbox 482 2708 792 2776; x_wconf 76' lang='grc' dir='ltr'>ὀνομάζειν,</span> <span class='ocrx_word' id='word_1_303' title='bbox 825 2707 918 2758; x_wconf 77' lang='grc' dir='ltr'>ἐπὶ</span> <span class='ocrx_word' id='word_1_304' title='bbox 964 2703 1060 2757; x_wconf 72' lang='grc' dir='ltr'>τοῦ</span> <span class='ocrx_word' id='word_1_305' title='bbox 1106 2704 1488 2770; x_wconf 77' lang='grc' dir='ltr'>Μαγκλαϐίου,</span> <span class='ocrx_word' id='word_1_306' title='bbox 1531 2703 1683 2770; x_wconf 72' lang='grc' dir='ltr'>φίλος</span> <span class='ocrx_word' id='word_1_307' title='bbox 1731 2722 1790 2757; x_wconf 91' lang='grc' dir='ltr'><strong>τε</strong></span> 
     </span>
    </p>
   </div>
   <div class='ocr_carea' id='block_1_45' title="bbox 209 2794 1795 2868">
    <p class='ocr_par' dir='ltr' id='par_1_45' title="bbox 209 2794 1795 2868">
     <span class='ocr_line' id='line_1_45' title="bbox 209 2794 1795 2868; baseline -0.003 -17"><span class='ocrx_word' id='word_1_308' title='bbox 209 2803 285 2868; x_wconf 84' lang='grc' dir='ltr'>τῷ</span> <span class='ocrx_word' id='word_1_309' title='bbox 325 2798 653 2867; x_wconf 81' lang='grc' dir='ltr'>Θεοδωρίτῳ</span> <span class='ocrx_word' id='word_1_310' title='bbox 684 2798 740 2857; x_wconf 79' lang='grc' dir='ltr'>ἐς</span> <span class='ocrx_word' id='word_1_311' title='bbox 764 2796 832 2848; x_wconf 80' lang='grc' dir='ltr'>τὰ</span> <span class='ocrx_word' id='word_1_312' title='bbox 864 2794 1098 2866; x_wconf 83' lang='grc' dir='ltr'>μάλιστα</span> <span class='ocrx_word' id='word_1_313' title='bbox 1132 2795 1226 2848; x_wconf 65' lang='grc' dir='ltr'><strong>δια)⁵</strong></span> <span class='ocrx_word' id='word_1_314' title='bbox 1258 2795 1637 2865; x_wconf 79' lang='grc' dir='ltr'>συνυπηρέτης</span> <span class='ocrx_word' id='word_1_315' title='bbox 1662 2796 1795 2865; x_wconf 79' lang='grc' dir='ltr'>ὁμό-</span> 
     </span>
    </p>
   </div>
   <div class='ocr_carea' id='block_1_46' title="bbox 209 2888 1795 2965">
    <p class='ocr_par' dir='ltr' id='par_1_46' title="bbox 209 2888 1795 2965">
     <span class='ocr_line' id='line_1_46' title="bbox 209 2888 1795 2965; baseline -0.002 -19"><span class='ocrx_word' id='word_1_316' title='bbox 209 2894 410 2965; x_wconf 56' lang='grc' dir='ltr'>ιξυχος.</span> <span class='ocrx_word' id='word_1_317' title='bbox 442 2891 636 2962; x_wconf 81' lang='grc' dir='ltr'>Τούτῳ</span> <span class='ocrx_word' id='word_1_318' title='bbox 664 2890 843 2943; x_wconf 83' lang='grc' dir='ltr'>τοίνυν</span> <span class='ocrx_word' id='word_1_319' title='bbox 864 2890 941 2960; x_wconf 77' lang='grc' dir='ltr'><strong>τῷ</strong></span> <span class='ocrx_word' id='word_1_320' title='bbox 972 2890 1160 2943; x_wconf 82' lang='grc' dir='ltr'>Λέοντι</span> <span class='ocrx_word' id='word_1_321' title='bbox 1201 2890 1228 2940; x_wconf 93' lang='lat'><strong>6</strong></span> <span class='ocrx_word' id='word_1_322' title='bbox 1259 2888 1625 2959; x_wconf 82' lang='grc' dir='ltr'>Δρουγγάριος</span> <span class='ocrx_word' id='word_1_323' title='bbox 1656 2893 1795 2943; x_wconf 78' lang='grc' dir='ltr'>κατά</span> 
     </span>
    </p>
   </div>
   <div class='ocr_carea' id='block_1_47' title="bbox 211 2980 1795 3055">
    <p class='ocr_par' dir='ltr' id='par_1_47' title="bbox 211 2980 1795 3055">
     <span class='ocr_line' id='line_1_47' title="bbox 211 2980 1795 3055; baseline -0.003 -17"><span class='ocrx_word' id='word_1_324' title='bbox 211 3006 331 3040; x_wconf 70' lang='grc' dir='ltr'>τινα</span> <span class='ocrx_word' id='word_1_325' title='bbox 387 2986 671 3055; x_wconf 81' lang='grc' dir='ltr'>πρόφασιν</span> <span class='ocrx_word' id='word_1_326' title='bbox 719 2982 1051 3052; x_wconf 79' lang='grc' dir='ltr'>χαλεπήνας,</span> <span class='ocrx_word' id='word_1_327' title='bbox 1086 2981 1147 3045; x_wconf 80' lang='grc' dir='ltr'>ἐξ</span> <span class='ocrx_word' id='word_1_328' title='bbox 1176 2980 1349 3050; x_wconf 68' lang='grc' dir='ltr'>ὄψεώς</span> <span class='ocrx_word' id='word_1_329' title='bbox 1387 2998 1444 3032; x_wconf 91' lang='grc' dir='ltr'><strong>τε</strong></span> <span class='ocrx_word' id='word_1_330' title='bbox 1492 2982 1666 3045; x_wconf 81' lang='grc' dir='ltr'>ἔθετο,</span> <span class='ocrx_word' id='word_1_331' title='bbox 1704 2983 1795 3034; x_wconf 78' lang='grc' dir='ltr'><strong>καὶ</strong></span> 
     </span>
    </p>
   </div>
   <div class='ocr_carea' id='block_1_48' title="bbox 215 3072 1792 3155">
    <p class='ocr_par' dir='ltr' id='par_1_48' title="bbox 215 3072 1792 3155">
     <span class='ocr_line' id='line_1_48' title="bbox 215 3072 1792 3155; baseline -0.004 -24"><span class='ocrx_word' id='word_1_332' title='bbox 215 3077 563 3155; x_wconf 38' lang='grc' dir='ltr'>παρρησίας.</span> <span class='ocrx_word' id='word_1_333' title='bbox 590 3074 752 3126; x_wconf 82' lang='grc' dir='ltr'>αὑτὸν</span> <span class='ocrx_word' id='word_1_334' title='bbox 794 3072 1070 3143; x_wconf 84' lang='grc' dir='ltr'>ἀπέστησε</span> <span class='ocrx_word' id='word_1_335' title='bbox 1126 3073 1228 3142; x_wconf 84' lang='grc' dir='ltr'>τῆς</span> <span class='ocrx_word' id='word_1_336' title='bbox 1279 3072 1560 3141; x_wconf 85' lang='grc' dir='ltr'>συνήθους,</span> <span class='ocrx_word' id='word_1_337' title='bbox 1603 3074 1792 3143; x_wconf 87' lang='grc' dir='ltr'>χρόνον</span> 
     </span>
    </p>
   </div>
   <div class='ocr_carea' id='block_1_49' title="bbox 1903 1978 3475 2062">
    <p class='ocr_par' dir='ltr' id='par_1_49' title="bbox 1903 1978 3475 2062">
     <span class='ocr_line' id='line_1_49' title="bbox 1903 1978 3475 2062; baseline 0.011 -34"><span class='ocrx_word' id='word_1_338' title='bbox 1903 1978 2036 2046; x_wconf 89' lang='lat' dir='ltr'><strong>garii</strong></span> <span class='ocrx_word' id='word_1_339' title='bbox 2069 1978 2175 2047; x_wconf 87' lang='grc'>(11)</span> <span class='ocrx_word' id='word_1_340' title='bbox 2207 1979 2635 2046; x_wconf 83' lang='lat' dir='ltr'><strong>classiariorum,</strong></span> <span class='ocrx_word' id='word_1_341' title='bbox 2685 1998 2897 2039; x_wconf 83' lang='lat' dir='ltr'><strong>necnon</strong></span> <span class='ocrx_word' id='word_1_342' title='bbox 2933 1989 3335 2044; x_wconf 87' lang='lat' dir='ltr'><strong>ratiocinatoris</strong></span> <span class='ocrx_word' id='word_1_343' title='bbox 3362 1992 3475 2062; x_wconf 75' lang='lat' dir='ltr'><strong>(l2)</strong></span> 
     </span>
    </p>
   </div>
   <div class='ocr_carea' id='block_1_50' title="bbox 1902 2073 3472 2149">
    <p class='ocr_par' dir='ltr' id='par_1_50' title="bbox 1902 2073 3472 2149">
     <span class='ocr_line' id='line_1_50' title="bbox 1902 2073 3472 2149; baseline 0.011 -25"><span class='ocrx_word' id='word_1_344' title='bbox 1902 2086 2134 2137; x_wconf 86' lang='lat' dir='ltr'><strong>cursus;</strong></span> <span class='ocrx_word' id='word_1_345' title='bbox 2170 2073 2223 2125; x_wconf 90' lang='lat' dir='ltr'><strong>in</strong></span> <span class='ocrx_word' id='word_1_346' title='bbox 2265 2090 2374 2142; x_wconf 91' lang='lat' dir='ltr'><strong>quo</strong></span> <span class='ocrx_word' id='word_1_347' title='bbox 2408 2074 2550 2128; x_wconf 89' lang='lat' dir='ltr'><strong>diem</strong></span> <span class='ocrx_word' id='word_1_348' title='bbox 2584 2077 2782 2132; x_wconf 84' lang='lat' dir='ltr'><strong>clausit</strong></span> <span class='ocrx_word' id='word_1_349' title='bbox 2824 2090 3154 2149; x_wconf 84' lang='lat' dir='ltr'><strong>extremum,</strong></span> <span class='ocrx_word' id='word_1_350' title='bbox 3195 2100 3303 2138; x_wconf 89' lang='lat' dir='ltr'><strong>non</strong></span> <span class='ocrx_word' id='word_1_351' title='bbox 3352 2103 3472 2140; x_wconf 84' lang='lat' dir='ltr'><strong>am-</strong></span> 
     </span>
    </p>
   </div>
   <div class='ocr_carea' id='block_1_51' title="bbox 1901 2152 3475 2249">
    <p class='ocr_par' dir='ltr' id='par_1_51' title="bbox 1901 2152 3475 2249">
     <span class='ocr_line' id='line_1_51' title="bbox 1901 2152 3475 2249; baseline 0.011 -32"><span class='ocrx_word' id='word_1_352' title='bbox 1901 2152 2045 2235; x_wconf 76' lang='lat' dir='ltr'><strong>plius</strong></span> <span class='ocrx_word' id='word_1_353' title='bbox 2100 2184 2261 2235; x_wconf 90' lang='lat' dir='ltr'><strong>quam</strong></span> <span class='ocrx_word' id='word_1_354' title='bbox 2316 2184 2551 2234; x_wconf 88' lang='lat' dir='ltr'><strong>menses,</strong></span> <span class='ocrx_word' id='word_1_355' title='bbox 2602 2180 2659 2222; x_wconf 88' lang='lat' dir='ltr'><strong>ut</strong></span> <span class='ocrx_word' id='word_1_356' title='bbox 2705 2186 3003 2236; x_wconf 88' lang='lat' dir='ltr'><strong>summum,</strong></span> <span class='ocrx_word' id='word_1_357' title='bbox 3055 2178 3299 2247; x_wconf 86' lang='lat' dir='ltr'><strong>quinque</strong></span> <span class='ocrx_word' id='word_1_358' title='bbox 3350 2193 3475 2249; x_wconf 92' lang='lat' dir='ltr'><strong>post</strong></span> 
     </span>
    </p>
   </div>
   <div class='ocr_carea' id='block_1_52' title="bbox 1899 2258 3472 2329">
    <p class='ocr_par' dir='ltr' id='par_1_52' title="bbox 1899 2258 3472 2329">
     <span class='ocr_line' id='line_1_52' title="bbox 1899 2258 3472 2329; baseline 0.011 -18"><span class='ocrx_word' id='word_1_359' title='bbox 1899 2258 2109 2312; x_wconf 91' lang='lat' dir='ltr'><strong>obitum</strong></span> <span class='ocrx_word' id='word_1_360' title='bbox 2150 2259 2317 2313; x_wconf 87' lang='lat' dir='ltr'><strong>illius.</strong></span> <span class='ocrx_word' id='word_1_361' title='bbox 2370 2260 2500 2315; x_wconf 90' lang='lat' dir='ltr'><strong>Erat</strong></span> <span class='ocrx_word' id='word_1_362' title='bbox 2539 2261 2875 2318; x_wconf 88' lang='lat' dir='ltr'><strong>Thcodorito</strong></span> <span class='ocrx_word' id='word_1_363' title='bbox 2908 2265 3036 2320; x_wconf 85' lang='lat' dir='ltr'><strong>huic</strong></span> <span class='ocrx_word' id='word_1_364' title='bbox 3086 2270 3247 2323; x_wconf 89' lang='lat' dir='ltr'><strong>etiam</strong></span> <span class='ocrx_word' id='word_1_365' title='bbox 3288 2273 3472 2329; x_wconf 90' lang='lat' dir='ltr'><strong>socius</strong></span> 
     </span>
    </p>
   </div>
   <div class='ocr_carea' id='block_1_53' title="bbox 1898 2351 3472 2427">
    <p class='ocr_par' dir='ltr' id='par_1_53' title="bbox 1898 2351 3472 2427">
     <span class='ocr_line' id='line_1_53' title="bbox 1898 2351 3472 2427; baseline 0.011 -23"><span class='ocrx_word' id='word_1_366' title='bbox 1898 2365 1964 2404; x_wconf 83' lang='lat' dir='ltr'><strong>ex</strong></span> <span class='ocrx_word' id='word_1_367' title='bbox 1995 2365 2223 2403; x_wconf 89' lang='lat' dir='ltr'><strong>numero</strong></span> <span class='ocrx_word' id='word_1_368' title='bbox 2274 2366 2460 2404; x_wconf 89' lang='lat' dir='ltr'><strong>secum</strong></span> <span class='ocrx_word' id='word_1_369' title='bbox 2514 2351 2891 2408; x_wconf 87' lang='lat' dir='ltr'><strong>famulantium</strong></span> <span class='ocrx_word' id='word_1_370' title='bbox 2941 2358 3142 2413; x_wconf 86' lang='lat' dir='ltr'><strong>illustri</strong></span> <span class='ocrx_word' id='word_1_371' title='bbox 3191 2360 3384 2427; x_wconf 88' lang='lat' dir='ltr'><strong>Leoni,</strong></span> <span class='ocrx_word' id='word_1_372' title='bbox 3416 2378 3472 2421; x_wconf 86' lang='lat' dir='ltr'><strong>et</strong></span> 
     </span>
    </p>
   </div>
   <div class='ocr_carea' id='block_1_54' title="bbox 1898 2443 3469 2520">
    <p class='ocr_par' dir='ltr' id='par_1_54' title="bbox 1898 2443 3469 2520">
     <span class='ocr_line' id='line_1_54' title="bbox 1898 2443 3469 2520; baseline 0.009 -23"><span class='ocrx_word' id='word_1_373' title='bbox 1898 2445 2016 2513; x_wconf 80' lang='lat' dir='ltr'><strong>ipse</strong></span> <span class='ocrx_word' id='word_1_374' title='bbox 2042 2443 2151 2497; x_wconf 86' lang='lat' dir='ltr'><strong>Leo</strong></span> <span class='ocrx_word' id='word_1_375' title='bbox 2168 2443 2365 2504; x_wconf 87' lang='lat' dir='ltr'><strong>dictus,</strong></span> <span class='ocrx_word' id='word_1_376' title='bbox 2391 2444 2614 2498; x_wconf 88' lang='lat' dir='ltr'><strong>domino</strong></span> <span class='ocrx_word' id='word_1_377' title='bbox 2638 2461 2738 2499; x_wconf 83' lang='lat' dir='ltr'><strong>suo</strong></span> <span class='ocrx_word' id='word_1_378' title='bbox 2763 2447 2963 2503; x_wconf 84' lang='lat' dir='ltr'><strong>charus</strong></span> <span class='ocrx_word' id='word_1_379' title='bbox 2986 2461 3148 2520; x_wconf 89' lang='lat' dir='ltr'><strong>atque</strong></span> <span class='ocrx_word' id='word_1_380' title='bbox 3165 2452 3469 2512; x_wconf 78' lang='lat' dir='ltr'><strong>familiaris.</strong></span> 
     </span>
    </p>
   </div>
   <div class='ocr_carea' id='block_1_55' title="bbox 1901 2538 3471 2606">
    <p class='ocr_par' dir='ltr' id='par_1_55' title="bbox 1901 2538 3471 2606">
     <span class='ocr_line' id='line_1_55' title="bbox 1901 2538 3471 2606; baseline 0.009 -17"><span class='ocrx_word' id='word_1_381' title='bbox 1901 2538 2027 2591; x_wconf 77' lang='lat' dir='ltr'><strong>Erat</strong></span> <span class='ocrx_word' id='word_1_382' title='bbox 2076 2538 2220 2589; x_wconf 87' lang='lat' dir='ltr'><strong>enim</strong></span> <span class='ocrx_word' id='word_1_383' title='bbox 2265 2538 2738 2606; x_wconf 84' lang='lat' dir='ltr'><strong>protospatharins</strong></span> <span class='ocrx_word' id='word_1_384' title='bbox 2800 2550 2854 2595; x_wconf 89' lang='lat' dir='ltr'><strong>et</strong></span> <span class='ocrx_word' id='word_1_385' title='bbox 2906 2550 2966 2595; x_wconf 89' lang='lat' dir='ltr'><strong>ut</strong></span> <span class='ocrx_word' id='word_1_386' title='bbox 2996 2558 3114 2598; x_wconf 92' lang='lat' dir='ltr'><strong>mos</strong></span> <span class='ocrx_word' id='word_1_387' title='bbox 3163 2556 3247 2600; x_wconf 89' lang='lat' dir='ltr'><strong>est</strong></span> <span class='ocrx_word' id='word_1_388' title='bbox 3293 2550 3471 2604; x_wconf 78' lang='lat' dir='ltr'><strong>nomi~</strong></span> 
     </span>
    </p>
   </div>
   <div class='ocr_carea' id='block_1_56' title="bbox 1898 2629 3471 2703">
    <p class='ocr_par' dir='ltr' id='par_1_56' title="bbox 1898 2629 3471 2703">
     <span class='ocr_line' id='line_1_56' title="bbox 1898 2629 3471 2703; baseline 0.013 -26"><span class='ocrx_word' id='word_1_389' title='bbox 1898 2643 2028 2679; x_wconf 88' lang='lat' dir='ltr'><strong>nare</strong></span> <span class='ocrx_word' id='word_1_390' title='bbox 2072 2629 2207 2695; x_wconf 80' lang='grc'>(15),</span> <span class='ocrx_word' id='word_1_391' title='bbox 2255 2629 2306 2680; x_wconf 94' lang='lat' dir='ltr'><strong>in</strong></span> <span class='ocrx_word' id='word_1_392' title='bbox 2368 2631 2669 2683; x_wconf 86' lang='lat' dir='ltr'><strong>Manelabio</strong></span> <span class='ocrx_word' id='word_1_393' title='bbox 2715 2632 2848 2703; x_wconf 68' lang='grc'>(14).</span> <span class='ocrx_word' id='word_1_394' title='bbox 2902 2638 3002 2691; x_wconf 86' lang='lat' dir='ltr'><strong>Hic</strong></span> <span class='ocrx_word' id='word_1_395' title='bbox 3068 2654 3313 2696; x_wconf 90' lang='lat' dir='ltr'><strong>summus</strong></span> <span class='ocrx_word' id='word_1_396' title='bbox 3352 2652 3471 2697; x_wconf 86' lang='lat' dir='ltr'><strong>erat</strong></span> 
     </span>
    </p>
   </div>
   <div class='ocr_carea' id='block_1_57' title="bbox 1897 2719 3471 2785">
    <p class='ocr_par' dir='ltr' id='par_1_57' title="bbox 1897 2719 3471 2785">
     <span class='ocr_line' id='line_1_57' title="bbox 1897 2719 3471 2785; baseline 0.008 -13"><span class='ocrx_word' id='word_1_397' title='bbox 1897 2719 2214 2773; x_wconf 89' lang='lat' dir='ltr'><strong>Theodoriti</strong></span> <span class='ocrx_word' id='word_1_398' title='bbox 2263 2720 2492 2784; x_wconf 89' lang='lat' dir='ltr'><strong>amicus,</strong></span> <span class='ocrx_word' id='word_1_399' title='bbox 2544 2729 2599 2775; x_wconf 89' lang='lat' dir='ltr'><strong>et</strong></span> <span class='ocrx_word' id='word_1_400' title='bbox 2654 2723 2932 2778; x_wconf 88' lang='lat' dir='ltr'><strong>unanimis</strong></span> <span class='ocrx_word' id='word_1_401' title='bbox 2983 2729 3167 2782; x_wconf 91' lang='lat' dir='ltr'><strong>socius</strong></span> <span class='ocrx_word' id='word_1_402' title='bbox 3210 2730 3263 2782; x_wconf 91' lang='lat' dir='ltr'><strong>in</strong></span> <span class='ocrx_word' id='word_1_403' title='bbox 3307 2734 3471 2785; x_wconf 91' lang='lat' dir='ltr'><strong>mini-</strong></span> 
     </span>
    </p>
   </div>
   <div class='ocr_carea' id='block_1_58' title="bbox 1898 2812 3468 2885">
    <p class='ocr_par' dir='ltr' id='par_1_58' title="bbox 1898 2812 3468 2885">
     <span class='ocr_line' id='line_1_58' title="bbox 1898 2812 3468 2885; baseline 0.008 -20"><span class='ocrx_word' id='word_1_404' title='bbox 1898 2812 2088 2866; x_wconf 83' lang='lat' dir='ltr'><strong>sterio.</strong></span> <span class='ocrx_word' id='word_1_405' title='bbox 2124 2812 2263 2866; x_wconf 87' lang='lat' dir='ltr'><strong>Iluic</strong></span> <span class='ocrx_word' id='word_1_406' title='bbox 2293 2822 2472 2867; x_wconf 90' lang='lat' dir='ltr'><strong>autem</strong></span> <span class='ocrx_word' id='word_1_407' title='bbox 2502 2812 2669 2867; x_wconf 89' lang='lat' dir='ltr'><strong>Leoni</strong></span> <span class='ocrx_word' id='word_1_408' title='bbox 2704 2829 2827 2867; x_wconf 93' lang='lat' dir='ltr'><strong>cum</strong></span> <span class='ocrx_word' id='word_1_409' title='bbox 2855 2816 3037 2885; x_wconf 88' lang='lat' dir='ltr'><strong>aliqua</strong></span> <span class='ocrx_word' id='word_1_410' title='bbox 3062 2818 3129 2874; x_wconf 89' lang='lat' dir='ltr'><strong>de</strong></span> <span class='ocrx_word' id='word_1_411' title='bbox 3154 2835 3317 2875; x_wconf 89' lang='lat' dir='ltr'><strong>causa</strong></span> <span class='ocrx_word' id='word_1_412' title='bbox 3342 2837 3468 2878; x_wconf 83' lang='lat' dir='ltr'><strong>suc—</strong></span> 
     </span>
    </p>
   </div>
   <div class='ocr_carea' id='block_1_59' title="bbox 1897 2904 3469 2981">
    <p class='ocr_par' dir='ltr' id='par_1_59' title="bbox 1897 2904 3469 2981">
     <span class='ocr_line' id='line_1_59' title="bbox 1897 2904 3469 2981; baseline 0.009 -26"><span class='ocrx_word' id='word_1_413' title='bbox 1897 2904 2199 2957; x_wconf 76' lang='lat' dir='ltr'><strong>censuisset</strong></span> <span class='ocrx_word' id='word_1_414' title='bbox 2232 2904 2593 2976; x_wconf 83' lang='lat' dir='ltr'><strong>Drungarius,</strong></span> <span class='ocrx_word' id='word_1_415' title='bbox 2621 2919 2745 2959; x_wconf 90' lang='lat' dir='ltr'><strong>eum</strong></span> <span class='ocrx_word' id='word_1_416' title='bbox 2794 2907 2987 2963; x_wconf 82' lang='lat' dir='ltr'><strong>habuit</strong></span> <span class='ocrx_word' id='word_1_417' title='bbox 3030 2925 3367 2981; x_wconf 87' lang='lat' dir='ltr'><strong>suspectum,</strong></span> <span class='ocrx_word' id='word_1_418' title='bbox 3412 2924 3469 2970; x_wconf 86' lang='lat' dir='ltr'><strong>et</strong></span> 
     </span>
    </p>
   </div>
   <div class='ocr_carea' id='block_1_60' title="bbox 1898 3004 3468 3064">
    <p class='ocr_par' dir='ltr' id='par_1_60' title="bbox 1898 3004 3468 3064">
     <span class='ocr_line' id='line_1_60' title="bbox 1898 3004 3468 3064; baseline 0.01 -19"><span class='ocrx_word' id='word_1_419' title='bbox 1898 3004 2142 3061; x_wconf 86' lang='lat' dir='ltr'><strong>tempore</strong></span> <span class='ocrx_word' id='word_1_420' title='bbox 2174 3011 2281 3049; x_wconf 92' lang='lat' dir='ltr'><strong>non</strong></span> <span class='ocrx_word' id='word_1_421' title='bbox 2313 3012 2481 3064; x_wconf 88' lang='lat' dir='ltr'><strong>parvo</strong></span> <span class='ocrx_word' id='word_1_422' title='bbox 2507 3013 2632 3051; x_wconf 89' lang='lat' dir='ltr'><strong>eum</strong></span> <span class='ocrx_word' id='word_1_423' title='bbox 2680 3014 2706 3051; x_wconf 94' lang='lat' dir='ltr'><strong>a</strong></span> <span class='ocrx_word' id='word_1_424' title='bbox 2748 3012 3009 3056; x_wconf 90' lang='lat' dir='ltr'><strong>consueta</strong></span> <span class='ocrx_word' id='word_1_425' title='bbox 3048 3007 3279 3060; x_wconf 85' lang='lat' dir='ltr'><strong>removit</strong></span> <span class='ocrx_word' id='word_1_426' title='bbox 3311 3008 3468 3062; x_wconf 88' lang='lat' dir='ltr'><strong>fami-</strong></span> 
     </span>
    </p>
   </div>
   <div class='ocr_carea' id='block_1_61' title="bbox 1894 3084 3463 3162">
    <p class='ocr_par' dir='ltr' id='par_1_61' title="bbox 1894 3084 3463 3162">
     <span class='ocr_line' id='line_1_61' title="bbox 1894 3084 3463 3162; baseline 0.011 -26"><span class='ocrx_word' id='word_1_427' title='bbox 1894 3084 2152 3150; x_wconf 84' lang='lat' dir='ltr'><strong>liaritate,</strong></span> <span class='ocrx_word' id='word_1_428' title='bbox 2188 3095 2243 3140; x_wconf 89' lang='lat' dir='ltr'><strong>et</strong></span> <span class='ocrx_word' id='word_1_429' title='bbox 2284 3088 2353 3141; x_wconf 91' lang='lat' dir='ltr'><strong>ab</strong></span> <span class='ocrx_word' id='word_1_430' title='bbox 2398 3104 2481 3152; x_wconf 87' lang='lat' dir='ltr'><strong>ea,</strong></span> <span class='ocrx_word' id='word_1_431' title='bbox 2514 3107 2676 3158; x_wconf 91' lang='lat' dir='ltr'><strong>quam</strong></span> <span class='ocrx_word' id='word_1_432' title='bbox 2735 3095 2889 3162; x_wconf 89' lang='lat' dir='ltr'><strong>prius</strong></span> <span class='ocrx_word' id='word_1_433' title='bbox 2940 3095 3195 3160; x_wconf 89' lang='lat' dir='ltr'><strong>habebat,</strong></span> <span class='ocrx_word' id='word_1_434' title='bbox 3242 3099 3463 3155; x_wconf 73' lang='lat' dir='ltr'><strong>fiducia.</strong></span> 
     </span>
    </p>
   </div>
   <div class='ocr_carea' id='block_1_62' title="bbox 208 3163 1790 3254">
    <p class='ocr_par' dir='ltr' id='par_1_62' title="bbox 208 3163 1789 3238">
     <span class='ocr_line' id='line_1_62' title="bbox 208 3163 1789 3238; baseline -0.003 -16"><span class='ocrx_word' id='word_1_435' title='bbox 208 3172 329 3238; x_wconf 55' lang='grc' dir='ltr'>ουὶχὶ</span> <span class='ocrx_word' id='word_1_436' title='bbox 362 3167 598 3238; x_wconf 77' lang='grc' dir='ltr'>βραχύν.</span> <span class='ocrx_word' id='word_1_437' title='bbox 634 3166 860 3235; x_wconf 83' lang='grc' dir='ltr'>Μάρτυς</span> <span class='ocrx_word' id='word_1_438' title='bbox 902 3166 1015 3233; x_wconf 76' lang='grc' dir='ltr'>εἰμὶ</span> <span class='ocrx_word' id='word_1_439' title='bbox 1051 3164 1147 3217; x_wconf 70' lang='grc' dir='ltr'><strong>καὶ</strong></span> <span class='ocrx_word' id='word_1_440' title='bbox 1173 3163 1334 3225; x_wconf 83' lang='grc' dir='ltr'>αὐτὸς</span> <span class='ocrx_word' id='word_1_441' title='bbox 1372 3163 1471 3230; x_wconf 86' lang='grc' dir='ltr'>τῆς</span> <span class='ocrx_word' id='word_1_442' title='bbox 1520 3167 1654 3233; x_wconf 80' lang='grc' dir='ltr'>πρὸς</span> <span class='ocrx_word' id='word_1_443' title='bbox 1698 3166 1789 3217; x_wconf 90' lang='grc' dir='ltr'><strong>τὸν</strong></span> 
     </span>
    </p>
   </div>
   <div class='ocr_carea' id='block_1_63' title="bbox 1896 3163 3465 3254">
    <p class='ocr_par' dir='ltr' id='par_1_63' title="bbox 1896 3176 3465 3254">
     <span class='ocr_line' id='line_1_63' title="bbox 1896 3176 3465 3254; baseline 0.011 -22"><span class='ocrx_word' id='word_1_444' title='bbox 1896 3176 2023 3232; x_wconf 85' lang='lat' dir='ltr'><strong>Sum</strong></span> <span class='ocrx_word' id='word_1_445' title='bbox 2049 3194 2267 3249; x_wconf 91' lang='lat' dir='ltr'><strong>quoque</strong></span> <span class='ocrx_word' id='word_1_446' title='bbox 2299 3196 2399 3251; x_wconf 90' lang='lat' dir='ltr'><strong>ego</strong></span> <span class='ocrx_word' id='word_1_447' title='bbox 2434 3184 2586 3238; x_wconf 91' lang='lat' dir='ltr'><strong>testis</strong></span> <span class='ocrx_word' id='word_1_448' title='bbox 2616 3184 2903 3254; x_wconf 84' lang='lat' dir='ltr'><strong>Drungaril</strong></span> <span class='ocrx_word' id='word_1_449' title='bbox 2935 3189 3198 3246; x_wconf 88' lang='lat' dir='ltr'><strong>adversus</strong></span> <span class='ocrx_word' id='word_1_450' title='bbox 3226 3191 3465 3249; x_wconf 89' lang='lat' dir='ltr'><strong>Leonem</strong></span> 
     </span>
    </p>
   </div>
   <div class='ocr_carea' id='block_1_64' title="bbox 212 3256 1788 3329">
    <p class='ocr_par' dir='ltr' id='par_1_64' title="bbox 212 3256 1788 3329">
     <span class='ocr_line' id='line_1_64' title="bbox 212 3256 1788 3329; baseline -0.003 -15"><span class='ocrx_word' id='word_1_451' title='bbox 212 3263 423 3314; x_wconf 85' lang='grc' dir='ltr'>Λέοντα</span> <span class='ocrx_word' id='word_1_452' title='bbox 462 3257 832 3329; x_wconf 74' lang='grc' dir='ltr'>χαλεπότητος</span> <span class='ocrx_word' id='word_1_453' title='bbox 872 3256 967 3309; x_wconf 86' lang='grc' dir='ltr'>τοῦ</span> <span class='ocrx_word' id='word_1_454' title='bbox 1002 3256 1213 3326; x_wconf 74' lang='grc' dir='ltr'>ἀνδρὸς,</span> <span class='ocrx_word' id='word_1_455' title='bbox 1263 3256 1358 3307; x_wconf 72' lang='grc' dir='ltr'>καὶ</span> <span class='ocrx_word' id='word_1_456' title='bbox 1387 3257 1486 3326; x_wconf 80' lang='grc' dir='ltr'>τὴν</span> <span class='ocrx_word' id='word_1_457' title='bbox 1517 3257 1788 3327; x_wconf 77' lang='grc' dir='ltr'>ἀποστροο</span> 
     </span>
    </p>
   </div>
   <div class='ocr_carea' id='block_1_65' title="bbox 212 3344 1789 3420">
    <p class='ocr_par' dir='ltr' id='par_1_65' title="bbox 212 3344 1789 3420">
     <span class='ocr_line' id='line_1_65' title="bbox 212 3344 1789 3420; baseline -0.004 -17"><span class='ocrx_word' id='word_1_458' title='bbox 212 3352 317 3420; x_wconf 75' lang='grc' dir='ltr'><strong>φὴν</strong></span> <span class='ocrx_word' id='word_1_459' title='bbox 348 3345 492 3413; x_wconf 76' lang='grc' dir='ltr'>οἶδα,</span> <span class='ocrx_word' id='word_1_460' title='bbox 530 3348 626 3401; x_wconf 75' lang='grc' dir='ltr'><strong>καὶ</strong></span> <span class='ocrx_word' id='word_1_461' title='bbox 665 3347 763 3416; x_wconf 84' lang='grc' dir='ltr'>τὴν</span> <span class='ocrx_word' id='word_1_462' title='bbox 788 3348 1007 3416; x_wconf 83' lang='grc' dir='ltr'>χρονίαν</span> <span class='ocrx_word' id='word_1_463' title='bbox 1037 3346 1357 3398; x_wconf 78' lang='grc' dir='ltr'>ἀπόστασιν.</span> <span class='ocrx_word' id='word_1_464' title='bbox 1395 3344 1504 3396; x_wconf 76' lang='grc' dir='ltr'>Καὶ</span> <span class='ocrx_word' id='word_1_465' title='bbox 1544 3344 1652 3412; x_wconf 76' lang='grc' dir='ltr'>γὰρ</span> <span class='ocrx_word' id='word_1_466' title='bbox 1696 3345 1789 3397; x_wconf 82' lang='grc' dir='ltr'><strong>καὶ</strong></span> 
     </span>
    </p>
   </div>
   <div class='ocr_carea' id='block_1_66' title="bbox 208 3437 1787 3511">
    <p class='ocr_par' dir='ltr' id='par_1_66' title="bbox 208 3437 1787 3511">
     <span class='ocr_line' id='line_1_66' title="bbox 208 3437 1787 3511; baseline -0.006 -13"><span class='ocrx_word' id='word_1_467' title='bbox 208 3445 373 3506; x_wconf 84' lang='grc' dir='ltr'>αὑτὸς</span> <span class='ocrx_word' id='word_1_468' title='bbox 400 3443 589 3511; x_wconf 67' lang='grc' dir='ltr'>ἠξίουν</span> <span class='ocrx_word' id='word_1_469' title='bbox 621 3441 760 3510; x_wconf 76' lang='grc' dir='ltr'>ὑπὲρ</span> <span class='ocrx_word' id='word_1_470' title='bbox 788 3439 881 3492; x_wconf 79' lang='grc' dir='ltr'>τοῦ</span> <span class='ocrx_word' id='word_1_471' title='bbox 908 3440 1155 3503; x_wconf 83' lang='grc' dir='ltr'>Λέοντος,</span> <span class='ocrx_word' id='word_1_472' title='bbox 1204 3439 1358 3505; x_wconf 80' lang='grc' dir='ltr'>φίλος</span> <span class='ocrx_word' id='word_1_473' title='bbox 1388 3437 1461 3488; x_wconf 84' lang='grc' dir='ltr'>ὢν</span> <span class='ocrx_word' id='word_1_474' title='bbox 1503 3437 1597 3488; x_wconf 79' lang='grc' dir='ltr'><strong>καὶ</strong></span> <span class='ocrx_word' id='word_1_475' title='bbox 1658 3455 1787 3488; x_wconf 82' lang='grc' dir='ltr'>συν-</span> 
     </span>
    </p>
   </div>
   <div class='ocr_carea' id='block_1_67' title="bbox 206 3530 1789 3606">
    <p class='ocr_par' dir='ltr' id='par_1_67' title="bbox 206 3530 1789 3606">
     <span class='ocr_line' id='line_1_67' title="bbox 206 3530 1789 3606; baseline -0.002 -19"><span class='ocrx_word' id='word_1_476' title='bbox 206 3538 342 3606; x_wconf 80' lang='grc' dir='ltr'>ήθης</span> <span class='ocrx_word' id='word_1_477' title='bbox 372 3536 451 3604; x_wconf 81' lang='grc' dir='ltr'>τῷ</span> <span class='ocrx_word' id='word_1_478' title='bbox 484 3533 862 3603; x_wconf 79' lang='grc' dir='ltr'>Δρουγγαρίῳ.</span> <span class='ocrx_word' id='word_1_479' title='bbox 904 3532 1122 3583; x_wconf 83' lang='grc' dir='ltr'>Ἠνιᾶτο</span> <span class='ocrx_word' id='word_1_480' title='bbox 1179 3530 1353 3582; x_wconf 84' lang='grc' dir='ltr'>τοίνυν</span> <span class='ocrx_word' id='word_1_481' title='bbox 1379 3530 1406 3579; x_wconf 90' lang='lat'><strong>6</strong></span> <span class='ocrx_word' id='word_1_482' title='bbox 1442 3532 1592 3583; x_wconf 82' lang='grc' dir='ltr'>Λέων</span> <span class='ocrx_word' id='word_1_483' title='bbox 1648 3532 1789 3600; x_wconf 84' lang='grc' dir='ltr'>μάλα</span> 
     </span>
    </p>
   </div>
   <div class='ocr_carea' id='block_1_68' title="bbox 207 3618 1784 3694">
    <p class='ocr_par' dir='ltr' id='par_1_68' title="bbox 207 3618 1784 3694">
     <span class='ocr_line' id='line_1_68' title="bbox 207 3618 1784 3694; baseline -0.001 -20"><span class='ocrx_word' id='word_1_484' title='bbox 207 3626 457 3694; x_wconf 78' lang='grc' dir='ltr'>σφοδρῶς</span> <span class='ocrx_word' id='word_1_485' title='bbox 491 3624 587 3674; x_wconf 72' lang='grc' dir='ltr'><strong>καὶ</strong></span> <span class='ocrx_word' id='word_1_486' title='bbox 614 3620 821 3691; x_wconf 77' lang='grc' dir='ltr'>ἀθυμίᾳ</span> <span class='ocrx_word' id='word_1_487' title='bbox 851 3621 1145 3689; x_wconf 87' lang='grc' dir='ltr'>συνείχετο,</span> <span class='ocrx_word' id='word_1_488' title='bbox 1186 3621 1283 3672; x_wconf 70' lang='grc' dir='ltr'><strong>καὶ</strong></span> <span class='ocrx_word' id='word_1_489' title='bbox 1317 3620 1415 3688; x_wconf 84' lang='grc' dir='ltr'><strong>τὴν</strong></span> <span class='ocrx_word' id='word_1_490' title='bbox 1442 3619 1615 3692; x_wconf 81' lang='grc' dir='ltr'>λύπην</span> <span class='ocrx_word' id='word_1_491' title='bbox 1650 3618 1784 3691; x_wconf 74' lang='grc' dir='ltr'>εἶχε,</span> 
     </span>
    </p>
   </div>
   <div class='ocr_carea' id='block_1_69' title="bbox 206 3712 1786 3781">
    <p class='ocr_par' dir='ltr' id='par_1_69' title="bbox 206 3712 1786 3781">
     <span class='ocr_line' id='line_1_69' title="bbox 206 3712 1786 3781; baseline -0.003 -14"><span class='ocrx_word' id='word_1_492' title='bbox 206 3720 299 3769; x_wconf 76' lang='grc' dir='ltr'><strong>καὶ</strong></span> <span class='ocrx_word' id='word_1_493' title='bbox 350 3714 542 3767; x_wconf 79' lang='grc' dir='ltr'>αὑτῶν</span> <span class='ocrx_word' id='word_1_494' title='bbox 607 3712 810 3764; x_wconf 83' lang='grc' dir='ltr'>ὀστέων</span> <span class='ocrx_word' id='word_1_495' title='bbox 865 3712 1179 3779; x_wconf 78' lang='grc' dir='ltr'>ἁπτομένην</span> <span class='ocrx_word' id='word_1_496' title='bbox 1238 3713 1332 3763; x_wconf 76' lang='grc' dir='ltr'><strong>καὶ</strong></span> <span class='ocrx_word' id='word_1_497' title='bbox 1397 3713 1628 3781; x_wconf 83' lang='grc' dir='ltr'>μυελῶν,</span> <span class='ocrx_word' id='word_1_498' title='bbox 1691 3716 1786 3767; x_wconf 75' lang='grc' dir='ltr'><strong>καὶ</strong></span> 
     </span>
    </p>
   </div>
   <div class='ocr_carea' id='block_1_70' title="bbox 206 3800 1782 3880">
    <p class='ocr_par' dir='ltr' id='par_1_70' title="bbox 206 3800 1782 3880">
     <span class='ocr_line' id='line_1_70' title="bbox 206 3800 1782 3880; baseline -0.001 -20"><span class='ocrx_word' id='word_1_499' title='bbox 206 3808 447 3880; x_wconf 82' lang='grc' dir='ltr'>ἰσχυρῶς</span> <span class='ocrx_word' id='word_1_500' title='bbox 488 3809 784 3876; x_wconf 80' lang='grc' dir='ltr'>τήκουσαν.</span> <span class='ocrx_word' id='word_1_501' title='bbox 818 3800 926 3857; x_wconf 85' lang='grc' dir='ltr'>Ἦν</span> <span class='ocrx_word' id='word_1_502' title='bbox 963 3804 1020 3856; x_wconf 81' lang='grc' dir='ltr'>δὲ</span> <span class='ocrx_word' id='word_1_503' title='bbox 1059 3803 1120 3854; x_wconf 84' lang='grc' dir='ltr'><strong>τὸ</strong></span> <span class='ocrx_word' id='word_1_504' title='bbox 1154 3802 1355 3855; x_wconf 81' lang='grc' dir='ltr'>λυποῦν</span> <span class='ocrx_word' id='word_1_505' title='bbox 1388 3803 1446 3855; x_wconf 87' lang='grc' dir='ltr'><strong>οὑ</strong></span> <span class='ocrx_word' id='word_1_506' title='bbox 1484 3806 1643 3873; x_wconf 86' lang='grc' dir='ltr'>μόνον</span> <span class='ocrx_word' id='word_1_507' title='bbox 1690 3809 1782 3862; x_wconf 80' lang='grc' dir='ltr'>τοῦ</span> 
     </span>
    </p>
   </div>
   <div class='ocr_carea' id='block_1_71' title="bbox 204 3894 1782 3966">
    <p class='ocr_par' dir='ltr' id='par_1_71' title="bbox 204 3894 1782 3966">
     <span class='ocr_line' id='line_1_71' title="bbox 204 3894 1782 3966; baseline -0.003 -12"><span class='ocrx_word' id='word_1_508' title='bbox 204 3904 458 3966; x_wconf 83' lang='grc' dir='ltr'>Λέοντος,</span> <span class='ocrx_word' id='word_1_509' title='bbox 498 3898 638 3952; x_wconf 83' lang='grc' dir='ltr'><strong>ἁλλὰ</strong></span> <span class='ocrx_word' id='word_1_510' title='bbox 673 3896 771 3965; x_wconf 85' lang='grc' dir='ltr'>μὲν</span> <span class='ocrx_word' id='word_1_511' title='bbox 812 3896 908 3949; x_wconf 73' lang='grc' dir='ltr'><strong>καὶ</strong></span> <span class='ocrx_word' id='word_1_512' title='bbox 948 3894 1278 3965; x_wconf 82' lang='grc' dir='ltr'>Θεοδώριτος</span> <span class='ocrx_word' id='word_1_513' title='bbox 1320 3895 1410 3947; x_wconf 84' lang='grc' dir='ltr'><strong>τὸν</strong></span> <span class='ocrx_word' id='word_1_514' title='bbox 1440 3896 1604 3947; x_wconf 80' lang='grc' dir='ltr'>αὑτδν</span> <span class='ocrx_word' id='word_1_515' title='bbox 1637 3895 1782 3949; x_wconf 84' lang='grc' dir='ltr'>εἷλκε</span> 
     </span>
    </p>
   </div>
   <div class='ocr_carea' id='block_1_72' title="bbox 202 3986 1779 4060">
    <p class='ocr_par' dir='ltr' id='par_1_72' title="bbox 202 3986 1779 4060">
     <span class='ocr_line' id='line_1_72' title="bbox 202 3986 1779 4060; baseline -0.004 -16"><span class='ocrx_word' id='word_1_516' title='bbox 202 3994 367 4060; x_wconf 73' lang='grc' dir='ltr'>ζυγὸν</span> <span class='ocrx_word' id='word_1_517' title='bbox 398 3991 495 4043; x_wconf 83' lang='grc' dir='ltr'>τοῦ</span> <span class='ocrx_word' id='word_1_518' title='bbox 533 3991 714 4056; x_wconf 81' lang='grc' dir='ltr'>λόγου,</span> <span class='ocrx_word' id='word_1_519' title='bbox 749 3990 840 4038; x_wconf 79' lang='grc' dir='ltr'><strong>καὶ</strong></span> <span class='ocrx_word' id='word_1_520' title='bbox 873 3987 1125 4055; x_wconf 85' lang='grc' dir='ltr'>συνήλγει</span> <span class='ocrx_word' id='word_1_521' title='bbox 1154 3986 1301 4053; x_wconf 85' lang='grc' dir='ltr'>αὑτῴ</span> <span class='ocrx_word' id='word_1_522' title='bbox 1337 3989 1427 4036; x_wconf 68' lang='grc' dir='ltr'><strong>καὶ</strong></span> <span class='ocrx_word' id='word_1_523' title='bbox 1456 3988 1779 4057; x_wconf 83' lang='grc' dir='ltr'>συνέπασχε,</span> 
     </span>
    </p>
   </div>
   <div class='ocr_carea' id='block_1_73' title="bbox 203 4076 1781 4153">
    <p class='ocr_par' dir='ltr' id='par_1_73' title="bbox 203 4076 1781 4153">
     <span class='ocr_line' id='line_1_73' title="bbox 203 4076 1781 4153; baseline -0.003 -17"><span class='ocrx_word' id='word_1_524' title='bbox 203 4086 391 4153; x_wconf 85' lang='grc' dir='ltr'>νόμοις</span> <span class='ocrx_word' id='word_1_525' title='bbox 423 4084 595 4135; x_wconf 78' lang='grc' dir='ltr'>εἴκων</span> <span class='ocrx_word' id='word_1_526' title='bbox 625 4078 1052 4149; x_wconf 75' lang='grc' dir='ltr'>φιλανθρωπίας,</span> <span class='ocrx_word' id='word_1_527' title='bbox 1087 4078 1182 4130; x_wconf 82' lang='grc' dir='ltr'>ἆτε</span> <span class='ocrx_word' id='word_1_528' title='bbox 1242 4076 1305 4147; x_wconf 81' lang='grc' dir='ltr'>δὴ</span> <span class='ocrx_word' id='word_1_529' title='bbox 1363 4077 1514 4145; x_wconf 85' lang='grc' dir='ltr'>φίλος</span> <span class='ocrx_word' id='word_1_530' title='bbox 1560 4077 1636 4129; x_wconf 82' lang='grc' dir='ltr'><strong>ὢν</strong></span> <span class='ocrx_word' id='word_1_531' title='bbox 1686 4082 1781 4132; x_wconf 82' lang='grc' dir='ltr'>καὶ</span> 
     </span>
    </p>
   </div>
   <div class='ocr_carea' id='block_1_74' title="bbox 204 4170 1635 4248">
    <p class='ocr_par' dir='ltr' id='par_1_74' title="bbox 204 4170 1635 4248">
     <span class='ocr_line' id='line_1_74' title="bbox 204 4170 1635 4248; baseline -0.001 -21"><span class='ocrx_word' id='word_1_532' title='bbox 204 4177 620 4248; x_wconf 84' lang='grc' dir='ltr'>συνυπηρέτης,</span> <span class='ocrx_word' id='word_1_533' title='bbox 651 4172 841 4242; x_wconf 82' lang='grc' dir='ltr'>ὥσπερ</span> <span class='ocrx_word' id='word_1_534' title='bbox 862 4175 888 4224; x_wconf 87' lang='lat'><strong>6</strong></span> <span class='ocrx_word' id='word_1_535' title='bbox 917 4171 1071 4237; x_wconf 86' lang='grc' dir='ltr'>λόγος</span> <span class='ocrx_word' id='word_1_536' title='bbox 1102 4170 1314 4239; x_wconf 83' lang='grc' dir='ltr'>φθάσας</span> <span class='ocrx_word' id='word_1_537' title='bbox 1347 4170 1635 4240; x_wconf 73' lang='grc' dir='ltr'>ἐδήλωσεν.</span> 
     </span>
    </p>
   </div>
   <div class='ocr_carea' id='block_1_75' title="bbox 270 4261 1779 4335">
    <p class='ocr_par' dir='ltr' id='par_1_75' title="bbox 270 4261 1779 4335">
     <span class='ocr_line' id='line_1_75' title="bbox 270 4261 1779 4335; baseline -0.005 -13"><span class='ocrx_word' id='word_1_538' title='bbox 270 4271 377 4324; x_wconf 79' lang='grc' dir='ltr'><strong>ΙΓ’.</strong></span> <span class='ocrx_word' id='word_1_539' title='bbox 409 4268 599 4335; x_wconf 77' lang='grc' dir='ltr'>Ταύτῃ</span> <span class='ocrx_word' id='word_1_540' title='bbox 632 4266 809 4316; x_wconf 89' lang='grc' dir='ltr'>τοίνυν</span> <span class='ocrx_word' id='word_1_541' title='bbox 843 4264 977 4331; x_wconf 83' lang='grc' dir='ltr'>μηδὲ</span> <span class='ocrx_word' id='word_1_542' title='bbox 1005 4263 1186 4328; x_wconf 86' lang='grc' dir='ltr'>φέρων</span> <span class='ocrx_word' id='word_1_543' title='bbox 1212 4261 1353 4312; x_wconf 77' lang='grc' dir='ltr'>οὕτω</span> <span class='ocrx_word' id='word_1_544' title='bbox 1382 4263 1655 4331; x_wconf 83' lang='grc' dir='ltr'>πάσχοντα</span> <span class='ocrx_word' id='word_1_545' title='bbox 1688 4266 1779 4317; x_wconf 76' lang='grc' dir='ltr'><strong>τὸν</strong></span> 
     </span>
    </p>
   </div>
   <div class='ocr_carea' id='block_1_76' title="bbox 199 4352 1778 4426">
    <p class='ocr_par' dir='ltr' id='par_1_76' title="bbox 199 4352 1778 4426">
     <span class='ocr_line' id='line_1_76' title="bbox 199 4352 1778 4426; baseline -0.004 -12"><span class='ocrx_word' id='word_1_546' title='bbox 199 4364 408 4414; x_wconf 84' lang='grc' dir='ltr'>Λέοντα</span> <span class='ocrx_word' id='word_1_547' title='bbox 455 4358 721 4426; x_wconf 68' lang='grc' dir='ltr'>καθορᾷν,</span> <span class='ocrx_word' id='word_1_548' title='bbox 760 4354 1041 4421; x_wconf 78' lang='grc' dir='ltr'>ἀπετόλμα</span> <span class='ocrx_word' id='word_1_549' title='bbox 1076 4352 1277 4422; x_wconf 76' lang='grc' dir='ltr'>δηλαδὴ</span> <span class='ocrx_word' id='word_1_550' title='bbox 1320 4353 1412 4404; x_wconf 78' lang='grc' dir='ltr'><strong>καὶ</strong></span> <span class='ocrx_word' id='word_1_551' title='bbox 1451 4354 1778 4423; x_wconf 85' lang='grc' dir='ltr'>παρεκινδύ-</span> 
     </span>
    </p>
   </div>
   <div class='ocr_carea' id='block_1_77' title="bbox 200 4446 1777 4519">
    <p class='ocr_par' dir='ltr' id='par_1_77' title="bbox 200 4446 1777 4519">
     <span class='ocr_line' id='line_1_77' title="bbox 200 4446 1777 4519; baseline -0.004 -13"><span class='ocrx_word' id='word_1_552' title='bbox 200 4471 318 4506; x_wconf 83' lang='grc' dir='ltr'>νευε</span> <span class='ocrx_word' id='word_1_553' title='bbox 376 4456 495 4513; x_wconf 76' lang='grc' dir='ltr'>τοῖς</span> <span class='ocrx_word' id='word_1_554' title='bbox 557 4450 737 4517; x_wconf 76' lang='grc' dir='ltr'>λόγοις</span> <span class='ocrx_word' id='word_1_555' title='bbox 788 4450 896 4508; x_wconf 83' lang='grc' dir='ltr'>τοῖς</span> <span class='ocrx_word' id='word_1_556' title='bbox 957 4446 1091 4515; x_wconf 71' lang='grc' dir='ltr'>πρὸς</span> <span class='ocrx_word' id='word_1_557' title='bbox 1139 4447 1229 4497; x_wconf 78' lang='grc' dir='ltr'><strong>τὸν</strong></span> <span class='ocrx_word' id='word_1_558' title='bbox 1266 4446 1475 4499; x_wconf 80' lang='grc' dir='ltr'>ἑαυτῶν</span> <span class='ocrx_word' id='word_1_559' title='bbox 1512 4447 1777 4519; x_wconf 87' lang='grc' dir='ltr'>δεσπότην</span> 
     </span>
    </p>
   </div>
   <div class='ocr_carea' id='block_1_78' title="bbox 199 4538 1774 4615">
    <p class='ocr_par' dir='ltr' id='par_1_78' title="bbox 199 4538 1774 4615">
     <span class='ocr_line' id='line_1_78' title="bbox 199 4538 1774 4615; baseline 0.002 -24"><span class='ocrx_word' id='word_1_560' title='bbox 199 4548 431 4615; x_wconf 64' lang='grc' dir='ltr'>(σφόδρα</span> <span class='ocrx_word' id='word_1_561' title='bbox 456 4544 570 4612; x_wconf 70' lang='grc' dir='ltr'>γὰρ</span> <span class='ocrx_word' id='word_1_562' title='bbox 594 4540 948 4610; x_wconf 85' lang='grc' dir='ltr'>δυσπρόσιτός</span> <span class='ocrx_word' id='word_1_563' title='bbox 972 4556 1030 4589; x_wconf 87' lang='grc' dir='ltr'><strong>τε</strong></span> <span class='ocrx_word' id='word_1_564' title='bbox 1062 4540 1153 4590; x_wconf 71' lang='grc' dir='ltr'><strong>καὶ</strong></span> <span class='ocrx_word' id='word_1_565' title='bbox 1175 4538 1529 4609; x_wconf 77' lang='grc' dir='ltr'>δυσομίλητος</span> <span class='ocrx_word' id='word_1_566' title='bbox 1557 4542 1583 4592; x_wconf 93' lang='lat'><strong>6</strong></span> <span class='ocrx_word' id='word_1_567' title='bbox 1614 4540 1774 4612; x_wconf 77' lang='grc' dir='ltr'>ἀνὴρ,</span> 
     </span>
    </p>
   </div>
   <div class='ocr_carea' id='block_1_79' title="bbox 197 4630 1776 4707">
    <p class='ocr_par' dir='ltr' id='par_1_79' title="bbox 197 4630 1776 4707">
     <span class='ocr_line' id='line_1_79' title="bbox 197 4630 1776 4707; baseline -0.004 -16"><span class='ocrx_word' id='word_1_568' title='bbox 197 4642 289 4692; x_wconf 76' lang='grc' dir='ltr'>καὶ</span> <span class='ocrx_word' id='word_1_569' title='bbox 358 4640 602 4707; x_wconf 78' lang='grc' dir='ltr'>μάλιστα</span> <span class='ocrx_word' id='word_1_570' title='bbox 659 4636 717 4685; x_wconf 79' lang='grc' dir='ltr'>ἐν</span> <span class='ocrx_word' id='word_1_571' title='bbox 748 4632 1064 4704; x_wconf 80' lang='grc' dir='ltr'>ὑπηρέταις)</span> <span class='ocrx_word' id='word_1_572' title='bbox 1108 4630 1202 4680; x_wconf 73' lang='grc' dir='ltr'><strong>καὶ</strong></span> <span class='ocrx_word' id='word_1_573' title='bbox 1245 4630 1395 4691; x_wconf 77' lang='grc' dir='ltr'>ἠξίου</span> <span class='ocrx_word' id='word_1_574' title='bbox 1442 4632 1569 4701; x_wconf 75' lang='grc' dir='ltr'>περὶ</span> <span class='ocrx_word' id='word_1_575' title='bbox 1608 4634 1776 4685; x_wconf 79' lang='grc' dir='ltr'>αὑτοῦ</span> 
     </span>
    </p>
   </div>
   <div class='ocr_carea' id='block_1_80' title="bbox 198 4720 1775 4802">
    <p class='ocr_par' dir='ltr' id='par_1_80' title="bbox 198 4720 1775 4802">
     <span class='ocr_line' id='line_1_80' title="bbox 198 4720 1775 4802; baseline -0.004 -19"><span class='ocrx_word' id='word_1_576' title='bbox 198 4734 398 4802; x_wconf 83' lang='grc' dir='ltr'>τρόπον</span> <span class='ocrx_word' id='word_1_577' title='bbox 445 4728 538 4780; x_wconf 76' lang='grc' dir='ltr'><strong>τὸν</strong></span> <span class='ocrx_word' id='word_1_578' title='bbox 587 4727 848 4794; x_wconf 67' lang='grc' dir='ltr'>ἔμφρονα*</span> <span class='ocrx_word' id='word_1_579' title='bbox 876 4724 1116 4791; x_wconf 82' lang='grc' dir='ltr'>Οῐχεται,</span> <span class='ocrx_word' id='word_1_580' title='bbox 1153 4720 1347 4788; x_wconf 83' lang='grc' dir='ltr'>λέγων,</span> <span class='ocrx_word' id='word_1_581' title='bbox 1380 4721 1408 4771; x_wconf 89' lang='grc' dir='ltr'>ὁ</span> <span class='ocrx_word' id='word_1_582' title='bbox 1442 4722 1592 4775; x_wconf 88' lang='grc' dir='ltr'>Λέων</span> <span class='ocrx_word' id='word_1_583' title='bbox 1631 4724 1775 4794; x_wconf 73' lang='grc' dir='ltr'>οἴχε-</span> 
     </span>
    </p>
   </div>
   <div class='ocr_carea' id='block_1_81' title="bbox 198 4815 1773 4889">
    <p class='ocr_par' dir='ltr' id='par_1_81' title="bbox 198 4815 1773 4889">
     <span class='ocr_line' id='line_1_81' title="bbox 198 4815 1773 4889; baseline -0.003 -15"><span class='ocrx_word' id='word_1_584' title='bbox 198 4841 324 4879; x_wconf 83' lang='grc' dir='ltr'>ται·</span> <span class='ocrx_word' id='word_1_585' title='bbox 367 4825 490 4882; x_wconf 81' lang='grc' dir='ltr'>δέος</span> <span class='ocrx_word' id='word_1_586' title='bbox 537 4820 613 4888; x_wconf 86' lang='grc' dir='ltr'><strong>μὴ</strong></span> <span class='ocrx_word' id='word_1_587' title='bbox 637 4820 727 4870; x_wconf 73' lang='grc' dir='ltr'><strong>καὶ</strong></span> <span class='ocrx_word' id='word_1_588' title='bbox 761 4818 955 4885; x_wconf 76' lang='grc' dir='ltr'>δρᾶσαι</span> <span class='ocrx_word' id='word_1_589' title='bbox 988 4816 1087 4885; x_wconf 76' lang='grc' dir='ltr'><strong>μέν</strong></span> <span class='ocrx_word' id='word_1_590' title='bbox 1108 4834 1159 4866; x_wconf 92' lang='grc' dir='ltr'><strong>τι</strong></span> <span class='ocrx_word' id='word_1_591' title='bbox 1188 4815 1294 4867; x_wconf 85' lang='grc' dir='ltr'><strong>τῶν</strong></span> <span class='ocrx_word' id='word_1_592' title='bbox 1332 4815 1601 4884; x_wconf 85' lang='grc' dir='ltr'>χαλεπῶν,</span> <span class='ocrx_word' id='word_1_593' title='bbox 1637 4820 1773 4889; x_wconf 82' lang='grc' dir='ltr'>ὅπερ</span> 
     </span>
    </p>
   </div>
   <div class='ocr_carea' id='block_1_82' title="bbox 200 4906 1775 4983">
    <p class='ocr_par' dir='ltr' id='par_1_82' title="bbox 200 4906 1775 4983">
     <span class='ocr_line' id='line_1_82' title="bbox 200 4906 1775 4983; baseline 0.003 -24"><span class='ocrx_word' id='word_1_594' title='bbox 200 4920 462 4983; x_wconf 65' lang='grc' dir='ltr'>ἄντικρυς</span> <span class='ocrx_word' id='word_1_595' title='bbox 496 4915 560 4964; x_wconf 81' lang='grc' dir='ltr'>(ιὺ</span> <span class='ocrx_word' id='word_1_596' title='bbox 591 4910 910 4979; x_wconf 74' lang='grc' dir='ltr'>βουλόμεθα,</span> <span class='ocrx_word' id='word_1_597' title='bbox 957 4909 1089 4976; x_wconf 78' lang='grc' dir='ltr'>μηδὲ</span> <span class='ocrx_word' id='word_1_598' title='bbox 1142 4906 1371 4958; x_wconf 75' lang='grc' dir='ltr'>Θανάτου</span> <span class='ocrx_word' id='word_1_599' title='bbox 1420 4910 1775 4977; x_wconf 85' lang='grc' dir='ltr'>καταστῶμεν</span> 
     </span>
    </p>
   </div>
   <div class='ocr_carea' id='block_1_83' title="bbox 265 5122 1773 5195">
    <p class='ocr_par' dir='ltr' id='par_1_83' title="bbox 265 5122 1773 5195">
     <span class='ocr_line' id='line_1_83' title="bbox 265 5122 1773 5195; baseline -0.003 -16"><span class='ocrx_word' id='word_1_600' title='bbox 265 5126 376 5195; x_wconf 90' lang='grc'>(10)</span> <span class='ocrx_word' id='word_1_601' title='bbox 413 5123 698 5195; x_wconf 83' lang='lat' dir='ltr'><strong>Spatharii</strong></span> <span class='ocrx_word' id='word_1_602' title='bbox 729 5131 903 5185; x_wconf 87' lang='lat' dir='ltr'><strong>erant,</strong></span> <span class='ocrx_word' id='word_1_603' title='bbox 932 5122 1021 5191; x_wconf 87' lang='lat' dir='ltr'><strong>qui</strong></span> <span class='ocrx_word' id='word_1_604' title='bbox 1050 5123 1312 5195; x_wconf 68' lang='lat' dir='ltr'><strong>custodia:</strong></span> <span class='ocrx_word' id='word_1_605' title='bbox 1334 5122 1581 5191; x_wconf 89' lang='lat' dir='ltr'><strong>corporis</strong></span> <span class='ocrx_word' id='word_1_606' title='bbox 1602 5122 1773 5189; x_wconf 82' lang='lat' dir='ltr'><strong>impe-</strong></span> 
     </span>
    </p>
   </div>
   <div class='ocr_carea' id='block_1_84' title="bbox 196 5194 1769 5261">
    <p class='ocr_par' dir='ltr' id='par_1_84' title="bbox 196 5194 1769 5261">
     <span class='ocr_line' id='line_1_84' title="bbox 196 5194 1769 5261; baseline -0.005 -10"><span class='ocrx_word' id='word_1_607' title='bbox 196 5194 393 5252; x_wconf 77' lang='lat' dir='ltr'><strong>ratoris</strong></span> <span class='ocrx_word' id='word_1_608' title='bbox 426 5194 588 5249; x_wconf 82' lang='lat' dir='ltr'><strong>erant</strong></span> <span class='ocrx_word' id='word_1_609' title='bbox 623 5194 887 5261; x_wconf 88' lang='lat' dir='ltr'><strong>deputati,</strong></span> <span class='ocrx_word' id='word_1_610' title='bbox 918 5208 943 5243; x_wconf 86' lang='lat' dir='ltr'><strong>a</strong></span> <span class='ocrx_word' id='word_1_611' title='bbox 970 5208 1098 5245; x_wconf 85' lang='lat' dir='ltr'><strong>voce</strong></span> <span class='ocrx_word' id='word_1_612' title='bbox 1124 5194 1333 5256; x_wconf 74' lang='grc' dir='ltr'>Σπάοα,</span> <span class='ocrx_word' id='word_1_613' title='bbox 1359 5210 1478 5261; x_wconf 71' lang='lat' dir='ltr'><strong>qure</strong></span> <span class='ocrx_word' id='word_1_614' title='bbox 1509 5195 1769 5259; x_wconf 84' lang='lat' dir='ltr'><strong>majorem</strong></span> 
     </span>
    </p>
   </div>
   <div class='ocr_carea' id='block_1_85' title="bbox 193 5262 1767 5337">
    <p class='ocr_par' dir='ltr' id='par_1_85' title="bbox 193 5262 1767 5337">
     <span class='ocr_line' id='line_1_85' title="bbox 193 5262 1767 5337; baseline -0.003 -18"><span class='ocrx_word' id='word_1_615' title='bbox 193 5270 432 5337; x_wconf 79' lang='lat' dir='ltr'><strong>gladium</strong></span> <span class='ocrx_word' id='word_1_616' title='bbox 465 5265 899 5337; x_wconf 77' lang='lat' dir='ltr'><strong>signific_at,_quo</strong></span> <span class='ocrx_word' id='word_1_617' title='bbox 919 5264 1422 5337; x_wconf 28' lang='lat' dir='ltr'><strong>illinarntabantur:</strong></span> <span class='ocrx_word' id='word_1_618' title='bbox 1450 5262 1582 5315; x_wconf 82' lang='lat' dir='ltr'><strong>Vide</strong></span> <span class='ocrx_word' id='word_1_619' title='bbox 1623 5262 1767 5337; x_wconf 74' lang='lat' dir='ltr'><strong>Can-</strong></span> 
     </span>
    </p>
   </div>
   <div class='ocr_carea' id='block_1_86' title="bbox 196 5330 1775 5405">
    <p class='ocr_par' dir='ltr' id='par_1_86' title="bbox 196 5330 1775 5405">
     <span class='ocr_line' id='line_1_86' title="bbox 196 5330 1775 5405; baseline -0.002 -18"><span class='ocrx_word' id='word_1_620' title='bbox 196 5330 339 5405; x_wconf 67' lang='lat' dir='ltr'><strong>gium</strong></span> <span class='ocrx_word' id='word_1_621' title='bbox 369 5344 422 5389; x_wconf 91' lang='lat' dir='ltr'><strong>in</strong></span> <span class='ocrx_word' id='word_1_622' title='bbox 457 5330 740 5389; x_wconf 69' lang='lat' dir='ltr'><strong>Glossario</strong></span> <span class='ocrx_word' id='word_1_623' title='bbox 770 5330 1248 5405; x_wconf 59' lang='lat' dir='ltr'><strong>Graeco-Barbam.</strong></span> <span class='ocrx_word' id='word_1_624' title='bbox 1277 5333 1775 5405; x_wconf 83' lang='lat' dir='ltr'><strong>Spatharocubieu—</strong></span> 
     </span>
    </p>
   </div>
   <div class='ocr_carea' id='block_1_87' title="bbox 194 5402 1772 5473">
    <p class='ocr_par' dir='ltr' id='par_1_87' title="bbox 194 5402 1772 5473">
     <span class='ocr_line' id='line_1_87' title="bbox 194 5402 1772 5473; baseline -0.002 -14"><span class='ocrx_word' id='word_1_625' title='bbox 194 5402 385 5463; x_wconf 76' lang='lat' dir='ltr'><strong>larius,</strong></span> <span class='ocrx_word' id='word_1_626' title='bbox 421 5408 517 5473; x_wconf 91' lang='lat' dir='ltr'><strong>qui</strong></span> <span class='ocrx_word' id='word_1_627' title='bbox 555 5405 719 5457; x_wconf 88' lang='lat' dir='ltr'><strong>simul</strong></span> <span class='ocrx_word' id='word_1_628' title='bbox 776 5402 1035 5471; x_wconf 89' lang='lat' dir='ltr'><strong>spatharii</strong></span> <span class='ocrx_word' id='word_1_629' title='bbox 1076 5411 1131 5454; x_wconf 89' lang='lat' dir='ltr'><strong>et</strong></span> <span class='ocrx_word' id='word_1_630' title='bbox 1173 5402 1493 5457; x_wconf 87' lang='lat' dir='ltr'><strong>cubicularii</strong></span> <span class='ocrx_word' id='word_1_631' title='bbox 1548 5417 1772 5456; x_wconf 85' lang='lat' dir='ltr'><strong>munere</strong></span> 
     </span>
    </p>
   </div>
   <div class='ocr_carea' id='block_1_88' title="bbox 197 5478 1695 5552">
    <p class='ocr_par' dir='ltr' id='par_1_88' title="bbox 197 5478 1695 5552">
     <span class='ocr_line' id='line_1_88' title="bbox 197 5478 1695 5552; baseline 0.002 -23"><span class='ocrx_word' id='word_1_632' title='bbox 197 5478 557 5552; x_wconf 61' lang='lat' dir='ltr'><strong>fungebatur.</strong></span> <span class='ocrx_word' id='word_1_633' title='bbox 675 5542 711 5552; x_wconf 50' lang='grc' dir='ltr'>Η</span> <span class='ocrx_word' id='word_1_634' title='bbox 808 5542 857 5552; x_wconf 78' lang='lat'><strong>__</strong></span> <span class='ocrx_word' id='word_1_635' title='bbox 1113 5539 1131 5552; x_wconf 46' lang='grc'><strong><em>⁸</em></strong></span> <span class='ocrx_word' id='word_1_636' title='bbox 1201 5550 1208 5552; x_wconf 21' lang='grc' dir='ltr'><em>Α</em></span> <span class='ocrx_word' id='word_1_637' title='bbox 1573 5544 1583 5552; x_wconf 32' lang='grc' dir='ltr'><strong>Δ</strong></span> <span class='ocrx_word' id='word_1_638' title='bbox 1670 5541 1695 5552; x_wconf 36' lang='grc' dir='ltr'><em>η</em></span> 
     </span>
    </p>
   </div>
   <div class='ocr_carea' id='block_1_89' title="bbox 267 5539 1766 5613">
    <p class='ocr_par' dir='ltr' id='par_1_89' title="bbox 267 5539 1766 5613">
     <span class='ocr_line' id='line_1_89' title="bbox 267 5539 1766 5613; baseline -0.005 -13"><span class='ocrx_word' id='word_1_639' title='bbox 267 5539 379 5613; x_wconf 59' lang='lat' dir='ltr'><strong>(il)</strong></span> <span class='ocrx_word' id='word_1_640' title='bbox 414 5542 777 5611; x_wconf 79' lang='lat' dir='ltr'><strong>Drungarius,</strong></span> <span class='ocrx_word' id='word_1_641' title='bbox 807 5542 857 5595; x_wconf 90' lang='lat' dir='ltr'><strong>id</strong></span> <span class='ocrx_word' id='word_1_642' title='bbox 883 5552 967 5596; x_wconf 88' lang='lat' dir='ltr'><strong>est</strong></span> <span class='ocrx_word' id='word_1_643' title='bbox 997 5539 1304 5611; x_wconf 67' lang='lat' dir='ltr'><strong>praefectus,</strong></span> <span class='ocrx_word' id='word_1_644' title='bbox 1333 5557 1361 5593; x_wconf 93' lang='lat' dir='ltr'><strong>a</strong></span> <span class='ocrx_word' id='word_1_645' title='bbox 1395 5556 1528 5613; x_wconf 75' lang='lat' dir='ltr'><strong>voce</strong></span> <span class='ocrx_word' id='word_1_646' title='bbox 1559 5541 1766 5609; x_wconf 76' lang='grc' dir='ltr'><strong>Δροῦγ-</strong></span> 
     </span>
    </p>
   </div>
   <div class='ocr_carea' id='block_1_90' title="bbox 195 5612 1765 5691">
    <p class='ocr_par' dir='ltr' id='par_1_90' title="bbox 195 5612 1765 5691">
     <span class='ocr_line' id='line_1_90' title="bbox 195 5612 1765 5691; baseline -0.001 -24"><span class='ocrx_word' id='word_1_647' title='bbox 195 5612 306 5683; x_wconf 79' lang='grc' dir='ltr'>γος,</span> <span class='ocrx_word' id='word_1_648' title='bbox 338 5634 464 5686; x_wconf 81' lang='lat' dir='ltr'><strong>qua:</strong></span> <span class='ocrx_word' id='word_1_649' title='bbox 518 5615 752 5691; x_wconf 43' lang='lat' dir='ltr'><strong>(flatum:</strong></span> <span class='ocrx_word' id='word_1_650' title='bbox 798 5614 1025 5691; x_wconf 70' lang='lat' dir='ltr'><strong>militum</strong></span> <span class='ocrx_word' id='word_1_651' title='bbox 1065 5613 1355 5691; x_wconf 78' lang='lat' dir='ltr'><strong>significat.</strong></span> <span class='ocrx_word' id='word_1_652' title='bbox 1402 5612 1765 5691; x_wconf 72' lang='lat' dir='ltr'><strong>Leunelavius</strong></span> 
     </span>
    </p>
   </div>
   <div class='ocr_carea' id='block_1_91' title="bbox 197 5682 1764 5750">
    <p class='ocr_par' dir='ltr' id='par_1_91' title="bbox 197 5682 1764 5750">
     <span class='ocr_line' id='line_1_91' title="bbox 197 5682 1764 5750; baseline -0.002 -11"><span class='ocrx_word' id='word_1_653' title='bbox 197 5682 248 5740; x_wconf 82' lang='lat' dir='ltr'><strong>in</strong></span> <span class='ocrx_word' id='word_1_654' title='bbox 290 5682 655 5741; x_wconf 69' lang='lat' dir='ltr'><strong>Otiotuastico</strong></span> <span class='ocrx_word' id='word_1_655' title='bbox 713 5683 944 5736; x_wconf 85' lang='lat' dir='ltr'><strong>Turcieo</strong></span> <span class='ocrx_word' id='word_1_656' title='bbox 997 5683 1068 5736; x_wconf 87' lang='lat' dir='ltr'><strong>ita</strong></span> <span class='ocrx_word' id='word_1_657' title='bbox 1116 5684 1317 5737; x_wconf 48' lang='lat' dir='ltr'><strong>Graecis</strong></span> <span class='ocrx_word' id='word_1_658' title='bbox 1376 5682 1639 5750; x_wconf 79' lang='lat' dir='ltr'><strong>appellari</strong></span> <span class='ocrx_word' id='word_1_659' title='bbox 1689 5686 1764 5736; x_wconf 87' lang='lat' dir='ltr'><strong>ait</strong></span> 
     </span>
    </p>
   </div>
   <div class='ocr_carea' id='block_1_92' title="bbox 196 5754 1761 5822">
    <p class='ocr_par' dir='ltr' id='par_1_92' title="bbox 196 5754 1761 5822">
     <span class='ocr_line' id='line_1_92' title="bbox 196 5754 1761 5822; baseline -0.001 -15"><span class='ocrx_word' id='word_1_660' title='bbox 196 5757 438 5810; x_wconf 79' lang='lat' dir='ltr'><strong>baculum</strong></span> <span class='ocrx_word' id='word_1_661' title='bbox 475 5755 695 5815; x_wconf 76' lang='lat' dir='ltr'><strong>tribuni,</strong></span> <span class='ocrx_word' id='word_1_662' title='bbox 725 5769 883 5822; x_wconf 88' lang='lat' dir='ltr'><strong>quem</strong></span> <span class='ocrx_word' id='word_1_663' title='bbox 912 5754 1085 5806; x_wconf 83' lang='lat' dir='ltr'><strong>instar</strong></span> <span class='ocrx_word' id='word_1_664' title='bbox 1114 5754 1311 5822; x_wconf 83' lang='lat' dir='ltr'><strong>sceptri</strong></span> <span class='ocrx_word' id='word_1_665' title='bbox 1348 5756 1506 5822; x_wconf 84' lang='lat' dir='ltr'><strong>gerit,</strong></span> <span class='ocrx_word' id='word_1_666' title='bbox 1554 5755 1697 5806; x_wconf 83' lang='lat' dir='ltr'><strong>forte</strong></span> <span class='ocrx_word' id='word_1_667' title='bbox 1731 5770 1761 5806; x_wconf 85' lang='lat' dir='ltr'><strong>a</strong></span> 
     </span>
    </p>
   </div>
   <div class='ocr_carea' id='block_1_93' title="bbox 198 5823 1760 5895">
    <p class='ocr_par' dir='ltr' id='par_1_93' title="bbox 198 5823 1760 5895">
     <span class='ocr_line' id='line_1_93' title="bbox 198 5823 1760 5895; baseline 0 -18"><span class='ocrx_word' id='word_1_668' title='bbox 198 5842 322 5883; x_wconf 72' lang='lat' dir='ltr'><strong>VOCt&#39;</strong></span> <span class='ocrx_word' id='word_1_669' title='bbox 352 5829 547 5883; x_wconf 81' lang='lat' dir='ltr'><strong>Latina</strong></span> <span class='ocrx_word' id='word_1_670' title='bbox 578 5832 816 5891; x_wconf 77' lang='lat' dir='ltr'><strong>trzmcus,</strong></span> <span class='ocrx_word' id='word_1_671' title='bbox 844 5834 901 5877; x_wconf 94' lang='lat' dir='ltr'><strong>ut</strong></span> <span class='ocrx_word' id='word_1_672' title='bbox 927 5825 1001 5876; x_wconf 88' lang='lat' dir='ltr'><strong>ait</strong></span> <span class='ocrx_word' id='word_1_673' title='bbox 1039 5823 1309 5895; x_wconf 84' lang='lat' dir='ltr'><strong>Cangius;</strong></span> <span class='ocrx_word' id='word_1_674' title='bbox 1341 5839 1504 5891; x_wconf 87' lang='lat' dir='ltr'><strong>quetn</strong></span> <span class='ocrx_word' id='word_1_675' title='bbox 1535 5824 1760 5882; x_wconf 87' lang='lat' dir='ltr'><strong>consule</strong></span> 
     </span>
    </p>
   </div>
   <div class='ocr_carea' id='block_1_94' title="bbox 1898 3270 3469 3353">
    <p class='ocr_par' dir='ltr' id='par_1_94' title="bbox 1898 3270 3469 3353">
     <span class='ocr_line' id='line_1_94' title="bbox 1898 3270 3469 3353; baseline 0.012 -30"><span class='ocrx_word' id='word_1_676' title='bbox 1898 3270 2308 3340; x_wconf 82' lang='lat' dir='ltr'><strong>indignationis,</strong></span> <span class='ocrx_word' id='word_1_677' title='bbox 2348 3276 2568 3346; x_wconf 81' lang='lat' dir='ltr'><strong>vidique</strong></span> <span class='ocrx_word' id='word_1_678' title='bbox 2611 3282 2953 3336; x_wconf 87' lang='lat' dir='ltr'><strong>aversioncm</strong></span> <span class='ocrx_word' id='word_1_679' title='bbox 3001 3284 3119 3353; x_wconf 90' lang='lat' dir='ltr'><strong>ejus</strong></span> <span class='ocrx_word' id='word_1_680' title='bbox 3160 3295 3215 3338; x_wconf 91' lang='lat' dir='ltr'><strong>et</strong></span> <span class='ocrx_word' id='word_1_681' title='bbox 3255 3286 3469 3341; x_wconf 86' lang='lat' dir='ltr'><strong>diutur-</strong></span> 
     </span>
    </p>
   </div>
   <div class='ocr_carea' id='block_1_95' title="bbox 1895 3367 3467 3447">
    <p class='ocr_par' dir='ltr' id='par_1_95' title="bbox 1895 3367 3467 3447">
     <span class='ocr_line' id='line_1_95' title="bbox 1895 3367 3467 3447; baseline 0.014 -34"><span class='ocrx_word' id='word_1_682' title='bbox 1895 3377 2017 3415; x_wconf 92' lang='lat' dir='ltr'><strong>nam</strong></span> <span class='ocrx_word' id='word_1_683' title='bbox 2059 3367 2485 3431; x_wconf 89' lang='lat' dir='ltr'><strong>separationem.</strong></span> <span class='ocrx_word' id='word_1_684' title='bbox 2540 3370 2652 3425; x_wconf 92' lang='lat' dir='ltr'><strong>Imo</strong></span> <span class='ocrx_word' id='word_1_685' title='bbox 2700 3388 2801 3444; x_wconf 88' lang='lat' dir='ltr'><strong>ego</strong></span> <span class='ocrx_word' id='word_1_686' title='bbox 2857 3390 3078 3445; x_wconf 87' lang='lat' dir='ltr'><strong>quoque</strong></span> <span class='ocrx_word' id='word_1_687' title='bbox 3125 3379 3311 3447; x_wconf 81' lang='lat' dir='ltr'><strong>rogavi</strong></span> <span class='ocrx_word' id='word_1_688' title='bbox 3363 3395 3467 3447; x_wconf 88' lang='lat' dir='ltr'><strong>pro</strong></span> 
     </span>
    </p>
   </div>
   <div class='ocr_carea' id='block_1_96' title="bbox 1892 3454 3463 3533">
    <p class='ocr_par' dir='ltr' id='par_1_96' title="bbox 1892 3454 3463 3533">
     <span class='ocr_line' id='line_1_96' title="bbox 1892 3454 3463 3533; baseline 0.011 -26"><span class='ocrx_word' id='word_1_689' title='bbox 1892 3454 2097 3517; x_wconf 85' lang='lat' dir='ltr'><strong>Leone,</strong></span> <span class='ocrx_word' id='word_1_690' title='bbox 2133 3467 2190 3511; x_wconf 89' lang='lat' dir='ltr'><strong>ut</strong></span> <span class='ocrx_word' id='word_1_691' title='bbox 2220 3459 2313 3527; x_wconf 91' lang='lat' dir='ltr'><strong>qui</strong></span> <span class='ocrx_word' id='word_1_692' title='bbox 2343 3474 2521 3514; x_wconf 90' lang='lat' dir='ltr'><strong>essem</strong></span> <span class='ocrx_word' id='word_1_693' title='bbox 2551 3462 2854 3533; x_wconf 88' lang='lat' dir='ltr'><strong>Drungario</strong></span> <span class='ocrx_word' id='word_1_694' title='bbox 2897 3469 3107 3521; x_wconf 90' lang='lat' dir='ltr'><strong>amicus</strong></span> <span class='ocrx_word' id='word_1_695' title='bbox 3137 3479 3191 3521; x_wconf 86' lang='lat' dir='ltr'><strong>et</strong></span> <span class='ocrx_word' id='word_1_696' title='bbox 3224 3469 3463 3525; x_wconf 86' lang='lat' dir='ltr'><strong>familia-</strong></span> 
     </span>
    </p>
   </div>
   <div class='ocr_carea' id='block_1_97' title="bbox 1894 3547 3462 3629">
    <p class='ocr_par' dir='ltr' id='par_1_97' title="bbox 1894 3547 3462 3629">
     <span class='ocr_line' id='line_1_97' title="bbox 1894 3547 3462 3629; baseline 0.01 -29"><span class='ocrx_word' id='word_1_697' title='bbox 1894 3547 1991 3601; x_wconf 88' lang='lat' dir='ltr'><strong>ris.</strong></span> <span class='ocrx_word' id='word_1_698' title='bbox 2027 3548 2189 3603; x_wconf 83' lang='lat' dir='ltr'><strong>Valdc</strong></span> <span class='ocrx_word' id='word_1_699' title='bbox 2223 3550 2406 3620; x_wconf 90' lang='lat' dir='ltr'><strong>itaque</strong></span> <span class='ocrx_word' id='word_1_700' title='bbox 2439 3553 2740 3623; x_wconf 87' lang='lat' dir='ltr'><strong>angebatur</strong></span> <span class='ocrx_word' id='word_1_701' title='bbox 2768 3556 2901 3622; x_wconf 89' lang='lat' dir='ltr'><strong>Leo,</strong></span> <span class='ocrx_word' id='word_1_702' title='bbox 2938 3568 2993 3612; x_wconf 88' lang='lat' dir='ltr'><strong>et</strong></span> <span class='ocrx_word' id='word_1_703' title='bbox 3027 3573 3221 3629; x_wconf 86' lang='lat' dir='ltr'><strong>magna</strong></span> <span class='ocrx_word' id='word_1_704' title='bbox 3258 3558 3462 3617; x_wconf 74' lang='lat' dir='ltr'><strong>afﬁcie-</strong></span> 
     </span>
    </p>
   </div>
   <div class='ocr_carea' id='block_1_98' title="bbox 1892 3638 3464 3718">
    <p class='ocr_par' dir='ltr' id='par_1_98' title="bbox 1892 3638 3464 3718">
     <span class='ocr_line' id='line_1_98' title="bbox 1892 3638 3464 3718; baseline 0.006 -25"><span class='ocrx_word' id='word_1_705' title='bbox 1892 3638 2055 3693; x_wconf 88' lang='lat' dir='ltr'><strong>batur</strong></span> <span class='ocrx_word' id='word_1_706' title='bbox 2088 3640 2254 3694; x_wconf 89' lang='lat' dir='ltr'><strong>animi</strong></span> <span class='ocrx_word' id='word_1_707' title='bbox 2295 3644 2645 3712; x_wconf 81' lang='lat' dir='ltr'><strong>aegritudine,</strong></span> <span class='ocrx_word' id='word_1_708' title='bbox 2683 3645 2946 3715; x_wconf 88' lang='lat' dir='ltr'><strong>dolorque</strong></span> <span class='ocrx_word' id='word_1_709' title='bbox 2979 3648 3060 3702; x_wconf 87' lang='lat' dir='ltr'><strong>vel</strong></span> <span class='ocrx_word' id='word_1_710' title='bbox 3102 3649 3216 3718; x_wconf 92' lang='lat' dir='ltr'><strong>ipsa</strong></span> <span class='ocrx_word' id='word_1_711' title='bbox 3249 3664 3373 3703; x_wconf 87' lang='lat' dir='ltr'><strong>ossa</strong></span> <span class='ocrx_word' id='word_1_712' title='bbox 3406 3658 3464 3704; x_wconf 85' lang='lat' dir='ltr'><strong>et</strong></span> 
     </span>
    </p>
   </div>
   <div class='ocr_carea' id='block_1_99' title="bbox 1890 3731 3463 3805">
    <p class='ocr_par' dir='ltr' id='par_1_99' title="bbox 1890 3731 3463 3805">
     <span class='ocr_line' id='line_1_99' title="bbox 1890 3731 3463 3805; baseline 0.008 -23"><span class='ocrx_word' id='word_1_713' title='bbox 1890 3731 2158 3784; x_wconf 88' lang='lat' dir='ltr'><strong>medullas</strong></span> <span class='ocrx_word' id='word_1_714' title='bbox 2220 3734 2497 3800; x_wconf 84' lang='lat' dir='ltr'><strong>tangebat,</strong></span> <span class='ocrx_word' id='word_1_715' title='bbox 2548 3743 2604 3788; x_wconf 88' lang='lat' dir='ltr'><strong>et</strong></span> <span class='ocrx_word' id='word_1_716' title='bbox 2653 3736 2811 3789; x_wconf 86' lang='lat' dir='ltr'><strong>valde</strong></span> <span class='ocrx_word' id='word_1_717' title='bbox 2872 3739 3249 3792; x_wconf 89' lang='lat' dir='ltr'><strong>consumebat.</strong></span> <span class='ocrx_word' id='word_1_718' title='bbox 3317 3740 3463 3805; x_wconf 82' lang='lat' dir='ltr'><strong>Quin</strong></span> 
     </span>
    </p>
   </div>
   <div class='ocr_carea' id='block_1_100' title="bbox 1889 3819 3462 3896">
    <p class='ocr_par' dir='ltr' id='par_1_100' title="bbox 1889 3819 3462 3896">
     <span class='ocr_line' id='line_1_100' title="bbox 1889 3819 3462 3896; baseline 0.006 -23"><span class='ocrx_word' id='word_1_719' title='bbox 1889 3819 2054 3873; x_wconf 86' lang='lat' dir='ltr'><strong>etiam</strong></span> <span class='ocrx_word' id='word_1_720' title='bbox 2081 3819 2449 3876; x_wconf 86' lang='lat' dir='ltr'><strong>Theodoritus</strong></span> <span class='ocrx_word' id='word_1_721' title='bbox 2502 3825 2645 3879; x_wconf 87' lang='lat' dir='ltr'><strong>idem</strong></span> <span class='ocrx_word' id='word_1_722' title='bbox 2683 3826 2874 3896; x_wconf 86' lang='lat' dir='ltr'><strong>jugum</strong></span> <span class='ocrx_word' id='word_1_723' title='bbox 2926 3828 3192 3891; x_wconf 84' lang='lat' dir='ltr'><strong>trahebat,</strong></span> <span class='ocrx_word' id='word_1_724' title='bbox 3228 3838 3288 3883; x_wconf 92' lang='lat' dir='ltr'><strong>ut</strong></span> <span class='ocrx_word' id='word_1_725' title='bbox 3321 3829 3462 3883; x_wconf 91' lang='lat' dir='ltr'><strong>diei-</strong></span> 
     </span>
    </p>
   </div>
   <div class='ocr_carea' id='block_1_101' title="bbox 1891 3910 3461 3988">
    <p class='ocr_par' dir='ltr' id='par_1_101' title="bbox 1891 3910 3461 3988">
     <span class='ocr_line' id='line_1_101' title="bbox 1891 3910 3461 3988; baseline 0.008 -29"><span class='ocrx_word' id='word_1_726' title='bbox 1891 3916 1999 3967; x_wconf 88' lang='lat' dir='ltr'><strong>tur.</strong></span> <span class='ocrx_word' id='word_1_727' title='bbox 2053 3910 2280 3979; x_wconf 87' lang='lat' dir='ltr'><strong>ejusque</strong></span> <span class='ocrx_word' id='word_1_728' title='bbox 2348 3914 2674 3968; x_wconf 77' lang='lat' dir='ltr'><strong>movebatur</strong></span> <span class='ocrx_word' id='word_1_729' title='bbox 2730 3917 3137 3979; x_wconf 84' lang='lat' dir='ltr'><strong>misericordia,</strong></span> <span class='ocrx_word' id='word_1_730' title='bbox 3198 3920 3461 3988; x_wconf 88' lang='lat' dir='ltr'><strong>gravique</strong></span> 
     </span>
    </p>
   </div>
   <div class='ocr_carea' id='block_1_102' title="bbox 1886 4000 3462 4079">
    <p class='ocr_par' dir='ltr' id='par_1_102' title="bbox 1886 4000 3462 4079">
     <span class='ocr_line' id='line_1_102' title="bbox 1886 4000 3462 4079; baseline 0.01 -27"><span class='ocrx_word' id='word_1_731' title='bbox 1886 4000 2074 4054; x_wconf 91' lang='lat' dir='ltr'><strong>dolore</strong></span> <span class='ocrx_word' id='word_1_732' title='bbox 2130 4001 2488 4072; x_wconf 72' lang='lat' dir='ltr'><strong>afﬁciebatur,</strong></span> <span class='ocrx_word' id='word_1_733' title='bbox 2539 4006 2753 4079; x_wconf 85' lang='lat' dir='ltr'><strong>legibus</strong></span> <span class='ocrx_word' id='word_1_734' title='bbox 2814 4009 3016 4063; x_wconf 86' lang='lat' dir='ltr'><strong>cedens</strong></span> <span class='ocrx_word' id='word_1_735' title='bbox 3072 4010 3348 4075; x_wconf 61' lang='lat' dir='ltr'><strong>amicitias,</strong></span> <span class='ocrx_word' id='word_1_736' title='bbox 3402 4022 3462 4067; x_wconf 84' lang='lat' dir='ltr'><strong>ut</strong></span> 
     </span>
    </p>
   </div>
   <div class='ocr_carea' id='block_1_103' title="bbox 1886 4092 3462 4168">
    <p class='ocr_par' dir='ltr' id='par_1_103' title="bbox 1886 4092 3462 4168">
     <span class='ocr_line' id='line_1_103' title="bbox 1886 4092 3462 4168; baseline 0.008 -24"><span class='ocrx_word' id='word_1_737' title='bbox 1886 4092 1982 4159; x_wconf 87' lang='lat' dir='ltr'><strong>qui</strong></span> <span class='ocrx_word' id='word_1_738' title='bbox 2032 4104 2181 4148; x_wconf 88' lang='lat' dir='ltr'><strong>esset</strong></span> <span class='ocrx_word' id='word_1_739' title='bbox 2229 4098 2466 4164; x_wconf 89' lang='lat' dir='ltr'><strong>amicus,</strong></span> <span class='ocrx_word' id='word_1_740' title='bbox 2518 4110 2574 4153; x_wconf 91' lang='lat' dir='ltr'><strong>et</strong></span> <span class='ocrx_word' id='word_1_741' title='bbox 2622 4102 2675 4154; x_wconf 91' lang='lat' dir='ltr'><strong>in</strong></span> <span class='ocrx_word' id='word_1_742' title='bbox 2743 4102 3054 4156; x_wconf 89' lang='lat' dir='ltr'><strong>ministerio</strong></span> <span class='ocrx_word' id='word_1_743' title='bbox 3115 4104 3323 4168; x_wconf 89' lang='lat' dir='ltr'><strong>socius,</strong></span> <span class='ocrx_word' id='word_1_744' title='bbox 3401 4112 3462 4157; x_wconf 86' lang='lat' dir='ltr'><strong>ut</strong></span> 
     </span>
    </p>
   </div>
   <div class='ocr_carea' id='block_1_104' title="bbox 1884 4184 2488 4250">
    <p class='ocr_par' dir='ltr' id='par_1_104' title="bbox 1884 4184 2488 4250">
     <span class='ocr_line' id='line_1_104' title="bbox 1884 4184 2488 4250; baseline 0.015 -17"><span class='ocrx_word' id='word_1_745' title='bbox 1884 4184 2040 4250; x_wconf 91' lang='lat' dir='ltr'><strong>prius</strong></span> <span class='ocrx_word' id='word_1_746' title='bbox 2068 4195 2151 4238; x_wconf 89' lang='lat' dir='ltr'><strong>est</strong></span> <span class='ocrx_word' id='word_1_747' title='bbox 2183 4196 2488 4242; x_wconf 89' lang='lat' dir='ltr'><strong>ostensum.</strong></span> 
     </span>
    </p>
   </div>
   <div class='ocr_carea' id='block_1_105' title="bbox 1956 4274 3457 4353">
    <p class='ocr_par' dir='ltr' id='par_1_105' title="bbox 1956 4274 3457 4353">
     <span class='ocr_line' id='line_1_105' title="bbox 1956 4274 3457 4353; baseline 0.008 -25"><span class='ocrx_word' id='word_1_748' title='bbox 1956 4274 2094 4329; x_wconf 80' lang='lat' dir='ltr'><strong>XIII.</strong></span> <span class='ocrx_word' id='word_1_749' title='bbox 2123 4276 2259 4331; x_wconf 89' lang='lat' dir='ltr'><strong>Cum</strong></span> <span class='ocrx_word' id='word_1_750' title='bbox 2294 4278 2476 4348; x_wconf 89' lang='lat' dir='ltr'><strong>itaque</strong></span> <span class='ocrx_word' id='word_1_751' title='bbox 2510 4280 2652 4336; x_wconf 82' lang='lat' dir='ltr'><strong>ferre</strong></span> <span class='ocrx_word' id='word_1_752' title='bbox 2699 4300 2807 4337; x_wconf 91' lang='lat' dir='ltr'><strong>non</strong></span> <span class='ocrx_word' id='word_1_753' title='bbox 2852 4295 3059 4353; x_wconf 80' lang='lat' dir='ltr'><strong>posset,</strong></span> <span class='ocrx_word' id='word_1_754' title='bbox 3100 4286 3338 4339; x_wconf 87' lang='lat' dir='ltr'><strong>Leonem</strong></span> <span class='ocrx_word' id='word_1_755' title='bbox 3373 4286 3457 4340; x_wconf 83' lang='lat' dir='ltr'><strong>sic</strong></span> 
     </span>
    </p>
   </div>
   <div class='ocr_carea' id='block_1_106' title="bbox 1883 4367 3457 4447">
    <p class='ocr_par' dir='ltr' id='par_1_106' title="bbox 1883 4367 3457 4447">
     <span class='ocr_line' id='line_1_106' title="bbox 1883 4367 3457 4447; baseline 0.008 -29"><span class='ocrx_word' id='word_1_756' title='bbox 1883 4367 2045 4425; x_wconf 81' lang='lat' dir='ltr'><strong>allici.</strong></span> <span class='ocrx_word' id='word_1_757' title='bbox 2094 4386 2259 4423; x_wconf 85' lang='lat' dir='ltr'><strong>ausus</strong></span> <span class='ocrx_word' id='word_1_758' title='bbox 2316 4381 2400 4425; x_wconf 90' lang='lat' dir='ltr'><strong>est</strong></span> <span class='ocrx_word' id='word_1_759' title='bbox 2451 4373 2635 4428; x_wconf 85' lang='lat' dir='ltr'><strong>verbis</strong></span> <span class='ocrx_word' id='word_1_760' title='bbox 2679 4390 2838 4428; x_wconf 91' lang='lat' dir='ltr'><strong>suum</strong></span> <span class='ocrx_word' id='word_1_761' title='bbox 2890 4377 3110 4447; x_wconf 87' lang='lat' dir='ltr'><strong>aggredi</strong></span> <span class='ocrx_word' id='word_1_762' title='bbox 3169 4376 3457 4431; x_wconf 90' lang='lat' dir='ltr'><strong>dominum</strong></span> 
     </span>
    </p>
   </div>
   <div class='ocr_carea' id='block_1_107' title="bbox 1885 4461 3459 4537">
    <p class='ocr_par' dir='ltr' id='par_1_107' title="bbox 1885 4461 3459 4537">
     <span class='ocr_line' id='line_1_107' title="bbox 1885 4461 3459 4537; baseline 0.006 -26"><span class='ocrx_word' id='word_1_763' title='bbox 1885 4464 2085 4528; x_wconf 90' lang='lat' dir='ltr'><strong>(neque</strong></span> <span class='ocrx_word' id='word_1_764' title='bbox 2117 4461 2261 4514; x_wconf 90' lang='lat' dir='ltr'><strong>enim</strong></span> <span class='ocrx_word' id='word_1_765' title='bbox 2289 4462 2463 4517; x_wconf 81' lang='lat' dir='ltr'><strong>facilis</strong></span> <span class='ocrx_word' id='word_1_766' title='bbox 2489 4467 2554 4518; x_wconf 88' lang='lat' dir='ltr'><strong>ad</strong></span> <span class='ocrx_word' id='word_1_767' title='bbox 2587 4481 2711 4519; x_wconf 90' lang='lat' dir='ltr'><strong>eum</strong></span> <span class='ocrx_word' id='word_1_768' title='bbox 2730 4470 2951 4535; x_wconf 83' lang='lat' dir='ltr'><strong>patebat</strong></span> <span class='ocrx_word' id='word_1_769' title='bbox 2978 4470 3177 4529; x_wconf 82' lang='lat' dir='ltr'><strong>aditus.</strong></span> <span class='ocrx_word' id='word_1_770' title='bbox 3211 4478 3266 4523; x_wconf 89' lang='lat' dir='ltr'><strong>et</strong></span> <span class='ocrx_word' id='word_1_771' title='bbox 3298 4484 3459 4537; x_wconf 87' lang='lat' dir='ltr'><strong>asper</strong></span> 
     </span>
    </p>
   </div>
   <div class='ocr_carea' id='block_1_108' title="bbox 1882 4550 3448 4624">
    <p class='ocr_par' dir='ltr' id='par_1_108' title="bbox 1882 4550 3448 4624">
     <span class='ocr_line' id='line_1_108' title="bbox 1882 4550 3448 4624; baseline 0.011 -22"><span class='ocrx_word' id='word_1_772' title='bbox 1882 4560 2003 4602; x_wconf 91' lang='lat' dir='ltr'><strong>erat</strong></span> <span class='ocrx_word' id='word_1_773' title='bbox 2042 4550 2093 4603; x_wconf 91' lang='lat' dir='ltr'><strong>in</strong></span> <span class='ocrx_word' id='word_1_774' title='bbox 2144 4554 2415 4607; x_wconf 86' lang='lat' dir='ltr'><strong>sermonis</strong></span> <span class='ocrx_word' id='word_1_775' title='bbox 2461 4558 2867 4624; x_wconf 83' lang='lat' dir='ltr'><strong>congressione,</strong></span> <span class='ocrx_word' id='word_1_776' title='bbox 2906 4560 3141 4615; x_wconf 80' lang='lat' dir='ltr'><strong>maxime</strong></span> <span class='ocrx_word' id='word_1_777' title='bbox 3188 4561 3334 4617; x_wconf 79' lang='lat' dir='ltr'><strong>inter</strong></span> <span class='ocrx_word' id='word_1_778' title='bbox 3374 4566 3448 4619; x_wconf 85' lang='lat' dir='ltr'><strong>fa-</strong></span> 
     </span>
    </p>
   </div>
   <div class='ocr_carea' id='block_1_109' title="bbox 1886 4644 3450 4726">
    <p class='ocr_par' dir='ltr' id='par_1_109' title="bbox 1886 4644 3450 4726">
     <span class='ocr_line' id='line_1_109' title="bbox 1886 4644 3450 4726; baseline 0.012 -33"><span class='ocrx_word' id='word_1_779' title='bbox 1886 4644 2083 4709; x_wconf 86' lang='lat' dir='ltr'><strong>mulos)</strong></span> <span class='ocrx_word' id='word_1_780' title='bbox 2117 4655 2172 4696; x_wconf 88' lang='lat' dir='ltr'><strong>et</strong></span> <span class='ocrx_word' id='word_1_781' title='bbox 2208 4647 2463 4712; x_wconf 90' lang='lat' dir='ltr'><strong>prudenti</strong></span> <span class='ocrx_word' id='word_1_782' title='bbox 2498 4649 2629 4700; x_wconf 89' lang='lat' dir='ltr'><strong>inita</strong></span> <span class='ocrx_word' id='word_1_783' title='bbox 2662 4650 2893 4715; x_wconf 88' lang='lat' dir='ltr'><strong>ratione,</strong></span> <span class='ocrx_word' id='word_1_784' title='bbox 2946 4668 3047 4719; x_wconf 91' lang='lat' dir='ltr'><strong>pro</strong></span> <span class='ocrx_word' id='word_1_785' title='bbox 3090 4670 3156 4707; x_wconf 91' lang='lat' dir='ltr'><strong>eo</strong></span> <span class='ocrx_word' id='word_1_786' title='bbox 3192 4660 3404 4726; x_wconf 81' lang='lat' dir='ltr'><strong>rogavit</strong></span> <span class='ocrx_word' id='word_1_787' title='bbox 3436 4677 3450 4712; x_wconf 89' lang='lat'><strong>:</strong></span> 
     </span>
    </p>
   </div>
   <div class='ocr_carea' id='block_1_110' title="bbox 1883 4733 3453 4811">
    <p class='ocr_par' dir='ltr' id='par_1_110' title="bbox 1883 4733 3453 4811">
     <span class='ocr_line' id='line_1_110' title="bbox 1883 4733 3453 4811; baseline 0.013 -25"><span class='ocrx_word' id='word_1_788' title='bbox 1883 4733 2051 4798; x_wconf 88' lang='lat' dir='ltr'><strong>Perit,</strong></span> <span class='ocrx_word' id='word_1_789' title='bbox 2100 4736 2309 4801; x_wconf 90' lang='lat' dir='ltr'><strong>dicens,</strong></span> <span class='ocrx_word' id='word_1_790' title='bbox 2350 4739 2456 4793; x_wconf 89' lang='lat' dir='ltr'><strong>Leo</strong></span> <span class='ocrx_word' id='word_1_791' title='bbox 2501 4741 2687 4808; x_wconf 89' lang='lat' dir='ltr'><strong>perit:</strong></span> <span class='ocrx_word' id='word_1_792' title='bbox 2731 4744 3033 4798; x_wconf 85' lang='lat' dir='ltr'><strong>timendum</strong></span> <span class='ocrx_word' id='word_1_793' title='bbox 3084 4759 3189 4811; x_wconf 89' lang='lat' dir='ltr'><strong>est,</strong></span> <span class='ocrx_word' id='word_1_794' title='bbox 3236 4766 3303 4804; x_wconf 88' lang='lat' dir='ltr'><strong>ne</strong></span> <span class='ocrx_word' id='word_1_795' title='bbox 3344 4752 3453 4807; x_wconf 88' lang='lat' dir='ltr'><strong>sibi</strong></span> 
     </span>
    </p>
   </div>
   <div class='ocr_carea' id='block_1_111' title="bbox 1878 4828 3447 4908">
    <p class='ocr_par' dir='ltr' id='par_1_111' title="bbox 1878 4828 3447 4908">
     <span class='ocr_line' id='line_1_111' title="bbox 1878 4828 3447 4908; baseline 0.013 -32"><span class='ocrx_word' id='word_1_796' title='bbox 1878 4841 2041 4893; x_wconf 77' lang='lat' dir='ltr'><strong>grave</strong></span> <span class='ocrx_word' id='word_1_797' title='bbox 2076 4828 2281 4896; x_wconf 87' lang='lat' dir='ltr'><strong>aliquid</strong></span> <span class='ocrx_word' id='word_1_798' title='bbox 2307 4830 2498 4895; x_wconf 87' lang='lat' dir='ltr'><strong>faciat,</strong></span> <span class='ocrx_word' id='word_1_799' title='bbox 2550 4834 2694 4901; x_wconf 91' lang='lat' dir='ltr'><strong>quod</strong></span> <span class='ocrx_word' id='word_1_800' title='bbox 2738 4835 2960 4903; x_wconf 88' lang='lat' dir='ltr'><strong>quidem</strong></span> <span class='ocrx_word' id='word_1_801' title='bbox 3004 4848 3154 4894; x_wconf 90' lang='lat' dir='ltr'><strong>certe</strong></span> <span class='ocrx_word' id='word_1_802' title='bbox 3185 4842 3447 4908; x_wconf 83' lang='lat' dir='ltr'><strong>nolimus,</strong></span> 
     </span>
    </p>
   </div>
   <div class='ocr_carea' id='block_1_112' title="bbox 1886 4921 3449 5006">
    <p class='ocr_par' dir='ltr' id='par_1_112' title="bbox 1886 4921 3449 5006">
     <span class='ocr_line' id='line_1_112' title="bbox 1886 4921 3449 5006; baseline 0.015 -38"><span class='ocrx_word' id='word_1_803' title='bbox 1886 4933 2062 4985; x_wconf 87' lang='lat' dir='ltr'><strong>neque</strong></span> <span class='ocrx_word' id='word_1_804' title='bbox 2087 4921 2258 4973; x_wconf 84' lang='lat' dir='ltr'><strong>simus</strong></span> <span class='ocrx_word' id='word_1_805' title='bbox 2290 4932 2543 4977; x_wconf 87' lang='lat' dir='ltr'><strong>auctores</strong></span> <span class='ocrx_word' id='word_1_806' title='bbox 2569 4927 2686 4994; x_wconf 85' lang='lat' dir='ltr'><strong>ejus</strong></span> <span class='ocrx_word' id='word_1_807' title='bbox 2731 4931 2944 4982; x_wconf 85' lang='lat' dir='ltr'><strong>mortis.</strong></span> <span class='ocrx_word' id='word_1_808' title='bbox 2978 4931 3140 4985; x_wconf 85' lang='lat' dir='ltr'><strong>Miser</strong></span> <span class='ocrx_word' id='word_1_809' title='bbox 3168 4935 3313 4987; x_wconf 90' lang='lat' dir='ltr'><strong>enim</strong></span> <span class='ocrx_word' id='word_1_810' title='bbox 3337 4938 3449 5006; x_wconf 87' lang='lat' dir='ltr'><strong>jam</strong></span> 
     </span>
    </p>
   </div>
   <div class='ocr_carea' id='block_1_113' title="bbox 1884 5123 3450 5202">
    <p class='ocr_par' dir='ltr' id='par_1_113' title="bbox 1884 5123 3450 5202">
     <span class='ocr_line' id='line_1_113' title="bbox 1884 5123 3450 5202; baseline 0.014 -27"><span class='ocrx_word' id='word_1_811' title='bbox 1884 5123 1937 5176; x_wconf 90' lang='lat' dir='ltr'><strong>in</strong></span> <span class='ocrx_word' id='word_1_812' title='bbox 1991 5133 2223 5202; x_wconf 78' lang='lat' dir='ltr'><strong>utroque</strong></span> <span class='ocrx_word' id='word_1_813' title='bbox 2271 5128 2569 5202; x_wconf 65' lang='lat' dir='ltr'><strong>Glossario.</strong></span> <span class='ocrx_word' id='word_1_814' title='bbox 2623 5131 2719 5186; x_wconf 39' lang='lat' dir='ltr'><strong>I&#39;Iic</strong></span> <span class='ocrx_word' id='word_1_815' title='bbox 2773 5134 3108 5202; x_wconf 87' lang='lat' dir='ltr'><strong>Drungarius</strong></span> <span class='ocrx_word' id='word_1_816' title='bbox 3139 5138 3205 5191; x_wconf 92' lang='lat' dir='ltr'><strong>ad</strong></span> <span class='ocrx_word' id='word_1_817' title='bbox 3258 5140 3450 5199; x_wconf 83' lang='lat' dir='ltr'><strong>classis</strong></span> 
     </span>
    </p>
   </div>
   <div class='ocr_carea' id='block_1_114' title="bbox 1881 5196 2550 5262">
    <p class='ocr_par' dir='ltr' id='par_1_114' title="bbox 1881 5196 2550 5262">
     <span class='ocr_line' id='line_1_114' title="bbox 1881 5196 2550 5262; baseline 0.006 -15"><span class='ocrx_word' id='word_1_818' title='bbox 1881 5196 2257 5262; x_wconf 60' lang='lat' dir='ltr'><strong>praefecturam</strong></span> <span class='ocrx_word' id='word_1_819' title='bbox 2299 5198 2550 5251; x_wconf 80' lang='lat' dir='ltr'><strong>refertur.</strong></span> 
     </span>
    </p>
   </div>
   <div class='ocr_carea' id='block_1_115' title="bbox 1949 5265 3447 5346">
    <p class='ocr_par' dir='ltr' id='par_1_115' title="bbox 1949 5265 3447 5346">
     <span class='ocr_line' id='line_1_115' title="bbox 1949 5265 3447 5346; baseline 0.011 -30"><span class='ocrx_word' id='word_1_820' title='bbox 1949 5265 2058 5333; x_wconf 72' lang='grc'>(19.)</span> <span class='ocrx_word' id='word_1_821' title='bbox 2097 5266 2525 5346; x_wconf 70' lang='grc' dir='ltr'>Λογοθέτηςτοῦ</span> <span class='ocrx_word' id='word_1_822' title='bbox 2573 5270 2781 5346; x_wconf 69' lang='grc' dir='ltr'>Δρόμου</span> <span class='ocrx_word' id='word_1_823' title='bbox 2839 5282 2963 5346; x_wconf 77' lang='lat' dir='ltr'><strong>erat</strong></span> <span class='ocrx_word' id='word_1_824' title='bbox 3014 5276 3079 5338; x_wconf 89' lang='lat' dir='ltr'><strong>is,</strong></span> <span class='ocrx_word' id='word_1_825' title='bbox 3132 5279 3223 5346; x_wconf 88' lang='lat' dir='ltr'><strong>qui</strong></span> <span class='ocrx_word' id='word_1_826' title='bbox 3276 5280 3447 5333; x_wconf 88' lang='lat' dir='ltr'><strong>ratio-</strong></span> 
     </span>
    </p>
   </div>
   <div class='ocr_carea' id='block_1_116' title="bbox 1876 5338 3447 5416">
    <p class='ocr_par' dir='ltr' id='par_1_116' title="bbox 1876 5338 3447 5416">
     <span class='ocr_line' id='line_1_116' title="bbox 1876 5338 3447 5416; baseline 0.01 -28"><span class='ocrx_word' id='word_1_827' title='bbox 1876 5350 1971 5416; x_wconf 73' lang='lat' dir='ltr'><strong>nes</strong></span> <span class='ocrx_word' id='word_1_828' title='bbox 2000 5351 2195 5389; x_wconf 74' lang='lat' dir='ltr'><strong>cursus</strong></span> <span class='ocrx_word' id='word_1_829' title='bbox 2232 5338 2436 5404; x_wconf 83' lang='lat' dir='ltr'><strong>publici</strong></span> <span class='ocrx_word' id='word_1_830' title='bbox 2470 5342 2834 5409; x_wconf 80' lang='lat' dir='ltr'><strong>expendebal.</strong></span> <span class='ocrx_word' id='word_1_831' title='bbox 2873 5344 3003 5400; x_wconf 76' lang='lat' dir='ltr'><strong>Vide</strong></span> <span class='ocrx_word' id='word_1_832' title='bbox 3045 5338 3307 5416; x_wconf 71' lang='lat' dir='ltr'><strong>Cangium</strong></span> <span class='ocrx_word' id='word_1_833' title='bbox 3341 5350 3447 5403; x_wconf 84' lang='lat' dir='ltr'><strong>ibi-</strong></span> 
     </span>
    </p>
   </div>
   <div class='ocr_carea' id='block_1_117' title="bbox 1872 5406 2016 5457">
    <p class='ocr_par' dir='ltr' id='par_1_117' title="bbox 1872 5406 2016 5457">
     <span class='ocr_line' id='line_1_117' title="bbox 1872 5406 2016 5457; baseline -0.007 0"><span class='ocrx_word' id='word_1_834' title='bbox 1872 5406 2016 5457; x_wconf 80' lang='lat' dir='ltr'><strong>deni.</strong></span> 
     </span>
    </p>
   </div>
   <div class='ocr_carea' id='block_1_118' title="bbox 1942 5477 3444 5549">
    <p class='ocr_par' dir='ltr' id='par_1_118' title="bbox 1942 5477 3444 5549">
     <span class='ocr_line' id='line_1_118' title="bbox 1942 5477 3444 5549; baseline 0.012 -22"><span class='ocrx_word' id='word_1_835' title='bbox 1942 5478 2051 5549; x_wconf 78' lang='lat' dir='ltr'><strong>(l5)</strong></span> <span class='ocrx_word' id='word_1_836' title='bbox 2086 5477 2601 5549; x_wconf 76' lang='grc' dir='ltr'>Πρωτοσπαθάριος,</span> <span class='ocrx_word' id='word_1_837' title='bbox 2638 5482 2932 5536; x_wconf 69' lang='lat' dir='ltr'><strong>Pricfeclus</strong></span> <span class='ocrx_word' id='word_1_838' title='bbox 2981 5487 3277 5542; x_wconf 86' lang='lat' dir='ltr'><strong>custodum</strong></span> <span class='ocrx_word' id='word_1_839' title='bbox 3318 5504 3444 5545; x_wconf 88' lang='lat' dir='ltr'><strong>cor-</strong></span> 
     </span>
    </p>
   </div>
   <div class='ocr_carea' id='block_1_119' title="bbox 1868 5560 2041 5613">
    <p class='ocr_par' dir='ltr' id='par_1_119' title="bbox 1868 5560 2041 5613">
     <span class='ocr_line' id='line_1_119' title="bbox 1868 5560 2041 5613; baseline 0.006 -15"><span class='ocrx_word' id='word_1_840' title='bbox 1868 5560 2041 5613; x_wconf 84' lang='lat' dir='ltr'><strong>ports.</strong></span> 
     </span>
    </p>
   </div>
   <div class='ocr_carea' id='block_1_120' title="bbox 1941 5617 3442 5697">
    <p class='ocr_par' dir='ltr' id='par_1_120' title="bbox 1941 5617 3442 5697">
     <span class='ocr_line' id='line_1_120' title="bbox 1941 5617 3442 5697; baseline 0.011 -30"><span class='ocrx_word' id='word_1_841' title='bbox 1941 5618 2051 5697; x_wconf 57' lang='lat' dir='ltr'><strong>(lui)</strong></span> <span class='ocrx_word' id='word_1_842' title='bbox 2108 5617 2462 5697; x_wconf 77' lang='grc' dir='ltr'>Μαγκλὰϐιον</span> <span class='ocrx_word' id='word_1_843' title='bbox 2510 5620 3061 5697; x_wconf 79' lang='lat' dir='ltr'><strong>Clavam_signiﬁcat,</strong></span> <span class='ocrx_word' id='word_1_844' title='bbox 3105 5644 3209 5697; x_wconf 90' lang='lat' dir='ltr'><strong>qua</strong></span> <span class='ocrx_word' id='word_1_845' title='bbox 3262 5646 3442 5685; x_wconf 80' lang='lat' dir='ltr'><strong>arma-</strong></span> 
     </span>
    </p>
   </div>
   <div class='ocr_carea' id='block_1_121' title="bbox 1869 5683 3442 5761">
    <p class='ocr_par' dir='ltr' id='par_1_121' title="bbox 1869 5683 3442 5761">
     <span class='ocr_line' id='line_1_121' title="bbox 1869 5683 3442 5761; baseline 0.011 -24"><span class='ocrx_word' id='word_1_846' title='bbox 1869 5683 2073 5761; x_wconf 85' lang='lat' dir='ltr'><strong>bantur</strong></span> <span class='ocrx_word' id='word_1_847' title='bbox 2104 5683 2391 5761; x_wconf 82' lang='lat' dir='ltr'><strong>quierant</strong></span> <span class='ocrx_word' id='word_1_848' title='bbox 2436 5692 2804 5761; x_wconf 76' lang='lat' dir='ltr'><strong>imperatoria:</strong></span> <span class='ocrx_word' id='word_1_849' title='bbox 2822 5683 3135 5761; x_wconf 45' lang='lat' dir='ltr'><strong>vcohortis;</strong></span> <span class='ocrx_word' id='word_1_850' title='bbox 3174 5701 3262 5752; x_wconf 88' lang='lat' dir='ltr'><strong>hic</strong></span> <span class='ocrx_word' id='word_1_851' title='bbox 3306 5683 3442 5756; x_wconf 71' lang='lat' dir='ltr'><strong>vero</strong></span> 
     </span>
    </p>
   </div>
   <div class='ocr_carea' id='block_1_122' title="bbox 1867 5758 3442 5881">
    <p class='ocr_par' dir='ltr' id='par_1_122' title="bbox 1867 5758 3442 5881">
     <span class='ocr_line' id='line_1_122' title="bbox 1867 5758 3442 5881; baseline 0.012 -75"><span class='ocrx_word' id='word_1_852' title='bbox 1867 5758 2105 5881; x_wconf 52' lang='lat' dir='ltr'><strong>Eumitur</strong></span> <span class='ocrx_word' id='word_1_853' title='bbox 2137 5773 2234 5826; x_wconf 89' lang='lat' dir='ltr'><strong>pro</strong></span> <span class='ocrx_word' id='word_1_854' title='bbox 2258 5759 2372 5829; x_wconf 88' lang='lat' dir='ltr'><strong>ipsa</strong></span> <span class='ocrx_word' id='word_1_855' title='bbox 2400 5758 2626 5817; x_wconf 71' lang='lat' dir='ltr'><strong>coherte</strong></span> <span class='ocrx_word' id='word_1_856' title='bbox 2656 5764 3029 5833; x_wconf 85' lang='lat' dir='ltr'><strong>imperatoria.</strong></span> <span class='ocrx_word' id='word_1_857' title='bbox 3055 5758 3292 5824; x_wconf 78' lang='lat' dir='ltr'><strong>Rursum</strong></span> <span class='ocrx_word' id='word_1_858' title='bbox 3317 5771 3442 5825; x_wconf 88' lang='lat' dir='ltr'><strong>vide</strong></span> 
     </span>
     <span class='ocr_line' id='line_1_123' title="bbox 1915 5842 2164 5881; baseline 0.004 -1"><span class='ocrx_word' id='word_1_859' title='bbox 1915 5842 2164 5881; x_wconf 66' lang='lat' dir='ltr'><strong>anulum.</strong></span> 
     </span>
    </p>
   </div>
   <div class='ocr_carea' id='block_1_123' title="bbox 1915 5842 2164 5897">
    <p class='ocr_par' dir='ltr' id='par_1_123' title="bbox 1915 5842 2164 5897">
     <span class='ocr_line' id='line_1_124' title="bbox 1915 5842 2164 5897; baseline 0.004 -17"><span class='ocrx_word' id='word_1_860' title='bbox 1915 5842 2164 5897; x_wconf 84' lang='lat' dir='ltr'><strong>angtum.</strong></span> 
     </span>
    </p>
   </div>
  </div>
