4180 6476
721 409 829 473 295

2018 392 2301 459 MENSIS
2337 387 2642 454 JUNlUS.
2720 442 2722 444 .

3877 376 3979 438 296

720 519 987 580 extabuit,
1019 528 1073 571 et
1111 529 1195 571 est
1226 530 1356 570 sane
1387 523 1771 582 consumptus,
1800 525 1907 565 non
1938 511 2120 564 ferens
2143 517 2291 560 tuam

2410 502 2564 554 αἴτιοι
2585 517 2596 529 ’
2631 498 2829 566 τέτηκε
2858 497 2969 567 γὰρ
2997 497 3024 548 ὁ
3048 493 3314 563 δυστυχὴς
3342 491 3440 562 ἥδη
3466 490 3561 543 καί
3587 489 3979 560 δεδαπάνηται,

723 610 1161 672 aversationem;
1215 617 1270 661 et
1321 607 1505 661 statim
1554 605 1769 658 amittet
1826 600 1988 655 etiam
2033 600 2294 653 animam.

722 704 834 757 Hoc
865 717 988 756 cum
1021 717 1131 754 non
1161 702 1349 758 semel,
1384 697 1479 751 sed
1509 710 1652 764 saepe
1677 694 1921 756 dixisset,
1974 689 2296 745 assiduitate

721 800 775 844 ct
802 795 1110 859 Opportuna
1170 788 1524 856 persuasione
1575 785 1717 838 belle
1775 783 2089 837 reconciliat
2129 780 2296 833 Leoni

724 883 1008 936 dominum
1054 895 1247 945 suum;
1287 878 1623 948 iubeturque
1683 876 1860 945 ipsum
1923 874 2196 926 adducere
2241 872 2296 924 iu

722 981 1074 1042 conspectum
1107 972 1246 1039 ejus.
1303 968 1397 1022 Ille
1445 983 1576 1022 vero
1620 981 1730 1036 prae
1776 965 1948 1018 nimio
1992 963 2191 1032 gaudio
2235 977 2299 1016 ac

723 1065 1069 1121 festinatione
1108 1063 1258 1127 (dum
1297 1061 1436 1115 forte
1459 1059 1691 1114 debebat
1723 1075 1822 1129 per
1866 1058 2043 1111 scalas
2073 1056 2299 1109 descen—

724 1157 875 1221 dere)
926 1153 1248 1224 impeditum
1313 1151 1518 1205 alicubi
1579 1149 1778 1220 pedem
1821 1149 2063 1218 graviter
2112 1147 2297 1211 luxat;

721 1250 967 1317 jacetquc
1014 1246 1131 1300 sine
1161 1259 1314 1310 voce,
1359 1243 1661 1298 immobilis
1719 1251 1775 1295 et
1829 1240 2018 1294 dolore
2074 1240 2303 1303 fractus,-

724 1354 788 1392 ac
813 1352 954 1406 aegre
994 1340 1212 1391 tandem
1252 1334 1467 1387 delatus
1504 1341 1590 1387 est
1627 1331 1694 1386 ad
1739 1332 1965 1386 lectum.
2015 1330 2149 1385 Tres
2183 1330 2298 1384 dies

725 1429 1124 1498 praeterieram,
1170 1437 1224 1480 et
1260 1426 1375 1495 ipse
1414 1426 1493 1479 sic
1530 1424 1748 1495 jacebat
1789 1424 2039 1492 supinus,
2089 1432 2294 1486 mutus,

724 1518 1083 1587 stupefactus,
1122 1517 1300 1569 somni
1331 1526 1386 1571 et
1425 1515 1532 1570 cibi
1565 1529 1784 1585 expers,
1817 1529 1918 1569 nec
1950 1529 2146 1584 aquam
2175 1515 2300 1582 qui-

725 1611 847 1665 dem
878 1610 1193 1672 admittens,
1230 1623 1330 1662 nec
1355 1607 1581 1662 omnino
1608 1623 1668 1660 se
1702 1621 1928 1660 movens
1951 1647 1965 1670 ,
1999 1606 2094 1659 sed
2131 1604 2295 1658 veluti

729 1704 864 1756 lecto
904 1701 1115 1762 allixus,
1144 1710 1198 1754 et
1230 1716 1256 1753 a
1287 1715 1345 1754 re
1371 1698 1610 1766 inanima
1648 1698 1786 1752 nihil
1817 1698 2099 1753 dilfercns.
2159 1696 2289 1750 San-

726 1803 871 1844 ctum
928 1800 1108 1844 tamen
1164 1788 1334 1844 etiam
1403 1788 1635 1843 tacendo
1689 1802 1907 1857 rogans,
1976 1786 2123 1840 videt
2171 1801 2294 1839 eum

2405 591 2502 662 τὴν
2544 588 2893 659 ἀποστροφὴν
2936 587 2996 638 ού
3042 585 3228 654 φέρων
3259 583 3357 653 τὴν
3391 581 3510 651 σὴν,
3544 581 3639 633 καί
3673 582 3800 634 ὅσον
3833 580 3983 633 οὔπω

2406 680 2699 734 ἀποϐάλλει
2723 680 2814 732 καί
2845 677 2943 746 τὴν
2971 676 3169 747 ψυχήν.
3208 673 3380 728 Τοῦτο
3411 674 3510 740 οὐχ
3548 671 3699 735 ἅπαξ
3723 670 3980 740 εἰρηκὼς,

2406 773 2539 825 ἀλλὰ
2573 773 2664 823 καὶ
2699 770 2979 831 πλλάκις,
3016 767 3095 837 τῷ
3124 767 3337 836 συνεχεῖ
3370 765 3465 815 καὶ
3493 761 3742 832 εὐκαίρῳ
3783 763 3982 823 πείθει,

2405 865 2498 914 καὶ
2543 864 2652 929 τὴν
2685 857 3033 926 καταλλαγὴν
3081 855 3373 924 πρεσόεύει
3423 854 3606 914 καλῶς
3646 852 3726 920 τῷ
3771 851 3980 903 Λέοντι.

2407 947 2539 1002 Εἶτα
2572 948 2664 1002 καί⁵
2701 949 2781 1009 εἰς
2823 946 2945 1014 ὅφιν
2970 945 3132 996 αὑτὸν
3160 945 3382 1011 ἀγαγεῖν
3412 939 3747 1005 κελευσθεὶς,
3781 941 3984 999 ἐκεῖνος

2407 1045 2470 1094 ἐκ
2506 1042 2613 1093 τῶν
2654 1041 2794 1106 ἄγαν
2842 1035 3201 1106 περιχαρείας
3251 1036 3523 1104 (κλίμακα
3579 1032 3722 1085 οὕτω
3774 1029 3986 1100 συμϐὰν

2408 1132 2632 1199 κατιὼν)
2680 1131 2773 1184 καὶ
2803 1130 2881 1200 τῷ
2925 1129 3084 1198 τάχει
3123 1125 3537 1196 συμποδισθεὶς,
3568 1123 3896 1194 διαστροφάς
3928 1139 3984 1173 τε

2408 1226 2498 1278 καὶ
2538 1223 2752 1292 ἑξεδρος
2780 1222 2877 1293 τὴν
2901 1221 2994 1275 τοῦ
3020 1221 3177 1282 ποδὸς
3207 1216 3460 1288 ἁρμογὴν
3493 1216 3700 1285 γίνεται
3725 1231 3738 1243 ⁶
3770 1216 3865 1268 καὶ
3894 1214 3987 1267 εύ-

2407 1319 2503 1382 θὺς
2534 1317 2749 1386 ἄφωνός
2783 1332 2843 1368 τε
2889 1314 2982 1368 καὶ
3011 1314 3269 1382 ἀκίνητος
3300 1306 3386 1382 ἦν,
3426 1309 3532 1362 ὑπὸ
3567 1308 3666 1378 τῆς
3711 1306 3984 1376 περιωδυο

2405 1413 2524 1472 νίας
2558 1406 2969 1480 ἀπορῤαγείς,ή
3003 1403 3158 1473 κλίνη
3189 1419 3248 1455 τε
3278 1397 3388 1471 εἶχε
3419 1401 3627 1460 τοῦτον,
3658 1400 3817 1467 μόγις
3848 1396 3984 1464 πρὸς

2406 1501 2574 1572 αὐτὴν
2606 1496 3094 1567 ἐκκεκομισμένον.
3124 1496 3283 1565 Τρεῖς
3315 1493 3596 1562 παρῆλθον
3624 1491 3858 1560 ἡμέραι,
3892 1489 3985 1540 καὶ

2406 1593 2569 1657 αὐτὸς
2622 1590 2794 1654 οὕτως
2837 1589 3019 1641 ἔκειτο
3058 1587 3268 1649 ὕπτιος,
3305 1585 3519 1651 ἄφωνος
3556 1583 3760 1642 ἇῡπνὸς
3785 1598 3845 1632 τε
3893 1581 3985 1632 καὶ

2407 1686 2612 1757 ἀχανὴς
2655 1683 2749 1736 καί,
2779 1682 2986 1745 ἄσιτος,
3018 1679 3142 1732 οὐδὲ
3182 1679 3373 1740 ὓδατος
3413 1675 3776 1745 προσιέμενος
3828 1672 3984 1723 οὖδα-

2407 1778 2544 1848 μῶς,
2569 1776 2689 1830 οὺδέ
2724 1774 2965 1846 κινηθεὶς
2992 1773 3128 1834 ὅλως
3149 1788 3162 1802 ·
3188 1770 3304 1824 ἀλλ’
3326 1770 3489 1822 οἰονεὶ
3520 1768 3585 1837 τῇ
3619 1765 3782 1835 κλίνῃ
3809 1778 3982 1830 προσ-

724 1891 954 1936 stantem
982 1882 1045 1934 ad
1073 1889 1378 1933 extremum
1411 1880 1565 1939 lecti,
1591 1887 1912 1947 tangentem
1938 1878 2110 1930 talum
2145 1878 2300 1946 pedis

2410 1867 2682 1937 ηλωμένος
2711 1867 2804 1918 καὶ
2834 1867 2930 1934 τῆς
2963 1863 3170 1933 ἀψύχου
3205 1861 3479 1932 διαφέρων
3509 1859 3681 1913 οὐδέν.
3716 1857 3982 1926 Δεόμενος

725 1973 926 2035 allecti,
960 1980 1014 2025 et
1037 1973 1308 2025 dicentem
1343 1987 1356 2022 :
1388 1969 1583 2039 Surge,
1625 1969 1763 2022 nihil
1803 1969 1910 2022 erit
1935 1968 2032 2020 tibi
2067 1969 2302 2036 amplius

727 2067 872 2120 mali.
905 2065 1076 2121 Simul
1113 2075 1292 2117 autem
1334 2072 1500 2132 atque
1538 2063 1643 2117 hoc
1686 2063 1853 2126 dixit,
1901 2062 2066 2116 simul
2116 2061 2302 2130 dispa-

726 2159 860 2219 ruit,
907 2166 1190 2225 spectante
1245 2155 1603 2219 Theodorilo,
1644 2166 1700 2208 et
1750 2171 1860 2224 prae
1908 2163 2134 2223 stupore
2164 2155 2302 2208 nihil

727 2247 1005 2314 loquente.
1064 2244 1358 2313 Postquam
1426 2258 1554 2297 vero
1605 2258 1832 2314 magnus
1889 2244 1979 2296 ille
2037 2245 2300 2312 Sampson

730 2337 919 2405 procul
947 2335 1047 2388 fuit
1076 2337 1144 2388 ab
1176 2336 1369 2394 OCUllS,
1404 2334 1470 2388 ad
1504 2349 1562 2388 se
1621 2335 1760 2388 redit
1812 2333 2203 2395 'flieodoritus,
2249 2344 2305 2386 et

730 2443 869 2481 noro
903 2429 1067 2479 veluti
1107 2427 1303 2495 spiritu
1348 2426 1647 2485 animatur.
1690 2425 1907 2492 sibique
1959 2423 2300 2487 restituitur;

729 2519 844 2574 oris
877 2533 1095 2588 quoque
1135 2527 1190 2570 et
1233 2517 1431 2587 linguas
1478 2531 1634 2570 usum
1674 2516 1969 2584 recipiens,
2005 2517 2125 2570 laeta
2172 2531 2303 2569 voce

729 2609 1068 2682 gloriﬁcabat
1102 2609 1272 2662 Deum
1313 2607 1851 2676 subsusurrabatque
1888 2623 1902 2660 :
1940 2608 2175 2662 Sanctus
2203 2607 2303 2662 iste

731 2710 812 2754 est
851 2699 1153 2768 Sampson;
1212 2709 1267 2752 et
1313 2700 1498 2753 statim
1538 2698 1846 2751 ministrum
1885 2709 1970 2752 est
2011 2699 2302 2760 allocutus,

733 2789 920 2843 dicens
955 2801 970 2840 :
1005 2787 1202 2858 Surge.
1225 2786 1388 2840 Basili
1413 2786 1505 2854 (ita
1538 2786 1683 2840 enim
1713 2785 1760 2840 is
1789 2785 2206 2855 vocabatur),et
2236 2786 2303 2839 da

735 2880 867 2933 mihi
898 2887 1127 2942 vestem,
1158 2887 1218 2931 ut
1247 2893 1332 2930 me
1363 2879 1587 2930 induam
1619 2895 1632 2930 :
1661 2885 1716 2931 et
1746 2877 1912 2931 simul
1951 2877 2145 2946 pedem
2182 2877 2306 2930 teti-

731 2971 825 3042 git.
860 2970 997 3024 Eum
1035 2977 1216 3022 autem
1255 2969 1449 3021 videns
1491 2968 1706 3032 sanum,
1753 2969 1911 3023 alteri
1944 2984 2165 3023 manum
2210 2971 2305 3024 ad-

735 3063 923 3124 movit,
956 3060 1062 3130 qui
1079 3069 1197 3115 erat
1221 3060 1422 3114 illaesus
1461 3060 1727 3115 abinitio.
1764 3059 1860 3115 Rei
1885 3063 2028 3116 enim
2069 3062 2307 3117 admira-

732 3151 914 3205 bilitas
940 3164 1064 3203 eum
1099 3147 1364 3201 reddebat
1419 3163 1596 3217 prope
1625 3158 1820 3203 emotae
1855 3150 2077 3214 mentis,
2113 3161 2305 3204 eterat

736 3251 992 3311 tanquam
1023 3240 1106 3294 sui
1131 3239 1358 3305 oblitus,
1384 3250 1440 3294 et
1468 3239 1822 3304 dubitaus,et
1851 3241 2125 3296 haesitanti
2151 3243 2303 3298 simi-

734 3333 820 3388 lis.
853 3333 1093 3387 Nimium
1135 3331 1282 3386 enim
1333 3331 1593 3399 gaudium
1636 3340 1691 3386 et
1719 3333 1921 3386 bonum
1969 3331 2307 3404 inexspecta-

735 3430 853 3484 tum
879 3441 942 3479 ac
966 3435 1164 3494 praeter
1198 3423 1519 3492 opinionem
1554 3424 1835 3489 eveniens,
1883 3434 2120 3480 mentem
2167 3428 2306 3481 solet

735 3520 1037 3575 dimovere.
1076 3517 1179 3574 Ubi
1217 3526 1400 3573 autem
1437 3519 1706 3585 comperit
1741 3520 1931 3574 ambos
1969 3536 2088 3574 esse
2121 3535 2306 3582 sanos,

735 3610 904 3664 alacri
935 3609 1116 3663 statim
1139 3608 1322 3661 animo
1349 3617 1403 3660 et
1438 3606 1670 3676 pedibus
1703 3608 1876 3662 tendit
1900 3610 1965 3664 ad
1992 3612 2305 3679 sepulcrum

735 3719 873 3788 ejus,
909 3718 1001 3786 qui
1032 3716 1233 3770 misero
1265 3714 1609 3768 curationem
1648 3716 2011 3784 impcrtierat,
2047 3729 2102 3773 et
2138 3719 2304 3775 bene-

735 3810 919 3863 licium
948 3809 998 3862 ei
1033 3808 1201 3862 refert
1221 3817 1534 3875 acceptum,
1581 3809 1897 3877 gratiasque
1946 3811 2034 3878 pie
2070 3815 2199 3881 agit,
2245 3823 2304 3867 ut

734 3901 873 3954 solet
894 3908 1080 3970 gratus
1109 3907 1166 3952 et
1201 3913 1411 3952 memor
1433 3898 1670 3952 animus.

2407 1963 2589 2031 μέντοι
2637 1959 2729 2012 καὶ
2772 1954 2991 2010 σιωπῶν
3046 1955 3139 2007 τοῦ
3193 1953 3397 2020 Ἀγίου,
3435 1952 3534 2020 δρᾷ
3581 1949 3772 2001 τι-ὖτον
3832 1948 3982 2017 παρὰ

2403 2057 2524 2116 τοὺς
2549 2051 2831 2124 πρόποδας
2855 2047 3125 2118 ἑστηκότα
3147 2045 3243 2116 τῆς
3269 2043 3477 2111 κλίνης,
3505 2041 3597 2095 τοῦ
3629 2039 3980 2111 ἀστραγάλου

2404 2149 2494 2201 τὸν
2535 2147 2895 2214 ἐπαφώμενον
2944 2141 3036 2196 τοῦ
3065 2137 3393 2193 πεπονθότος
3443 2135 3623 2196 ποδὸς,
3657 2134 3754 2186 καὶ
3792 2133 3984 2197 Ἐγει-

2408 2260 2517 2310 pzt,
2547 2243 2827 2311 εἰρηκότα,
2855 2238 3022 2289 κακὸν
3056 2234 3165 2305 γάρ
3197 2233 3312 2285 ἐστί
3355 2248 3437 2286 σοι
3485 2230 3543 2282 τὸ
3577 2228 3844 2298 παράπαν
3896 2226 3983 2276 ού-

2406 2337 2493 2387 δέν
2514 2350 2526 2361 ·
2557 2337 2670 2400 ἅμα
2702 2350 2757 2384 τε
2790 2331 2894 2397 ἔφη
2923 2328 3100 2391 τοῦτο,
3154 2327 3248 2378 καί
3289 2325 3405 2393 ἅμα
3455 2322 3624 2393 ἐξῄει,
3671 2319 3983 2391 βλεπόντων

2407 2426 2498 2478 τοῦ
2538 2424 2872 2492 Θεοδωρίτου
2909 2419 3018 2471 τῶν
3049 2417 3365 2485 ὀφθαλμῶν,
3397 2417 3490 2466 τοῦ
3535 2414 3807 2481 στόματος
3851 2411 3982 2480 μηδὲ

2407 2518 2741 2590 φθέγγεσθαι
2772 2514 3097 2582 δυναμένου.
3144 2509 3361 2576 Ἐπειδὴ
3390 2507 3481 2559 καὶ
3516 2508 3542 2558 ὁ
3573 2505 3767 2570 Μέγας
3795 2507 3986 2573 πέρρω

2405 2614 2513 2666 τῶν
2547 2607 2845 2679 ὀφθαλμῶν
2869 2602 2956 2678 ἦν,
2991 2604 3236 2657 ἐπάνεισι
3278 2600 3381 2669 μὲν
3415 2600 3494 2661 είς
3539 2596 3733 2650 ἑαυτὸν
3783 2596 3812 2646 ὸ
3855 2596 3985 2644 Uto-

2406 2705 2653 2774 δώριτος,
2700 2702 2792 2753 καὶ
2843 2699 3006 2751 οἱονεὶ
3048 2693 3339 2765 ψυχοῦται,
3385 2692 3480 2743 καὶ
3505 2688 3810 2757 κινουμένῳ
3846 2701 3986 2754 παρ-

2406 2799 2589 2869 όμοιος
2643 2795 2941 2857 δείκνυται,
2975 2789 3159 2860 φωνὴν
3206 2787 3263 2842 δέ
3313 2782 3410 2837 καὶ
3455 2781 3515 2833 τὸ
3563 2776 3740 2847 στόμα
3794 2777 3985 2844 ὥσπερ

2408 2892 2672 2962 πρότερον
2726 2883 2861 2958 εἶχε,
2913 2883 3151 2947 δοξάζων
3200 2896 3260 2931 τε
3323 2871 3392 2946 ἦν
3452 2872 3544 2925 τὸν
3607 2870 3782 2962 Gell,
3833 2871 3985 2962 ξωνῇ

2409 2957 2785 3052 φαιδροτέρῳ,
2811 2976 2886 3041 ὡς
2923 2975 2982 3028 δέ
3025 2972 3117 3026 καὶ
3158 2964 3657 3037 ὑποφθεγγόμενος,
3715 2958 3778 3012 '0
3831 2957 3984 3024 ἅγιός

2404 3077 2522 3132 ἐστι
2560 3070 2822 3142 Σαμψών.
2857 3066 2966 3120 Kal.
3008 3064 3205 3118 αὐτίκα
3243 3058 3426 3133 [πρὸς]
3469 3057 3561 3109 τὸν
3603 3053 3987 3125 ὑπηρετούμε-

2409 3184 2520 3232 νον,
2557 3162 2811 3224 Ἀνάστα,
2855 3158 2981 3230 ἔφη,
3020 3155 3266 3211 Βασίλειε
3314 3152 3476 3225 (οὕτω
3531 3154 3642 3219 γὰρ
3687 3143 3983 3208 ἐκαλεῖτο),

2409 3255 2504 3309 καὶ
2536 3257 2596 3307 τδ
2628 3250 2840 3320 ἱμάτιόν
2875 3265 2964 3318 μοι
3003 3247 3090 3310 δὺς
3133 3242 3554 3297 ἐπενδύσασθαι.
3596 3238 3706 3291 Καὶ
3740 3235 3858 3305 ἅμα
3890 3232 3984 3284 τοῦ

2406 3348 2564 3410 ποδὸς
2604 3346 2828 3415 ἥπτετο,
2875 3341 2972 3393 καὶ
3016 3338 3146 3405 ὑγιᾶ
3196 3335 3388 3388 τοῦτον
3428 3332 3590 3401 ὁρῶν,
3642 3327 3860 3397 θατέρῳ
3889 3324 3989 3393 τὴν

2407 3444 2564 3511 χεῖρα
2599 3435 2838 3506 προσῆγε
2877 3431 2958 3501 τῷ
3008 3430 3065 3495 ἐξ
3115 3427 3287 3498 ἀρχῆς
3334 3423 3577 3478 ἁπαθεῖ’
3621 3419 3835 3473 ἐδείκνυ
3877 3419 3985 3511 γὰρ

2411 3510 2574 3586 αὑτὸν
2630 3525 2827 3600 μικροῦ
2885 3524 2982 3578 καὶ
3035 3521 3276 3591 Εκφρονα
3321 3519 3354 3589 ή
3403 3512 3833 3589 παραδοξοποιία
3891 3510 3984 3562 τοῦ

2413 3627 2760 3697 πράγματος,
2815 3619 2910 3672 καὶ
2969 3615 3161 3684 ὥσπερ
3213 3611 3575 3680 ἐκλαθόμενος
3632 3604 3852 3670 ἑαυτοῦ,
3894 3602 3989 3656 καὶ

2413 3695 2736 3786 ἁμςιγνοῶν
2763 3711 3017 3773 διέκειτο,
3044 3707 3139 3760 καὶ
3167 3704 3526 3773 ἀπορουμένῳ
3557 3702 3740 3751 ἐοίκει.
3780 3695 3990 3756 mmo;

2409 3828 2469 3864 τε
2510 3810 2566 3861 δέ
2613 3807 2708 3858 καὶ
2755 3804 2789 3872 ἡ
2827 3799 3157 3870 περιχάρεια
3205 3795 3298 3848 καὶ
3351 3793 3412 3843 τὸ
3456 3791 3717 3858 ἀδόκητον
3759 3788 3984 3851 ἀγαθὸν.

2410 3902 2551 3958 οἶδεν
2591 3897 2809 3967 ἐξιστᾷν
2845 3893 2906 3946 οὑ
2944 3889 3208 3962 μετρίως.
3252 3886 3336 3947 Ὠς
3377 3879 3469 3937 οὖν
3516 3881 3609 3934 καὶ
3635 3878 3984 3950 ἀμφοτέρους

735 3995 1010 4066 ὲρῤὦσθαι
1035 3993 1258 4061 διέγνω»
1293 3993 1487 4045 αὐτίκα
1515 3993 1793 4064 πρόθυμος
1822 3995 2122 4066 προθύμοις
2154 4002 2302 4067 ποσὶ,
2340 4003 2475 4073 πρὸς
2542 3996 2633 4049 τὸν
2665 3991 2760 4045 τοῦ
2795 3985 3233 4059 θεραπεύσαντος
3264 3981 3455 4050 τάφον,
3486 3976 3737 4046 ὁμολογεῖ
3796 3991 3857 4026 τε
3888 3975 3986 4043 τὴν

736 4084 918 4157 χάριν,
948 4087 1038 4137 καὶ
1066 4085 1164 4154 τὴν
1198 4085 1570 4154 εὐχαριστίαν,
1596 4083 1786 4156 ὥσπερ
1823 4082 1964 4139 οἶδεν
2007 4088 2307 4161 εὐγνώμων
2336 4090 2508 4162 ψυχὴ,
2541 4082 2804 4152 θεοφιλῶς
2839 4077 3155 4131 ἀποδίδωσι.

805 4174 944 4229 XIV.
988 4175 1128 4229 Huic
1167 4189 1292 4227 vero
1341 4174 1679 4228 Theodorito
1712 4179 1934 4243 accidit,
1977 4190 2036 4232 ut
2077 4181 2310 4238 Sanctus

737 4269 827 4322 ille
853 4267 906 4319 in
928 4266 1035 4318 alio
1075 4281 1294 4334 quoque
1326 4265 1612 4330 miraculo,
1641 4267 1785 4335 quod
1835 4269 1980 4325 circa
2021 4270 2307 4328 dominum

732 4359 856 4428 ejus
887 4358 1088 4411 factum
1119 4366 1204 4410 est
1232 4357 1508 4424 (quisnam
1530 4368 1733 4413 .autem
1773 4363 1819 4414 is
1851 4361 1943 4428 sit,
1969 4363 2080 4434 jam
2121 4374 2308 4421 osten-

737 4466 858 4503 sum
889 4449 992 4519 est)
1037 4449 1348 4502 inserviret.
1381 4447 1488 4501 Sed
1520 4451 1797 4516 quomodo
1829 4452 1882 4504 id
1910 4455 2136 4510 accidit?
2165 4457 2301 4510 Cum

2493 4179 2592 4236 lA'.
2633 4176 2723 4249 Τῷ
2748 4159 3071 4242 Θεοδώρίτῳ
3102 4167 3168 4240 δὴ
3195 4165 3366 4236 τούτῳ
3398 4161 3491 4216 καί
3517 4161 3689 4232 ἑτέρῳ
3725 4159 3984 4228 θαύματι,

2416 4277 2444 4330 ὃ
2475 4274 2604 4344 περὶ
2630 4272 2722 4324 τὸν
2759 4265 2958 4322 ἐαυτοῦ
2989 4263 3313 4333 πέπρακται
3355 4257 3540 4327 κύριον
3574 4255 3754 4322 (δῆλος
3779 4253 3836 4344 δέ
3865 4252 3999 4323 ήδη,

2414 4368 2500 4430 τίς
2530 4343 2686 4426 οὗτός
2735 4357 2910 4427 ἐστιν)
2946 4355 3226 4420 ἐξεγένετο
3273 4345 3641 4418 ὑπουργῆσαι,
3687 4343 3802 4397 ἀλλ’
3843 4345 3988 4402 ὅπως

2417 4458 2525 4526 ἄρα
2564 4455 2658 4506 καὶ
2702 4448 3002 4514 ἐξεγένετο.
3039 4442 3147 4496 Τοῦ
3181 4435 3552 4526 Δρουγγαρίου
3594 4434 3845 4493 Λέοντος,
3896 4430 3989 4483 τοῦ

738 4538 1079 4608 Drungarius
1109 4538 1199 4591 hic
1239 4536 1349 4591 Leo
1375 4537 1672 4607 aliquando
1725 4541 2006 4611 equitaret
2031 4583 2044 4608 ,
2093 4545 2300 4608 evenit,

2413 4546 2468 4600 δέ
2523 4540 2901 4613 ἰππαζομένου
2936 4537 3092 4598 ποτέ,
3135 4531 3428 4604 συμϐαίνει
3479 4527 3572 4580 τὸν
3616 4528 3786 4580 ἵππον
3831 4526 3992 4597 τοίχῳ

735 4641 797 4688 ut
823 4647 996 4701 equus
1024 4631 1172 4685 illius
1209 4631 1397 4700 pedem
1450 4648 1607 4686 muro
1645 4635 1898 4702 allidens,
1938 4655 2063 4692 eum
2118 4640 2309 4692 feriret

734 4725 995 4794 graviter.
1048 4724 1183 4776 Male
1229 4730 1411 4776 autem
1458 4739 1516 4778 se
1572 4725 1811 4780 habebat
1843 4744 1960 4795 pes,
2010 4745 2119 4782 non
2155 4731 2309 4784 brevi

736 4817 920 4884 aliquo
955 4824 1218 4882 tempore,
1244 4814 1338 4867 sed
1369 4815 1553 4873 multis
1579 4816 1799 4878 diebus.
1827 4819 2034 4875 Deinde
2065 4836 2187 4876 cum
2232 4821 2313 4874 sic

737 4906 967 4960 allectus
1007 4907 1390 4960 ostenderetur
1423 4909 1674 4970 medicis,
1711 4926 1808 4966 eos
1849 4913 1916 4965 ad
1946 4914 2313 4966 necessariam

739 5001 1039 5054 seetionem
1070 5011 1125 5053 et
1147 5001 1512 5069 cltirurgicam
1541 5004 1918 5072 operationem
1949 5006 2310 5076 propellebat.

740 5090 917 5158 Atque
974 5101 1093 5143 erat
1160 5089 1386 5160 quidem
1438 5090 1556 5144 dies
1606 5106 1875 5160 quartus,
1923 5112 2032 5165 quo
2086 5095 2315 5149 medicis

743 5184 917 5237 visum
963 5181 1142 5236 fuerat
1167 5183 1244 5236 sic
1272 5183 1469 5238 facere.
1514 5183 1578 5238 Et
1632 5181 1890 5241 Nicolaus
1936 5191 2076 5256 (erat
2128 5200 2313 5243 autem

743 5275 789 5324 is
813 5290 1031 5342 quoque
1064 5288 1209 5327 unus
1236 5288 1300 5327 ex
1344 5274 1410 5327 iis
1437 5276 1529 5344 qui
1564 5277 1875 5332 serviebant
1904 5280 2224 5346 Drungario.
2263 5287 2319 5332 et

744 5365 860 5432 ejus
908 5365 1130 5418 domum
1176 5364 1561 5435 complebant)
1628 5376 1896 5423 statuerat
1952 5371 2068 5438 ipse
2117 5369 2317 5424 afferre

747 5454 1070 5509 sectionem.
1117 5456 1213 5508 llla
1261 5470 1396 5510 vero
1449 5467 1607 5511 nocte
1657 5472 1919 5526 apparent
1982 5461 2320 5516 'l‘heodorito

749 5545 850 5596 viri
885 5554 996 5598 tres
1066 5546 1292 5599 domum
1339 5547 1633 5617 Drungarii
1680 5550 2069 5618 ingredientes,
2129 5551 2319 5605 habitu

752 5647 807 5691 et
835 5640 1035 5692 amictu
1062 5639 1313 5692 Romani.
1348 5637 1558 5704 Quibus
1601 5641 1775 5696 factus
1805 5643 2047 5705 obviam,
2071 5643 2318 5709 Quonam

746 5731 874 5786 itis?
916 5734 1144 5802 rogavit.
1181 5731 1262 5786 Illi
1310 5741 1494 5786 autem
1528 5749 1661 5788 voce
1698 5745 1752 5787 et
1789 5747 2015 5807 aspectu
2063 5738 2274 5806 placido
2305 5753 2320 5790 :

749 5826 828 5877 Ad
891 5827 1174 5884 dominum
1236 5839 1390 5884 tuum
1447 5830 1782 5885 accedimus.
1833 5831 1913 5886 Ad
1977 5831 2090 5886 haec
2139 5839 2320 5885 autem

2416 4636 2879 4711 προσαρράξαντα
2911 4632 3001 4685 τὸν
3045 4629 3256 4682 ἐκείνου
3292 4624 3428 4676 πόδα
3474 4621 3675 4691 πλῆξαι
3715 4621 3988 4691 χαλεπῶς.

2413 4710 2542 4800 Εἶχε
2567 4723 2858 4794 τοιγαροῦν
2896 4721 3149 4790 πονηρῶς
3178 4721 3206 4770 ὁ
3233 4718 3454 4781 ποῦς,οὑ
3485 4718 3617 4785 παρ’
3648 4715 3852 4778 ὀλίγον,
3879 4710 3992 4763 ἀλλ’

2415 4825 2471 4874 ἐν
2527 4821 2759 4888 ἡμέραις
2815 4815 3062 4886 συχναῖς.
3111 4807 3245 4865 Εὶτα
3278 4810 3371 4863 καὶ
3425 4809 3536 4871 τοῖς
3575 4805 3780 4876 ἰατροῖς
3821 4802 3992 4863 οὕτως

2416 4914 2551 4982 ἔχων
2582 4908 3048 4976 ἐπιδεικνύμενος,
3079 4905 3212 4974 πρὸς
3241 4903 3414 4972 τομὴν
3444 4899 3638 4960 αὐτοὺς
3679 4895 3992 4963 ἀναγκαίως

2419 5003 2720 5075 παρεκάλει
2763 5001 2858 5051 καὶ
2901 4997 3276 5067 χειρουργίαν.
3335 4991 3401 5043 Ἠ
3437 4992 3535 5058 μὲν
3566 4987 3658 5040 οὖν
3689 4988 3880 5056 ἡμέρα
3914 5002 3997 5036 τε·

2417 5093 2572 5163 τρας,
2592 5094 2680 5143 ὅτε
2707 5090 2848 5142 ούτω
2871 5088 3117 5139 δέδοκται
3149 5085 3260 5145 τοῖς
3291 5084 3490 5152 ἰατροῖς
3512 5080 3644 5150 δρᾴν
3667 5094 3678 5106 ·
3712 5088 3808 5129 και
3840 5080 3867 5128 ὁ
3895 5077 3993 5127 Νι·

2421 5185 2612 5244 κολαος
2651 5177 2753 5251 (εἷς
2787 5180 2840 5232 δὲ
2869 5180 2962 5233 καὶ
2989 5177 3154 5240 αὐτὸς
3191 5174 3390 5229 τούτων
3413 5169 3501 5243 ἦν,
3535 5172 3609 5239 τῷ
3637 5167 3996 5241 Δρουγγαρίῳ

2419 5295 2476 5329 τε
2515 5274 2955 5343 ύπηρετούμενος
2992 5271 3090 5321 καὶ
3112 5269 3203 5321 τὸν
3233 5265 3399 5321 αὑτοῦ
3434 5261 3584 5316 οἷκον
3614 5263 3993 5332 συμπληροῦν.)

2420 5366 2644 5436 ὡρίζετο
2675 5362 2993 5430 ἐπενεγκεῖν
3029 5361 3193 5421 αὐτὸς
3233 5359 3330 5428 τὴν
3368 5357 3564 5425 τομήν.
3610 5357 3766 5408 Κατὰ
3797 5355 3853 5405 δὲ
3900 5354 3996 5422 τὴν

2422 5460 2590 5512 νύκτα
2622 5458 2856 5525 ἐκείνην,
2890 5455 3273 5519 ἐπιφαίνονται
3315 5449 3392 5520 τῷ
3444 5446 3758 5515 Θεοδωρίτῳ
3807 5445 3997 5518 ἄνδρες

2420 5554 2590 5621 τρεῖς,
2617 5549 2706 5599 τὸν
2727 5544 2875 5600 οἰκον
2897 5547 3158 5607 εἰσιόντες
3182 5540 3273 5594 τοῦ
3303 5544 3697 5611 Δρουγγαρου,
3726 5536 3789 5590 τὸ
3813 5537 3999 5606 σχῆμα

2433 5642 2695 5710 Ῥωμαῖοι
2748 5637 2843 5691 καὶ
2885 5637 2980 5708 τὴν
3017 5635 3337 5708 περιϐολήν.
3374 5626 3467 5695 Οἷς
3496 5632 3851 5701 ὑπαντήσας,
3888 5628 3995 5681 Ποῦ

2422 5735 2476 5788 δὲ
2516 5738 2550 5806 ἡ
2593 5735 2808 5804 amem;
2859 5734 3044 5804 ἤρετο.
3082 5735 3190 5786 Καὶ
3238 5731 3392 5784 αὐτοὶ
3424 5728 3625 5802 πραείᾳ
3667 5728 3787 5797 ἅμα
3824 5725 3998 5795 φωνῇ,

2427 5829 2585 5900 πράῳ
2637 5829 2692 5881 δὲ
2741 5826 2836 5879 καὶ
2893 5825 2968 5896 τῷ
3016 5823 3316 5894 βλέμματι,
3364 5822 3504 5892 Πρὸς
3552 5821 3642 5872 τὸν
3683 5820 3878 5888 κύριόν
3909 5834 4000 5869 σον
