4180 6462
216 428 319 495 301

1482 435 1655 495 VITA
1697 435 1757 497 S.
1792 432 1877 493 SA
1890 434 2240 496 MPSONIS.

3362 441 3469 503 302

220 541 377 611 Θεδν,
410 546 507 598 καὶ
540 546 641 617 ἤδη
675 548 911 619 φανεροῦ
933 548 1223 617 γενομένου
1250 548 1344 619 τὴν
1382 549 1665 617 ἀγιότητα,
1697 548 1791 603 ἔδει

1904 560 2024 619 post
2061 560 2291 604 mortem
2334 565 2464 607 vero
2499 550 2616 621 ejus
2642 559 2696 605 et
2739 551 3140 608 ‘manil’estatam
3173 555 3477 611 sanctimo-

217 635 444 699 πάντως
488 639 660 710 αὐτὴν
685 642 777 693 καὶ
807 642 973 710 τιμῆς
1005 639 1312 707 ἀξιοῦσθαι,
1354 644 1448 695 καὶ
1482 644 1556 706 ὡς
1587 644 1794 695 ἐκείνου

215 728 401 779 οἰκίαν
437 727 748 796 λογίζεσθαι
776 748 789 761 ’
815 731 843 784 ὃ
885 732 948 800 δὴ
979 735 1069 785 καὶ
1098 733 1319 800 γέγονεν
1345 734 1583 797 εὐσεϐῶς
1619 751 1675 785 τε
1706 734 1796 785 καὶ

216 818 487 885 φιλοθὲως
510 824 619 885 ἐίς
650 824 756 892 γὰρ
778 805 905 876 ναὸν
932 824 1353 894 μεταϐέϐληται.
1386 829 1479 878 καὶ
1515 826 1792 893 ἁγιστείας

214 909 468 973 ἀξιοῦται
502 914 603 981 τῆς
626 914 1037 985 προσηκούσης.

283 1088 399 1142 1Η’.
446 1091 588 1143 Ἀλλ’
615 1093 736 1147 οὐδὲ
767 1095 828 1148 τὸ
854 1096 989 1165 πρὸς
1018 1097 1107 1148 τὸν
1139 1096 1472 1165 Εὐστράτιον
1499 1096 1703 1164 θαῦμα,
1736 1096 1793 1157 ὃς

209 1178 305 1230 τοῦ
345 1183 658 1250 καταλόγου
700 1185 800 1253 μὲν
840 1186 948 1237 τῶν
979 1184 1409 1258 προσπαθαρίων
1452 1187 1565 1239 ἐστὶ
1599 1187 1699 1258 (ἔτι
1737 1189 1794 1240 δὲ

208 1268 325 1332 ζῶν
355 1272 453 1323 καὶ
489 1273 697 1342 περιὼν
720 1275 1037 1342 δείκνυται),
1067 1278 1264 1348 μικρὸν
1295 1272 1404 1332 οἷον
1430 1280 1525 1331 καὶ
1547 1280 1606 1331 τὸ
1637 1280 1796 1350 τυχὸν

207 1358 304 1409 καὶ
363 1358 494 1411 οὐδὲ
559 1363 783 1431 μνήμης
832 1364 1003 1428 ἄξιον.
1052 1366 1245 1434 Ἥλγει
1284 1368 1383 1436 μὲν
1431 1371 1540 1439 γὰρ
1591 1371 1795 1432 ἐκεῖνος

206 1448 524 1519 ὀφθαλμῶν
563 1453 626 1524 δὴ
666 1457 758 1508 καὶ
790 1456 1000 1526 ἕτερον,
1039 1459 1133 1511 καὶ
1166 1459 1287 1512 λίαν
1336 1462 1611 1533 σφοδρῶς’
1645 1463 1795 1531 φίλος

212 1542 268 1592 δὲ
296 1537 370 1610 ἦν
416 1543 573 1614 αὐτῷ
626 1547 719 1599 καὶ
756 1549 995 1619 συνήθης
1034 1552 1063 1603 6
1101 1555 1595 1625 πρωτοσπαοάριος
1623 1557 1791 1619 Λέων,

207 1631 267 1685 δν
333 1637 435 1687 καὶ
505 1638 895 1708 ὑπηρετεῖσθαι
940 1644 1017 1713 τῷ
1082 1645 1434 1716 δρουγγαρίῳ
1494 1648 1793 1716 φθάσαντες

209 1724 594 1796 ἐδηλώσαμεν,
630 1732 689 1795 ὃς
734 1736 829 1787 καὶ
876 1736 974 1804 τὴν
1024 1737 1116 1791 τοῦ
1172 1738 1402 1804 ξενῶνος
1462 1741 1795 1811 προστασίαν

210 1818 691 1890 ἐπιτετραμμένος
713 1820 779 1894 ἦν
801 1826 858 1892 ἐξ
886 1829 1115 1894 ἐκείνου,
1138 1831 1354 1894 ἐδῦναις
1378 1833 1517 1885 οὕτω
1534 1832 1797 1903 βαλλόμε-

1905 642 2070 705 niam,
2113 642 2347 699 debebat
2391 643 2541 698 omni
2587 648 2937 703 veneratione
2984 648 3241 702 honorari
3280 664 3344 704 ac
3381 667 3479 705 ve-

1906 729 2001 785 luti
2031 731 2201 801 ipsius
2240 732 2435 788 domus
2480 737 2742 803 reputari.
2791 736 2947 803 Quod
2997 738 3221 806 quidem
3272 740 3474 797 factum

1904 831 1985 875 est
2018 823 2102 892 pie
2136 833 2188 878 ct
2222 825 2473 894 religiose
2512 846 2524 878 :
2567 838 2770 882 mutata
2801 829 2948 884 enim
2977 839 3063 886 est
3097 833 3148 886 in
3187 835 3471 905 templum.

1904 922 1959 965 ει
2010 926 2259 969 εςεερυιε
2331 926 2411 970 εει
2471 934 2626 983 eam,
2683 936 2847 990 quam
2908 938 3007 991 par
3057 934 3175 989 est,
3245 943 3475 982 venera-

1906 1004 2128 1060 tionem.

1975 1096 2156 1153 XVIII.
2208 1100 2310 1157 Sed
2364 1118 2538 1173 neque
2588 1104 2731 1174 quod
2791 1107 2843 1160 in
2887 1108 3222 1166 Eustratium
3268 1113 3472 1172 factum

1904 1198 1988 1241 est
2049 1190 2392 1257 miraculum,
2469 1194 2561 1264 qui
2625 1204 2709 1251 est
2765 1196 2817 1251 in
2899 1204 3473 1271 protospathariorum

1904 1281 2127 1350 quidem
2161 1284 2366 1341 relatus
2397 1303 2686 1344 numerum
2719 1291 2839 1361 (est
2870 1303 3050 1350 autem
3092 1296 3274 1352 adhuc
3312 1301 3473 1354 virus

1903 1382 1957 1427 et
1987 1380 2282 1446 superstes)
2323 1394 2551 1448 parvum
2602 1394 2685 1438 est
2716 1394 2772 1439 et
2816 1388 3056 1455 vulgare,
3104 1399 3159 1445 et
3190 1391 3472 1463 indignum

1904 1477 2357 1524 commemoratu.
2385 1471 2517 1525 Nam
2551 1474 2602 1527 ei
2632 1476 2857 1545 quidem
2891 1480 3047 1534 valde
3076 1481 3301 1539 dolebat
3333 1486 3475 1542 alter

1902 1570 1968 1610 ex
1998 1559 2195 1615 oculis.
2228 1561 2365 1616 Cum
2391 1563 2441 1618 ei
2476 1574 2653 1620 autem
2674 1576 2817 1622 esset
2847 1571 3073 1634 amicus,
3102 1582 3159 1629 et
3188 1575 3476 1635 familiaris

1902 1645 2013 1702 Leo
2065 1654 2565 1722 protospatbarius,
2620 1674 2781 1728 quem
2832 1661 2986 1729 prius
3033 1663 3271 1721 dirimus
3309 1670 3474 1725 mini-

1903 1745 2105 1793 strasse
2138 1740 2465 1813 Drungario,
2514 1747 2602 1800 cui
2648 1750 2813 1804 etiam
2873 1753 3054 1809 fuerat
3077 1756 3146 1811 ab
3193 1758 3287 1813 illo
3326 1776 3476 1816 com-

1904 1829 2067 1885 missa
2099 1847 2229 1887 cura
2259 1835 2606 1903 xenodocbii,
2636 1847 2692 1893 et
2722 1840 2950 1897 vidisset
2982 1861 3108 1901 eum
3145 1849 3283 1905 allici
3324 1864 3475 1912 tanto

212 1924 301 1960 νον
330 1914 453 1972 ταῖς
483 1914 547 1964 ἐκ
573 1912 666 1964 τοῦ
697 1908 978 1985 ὀφθαλμοῦ
1006 1919 1209 1971 ἐπιδών
1228 1935 1241 1948 ⁸
1268 1921 1329 1973 Εἰ
1366 1924 1635 1989 ποιήσεις,
1664 1924 1790 1993 ἔψη,

1898 1921 2087 1977 dolore
2125 1926 2269 1980 oeuli
2311 1945 2323 1981 :
2360 1928 2414 1983 Si
2456 1928 2677 1995 feceris,
2708 1930 2909 2004 inquit,
2940 1952 2974 1992 ο
2996 1940 3169 1995 amice
3203 1944 3470 2008 Eustrati.

212 1998 335 2067 φίλε
371 2002 700 2071 Εὐστράτιε,
731 2004 865 2074 ὅπερ
892 2006 999 2073 ἐγώ
1025 2024 1107 2061 σοι
1135 2008 1447 2077 ὑπόθωμαι,
1479 2010 1628 2063 οὐδὲν
1655 2011 1795 2077 ἔξεις

208 2091 272 2143 τὸ
303 2093 541 2155 κωλῦον,
573 2094 712 2164 ἔχων
742 2095 835 2149 τὸν
875 2098 1152 2170 ὀφθαλμὸν
1200 2101 1357 2169 ὑγιᾶ.
1416 2101 1706 2173 Ἐρομένου
1741 2104 1797 2157 δὲ

209 2178 303 2231 τοῦ
337 2180 683 2249 Εὑστρατίου
708 2199 722 2214 ·
753 2183 818 2238 Τί
876 2204 1005 2241 ποτε
1033 2189 1183 2243 ἐστιν
1216 2190 1246 2243 6
1288 2192 1535 2264 ποιήσω;
1588 2192 1796 2247 Ἐλαίου

208 2271 385 2325 δεῖται
415 2275 445 2326 6
481 2273 672 2342 ξενὼν,
708 2278 834 2350 ἔφη,
889 2282 982 2336 καὶ
1030 2285 1079 2336 εἰ
1126 2286 1388 2355 παρέξεις
1433 2288 1495 2339 τὸ
1532 2288 1668 2359 πρὸς
1699 2288 1797 2360 τὴν

210 2363 428 2429 χρεὲαν,
473 2368 901 2438 ἀναμφιλέκτως
936 2374 1219 2443 ὑγιανεῖς³
1269 2377 1441 2447 ὅμως,
1491 2380 1541 2432 εί
1595 2380 1795 2450 βούλει,

210 2454 305 2506 καὶ
344 2458 670 2529 ἐγγράφους
715 2480 794 2516 σοι
826 2464 1016 2518 τούτου
1047 2466 1269 2534 παρέξω
1300 2469 1397 2530 τὰς
1432 2469 1661 2533 πίστεις.
1692 2470 1797 2524 Οὖο

206 2563 317 2612 τως
345 2548 478 2619 ἔφη,
516 2552 611 2602 καὶ
642 2554 690 2603 οἱ
728 2551 875 2619 λόγοι
910 2556 970 2607 οὐ
1000 2556 1165 2625 μέχρι
1198 2557 1293 2610 καὶ
1320 2557 1492 2626 λόγων
1537 2560 1792 2631 ἔστησαν,

206 2639 327 2690 ἀλλ’
375 2641 483 2709 ήδη
536 2644 630 2693 καὶ
671 2646 750 2706 εἰς
775 2642 936 2714 ἔργον
970 2647 1276 2712 ἐξέϐαινον·
1313 2652 1688 2723 ὲπιθαρσήσας
1729 2656 1797 2725 τῇ

207 2730 303 2783 τοῦ
333 2732 602 2800 Μεγάλου
637 2735 884 2807 δυιάμει,
912 2742 1005 2794 καὶ
1040 2738 1120 2805 οἷς
1154 2744 1300 2814 ἐώρα
1342 2744 1433 2795 ὑπ’
1467 2745 1632 2798 αὑτοῦ
1664 2746 1798 2800 θαυ-

210 2830 727 2896 ματουργουμὲνοις
758 2831 786 2881 ὁ
817 2831 969 2886 Λέων
1011 2836 1192 2888 πιστοῖ
1228 2835 1318 2887 τὸν
1351 2834 1684 2906 Εὐστράτιον
1709 2839 1797 2891 διὰ

210 2918 463 2985 γραφῆς,
516 2918 693 2982 οὕτως
727 2922 978 2991 ἐχούσης
1026 2926 1167 2992 Ἐγὼ
1200 2926 1350 2979 Λέων
1402 2926 1676 2992 πεποιθὼς
1703 2930 1795 2981 ἐπὶ

207 3012 271 3077 τῇ
304 3008 403 3061 τοῦ
446 3010 637 3074 Ἀγίου
672 3011 922 3082 δυνάμει,
951 3018 1042 3067 καὶ
1072 3014 1103 3089 ᾗ
1133 3018 1266 3087 πρὸς
1295 3020 1456 3072 αὐτὸν
1489 3021 1795 3091 ὲμὸεϐαἴω·

208 3116 308 3167 μαι
338 3099 554 3163 πίστει,
587 3101 873 3173 ἐγγυῶμαι
908 3122 989 3158 σοι
1020 3106 1097 3178 τῷ
1130 3106 1470 3180 Εὑστρατίῳ,
1502 3114 1794 3182 παρέχοντι

206 3192 314 3261 γάρ
339 3208 424 3245 σοι
455 3194 521 3246 τό
551 3211 615 3262 γε
641 3196 776 3267 πρὸς
798 3199 897 3269 τὴν
925 3201 1114 3269 χρείαν
1138 3202 1232 3254 τοῦ
1260 3203 1408 3254 οἴκου
1436 3202 1633 3266 ἔλαιον,
1658 3222 1795 3275 παρ·
1820 3247 1863 3305 C

207 3280 309 3305 ιε-.
358 3301 435 3305 --ξ
505 3286 596 3305 __,\
670 3289 682 3305 ι
746 3289 827 3305 ιιι
1017 3293 1030 3305 ι
1120 3293 1132 3305 ι
1211 3292 1247 3305 ,χ
1319 3291 1339 3301 α
1380 3292 1420 3305 με
1637 3296 1647 3305 .
1736 3294 1748 3305 ι

202 3280 315 3347 ἕξει
352 3301 441 3337 σοι
503 3286 603 3338 καὶ
660 3289 687 3339 6
744 3289 938 3356 Μέγας
982 3293 1075 3343 τὸν
1115 3293 1179 3345 ἐκ
1208 3291 1344 3344 Θεοῦ
1377 3292 1525 3346 ἔλεον
1564 3296 1658 3346 καὶ
1700 3294 1793 3347 τὸν

198 3376 493 3446 ὀφθαλμὸν
520 3378 779 3447 ἀλγήσεις
802 3381 1007 3436 οὐκέτι.
1049 3383 1109 3436 '0
1144 3385 1244 3454 μὲν
1262 3383 1355 3438 οὖν
1380 3386 1568 3454 ⁸Ἄγιος
1595 3387 1792 3457 ἔφθανε

198 3472 269 3522 τὰ
302 3470 438 3539 παρ’
468 3469 694 3535 ἑαυτοῦ,
728 3474 900 3527 ποιῶν
929 3474 1028 3546 τὴν
1050 3478 1263 3531 ἐκείνου
1289 3479 1456 3543 δόσιν,
1487 3480 1577 3532 καὶ
1609 3481 1792 3551 ἀπαθῆ

176 3564 299 3613 καὶ
357 3561 675 3630 ἀνάλγητον
709 3560 821 3633 εἶχε
873 3564 962 3618 τὸν
1021 3567 1304 3637 ὀφθαλμὸν
1355 3572 1382 3621 ὁ
1434 3571 1790 3641 Εὑστράτιος.

210 3652 459 3714 Ἐκεῖνος
504 3652 586 3715 δὲ,
614 3656 749 3708 κατά
782 3655 842 3708 τδ
870 3655 1154 3728 ᾀδόμενον,
1185 3662 1283 3732 ἂμ]
1314 3662 1531 3733 ὴλὲητο,
1564 3664 1657 3717 καὶ
1702 3666 1793 3718 τέ-

196 3742 404 3813 θνηκεν
454 3746 487 3815 ἡ
535 3746 698 3817 χάρις
721 3762 734 3777 ο
763 3747 1088 3819 ὠλιγώρησε
1144 3755 1254 3822 γὰρ
1286 3749 1360 3807 ὦν
1398 3756 1784 3825 ἐπηγγείλατο,

199 3838 343 3905 μετὰ
367 3838 430 3889 τὸ
460 3840 649 3905 τυχεῖν
677 3833 751 3890 ὦν
776 3840 1025 3894 ἐϐούλετο
1063 3840 1185 3898 λίαν
1207 3845 1441 3909 ἀναξίως
1468 3847 1561 3899 καὶ
1593 3847 1792 3915 σφαλε-

198 3929 335 3996 ρῶς,
384 3929 629 3997 χορηγός
673 3946 733 3983 τε
787 3931 968 3986 ἐλαίου
1008 3934 1105 3988 τοῦ
1138 3936 1276 4008 πρὸς
1315 3936 1406 3989 τὸν
1460 3938 1602 4005 ἱερὸν
1644 3934 1792 3991 οἷκον

191 4021 321 4074 οὐδὲ
350 4020 589 4091 βραχέος
627 4019 719 4092 ἦν.
762 4025 902 4078 Ἀλλ’
933 4028 960 4079 6
998 4028 1193 4096 Μέγας
1224 4028 1417 4092 νυκτὸς
1446 4030 1637 4098 ἐκείνῳ
1666 4032 1789 4083 επιε-

192 4114 391 4180 ςανεὶς
429 4114 535 4183 (δεῖ
572 4114 630 4167 δὲ
661 4117 965 4185 χρήσασθαι
993 4121 1109 4179 τοῖς
1147 4120 1319 4174 αὑτοῦ
1353 4112 1575 4192 λόγοις),
1613 4122 1787 4191 Ἐμοὶ,

190 4206 692 4276 ἔφη,ἒμπαίζεις;
740 4207 935 4277 Φρενοί
974 4209 1069 4261 τὸν
1123 4210 1463 4280 Εὑστράτιον
1512 4214 1545 4281 ή
1582 4212 1789 4283 ἀληθὴς

188 4299 337 4367 αὕτη
390 4298 539 4365 ὄψις,
586 4300 682 4350 καὶ
722 4298 873 4362 δέους
902 4300 1069 4354 αὑτὸν
1107 4301 1488 4372 ἐμπίπλησιν⁸
1534 4304 1649 4373 ἅμα
1678 4304 1787 4375 γὰρ

191 4392 343 4458 φωτὶ
384 4393 445 4443 τὸ
486 4390 670 4443 ἔλαιον
704 4391 850 4444 ἆπαν
878 4393 1015 4463 πρὸς
1070 4394 1161 4447 τὸν
1200 4394 1411 4448 Λέοντα
1445 4395 1787 4465 ἐπιπέμψας.

198 4479 474 4533 ’Λπέτισά
497 4497 607 4541 σοι,
634 4482 820 4551 φησὶν,
846 4483 945 4552 ἥδη
979 4484 1043 4535 τὸ
1066 4487 1226 4552 χρέος
1248 4501 1263 4515 ·
1298 4486 1461 4549 αὐτὸς
1484 4485 1539 4538 δέ
1575 4503 1665 4556 μοι
1696 4488 1785 4551 ἐξ·

1900 2014 1953 2067 id
1994 2018 2137 2084 quod
2166 2034 2267 2089 ego
2297 2022 2393 2076 tibi
2435 2040 2781 2094 suggessero,
2837 2031 2973 2088 nihil
3022 2035 3271 2103 habebis,
3325 2044 3473 2112 quod

1900 2104 2223 2173 prohibeat,
2285 2113 2431 2181 quod
2481 2116 2665 2172 minus
2708 2134 2903 2174 sanum
2967 2123 3173 2181 habeas
3230 2134 3472 2190 oculum.

1898 2194 2035 2251 Cum
2077 2213 2208 2255 vero
2248 2215 2493 2275 rogasset
2532 2207 2866 2276 Eustratius,
2917 2213 3148 2272 dicens:
3199 2220 3473 2287 Quidnam

1899 2300 2002 2354 est,
2052 2294 2199 2364 quod
2250 2310 2370 2352 sum
2414 2297 2700 2357 facturus?
2744 2302 2897 2369 Oleo,
2939 2307 3163 2379 inquit,
3196 2327 3336 2382 opus
3387 2326 3475 2371 est

1900 2383 2245 2442 xenodochio
2282 2401 2297 2440 :
2333 2389 2480 2458 quod
2516 2390 2562 2445 si
2605 2392 2925 2461 praebueris,
2955 2404 3306 2457 convalesces
3337 2404 3476 2459 citra

1903 2473 2065 2528 ullam
2094 2475 2537 2535 dubitationem:
2573 2492 2649 2548 et,
2684 2484 2728 2539 si
2765 2485 2838 2541 ita
2874 2488 3031 2551 velis,
3077 2489 3129 2544 id
3177 2508 3279 2563 ego
3320 2510 3475 2549 man-

1898 2566 2042 2620 dabo
2070 2569 2306 2635 litteris;
2337 2573 2482 2641 quod
2514 2574 2610 2629 tibi
2647 2575 2929 2643 polliceor.
2966 2579 3056 2635 Sic
3085 2582 3181 2648 ait,
3223 2596 3278 2639 et
3310 2590 3474 2643 verba

1899 2673 2008 2712 non
2040 2657 2093 2711 in
2118 2660 2251 2715 solis
2277 2663 2460 2716 verbis
2487 2666 2867 2731 constiterunt,
2902 2670 2998 2724 sed
3037 2674 3203 2726 etiam
3251 2692 3477 2745 proces-

1899 2762 2090 2807 serunt
2136 2754 2202 2808 ad
2259 2768 2421 2825 opus.
2478 2756 2657 2828 Magni
2697 2759 2845 2814 enim
2896 2759 3216 2835 Sampsonis
3268 2770 3476 2825 virtute

1900 2842 2097 2912 frctus,
2146 2855 2202 2901 et
2252 2847 2341 2911 iis,
2402 2864 2523 2917 qua:
2570 2849 2638 2903 ab
2696 2866 2763 2906 eo
2814 2852 2952 2909 vidit
2977 2854 3117 2923 ﬁeri,
3170 2860 3475 2936 miraculis,

1899 2933 2179 2991 Eustratio
2204 2939 2366 2994 Iidem
2413 2939 2543 2994 facit
2589 2957 2687 3011 per
2720 2944 3070 3015 scripturam,
3109 2966 3232 3020 qum
3260 2956 3343 3011 sic
3376 2933 3475 3013 ba;

1899 3023 2104 3080 bebat:
2146 3026 2259 3097 Ego
2292 3028 2401 3083 Leo
2444 3030 2618 3085 fretus
2658 3034 2863 3088 virtute
2907 3041 3085 3092 sancti
3123 3043 3468 3116 Sampsonis,

1899 3126 1954 3172 et
1989 3117 2112 3182 ﬁde,
2154 3134 2261 3190 qua
2292 3135 2411 3175 sum
2445 3121 2498 3175 in
2535 3136 2660 3177 eum
2690 3124 3067 3197 conﬁrmatus,
3115 3137 3362 3203 spondeo
3406 3156 3471 3196 ac

1900 3207 2200 3279 tidejubeo
2242 3211 2337 3266 tibi
2387 3210 2687 3279 Eustratio,
2737 3219 2883 3287 quod
2938 3221 3205 3288 praebenti
3256 3228 3355 3283 tibi
3400 3233 3469 3286 ad

1898 3311 2057 3351 usum
2105 3300 2222 3368 ejus
2264 3300 2459 3355 domus
2505 3304 2711 3370 oleum,
2762 3308 3027 3377 praebebit
3077 3330 3299 3386 quoque
3361 3337 3474 3373 ma.

1897 3403 2035 3457 gnus
2080 3388 2345 3460 Sampson
2401 3408 2430 3447 a
2476 3393 2589 3449 Deo
2640 3399 3098 3468 misericordiam,
3152 3423 3333 3478 neque
3370 3414 3466 3468 tibi

1896 3477 2130 3546 amplius
2182 3479 2393 3537 dolebit
2440 3483 2656 3540 oculus.
2706 3485 2884 3559 Atque
2944 3489 3182 3549 Sanctus
3238 3477 3465 3568 quidem

1896 3569 2162 3635 praevenit
2196 3571 2342 3626 illius
2384 3572 2759 3641 donationem,
2807 3578 3145 3650 illaesumque
3191 3594 3247 3638 et
3289 3589 3470 3644 omnis

1895 3657 2102 3713 doloris
2151 3670 2431 3730 expertem
2482 3666 2702 3720 oculum
2755 3667 2949 3724 habuit
2993 3671 3327 3731 Eustratius.
3372 3678 3467 3733 Ille

1894 3760 2076 3804 autem
2108 3751 2270 3807 simul
2327 3754 2408 3823 (ut
2452 3756 2615 3826 vulgo
2651 3759 2875 3828 dicitur)
2923 3774 2979 3818 et
3029 3766 3466 3824 misericordiam

1894 3849 1977 3893 est
2010 3851 2317 3908 assecutus,
2368 3853 2423 3898 et
2470 3847 2732 3902 memoria
2782 3849 2905 3919 ejus
2956 3851 3029 3905 illi
3080 3864 3296 3909 mortua
3352 3868 3461 3915 est.

1893 3928 2234 4000 Contempsit
2275 3934 2423 3986 enim
2467 3951 2589 4005 quae
2628 3949 2748 3994 erat
2798 3942 3102 4011 pollicitus,
3150 3958 3460 4024 postquam,

1893 4038 2015 4092 qua:
2044 4024 2235 4088 voluit,
2276 4034 2358 4080 est
2408 4039 2755 4095 consecutus,
2802 4034 3026 4107 indigne
3064 4041 3359 4096 admodum
3410 4059 3464 4101 et

1893 4117 2237 4186 periculose;
2268 4128 2324 4174 et
2353 4132 2558 4178 saneta
2602 4124 2789 4182 domui
2838 4143 2911 4185 ne
2960 4132 3192 4188 nimium
3236 4135 3462 4205 quidem

1891 4210 2128 4278 praebuit
2162 4213 2365 4266 oleum.
2404 4214 2510 4268 Sed
2547 4231 2671 4271 cum
2705 4219 2932 4290 Magnus
2959 4224 3037 4277 illi
3074 4238 3239 4281 noctu
3289 4246 3456 4298 appa-

1892 4299 2094 4356 ruisset
2142 4302 2385 4373 (oporret
2426 4316 2609 4362 autem
2653 4311 2731 4364 uti
2775 4313 2894 4381 ejus
2944 4316 3150 4385 verbis)
3185 4336 3202 4373 :
3236 4320 3339 4382 Me,
3372 4323 3458 4375 in-

1891 4393 2032 4463 quit,
2060 4394 2228 4450 habes
2261 4397 2544 4454 ludibrio?
2570 4400 2745 4456 EIIieit
2770 4419 2901 4460 vero
2932 4406 3044 4462 baxc
3092 4411 3255 4473 visio.
3304 4422 3362 4467 ut
3388 4414 3457 4467 ad

1892 4501 1949 4539 se
1980 4486 2166 4540 redeat
2194 4488 2524 4555 Eustratius,
2579 4494 2776 4547 timore
2821 4510 3127 4567 correptus.
3166 4503 3300 4557 Nam
3332 4521 3457 4559 cum

190 4577 342 4629 ιλέου
377 4576 473 4628 τὸν
510 4576 735 4642 ’Δγιονο
768 4577 885 4630 οὐδὲ
927 4578 1037 4648 γὰρ
1073 4577 1306 4644 δυνατὸς
1341 4578 1453 4649 ἐγὼ
1474 4579 1660 4651 φέρειν
1684 4581 1783 4645 τὰς

1897 4576 2133 4633 dilucqu
2166 4590 2340 4634 totum
2374 4582 2554 4637 oleum
2589 4586 2828 4641 misisset
2865 4590 2932 4643 ad
2981 4588 3218 4649 Leonem
3251 4616 3265 4651 :
3309 4598 3454 4668 Jam,

189 4668 323 4739 παρ’
358 4666 534 4721 αὐτοῦ
565 4666 818 4731 ἀπειλάς.

256 4938 364 4993 ΙΘ’.
404 4940 479 4991 '1‘6
523 4938 582 4990 δὲ
615 4938 744 5006 περὶ
780 4935 871 4991 τὸν
904 4938 1415 5009 πρωτοσπαθάριον
1455 4937 1661 5010 Βάρδιν
1688 4955 1783 5005 γε·

182 5036 342 5101 γονός
408 5030 616 5101 μικροῦ
650 5032 746 5083 καὶ
780 5030 1017 5093 πίστεώς
1060 5031 1180 5087 ἐστι
1222 5034 1495 5100 κρεῖττον,
1530 5032 1588 5095 ὃς
1615 5033 1776 5101 ἐτύγ-

178 5146 309 5195 χανε
363 5127 470 5197 μὲν
514 5120 738 5190 ἀδελφὸς
774 5122 850 5175 ὢν
914 5122 1187 5191 Ἰωάννου,
1228 5125 1407 5192 φημὶ,
1449 5124 1542 5177 τοῦ
1584 5142 1781 5195 πατρι-

179 5222 322 5285 κίου,
350 5219 451 5273 τοῦ
494 5220 562 5271 ἐκ
596 5216 922 5271 Μακεδόνων
954 5218 1017 5269 τὸ
1049 5215 1213 5281 γένος
1249 5215 1532 5278 ἕλκοντος·
1572 5218 1778 5287 σφόδρα

178 5318 233 5369 δὲ
276 5292 440 5374 οὗτος
490 5310 761 5380 Ῥωμανῷ
790 5308 1000 5379 βασιλεῖ
1036 5309 1114 5378 τῷ
1146 5310 1393 5365 ἐπιεικεῖ
1427 5325 1485 5360 τε
1518 5310 1611 5361 καὶ
1637 5326 1776 5381 χρη-

177 5411 286 5463 στῶ
316 5403 756 5477 προσῳκειοῦτο,
804 5404 861 5455 ὃν
896 5403 989 5455 καὶ
1038 5401 1189 5458 ἴσασι
1240 5402 1443 5463 πάντες
1478 5401 1591 5453 υἱὸν
1622 5404 1777 5455 Κων-

1889 4670 2087 4740 inquit,
2116 4675 2323 4728 exsolvi
2352 4674 2468 4729 'tibi
2506 4676 2749 4733 debitum
2784 4698 2797 4733 :
2831 4691 2885 4734 tu
2920 4695 3099 4738 autem
3147 4689 3295 4756 placa
3348 4698 3457 4748 mi-

1886 4763 1942 4816 hi
2022 4763 2303 4819 Sanctum.
2375 4766 2563 4837 Neque
2628 4771 2773 4823 enim
2838 4790 3060 4841 possum
3145 4780 3289 4837 ferre
3335 4790 3457 4857 ejus

1888 4857 2084 4908 minas.

1956 4946 2097 5002 XIX.
2146 4947 2301 5014 Quod
2355 4960 2536 5005 autem
2587 4955 2639 5007 in
2689 4952 3183 5025 protéspatbarium
3226 4965 3455 5026 Bardam

1885 5040 2089 5094 factum
2117 5049 2222 5100 est,
2262 5040 2421 5097 Iidem
2468 5060 2638 5113 prope
2677 5060 2918 5116 superat.
2974 5052 3104 5107 Erat
3158 5055 3245 5111 hic
3290 5060 3452 5114 frater

1885 5128 2112 5183 Joannis
2146 5131 2378 5198 patriici,
2413 5132 2505 5201 qui
2531 5133 2770 5188 ducebat
2806 5152 2979 5205 genus
3019 5154 3083 5194 ex
3114 5141 3453 5215 Macedonia,

1885 5228 1941 5273 et
1971 5234 2161 5288 magna
2183 5220 2232 5273 ei
2268 5221 2652 5276 intercesserat
2678 5224 3019 5283 familiaritas
3051 5247 3175 5286 cum
3207 5236 3453 5296 Romano

1889 5311 2237 5379 imperatore,
2290 5313 2525 5382 benigno
2576 5326 2632 5367 et
2689 5314 2986 5381 clemente,
3040 5336 3203 5389 quem
3270 5331 3453 5386 scium

1885 5418 2077 5457 omnes
2126 5403 2297 5459 fuisse
2351 5404 2523 5459 illium
2582 5406 2925 5463 Constantini
2988 5414 3153 5483 (I8):
3212 5420 3304 5487 qui
3366 5424 3452 5491 (ut

176 5503 467 5555 σταπίνου
497 5495 775 5566 γενέσθαι,
803 5494 916 5558 τοῦ,
944 5496 1013 5546 τὰ
1036 5494 1220 5548 πάντα
1256 5490 1543 5544 συνελόντα
1581 5494 1770 5557 εἰπὼν,

176 5572 646 5659 βασιλικωτάτου.
684 5584 867 5657 Τούτῳ
901 5583 1196 5652 τοιγαροῦν
1245 5580 1327 5650 τῷ
1376 5581 1558 5652 Βάρδα
1602 5584 1772 5650 πάθος

1882 5495 2067 5549 onmia
2097 5496 2268 5551 semel
2308 5495 2509 5563 dicam)
2540 5496 2648 5551 Iuit
2678 5500 2977 5568 imperator
3002 5508 3277 5574 egregius.
3311 5512 3448 5569 Huic

1879 5602 2012 5658 ergo
2046 5587 2234 5643 Bardae
2265 5589 2491 5646 morbus
2520 5591 2785 5649 incumbit
2814 5594 2865 5647 in
2904 5596 3065 5657 latas.
3107 5599 3260 5667 isque
3288 5602 3447 5674 longe

1958 5759 2069 5876 (ιθ)
2105 5795 2386 5880 Romanus
2420 5797 2736 5880 imperator,
2764 5800 3451 5880 Constantinil‘orphyro-

171 5796 451 5859 censibus,
496 5792 753 5861 quamvis
800 5802 1079 5847 structura
1132 5794 1285 5853 satis
1337 5802 1477 5848 esset
1530 5790 1775 5863 magniﬁ-
1885 5790 2080 5889 “(2:8)-
2105 5795 3108 5889 ESIIl-nII—llEjT-gebilfol',Ciottﬁlfmlin'i

626 5882 629 5883 ν
1884 5866 2081 5931 genitis
2110 5866 2276 5934 ﬁlius,
2306 5869 2551 5936 regnavit
2584 5871 2653 5921 ab
2680 5886 2821 5925 anno
2851 5873 2951 5927 960
2982 5877 3045 5928 ad
3079 5874 3165 5929 6|.

167 5879 304 5921 ωσι.
