4180 6518
186 455 286 522 305

1405 442 1579 507 νιΤΑ
1622 443 1684 505 S.
1728 440 2166 505 SAMPSONIS.

3309 423 3415 488 306

188 561 314 620 Εἶτα
371 563 466 616 καὶ
519 559 618 631 τὴν
661 559 910 614 σύνοικον
958 559 1123 629 ἡδέως
1161 560 1435 628 φωνήσας,
1461 561 1613 613 Δοκῶ
1639 577 1750 630 μοι,

1871 557 2031 614 ιηιίιιί
2068 572 2099 613 e
2150 555 2344 610 latere.
2400 552 2606 608 Deinde
2641 551 2925 620 coniugem
2976 546 3227 602 hilariter
3290 545 3426 598 allo-

186 656 341 722 εφην.
375 652 510 721 μηδέ
541 652 848 712 ὀδυνᾶσθαι,
874 651 1006 705 ἀλλὰ
1042 651 1105 703 σὺ
1133 651 1257 713 τους
1289 651 1665 720 ἐπικειμένους
1686 653 1751 723 τῇ

186 747 368 811 πληγῇ
427 743 665 811 δεσμοὺς
735 742 894 794 λῦσον
947 741 1148 809 ἠρέμα.
1213 742 1322 793 Καὶ
1384 742 1518 810 αὑτὴ
1584 741 1755 805 οὕτως

185 835 379 893 insist.
397 835 492 886 καὶ
512 835 667 904 ἀηδία
690 833 853 900 πολλὴ
881 831 1079 899 ταύτην
1108 826 1240 899 εἷχε,
1266 832 1346 884 κα“
1364 870 1380 895 ,
1405 831 1562 898 Οίμοι
1579 829 1754 902 [ἕφη],

185 927 260 990 τίς
293 921 453 988 οὗτος
482 931 508 980 ὁ
537 925 805 993 ἀμανίτης
837 928 865 976 ὁ
893 926 958 993 τῇ
990 927 1166 991 πληγῇ
1202 925 1544 995 ἐπικείμενος
1567 942 1580 988 ;
1606 925 1676 976 Τὸ
1701 922 1756 974 δὲ

185 1009 247 1083 ἦν
284 1014 708 1083 διασεσημμένη
746 1014 886 1083 σὰρξ
916 1014 1010 1066 καὶ
1042 1014 1346 1081 ἀπόϐλητος
1391 1020 1504 1077 τοῖς
1530 1015 1757 1083 ἀμφίοις

181 1105 652 1158 συνεκσπαθείσα.
685 1103 870 1165 Οὕτως
923 1105 1092 1166 ἰαθεὶς
1136 1100 1246 1170 ἑγὼ
1291 1105 1382 1156 καὶ
1440 1103 1757 1171 παραδόξως

180 1193 599 1264 ἀναρρωσθεὶς,
651 1196 752 1247 οὐκ
793 1194 872 1246 ἔτι
925 1192 1034 1257 οἷος
1079 1195 1193 1262 εἰμι
1231 1194 1466 1262 ἐμαυτὸν
1518 1193 1756 1264 ἐπέχειν,

179 1285 313 1338 ἀλλὰ
345 1289 415 1355 τῇ
448 1287 539 1339 τοὺ
574 1288 868 1354 ίασαμένου
905 1286 1228 1352 πειθόμενος
1259 1287 1469 1357 ἐντολῇ,
1501 1287 1634 1354 πρὸς
1666 1288 1757 1340 τὸν

178 1376 345 1430 αὑτοῦ
389 1379 590 1446 ἄπειμι
635 1381 822 1445 τάφον,
859 1382 968 1438 τοῖς
998 1379 1178 1442 ἄλλοις
1212 1380 1604 1448 συνεορτάσων.
1650 1378 1758 1433 Οὖ-

181 1483 283 1529 τως
321 1469 519 1530 εἰπὼν,
546 1469 685 1522 οὕτω
710 1470 770 1539 δὴ
802 1471 896 1522 καὶ
920 1473 1258 1540 παραχρῆμα
1287 1471 1478 1533 ἐποίει,
1510 1470 1600 1523 καὶ
1624 1470 1760 1540 πρὸς

181 1559 270 1611 τὸν
306 1560 509 1624 ’Λγιον
545 1561 756 1630 πλήρης
815 1562 1004 1632 ἡδονῆς
1055 1563 1149 1614 καὶ
1185 1564 1360 1634 χαρῇς
1410 1561 1596 1632 ἀπῄει,
1647 1564 1761 1624 τοῖς

184 1649 497 1704 συναντῶσι
533 1650 714 1717 μέντοι
759 1653 852 1703 καὶ
883 1652 1108 1706 ἄπιστόν
1143 1670 1196 1706 τι
1219 1652 1410 1724 χρῆμα
1436 1653 1632 1718 ἐδόκει,
1664 1652 1760 1706 καὶ

185 1739 274 1808 τὴν
316 1740 444 1808 θέμιν
488 1741 993 1814 ἀμφισϐητήσιμον.

251 2009 386 2062 KA'.
425 2011 780 2079 Συντετάχθω
824 2014 934 2073 τοῖς
979 2011 1312 2078 προλαϐοῦσι
1364 2014 1453 2064 καὶ
1497 2013 1628 2065 αὐτὸ
1667 2012 1759 2066 τοῦ

183 2100 462 2168 Γεωργίου
501 2102 562 2153 τὸ
601 2101 782 2170 θαῦμα
811 2119 822 2130 ·
858 2103 917 2154 οὐ
949 2103 1147 2169 φαῦλον
1173 2103 1299 2171 γὰρ,
1337 2104 1454 2155 οἱδὶ
1486 2104 1544 2155 τὸ
1577 2104 1757 2174 τυχὸν,

182 2193 464 2245 οὐδ’ῶστε
520 2196 613 2245 καὶ
663 2194 907 2262 παριδεῖν
964 2195 1129 2258 ἄξιον.
1184 2190 1352 2258 οὗτος
1395 2197 1610 2265 οἰκέτης
1664 2196 1762 2266 μὲν

179 2272 488 2351 ἒτυγχανεν
518 2285 594 2336 ὢν
653 2285 887 2353 μοναχοῦ
947 2303 1088 2346 τινος
1139 2288 1231 2340 καὶ
1267 2287 1482 2356 ἱερέως,
1525 2288 1763 2362 Ἐφραῖμ

183 2376 447 2446 τοῦνομα,
492 2376 573 2447 τῷ
619 2377 710 2430 τοῦ
763 2379 1007 2449 ὕδρωπος
1069 2381 1124 2432 at
1171 2383 1516 2451 περισχεθεὶς
1580 2382 1761 2449 πάθει,

182 2469 272 2520 καὶ
324 2469 403 2534 τῷ
443 2470 580 2540 ἱερῷ
613 2472 744 2540 οίκῳ
784 2471 876 2522 τοῦ
917 2472 1168 2536 Μεγάλου
1204 2471 1543 2532 ἀνακλιθείς·
1576 2473 1764 2526 ἔπειτα

183 2563 277 2630 τὴν
314 2565 546 2632 χρονίαν
595 2564 915 2616 κατάκλισιν
955 2563 1313 2630 δυσχεράνας,
1353 2564 1633 2618 ἀπολιπὼν
1673 2569 1763 2620 τὸν

181 2653 326 2720 ἱερὸν
382 2652 482 2704 τοῦ
525 2654 788 2705 δεσπίτου
840 2653 1079 2705 οἰκίσκον
1138 2655 1378 2708 ἄπεισιν.
1427 2654 1485 2708 '0
1524 2657 1621 2723 μὲν
1672 2653 1763 2712 οὖν

181 2743 454 2808 δεσπότης
484 2745 585 2794 οὐκ
613 2743 752 2795 ἀνίει
789 2745 1066 2814 παραινῶν
1092 2747 1235 2814 αὑτῴ
1262 2749 1353 2800 καὶ
1381 2748 1764 2818 ὑποτιθέμενος

181 2833 429 2885 ἀνελθεῖν
463 2829 623 2893 αὖθις
659 2836 751 2886 καὶ
779 2837 854 2904 τῷ
880 2835 972 2887 τοῦ
1012 2838 1192 2902 Ἀγίου
1234 2839 1368 2904 οἴκῳ
1399 2844 1727 2907 προσμεῖναι
1749 2861 1761 2873 ·

182 2926 304 2977 ἐπεὶ
337 2927 396 2979 δὲ
433 2926 511 2995 μὴ
545 2926 756 2982 ἔπειθεν
786 2929 1049 2994 (ἐφείδετο
1083 2929 1190 2998 γὰρ
1220 2930 1635 2998 αὐστηροτέρων
1671 2937 1765 3003 ρηο

183 3019 370 3085 μάτων
387 3019 476 3068 διὰ
504 3019 603 3086 τὴν
634 3019 725 3071 τοῦ
754 3020 955 3081 πάθους
972 3020 1273 3090 βαρύτητα)
1303 3039 1315 3052 ο
1344 3023 1460 3075 Κᾶν
1484 3024 1610 3092 γοῦν
1637 3025 1766 3078 εἵσω

180 3110 273 3160 τοῦ
310 3110 615 3177 εὐκτηρίου
667 3112 894 3174 εἴσελθε,
927 3113 1050 3180 ἔφη.
1099 3115 1265 3183 αὐτὴν
1304 3117 1403 3184 τὴν
1450 3117 1541 3168 τοῦ
1587 3117 1766 3184 Ἀγίου

1857 659 2048 704 cutus:
2087 647 2216 702 Mihi
2266 644 2477 708 videor,
2533 644 2776 711 inquam,
2823 639 2958 694 nihil
3001 637 3125 692 mali
3172 636 3423 697 sentire;

1859 739 1952 794 sed
2005 747 2060 793 tu
2114 738 2315 792 sensim
2362 737 2512 789 solve
2558 733 2774 788 vincula
2825 732 2991 800 plaga:
3041 726 3318 794 imposita.
3350 723 3429 781 Ea

1860 843 2038 885 autem
2075 830 2152 884 sic
2187 830 2331 887 fecit.
2370 843 2475 880 non
2514 826 2632 879 sine
2673 838 2886 891 magna.
2928 836 3032 890 qua
3066 817 3424 877 afﬁciebatur,

1863 923 2144 986 molestia;
2171 933 2244 985 et,
2279 920 2371 974 Hei
2401 917 2556 980 mihi,
2595 917 2731 970 dixit
2760 931 2771 966 :
2804 913 2937 979 Quis
2972 919 3056 966 est
3099 910 3190 963 hic
3217 908 3426 961 amitta-

1865 1024 1946 1071 tes
1976 1015 2109 1084 (21).
2168 1014 2264 1082 qui
2313 1013 2479 1082 plagae
2523 1021 2606 1065 est
2653 1006 2982 1076 impositus?
3030 1003 3086 1058 id
3133 1016 3264 1053 vero
3307 1010 3431 1053 erat

1863 1123 1988 1162 caro
2017 1108 2320 1179 putrefacta
2352 1114 2406 1159 et
2438 1109 2712 1171 separata,
2751 1115 2871 1168 quae
2909 1112 3012 1150 una
3055 1110 3177 1147 cum
3229 1092 3426 1162 pannis

1862 1201 2049 1255 evulsa
2076 1200 2270 1252 fuerat.
2317 1196 2408 1251 Sic
2436 1211 2536 1264 ego
2576 1203 2818 1252 sanatus,
2860 1200 2914 1242 et
2947 1198 3147 1257 prater
3178 1201 3325 1248 spem
3372 1191 3427 1234 et

1863 1293 2175 1362 opinionem
2220 1289 2465 1358 pristinae
2513 1286 2799 1341 restitutus
2839 1280 3160 1343 valetudini,
3197 1293 3302 1331 non
3345 1291 3430 1329 me

1864 1385 2015 1454 potui
2066 1383 2300 1452 amplius
2333 1381 2634 1439 continere,
2682 1379 2813 1447 quin
2864 1389 3108 1445 parerem
3155 1370 3428 1425 curatoris

1863 1470 1966 1530 mei
1993 1483 2282 1544 praecepto,
2309 1483 2361 1527 et
2393 1489 2479 1526 me
2508 1472 2812 1526 conferrem
2843 1469 2908 1522 atl
2939 1469 3059 1536 ejus
3093 1465 3426 1534 sepulcrum,

1862 1582 1985 1622 cum
2026 1567 2150 1620 aliis
2180 1566 2377 1619 festum
2423 1564 2820 1618 celebraturus.
2882 1560 3016 1613 Cum
3067 1561 3144 1611 sic
3177 1556 3425 1609 dixisset.

1864 1659 2044 1715 statim
2072 1672 2289 1727 quoque
2313 1657 2392 1711 sic
2424 1655 2574 1719 fecit,
2608 1665 2663 1708 et
2694 1653 2758 1707 ad
2783 1651 3042 1706 Sanctum
3069 1648 3203 1702 abiit
3233 1647 3428 1714 plenus

1866 1749 2064 1819 gaudio
2093 1757 2147 1802 et
2175 1747 2383 1803 laztitia.
2419 1745 2490 1800 iis
2518 1755 2722 1808 autem,
2762 1743 2854 1812 qui
2881 1741 2930 1794 ei
2965 1739 3166 1793 fiebant
3193 1736 3428 1794 obviam.

1868 1854 1956 1893 res
1982 1837 2270 1891 videbatur
2295 1835 2655 1895 incredibilis,
2697 1842 2752 1888 et
2795 1832 2876 1885 vel
2934 1830 3000 1884 de
3041 1830 3155 1884 suis
3206 1825 3430 1879 dubita-

1865 1929 1993 1983 bant
2023 1929 2216 1982 oculis.

1933 2018 2076 2073 XXI.
2125 2018 2504 2087 Conjungatur
2549 2015 2986 2085 praecedentibus
3039 2011 3253 2080 Georgii
3295 2025 3433 2077 quo-

1863 2126 1970 2180 que
2000 2109 2324 2164 miraculum
2362 2128 2375 2162 :
2410 2124 2518 2162 non
2552 2119 2636 2162 est
2665 2108 2808 2160 enim
2851 2107 2990 2166 leve,
3039 2118 3140 2156 nec
3189 2103 3430 2168 vulgare,

1863 2215 2044 2269 neque
2072 2199 2184 2254 ullo
2216 2198 2378 2252 modo
2405 2195 2888 2251 contemnendum.
2924 2193 2975 2248 Is
3013 2200 3133 2246 erat
3183 2191 3434 2243 minister

1867 2291 2118 2347 monachi
2161 2290 2443 2361 cujusdam
2474 2299 2530 2343 et
2557 2287 2884 2349 sacerdotis,
2906 2284 3125 2338 nomine
3150 2280 3429 2349 Epitraim.

1864 2383 2000 2439 Cum
2033 2390 2215 2435 autem
2265 2379 2509 2452 hydrope
2541 2378 2838 2440 laboraret,
2866 2384 2921 2431 et
2954 2376 3007 2428 in
3061 2388 3212 2428 sacra
3253 2369 3436 2439 magni

1867 2475 2184 2545 Sampsonis
2216 2472 2331 2528 aede
2360 2482 2502 2526 esset
2537 2469 2829 2540 repositus,
2866 2466 3050 2520 omnia
3089 2463 3309 2533 quidem
3345 2475 3436 2513 re-

1867 2568 2028 2637 pulit,
2061 2583 2183 2637 quae
2216 2567 2264 2621 ei
2298 2581 2327 2619 a
2365 2563 2594 2618 medicis
2653 2561 2808 2630 prius
2849 2566 3008 2613 erant
3049 2555 3114 2609 ad
3166 2552 3435 2608 medelam

1867 2659 2133 2720 adhibita,
2169 2666 2356 2726 utpote
2383 2672 2410 2708 a
2443 2654 2642 2724 quibus
2670 2651 2925 2706 omnibus
2957 2648 3092 2701 nihil
3133 2647 3255 2714 Opis
3305 2659 3433 2697 sen-

1868 2753 2046 2807 sisset.
2090 2749 2296 2804 Deinde
2323 2764 2446 2804 cum
2484 2760 2625 2816 aegre
2670 2743 2857 2802 ferret,
2903 2739 3051 2810 quod
3088 2735 3294 2792 tamdiu
3326 2735 3438 2789 illic

1869 2844 2242 2902 decumberet.
2270 2857 2420 2896 sacra
2465 2841 2554 2895 illa
2583 2839 2697 2893 aede
2728 2836 2938 2898 relicta,
2971 2833 3106 2888 abiit
3133 2833 3186 2886 in
3225 2829 3436 2884 domini

1868 2936 2275 2989 domunculam.
2316 2934 2433 2988 Non
2490 2933 2738 2986 cessabat
2787 2937 2970 2981 autem
3011 2926 3266 2978 dominus
3307 2935 3434 2975 eum

1869 3040 2092 3080 monere
2120 3034 2176 3078 et
2209 3023 2441 3086 hortari,
2507 3034 2564 3076 ut
2618 3030 3008 3079 reverteretur,
3044 3029 3100 3071 et
3149 3016 3202 3067 in
3250 3013 3435 3068 Sancti

1870 3120 2033 3174 domo
2077 3119 2257 3172 adhuc
2301 3127 2571 3173 maneret.
2623 3114 2759 3170 Cum
2797 3126 2924 3166 vero
2949 3126 3056 3165 nou
3084 3105 3439 3177 persuaderet

187 3202 592 3268 προσκυνήσων
624 3198 809 3252 εἰκόνα
880 3197 995 3252 εἶτα
1021 3203 1116 3254 τοῦ
1153 3204 1335 3257 ἐλαίου
1369 3205 1541 3256 λαϐὼν
1573 3223 1630 3256 τε
1673 3209 1766 3260 καὶ

1873 3215 1939 3280 (a
1994 3213 2178 3266 verbis
2233 3213 2381 3264 enim
2433 3207 2742 3262 abstinebat
2789 3201 3168 3273 asperioribus
3214 3205 3441 3267 propter

183 3288 558 3358 ἀλειψάμενος
599 3292 662 3358 τῇ
717 3289 871 3361 κοίτῃ
926 3294 988 3360 τῇ
1041 3295 1130 3360 σῇ,
1167 3294 1503 3364 ἀνακλίθητι.
1553 3296 1659 3348 Καὶ
1707 3295 1764 3358 ὃς

184 3381 354 3434 imis:
402 3383 469 3433 τὸ
524 3381 839 3441 κελευσθέν.
881 3383 1033 3437 Ἐπεὶ
1070 3385 1125 3438 δὲ
1168 3389 1261 3440 καὶ
1293 3388 1475 3455 ἡμέρα
1519 3383 1606 3458 ἦν,
1653 3387 1766 3441 ὲκε-

184 3473 369 3524 λευετο
435 3474 539 3540 μὲν
606 3477 751 3540 παρὰ
802 3476 895 3528 τοῦ
953 3478 1211 3532 δεσπότου
1259 3482 1350 3532 καὶ
1393 3480 1470 3532 ἔτι
1512 3483 1576 3534 τὰ
1608 3482 1768 3549 ὃμοια

184 3566 357 3614 ποιεῖν
386 3579 402 3594 ’
426 3566 456 3615 ὁ
489 3564 570 3624 δὲ,
603 3565 740 3618 Ἀλλ’
783 3567 911 3630 ἐγὼ,
954 3571 1139 3633 φησῑν,
1173 3571 1413 3640 Eppium,
1449 3571 1542 3623 καὶ
1577 3576 1641 3642 τῇ
1676 3573 1766 3626 τοῦ

191 3655 385 3722 Ἀγίου
419 3656 658 3722 δυνάμει
698 3657 944 3725 καθαρᾶς
979 3659 1267 3714 inﬂatam
1303 3662 1542 3728 ὑγιείας·
1569 3666 1770 3732 ταύτης

180 3752 293 3818 γὰρ
333 3750 436 3817 τῆς
481 3750 679 3812 νυκτὸς
729 3751 846 3803 κατ’
881 3752 1013 3820 ὄναρ
1046 3753 1334 3821 ἐπιφανείς
1370 3771 1457 3823 μοι
1502 3758 1527 3808 ὁ
1562 3756 1768 3822 Ἀγιος,

181 3843 281 3911 τῆς
326 3860 386 3895 τε
437 3842 652 3904 κοιλίας
688 3860 787 3911 μου
827 3842 1021 3915 ἥψατο,
1056 3848 1147 3898 καὶ
1191 3848 1382 3917 εἴρηκέ
1432 3864 1546 3916 μοι’
1581 3848 1772 3900 Ἀπιθι

180 3933 476 3998 ὑγιαίνων,
527 3934 682 3987 οὐδὲν
728 3936 835 4008 γὰρ
882 3937 960 3987 ἔτι
1015 3953 1097 3987 σοι
1147 3939 1257 3988 τῶν
1306 3940 1491 3990 κακῶν
1547 3941 1769 4008 ἐνοχλεῖ.

180 4026 307 4079 Οὐδ’
340 4026 504 4093 ἤρκει
540 4025 676 4092 πρὸς
716 4027 898 4078 πίστιν
927 4029 1065 4079 αὐτὰ
1098 4029 1172 4100 τῷ
1205 4031 1478 4101 δεσπότῃ·
1512 4032 1645 4086 ἀλλα
1681 4037 1773 4088 καὶ

179 4120 384 4186 πεῖραν
454 4116 726 4187 προσῆγε,
760 4121 854 4171 καὶ
899 4126 1317 4190 περιειργάζετο
1383 4128 1669 4195 πρόσωπὸν
1717 4146 1772 4181 τε

178 4212 426 4274 ἐκείνου,
458 4213 554 4263 καὶ
587 4211 813 4276 κοιλίαν,
859 4214 948 4266 καὶ
978 4216 1165 4277 πόδας,
1213 4219 1310 4269 καὶ
1341 4220 1407 4268 τὰ
1442 4219 1604 4273 λοιπὰ
1639 4221 1772 4291 μέλη

176 4319 236 4355 τε
273 4306 375 4355 καὶ
409 4304 579 4372 μέρη,
615 4306 708 4356 καὶ
745 4306 866 4357 ἐπεὶ
903 4307 1022 4360 οὐδὲ
1056 4306 1317 4378 λείψανον
1370 4327 1424 4362 τε
1470 4311 1619 4380 ἑώρα
1653 4314 1774 4365 οὐδὲ

173 4394 331 4463 ἴχνος
367 4395 466 4447 τοῦ
499 4395 707 4457 πάθους
746 4396 916 4460 οῦδὲν,
959 4399 1089 4470 δόξῃ
1128 4407 1190 4470 τῇ
1241 4405 1381 4472 προς
1409 4402 1538 4456 Θεὸν
1578 4405 1775 4474 ἐχρῆτο

177 4489 271 4538 καὶ
332 4487 665 4556 εὐχαριστίᾳ
721 4489 786 4556 τῇ
848 4489 980 4557 πρὸς
1029 4491 1124 4543 τον
1172 4494 1388 4560 ’Δγιο-ι,
1460 4492 1645 4563 ίατροῦ
1719 4513 1771 4546 τε

1869 3305 2043 3360 morbi
2087 3302 2478 3374 gravitatem):
2519 3298 2854 3361 Oratorium,
2887 3294 3086 3364 inquit,
3126 3289 3316 3345 saltem
3357 3286 3440 3339 in-

1868 3397 2117 3467 gredere,
2137 3396 2464 3448 adoraturus
2486 3393 2651 3460 ipsam
2686 3389 2869 3444 Sancti
2891 3386 3180 3454 imaginem
3210 3378 3442 3436 :deinde

1870 3504 1993 3545 cum
2027 3489 2206 3542 oleum
2241 3484 2540 3554 acceperis,
2579 3492 2635 3538 et
2671 3491 2722 3536 te
2763 3480 3011 3539 unxeris,
3046 3476 3100 3528 in
3157 3483 3250 3526 tuo
3297 3470 3442 3524 lecto

1872 3579 2148 3633 recumbe.
2212 3577 2306 3631 ille
2357 3584 2540 3628 autem
2600 3573 2756 3636 fecit,
2806 3568 2951 3638 quod
3002 3568 3192 3635 jussus
3241 3561 3441 3615 fuerat.

1871 3669 2163 3738 Postquam
2206 3682 2336 3721 vero
2377 3664 2619 3725 advenit,
2656 3660 2953 3732 jubebatur
2991 3657 3214 3726 quidem
3266 3669 3294 3705 ιι
3345 3651 3445 3705 do~

1873 3764 2020 3817 mino
2045 3760 2225 3814 adhuc
2254 3761 2433 3814 facere
2464 3757 2757 3822 similiter;
2792 3754 2883 3809 ille
2914 3761 3098 3807 autem
3133 3767 3146 3802 :
3181 3745 3288 3801 Sed
3320 3759 3442 3810 ego,

1875 3855 2071 3923 inquit,
2112 3854 2216 3923 jam
2262 3849 2533 3913 convalui,
2568 3858 2622 3902 et
2661 3847 2847 3900 Sancti
2897 3846 3101 3898 virtute
3151 3855 3272 3895 sum
3311 3839 3448 3891 inte-

1875 3963 2024 4019 gram
2058 3955 2344 4001 assecutus
2379 3944 2692 3998 sanitatem.
2741 3939 2863 3994 Haec
2913 3939 3058 3992 enim
3105 3943 3264 3987 nocte
3309 3930 3444 3984 mihi

1874 4053 2142 4114 apparens
2187 4038 2241 4091 in
2285 4035 2492 4089 somnis
2529 4033 2777 4095 Sanctus,
2811 4042 2996 4083 meum
3038 4033 3285 4078 ventrem
3315 4019 3444 4074 teti~

1876 4131 1973 4200 git,
2022 4112 2076 4182 et
2121 4128 2259 4182 dixit
2318 4124 2501 4180 mihi:
2552 4123 2696 4185 Abi,
2748 4135 2872 4175 cum
2929 4120 3002 4172 sis
3052 4130 3251 4180 sanus;
3310 4112 3444 4166 nihil

1877 4223 2020 4278 enim
2063 4221 2187 4274 mali
2220 4229 2271 4273 te
2305 4227 2460 4271 vexat
2499 4217 2755 4284 amplius.
2790 4211 2900 4264 iiac
2952 4221 3133 4262 autem
3176 4206 3240 4258 ad
3285 4204 3442 4259 (idem

1878 4314 2100 4369 domino
2146 4310 2448 4367 faciendam
2492 4323 2600 4362 non
2651 4305 3038 4360 suli'ecerunt:
3089 4299 3181 4354 sed
3218 4299 3448 4368 ipsemet

1877 4408 2183 4478 periculum
2233 4406 2413 4460 facere
2467 4403 2680 4463 voluit,
2725 4409 2781 4456 et
2836 4399 3125 4468 diligenter
3170 4403 3448 4448 scrutatus

1878 4499 2087 4552 vultum
2118 4499 2258 4566 ejus,
2284 4505 2338 4550 et
2369 4503 2638 4557 ventrem,
2672 4503 2725 4546 et
2749 4490 2934 4562 pedes,
2961 4500 3016 4543 et
3047 4489 3255 4556 reliqua
3282 4498 3450 4538 mem-

176 4576 366 4646 τυχὼν
401 4575 644 4644 ἁμίσθου
684 4579 776 4631 καὶ
800 4580 1086 4648 ἀψευδοῦς,
1130 4586 1223 4637 καὶ
1255 4585 1426 4650 ὑγιῶς
1458 4561 1642 4655 ἔχοντα
1687 4588 1766 4638 τὸν

1883 4589 1976 4644 bra
2001 4628 2014 4647 ,
2051 4602 2174 4641 eum
2215 4587 2390 4640 nullas
2426 4587 2599 4640 morbi
2639 4585 2920 4652 reliquias,
2955 4593 3048 4632 aut
3093 4579 3319 4646 vestigia
3365 4589 3448 4629 re—

175 4672 405 4741 οἰκέτην
447 4671 617 4737 δρῶν.

1889 4681 2111 4748 periret,
2173 4680 2339 4734 Deum
2392 4680 2654 4742 laudavit,
2717 4686 2771 4730 et
2825 4673 3023 4729 Sancto
3064 4674 3172 4743 egit
3225 4669 3446 4742 gratias,

175 4767 324 4836 quod
372 4765 430 4818 in
466 4764 588 4832 ipso
622 4765 893 4820 medicum
944 4775 1138 4822 nactus
1188 4767 1411 4830 luisset,
1485 4775 1578 4839 qui
1624 4771 1989 4824 certissimam
2055 4771 2260 4826 famulo
2291 4784 2389 4824 suo
2437 4770 2553 4824 sine
2615 4768 2864 4822 mercede
2930 4765 3259 4822 reddidisset
3300 4761 3446 4816 salu-

176 4871 310 4911 tem.

244 4951 381 5005 ΚΗ.
435 4951 600 5002 Ἀλλὰ
634 4951 726 5003 καὶ
767 4954 825 5005 τὸ
857 4954 957 5022 τῆς
996 4957 1238 5028 Εἰρήνης
1278 4959 1448 5022 πάθος
1477 4959 1678 5026 ὁμοίως
1712 4953 1779 5028 ἦν

174 5041 328 5111 ἕχονο
372 5039 567 5106 ὖδρωψ
599 5041 708 5110 γὰρ
739 5045 828 5095 καὶ
856 5045 987 5097 αὐτὸ
1022 5046 1201 5111 πάθος
1228 5049 1294 5101 τὸ
1318 5046 1719 5117 χαλεπώτατον,
1753 5047 1780 5100 δ

176 5137 270 5189 καὶ
313 5133 552 5196 ἀστείας
600 5133 664 5202 δὴ
721 5138 811 5187 καὶ
849 5136 1319 5212 θαυμασιωτέρας
1357 5139 1512 5210 ἔτυχε
1555 5142 1651 5209 τῆς
1701 5140 1780 5191 ἰὰ·

173 5243 337 5290 σεως.
374 5225 446 5278 Ἦ
488 5227 594 5296 μὲν
633 5222 724 5277 οὖν
762 5226 962 5298 Εἰρήνη
993 5231 1129 5308 γρνή
1169 5249 1253 5295 τις
1296 5225 1363 5302 ἦν
1403 5231 1520 5294 ἑνὸς
1566 5231 1670 5283 τῶν
1703 5230 1778 5300 τῷ

174 5320 308 5389 ίερῷ
357 5318 503 5385 οἴκῳ
559 5317 972 5384 διακονούντων,
1026 5315 1187 5389 ἐφ’ᾇι
1245 5325 1345 5377 καὶ
1400 5321 1776 5384 ἀνακλιθεῖσα,

172 5413 308 5479 πρὸς
340 5412 450 5479 μὲν
480 5407 596 5459 τῶν
631 5410 827 5477 ἰατρῶν
877 5411 1141 5482 ἀπείρητο
1176 5419 1285 5487 τὴν
1324 5413 1552 5481 ὑγίειαν.
1574 5416 1627 5467 Ὀ
1653 5415 1780 5484 μέν·

171 5519 249 5556 τοι
285 5505 490 5571 Ἀγιος
524 5501 722 5562 νυκτὸς
765 5504 986 5565 ἐπιστὰς
1032 5506 1171 5573 μετέ
1218 5525 1394 5562 τινων
1445 5513 1534 5558 καὶ
1581 5509 1781 5576 ἑτέρων

171 5595 282 5656 δύο,
320 5594 451 5663 μεθ’
483 5586 563 5645 ὧν
606 5593 703 5660 μὲν
747 5595 931 5648 είωοεν
953 5595 1025 5657 ὡς
1050 5597 1119 5648 τὰ
1152 5598 1338 5653 πολλὰ
1377 5598 1777 5666 ἐπιφαίνεσθαι,

172 5689 293 5750 τοὺς
335 5686 528 5746 θείους
561 5700 621 5736 τε
663 5683 1000 5756 ἀναργύρους
1037 5682 1179 5742 εἶναι
1218 5688 1454 5755 τούτους
1504 5690 1635 5760 φασὶ
1679 5691 1777 5743 Κο-

239 5866 351 5937 ζει)
390 5864 708 5929 Amanites,
739 5861 882 5935 iungi
915 5867 1147 5938 species,

1952 4955 2116 5013 XXil.
2153 4955 2359 5010 Similis
2380 4954 2483 5007 fuit
2521 4955 2690 5008 [rente
2721 4948 3004 5022 cujusdam
3046 4948 3293 5005 morbus,
3326 4961 3447 5014 quae

1883 5050 2048 5104 etiam
2088 5050 2202 5117 ipsa
2253 5047 2497 5117 hydrope
2528 5043 2828 5107 laborabat,
2867 5055 3041 5111 eoque
3083 5038 3443 5108 gravissimo;

1878 5159 1940 5198 ac
2006 5143 2127 5197 ideo
2180 5143 2349 5212 magis
2394 5141 2655 5196 solemnis
2713 5139 2990 5207 magisque
3047 5134 3291 5189 miranda
3343 5133 3448 5188 fuit

1875 5239 1992 5304 ejus
2019 5236 2248 5289 curatio.
2288 5235 2529 5288 Habebat
2564 5233 2654 5286 illa
2691 5231 2942 5284 maritum
2987 5245 3049 5282 cx
3100 5241 3289 5280 eorum
3340 5241 3446 5280 nu-

1882 5341 2053 5389 mero,
2105 5325 2199 5394 qui
2243 5325 2346 5380 aedi
2389 5338 2557 5379 sacrce
2612 5322 2937 5381 inserviunt,
2989 5320 3040 5372 in
3082 5333 3188 5388 qua
3240 5325 3294 5371 et
3330 5318 3443 5385 ipsa

1881 5417 2261 5478 decumbebat,
2307 5417 2668 5486 desesperans
2718 5415 2946 5468 salutem
2973 5430 3006 5468 ει
3038 5411 3265 5465 medicis
3302 5409 3446 5462 obti-

1881 5509 2134 5564 nendam.
2175 5509 2407 5564 Sanctus
2453 5518 2634 5564 autem
2667 5516 2829 5562 noctu
2861 5519 3131 5573 apparens
3171 5517 3293 5557 cum
3324 5501 3444 5554 aliis

1880 5599 2114 5665 duobus;
2146 5616 2268 5654 cum
2296 5601 2497 5670 quibus
2531 5610 2585 5652 ut
2616 5598 2906 5669 plurimum
2937 5595 3144 5651 solebat
3179 5605 3444 5662 apparere

1883 5691 1998 5765 (eos
2029 5709 2153 5750 vere
2183 5708 2302 5749 esse
2348 5693 2539 5748 dicunt
2587 5690 2803 5745 divinos
2852 5689 2993 5751 illos,
3044 5686 3135 5759 qui
3179 5684 3297 5741 sine
3335 5683 3442 5738 ulla
