4180 6490
730 450 826 508 307

2004 426 2279 485 MENSIS
2312 421 2607 483 JUNIUS.

3857 414 3961 477 308

730 555 1020 610 medentur
1067 551 1320 622 pecunia,
1351 548 1602 602 Cosmum
1647 555 1702 598 et
1755 541 2138 604 Daminanum)
2176 552 2297 592 eam
2330 539 2369 595 Α

2330 539 2369 595 Α
2402 537 2546 604 σμᾶν
2581 552 2674 586 και
2707 531 2996 602 Δαμιανδν,
3035 532 3198 600 ἤρετο
3229 529 3442 601 πρῶτον
3483 531 3654 598 αὐτὴν
3688 529 3716 582 ὁ
3753 531 3957 597 Ἀγιος,

734 651 966 718 primum
1002 643 1380 714 interrogavit,
1410 639 1670 710 quidnam
1716 636 1840 688 mali
1869 642 2165 702 pateretur.
2199 629 2295 683 llla

734 752 912 793 autem
942 736 1231 791 videbatur
1262 734 1438 804 ipsum
1473 730 1674 784 malum
1707 727 2030 788 ostendere;
2065 721 2298 776 Sanctus

735 848 864 887 vero
900 845 1070 885 unum
1096 846 1125 883 e
1161 828 1323 881 sociis
1356 825 1470 880 suis
1500 821 1727 891 alloqui,
1769 830 1824 874 et
1856 819 2035 870 dicere
2073 834 2084 868 :
2123 814 2297 883 Opor-

735 933 810 978 tet
837 923 957 993 ejus
978 920 1172 976 femori
1207 918 1470 972 adhibere
1503 914 1821 970 sectionem.
1862 911 1927 964 Et
1957 909 2045 962 ille
2075 906 2298 976 quidem

734 1015 813 1067 sic
846 1011 990 1066 fecit.
1028 1010 1221 1065 Mulier
1243 1017 1450 1069 autem,
1476 1015 1538 1058 ut
1568 1017 1688 1073 quae
1721 1000 1977 1055 dolorem
2007 995 2299 1067 quemdam

736 1114 1005 1167 senserat,
1034 1119 1066 1159 e
1092 1117 1288 1158 somno
1317 1112 1403 1155 est
1432 1099 1701 1160 excitata;
1752 1093 1887 1148 nihil
1922 1105 2053 1145 vero
2103 1102 2302 1158 cogno-

738 1199 816 1250 vit
850 1211 918 1249 ex
945 1196 1012 1249 iis
1033 1209 1154 1263 qum
1188 1208 1344 1261 passa
1377 1189 1571 1244 fuerat.
1609 1187 1745 1244 Cum
1779 1197 1962 1240 autem
1994 1181 2302 1243 diluxisset,

738 1287 804 1340 ad
838 1301 957 1340 eam
1010 1283 1276 1339 accedens
1318 1280 1542 1344 famula,
1590 1278 1890 1346 vidensque
1957 1288 2156 1343 aquam
2204 1271 2307 1325 sub

739 1382 882 1434 lecto
902 1376 1101 1444 fusam,
1131 1375 1416 1432 arbitrata.
1447 1380 1505 1425 ut
1538 1378 1658 1424 erat
1687 1367 1998 1430 verisimile.
2040 1379 2158 1420 eam
2188 1378 2307 1417 esse

741 1464 1373 1535 urinamzexprobravit
1409 1461 1530 1532 ipsi,
1575 1460 1722 1531 quod
1777 1459 2009 1528 turpiter
2054 1455 2310 1510 indecore

741 1578 799 1615 se
830 1569 1064 1630 gereret,
1115 1566 1170 1612 et
1209 1555 1352 1626 quod
1401 1570 1581 1624 neque
1617 1551 1968 1613 surrexisset,
2015 1562 2193 1618 neque
2225 1545 2309 1600 ul-

743 1654 847 1706 iam
877 1659 1127 1705 vocasset
1151 1664 1218 1701 ex
1257 1645 1490 1709 ancillis,
1535 1646 1630 1699 sed
1663 1642 2000 1712 inquinasset
2051 1649 2107 1694 et
2134 1645 2314 1691 vestes

743 1753 797 1798 et
837 1742 1101 1814 stragula.
1152 1742 1246 1796 llla
1293 1747 1474 1794 autem
1509 1736 1760 1807 negabat,
1797 1735 2007 1796 dicens,
2063 1746 2121 1785 se
2177 1727 2313 1782 nihil

745 1839 848 1891 tale
877 1837 1093 1891 fecisse.
1129 1832 1334 1888 Deinde
1363 1841 1572 1886 remota
1602 1828 1810 1892 tunica,
1860 1841 1984 1880 eum
2017 1825 2126 1878 visa
2168 1828 2314 1875 esset

746 1930 939 1991 sectio,
971 1939 1026 1984 et
1051 1927 1247 1980 humor
1279 1924 1528 1985 eﬂluens,
1566 1921 1819 1991 cognitus
1847 1917 1972 1971 inde
2003 1915 2106 1969 fuit
2138 1911 2315 1966 medi-

746 2037 845 2077 cus
877 2040 889 2073 :
919 2031 972 2075 et
1001 2021 1116 2089 ipsa
1151 2034 1282 2074 sana
1311 2015 1542 2078 exstitit,
1578 2021 1634 2067 et
1676 2011 1897 2066 domum
1942 2022 2066 2061 cum
2117 2002 2317 2074 gaudio

745 2123 832 2167 εει
865 2127 1104 2167 reversa.

821 2202 1010 2257 XXIII.
1063 2203 1239 2270 Atque
1302 2201 1418 2254 haec
1460 2196 1734 2253 suﬂleiunt
1773 2195 1838 2248 ad
1885 2188 2317 2263 cognoscendam

749 2298 976 2369 gratiam
1008 2311 1129 2365 qua:
1153 2308 1349 2364 magno
1383 2291 1668 2361 Sampsoni
1700 2289 1824 2343 data
1855 2287 1974 2340 fuit.
2006 2282 2145 2351 Quid
2172 2281 2318 2336 enim

753 2399 837 2462 (ut
871 2400 957 2446 est
985 2390 1040 2442 in
1081 2385 1365 2457 tragmdia)
1407 2398 1698 2439 numerare
1743 2389 1960 2450 oportet
2010 2380 2324 2432 innumera-

752 2483 882 2538 bilia
913 2479 1063 2549 (22)?
1087 2476 1301 2531 Etenim
1330 2474 1510 2546 qualia
1537 2476 1679 2528 facta
1712 2480 1862 2534 sunt,
1896 2481 2176 2538 nunquam
2204 2481 2324 2519 ces-

755 2582 880 2627 sant
913 2571 1056 2631 lieri,
1104 2566 1201 2623 sed
1241 2566 1527 2620 ﬂuminum
1582 2566 1753 2618 instar
1786 2577 1843 2615 se
1891 2560 2128 2621 habent;
2162 2569 2325 2623 atque

758 2665 884 2721 ideo
916 2661 1241 2718 miraculum
1287 2673 1456 2713 unum
1496 2655 1697 2711 suﬂlcit
1743 2669 1841 2722 pro
1885 2649 2160 2712 omnibus,
2205 2657 2326 2701 tan-

757 2773 922 2829 quam
976 2756 1181 2810 ﬂumen
1228 2751 1492 2807 divinitus
1549 2749 1744 2806 ﬂuens.
1805 2743 1948 2812 quod
1990 2740 2240 2811 procedit
2298 2754 2328 2792 e

760 2848 1015 2919 sepulcro
1055 2845 1160 2898 viri
1210 2844 1406 2908 sancti,
1436 2850 1490 2895 et
1520 2838 1764 2909 quotidie
1796 2838 1971 2890 oritur
2007 2844 2264 2901 tanquam
2299 2845 2329 2881 e

760 2943 934 2996 fonte.
964 2937 1219 2993 Procedit
1245 2947 1428 2991 autem
1461 2950 1570 2988 non
1597 2947 1813 2998 semper
1845 2950 1858 2984 :
1895 2929 1989 2981 sed
2015 2925 2202 2994 paucis
2225 2924 2333 2976 die-

763 3037 866 3087 bus
902 3039 1030 3086 ante
1078 3029 1280 3084 festum
1311 3021 1705 3090 Thaumaturgi
1749 3019 1971 3089 quidam
2018 3016 2185 3070 veluti
2229 3014 2333 3067 hu-

764 3139 884 3177 mor
906 3131 1154 3191 apparet,
1187 3120 1281 3188 qui
1320 3115 1522 3174 deinde
1548 3113 1808 3186 paulatim
1857 3120 2110 3181 augetur,
2143 3119 2198 3163 et
2245 3122 2333 3160 re-

2398 629 2450 680 τί
2475 629 2539 682 ἂν
2566 628 2657 680 καὶ
2692 628 2972 694 πάσχουσα
3000 623 3108 693 εἴη.
3149 621 3215 676 'H
3247 623 3304 675 δὲ
3335 622 3714 675 ὑποδεικνύναι
3753 621 3960 675 ὲδόκειο

2403 724 2495 775 καὶ
2528 723 2555 772 ὁ
2585 722 2772 784 ’Ἄγιος
2795 719 2871 771 ἐνὶ
2895 719 3097 770 τούτων
3117 714 3438 784 προσλασὼν
3470 715 3796 782 ὑπεφαίνετο
3815 729 3828 742 ·
3859 715 3960 766 Το-

2405 815 2510 883 μὴν
2541 815 2704 879 αὐτῆς
2733 812 2811 863 δεῖ
2838 810 2912 880 τῷ
2940 809 3097 880 μηρῷ
3129 809 3419 860 ἐπιθεῖναι.
3451 807 3558 858 Καὶ
3596 808 3624 859 ό
3658 807 3758 873 μὲν
3797 805 3964 869 οὕτως

2403 906 2595 958 ἐποίει.
2630 902 2695 955 Ἦ
2718 902 2996 969 δὲ,ὧσπερ
3027 900 3214 966 ὀδύνης
3240 899 3532 967 αἰσθομένη
3562 897 3728 958 τινὸς,
3759 897 3952 950 διυπνί-

2405 999 2551 1060 ζετο,
2590 993 2730 1062 ἔγνω
2757 994 2813 1046 δὲ
2843 992 2993 1044 οὐδὲν
3019 986 3091 1045 ὧν
3119 990 3401 1044 πέπονθεν.
3451 990 3535 1050 Ὠς
3564 989 3618 1040 δὲ
3658 989 3752 1040 καὶ
3782 988 3966 1056 ἡμέρα

2407 1083 2490 1155 ἦν,
2523 1089 2555 1156 ὴ
2596 1083 2859 1155 ὑπηρέτις
2893 1083 3028 1152 αὐτῇ
3062 1081 3445 1151 προσελθοῦσα,
3482 1081 3573 1132 καὶ
3602 1078 3749 1148 ὕδωρ
3781 1077 3886 1130 ὑπὸ
3907 1081 3968 1144 τῇ

2407 1177 2562 1248 κλίνῃ
2591 1176 2890 1246 κεχυμένον
2923 1174 3124 1235 ἰδοῦσα,
3161 1173 3325 1241 οὐράν
3355 1189 3411 1222 τε
3444 1172 3574 1225 αὐτὸ
3607 1165 3772 1233 εἶναι,
3802 1170 3878 1230 ὠς
3915 1171 3972 1220 τὸ

2410 1271 2577 1333 εἰκὸς,
2607 1268 2871 1338 οἱηθεῐσα,
2913 1265 2972 1318 τὸ
3004 1266 3244 1332 ἄκοσμον
3267 1263 3402 1331 αὐτῇ
3433 1260 3700 1322 ὠνείδιζε,
3726 1260 3821 1312 καὶ
3851 1260 3976 1311 ita-

2411 1363 2551 1432 χνῶς
2574 1362 2840 1430 ἄσχημον,
2869 1360 2948 1410 ὅτι
2984 1356 3058 1426 μὴ
3086 1356 3306 1424 ἀνέστη,
3349 1355 3442 1405 καὶ
3478 1352 3550 1421 μὴ
3577 1353 3806 1404 ἐκάλεσε
3872 1365 3975 1416 μηο

2411 1454 2604 1523 δεμῐαν
2664 1451 2769 1504 τῶν
2800 1447 3275 1519 ὑπηρετουμένων,
3334 1442 3467 1497 ἀλλὰ
3513 1443 3606 1494 καὶ
3659 1442 3728 1494 τὰ
3784 1440 3976 1508 ἱμάτια

2414 1547 2648 1616 ⁴ᾔσχυνεν
2691 1541 2833 1595 οὕτω
2868 1540 3004 1610 μετὰ
3037 1538 3143 1591 τῶν
3176 1535 3533 1606 στρωμάτων.
3582 1534 3644 1584 Ἢ
3677 1533 3732 1584 δὲ
3765 1531 3979 1600 ἠρνεῖτο

2419 1636 2586 1705 μηδὲν
2655 1630 2892 1685 τοιοῦτον
2959 1627 3280 1699 εἰργάσθαι,
3339 1625 3574 1691 λέγουσα
3616 1638 3631 1652 °
3672 1619 3975 1691 Μηδαμῶς.

2421 1729 2653 1780 Ἔπειτα
2719 1725 2812 1778 τοῦ
2860 1722 3083 1792 χιτῶνος
3118 1717 3528 1776 ἁνασταλέντος,
3567 1713 3668 1782 τῆς
3702 1712 3877 1780 τομῆς
3922 1727 3976 1763 τε

2418 1817 2790 1886 διαφανείσης,
2823 1812 3027 1866 καὶτοῦ
3058 1813 3225 1880 ὑγροῦ
3257 1807 3673 1878 καταρρέοντος,
3702 1805 3731 1855 ό
3763 1803 3862 1871 μὲν
3900 1803 3978 1853 ια-

2420 1912 2543 1980 τρὸς
2593 1909 2748 1979 δῆλος
2781 1904 2871 1976 ἦν,
2913 1907 3050 1974 αὐτή
3080 1921 3136 1956 τε
3166 1903 3322 1970 ὑγιὴς
3353 1900 3648 1962 ἐδείκνυτο,
3679 1898 3775 1948 καὶ
3805 1893 3982 1948 οἴκαδε

2423 2002 2602 2065 καλῶς
2628 2001 2984 2070 ἐπανήρχετο.

2492 2204 2617 2261 ΚΓ.
2663 2204 2851 2274 Ἀρκεῖ
2868 2202 3076 2262 τούτοις
3098 2199 3365 2267 γεύματος
3393 2196 3488 2264 τὴν
3517 2195 3644 2263 ὃλην
3670 2189 3991 2258 ἀποδειχθῆ-

2426 2317 2511 2353 ναι
2538 2297 2631 2348 τοῦ
2661 2294 2914 2361 Μεγάλου
2938 2292 3118 2361 χάριν.
3148 2291 3211 2342 Τί
3236 2289 3366 2358 γὰρ,
3394 2292 3529 2340 κατὰ
3552 2285 3648 2355 τὴν
3667 2282 3990 2353 τραγῳδίαν,

2426 2389 2778 2461 ἀναρίθμητα
2836 2383 3216 2455 μετρήσασθαι
3251 2381 3367 2445 aet;
3423 2382 3515 2432 καὶ
3573 2378 3684 2444 γὰρ
3743 2375 3991 2428 οὐδέποτε

2428 2481 2599 2536 ταῦτα
2640 2479 2908 2546 λεγόμενα
2949 2474 3206 2543 λήγουσιν
3227 2486 3241 2500 ο
3280 2471 3414 2523 ἀλλὰ
3449 2473 3558 2530 τοῖς
3592 2469 3698 2518 τῶν
3733 2463 3990 2532 ποταμῶν

2431 2576 2694 2646 ῥεύμασιν
2721 2570 2935 2641 ἔχουσιν
2960 2565 3161 2637 ὀμοίως
3182 2579 3194 2593 ·
3222 2563 3397 2624 ἄλλως
3422 2561 3474 2613 δέ
3507 2577 3563 2612 τε
3609 2558 3705 2610 καὶ
3732 2557 3851 2617 ἑνὸς
3882 2553 3993 2606 ἀντὶ

2430 2668 2648 2721 πάντων
2679 2662 2997 2734 ἀρκοῦντος,
3023 2659 3116 2712 τοῦ
3148 2657 3460 2728 θεορρύτου,
3491 2654 3653 2721 φημι,
3681 2649 3943 2717 νάματος,
3970 2645 3992 2694 ὃ

2432 2763 2647 2830 πρόεισι
2692 2757 2789 2826 μὲν
2825 2755 2916 2807 τοῦ
2941 2754 3134 2819 τάφου,
3173 2751 3266 2803 καὶ
3297 2750 3482 2802 τοῦτον
3524 2745 3635 2815 ἔχει
3662 2744 3880 2811 γένεσιν
3911 2741 3997 2793 καὶ

2435 2852 2618 2920 πηγήν
2646 2863 2658 2874 °
2694 2844 2906 2914 πρόεισι
2947 2840 3002 2892 δὲ
3031 2842 3129 2891 οὐκ
3159 2840 3264 2900 ἀεί,
3288 2839 3400 2890 ἀλλ’
3430 2838 3638 2903 ὀλίγαις
3674 2837 3773 2902 μὲν
3804 2833 3986 2900 πρότε-

2439 2918 2530 3011 ρον
2561 2938 2795 3010 ἡμέραις
2825 2935 2924 3003 τῆς
2966 2931 3057 2985 τοῦ
3099 2927 3513 2998 θαυματουργοῦ
3545 2927 3760 2996 ἑορτῆς,
3793 2918 3882 2975 οἷα
3917 2937 3996 2973 νο⁴

2436 3035 2514 3093 τίς
2546 3027 2902 3097 ὑποφαξνεται
2925 3041 2937 3054 ·
2977 3023 3170 3074 ἔπειτα
3207 3019 3298 3071 καὶ
3331 3019 3390 3069 τὸ
3427 3016 3605 3083 ὀλίγον
3637 3013 3885 3078 αὔξεται,
3913 3011 4001 3063 καὶ

2439 3123 2680 3190 διαμένει
2714 3118 2851 3187 μετὰ
2881 3115 2975 3184 τὴν
3008 3114 3221 3182 ἑορτὴν,
3254 3110 3451 3164 οὑτωσὶ
3489 3106 3752 3178 πηγάζον,
3787 3104 3893 3164 ἕως
3917 3100 4000 3154 καί

767 3189 953 3269 manet
980 3189 1122 3283 “post
1161 3211 1384 3275 festum,
1416 3209 1496 3266 sic
1532 3208 1865 3266 scaturiens,
1917 3203 2092 3255 donec
2133 3201 2338 3266 aliquot
2366 3217 2408 3273 ρ

2366 3217 2408 3273 C
2441 3189 2582 3272 τινες
2619 3208 2821 3280 ἡμέραι
2851 3205 3191 3277 παρέλθοιεν,
3231 3198 3351 3256 εἶτα
3388 3203 3643 3254 παύεται.
3677 3197 3825 3265 Πλὴν
3857 3189 4006 3262 οἶμαι

765 3308 882 3361 dies
905 3303 1274 3376 praeterierint
1307 3320 1318 3355 :
1353 3300 1553 3357 deinde
1590 3295 1984 3362 cessat.Atque
2017 3289 2120 3343 hoc
2152 3288 2335 3354 modo,

768 3407 826 3453 ut
854 3399 1073 3465 opinor,
1113 3393 1305 3462 majori
1356 3398 1441 3445 est
1483 3390 1538 3443 in
1591 3388 1800 3443 honore
1841 3395 1896 3442 et
1951 3383 2336 3446 admiratione,

769 3507 929 3562 quam
964 3490 1007 3543 sl
1035 3493 1299 3558 perpetuo
1329 3483 1545 3539 ﬂueret.
1575 3479 1843 3548 Quoniam
1869 3478 1947 3533 sic
1970 3491 2187 3532 servare
2222 3488 2340 3528 cer-

769 3596 904 3640 tum.
940 3591 992 3636 et
1027 3591 1310 3646 nunquam
1334 3574 1597 3629 aberrans
1624 3583 1839 3639 tempus
1871 3568 2075 3622 ﬂuendi
2110 3576 2170 3619 et
2205 3562 2339 3618 deﬂ-

771 3671 972 3737 ciendi,
1016 3678 1378 3740 praeterquam
1413 3663 1560 3736 quod
1594 3663 1646 3717 id
1685 3662 1892 3734 gratius
1941 3668 1998 3716 et
2042 3656 2341 3714 admirabi-

771 3771 877 3824 lius
905 3769 994 3829 sit,
1029 3775 1111 3820 est
1141 3764 1309 3820 etiam
1334 3762 1507 3832 magis
1530 3758 1863 3813 venerabile.
1901 3753 2056 3821 Quod
2087 3752 2234 3808 enim
2258 3761 2341 3805 eat

775 3870 1125 3929 perpetuum,
1157 3855 1316 3909 aﬂ'ert
1345 3855 1581 3908 fortasse
1610 3849 1776 3903 etiam
1803 3847 2109 3901 satietatem
2133 3863 2145 3907 ;
2179 3843 2341 3896 satie-

777 3965 860 4007 tas
882 3960 1064 4007 autem
1099 3947 1312 4003 inducit
1335 3946 1827 4014 contemptionem.

845 4045 1027 4101 XXIV.
1065 4045 1177 4098 Hoc
1201 4052 1306 4106 est,
1331 4039 1478 4110 quod
1509 4037 1605 4091 tibi
1637 4051 1666 4087 a
1686 4034 1844 4088 nobis
1869 4032 2096 4086 oﬂ‘ertur
2115 4031 2342 4090 donum,

778 4139 1012 4192 maxime
1039 4136 1200 4189 Pater
1236 4133 1528 4200 Sampson,
1576 4127 1765 4181 nescio
1803 4123 2046 4195 quidem,
2087 4136 2154 4176 an
2178 4136 2242 4174 ex
2266 4119 2346 4172 tul

783 4229 951 4285 animi
978 4225 1272 4289 sententia,
1330 4222 1425 4278 sed
1477 4231 1625 4276 certe
1676 4233 1776 4290 pro
1847 4216 2048 4272 nostris
2114 4212 2347 4269 viribus.

783 4325 940 4392 Quod
975 4323 1197 4393 quidem
1237 4320 1474 4389 benigne
1514 4327 1568 4372 et
1606 4316 1818 4386 placide
1864 4314 2118 4384 accipias,
2158 4311 2249 4380 qui
2293 4323 2352 4362 es

785 4416 1211 4488 benignissimus
1253 4431 1265 4465 :
1314 4412 1742 4480 morborumque
1789 4417 2138 4464 nostrorum.
2189 4412 2351 4472 atque

787 4511 909 4564 ideo
939 4509 1132 4562 animae
1165 4507 1368 4576 p0tius,
1401 4518 1563 4572 quam
1601 4502 1871 4571 corporis,
1911 4500 2090 4553 bonus
2130 4498 2204 4549 sis
2246 4510 2353 4547 me-

786 4601 968 4664 dicus,
1000 4598 1111 4654 dux
1132 4607 1186 4654 et
1212 4606 1399 4653 custos
1437 4595 1602 4650 t0tius
1644 4605 1844 4648 nostra:
1885 4592 2029 4654 vitae,
2073 4587 2352 4643 Christum

789 4694 1026 4748 reddens
1052 4693 1183 4746 mihi
1213 4692 1534 4762 propitium.
1582 4689 1753 4752 Quem
1788 4687 1904 4756 ipse
1950 4683 2171 4754 quidem
2217 4681 2351 4734 insi-

790 4786 971 4854 gniter
1021 4778 1279 4847 dilexisti,
1330 4797 1430 4852 ego
1471 4791 1652 4834 autem
1704 4788 2054 4846 peccatorum
2104 4773 2355 4825 multitu-

791 4878 940 4942 dine,
979 4876 1065 4932 bei
1098 4877 1251 4936 mihi,
1279 4874 1567 4944 plusquam
1597 4871 1702 4926 dici
1742 4869 1936 4939 possit,
1968 4864 2262 4937 provocavi
2290 4862 2356 4916 ad

794 4970 931 5021 iram
962 4983 976 5015 τ
1006 4983 1168 5037 quem
1199 4968 1357 5023 decet
1387 4965 1565 5020 omnis
1591 4964 1781 5033 gloria,
1816 4962 1994 5014 honor
2022 4969 2077 5012 et
2110 4957 2359 5011 adoratio

795 5075 941 5114 nunc
1019 5071 1073 5114 et
1145 5073 1397 5126 semper,
1467 5068 1521 5114 et
1597 5062 1648 5108 in
1733 5053 1932 5108 saecula
2016 5050 2360 5105 saeculorum.

798 5155 996 5206 Amen.

873 5331 1110 5404 (2‘2)‘His
1139 5330 1413 5384 annotatis
1435 5331 1653 5404 minime
1689 5334 1979 5381 contentus
2009 5323 2201 5400 fuisset
2232 5335 2358 5372 eru-

800 5387 948 5459 dit‘us
969 5387 1419 5463 'Commentator,
1452 5399 1544 5452 sed
1582 5413 1801 5467 quoque
1832 5387 2357 5467 novamversionem

803 5475 1072 5526 adornare
1122 5470 1409 5535 voluisset,
1463 5470 1506 5523 si
1554 5463 1649 5538 per
1705 5463 1870 5538 vitam
1917 5463 2196 5538 licuisset_;
2242 5472 2364 5527 qua

803 5544 985 5623 versio
1015 5542 1197 5596 minus
1223 5531 1410 5623 presse
1435 5531 2044 5623 inhérens’Grgecorum
2077 5531 2368 5623 verbor'um

801 5598 1008 5673 ordini,
1033 5624 1086 5666 et
1121 5598 1362 5682 periodis
1393 5624 1568 5682 usque
1598 5609 1665 5682 ad
1705 5602 2230 5682 fastidium_auriuni
2269 5598 2370 5653 La-

808 5687 1052 5738 tinarum
1095 5675 1349 5751 p'rolixit:
1398 5675 1569 5736 multo
1615 5677 1816 5734 clarius
1861 5675 2202 5732 exhibuisset
2237 5684 2366 5725 sen-

2441 3304 2612 3374 ταύτῃ
2641 3300 3053 3369 θαυμαζόμενον
3098 3296 3194 3350 καὶ
3222 3297 3564 3363 τιμιώτερον,
3594 3290 3624 3357 ἦ
3662 3291 3710 3339 εἰ
3748 3282 4002 3353 διηνεκῶς

2442 3397 2536 3448 καὶ
2573 3372 2821 3463 ἀλήκτως
2851 3391 3075 3444 διετέλει
3113 3388 3234 3458 ῥέον
3255 3402 3268 3416 ο
3304 3385 3425 3436 ἐπεὶ
3448 3383 3571 3447 τόγε
3602 3379 3889 3446 συντηρεῖν
3917 3372 3998 3427 οὖ-

2443 3503 2551 3548 τως
2581 3461 2794 3548 ἀπλανῆ
2837 3496 2893 3531 τε
2928 3477 3021 3530 καὶ
3060 3476 3414 3543 ἀδιάψευστον
3447 3470 3536 3522 τὸν
3562 3463 3752 3536 καιρὸν
3784 3462 3877 3516 τδν
3915 3461 4010 3523 τῆς

2445 3575 2730 3646 ἐπιρροῆς,
2779 3571 2943 3641 φημὶ,
2986 3568 3079 3622 κα)⁵
3135 3566 3225 3620 τὸν
3269 3567 3367 3633 τῆς
3415 3560 3709 3629 ἐκλείψεως
3741 3555 3885 3625 μετὰ
3920 3549 4010 3604 τοῦ

2448 3664 2896 3738 θαυμασιώτερον
2947 3662 3040 3715 καὶ
3085 3659 3435 3730 χαριέστερον
3464 3648 3625 3711 εἶναι,
3666 3648 3869 3718 μᾶλλον
3903 3647 4011 3698 ἐστι

2448 3734 2568 3813 καὶ*
2607 3734 3080 3825 σεϐασμιώτερον·
3135 3753 3193 3801 τὸ
3243 3750 3349 3814 γὰρ
3415 3744 3656 3812 διηνεκὲς
3734 3741 3866 3797 ἴσως
3925 3734 4014 3786 καὶ

2450 3847 2783 3920 προσκορές·
2824 3848 2852 3896 ό
2903 3845 2957 3895 δὲ
3018 3838 3174 3908 κόρος
3232 3839 3459 3905 πρᾶγμα
3523 3833 3686 3899 φέρον
3733 3829 3812 3888 εἰς
3851 3842 4017 3878 κατα-

2452 3940 2736 4011 φρόνησιν.

2523 4003 2647 4084 ΚΔι.
2685 4025 2853 4080 Τοῦτό
2891 4042 2968 4078 τοι
3004 4024 3062 4076 τὸ
3104 4022 3233 4090 παρ’
3271 4017 3424 4090 ἡμῶν
3459 4014 3874 4087 προσαγόμενον
3920 4003 4016 4056 δὼς

2457 4144 2626 4199 ρημα,
2671 4125 2894 4194 μέγιστε
2942 4119 3190 4188 Πατρῶν,
3240 4113 3619 4183 Σαμψὼν,οὑκ
3661 4103 3778 4160 οἴδα
3811 4105 3934 4174 μὲν,
3974 4104 4017 4153 tl

2455 4217 2597 4272 κατά
2624 4214 2849 4282 γνώμην
2877 4211 2974 4279 τὴν
3005 4210 3127 4277 σὴν,
3160 4211 3300 4258 κατὰ
3329 4204 3560 4271 δύναμιν
3591 4201 3644 4250 δὲ
3681 4201 3904 4259 πάντως
3929 4195 4018 4265 τὴν

2457 4308 2751 4381 ἡμετέραν,
2782 4306 2808 4357 ὃ
2837 4305 2930 4356 καὶ
2960 4302 3133 4372 δέχοιο
3159 4294 3442 4367 προσηνῶς
3485 4307 3542 4344 τε
3582 4289 3675 4342 καὶ
3719 4287 4021 4355 φιλανθρώο

2457 4420 2593 4468 πως,
2634 4402 2660 4451 ό
2687 4395 2958 4463 πανταχοῦ
2992 4391 3393 4460 φιλάνθρωπος,
3441 4380 3664 4437 καὶτῶν
3705 4376 3899 4430 παθῶν
3935 4377 4022 4427 καὶ

2459 4495 2633 4545 νόσων
2671 4489 2779 4540 τῶν
2811 4486 3118 4556 ἡμετέρων,
3154 4484 3244 4535 καὶ
3276 4480 3474 4550 μᾶλλον
3513 4475 3620 4528 τῶν
3646 4468 3920 4542 ψυχικῶν,
3948 4469 4023 4520 ια-

2461 4582 2589 4654 τρδς
2634 4582 2748 4650 εἴης
2791 4577 3046 4650 χρηστὸς,
3091 4573 3313 4644 ἡγεμὼν
3354 4569 3447 4622 καὶ
3479 4567 3653 4637 φύλαξ
3686 4562 3896 4625 παντὸς
3934 4556 4022 4611 τοῦ

2463 4652 2583 4730 καθ’
2613 4677 2758 4746 ἡμᾶς
2807 4673 2954 4743 βίου’
2991 4668 3146 4723 ἵλεών
3184 4684 3271 4735 μοι
3314 4663 3482 4725 τιθεὶς
3524 4661 3616 4713 τὸν
3659 4656 3921 4726 Χριστὸν,
3968 4652 4022 4703 δν

2460 4745 2639 4831 αὐτὸς
2673 4768 2769 4837 μὲν
2811 4763 3173 4830 διαφερόντως
3220 4759 3536 4827 ἠγάπησας,
3570 4747 3681 4817 ἐγὼ
3719 4748 3784 4837 δξ
3831 4745 4023 4813 πλήθει

2464 4860 2767 4930 ἁμαρτιῶν,
2800 4854 2966 4924 οἴμοι,
2997 4852 3302 4919 ἀδιηγήτως
3347 4844 3701 4914 παρώργισα’
3826 4835 4024 4904 πρέπει

2465 4955 2614 5006 πᾶσα
2634 4951 2780 5015 δόξα,
2816 4949 2944 5016 τιμὴ
2978 4947 3070 4998 καὶ
3102 4941 3488 5012 προσκύνησιε,
3521 4934 3616 4988 νῦν
3656 4935 3751 4986 καὶ
3790 4933 3900 4994 ἀεὶ,
3938 4927 4027 4981 καὶ

2469 5046 2548 5105 εἰς
2572 5044 2697 5105 τοὺς
2726 5041 2922 5102 αἰῶνας
2952 5039 3058 5090 τῶν
3086 5034 3314 5087 αἰώνων.
3362 5033 3414 5084 Ἀ
3427 5033 3554 5098 μήν.

2468 5333 2593 5372 sum
2620 5315 2877 5374 auctoris,
2925 5313 3206 5382 magisque
3238 5306 3490 5360 intercisa
3516 5301 3716 5382 .minns
3754 5296 4030 5378 fatigasset

2469 5369 2751 5440 lectorem.
2797 5369 2900 5437 Sed
2931 5369 3077 5450 quod
3111 5369 3198 5432 hic
3234 5393 3342 5431 non
3379 5374 3574 5450 pot_uit,
3600 5378 3796 5440 morte
3842 5369 4030 5450 imma-

2473 5466 2593 5510 tura
2617 5433 2963 5524 proveniant;
2979 5433 2999 5516 7;
3018 5433 3208 5518 ineque
3225 5461 3324 5501 nos
3354 5433 3515 5524 modo
3541 5438 3856 5510 pessumus.
3884 5433 4030 5524 prqu

2478 5504 2683 5580 morarm
2718 5504 2828 5578 non
2849 5504 3064 5576 ferente
3094 5504 3402 5589 {quamvis
3442 5504 3622 5566 tamen
3655 5520 3856 5589 negare
3894 5504 4031 5589 noli-

2478 5576 2808 5664 ὲῆιίέῖριέιίη
2863 5576 3184 5664 etiam_nos
3231 5588 3284 5640 in
3338 5593 3486 5639 textu
3533 5576 3855 5636 emendasse
3899 5576 4032 5630 inter

2478 5661 2857 5736 corrigendum
2893 5661 3294 5730 typothetarum
3326 5663 3524 5708 errata.
