4180 6538
145 436 243 497 ευθ

1130 421 1304 483 νιΤΑ
1342 421 1399 480 S.
1442 413 1822 478 STEPHANI
1864 412 1956 471 ET
2000 409 2413 473 SOClORUM.

3320 398 3438 461 3ῐο

153 584 3426 639 W

906 805 1688 987 MENSIS
1821 798 2638 981 JULIUS.

275 1337 469 1448 DE
555 1332 755 1448 SS.
854 1329 1604 1443 STEPHANO
1688 1322 2377 1441 EPISCOPO
2471 1316 3246 1435 RHEGIENSI

1469 1565 1619 1654 ΕΤ
1686 1562 2105 1663 SOCIIS.

685 1764 942 1827 SUERA
975 1762 1386 1838 EPISCOPO,
1415 1759 1761 1828 AGNETE,
1795 1758 2274 1821 FELICITATE
2308 1758 2412 1821 ET
2464 1757 2885 1822 PERPETUA

988 1907 1556 1967 MARTYRIBUS
1610 1904 1913 1963 RHEGH
1971 1904 2052 1963 1N
2095 1904 2580 1963 ,CALABRIA.

1166 2044 1307 2106 (Julii
1336 2045 1419 2094 die
1446 2045 1476 2094 5
1509 2044 1630 2093 Acta
1654 2043 1745 2092 SS.
1766 2040 1991 2091 Bolland.
2017 2041 2078 2092 ad
2098 2041 2225 2093 hanc
2248 2040 2425 2103 diem.)

236 2342 287 2393 ι.
327 2336 591 2391 Notiores
631 2332 762 2387 olim
805 2331 957 2387 fuere
996 2330 1054 2386 bi
1092 2332 1267 2387 sancti
1305 2330 1452 2401 apud
1502 2332 1745 2399 Graecos,
1775 2332 2168 2404 AepiscOpum
2221 2332 2545 2402 Bovensem,
2577 2332 2671 2405 qui
2718 2332 3096 2405 sull‘raganeus
3135 2342 3219 2390 est
3270 2336 3419 2394 Rhe-

170 2445 332 2499 quam
378 2426 527 2497 apud
562 2425 809 2481 Latinos.
841 2425 1210 2481 Meminerunt
1240 2441 1431 2481 eorum
1476 2426 1745 2482 nonnulla

168 2522 374 2576 Menaea
411 2519 560 2590 apttd
602 2536 721 2585 nos,
756 2520 1156 2577 Cltiﬂletianum
1201 2530 1364 2588 atque
1395 2519 1747 2575 Sirmundia-

167 2628 342 2679 num;
399 2628 641 2683 quorum
695 2612 826 2665 illud
887 2611 979 2664 die
1021 2626 1053 2664 ν
1095 2610 1226 2665 Julii
1269 2610 1442 2679 legit:
1473 2612 1748 2679 Στεφάνου

170 2703 426 2774 Κάλασρ.
463 2707 558 2756 καὶ
584 2702 691 2755 τῶν
735 2703 831 2755 σὺν
879 2702 1028 2771 αὐτῷ
1058 2717 1073 2733 ο
1121 2699 1235 2757 Hoc
1264 2716 1393 2757 vero
1423 2702 1615 2758 eodem
1659 2704 1749 2759 die

170 2796 336 2865 paulo
370 2794 701 2863 explicatius
745 2815 756 2848 :
797 2794 904 2847 Τοῦ
933 2796 1088 2863 ἁγίου
1123 2797 1415 2867 Μάρτυρος
1451 2798 1750 2866 Στεφάνου,

172 2883 268 2935 τοῦ
316 2883 401 2946 εἰς
450 2884 515 2935 τὸ
562 2884 781 2953 Ῥήγιον
822 2885 1139 2955 Καλαΰρίας
1177 2888 1450 2954 κειμένου,
1497 2890 1592 2941 καὶ
1636 2889 1747 2941 τῶν

174 2978 271 3030 σὺν
308 2977 465 3048 αὐτῷ
494 2979 668 3046 ἁγίων
692 2981 1188 3049 μαρτυρησάντων·
1230 3000 1247 3033 ι
1276 2979 1458 3037 Sancti
1489 2978 1751 3051 Stephani

175 3070 460 3137 martyris,
496 3068 590 3137 qui
611 3069 755 3137 jacet
783 3068 976 3137 Rhegii
1008 3070 1062 3123 in
1102 3070 1370 3136 Calabria,
1395 3083 1452 3126 et
1480 3071 1754 3127 sociorum

174 3157 296 3226 ejus
353 3166 712 3218 sanctorum.
768 3157 859 3227 qui
923 3174 1048 3212 cum
1106 3174 1173 3214 eo
1232 3163 1553 3233 martyrium
1620 3165 1755 3219 sub-

178 3250 389 3303 ierunt.
434 3267 456 3299 ›
490 3248 774 3303 Monachis
793 3266 1012 3320 quoque
1032 3250 1246 3322 Cryptae
1264 3254 1519 3319 Ferralze,
1556 3265 1611 3311 et
1637 3258 1757 3313 aliis

178 3341 580 3397 ecclesiasticis
614 3342 786 3397 Graeci
824 3346 982 3410 ritus,
1020 3346 1410 3404 celebrandum
1443 3350 1636 3407 eodem
1668 3352 1756 3408 die

180 3434 569 3504 praescribitur
615 3433 835 3503 festum,
867 3437 973 3490 Τοῦ
1014 3439 1171 3505 ἁγίου
1195 3435 1491 3511 ’Στεφάνου
1536 3444 1630 3496 καὶ
1659 3445 1758 3514 τῆς

183 3528 437 3588 συνοδίας
470 3525 662 3581 αὑτοῦ.
703 3527 911 3583 Similia
955 3530 1159 3585 habent
1203 3532 1404 3589 Mena‘a
1443 3537 1628 3592 Grmca
1680 3538 1761 3592 hi-

182 3616 479 3671 bliothecae
504 3617 814 3686 Vaticana;
841 3629 897 3675 et
922 3622 1053 3677 alibi
1084 3623 1186 3677 alia
1206 3623 1362 3681 facile
1390 3628 1759 3697 invenientur,

184 3723 309 3777 qua:
342 3709 478 3763 mihi
511 3714 625 3764 visa
659 3727 766 3766 non
795 3724 943 3778 sunt,
976 3730 1203 3784 quicque
1231 3718 1341 3784 jam
1376 3719 1520 3773 dicta
1567 3732 1761 3789 potue-

190 3808 322 3854 runt
354 3802 710 3856 confirmare.

258 3891 317 3945 2.
354 3892 518 3946 Nulla
554 3900 737 3947 tamen
781 3893 924 3963 apud
960 3895 1353 3970 Martyrologos
1382 3900 1604 3958 Latinos
1643 3904 1764 3958 Ste-

190 3980 361 4049 phani
400 3983 570 4053 hujus
603 3993 659 4039 et
690 3987 965 4040 sociorum
999 3999 1300 4059 martyrum
1341 4003 1515 4048 exstat
1560 4012 1765 4052 memo-

188 4072 292 4125 ria.
322 4072 479 4137 Quod
505 4072 770 4128 indicium
796 4090 916 4133 esse
946 4082 1137 4147 possit,
1166 4097 1274 4137 non
1305 4084 1442 4141 adeo
1469 4086 1766 4156 celebrem,

190 4169 530 4238 scriptorum
555 4171 776 4227 illorum
806 4178 1166 4245 temporibus.
1192 4182 1429 4251 viguisse
1469 4187 1675 4240 cultum
1712 4188 1766 4242 in

190 4259 441 4318 Ecclesia
460 4262 678 4319 Latina.
701 4270 877 4335 Atque
907 4268 1037 4323 hinc
1068 4270 1267 4325 factum
1291 4273 1382 4335 sit,
1415 4274 1473 4327 ut
1502 4274 1771 4346 llhegien-

193 4350 273 4404 sis
318 4353 789 4424 archiepiscopus,
822 4358 1054 4412 Annibal
1098 4360 1163 4414 de
1203 4361 1451 4431 Afﬂictis,
1484 4366 1565 4419 vir
1601 4370 1768 4423 multa

191 4445 565 4501 sanctimonia
597 4448 802 4523 clarus,
833 4448 993 4506 initio
1028 4455 1213 4509 saeculi
1243 4457 1543 4525 superioris
1566 4463 1771 4530 suppli-

190 4538 411 4590 caverit
463 4537 881 4610 congregationi
939 4561 1222 4599 sacrorum
1279 4548 1506 4603 Rituum
1562 4553 1766 4617 Romae,

191 4637 309 4690 quo
372 4641 391 4674 ς
430 4625 538 4679 sibi
594 4625 817 4697 suisque
862 4629 1257 4702 Rhegiensibus
1313 4634 1539 4691 facultas
1591 4637 1767 4703 ﬁeret,

198 4716 422 4784 publice
447 4721 759 4790 exponendi
786 4723 1096 4794 imaginem,
1127 4724 1183 4780 S.
1213 4726 1487 4796 Stephano
1516 4732 1773 4801 episcopo

197 4820 303 4859 suo
334 4821 399 4861 ac
429 4810 679 4876 martyri,
716 4822 877 4881 atque
902 4816 1091 4870 altaria
1122 4828 1173 4869 et
1198 4820 1394 4887 templa
1430 4821 1482 4874 in
1508 4821 1770 4879 honorem

194 4896 446 4964 ejusdem
493 4900 769 4970 erigendi.
812 4922 831 4954 ι
871 4904 1044 4959 Alfert
1067 4924 1167 4976 pro
1204 4909 1406 4963 motivo
1442 4911 1564 4966 talia
1606 4914 1774 4985 impe-

195 4989 407 5050 trandi.
435 4992 587 5060 quod
621 5012 640 5045 ί
677 4994 911 5062 pridem.
938 5008 1101 5067 atque
1135 5002 1299 5054 etiam
1335 5010 1463 5055 tunc
1493 5007 1773 5073 temporis,

198 5080 599 5138 celebrabatur
630 5085 698 5141 de
729 5088 919 5144 eodem
950 5101 1139 5146 saneto
1166 5092 1442 5163 Stephano
1481 5096 1775 5167 sociisque,

200 5174 295 5229 die
351 5192 385 5230 ν
427 5177 561 5233 Julii
609 5178 768 5235 Missa
825 5192 880 5238 et
922 5185 1025 5239 alia
1061 5186 1264 5243 Ofﬁcia.
1307 5206 1325 5239 ι
1366 5187 1433 5242 Ει
1462 5204 1612 5244 sacra
1642 5206 1777 5245 con-

204 5268 479 5334 gregatio,
543 5268 815 5326 refcrente
868 5274 1146 5333 illustriss.
1204 5287 1258 5331 et
1323 5277 1781 5334 reverendissimo

206 5358 271 5410 Ι).
305 5356 627 5426 Franciséo,
661 5359 841 5419 Sancti
875 5365 1064 5435 Angelt
1097 5371 1149 5421 in
1184 5366 1323 5422 Foro
1349 5366 1587 5423 Piscium
1618 5367 1777 5425 Card.

205 5449 715 5523 Buoncompagno,
767 5458 994 5527 gratiam
1060 5461 1285 5529 petitam
1346 5460 1618 5516 concessit
1690 5478 1785 5515 an-

209 5558 281 5599 no
316 5543 475 5600 1622.
512 5545 587 5599 De
624 5545 774 5602 hisee
815 5549 949 5603 mihi
1002 5560 1234 5613 constat,
1273 5553 1344 5606 ita
1390 5552 1593 5607 factum
1642 5569 1785 5619 esse,

208 5653 273 5692 ex
305 5638 633 5694 testimonio
666 5637 870 5694 Nicolai
908 5640 1090 5697 Mariae
1118 5642 1403 5708 Modofari,
1437 5654 1569 5700 tunc
1604 5646 1790 5701 Romae

207 5733 458 5789 ecclesiae
494 5733 553 5788 S.
582 5730 807 5786 Thomre
838 5733 890 5787 in
923 5734 1151 5789 Parione
1186 5738 1443 5801 rectoris,
1474 5744 1529 5792 et
1563 5735 1790 5808 hujusce

210 5844 385 5887 causa
434 5826 695 5899 Agentis,
727 5833 887 5898 atque
926 5826 1120 5883 eodem
1171 5843 1314 5891 anno
1352 5829 1484 5887 I692
1518 5830 1678 5886 electi
1736 5831 1791 5885 in

1850 2438 2074 2494 gtenSts.

1916 2514 1970 2569 5.
2006 2514 2394 2571 Praedictarum
2439 2516 2848 2587 Scripturarum
2888 2518 2989 2588 (uti
3032 2519 3077 2574 is
3115 2518 3289 2583 addit,
3324 2520 3421 2590 qui

1851 2604 1973 2659 illas
2024 2607 2182 2662 nobis
2231 2608 2507 2678 submisit)
2542 2610 2836 2682 archetypa
2867 2620 3219 2668 asservantur
3251 2626 3424 2682 penes

1850 2694 2115 2750 Joannem
2169 2696 2446 2753 Simonem
2504 2698 2572 2753 de
2618 2700 2919 2764 Antonillo,
2965 2698 3028 2754 υ.
3062 2702 3113 2757 J.
3156 2701 3213 2755 υ.
3242 2704 3420 2756 virum

1853 2786 2128 2841 eruditum
2162 2796 2218 2843 et
2247 2789 2419 2859 pium,
2452 2797 2508 2844 et
2536 2790 2637 2860 ipsi
2675 2790 2731 2846 S.
2768 2790 3051 2862 Stephano
3087 2793 3223 2848 satis
3266 2795 3425 2848 addi-

1856 2889 2027 2946 ctum,
2066 2882 2223 2953 cujus
2254 2883 2543 2939 devotione
2583 2892 2639 2939 et
2669 2885 2926 2954 expensis
2958 2885 3218 2941 sacellum
3245 2895 3425 2941 exstat

1857 2970 2070 3039 (utique
2111 2981 2233 3039 post
2259 2984 2545 3043 acceptum
2591 2976 2679 3031 illa
2713 2976 2780 3032 de
2816 2992 2873 3032 re
2904 2993 3228 3048 responsum
3259 2994 3428 3035 sacra:

1854 3060 2306 3134 Congregationis
2336 3065 2529 3136 Itonia)
2569 3077 2909 3122 exstructum
2943 3071 2996 3122 in
3021 3070 3253 3125 ecclesia
3284 3070 3429 3125 Pran-

1862 3154 2164 3211 dicatorum
2211 3156 2285 3211 S.-
2300 3155 2577 3228 Stephano
2610 3158 2877 3225 dicatum,
2903 3161 2957 3215 in
2982 3176 3093 3232 quo
3124 3161 3284 3217 annis
3310 3164 3425 3217 sin-

1860 3247 2001 3317 gulis
2026 3247 2348 3305 condecenti
2386 3265 2510 3305 eum
2547 3251 2949 3321 magniﬁcentia
2991 3253 3165 3329 Missae
3211 3253 3425 3315 sacrit}-

1862 3338 2004 3391 cium
2036 3347 2092 3390 et
2118 3337 2368 3406 Vespera:
2398 3339 2625 3393 musicis
2653 3357 2777 3405 cum
2810 3343 3173 3399 concentibus
3208 3343 3263 3397 in
3288 3342 3428 3397 festo

1863 3427 2048 3483 Sancti
2080 3427 2401 3482 solemniter
2441 3428 2803 3485 celebrantur.
2848 3434 3002 3485 Circa
3052 3434 3265 3486 iconem
3296 3448 3429 3486 vero

1865 3520 2128 3576 antistitis
2155 3519 2440 3590 Stephani,
2469 3521 2716 3592 ejusdem
2740 3532 2857 3577 acta
2882 3534 2935 3578 et
2953 3524 3271 3597 martyrium
3302 3523 3432 3580 hinc

1868 3612 1996 3668 inde
2038 3614 2228 3684 figuris
2257 3627 2314 3672 et
2347 3618 2599 3673 versibus
2626 3618 2997 3678 declarantur.
3384 3612 3387 3615 Δ

1936 3705 1991 3757 4.
2020 3704 2216 3758 Iisdem
2257 3707 2369 3760 fere
2402 3707 2766 3777 temporibus,
2803 3711 3006 3779 quibus
3042 3711 3226 3764 Roma:
3263 3710 3431 3779 petita

1868 3808 2235 3865 concussaque
2271 3796 2372 3852 fuit
2418 3796 2647 3854 facultas
2676 3802 3037 3856 construendi
3065 3801 3121 3856 S.
3157 3802 3435 3872 Stephano

1869 3888 2081 3953 altaria,
2113 3890 2328 3955 sacella,
2360 3892 2577 3962 templa,
2616 3895 2894 3962 impressit
2920 3895 3207 3971 Ferrarius
3233 3904 3436 3949 utrum-

1870 3996 1977 4049 que
2033 3983 2339 4055 catalogutn
2391 3999 2571 4051 suum,
2602 3986 2835 4041 alterum
2876 4002 3078 4057 nempe
3118 3996 3434 4043 sanctorum

1870 4073 2056 4138 Italiae,
2091 4076 2427 4139 annol615,
2460 4077 2692 4130 alterum
2724 4078 2943 4132 illorum
2978 4079 3068 4148 qui
3104 4080 3156 4132 in
3190 4080 3436 4134 Romano

1873 4164 2249 4237 Martyrologio
2280 4182 2385 4221 non
2421 4166 2713 4231 habentur,
2741 4183 2886 4223 anno
2918 4168 3073 4224 1625.
3111 4168 3170 4224 1η
3203 4158 3438 4238 utroque

1870 4270 2279 4321 commemorat,
2302 4259 2391 4312 die
2418 4260 2450 4312 5
2472 4260 2623 4322 Julii,
2651 4260 2707 4314 S.
2737 4260 3207 4328 Stephanum,scd
3230 4253 3437 4329 absq'ue

1871 4348 2069 4413 sociis;
2117 4349 2170 4402 in
2227 4351 2398 4420 priori
2434 4350 2651 4421 quidem
2692 4368 2815 4408 cum
2855 4352 3038 4424 elogio
3076 4353 3179 4409 hoc
3214 4370 3226 4409 :
3263 4371 3281 4405 ε
3323 4353 3444 4410 Ste-

1872 4440 2107 4509 phanus,
2143 4443 2279 4497 civis
2313 4443 2610 4514 Rheginus,
2650 4461 2679 4499 a
2710 4444 2765 4500 S.
2799 4445 2973 4500 Paulo
3014 4446 3283 4515 apostolo,
3313 4463 3438 4502 cum

1871 4550 1937 4588 ex
1995 4535 2149 4606 Syria
2204 4537 2431 4589 Romam
2488 4536 2704 4598 ductus.
2768 4536 3062 4606 Rhegium.
3123 4539 3439 4596 Brutiorum

1874 4627 2218 4696 metropolim
2253 4628 2576 4696 appulisset.
2612 4628 2679 4682 ad
2702 4626 2984 4684 Christum
3033 4646 3353 4697 conversus,
3385 4641 3442 4686 et

1874 4720 1929 4773 in
1968 4719 2071 4774 fide
2112 4720 2435 4786 inStructus,
2475 4723 2687 4791 primus
2727 4722 3101 4791 Rheginormn
3152 4726 3443 4796 episcopus

1875 4814 1943 4868 ab
1986 4812 2177 4866 eodem
2228 4813 2472 4882 apostolo
2516 4815 2821 4866 ordinatur.
2873 4815 3002 4882 Qui,
3041 4825 3163 4886 post
3193 4818 3442 4888 Apostnli

1876 4908 2199 4973 discessum,
2232 4908 2359 4962 dum
2384 4924 2584 4964 munus
2623 4908 2936 4980 episcopale
2964 4912 3313 4980 prtedicando
3341 4915 3443 4970 im-

1881 5000 2029 5069 pigre
2053 5010 2471 5069 exseqneretur,
2502 5002 2687 5055 multis
2716 5003 2827 5070 jaut
2859 5003 2925 5055 ad
2959 5002 3117 5057 fidem
3139 5005 3441 5073 perductis.

1883 5094 1937 5147 in
1968 5093 2276 5147 Neroniana
2316 5094 2697 5161 persecutione
2728 5095 3251 5161 comprehenditur;
3286 5112 3455 5170 cum;

1884 5200 1989 5255 que
2021 5194 2336 5240 constanter
2381 5182 2434 5238 in
2482 5184 2608 5238 fidei
2646 5184 2995 5240 confessione
3049 5200 3445 5255 perseveraret,

1886 5289 2049 5349 atque
2106 5281 2293 5334 multis
2342 5279 2573 5333 allectus
2614 5278 2919 5348 suppliciis,
2947 5280 3223 5335 cruciatus
3258 5297 3446 5337 omnes

1889 5382 2221 5440 superasset,
2253 5371 2473 5425 demunt
2520 5371 2715 5439 capitis
2765 5371 3186 5440 obtruncatione
3249 5384 3448 5446 marty-

1890 5466 2031 5519 rium
2060 5465 2475 5520 consummavit.
2514 5464 2625 5518 i-ln
2662 5462 2947 5534 posteriori
2972 5473 3151 5517 autem
3170 5464 3448 5536 Catalogo,

1886 5556 2030 5611 idem
2081 5556 2365 5611 Ferrarius
2413 5556 2493 5612 sic
2544 5555 2710 5609 habet
2754 5574 2766 5608 :
2816 5573 2832 5604 ι
2874 5554 3065 5626 ltheg'ii
3130 5556 3183 5609 in
3224 5556 3448 5620 Brutiis.

1887 5648 1944 5705 S.
1985 5648 2268 5718 Stephani,
2324 5647 2489 5721 primi
2527 5645 2772 5717 ejusdem
2816 5646 3056 5717 episcopi
3096 5656 3154 5703 et
3198 5648 3452 5717 martyris

1888 5740 1986 5798 sub
2022 5740 2254 5799 Nerone.
2294 5759 2311 5793 ι

1961 5833 2010 5890 5.
2041 5832 2160 5889 Non
2207 5833 2357 5889 omni
2397 5845 2464 5887 ex
2509 5838 2659 5902 parte
2705 5828 2893 5885 isthmc
2950 5827 3284 5885 concordant
3328 5840 3452 5885 cum
