4180 6508
745 396 846 463 311

2045 405 2329 468 ΜΕΝΞΙΞ
2370 407 2668 468 IULIUS.

3893 417 3988 480 312

743 517 893 572 Actis
917 515 1137 581 Graecis,
1173 533 1292 586 qum
1326 518 1456 571 mihi
1487 518 1555 571 ab
1586 518 1733 572 hisce
1759 519 1948 589 viginti
1974 521 2156 584 annis,
2192 529 2321 575 tunc
2349 524 2398 580 Α
2426 518 2723 588 Quidquam
2771 518 2976 574 habent
3021 520 3087 575 de
3129 524 3410 592 sepultura
3445 535 3765 581 sanctorum
3804 544 3989 600 corpo-

743 610 927 666 Romae
956 611 1158 680 agenti,
1186 627 1215 665 a
1242 611 1306 666 R.
1333 610 1392 666 P.
1431 611 1669 681 Josepho
1723 611 1902 678 Denti,
1944 614 2141 669 domus
2186 631 2316 683 pro-

740 702 1012 755 fessarum
1038 701 1319 756 societatis
1349 710 1549 755 nostra:
1588 703 1898 770 praposito,
1936 701 2193 756 Messanae
2215 717 2314 756 cu-

743 804 859 847 rata
894 793 1116 847 fuerunt
1151 793 1386 846 describi
1441 809 1471 846 e
1502 794 1785 849 codicibus
1829 809 1932 849 ms.
1970 794 2312 849 celeberrimi

742 900 912 955 prope
951 885 1146 939 urbem
1193 885 1338 938 illam
1386 886 1703 940 monasterii
1759 886 1942 940 Sancti
1987 886 2308 950 Saivatoris,

740 978 950 1032 ordinis
1009 976 1064 1031 S.
1117 975 1336 1038 Basilii;
1397 978 1471 1031 uti
1545 979 1796 1049 pluribus
1849 978 1960 1032 dixi
2018 979 2085 1033 ad
2135 980 2313 1034 Vitam

740 1071 797 1125 S.
826 1070 1164 1124 Sebastianae
1211 1069 1271 1124 V.
1300 1069 1366 1124 Μ.
1402 1080 1547 1125 torno
1589 1071 1655 1126 Vi
1689 1070 1858 1135 Junii,
1903 1085 2023 1139 quae
2071 1069 2313 1124 indidem

737 1164 809 1217 ab
837 1164 1056 1229 eodem,
1119 1163 1198 1217 uti
1250 1165 1432 1219 multa:
1481 1165 1623 1225 aliae,
1668 1165 1800 1218 mihi
1853 1164 2041 1218 Gratce
2092 1163 2314 1217 luerunt

737 1256 1042 1311 Submissae.
1088 1256 1231 1321 Haec,
1262 1256 1506 1328 inquam,
1541 1257 1674 1312 Acta
1719 1257 1772 1312 S.
1803 1256 2066 1327 Stephani
2121 1256 2311 1312 viden-

736 1356 824 1400 tur
849 1346 971 1402 fons
1005 1363 1147 1410 esse,
1173 1364 1238 1402 ex
1269 1364 1398 1418 quo,
1429 1348 1786 1419 quotquotde
1821 1347 1916 1402 illo
1947 1347 2141 1403 Latine
2170 1349 2307 1404 s‘cri-

734 1454 915 1508 psere,
941 1454 1039 1493 sua
1074 1440 1398 1503 hauserunt,
1432 1441 1556 1496 aliis
1615 1440 1839 1507 additis,
1895 1443 2018 1497 aliis
2062 1445 2307 1507 mutatis,

733 1546 837 1601 pro
891 1546 993 1586 suo
1044 1533 1308 1602 cujusque
1362 1548 1545 1589 sensu.
1594 1534 1685 1590 Sic
1743 1534 2075 1605 Stephanus,
2109 1535 2203 1605 qui
2255 1535 2310 1588 in

732 1624 886 1680 Actis
936 1625 1136 1680 Graecis
1190 1626 1390 1696 legitur
1440 1629 1614 1697 patria
1672 1627 1927 1685 Nicmnus
1970 1629 2025 1683 in
2057 1629 2308 1701 Bithynia

733 1716 926 1781 fuisse,
959 1729 1014 1771 et
1064 1734 1186 1772 cum
1245 1718 1301 1773 S.
1357 1719 1527 1774 Paulo
1586 1721 1835 1789 apostolo
1888 1721 2156 1790 Rhegium
2212 1737 2308 1790 ap-

733 1810 972 1878 pulisse;
1024 1809 1165 1879 apud
1212 1809 1524 1864 Ferrarium
1575 1810 1779 1865 dicitur
1825 1812 1961 1867 civis
2007 1812 2304 1882 Rheginus,

2428 627 2571 665 rum.
2637 611 2814 667 Facile
2875 613 3125 668 condono
3176 616 3233 670 P.
3288 614 3563 681 Cornelio,
3617 619 3906 693 Theologo
3946 636 3996 682 ct

2425 703 2855 760 Commentatori
2895 706 2948 759 in
2981 721 3191 761 sacram
3229 707 3567 777 Scripturam
3591 714 3824 775 eximio,
3856 719 3989 783 quod

2426 796 2532 851 fide
2578 805 2634 852 et
2669 798 2995 852 auctoritate
3028 799 3440 869 Rhegiensium,
3474 802 3715 860 virorum
3751 809 3989 862 eruditoo

2423 906 2544 944 rum
2585 901 2637 946 et
2669 891 3082 961 primariorum,
3121 895 3243 946 talia
3278 896 3583 964 scripserit.
3622 897 3741 967 ipsc
3775 901 3990 955 interim

2423 982 2561 1037 nihil
2600 998 2697 1052 per
2733 998 2788 1036 se
2816 993 3220 1037 commentatur
3259 985 3326 1038 de
3360 1002 3508 1040 mora
3553 998 3646 1040 aut
3697 1006 3810 1043 non
3847 1007 3989 1045 mora

2424 1071 2575 1127 Pauli
2602 1073 2830 1140 apostoli
2858 1072 3001 1143 apud
3030 1073 3319 1145 Rhegium.
3349 1075 3663 1146 Snpposuit.
3700 1095 3831 1134 vera
3856 1099 3990 1144 esse.

2424 1181 2544 1235 quae
2584 1166 2922 1236 Rhegienses
2953 1166 3018 1220 de
3053 1181 3202 1219 mora
3240 1167 3360 1236 ejus
3390 1170 3530 1238 apud
3567 1185 3628 1226 se
3668 1172 3838 1226 unius
3868 1173 3992 1237 diei,

2421 1269 2476 1312 et
2511 1258 2577 1312 de
2605 1273 2796 1327 magna
2830 1259 3188 1314 conversione
3235 1260 3520 1329 gentilium
3561 1262 3655 1316 illo
3685 1263 3779 1316 die
3826 1263 3994 1328 faeta;

2423 1352 2554 1406 item
2593 1350 2662 1405 de
2693 1351 2843 1405 Actis
2876 1350 2930 1405 S.
2969 1349 3254 1420 Stephani,
3305 1353 3506 1408 saecqu
3561 1352 3769 1408 Christi
3819 1357 3992 1424 primo

2421 1438 2608 1495 Graece
2635 1440 2990 1510 conscriptis.
3023 1439 3386 1493 afﬁrmabant.
3416 1441 3484 1494 Et
3521 1442 3566 1494 si
3609 1443 3742 1510 quid
3792 1443 3884 1498 illa
3931 1444 3994 1498 de

2421 1546 2478 1584 re
2511 1546 2609 1600 per
2636 1545 2694 1584 se
2721 1539 3120 1584 commentatus
3153 1530 3366 1592 luisset,
3399 1532 3588 1601 utique
3623 1535 3991 1596 observasset,

2419 1622 2565 1693 quod
2619 1622 2665 1676 si
2709 1621 2910 1676 Paulus
2944 1636 3053 1676 uno
3083 1621 3172 1676 die
3213 1621 3408 1692 Rhegii
3457 1639 3665 1679 moram
3716 1629 3991 1693 traxisset,

2420 1730 2527 1769 non
2556 1714 2825 1785 potuisset
2851 1714 3097 1769 secundo
3126 1715 3214 1769 die
3245 1714 3504 1769 Putoleos
3531 1718 3782 1786 attigisse
3809 1736 3824 1772 :
3849 1720 3993 1789 quod

2423 1809 2593 1862 Lucas
2617 1809 2821 1863 factum
2859 1823 2978 1862 esse
3011 1809 3106 1863 ait.
3138 1807 3246 1862 Sed
3278 1807 3344 1862 de
3373 1807 3460 1861 his
3487 1823 3610 1861 mox
3635 1808 3764 1862 alia.

734 1873 791 1948 et
842 1895 912 1948 ab
972 1873 1282 1965 appellente
1340 1898 1460 1952 illas
1543 1899 1599 1953 in
1670 1915 1798 1954 oras
1860 1900 2051 1967 Paulo,
2119 1873 2314 1971 Rhegii
2348 1873 2389 1930 Β
2488 1902 2540 1955 8.
2567 1901 2779 1955 interea
2807 1917 2871 1954 ex
2906 1900 3090 1955 citatis
3126 1900 3470 1955 editionibus
3496 1901 3905 1964 animadverto,
3939 1903 3992 1956 in

735 1987 1016 2053 inventus,
1065 2000 1229 2058 atque
1284 1989 1359 2042 ibi
1412 1989 1477 2044 ad
1532 1989 1737 2045 Christi
1799 1992 1959 2048 ﬁdem
2012 2010 2312 2051 conversus

733 2079 928 2134 fuisse.

807 2173 857 2227 6.
895 2173 1262 2246 Hieronymus
1304 2173 1571 2229 Maralioti
1609 2175 1666 2229 in
1709 2191 1808 2230 suo
1841 2174 2105 2232 Calabriae
2133 2179 2302 2235 Chro-

732 2264 877 2327 nico,
913 2264 1097 2319 ltalice
1141 2280 1287 2320 anno
1318 2265 1451 2322 1601
1481 2281 1703 2333 excuso,
1735 2283 1857 2338 pag.
1896 2267 1983 2333 47,
2015 2279 2068 2323 et
2097 2268 2310 2324 Marcus

734 2356 1004 2410 Antonius
1034 2356 1194 2411 Politi
1229 2357 1281 2410 in
1315 2372 1415 2411 suo
1445 2358 1700 2413 similiter
1731 2358 2023 2424 Chronico,
2053 2360 2310 2417 Messana:

732 2449 1002 2518 impresso
1039 2464 1168 2504 ann.
1203 2449 1359 2513 1617,
1392 2465 1513 2521 pag.
1542 2450 1630 2505 80.
1660 2451 1809 2506 Idem
1842 2451 2045 2509 Paulus
2089 2453 2312 2509 Gualte~

738 2541 850 2594 rius
901 2541 956 2594 in
1014 2541 1218 2594 sanctis
1265 2539 1548 2608 Calabriae,
1585 2542 1678 2613 qui
1732 2557 1876 2598 anno
1907 2543 2044 2600 l630
2079 2544 2306 2615 Neapoli

729 2631 1078 2702 prodierunt,
1130 2648 1252 2702 pag.
1295 2633 1383 2696 55,
1429 2643 1486 2687 et
1537 2631 1915 2690 Ferdinandus
1946 2635 2205 2706 Ughelius
2250 2639 2307 2691 in

732 2739 836 2778 suo
866 2723 1041 2779 Italia?
1073 2740 1240 2778 sacra:
1273 2733 1421 2778 torno
1448 2723 1519 2778 lx
1547 2724 1697 2779 edito
1728 2740 1872 2780 anno
1908 2725 2065 2793 1662,
2103 2727 2307 2781 habent

733 2819 911 2872 Vitam
946 2817 999 2872 S.
1032 2817 1316 2887 Stephani,
1351 2835 1514 2889 quam
1555 2820 1765 2889 primus
1795 2835 1860 2874 ex
1895 2818 2083 2874 codice
2118 2819 2306 2874 Graeco

732 2912 1132 2981 interpretatus
1163 2921 1246 2964 est
1277 2911 1464 2966 ltalice
1493 2929 1506 2966 :
1540 2910 1819 2967 secundus
1853 2918 1906 2965 et
1939 2921 2168 2981 quartus
2199 2911 2304 2967 La-

733 3008 904 3062 tinam
936 3006 1229 3062 ediderunt
1259 3022 1326 3062 ex
1354 3009 1460 3062 alia
1497 3017 1660 3077 atque
1687 3007 1793 3062 alia
1823 3007 2299 3079 interpretatione.

730 3100 950 3154 Tertius
992 3113 1023 3152 e
1065 3109 1214 3155 textu
1251 3099 1444 3152 Latino
1475 3098 1716 3155 ltalicam
1754 3097 2028 3154 fecitcum
2061 3099 2302 3154 oratoria

2419 2002 2566 2050 textu
2602 1993 2794 2049 (ἴε-κου
2839 2002 3029 2049 nostro
3063 1992 3367 2062 sphalmata
3398 1995 3651 2063 qumdam
3700 1994 3992 2048 commissa

2413 2100 2554 2149 esse,
2589 2085 2975 2141 verosimiliter
3002 2084 3293 2140 oscitantia
3320 2085 3553 2151 librarii,
3592 2088 3703 2142 illis
3736 2089 3791 2142 in
3832 2088 3987 2152 locis,

2416 2175 2507 2229 ubi
2549 2189 2650 2245 ego
2681 2190 2779 2244 per
2815 2175 3026 2229 inclusa
3053 2176 3208 2230 hisce
3238 2176 3411 2246 signis
3440 2175 3494 2249 l]
3521 2178 3686 2233 verba
3730 2181 3988 2250 supplere

2412 2277 2644 2323 conatus
2677 2281 2818 2322 sum.
2869 2268 3017 2323 Inter
3067 2284 3204 2338 quas
3257 2271 3635 2325 correctiones
3675 2271 3844 2326 etiam
3887 2281 3987 2338 est,

2410 2358 2555 2429 quod
2590 2362 2810 2414 tertium
2861 2376 3061 2416 nomen
3103 2361 3421 2428 mulierum,
3464 2364 3624 2418 simul
3674 2381 3986 2434 passarum,

2412 2450 2683 2520 Perpetua
2730 2451 3168 2518 desiderabatur,
3219 2469 3342 2520 qua:
3393 2454 3446 2508 in
3484 2454 3674 2510 italico
3705 2465 3763 2510 et
3794 2457 3988 2512 Latino

2411 2541 2597 2597 Suera:
2625 2541 2908 2612 episcopo,
2936 2544 3128 2612 Agneti
3148 2551 3200 2598 et
3219 2543 3490 2599 Felicitati
3518 2547 3986 2601 subnectitur.Ex

2412 2639 2496 2692 his
2533 2646 2716 2693 autem
2750 2639 2885 2708 ipsis
2914 2640 3232 2694 nominibus
3271 2639 3497 2695 dubium
3529 2641 3663 2696 oriri
3691 2641 3890 2711 possit,
3923 2658 3985 2696 an

2409 2745 2599 2782 omnes
2644 2730 2732 2783 isti
2770 2745 2875 2783 una
2912 2745 3035 2783 cum
3064 2731 3341 2801 Stephano
3373 2734 3517 2803 passi
3551 2732 3759 2789 fuerint
3789 2734 3986 2788 saeculo

2407 2819 2610 2876 Christi
2643 2823 2837 2894 primo.
2869 2823 3004 2876 Acta
3028 2824 3276 2892 quidem,
3301 2826 3465 2879 etiam
3500 2826 3709 2892 Graeca,
3737 2842 3850 2880 non
3882 2839 3984 2880 tam

2407 2916 2633 2984 antiqua
2674 2925 2823 2980 sunt,
2851 2931 2953 2971 nec
3003 2917 3150 2981 talia,
3193 2927 3253 2971 ut
3296 2917 3430 2972 illud
3477 2920 3609 2988 ipsis
3659 2928 3779 2973 tuto
3835 2920 3984 2975 credi

2407 3007 2596 3075 possit.
2631 3005 2967 3061 Testimonia
3006 3008 3493 3080 Martyrologorum
3519 3010 3669 3064 nulla
3697 3011 3975 3079 reperiun-

2408 3107 2515 3150 tur.
2551 3095 2747 3152 Cultus
2779 3112 2883 3151 nec
2915 3098 3071 3152 valde
3103 3100 3366 3169 antiquus
3413 3101 3556 3169 apud
3596 3101 3848 3164 Latinos,
3887 3118 3983 3155 nec

732 3190 1178 3262 interpolatione.
1209 3191 1417 3245 Horum
1459 3205 1560 3261 ego
1591 3191 1928 3246 editionibus
1961 3191 2105 3248 inter
2148 3207 2205 3248 se
2248 3200 2304 3250 et
2334 3216 2376 3272 ρ
2411 3191 2566 3245 valde
2596 3189 2831 3244 celebris
2868 3189 2971 3245 fuit
3006 3200 3133 3245 ante
3165 3192 3421 3247 saeculum
3455 3209 3564 3246 xvii
3611 3194 3840 3262 quando
3869 3195 3984 3264 ejus

735 3299 854 3337 cum
889 3291 1036 3338 textu
1072 3291 1260 3339 nostro
1299 3283 1485 3339 Grceco
1514 3283 1745 3350 collatis,
1777 3299 2086 3355 quanquam
2112 3285 2305 3341 eodem

731 3375 846 3435 fere
881 3375 1128 3430 recidant
1157 3375 1362 3440 omnia,
1389 3375 1553 3430 malui
1588 3386 1768 3430 tamen
1805 3392 2001 3432 novam
2035 3377 2305 3448 interpre-

731 3469 997 3522 tationem
1027 3468 1227 3532 facere,
1258 3468 1604 3522 consimilem
1640 3478 1826 3524 nostro
1860 3485 1965 3525 ms.
1996 3469 2204 3536 Graeco,
2237 3472 2305 3524 il-

735 3562 951 3629 iamque
990 3559 1152 3613 simul
1188 3560 1529 3629 imprimere,
1575 3569 1634 3614 ut
1665 3561 1849 3615 omnia
1881 3563 2050 3633 magis
2074 3564 2305 3617 authen-

736 3655 840 3707 tica
865 3654 993 3707 sint.
1029 3652 1211 3708 Editio
1236 3651 1448 3724 Ughelii
1486 3654 1714 3725 propius
1738 3654 1942 3710 insistit
1980 3667 2170 3713 nostro
2200 3674 2302 3712 ms.

735 3743 920 3801 Graeco
957 3763 970 3800 :
1007 3745 1346 3802 Marailodna
1378 3755 1434 3800 et
1463 3746 1733 3800 Politiana
1762 3746 1816 3801 in
1843 3749 2033 3817 paucis
2054 3748 2305 3819 aliquan—

734 3838 848 3898 tum
871 3837 1222 3904 discordant;
1246 3846 1301 3892 et
1331 3838 1386 3892 in
1407 3836 1501 3892 illo
1523 3839 1819 3909 pracipue.
1844 3840 1988 3910 quod
2019 3841 2306 3909 designent

729 3931 876 3986 diem
948 3929 1199 4000 martyrii
1251 3929 1546 3999 septimum
1597 3929 1759 3997 Julii;
1815 3944 1977 4000 quem
2022 3927 2303 4002 Ughellus,

733 4031 920 4078 noster
957 4030 1138 4075 textus
1169 4019 1413 4085 Gnaeus,
1447 4020 1649 4074 Menaza
1689 4033 1744 4076 et
1783 4022 2082 4091 Menologia
2113 4022 2301 4085 citata,

735 4115 1069 4173 unanimiter
1097 4121 1358 4170 asserunt
1379 4113 1633 4182 quintum
1659 4115 1808 4171 Julii.

804 4207 840 4257 7
885 4204 1175 4261 Cornelius
1220 4219 1250 4259 a
1279 4203 1483 4274 Lapide
1519 4204 1573 4258 in
1607 4206 1737 4259 Acta
1769 4207 2138 4274 apostolorum
2182 4222 2302 4275 cap.

733 4299 927 4353 ultimo
975 4297 1040 4350 ad
1085 4294 1175 4351 illa
1226 4297 1415 4361 verba,
1473 4295 1780 4351 Dct'ent'mus
1831 4295 2112 4365 Rhegium,
2155 4315 2303 4353 COIII-

737 4399 1011 4455 mentans,
1037 4390 1188 4444 varia
1240 4387 1424 4452 habet,
1461 4404 1581 4457 quas
1623 4388 1747 4450 sibi,
1779 4400 1906 4443 tunc
1942 4375 2123 4445 R'uma:
2155 4406 2306 4443 C(Hll-

738 4486 997 4545 moranti,
1029 4481 1299 4537 submissa
1345 4482 1566 4538 fuerunt
1627 4499 1656 4536 a
1709 4480 2132 4552 Rhegiensibns,
2179 4482 2308 4536 viris

2410 3284 2762 3354 ampiillcatio
2796 3285 2967 3355 petita
3002 3285 3106 3340 fuit
3147 3302 3176 3340 a
3212 3286 3267 3341 S.
3303 3286 3527 3341 Rituum
3559 3288 3985 3356 congregatione

2411 3377 2596 3430 Roma:
2625 3386 2679 3429 et
2703 3377 2948 3440 obtenta,
2970 3391 3068 3445 per
3091 3377 3404 3432 facultatem
3431 3379 3740 3448 exponendi
3768 3379 3985 3448 publice

2410 3467 2702 3538 imaginem
2733 3468 2932 3532 sancti,
2974 3469 3204 3539 ejusque
3228 3469 3436 3522 nomini
3478 3470 3669 3523 altaria
3702 3480 3759 3524 et
3787 3469 3986 3538 templa

2409 3560 2749 3615 dedicandi:
2785 3577 2906 3630 qua:
2957 3570 3187 3615 eatenus
3247 3560 3394 3614 nulla
3447 3561 3725 3615 habuerit.
3786 3561 3986 3625 Locus,

2410 3655 2502 3711 ubi
2535 3655 2805 3726 sepultum
2833 3654 2933 3708 l‘uit
2957 3670 3156 3724 corpus
3182 3655 3235 3708 in
3266 3655 3594 3711 hodiernum
3621 3671 3797 3724 usque
3817 3658 3989 3720 diem.

2411 3749 2488 3802 uti
2523 3748 2716 3804 scribit
2744 3747 3040 3804 historicus
3076 3748 3403 3818 Rhegiensis
3434 3749 3643 3803 Politus
3677 3763 3826 3804 anno
3857 3749 3984 3803 1617

2411 3842 2642 3908 reperiri
2671 3855 2780 3892 non
2811 3840 3008 3908 potuit.

2479 3931 2530 3987 9.
2564 3930 2643 3984 Ex
2698 3928 2803 3992 his,
2841 3929 3089 3998 inquam,
3126 3926 3365 3982 dubitari
3406 3929 3602 3998 possit,
3638 3945 3709 3982 an
3764 3929 3826 3985 S.
3864 3930 3988 3986 Ste-

2410 4023 2624 4092 phanus
2646 4036 2768 4076 cum
2796 4019 2961 4074 sociis
2986 4020 3098 4074 suis
3128 4020 3444 4089 martyrium
3474 4034 3665 4089 passus
3697 4019 3768 4075 sit
3788 4021 3990 4076 saeculo

2413 4116 2621 4182 primo;
2649 4127 2823 4181 coque
2858 4112 3050 4181 magis,
3086 4113 3230 4180 quod
3269 4112 3400 4166 totis
3437 4113 3615 4166 tribus
3652 4114 3854 4182 primis
3886 4130 3989 4168 sa-

2409 4204 2549 4258 culis
2592 4204 2906 4274 episcopus.
2948 4217 3059 4256 sua:
3105 4201 3346 4257 civitatis
3383 4203 3544 4267 alius,
3579 4204 3989 4275 Rhegiensibus

2412 4317 2518 4354 non
2575 4300 2645 4353 sit
2687 4309 2870 4351 notus.
2911 4295 2968 4350 Si
3020 4294 3194 4360 dicas,
3237 4309 3336 4364 per
3384 4293 3737 4350 traditionem
3796 4309 3988 4352 notum

2411 4408 2530 4446 esse
2577 4389 2633 4442 S.
2670 4388 3008 4457 Stephanum
3067 4401 3166 4454 pro
3197 4386 3395 4441 saeculo
3446 4389 3663 4456 primo,
3718 4404 3988 4458 quaeram,

2413 4500 2511 4538 cur
2547 4482 2684 4538 alius
2713 4479 3004 4550 episcopus
3038 4493 3137 4548 pro
3177 4477 3372 4532 eodem
3419 4479 3619 4533 saeculo
3669 4489 3727 4532 et
3769 4479 3990 4536 duobus

738 4575 970 4631 eruditis
1013 4587 1067 4630 et
1123 4574 1398 4644 primariis
1435 4593 1444 4625 :
1483 4585 1644 4642 atque
1682 4590 1744 4628 ex
1780 4575 1996 4629 illorum
2043 4576 2145 4630 title
2195 4576 2307 4630 inec
2345 4554 2384 4605 ο
2416 4574 2796 4644 sequentibus,
2829 4574 3081 4629 similiter
3118 4583 3280 4630 notus
3307 4589 3416 4628 non
3450 4574 3538 4627 sit.
3581 4573 3826 4643 inquies.
3863 4577 3992 4645 quia

737 4677 970 4722 narrat:
1021 4687 1037 4718 ς
1083 4666 1220 4721 Silet
1278 4667 1367 4721 hic
1421 4666 1588 4718 multa
1641 4664 1833 4727 Lucas,
1894 4684 1954 4720 ac
2003 4672 2303 4736 pra‘scrtim

739 4759 1130 4832 Rhegiensium
1162 4774 1191 4812 a
1220 4759 1391 4814 Paulo
1423 4757 1858 4821 conversionem,
1902 4776 2010 4814 uno
2053 4760 2158 4822 die,
2199 4779 2306 4829 (ιυυ

737 4854 878 4925 apud
902 4867 996 4906 eos
1027 4852 1200 4916 haesit,
1229 4852 1427 4906 factam
1457 4869 1468 4903 :
1498 4865 1619 4920 quae
1651 4867 1715 4904 ex
1743 4852 1996 4906 Ecclesia
2031 4853 2307 4923 Riiegien-

731 4948 808 5000 sis
835 4943 1227 5008 monumentis,
1255 4944 1445 4998 eodem
1472 4957 1588 4996 aevo
1627 4945 1844 5010 (nempe
1877 4945 2076 4997 szeculo
2103 4946 2305 5000 Christi

737 5039 930 5109 primo)
967 5036 1155 5092 Graece
1208 5035 1557 5104 conscriptis,
1597 5049 1658 5088 ac
1710 5035 1908 5088 deinde
1963 5037 2014 5088 in
2053 5035 2307 5089 Latinum

737 5131 938 5186 idioma
989 5129 1288 5186 translatis.
1323 5139 1378 5182 ct
1427 5129 1480 5182 in
1549 5128 2001 5198 arehiepiscopali
2063 5131 2308 5184 archivin

738 5224 1054 5287 asservatis,
1080 5237 1108 5275 a
1138 5220 1546 5290 Rhegicnsibus
1594 5222 1726 5274 viris
1757 5224 1990 5277 eruditis
2020 5236 2073 5276 ct
2113 5224 2311 5293 prima-

738 5317 836 5370 riis
873 5315 940 5368 ad
977 5329 1064 5368 me
1090 5311 1316 5368 Romam
1350 5312 1690 5374 transmissa,
1726 5312 1815 5366 hic
1867 5313 2244 5368 transcriham.
2288 5332 2303 5363 ι

738 5405 1080 5465 Transcribit
1137 5416 1319 5458 autem
1383 5406 1456 5461 ibi
1508 5407 1639 5459 Acta
1693 5403 1881 5458 Latina
1937 5405 1992 5459 S.
2047 5405 2311 5474 Stephani

739 5499 1010 5570 episcopi,
1048 5514 1078 5552 a
1109 5497 1278 5558 Paulo
1307 5498 1554 5566 apostolo
1586 5496 2007 5564 Rhegiensibns,
2043 5508 2096 5551 ut
2134 5497 2306 5561 aiunt,

743 5596 798 5648 in
830 5591 1064 5646 transitu
1087 5591 1347 5652 ordinati,
1375 5605 1494 5658 quae
1541 5589 1642 5644 alia
1682 5603 1786 5641 non
1831 5601 1957 5645 sunt
2001 5605 2162 5659 Quam
2191 5607 2312 5660 quae

741 5701 840 5741 nos
870 5684 1010 5739 inira
1032 5683 1224 5737 damus
1251 5679 1696 5744 Graeco-Latina;
1734 5696 1836 5734 nec
1866 5693 2044 5736 tamen
2081 5681 2150 5736 ibi
2186 5693 2312 5737 sunt

744 5784 991 5847 integra;
1045 5792 1165 5828 nam
1225 5774 1479 5829 άεὲῑιιυηι
1540 5778 1592 5828 in
1644 5778 1900 5845 martyrio
1963 5775 2046 5828 his
2091 5776 2308 5831 verbis:

759 5869 964 5939 «ρειοεὶ
1019 5872 1164 5942 digni
1221 5871 1442 5928 luerunt
1496 5886 1597 5942 pro
1655 5867 1870 5924 Christo
1929 5871 2095 5938 meti;
2143 5893 2154 5921 ›
2211 5887 2312 5926 nec

2419 4667 2641 4735 antiqua
2697 4665 2936 4720 civitatis
2991 4664 3195 4733 scripta
3249 4663 3685 4728 interciderunt;
3738 4677 3994 4735 superest

2415 4774 2593 4816 autem
2629 4761 2736 4813 vita
2769 4760 2823 4814 S.
2869 4756 3155 4828 Stephani,
3191 4772 3313 4827 quae
3355 4756 3533 4826 ipsum
3567 4755 3620 4811 S.
3654 4756 3811 4811 Pauli
3865 4775 3994 4828 apo-

2416 4854 2538 4906 stoii
2565 4851 2894 4919 discipulum
2921 4849 3072 4916 facit,
3105 4849 3304 4904 Audio.
3339 4849 3444 4904 Sed
3478 4850 3567 4902 illa
3598 4849 3718 4917 ipsa
3744 4851 3859 4904 vita
3888 4867 3993 4906 non

2415 4942 2554 5011 sapit
2601 4941 2816 5010 longam
2849 4940 3253 5009 antiquitatem,
3289 4954 3390 4992 nec
3437 4947 3615 5008 potest
3653 4947 3784 4994 ante
3823 4957 3994 4997 s:ecu-

2416 5037 2527 5087 lum
2565 5033 2837 5088 decimum
2878 5033 3081 5101 scripta
3116 5030 3306 5095 fuisse,
3337 5030 3381 5083 si
3409 5046 3516 5084 non
3552 5030 3646 5086 diu
3674 5042 3822 5102 post.
3859 5033 3996 5102 Spa-

2419 5129 2494 5181 tio
2519 5137 2701 5180 autem
2734 5139 2953 5189 novem,
2991 5123 3202 5188 decem,
3231 5131 3325 5178 aut
3376 5123 3616 5193 plurium
3663 5124 3995 5180 saeculorum

2421 5231 2549 5273 tunc
2584 5221 2790 5290 elapso,
2827 5216 3047 5286 quando
3095 5217 3296 5287 scripta
3347 5217 3468 5282 fuit,
3518 5225 3705 5287 potest
3754 5218 3996 5289 scriptor

2418 5313 2588 5367 multa
2621 5313 2899 5382 ignorasse
2918 5312 2984 5365 de
3003 5311 3168 5380 gestis
3194 5309 3368 5364 sancti
3398 5310 3503 5371 sui,
3523 5312 3994 5379 quemadmodum

2420 5423 2564 5461 nunc
2595 5403 2729 5459 nihil
2764 5406 2832 5459 de
2862 5404 2966 5457 illis
3000 5401 3173 5457 scitur
3215 5415 3282 5455 ex
3331 5401 3660 5471 antiquitate
3700 5412 3912 5470 praeter
3935 5401 3996 5455 id

2419 5499 2565 5568 quod
2600 5497 2655 5552 in
2681 5497 2789 5553 vita
2826 5504 3123 5550 narrantur
3154 5513 3166 5547 :
3204 5504 3258 5548 et
3296 5493 3465 5563 magis
3499 5502 3680 5562 potest
3710 5493 3994 5563 ignorasse

2419 5600 2629 5645 certum
2664 5601 2879 5657 tempus
2902 5602 3012 5654 quo
3039 5587 3260 5650 vixerit,
3294 5584 3663 5657 martyrioqne
3699 5597 3996 5640 coronatus

2421 5685 2603 5740 fuerit.
2647 5683 2702 5736 in
2747 5681 2848 5734 hac
2885 5694 3046 5749 porro
3093 5679 3434 5749 ignoratione
3471 5687 3566 5732 aut
3595 5677 3836 5748 maligna
3887 5683 3991 5733 tra-

2420 5777 2644 5835 ditionis
2691 5773 2831 5843 vulgi
2870 5767 2993 5828 lnce
3032 5771 3273 5826 scribere
3323 5785 3522 5827 exorso
3570 5770 3749 5824 visum
3809 5770 3990 5833 fuerit,

2417 5873 2612 5942 aptiori
2653 5879 2892 5940 tempore
2943 5866 3279 5937 Stephanum
3325 5863 3520 5920 adduci
3570 5865 3850 5936 RhegiUm
3884 5879 3986 5920 non
