4180 6532
190 413 294 475 313

1144 410 1320 472 VITA
1362 409 1424 470 S.
1476 406 1854 467 STEPHANI
1895 405 1990 464 ET
2029 403 2446 466 SOCIORUM.

3331 407 3441 470 3H

187 539 368 593 posse,
408 539 576 592 quam
602 539 711 592 quo
737 522 934 577 Paulus
958 522 1237 591 apostolus
1263 522 1455 577 eodem
1485 523 1761 592 appulisse
1792 528 1837 582 Α
1867 533 1994 576 runt
2028 520 2318 590 Rhegium.
2355 521 2474 576 Non
2525 518 2786 574 dicuntur
2826 519 3021 573 urbem
3056 519 3311 582 intrasse,
3342 537 3442 577 ne-

186 617 516 681 sciebatur;
549 627 602 669 et
647 616 902 684 prazsumi
942 625 1179 684 poterat,
1213 615 1390 685 ipsum
1429 616 1630 670 ibidem
1667 631 1767 685 pro

185 723 242 762 se
274 708 522 776 aliquem
557 709 838 775 reliquisse
862 708 1201 776 episcopum.

261 801 349 853 10.
383 801 530 852 Tum
573 815 702 854 vero
730 800 898 867 quzeri
934 809 1110 866 potest
1139 799 1205 854 de
1237 799 1400 854 sociis
1438 809 1765 871 symmarty-

185 894 339 948 ribus
382 891 440 946 S.
477 893 766 960 Stephani,
799 890 970 944 Suera
999 891 1278 958 episcopo,
1313 901 1366 944 et
1400 893 1727 946 mulieribus
1749 934 1764 955 ,

181 991 420 1050 Agnete.
459 984 743 1038 Felicitate
772 991 827 1034 et
859 983 1148 1051 Perpetua,
1172 985 1310 1038 unde
1338 985 1457 1038 illos
1489 985 1767 1051 acceperit

182 1085 277 1130 aut
335 1086 630 1128 mutuatus
677 1074 816 1127 forte
865 1075 937 1128 sit
981 1075 1217 1142 scriptor
1253 1075 1407 1127 Vitr.
1436 1074 1608 1144 [Eque
1655 1079 1768 1128 haec

181 1167 423 1219 obscura
459 1162 683 1216 aliunde
707 1175 837 1217 sunt
867 1181 878 1214 :
919 1179 1018 1217 nec
1050 1164 1205 1217 facile
1231 1164 1464 1230 capiam,
1495 1167 1768 1232 quomodo

186 1258 295 1311 illis
335 1256 583 1308 inducta:
615 1256 898 1326 religionis
920 1256 1240 1308 Christianae
1268 1255 1455 1313 initiis.
1486 1255 1596 1310 duo
1624 1257 1771 1310 Rhe-

181 1347 251 1415 gii
302 1346 521 1398 fuerint
563 1346 830 1414 episcopi,
859 1345 1080 1412 quando
1114 1346 1180 1399 de
1213 1362 1321 1399 uno
1349 1348 1464 1399 solo
1495 1362 1602 1401 non
1631 1363 1767 1402 con-

182 1447 290 1491 stat
326 1448 515 1490 certo.
554 1437 624 1488 De
660 1438 988 1490 mulieribus
1017 1452 1236 1506 quoque
1270 1440 1506 1493 certiora
1549 1439 1767 1494 deside-

181 1528 287 1578 rari
323 1537 586 1592 possunt,
621 1541 686 1579 ne
721 1526 846 1594 quis
871 1537 1097 1596 cogatur
1123 1528 1412 1595 suspicari,
1445 1530 1768 1597 Perpetuam

179 1626 346 1681 atque
374 1614 745 1677 Felicitatem,
767 1617 1010 1667 omnium
1035 1616 1146 1669 fere
1167 1617 1516 1685 antiquarunt
1547 1619 1768 1672 Patrum

179 1702 408 1769 scriptis
442 1701 771 1763 celebratas,
804 1705 854 1755 in
879 1704 1058 1757 Africa
1085 1721 1207 1758 cum
1235 1708 1355 1758 aliis
1376 1707 1540 1760 sociis
1565 1719 1768 1776 marty-

180 1807 288 1859 res,
330 1793 566 1846 ineunte
597 1796 794 1848 szeculo
833 1797 991 1849 tertio
1030 1813 1236 1864 passas,
1270 1799 1538 1868 Rhegium
1575 1802 1768 1856 tradu-

180 1894 298 1937 ctas
325 1883 525 1938 fuisse.

251 1976 340 2028 Η.
381 1976 498 2044 Ego
525 1975 744 2043 quidem
779 1993 877 2045 per
911 1979 1023 2032 haec
1061 1980 1228 2034 dubia
1274 1999 1391 2037 mea
1425 1983 1561 2037 nihil
1606 1984 1768 2039 dero-

182 2077 370 2132 gatum
423 2065 588 2117 velim
629 2066 879 2132 veritati;
912 2068 1004 2121 Sed
1049 2073 1222 2137 magis
1254 2072 1441 2138 cupio,
1479 2075 1766 2126 veritatem

184 2172 249 2208 ex
291 2155 405 2208 illis
455 2155 811 2212 illustriorem
857 2159 970 2212 fieri
1013 2176 1106 2228 per
1143 2171 1299 2230 aptas
1333 2163 1400 2218 ad
1437 2163 1604 2216 dubia
1650 2180 1769 2218 mea

187 2247 589 2318 Rhegiensium
621 2251 938 2306 solutiones.
968 2254 1121 2310 Aliud
1151 2271 1370 2324 quoque
1399 2256 1632 2309 dubium
1665 2258 1771 2312 huc

190 2341 460 2406 pertinet,
503 2342 593 2394 ubi
629 2343 694 2396 de
729 2345 900 2413 prima
931 2345 1320 2416 Rhegiensium
1365 2350 1429 2402 ad
1467 2348 1675 2403 Christi
1711 2352 1773 2403 li-

190 2428 316 2482 dem
369 2432 736 2487 Conversione
785 2451 879 2503 per
927 2435 1153 2490 Paulum
1207 2440 1540 2506 apostolum,
1592 2456 1772 2495 sermo

191 2529 296 2574 est.
326 2523 683 2591 Popularium
723 2541 844 2585 vox,
871 2537 927 2578 et
960 2531 1358 2595 quodammodo
1389 2530 1770 2600 Evangelium,

193 2612 260 2665 de
284 2629 396 2681 quo
426 2615 679 2668 dubitare
713 2615 861 2667 nefas
888 2617 978 2675 sit.
1008 2620 1221 2671 insonat
1243 2620 1493 2681 auribus.
1523 2623 1769 2686 Paulum,

192 2719 317 2756 cum
352 2720 381 2756 e
409 2704 565 2774 Syria
595 2707 859 2775 Rhegium
885 2711 1206 2776 appulisset,
1230 2711 1513 2767 dueendus
1544 2715 1770 2769 Romam

193 2809 220 2846 a
255 2798 591 2851 centurione
638 2807 691 2851 ct
727 2801 1050 2855 custodibus
1079 2805 1194 2856 suis
1226 2802 1290 2859 ad
1328 2806 1566 2860 tribunal
1599 2806 1775 2862 Caesa-

191 2887 292 2945 ris.
347 2889 403 2940 in
447 2888 699 2959 ingressu
746 2893 896 2946 urbis
943 2894 1287 2962 thcgiensis,
1335 2898 1564 2966 ccepisse
1610 2898 1772 2952 Chri-

193 2987 341 3030 stum
381 2983 715 3034 annuntiare
752 3000 765 3033 :
806 2983 1011 3034 incolas
1049 2996 1230 3036 autem
1283 2987 1558 3040 obstinato
1588 2989 1772 3041 animo

191 3072 240 3122 ei
273 3071 629 3137 prohibuisse
659 3071 966 3126 istiusmodi
998 3086 1211 3130 annunt
1235 3077 1515 3146 ationem;
1553 3081 1769 3136 tandem

1867 612 1994 666 dum
2042 627 2251 665 moram
2302 611 2557 666 diurnam
2608 610 2683 664 ibi
2731 609 2956 676 fecisse;
2991 612 3084 665 sed
3120 613 3305 680 potius
3336 614 3443 668 iter

1867 705 2164 774 prosecuti,
2189 721 2217 757 e
2243 713 2542 772 conspectu
2578 701 2792 772 Rhegii,
2823 703 3041 758 favente
3072 716 3282 768 austro,
3318 715 3444 773 post

1870 815 2035 853 unum
2098 798 2244 851 diem
2305 797 2691 866 navigationis.
2741 806 3008 850 venerunt
3059 798 3148 851 die
3194 800 3440 852 secundo

1868 889 2144 944 Puteolos.
2191 889 2378 957 Neque
2408 888 2581 949 enim,
2614 889 2658 941 si
2694 904 2801 941 uno
2824 889 2912 941 die
2940 889 3132 957 Rhogii
3167 889 3443 942 substitis-

1868 990 2011 1043 sent,
2060 980 2366 1049 potuissent
2419 980 2507 1031 die
2571 980 2812 1033 secundo
2858 980 3115 1034 Puteolos
3171 982 3440 1048 attigisse,

1868 1074 2286 1142 quibuscunque
2318 1071 2593 1125 stantibus
2622 1073 2820 1137 ventis,
2842 1081 3061 1141 pr0pter
3087 1073 3438 1142 longinquam

1868 1166 2110 1222 locorum
2148 1164 2483 1218 distantiam.

1943 1257 2025 1311 t5.
2060 1258 2135 1311 ita
2170 1258 2448 1311 intellecto
2479 1256 2617 1311 sacri
2648 1255 2932 1324 seriptoris
2967 1265 3140 1312 textu.
3169 1255 3245 1308 uti
3280 1255 3440 1324 plano

1866 1348 2084 1401 videtur
2125 1349 2350 1416 intelligi
2387 1349 2587 1402 debere
2612 1387 2627 1409 ,
2667 1348 2942 1400 evanescit
2979 1347 3288 1415 prodigium
3343 1361 3442 1397 co-

1868 1440 2068 1494 lumna:
2111 1456 2432 1494 marmoreae
2483 1440 2727 1493 ardentis
2757 1439 2808 1491 in
2837 1439 3252 1491 conversionem
3293 1436 3444 1489 Rbe-

1868 1532 2158 1602 gicnsium.
2195 1533 2306 1584 imo
2339 1541 2390 1584 et
2439 1531 2728 1584 conversio
2768 1530 3011 1598 ipsorum
3051 1545 3147 1595 per
3183 1526 3438 1590 Paulum,

1869 1632 1922 1675 et
1957 1621 2230 1674 ordinatio
2265 1619 2526 1687 Stepbani
2562 1627 2692 1671 tunc
2716 1619 2980 1685 temporis
3007 1618 3058 1669 in
3093 1617 3440 1683 episcopum.

1871 1713 2021 1777 Quod
2053 1711 2096 1762 si
2135 1710 2258 1783 quis
2282 1710 2445 1762 etiam
2479 1709 2754 1761 sustinere
2794 1704 2945 1764 velit,
2985 1703 3211 1755 Paulum
3244 1703 3442 1754 civita-

1876 1811 1980 1856 tem
2039 1801 2340 1871 ingressum
2403 1800 2589 1858 fuisse.
2640 1798 2824 1866 ibique
2871 1785 2960 1848 die
2999 1810 3108 1846 uno
3151 1793 3440 1854 mansisse,

1799 1866 1840 1921 Β
1875 1893 2116 1947 nondum
2170 1894 2423 1946 columna
2474 1906 2781 1944 marmorea
2827 1892 3047 1942 arserit.
3076 1885 3215 1953 Quid
3257 1883 3444 1940 enim?

1873 1983 1924 2037 Si
1967 1984 2015 2036 id
2060 1982 2262 2037 factum
2300 1982 2513 2043 fuisset,
2553 1983 2747 2044 Lucas,
2801 1981 2952 2035 Pauli
3002 1982 3206 2039 socius,
3253 1978 3443 2044 utique

1870 2077 2142 2131 scivisset.
2203 2075 2259 2130 Si
2308 2076 2578 2136 scivisset,
2627 2076 2815 2141 utique
2865 2074 3202 2139 scripsisset.
3245 2067 3442 2136 Utpote

1870 2169 1963 2236 qui
1999 2171 2169 2222 multo
2203 2170 2412 2222 minora
2449 2166 2596 2220 Pauli
2647 2175 2797 2236 gesta
2851 2164 2904 2218 in
2948 2164 3127 2217 Melita
3168 2161 3344 2215 insula
3385 2166 3442 2213 et

1871 2260 2020 2320 alibi,
2056 2271 2159 2311 tam
2198 2259 2388 2311 sedulo
2419 2259 2471 2310 in
2504 2258 2827 2313 memoriam
2866 2256 3205 2325 posteritatis
3236 2252 3444 2320 scripto

1874 2353 2236 2422 consignavir.
2271 2349 2455 2405 Utitur
2493 2349 2546 2402 in
2589 2364 2645 2402 re
2679 2346 2868 2406 simili,
2899 2347 3060 2400 simili
3099 2353 3444 2411 argumenta-

1876 2446 2022 2498 tione
2053 2442 2109 2498 S.
2137 2442 2522 2511 Hieronymus.
2561 2437 2867 2507 Legebatnr
2895 2437 3070 2506 ipsius
3099 2435 3281 2490 adhuc
3307 2443 3444 2487 tem-

1875 2547 2006 2603 pore
2037 2534 2176 2586 liber
2214 2534 2277 2586 de
2314 2533 2481 2602 gestis
2511 2530 2660 2586 Pauli
2696 2541 2748 2584 et
2774 2529 3012 2590 Theclac,
3054 2528 3107 2581 in
3143 2542 3251 2595 quo
3291 2536 3347 2579 et
3375 2527 3442 2579 de

1875 2624 2146 2692 baptizato
2177 2625 2333 2676 leone
2362 2622 2706 2675 narrabatur.
2735 2621 2889 2684 Quod
2932 2619 3270 2673 refutaturus
3301 2618 3438 2686 ipse,

1871 2717 1952 2772 sic
1984 2717 2060 2769 ait
2098 2733 2108 2766 :
2149 2735 2166 2766 ι
2205 2715 2372 2784 Igitur
2405 2714 2690 2782 Περιόδῠυς
2747 2712 2895 2766 Pauli
2927 2720 2981 2765 et
3005 2711 3236 2767 Theclac.
3272 2710 3326 2761 et
3357 2718 3443 2761 to-

1873 2817 1983 2863 tam
2035 2808 2290 2876 baptizati
2349 2807 2526 2862 leonis
2582 2806 2845 2866 fabulam,
2908 2803 3051 2857 inter
3095 2801 3441 2872 apocrypha:

1874 2904 2172 2970 scripturas
2203 2913 2600 2971 computamus.
2631 2900 2797 2966 Quale
2831 2899 2976 2954 enim
3014 2907 3119 2959 est,
3147 2907 3208 2950 ut
3237 2895 3440 2950 indivi-

1873 2995 2015 3050 duus
2039 3009 2224 3046 comes
2259 2995 2502 3061 Apostoli
2539 2997 2733 3054 Lucas.
2765 2995 2905 3048 inter
2933 2998 3159 3046 exieras
3187 2991 3307 3060 ejus
3334 3003 3442 3051 res,

1875 3087 1978 3141 hoc
2003 3085 2180 3140 solum
2211 3085 2584 3154 ignoraverit?
2628 3106 2646 3138 ι
2683 3087 2948 3140 Similiter
2982 3084 3257 3151 quomodo
3294 3081 3443 3134 idem

197 3169 403 3261 umT’
440 3161 773 3229 deprecmue
804 3165 991 3229 Ρ²¹¹¹¹⁰’
1026 3179 1085 3222 ut
1118 3183 1174 3222 se
1214 3170 1484 3227 (Ποουῑθιη
1518 3174 1771 3229 ωιάίτειιι
1798 3206 1840 3261 c
1877 3180 2228 3252 ignoraverit,
2280 3195 2566 3234 accensam
2615 3194 2644 3232 a
2692 3194 2856 3248 parva
2894 3175 3203 3232 camlelula.
3243 3173 3443 3243 praedi-

195 3252 414 3303 tantillo
442 3263 712 3320 tempore,
745 3270 853 3323 quo
877 3259 1159 3323 parvulum
1185 3260 1426 3313 candela:
1453 3261 1767 3329 frustulum,

192 3344 339 3412 quod
370 3361 537 3400 manu
569 3348 790 3400 tenebat
824 3363 1137 3415 accensum,
1171 3351 1540 3421 deflagrasset,
1575 3355 1625 3409 id
1654 3371 1772 3424 per-

195 3439 434 3492 misisse.
505 3439 644 3492 Tum
707 3456 838 3493 vero
910 3443 1140 3496 Paulum
1208 3448 1449 3500 candela:
1531 3450 1773 3505 ardentis

194 3528 492 3580 frustulum
521 3529 848 3595 imposuisse
878 3531 1200 3596 columellae,
1233 3551 1351 3602 quae
1374 3537 1510 3591 forte
1535 3543 1766 3604 astabat,

195 3637 560 3684 marmoreae;
597 3632 653 3675 et
699 3621 838 3677 hanc
882 3625 1216 3693 columnam,
1251 3641 1570 3699 consumpta
1618 3634 1770 3686 brevi

196 3710 484 3765 candelula
553 3710 824 3769 ﬂanmiam
869 3719 1188 3787 concepisse
1245 3727 1300 3773 et
1343 3723 1649 3788 perrexisse
1684 3740 1774 3778 ar-

195 3802 351 3857 dere.
386 3803 508 3869 Quo
543 3804 660 3873 ving
691 3807 961 3879 prodigio,
1000 3811 1207 3864 incolas
1235 3810 1395 3866 fidem
1426 3812 1630 3870 Christi
1658 3832 1774 3870 am-

194 3896 445 3965 plexatos
475 3895 670 3951 fuisse.

271 3987 358 4039 12.
398 3985 516 4041 Hoc
553 3988 778 4054 factum,
811 4006 918 4045 non
952 4003 1160 4048 tantum
1193 3995 1336 4066 vulgi
1367 4011 1644 4060 sermone,
1675 3997 1771 4053 sed

196 4077 366 4133 etiam
409 4080 621 4150 scripto
655 4082 968 4140 celebratur
1002 4104 1030 4141 a
1060 4087 1234 4143 Marco
1261 4089 1496 4144 Antonio
1530 4090 1688 4144 Politi
1717 4091 1772 4144 in

196 4167 476 4226 Chronico
511 4170 802 4241 Rhegiensi
853 4191 974 4244 pag.
1007 4177 1096 4241 8U,
1153 4179 1247 4232 sed
1294 4179 1474 4233 obiter
1529 4187 1770 4234 tantum.

197 4261 443 4317 Primum
481 4263 618 4316 mihi
666 4265 720 4317 in
755 4265 837 4319 his
872 4268 1100 4322 dubium
1146 4276 1253 4329 est,
1300 4280 1484 4322 utrum
1539 4268 1769 4326 Paulum

199 4352 395 4424 Bbegii
435 4354 705 4410 miracula
737 4356 949 4420 fecerit,
984 4366 1078 4414 aut
1113 4359 1326 4432 aliquos
1355 4361 1420 4415 ad
1449 4361 1609 4416 fidem
1640 4379 1770 4417 con-

198 4447 454 4506 verterit.
491 4448 604 4500 imo
651 4464 717 4502 an
751 4449 904 4504 istam
940 4453 1132 4507 urbem
1171 4469 1236 4507 ex
1282 4454 1626 4524 navigatione
1679 4455 1770 4512 illa

1874 3283 2033 3327 cante
2073 3274 2261 3341 Rhegii
2310 3274 2497 3335 Paulo,
2535 3273 2842 3325 columnam
2879 3282 3239 3323 marmoream
3273 3266 3444 3320 arsis-

1874 3365 1975 3418 se?
2004 3383 2022 3414 ι
2062 3365 2228 3416 Addit
2256 3362 2623 3432 Hieronymus
2651 3378 2716 3414 ex
2750 3361 3110 3423 Tertulliano,
3149 3376 3168 3408 ι
3211 3357 3445 3426 Presby-

1878 3466 2052 3511 terum
2078 3454 2368 3524 quemdam
2399 3455 2452 3506 in
2484 3453 2611 3506 Asia
2643 3452 2987 3518 σπουδαστήν
3009 3448 3239 3518 apostoli
3271 3447 3442 3508 Pauli,

1875 3543 2188 3598 convictum
2216 3556 2338 3596 esse
2367 3540 2510 3610 apud
2538 3540 2827 3603 Joannem,
2863 3537 3009 3607 quod
3052 3546 3246 3590 auctor
3299 3544 3446 3590 esset

1875 3635 2022 3698 libri,
2053 3646 2108 3687 et
2140 3635 2474 3691 confessum.
2499 3647 2557 3685 se
2587 3634 2690 3685 hoc
2721 3631 2872 3685 Pauli
2909 3643 3096 3682 amore
3129 3626 3322 3681 fecisse
3347 3641 3364 3682 ι
3390 3631 3447 3676 et

1874 3727 1944 3779 ob
1971 3727 2022 3778 id
2053 3726 2119 3780 de
2148 3727 2268 3780 loco
2294 3724 2585 3778 excidisse.
2623 3741 2640 3772 ι
2674 3722 2840 3790 Digna
2876 3719 3160 3772 lictoribus
3195 3719 3248 3769 in
3281 3716 3449 3769 rebus

1875 3818 2046 3873 sacris
2071 3833 2137 3872 ac
2167 3818 2327 3872 seriis
2351 3832 2530 3884 pinna,
2555 3815 2672 3869 sive
2704 3811 2962 3866 finxerint
2984 3823 3170 3863 amore
3200 3821 3449 3877 persona

1874 3909 2120 3978 privatae,
2145 3907 2260 3960 sive
2286 3920 2471 3958 amore
2494 3904 2704 3971 patrias,
2730 3910 2786 3954 ut
2811 3917 2899 3954 res
2929 3902 3050 3969 ejus
3083 3909 3260 3968 gestas
3283 3910 3448 3966 quam

1874 4001 2141 4055 altissime
2169 4007 2443 4067 repetant,
2473 4005 2568 4050 aut
2594 3994 3018 4050 conversionem
3048 3992 3167 4063 ejus
3196 3989 3261 4043 ad
3289 3988 3450 4044 Chri-

1875 4095 1943 4148 sti
1983 4093 2143 4148 fidem
2180 4095 2246 4146 ab
2277 4089 2544 4158 apostolis
2575 4086 2874 4140 deducant.

1947 4187 2032 4240 Η.
2066 4183 2435 4239 Procedamus
2468 4193 2656 4250 porro.
2696 4177 2816 4233 Non
2854 4185 3070 4232 tantum
3109 4174 3262 4231 Pauli
3311 4181 3452 4227 tem-

1873 4291 2005 4346 pore
2052 4275 2296 4343 ignotum
2351 4271 2456 4323 fuit
2508 4269 2818 4339 prodigium
2866 4267 3115 4321 ardentis
3159 4265 3449 4327 columna,

1871 4381 2062 4421 verum
2103 4365 2267 4420 etiam
2307 4362 2458 4416 mille
2500 4360 2662 4417 annis
2701 4368 2844 4430 post,
2879 4374 3055 4428 usque
3099 4359 3165 4412 ad
3213 4367 3446 4426 tempus,

1874 4476 1982 4530 quo
2038 4458 2296 4525 primaria
2351 4455 2410 4508 S.
2464 4453 2726 4523 Stephani
2786 4452 2931 4516 vita,
2997 4465 3159 4521 quam
3225 4447 3448 4504 Graeco-

200 4540 510 4593 intraverit.
546 4539 749 4594 Scribit
780 4542 969 4607 Lucas,
1002 4559 1184 4599 comes
1222 4545 1276 4601 S.
1323 4547 1474 4601 Pauli
1515 4548 1570 4603 in
1617 4549 1771 4603 navi-
1805 4554 1852 4612 ι)
1881 4552 2126 4605 Latinam
2159 4549 2377 4611 damus,
2411 4547 2720 4612 conscripta
2759 4541 2883 4596 fuit.
2927 4543 3056 4612 Ejus
3099 4541 3301 4611 quippe
3357 4555 3452 4592 au-

198 4633 420 4703 gatione
473 4632 1007 4705 Syriaco-Romano,
1054 4654 1174 4707 qua:
1218 4639 1387 4702 vidit;
1431 4649 1485 4693 et
1520 4651 1772 4699 accurate

198 4735 355 4779 notat
383 4741 594 4779 moram
646 4742 806 4794 quam
837 4728 888 4781 in
918 4730 1231 4784 civitatibus
1263 4730 1440 4786 obviis
1467 4742 1769 4797 traxorunt,

199 4817 294 4873 Sic
327 4817 539 4881 Melitaz,
568 4817 664 4879 ait,
697 4817 1015 4875 hibernasse
1047 4824 1277 4889 Paulum
1315 4833 1424 4878 tres
1451 4842 1687 4890 menses,
1719 4834 1774 4880 et

198 4924 324 4977 qua:
361 4908 566 4964 ibidem
604 4909 810 4964 interea
842 4911 970 4964 fecit
1009 4913 1267 4966 miracula
1296 4925 1349 4967 et
1385 4917 1775 4972 conversiones

196 5001 512 5076 gentilium,
572 5002 852 5061 describit.
914 5005 1199 5076 Syracusis
1267 5007 1450 5060 triduo
1507 5009 1772 5062 substite-

201 5110 368 5164 runt;
420 5099 673 5152 Puteolis
730 5106 917 5167 rogatu
979 5097 1208 5152 fratrum
1273 5108 1592 5152 manserunt
1655 5100 1775 5153 dies

198 5207 431 5264 septem.
474 5193 548 5246 De
571 5191 778 5260 Rhegio
806 5199 984 5245 autem
1017 5190 1152 5244 nihil
1184 5191 1362 5246 simile
1392 5192 1644 5247 meminit
1666 5191 1773 5244 Lu-

196 5301 274 5338 cae
308 5294 510 5339 textus.
557 5282 636 5336 En
675 5285 856 5344 verba,
887 5287 1146 5336 Actorum
1192 5297 1311 5350 cap.
1346 5282 1425 5334 ult
1461 5301 1473 5335 :
1504 5301 1520 5331 ‹
1558 5283 1771 5336 Etcum

197 5378 546 5430 venissemus
585 5373 931 5444 Syracusam,
969 5375 1271 5428 mansimus
1305 5374 1377 5427 ibi
1412 5375 1614 5429 triduo.
1644 5375 1773 5428 inde

197 5470 685 5537 circutnlegentcs,
713 5467 1034 5521 devenimus
1063 5467 1351 5535 Rhegium,
1375 5474 1570 5535 etpost
1603 5483 1771 5520 unum

196 5568 366 5623 diem,
399 5570 584 5616 stante
621 5569 842 5624 austro;
885 5558 1128 5612 secundo
1171 5557 1258 5612 die
1289 5557 1539 5611 venimus
1583 5559 1776 5611 Puteo-

196 5657 298 5716 los,
337 5653 430 5707 ubi
482 5650 726 5706 inventis
773 5650 1055 5713 fratribus,
1100 5649 1270 5719 rogati
1318 5665 1508 5703 sumus
1556 5665 1773 5704 manere

197 5749 336 5828 apud
373 5762 493 5808 eos,
534 5745 658 5798 dies
684 5753 888 5812 septem
922 5761 933 5796 :
976 5753 1030 5797 et
1061 5742 1140 5798 sic
1177 5743 1428 5797 venimus
1461 5743 1707 5796 Romam.
1749 5760 1766 5793 ι

196 5843 362 5913 Igitur
391 5839 603 5895 Paulus
638 5845 691 5891 ct
715 5835 905 5905 Lucas,
945 5837 1263 5906 navigantes
1300 5836 1566 5903 Syracusa
1602 5852 1771 5894 veno-

1882 4651 2022 4706 ctor,
2049 4640 2304 4710 quamvis
2327 4637 2553 4692 Paulum
2583 4635 2803 4692 inducat
2839 4632 3148 4702 Rhegium:
3175 4631 3361 4698 ibique
3389 4629 3452 4681 fi-

1881 4736 2005 4790 dem
2048 4732 2425 4791 annuntiasse.
2464 4731 2667 4783 multos
2701 4726 3035 4794 baptizasse,
3076 4731 3240 4792 atque
3283 4719 3451 4775 etiam

1883 4828 2232 4898 presbyteros
2268 4832 2322 4878 et
2352 4823 2640 4891 episcopos
2678 4818 2963 4873 ordinasse
2997 4817 3165 4880 dicat,
3201 4815 3450 4883 adeoque

1883 4920 2076 4973 innuat
2108 4917 2410 4985 longiorem
2447 4928 2654 4967 moram
2699 4910 2903 4964 ibidem
2946 4914 3221 4970 traxisse;
3266 4915 3450 4960 tamen

1882 5025 1983 5064 suo
2015 5020 2259 5077 tempore
2290 5006 2529 5059 nondum
2564 5003 2747 5060 scivit.
2779 5000 2924 5069 quod
2955 5000 3144 5053 incola:
3169 4998 3451 5068 Rhegion-

1884 5116 1970 5154 scs
2004 5099 2158 5152 initio
2191 5096 2544 5166 pertinaciter
2580 5091 2968 5163 prohibuerint
2999 5088 3165 5143 Paulo
3187 5090 3438 5158 pratdica-

1884 5209 1941 5246 re
1994 5191 2175 5252 fidem,
2231 5188 2428 5243 deinde
2479 5201 2610 5238 vero
2661 5199 2758 5253 per
2817 5181 3125 5250 prodigium
3181 5181 3452 5234 columna

1885 5297 2204 5339 marmoreae
2231 5281 2475 5335 ardentis
2519 5276 2768 5332 conversi
2799 5274 2866 5327 ab
2891 5275 3010 5341 ipso
3042 5272 3270 5328 fuerint.
3305 5269 3448 5336 Quin

1888 5377 1997 5429 imo
2031 5374 2162 5428 satis
2201 5372 2444 5427 declarat
2475 5379 2668 5423 auctor
2701 5366 2842 5428 vitae,
2875 5364 3212 5433 Rhegienses
3237 5361 3313 5415 ab
3345 5360 3452 5415 ini-

1886 5467 1982 5529 tio,
2019 5466 2227 5534 absque
2270 5463 2380 5517 ullo
2423 5457 2684 5528 singulari
2725 5454 3011 5515 miraculo,
3058 5451 3284 5505 Paulum
3317 5466 3452 5504 cou-

1883 5559 2193 5612 cionantem
2219 5567 2421 5624 pronos
2449 5549 2784 5604 auscultasse
2816 5562 2830 5600 :
2864 5555 2919 5598 et
2945 5543 3108 5598 sicuti
3143 5553 3285 5596 terra
3310 5541 3450 5595 bona

1884 5657 2202 5716 susceptum
2232 5657 2418 5699 semen
2453 5638 2779 5708 multiplicat
2817 5634 3155 5703 centuplum.
3207 5631 3279 5684 ita
3329 5633 3450 5686 illos

1884 5738 2189 5809 suscepisse
2235 5734 2463 5790 verbum
2501 5731 2595 5786 Dei
2633 5746 2698 5785 ex
2727 5744 2823 5782 ore
2855 5726 3034 5781 Pauli.
3072 5723 3242 5779 Debet
3283 5724 3452 5792 igitur

1885 5833 2068 5890 fabula
2100 5832 2200 5888 ista
2229 5828 2467 5899 primum
2500 5836 2628 5882 nata
2651 5823 2818 5880 fuisse
2846 5821 2902 5878 in
2935 5817 3146 5888 vulgus,
3170 5824 3291 5887 post
3320 5825 3445 5872 ata-
