4180 6490
689 403 800 465 315

2024 394 2302 454 MENSIS
2334 388 2628 449 JULIUS.

3835 369 3937 432 316

691 525 802 570 tem
835 513 968 568 dicti
1000 514 1289 581 scriptoris
1322 523 1376 566 et
1409 513 1549 567 forte
1586 512 1679 568 diu
1713 523 1852 583 post,
1887 529 1952 566 ex
1982 512 2142 566 otiosi
2171 511 2268 563 ali-
2297 511 2342 567 Α
2373 501 2626 571 discipuli
2658 509 2752 554 aut
2787 497 2994 552 Christi
3023 494 3262 556 Domini,
3296 501 3391 546 aut
3417 500 3738 544 sanctorum
3767 487 3937 549 Petri.

693 610 850 677 cujus
905 606 1157 671 cerebro,
1207 622 1326 675 qua:
1370 622 1498 660 mox
1551 609 1711 676 vulgo
1760 606 2046 675 placuerit,
2099 616 2263 673 atque

692 701 856 755 etiam
898 715 929 753 a
965 700 1223 768 pra-dicto
1258 699 1681 770 chronographo
1721 700 2043 776 Rhegiensi,
2081 699 2265 753 Marco

694 790 932 844 Antonio
964 790 1147 852 Politi,
1193 801 1412 858 recepta
1460 791 1643 846 fuerit.
1703 792 2081 861 Scriptor-ibus
2119 792 2265 853 aliis,

695 882 997 936 Maraliotio
1031 883 1083 935 in
1119 883 1395 938 Chronico
1422 884 1710 945 Calabriae.
1748 896 1914 956 atque
1957 886 2184 956 Ughello
2213 885 2268 937 in

697 972 968 1041 episcopis
1011 973 1453 1040 thcgiensibus;
1492 977 1620 1029 item
1653 978 1823 1031 Paulo
1879 977 2156 1032 Gualterio
2213 977 2266 1029 in

697 1062 960 1116 Calabriae
1002 1063 1237 1129 Sanctis,
1270 1073 1324 1120 et
1367 1067 1488 1120 Vita
1517 1066 1570 1121 8.
1601 1067 1886 1136 Stephani,
1921 1070 2012 1136 qui
2055 1077 2183 1120 ante
2219 1076 2274 1120 et

701 1164 823 1224 pust
890 1156 1149 1214 Politum.
1215 1174 1312 1212 sua
1361 1159 1692 1224 ediderunt,
1751 1176 1858 1214 non
1922 1162 2071 1214 ausis
2133 1177 2273 1230 pra":-

702 1248 836 1301 dicti
896 1249 1154 1317 prodigii,
1204 1265 1266 1304 ac
1301 1251 1420 1306 talis
1470 1252 1844 1306 conversionis
1883 1254 2272 1324 Rhegiensium

703 1338 768 1391 ad
821 1338 982 1393 fidem
1022 1339 1254 1404 Christi,
1310 1342 1392 1394 vel
1429 1341 1596 1394 verbo
1642 1343 1972 1403 meminisse.
2009 1350 2152 1415 quod
2200 1348 2274 1401 fa-

705 1445 868 1483 eram.

781 1521 863 1574 15.
899 1521 1186 1592 Superest,
1225 1535 1285 1578 ut
1315 1524 1383 1579 de
1418 1535 1576 1581 actate
1611 1527 1664 1581 S.
1698 1527 1962 1597 Stephani
2010 1540 2065 1584 et
2103 1535 2280 1588 socio-

709 1629 827 1665 rum
874 1615 992 1684 ejus
1021 1628 1346 1687 martyrum,
1377 1619 1603 1673 verbum
1641 1621 1926 1677 addamus.
1971 1623 2112 1679 Satis
2146 1643 2280 1681 con-

711 1713 857 1756 stare
931 1716 1111 1773 potest
1163 1725 1230 1762 ex
1290 1709 1560 1762 hactenus
1629 1712 1952 1778 disputatis,
2021 1715 2196 1782 ipsum
2253 1733 2281 1770 a

2369 597 2521 653 Pauli
2551 602 2645 647 aut
2664 589 2985 650 Clementis,
3011 596 3143 647 elc.,
3174 583 3433 652 quodque
3461 580 3715 634 venerint
3742 577 3939 647 praedi-

2370 703 2493 741 care
2529 681 2881 750 Evangelium
2913 677 2968 728 in
3001 687 3177 729 vastas
3208 673 3371 726 hasce
3400 668 3713 739 provincias
3741 667 3941 721 saeculo

2373 779 2548 846 primo
2596 770 3025 833 Christianismi,
3081 767 3134 821 S.
3188 764 3446 820 Ursinum
3487 760 3938 820 Bituricensium,

2375 870 2433 922 S.
2467 865 2914 921 Austremonium
2958 864 3358 920 Arvernorum,
3395 856 3450 910 8.
3491 853 3794 908 Martialem
3840 851 3942 904 Le-

2377 957 2797 1016 movicensium,
2858 954 2953 1014 8.,
2985 952 3316 1006 Frontonem
3385 941 3942 1001 Petrocoriccnsium,

2378 1048 2433 1102 S.
2467 1046 2826 1112 Eutrophium
2854 1040 3302 1102 Santonensium,
3343 1056 3361 1088 ι
3403 1045 3457 1089 et
3491 1047 3628 1104 quos
3661 1046 3830 1101 porro
3861 1046 3948 1083 re-

2378 1146 2565 1190 cenSet
2594 1150 2786 1204 magno
2813 1146 3041 1185 numero
3072 1129 3207 1182 alios
3245 1145 3256 1178 :
3295 1146 3314 1178 ι
3349 1139 3486 1195 quos
3517 1124 3716 1190 inquit,
3743 1119 3951 1173 doctis-

2382 1227 2505 1280 simi
2568 1224 2692 1288 viri,
2753 1224 2950 1283 Faber,
3010 1221 3338 1287 Bosquctus,
3387 1214 3695 1282 Launoyus,
3766 1211 3952 1263 Patres

2384 1317 2715 1371 Sirmundus
2747 1325 2802 1369 et
2833 1313 3108 1375 Petavius,
3142 1310 3344 1378 aliique
3372 1307 3578 1376 plures,
3612 1309 3954 1357 censuerunt

2383 1425 2489 1464 non
2550 1409 2767 1463 venisse
2831 1406 2935 1460 nisi
2989 1404 3190 1459 saeculo
3222 1402 3384 1456 tertio
3429 1412 3524 1453 aut
3557 1408 3780 1468 quarto.
3814 1415 3830 1445 ι
3880 1393 3954 1447 De

2384 1501 2665 1554 nonnullis
2699 1507 3014 1553 sanctorum
3045 1494 3260 1547 illorum
3291 1499 3346 1545 et
3375 1506 3475 1544 nos
3499 1489 3864 1542 tractavimus
3902 1485 3955 1536 in

2385 1593 2534 1648 Actis
2589 1592 2815 1652 nostris,
2868 1600 2922 1644 et
2972 1589 3085 1643 fere
3143 1584 3520 1639 consentimus
3579 1596 3705 1634 cum
3774 1580 3956 1634 citatis

2388 1685 2731 1740 auctoribus.

711 1797 777 1902 S.‘
797 1799 966 1852 Paulo
994 1816 1024 1853 e
1058 1801 1407 1870 navigatione
1434 1803 1937 1873 Syriztcosltomana
1967 1809 2282 1877 cpisc0pum
2315 1844 2361 1902 Β
2461 1800 2546 1853 I7-
2582 1798 2637 1852 1η
2681 1797 2865 1851 SiCilia
2907 1811 3127 1864 quoque
3171 1789 3517 1863 Syracusani.
3568 1789 3662 1857 (ιυῑ
3709 1797 3961 1840 unum“

713 1884 909 1958 Ithegii
959 1894 1320 1948 constitutum
1372 1911 1481 1949 non
1527 1887 1697 1951 fuisse
1729 1917 1742 1952 :
1773 1899 1823 1951 id
1868 1901 2088 1955 interim
2135 1904 2287 1957 aiunt

722 1981 1079 2047 Ilhegienses,
1115 1994 1278 2051 atque
1312 1985 1450 2038 adeo
1491 2001 1553 2039 ex
1605 1987 1822 2040 illorum
1857 1991 2117 2057 opinione
2158 2008 2289 2047 con-

718 2073 948 2128 stitutus
978 2075 1082 2129 l'uit
1113 2092 1258 2130 anno
1290 2076 1493 2131 Christi
1525 2079 1591 2131 56
1623 2096 1733 2148 quo
1763 2082 1882 2134 illac
1914 2085 2128 2136 transiit
2159 2087 2292 2140 Pau-

721 2163 828 2216 lus.
855 2165 929 2217 lle
967 2180 1110 2217 anno
1137 2175 1320 2219 autem
1359 2167 1725 2222 determinato
1749 2175 1988 2242 martyrii
2023 2175 2292 2230 nihildum

723 2253 866 2320 apud
912 2254 1058 2322 ipsos
1113 2256 1238 2323 legi.
1300 2255 1587 2312 Ferrarius
1637 2261 1850 2326 scribit,
1897 2280 2114 2332 passmn
2174 2284 2295 2322 esse

725 2343 1064 2412 Stephanum
1095 2348 1197 2400 sub
1222 2348 1440 2402 Nerone
1467 2368 1480 2402 :
1512 2352 1658 2418 quod
1697 2363 1870 2405 certat
1894 2370 2016 2406 cum
2040 2356 2212 2421 Actis,
2244 2360 2295 2412 in

724 2436 930 2503 quibus
958 2437 1180 2506 legitur,
1215 2439 1394 2506 ipsum
1435 2442 1716 2508 praefuisse
1762 2444 2083 2512 episcopum
2126 2463 2300 2504 annos

726 2528 917 2581 decem
975 2540 1030 2582 et
1088 2541 1319 2599 septem.
1356 2533 1430 2584 Ex
1463 2547 1574 2601 quo
1621 2536 1999 2603 consequitur,
2037 2542 2300 2612 martyrio

727 2619 1051 2675 defunctum
1077 2637 1197 2677 esse
1231 2640 1379 2678 anno
1410 2625 1500 2686 75,
1540 2627 1684 2694 quod
1708 2644 1864 2697 teque
1901 2632 2159 2687 sustineri
2190 2652 2299 2690 non

730 2721 931 2779 potest.
955 2712 1092 2776 Quia
1126 2714 1322 2777 scitur,
1358 2731 1459 2768 nec
1490 2716 1580 2768 illo
1611 2733 1775 2780 anno,
1807 2735 1906 2773 nec
1932 2722 2136 2791 aliquot
2166 2741 2303 2793 pra:-

729 2803 1080 2868 cedentibus,
1112 2820 1215 2860 nec
1264 2807 1475 2876 aliquot
1511 2809 2001 2879 subsequentibus,
2043 2831 2306 2884 persecu-

731 2896 938 2950 tionem
999 2899 1164 2952 ullam
1223 2899 1397 2956 fuisse
1448 2913 1650 2956 motam
1702 2913 1893 2959 contra
1940 2907 2301 2966 Christianos.

730 2985 1100 3051 Quamobrem
1135 2991 1281 3044 aliud
1310 3002 1525 3061 tempus
1545 2996 1900 3063 quaerendum
1925 3007 2028 3063 est,
2049 3015 2157 3068 quo
2187 3003 2305 3069 epi-

731 3094 933 3148 scopus
961 3080 1160 3146 factus,
1183 3099 1404 3154 quoque
1433 3088 1755 3156 martyrium
1781 3104 1975 3155 passus
2004 3093 2069 3144 sit
2104 3093 2158 3146 S.
2188 3093 2307 3148 Ste-

2392 1906 2550 1945 suum
2592 1890 2948 1951 Marcianum,
2978 1889 3214 1956 primunt
3247 1884 3485 1940 civitatis
3507 1882 3833 1950 episc0pum
3863 1892 3962 1930 no-

2395 1982 2624 2044 minant,
2658 1980 3131 2047 contcnduntque,
3166 1977 3453 2032 Antiochia
3485 1975 3586 2028 sibi
3637 1990 3666 2027 a
3713 1973 3772 2026 8.
3808 1971 3964 2025 Petro

2395 2073 2639 2142 apostolo
2667 2073 2999 2127 submissum
3039 2071 3227 2134 fuisse,
3248 2067 3612 2122 ostenduntur
3637 2064 3705 2118 ad
3730 2065 3875 2118 diem
3905 2061 3967 2120 Η

2393 2165 2538 2220 Junii
2578 2164 2773 2222 nostri.
2807 2163 3114 2224 aberrasse,
3146 2163 3437 2230 ipsumque
3477 2167 3754 2220 sanctum,
3800 2157 3967 2225 impe-

2399 2259 2651 2310 rantibus
2677 2257 2968 2310 Valeriano
2995 2263 3049 2308 et
3077 2253 3348 2316 Gallieno,
3382 2251 3578 2305 saeculo
3601 2249 3788 2311 tertio,
3825 2264 3968 2300 mar-

2402 2349 2601 2417 tyrium
2633 2347 2981 2400 sustinuisse.
3012 2345 3201 2399 Umbri
3231 2345 3504 2404 similiter,
3535 2350 3594 2394 ut
3619 2356 3800 2409 nuper
3834 2339 3972 2392 disi-

2402 2456 2545 2505 mus,
2596 2441 2649 2493 in
2709 2448 2946 2492 tractatu
2998 2436 3356 2507 praeliminari
3405 2435 3469 2488 ad
3517 2444 3726 2489 tomum
3767 2432 3785 2485 Ι
3822 2433 3970 2496 Julii,

2403 2534 2658 2588 affectant
2694 2533 3076 2602 antiquitatem
3115 2531 3414 2600 primorum
3445 2527 3654 2594 aliquot
3687 2525 3975 2593 episcopo-

2405 2643 2521 2679 rum
2549 2640 2796 2688 suorum,
2822 2637 2961 2692 quos
2985 2622 3138 2675 aiunt
3165 2637 3193 2674 a
3218 2620 3272 2673 S.
3305 2620 3466 2673 Petro
3491 2617 3739 2686 apostolo
3765 2631 3795 2669 e
3823 2615 3975 2683 Syria

2406 2717 2472 2769 ad
2506 2732 2563 2770 se
2597 2716 2790 2769 missos
2828 2716 3031 2778 fuisse;
3069 2713 3164 2781 qui
3200 2727 3307 2764 non
3337 2710 3442 2764 nisi
3470 2709 3813 2778 temporibus
3854 2708 3978 2762 Dio-

2409 2804 2627 2857 cletiani
2680 2813 2733 2856 et
2769 2803 3079 2856 Maximiani
3126 2804 3385 2855 vixerunt
3429 2816 3492 2853 ac
3539 2811 3810 2868 martyres
3854 2797 3974 2850 facti

2408 2905 2555 2950 sunt.
2586 2894 2732 2950 Nihil
2761 2896 2954 2949 attinet
2997 2894 3154 2964 plura
3206 2907 3503 2963 congerere
3547 2889 3816 2958 exempla.
3875 2888 3979 2942 Res

2409 2989 2642 3043 eruditis
2697 2988 2984 3042 notissima
3043 2995 3147 3040 est.
3213 2986 3287 3039 De
3343 2984 3398 3039 8.
3454 2983 3756 3052 Stephano,
3807 2980 3980 3049 primo

2411 3078 2802 3147 Rhegiensium
2833 3078 3113 3144 episcopo,
3143 3075 3251 3144 jam
3278 3073 3579 3126 ostendisse
3607 3070 3739 3122 mihi
3769 3068 3977 3130 videor,

736 3167 974 3235 phanus.
1011 3172 1145 3225 lllud
1179 3184 1363 3228 autem
1407 3177 1660 3231 invenire
1694 3194 1802 3232 non
1830 3180 1936 3234 erit
1963 3182 2158 3239 facile:
2184 3201 2308 3241 cum
2337 3175 2380 3233 C
2416 3170 2594 3238 ipsum
2629 3184 2730 3223 nec
2756 3167 2956 3222 8³301110
2982 3166 3180 3236 Primo.
3212 3179 3311 3219 nec
3356 3179 3387 3217 ³
3422 3163 3476 3218 3-
3514 3161 3684 3216 ΡθυῘο
3709 3160 3978 3229 δροδιοιοο

739 3258 998 3328 Ughcllus
1030 3264 1197 3331 dicat,
1237 3283 1254 3317 t
1284 3275 1408 3335 post
1444 3266 1787 3338 Stephanum
1836 3289 2012 3343 usque
2059 3277 2127 3330 ad
2167 3278 2310 3334 Con-

743 3355 969 3408 stantini
1017 3355 1192 3426 Magni
1229 3368 1466 3427 tempus,
1508 3363 1815 3430 episcopos,
1849 3367 1942 3434 qui
1987 3367 2043 3419 in
2093 3369 2314 3424 civitate

744 3441 1041 3513 Rhegiensi
1065 3447 1390 3515 ﬂoruerunt,
1417 3451 1739 3512 desiderari.
1763 3473 1781 3507 ›
1813 3455 1960 3528 Rogo
1985 3457 2152 3529 igitur
2177 3461 2318 3518 Ithe-

741 3542 982 3604 gienses,
1016 3548 1075 3592 ut
1103 3542 1206 3610 ipsi
1244 3559 1383 3598 nova
1419 3560 1553 3598 cura
1600 3546 1654 3599 in
1694 3563 1809 3602 rem
1859 3549 2004 3604 illam
2053 3559 2313 3622 tanquam

741 3644 920 3693 suam,
951 3632 1179 3700 propius
1206 3635 1512 3703 inquirant.

816 3719 905 3772 16.
948 3721 1119 3776 Nobis
1167 3725 1390 3794 quidem
1447 3731 1792 3796 experientia
1834 3724 2066 3801 constat,
2115 3737 2318 3806 ubique

743 3813 990 3878 gentium
1050 3815 1358 3871 obtinuisse
1407 3828 1464 3873 et
1512 3819 1784 3887 obtinere,
1829 3832 2022 3894 estque
2068 3828 2321 3895 pluribus

746 3899 1154 3967 quodammodo
1185 3905 1458 3973 innatum,
1485 3917 1544 3963 ut
1570 3926 1753 3966 rerum
1780 3929 2000 3969 suarum
2026 3917 2322 3987 antiquita-

749 4003 857 4045 tem
891 3993 1174 4057 atl‘ectent,
1203 4011 1438 4067 eamque
1492 4015 1652 4070 quam
1711 4004 1974 4060 altissime
2027 4010 2318 4064 attollant:

747 4086 897 4152 quod
938 4095 994 4139 et
1026 4086 1350 4158 frequenter
1383 4107 1486 4147 usu
1514 4095 1666 4148 venit
1698 4095 1752 4149 in
1789 4098 1940 4152 Actis
1984 4108 2320 4166 sanctorum,

749 4192 872 4243 qua:
907 4190 1029 4247 post
1070 4179 1232 4251 longa
1276 4193 1524 4252 tempora
1575 4200 1642 4240 ex
1683 4188 1978 4259 caliginosa
2024 4192 2324 4249 traditione

751 4274 848 4316 aut
889 4269 1219 4337 apocryphis
1267 4272 1491 4341 scriptis
1546 4275 1902 4347 colliguntur.
1951 4278 2009 4334 Id
2060 4282 2325 4338 accidisse

754 4360 962 4412 sanctis
985 4359 1170 4416 Galliae
1197 4364 1478 4431 prioribus
1501 4367 1796 4438 episcopis,
1822 4370 2132 4425 luculenter
2164 4383 2328 4429 testa-

758 4457 846 4502 tur
878 4451 1164 4521 Philippus
1204 4455 1411 4522 Labbe,
1446 4459 1790 4529 antiquitatis
1822 4462 2093 4530 eruditus,
2125 4464 2170 4521 si
2202 4467 2329 4538 quis

759 4541 921 4604 alius,
952 4544 1006 4596 in
1035 4544 1315 4602 Breviario
1337 4564 1439 4604 suo
1462 4553 1855 4623 chronologico
1884 4555 2136 4611 Historiae
2160 4524 2328 4614 sacrae
2360 4524 2404 4581 υ

759 4639 815 4683 et
847 4632 1088 4699 profana:
1111 4643 1178 4688 ad
1211 4652 1415 4716 annum
1445 4637 1651 4694 Christi
1685 4641 1773 4705 69,
1806 4642 1881 4695 ita
1905 4644 2156 4698 scribens
2188 4661 2332 4700 anno

761 4725 901 4779 1665
925 4745 937 4778 ε
975 4745 993 4776 ‹
1021 4727 1104 4781 Ab
1128 4729 1287 4785 annis
1308 4730 1466 4786 facile
1495 4732 1826 4803 octingentis
1848 4734 2039 4804 plures
2064 4739 2332 4809 majorum

763 4826 1074 4872 nostrorum
1105 4822 1483 4890 crediderunt,
1510 4825 1658 4894 quod
1686 4826 1848 4895 primi
1872 4828 2114 4898 episcopi
2139 4831 2336 4887 funda-

765 4915 914 4963 tores
943 4909 1311 4968 Ecclesiarum
1353 4927 1667 4971 nostrarum
1712 4931 1813 4989 per
1851 4916 2103 4984 Galliam,
2131 4919 2337 4976 fuerint

2413 3259 2635 3330 quando
2668 3261 2712 3314 is
2747 3258 3020 3326 navigavit
3043 3258 3296 3317 Romam,
3322 3252 3635 3308 ordinatum
3669 3251 3840 3305 fuisse
3873 3249 3985 3318 epi-

2416 3366 2643 3420 scopum
2682 3367 2694 3402 :
2732 3350 2952 3419 quando
2997 3359 3180 3402 autem
3223 3347 3512 3400 ordinatus
3553 3343 3739 3404 fuerit,
3774 3355 3985 3408 nequeo

2418 3441 2699 3506 divinare;
2734 3440 2861 3510 quia
2893 3439 2960 3493 de
2995 3440 3101 3493 hoc
3138 3436 3418 3507 Stephano
3445 3435 3610 3489 silent
3644 3442 3750 3486 tam
3783 3431 3983 3501 Marty-

2420 3535 2590 3605 rologi
2625 3533 2826 3596 Latini,
2867 3547 3030 3602 quam
3071 3531 3162 3585 alii
3200 3531 3500 3599 scriptores
3530 3525 3766 3595 antiqui.
3798 3524 3985 3578 saltem

2420 3625 2514 3694 qui
2559 3634 2684 3678 ante
2712 3624 2892 3678 Vitam
2942 3624 3062 3692 ejus
3108 3621 3368 3688 scriptam
3415 3617 3668 3670 vixerint.
3719 3615 3989 3668 Fortassis

2421 3725 2605 3783 posset
2652 3714 2772 3782 ejus
2803 3711 3124 3782 martyrium
3181 3708 3246 3761 ad
3281 3715 3527 3775 tempora
3570 3701 3896 3756 Diocletiani
3939 3709 3990 3754 ct

2421 3803 2734 3860 Maximiani
2766 3802 2981 3867 referri,
3015 3802 3145 3870 quia
3175 3799 3310 3854 nulli
3335 3799 3426 3852 alii
3455 3804 3581 3850 ante
3609 3793 3744 3848 illud
3779 3801 3993 3862 tempus

2423 3898 2538 3953 noti
2570 3905 2698 3951 sunt
2729 3895 2975 3966 episcopi
3003 3893 3367 3964 Rbegienses.
3400 3891 3601 3945 Verum
3645 3887 3891 3941 certiora
3929 3884 3991 3939 de

2423 3992 2511 4044 bis
2562 3989 3001 4060 exspectabimus
3050 4003 3080 4041 a
3127 3985 3526 4056 Rhegiensibus
3569 3982 3721 4051 ipsis,
3776 3988 3840 4033 ut
3891 3979 3994 4049 jam

2425 4082 2559 4136 dixi.

2496 4188 2584 4244 i8.
2628 4185 2879 4244 Diximus
2926 4199 3170 4256 quoque,
3216 4181 3361 4237 unde
3409 4180 3788 4250 acceperimus
3869 4180 3997 4235 Acta

2426 4282 2633 4347 Graeca,
2667 4291 2724 4337 et
2753 4281 2883 4351 quia
2912 4279 3065 4334 tarde
3104 4279 3329 4332 fuerunt
3366 4275 3611 4336 collecta,
3649 4273 3998 4340 comperiun-

2433 4381 2522 4426 tur
2553 4387 2660 4427 non
2693 4385 2902 4441 magna:
2932 4368 3059 4423 ﬁdei
3085 4383 3229 4423 esse.
3264 4364 3344 4420 En
3373 4365 3507 4433 ipsa,
3537 4377 3664 4416 cum
3693 4371 3885 4415 nostra
3919 4362 3999 4414 in-

2436 4463 2850 4533 terpretatione.
2876 4460 3094 4515 Titulus
3128 4458 3253 4514 talis
3287 4453 3709 4527 praefigebatur:
3743 4451 4002 4522 ’Δθλησις

2432 4553 2528 4609 τοῦ
2558 4555 2709 4608 ὁσίου
2735 4554 2946 4624 Πατρὸς
2971 4552 3128 4624 ἡμῶν
3154 4552 3551 4628 ᾗερομάρτυρος
3578 4546 3877 4613 Στεφάνου,
3905 4562 4004 4614 μη-

2430 4649 2750 4720 τροπολίτω
2778 4649 2881 4717 τῆς
2916 4645 3236 4715 Καλαεριας
3267 4663 3280 4697 :
3311 4643 3590 4704 Certamen
3619 4639 3794 4692 sancti
3830 4635 4004 4692 Patris

2437 4743 2623 4804 nostri,
2647 4741 2788 4794 sacri
2821 4743 3071 4809 martyris
3103 4735 3380 4809 Stephani,
3403 4729 3753 4803 metrOpolita:
3786 4729 4005 4783 civitatis

2438 4831 2619 4904 Rhegii
2641 4832 2692 4887 in
2716 4830 2992 4887 Calabria.
