4180 6488
167 393 267 459 311

1140 403 1314 464 VITA
1355 405 1414 466 S.
1458 404 1841 465 STEPHANI
1882 405 1976 464 ET
2018 405 2431 469 SOCIORUM.

3319 408 3425 468 313

843 677 1208 789 ACTA
1301 677 1964 798 AUCTORE
2054 678 2769 793 ANONYMO

1322 880 1452 942 Nisi
1494 880 1656 941 forte
1691 881 1775 943 sit
1813 882 2298 959 Metaphrastes.

552 1028 628 1082 Ει
661 1028 851 1084 codice
883 1045 982 1084 nis.
1012 1028 1328 1084 monasterii
1359 1029 1544 1084 Sancti
1592 1028 1912 1092 Salvatoris,
1951 1029 2165 1085 ordinis
2199 1031 2255 1086 S.
2289 1032 2470 1085 Basilii
2494 1047 2664 1101 prope
2700 1033 3028 1088 Messanam.

234 1326 316 1376 A'.
353 1316 532 1387 Οὗτος
563 1325 589 1376 6
619 1322 771 1392 ἅγιος
816 1325 1146 1396 ίερομάρτυς
1193 1324 1463 1392 Στέφανος
1503 1326 1747 1396 ὑπῆρχεν

1923 1331 1963 1383 l.
1997 1331 2230 1385 Sanctus
2262 1329 2350 1383 hic
2383 1337 2587 1399 martyr
2622 1328 2954 1396 Stephanus,
2990 1328 3211 1382 civitate
3239 1329 3418 1382 Νίσαια

166 1421 276 1472 ἀπὸ
306 1419 522 1480 πόλεως
553 1417 789 1479 Νικαίας
810 1434 824 1448 ο
867 1421 1268 1488 κατερχομένου
1310 1421 1365 1473 δὲ
1403 1420 1614 1472 Παύλου
1648 1420 1744 1472 τοῦ

165 1510 482 1564 ἀποστόλου
514 1512 572 1561 ὲν
597 1512 663 1579 τῇ
708 1509 916 1579 Ῥώμῃ,
941 1512 1408 1581 συνηκολούθησεν
1439 1512 1588 1581 αὐτῷ
1618 1512 1745 1583 ἄχρι

166 1607 380 1666 πόλεως
415 1604 638 1673 Ῥηγίου
667 1606 762 1673 τῆς
788 1603 1124 1673 Καλαδρίας.
1155 1605 1343 1674 Εὖρὼν
1367 1608 1395 1658 6
1424 1607 1745 1668 Ἀπίστολος

166 1697 264 1765 τήν
300 1697 462 1750 πόλιν
488 1695 655 1749 οὖσαν
687 1696 1030 1761 κατείδωλον,
1073 1697 1340 1767 ἐκήρυξεν
1381 1699 1441 1750 εν
1473 1699 1608 1767 αὐτῇ
1655 1697 1742 1749 λό-

163 1805 262 1856 γον
292 1788 527 1859 Κυρίου,
561 1788 656 1840 καὶ
685 1786 873 1856 ὥσπερ
913 1789 1093 1858 ἀγαθὴ
1124 1789 1216 1842 τὸν
1256 1791 1456 1860 σπόρον
1477 1790 1743 1861 δεχομένη

163 1882 258 1933 καὶ
288 1879 753 1943 ἑκατοστεύουσα,
784 1878 959 1943 οὕτως
991 1882 1040 1933 οἱ
1065 1884 1121 1933 ἐν
1150 1882 1288 1950 αὐτῇ
1321 1883 1410 1934 τὸν
1440 1883 1596 1951 λόγον
1635 1885 1747 1938 ἑδέ-

163 1975 334 2040 ξαντο
355 1991 368 2004 ·
401 1974 726 2045 κατηχήσας
759 1967 912 2037 οὗτος
944 1974 1143 2038 αὐτοὺς
1179 1977 1206 2027 6
1253 1975 1480 2041 Παῦλος,
1518 1978 1611 2029 καὶ
1648 1978 1746 2048 βα-

164 2070 370 2131 πτίσας
402 2067 695 2131 πλείστους
715 2070 794 2130 είς
833 2067 894 2119 τὸ
929 2068 1099 2135 ὄνομα
1134 2068 1225 2120 τοῦ
1264 2069 1497 2137 Πατρὸς,
1526 2072 1618 2123 καὶ
1656 2071 1743 2123 τοῦ

166 2161 324 2228 Υίοῦ,
369 2160 465 2213 καὶ
498 2161 593 2214 τοῦ
634 2161 788 2227 ἁγίου
819 2161 1152 2227 Πνεῦματος,
1193 2160 1526 2230 προχειρίζει
1565 2163 1746 2224 αὐτοῖς

166 2255 610 2325 ἀρχιεπίσκοπον
656 2254 947 2320 Στέφανον.
987 2255 1081 2316 '0;
1115 2254 1297 2316 καλῶς
1337 2255 1607 2322 ποιμάνας
1648 2255 1748 2324 τὴν

167 2344 639 2418 ἐμπιστευθεῖσαν
673 2346 822 2415 αὑτῷ
848 2347 1106 2417 ποίμνην,
1138 2347 1367 2409 πολλοὺς
1402 2347 1479 2416 τῷ
1508 2347 1748 2418 ἐσπερίῳ

167 2441 384 2510 (μέρει)
449 2440 794 2508 ὑπέστρεψεν
851 2442 931 2502 είς
978 2441 1077 2508 τὴν
1132 2440 1227 2492 τοῦ
1277 2441 1513 2510 Χριστοῦ
1568 2442 1750 2496 πίστιν

166 2535 292 2592 ταῖς
329 2531 501 2584 αὐτοῦ
541 2532 934 2591 διδασκαλίαις.
984 2530 1286 2598 Διατρίψας
1331 2526 1423 2582 οὖν
1476 2532 1535 2582 ἐν
1575 2533 1752 2602 ταύτῃ

167 2628 230 2695 τῇ
259 2626 423 2676 πόλει
473 2625 614 2675 ἐπ’τᾶ
659 2623 755 2674 καὶ
785 2623 915 2676 δέκα
944 2623 1243 2687 ἐνιαυτοὺς,
1290 2621 1384 2674 καὶ
1419 2623 1752 2686 ἐπισκόπους

1851 1433 2027 1486 ortus,
2070 1437 2194 1475 cum
2243 1420 2443 1476 Paulus
2489 1420 2770 1489 apostolus
2809 1419 3250 1488 proﬁcisceretur
3310 1419 3418 1471 Ro-

1853 1529 2017 1576 mam,
2068 1513 2244 1580 ipsum
2299 1512 2591 1565 comitatus
2636 1511 2738 1564 fuit
2794 1524 2968 1578 usque
3021 1509 3087 1564 ad
3143 1509 3420 1563 civitatem

1849 1604 2117 1672 Rhegium
2159 1602 2446 1658 Calabrizc.
2480 1602 2769 1657 Inveniens
2806 1611 2988 1655 autem
3019 1602 3312 1670 Apostolus
3345 1603 3418 1654 ci-

1847 1697 2069 1750 vitalem
2117 1697 2286 1759 illam,
2344 1705 2511 1750 totam
2567 1696 2932 1756 idololatram,
2987 1694 3300 1763 praedicavit
3343 1691 3421 1746 ibi

1851 1789 2074 1841 verbum
2110 1788 2204 1841 Dei
2243 1805 2255 1839 :
2293 1797 2348 1841 et
2377 1789 2836 1857 quemadmodum
2884 1789 3025 1844 bona
3055 1797 3195 1842 terra
3231 1801 3422 1841 semen

1850 1880 2045 1947 recipit
2073 1880 2512 1950 multiplicatque
2543 1882 2882 1950 centuplum,
2913 1880 2985 1933 ita
3010 1880 3202 1934 inculte
3229 1880 3422 1933 civita-

1851 1970 1920 2023 tis
1961 1968 2193 2021 verburn
2246 1980 2592 2039 receperunt.
2629 1970 2841 2024 Interea
2877 1970 3226 2024 catechizans
3275 1970 3425 2038 ipsos

1850 2061 2071 2121 Paulus,
2107 2061 2408 2129 baptizavit
2458 2063 2724 2132 plurimos
2774 2063 2826 2116 in
2879 2062 3101 2116 nomine
3145 2061 3324 2116 Patris
3368 2069 3426 2116 et

1849 2154 1970 2208 Filii
2014 2162 2069 2206 et
2111 2151 2354 2221 Spiritus
2387 2156 2599 2219 sancti;
2629 2166 2795 2225 atque
2825 2154 3102 2209 ordinavit
3133 2153 3206 2209 ibi
3235 2153 3424 2207 archi-

1848 2247 2171 2314 episcopum
2209 2246 2569 2316 Stephanum,
2607 2250 2701 2317 qui
2728 2258 2874 2303 recte
2907 2263 3135 2317 pascens
3170 2246 3427 2302 commis-

1850 2353 1967 2393 sum
2002 2337 2106 2391 sibi
2140 2353 2384 2408 gregem,
2427 2340 2629 2394 multos
2677 2339 2732 2392 in
2763 2340 3203 2393 occidentalibus
3233 2339 3427 2409 plagis,

1851 2428 2124 2482 convertit
2153 2428 2408 2483 doctrina
2439 2445 2537 2484 sua
2569 2427 2636 2482 ad
2670 2428 2830 2482 ﬁdem
2866 2428 3093 2484 Christi.
3128 2428 3426 2498 Postquam

1854 2519 2017 2588 igitur
2051 2522 2447 2589 septemdecim
2482 2537 2656 2576 annos
2688 2521 2762 2576 ibi
2787 2522 3081 2592 exegisset,
3111 2522 3431 2590 episcopos-

1853 2629 1959 2680 que
1984 2622 2038 2664 et
2072 2612 2421 2682 presbyteros
2441 2623 2834 2674 consecrasset,
2865 2625 3029 2682 atque
3059 2614 3301 2668 Ecclesia
3331 2628 3430 2681 per

166 2683 261 2766 ιᾶι
301 2714 717 2783 πρεσϐυτέρους
747 2715 1153 2784 χειροτονήσας,
1182 2683 1272 2766 καὶ
1298 2714 1400 2782 τῆς
1427 2683 1751 2785 Ἐκκλησίας

1856 2703 1948 2757 Dei
1989 2705 2221 2769 gratiam
2268 2703 2544 2771 perampla
2575 2712 2720 2760 esset
2751 2721 2765 2758 :
2799 2715 2944 2760 mota
2980 2704 3084 2759 fuit
3119 2706 3431 2776 persecutio

166 2803 310 2856 Θεοῦ
343 2804 534 2873 χάριτι
581 2804 1037 2876 μεγαλυνθείσης,
1069 2805 1298 2874 ἐκινήθη
1332 2806 1571 2875 διωγμὸς
1613 2807 1754 2859 κατὰ

167 2897 275 2948 τῶν
309 2897 681 2966 Χριστιανῶν.

237 2986 322 3041 Β¹.
379 2987 699 3056 Ἐκρατήθη
757 2987 861 3040 ὑπὸ
897 2987 1143 3057 Ἱέρακος
1202 2989 1468 3059 ἡγεμόνος
1507 2990 1534 3042 ό
1564 2989 1753 3057 Ἀγιος

166 3079 496 3150 προσαίτιος
538 3078 633 3130 τοῦ
673 3079 1128 3147 Χριστιανισμοῦ,
1163 3081 1257 3134 καὶ
1299 3083 1620 3151 ἠναγκάσθη
1658 3084 1756 3152 dp-

168 3171 444 3241 νήσασθαι
470 3170 562 3222 τὸν
584 3171 840 3240 Χριστὸν,
862 3173 956 3224 καὶ
982 3173 1140 3224 θῦσαι
1168 3175 1282 3234 τοῖς
1308 3175 1546 3237 εἰδώλοις
1567 3192 1578 3204 ·
1613 3178 1669 3238 6;
1698 3177 1756 3229 δὲ

167 3263 264 3315 σῦκ
299 3261 588 3332 ἠνέσχετο,
625 3261 760 3314 ἀλλὰ
808 3261 1008 3332 μᾶλλον
1056 3263 1341 3334 παρρησία
1386 3265 1476 3317 τὸν
1517 3266 1754 3333 Χριστὸν

163 3357 543 3425 ὁμολογήσας,
577 3353 708 3406 Θεὸν
739 3355 867 3407 ὄντα
902 3356 997 3409 καὶ
1029 3356 1270 3427 Haterius:
1296 3358 1516 3409 πάντων
1542 3372 1555 3386 '
1595 3357 1662 3409 τά
1698 3357 1754 3408 δὲ

169 3445 393 3503 εἴδωλα,
448 3443 584 3505 ξύλα
622 3443 717 3495 καὶ
762 3445 940 3506 λίθους
984 3445 1310 3515 ἀναίσθητα,
1360 3448 1498 3517 ἔργα
1554 3447 1755 3518 χειρῶν

168 3536 508 3605 ἀνθρώπων,
541 3534 635 3586 τοῦ
673 3535 923 3588 διαϐόλου
961 3540 1340 3606 ὲφευρήματα.
1367 3539 1457 3590 Διὸ
1491 3539 1754 3593 τύπτεται

168 3626 414 3702 άιφειδῶς
465 3624 590 3689 (σὺν
634 3624 710 3696 τῷ
748 3625 962 3696 Σουηρᾷ
995 3626 1297 3696 ὲπισκόπῳ)
1327 3627 1419 3679 καὶ
1446 3625 1615 3688 λίθοις
1655 3627 1754 3688 τὰς

167 3720 322 3790 ὕψεις
355 3718 724 3784 συνθλῶνται,
759 3719 853 3771 καὶ
882 3720 960 3782 είς
995 3720 1224 3790 κάμινον
1254 3719 1426 3789 πυρὸς
1453 3718 1754 3789 ιμὸληθέν-

168 3829 280 3877 τες,
336 3809 571 3879 ἐξῆλθον
621 3808 912 3868 ἀϐλαϐεῖς·
973 3809 1093 3861 ὅθεν
1134 3810 1375 3860 πλεῖστοι
1424 3811 1755 3861 ἐπίστευσαν

168 3905 244 3970 τῷ
277 3901 530 3970 Χριστῷ,
565 3899 678 3964 καὶ,
719 3900 908 3968 Μέγας
958 3900 984 3950 6
1014 3899 1172 3965 Θεὸς,
1222 3900 1547 3972 ἀνεϐόησαν,
1584 3903 1612 3953 6
1651 3901 1755 3953 61:6

1856 2803 2044 2848 contra
2070 2791 2436 2848 Christianos.

1925 2978 1990 3031 ll.
2023 2978 2080 3030 ln
2110 2979 2204 3032 illa
2240 2987 2424 3032 autem
2461 2979 2895 3047 comprehensus
2917 2977 2987 3032 ab
3024 2977 3254 3032 Hierace
3291 2993 3432 3047 pra:-

1856 3071 1972 3125 sidc
2004 3069 2060 3124 S.
2093 3069 2427 3138 Stephanus,
2462 3082 2717 3140 tanquam
2760 3079 2955 3124 auctor
2992 3069 3432 3132 Christianismi,

1857 3171 2080 3217 coactus
2113 3160 2214 3214 fuit
2252 3176 2454 3231 negare
2494 3160 2777 3215 Christum
2809 3168 2866 3215 et
2895 3161 3208 3215 sacriﬁcare
3246 3159 3430 3214 idolis.

1857 3254 2010 3320 Quod
2078 3255 2168 3308 ille
2225 3269 2332 3307 non
2395 3256 2697 3315 sustinens,
2775 3254 2958 3320 potius
3015 3252 3299 3306 confessus
3348 3260 3432 3305 est

1855 3345 2137 3400 Chriswm
2181 3347 2351 3399 Deum
2395 3360 2517 3400 esse
2551 3354 2606 3398 et
2636 3353 2939 3399 creatorem
2978 3344 3223 3398 omnium
3247 3361 3260 3410 ;
3288 3342 3430 3396 idola

1857 3455 1991 3494 vero
2021 3453 2141 3492 esse
2183 3439 2326 3508 ligna
2375 3447 2433 3491 et
2476 3438 2706 3505 lapides,
2745 3452 2910 3490 sensu
2941 3437 3186 3490 carentia
3212 3474 3226 3497 ,
3264 3448 3430 3501 opera

1857 3546 2118 3586 manuum
2163 3529 2472 3592 hominum,
2506 3538 2562 3582 et
2600 3527 2807 3584 diaboli
2842 3529 3089 3583 inventa.
3133 3528 3273 3582 Hinc
3313 3527 3432 3581 sine

1856 3625 2164 3680 cessatione
2189 3624 2519 3678 verberatur
2554 3638 2660 3675 una
2690 3619 2816 3675 cum
2851 3622 3115 3690 episcopo
3152 3620 3348 3683 Suera,
3376 3627 3434 3673 et

1857 3718 2024 3772 facies
2053 3732 2243 3769 eorum
2272 3716 2547 3784 lapidibus
2568 3723 2956 3780 conteruntur,
2989 3724 3044 3768 et
3070 3713 3126 3766 in
3155 3712 3433 3766 caminum

1858 3812 1997 3882 ignis
2053 3808 2258 3880 injecti,
2313 3809 2442 3862 inde
2489 3810 2745 3862 exierunt
2785 3807 2960 3861 illaesi.
2996 3807 3116 3872 Quo
3164 3803 3433 3858 miraculo

1857 3904 2081 3972 plurimi
2134 3901 2494 3957 crediderunt
2553 3901 2608 3954 in
2656 3897 2962 3965 Christum,
3008 3900 3430 3952 exclamantes:

167 3996 474 4064 Στεφάνου,
504 3993 600 4046 καὶ
623 3994 839 4064 Σουηρᾶ
867 3996 976 4049 τῶν
995 3996 1301 4065 ἀρχιερέων
1325 3997 1751 4066 κηρυττόμενος.

1858 3995 2082 4063 Magnus
2131 4003 2215 4046 est
2259 3994 2421 4056 Deus,
2455 4009 2619 4062 quem
2663 3992 2977 4062 Stephanus
3016 3999 3074 4046 et
3100 3989 3273 4045 Suera
3315 3988 3434 4057 epi-

179 4085 272 4140 Ἐν
303 4079 390 4148 οἷς
422 4085 673 4153 ὑπῆρχον
713 4090 974 4152 γυναῖκες
1003 4090 1220 4155 σεμναὶ,
1266 4088 1488 4157 Ἁγνῆς,
1521 4089 1748 4157 Φιλικη-

168 4181 268 4244 τὰς
317 4178 441 4248 (καὶ
471 4177 816 4248 Περπετοῦα)
850 4181 1417 4249 προσαγορευόμεναι,
1452 4183 1752 4252 μαθήτριαι

168 4271 263 4323 τοῦ
311 4271 469 4324 ὁσίου
517 4268 790 4338 Στεφάνου
828 4269 1191 4339 ὑπάρχουσαι,
1231 4272 1751 4342 παρῤησιασάμεναι

167 4363 492 4435 ἔμπροσθεν
554 4363 751 4416 στᾶσαι
796 4361 1036 4432 Ἱέρακος
1071 4362 1360 4432 ἡγεμόνος,
1393 4363 1753 4432 ὡμολόγησαν

167 4461 228 4511 τὸ
261 4459 446 4526 ὄνομα
483 4455 579 4508 τοῦ
622 4457 882 4525 Χριστοῦ,
912 4456 1044 4510 Θεὸν
1092 4455 1344 4526 ἀληθινὸν
1382 4457 1476 4510 καὶ
1515 4456 1753 4526 Ποιητὴν

169 4550 398 4600 πάντων
432 4545 879 4614 άνακηρύξασαι.

238 4638 317 4692 Γ’.
351 4638 494 4691 Τότε
537 4634 714 4706 θυμοῦ
766 4635 1050 4706 πλησθεὶς,
1079 4635 1369 4691 ἐκέλευσεν
1395 4638 1567 4700 αὑτὰς
1607 4638 1750 4705 ξίφει

167 4729 573 4802 ἀποτμηθῆναι
624 4731 740 4800 ἅμα
771 4728 1026 4799 Στεφάνῳ
1068 4731 1162 4783 καὶ⁵
1199 4727 1415 4800 Σουηρᾷ
1463 4732 1574 4791 τοῖς
1613 4731 1753 4799 άρχ-

173 4825 447 4895 ιερεῦσιν.
493 4813 570 4873 Οὖ
612 4823 922 4891 γινομένου,
967 4822 1282 4890 παραυτίκα
1330 4822 1618 4888 ἀπέδωκαν
1657 4823 1755 4884 τὰς

173 4919 340 4984 ἁγίας
392 4913 580 4968 αὐτῶν
616 4913 796 4984 ψυχάς
818 4915 895 4984 τῷ
925 4913 1136 4985 Κυρίῳ,
1168 4915 1622 4983 εὐχαριστοῦντες
1665 4917 1757 4968 καὶ

165 5003 612 5080 ἀγαλλιώμενοι,
665 5010 747 5063 ὅτι
792 5009 1105 5079 ἠξιώθησαν
1156 5008 1296 5080 ὑπὲρ
1330 5011 1571 5080 Χριστοῦ
1617 5014 1756 5065 ἁπο-

173 5107 384 5158 θανεῖν.
415 5102 492 5155 Τὸ
523 5103 580 5155 δί
625 5104 809 5171 τίμιον
851 5103 1010 5174 σῶμα
1049 5102 1143 5158 τοῦ
1174 5105 1319 5157 ὁσίου
1367 5105 1758 5176 ίερομάρτυρος

174 5199 458 5267 Στεφάνου
484 5235 498 5258 ,
533 5195 624 5246 ὑπ’
667 5196 879 5266 ἀνδρῶν
933 5197 1173 5250 εὐσεϐῶν
1216 5198 1354 5266 ἀωρὶ
1407 5199 1505 5268 τῆς
1566 5201 1757 5262 νυκτὸς

174 5291 448 5357 κομισθὲν
493 5289 554 5342 ὲν
588 5288 664 5358 τῷ
703 5290 922 5358 νοτιαίῳ
957 5291 1116 5358 μέρει
1157 5291 1254 5360 τῆς
1314 5289 1485 5360 αὐτῆς
1524 5291 1753 5357 πόλεως,

1857 4085 2007 4156 scopi
2041 4085 2358 4156 pradicant.
2403 4085 2550 4139 Inter
2581 4085 2681 4138 hos
2712 4100 2932 4154 quoque
2981 4093 3140 4138 erant
3188 4084 3434 4137 honesta

1856 4181 2095 4241 feminae,
2129 4180 2309 4249 Agnes
2344 4187 2399 4232 et
2432 4173 2686 4232 Felicitas
2714 4185 2771 4230 et
2814 4177 3083 4245 Perpetua
3114 4173 3434 4238 nominata,

1857 4272 2137 4340 discipula:
2166 4269 2339 4323 sancti
2363 4268 2626 4337 Stephani
2652 4285 2668 4335 ;
2693 4283 2814 4337 qua:
2837 4269 3009 4322 libera
3041 4281 3198 4328 voce,
3225 4271 3440 4318 stantes

1856 4378 2041 4418 coram
2074 4361 2299 4416 ilierace
2323 4359 2574 4432 pmside,
2597 4359 2864 4413 confessa:
2891 4366 3020 4411 sunt
3047 4370 3246 4409 nomen
3273 4354 3436 4410 Chri-

1857 4462 1948 4526 sti,
1981 4461 2156 4531 ipsum
2192 4460 2362 4515 Deum
2392 4454 2581 4512 verum
2620 4464 2674 4511 et
2704 4454 2994 4511 Factoretn
3018 4453 3264 4508 omnium
3293 4465 3442 4523 prae-

1858 4555 2126 4609 dicantcs.

1930 4645 2022 4700 lll.
2061 4646 2218 4700 Tunc
2267 4658 2490 4712 praeses,
2545 4640 2833 4696 iracundia
2896 4639 3114 4707 plenus,
3174 4635 3440 4704 praacepit

1860 4740 1994 4808 ipsis
2049 4738 2228 4809 gladio
2275 4735 2549 4807 amputari
2605 4743 2789 4804 caput,
2844 4733 2924 4786 uti
2960 4740 3017 4785 et
3055 4727 3336 4796 Stephano
3377 4736 3434 4781 et

1860 4834 2047 4890 Suera
2101 4831 2401 4902 episcopis.
2435 4830 2554 4897 Quo
2609 4828 2775 4892 facto,
2824 4823 3186 4880 reddiderunt
3219 4827 3440 4874 sanctas

1861 4926 2074 4980 animas
2110 4939 2238 4978 suas
2273 4923 2526 4983 Domino,
2565 4921 2769 4990 gratias
2804 4924 3028 4987 agentes
3063 4919 3120 4966 et
3150 4909 3435 4965 exsultan-

1864 5028 1965 5084 tes,
1991 5016 2138 5088 quod
2165 5012 2314 5085 digni
2356 5013 2566 5070 fuerint
2607 5026 2705 5082 pro
2744 5009 2965 5063 Christo
3004 5003 3165 5058 mori.
3195 5001 3436 5056 Venera-

1863 5114 1970 5168 bile
2003 5120 2185 5165 autem
2213 5109 2390 5163 sancti
2427 5104 2690 5174 Stephani
2714 5117 2914 5170 corpus
2938 5115 2968 5154 a
3001 5098 3134 5152 viris
3166 5092 3438 5162 religiosis

1861 5213 2021 5259 nocte
2079 5203 2407 5270 intempesta
2461 5198 2808 5266 deportatum
2868 5192 2972 5244 fuit
3021 5190 3076 5242 in
3134 5183 3434 5239 australem

1863 5307 2077 5369 partem
2107 5295 2354 5366 ejusdem
2383 5290 2646 5352 civitatis,
2683 5302 2747 5340 ac
2779 5284 3090 5354 depositum
3135 5278 3188 5333 in
3220 5283 3437 5332 secreto

177 5384 452 5450 κατετέθη
496 5384 556 5434 ὲν
604 5380 680 5450 τῷ
732 5383 1087 5453 ήσυχαστικῷ
1133 5383 1299 5436 αὐτοῦ
1351 5383 1640 5455 εὐκτηρίῳ,
1685 5385 1751 5447 ὡς

1864 5368 1985 5462 ejus
2014 5389 2277 5452 oratorio,
2309 5386 2458 5457 quod
2495 5384 2720 5439 circiter
2754 5376 2976 5434 milliari
3013 5388 3121 5429 uno
3156 5387 3184 5422 a
3212 5369 3434 5423 civitate

175 5478 281 5529 ἀπὸ
348 5476 594 5542 σημείου
647 5474 765 5536 ἑνὸς
823 5476 920 5545 τῆς
967 5475 1209 5540 πόλεως,
1266 5477 1526 5540 πλείστας
1586 5478 1757 5540 ἰάσεις

175 5567 487 5622 ἐπιτελοῦν.
539 5565 621 5619 Τὰ
671 5566 730 5619 δὲ
770 5569 879 5619 τῶν
921 5567 1123 5622 λοιπῶν
1167 5570 1336 5637 ἁγίων
1385 5570 1453 5623 τὰ
1503 5570 1751 5640 σώματα,

176 5662 403 5732 Σουηρᾶ.
431 5659 763 5725 ἱπισκόπου,
794 5661 1002 5729 σεμνῆς
1039 5663 1233 5732 Ἀγνῆς
1266 5663 1357 5715 καὶ
1388 5661 1756 5733 Φιλικητάτης

174 5763 293 5828 (καὶ
330 5757 737 5828 Περπετοῦας),
779 5759 907 5812 ἔνθα
943 5758 1365 5829 ἀπετμήθησαν,
1402 5759 1505 5812 ὑπὸ
1545 5755 1751 5814 πιστῶν

177 5853 584 5925 μετετέθησαν,
617 5852 756 5922 ὑπὲρ
785 5851 878 5907 τοῦ
908 5852 1110 5923 κόσμου
1139 5852 1550 5923 πρεσϐεύοντες,

1860 5487 2035 5548 abest,
2087 5482 2353 5554 plurimas
2400 5492 2636 5548 operans
2688 5474 3020 5529 curationes.
3074 5465 3431 5554 Reliquorum

1857 5592 1990 5632 vero
2011 5551 2326 5630 sanctorum
2356 5583 2605 5638 corpora.
2633 5566 2818 5621 Suera:
2839 5559 3106 5632 episcopi,
3138 5551 3431 5610 venerabi-

1856 5672 1926 5724 lis
1955 5667 2207 5739 Agnetis,
2247 5660 2549 5718 Felicitatis
2592 5668 2648 5712 et
2676 5657 2982 5724 Perpetua,
3015 5651 3088 5705 ibi
3119 5664 3148 5703 a
3178 5643 3430 5700 ﬁdelibus

1855 5738 2104 5828 deposita
2132 5756 2308 5823 fuere,
2339 5751 2433 5808 ubi
2458 5749 2870 5816 occubuerant;
2899 5741 3240 5818 pro.mundo
3267 5738 3432 5792 inter-

1855 5854 2131 5909 cedentes.
