4180 6466
741 389 843 452 319
2030 384 2313 445 MENSIS
2352 387 2642 450 IULIUS.
3879 385 3980 449 320

740 533 1886 563 am

1212 742 1390 853 DE
1480 739 2084 853 SANCTIS
2184 741 2478 854 XLV
2569 737 3500 854 MARTYRIBUS

1905 965 2282 1026 NICOPOLI
2319 966 2398 1028 ΙΝ
2432 965 2799 1027 ARMENIA

1537 1151 2493 1246 COMMENTARIUS
2576 1156 3173 1247 PREVIUS.

1903 1344 2047 1410 (Acta
2081 1348 2165 1399 SS.
2193 1348 2441 1410 Bolland.,
2465 1350 2576 1402 Maii
2600 1353 2682 1400 die
2709 1351 2806 1410 l0.)

799 1664 848 1714 l.
882 1662 1160 1729 Nicopolis
1187 1664 1238 1715 in
1265 1663 1539 1727 Armenia,
1565 1665 1634 1717 ab
1660 1665 1780 1717 aliis
1808 1664 2058 1730 pluribus
2089 1665 2334 1732 ejusdem
2355 1664 2596 1716 nominis
2627 1660 3240 1716 civitatibusadditlonc
3267 1659 3430 1729 hujus
3450 1662 3750 1728 pravinclas
3789 1661 3986 1714 distin-

728 1762 838 1811 cta,
873 1767 900 1804 a
937 1751 1196 1819 l’ompcio
1228 1752 1418 1820 Magno
1446 1754 1667 1806 condita
1695 1755 1764 1805 ob
1793 1753 2163 1806 Mithridatem
2201 1753 2274 1804 ibi
2311 1752 2670 1812 debellatum,
2701 1761 2924 1804 auctore
2961 1751 3130 1804 Dione
3174 1749 3382 1811 Cassio,
3435 1747 3531 1801 lib.
3572 1765 3732 1801 xxxvi
3796 1751 3980 1805 Hisro-

732 1841 941 1892 riaruni
982 1841 1378 1904 Romanorum,
1405 1843 1617 1894 exstitit
1650 1842 2077 1894 clarissimorum
2114 1851 2415 1909 martyrum
2457 1839 2593 1893 XLV
2625 1840 2894 1908 palaestra,
2923 1838 3246 1893 coastantiae
3277 1853 3466 1891 eorum
3501 1839 3655 1890 testis
3682 1848 3735 1889 et
3769 1847 3986 1904 specta-

731 1928 863 1983 trix.
905 1941 970 1979 ac
1000 1928 1522 1995 gloriietheatrum;
1559 1928 1755 1981 civitas
1788 1945 1916 1982 sane
1943 1940 2054 1982 tum
2087 1929 2286 1997 insigni
2321 1929 2420 1981 hoc
2464 1930 2743 1996 triumpho
2773 1929 2992 1986 nobilis.
3027 1938 3140 1981 tum
3176 1926 3404 1980 miriﬁce
3447 1926 3735 1994 praedicari
3771 1927 3988 1987 merita,

730 2014 876 2081 quod
911 2016 1252 2079 temporibus
1281 2016 1520 2070 Valentis
1549 2016 1900 2083 imperatoris
1937 2017 2263 2071 inconcussa
2293 2017 2507 2071 steterit
2534 2016 2800 2070 adversus
2826 2017 3148 2069 Arianorum
3179 2015 3465 2082 procellas,
3503 2025 3561 2067 ut
3591 2013 3852 2082 pluribus
3879 2028 3989 2065 me-

733 2103 890 2155 minit
918 2101 974 2157 S.
1009 2102 1239 2157 Basilius
1271 2104 1324 2156 in
1357 2106 1578 2172 epistol.
1608 2106 1806 2165 addit.,
1835 2105 1980 2157 sicut
2015 2107 2195 2174 signat
2228 2104 2496 2159 Baronius
2532 2108 2582 2158 in
2618 2105 2992 2160 notationibus
3023 2105 3131 2162 hic,
3161 2103 3213 2164 6,
3238 2102 3290 2162 9,
3325 2103 3407 2164 l0,
3435 2106 3493 2156 H
3524 2111 3579 2156 et
3605 2101 3668 2154 1‘2
3690 2101 3829 2154 edit.
3859 2100 3986 2154 Nut.

667 2193 671 2196 ’
734 2190 1230 2243 celebratissimam
1256 2209 1388 2244 vero
1417 2205 1730 2246 sanctorum
1771 2202 2070 2264 martyrum
2106 2195 2427 2247 memoriam
2456 2195 2624 2247 fuisse
2658 2195 2710 2246 in
2745 2195 2918 2246 sacris
2955 2193 3178 2255 tabulis,
3213 2191 3431 2244 abunde
3483 2191 3760 2245 constabit
3817 2205 3882 2244 ex
3929 2189 3993 2242 iis

738 2291 860 2344 qua:
895 2277 960 2330 de
984 2293 1174 2332 eorum
1209 2281 1357 2332 cultu
1385 2281 1788 2336 subnectimus.

804 2365 858 2418 2.
897 2365 1258 2436 Menologium
1293 2367 1650 2425 Basilianum.
1675 2370 1740 2421 ad
1776 2370 1979 2422 calcem
2015 2368 2143 2422 tomi
2171 2369 2330 2437 primi
2371 2368 2537 2436 hujus
2567 2369 2770 2422 mensis
2816 2377 2935 2436 post
2978 2367 3453 2423 annuntiationem
3488 2385 3500 2418 :
3539 2367 3746 2422 Eodem
3807 2382 3992 2421 menso

737 2452 906 2520 (Julio
935 2453 1021 2506 die.
1048 2461 1125 2521 χ),
1172 2456 1355 2524 passio
1383 2467 1698 2509 sanctorum
1734 2456 1872 2510 XLV
1907 2467 2227 2528 martyrum,
2258 2460 2348 2526 qui
2382 2457 2434 2510 in
2473 2458 2718 2526 Nicopoli
2751 2458 3014 2529 martyrio
3048 2458 3226 2512 allecti
3268 2468 3414 2519 sunt,
3463 2477 3479 2508 υ
3521 2457 3592 2509 ita
3629 2457 3695 2510 de
3728 2457 3837 2510 illis
3858 2471 3996 2524 pra-

740 2541 885 2594 dicat
919 2558 932 2595 :
966 2561 989 2596 α
1029 2541 1402 2614 Quadraginta
1443 2545 1687 2618 quinque
1713 2544 1916 2598 Christi
1951 2555 2218 2616 martyres
2245 2549 2497 2599 vixerunt
2528 2546 2630 2597 sub
2669 2561 2835 2614 regno
2868 2547 3057 2600 Licinii
3093 2556 3146 2599 et
3177 2549 3495 2614 praefectura
3522 2544 3715 2614 Lysim.
3757 2557 3991 2612 quorum

735 2627 1013 2695 principes
1047 2629 1199 2682 fuere
1265 2629 1548 2693 Leontius,
1593 2633 1901 2693 Mauritius,
1940 2634 2130 2687 Daniel
2160 2645 2213 2688 et
2246 2636 2537 2686 Antonius.
2563 2633 2957 2704 Compreliensi
2996 2635 3177 2696 itaque
3221 2634 3514 2686 astiterunt
3537 2633 3661 2685 duci
3723 2632 3897 2700 Lysia:
3941 2630 3994 2680 in

734 2714 983 2783 Nicopoli
1022 2718 1314 2780 Armenise,
1352 2718 1748 2788 Christumque
1782 2722 2022 2775 Confessi
2057 2733 2110 2774 ct
2148 2722 2289 2774 idola
2322 2723 2611 2783 exsecrati,
2649 2724 2884 2789 ursique
2915 2720 3269 2785 aclapidihus
3305 2736 3398 2773 ora
3425 2729 3479 2772 et
3517 2719 3710 2771 faciem
3742 2715 3992 2776 contriti,

738 2801 794 2854 in
822 2818 1100 2858 carcerem
1126 2806 1370 2858 conclusi
1406 2817 1555 2868 sunt,
1583 2825 1679 2876 per
1707 2809 1825 2861 dies
1859 2811 2042 2878 plures
2081 2811 2287 2878 absque
2321 2811 2445 2864 cibo
2480 2820 2888 2879 permanentes.
2930 2808 3149 2870 Milites,
3186 2823 3376 2860 eorum
3446 2807 3814 2860 constantiam
3859 2818 3993 2855 con-

739 2891 958 2957 spicati.
1001 2891 1222 2950 ChriSto
1254 2894 1613 2950 crediderunt
1667 2897 1872 2954 Deinde
1899 2913 1927 2950 e
1955 2915 2176 2952 carcere
2211 2901 2394 2968 ejecti,
2422 2911 2477 2953 et
2505 2914 2665 2952 crura
2697 2897 2986 2951 securibus
3008 2897 3258 2959 abscissi,
3285 2896 3337 2949 hi
3368 2895 3588 2964 quidem
3617 2896 3728 2959 jam
3762 2891 3991 2948 mortui.

741 2979 820 3033 illi
864 2991 1046 3036 autem
1087 2985 1268 3039 adhuc
1325 2988 1620 3054 Spirantcs,
1671 2990 1724 3041 in
1764 2992 2036 3042 coruinum
2062 2991 2202 3058 ignis
2262 2988 2471 3058 iniecti.
2503 3000 2726 3039 cursum
2771 2994 3245 3046 consuminarunt,
3291 2985 3621 3050 accipientes
3681 2978 3992 3036 immortale

744 3082 996 3138 regnum,
1030 3073 1174 3139 quod
1206 3076 1454 3139 paratum
1485 3077 1616 3143 ipsis
1648 3078 1753 3128 fuit
1779 3093 1807 3128 a
1840 3077 2064 3130 Christo
2087 3089 2212 3129 ante
2249 3078 2435 3131 mundi
2474 3077 2944 3130 constitutionem.
2983 3094 3000 3125 ι
3036 3075 3177 3129 Alibi
3209 3077 3405 3143 sapius
3443 3075 3634 3127 horum
3685 3082 3991 3135 martyrum

743 3160 984 3211 recurrit
1017 3163 1280 3213 memoria
1315 3164 1364 3214 in
1387 3161 1592 3215 Graecis
1630 3163 1804 3225 fastis,
1839 3179 1900 3216 ac
1923 3167 2244 3234 plerumque
2267 3182 2389 3218 eum
2431 3184 2596 3236 parvo
2623 3168 2816 3233 elegio,
2850 3165 3106 3219 videlicet
3133 3166 3184 3217 in
3211 3164 3425 3217 illenzeis
3457 3163 3737 3229 impressis
3763 3177 3992 3213 eorum-

742 3263 850 3315 que
885 3249 1064 3301 indice
1094 3259 1143 3306 et
1178 3249 1473 3322 llorologio
1512 3252 1872 3318 Gravcorum;
1923 3255 2049 3308 item
2095 3257 2145 3309 in
2199 3255 2591 3326 Supplementa
2639 3255 2702 3306 ad
2745 3254 2942 3307 Menam
2998 3269 3062 3306 ex
3117 3251 3416 3320 Synaxario
3472 3248 3753 3302 Sirinondi
3804 3257 3859 3296 et
3891 3259 3995 3300 ms.

742 3335 1108 3397 Chimetii,in
1139 3339 1359 3394 Menaeis
1392 3342 1738 3397 bibliotheca:
1768 3345 2166 3404 Ambrosianze,
2220 3344 2424 3398 Mcnzeo
2480 3345 2762 3406 Chiﬂletii,
2826 3343 3131 3408 Menologio
3179 3339 3340 3391 Slavo
3376 3337 3625 3395 Russico,
3694 3333 3842 3399 quod
3899 3347 3997 3400 pro

744 3422 961 3477 Leontio
984 3427 1174 3480 scribit
1210 3427 1423 3484 Leonis.
1457 3431 1690 3487 Maximo
1715 3431 2075 3502 Cytlietorum
2107 3433 2404 3500 episeopo;
2433 3435 2632 3500 quibus
2662 3433 2785 3482 addi
2817 3439 2995 3497 potest
3021 3443 3120 3480 ms.
3158 3441 3222 3480 ex
3259 3426 3398 3480 libro
3430 3426 3627 3495 lingua:
3651 3421 3905 3474 Arabica:
3929 3419 3996 3474 de

745 3511 857 3564 vita
890 3515 1282 3566 nonnullorum
1317 3527 1656 3578 sanctorum,
1685 3520 1950 3588 Typicum
1991 3521 2048 3573 S.
2080 3519 2257 3578 Sabae,
2291 3535 2392 3572 nec
2429 3534 2536 3571 non
2572 3520 2814 3586 epitome
2839 3529 3041 3568 excusa
3097 3505 3386 3584 Menologii
3422 3529 3435 3566 :
3477 3511 3716 3578 denique
3750 3506 3996 3562 Menolo-

745 3601 893 3670 gium
931 3601 1113 3654 Sirleti
1157 3622 1170 3656 :
1201 3617 1231 3656 e
1259 3619 1368 3670 quo
1397 3616 1580 3672 postea
1611 3621 1804 3660 eorum
1841 3609 2106 3662 memoria
2167 3607 2384 3660 transiit
2415 3607 2480 3659 ad
2522 3604 2964 3675 Martyrologium
3020 3603 3346 3664 Romanum,
3407 3600 3488 3654 sic
3527 3599 3651 3652 illos
3708 3595 3995 3650 referens:

751 3707 772 3740 ε
812 3689 1056 3757 Nicopoli
1112 3694 1167 3744 in
1206 3693 1485 3755 Armenia,
1518 3707 1832 3750 sanctorum
1873 3709 2171 3768 martyrum
2205 3697 2441 3758 Leontii,
2469 3695 2728 3750 Mauritii.
2769 3694 3006 3748 Danielis
3040 3701 3096 3746 et
3143 3693 3442 3749 sociorum,
3493 3690 3583 3756 qui
3631 3687 3735 3741 sub
3789 3685 4001 3740 Licinio

745 3772 1084 3842 imperatore
1109 3788 1165 3832 et
1196 3778 1349 3848 Lysia
1382 3784 1613 3850 praeside
1654 3785 1803 3835 varie
1836 3786 2161 3848 cxcruciati,
2197 3785 2416 3838 tandem
2449 3786 2501 3838 in
2530 3785 2708 3855 ignem
2741 3783 2998 3851 coniecti,
3021 3780 3271 3849 martyrii
3300 3791 3522 3830 cursum
3551 3775 3932 3830 confecerunt.
3975 3791 3994 3826 ο

747 3862 998 3919 Halanus
1026 3867 1146 3920 illos
1176 3870 1339 3920 etiam
1362 3871 1544 3927 habet.
1573 3869 1972 3926 ctGalesinius.

826 3951 880 4006 5.
904 3953 1105 4008 Meum
1135 3953 1420 4024 impressa,
1456 3957 1532 4010 uti
1560 3960 1722 4012 etiam
1755 3959 1961 4014 dictum
1987 3975 2177 4016 eorum
2205 3959 2680 4030 Supplementum,
2709 3972 2864 4011 sacro
2892 3965 3192 4029 martyrum
3223 3953 3421 4027 agmini
3451 3951 3528 4008 ita
3552 3949 3813 4009 accinunt
3847 3967 3862 4004 :

1603 4121 1930 4186 Παρεμϐοὶή
1957 4138 2039 4173 τις
2072 4119 2271 4186 εὑρέθη
2301 4120 2378 4187 τῷ
2413 4121 2529 4187 Θεῷ
2569 4120 2662 4171 νέα

1601 4189 1786 4256 Τὸ).μῃ
1821 4188 2247 4257 παρεμϐαλοῦσα
2280 4195 2370 4241 καὶ
2401 4191 2571 4256 πυρὸς
2608 4191 2794 4254 μέσον.

1609 4260 1833 4313 κτεῖνεν
1868 4259 2192 4331 ἀρισοενέας
2225 4259 2424 4330 δεκάτη
2454 4262 2561 4330 πῦρ
2592 4259 2984 4324 Νικοπολίτας.

1603 4371 1750 4426 Nova
1779 4381 1956 4427 castra
1994 4373 2198 4428 Numen
2227 4374 2449 4427 militem
2482 4375 2678 4427 invenit
2721 4389 2911 4426 nonum

1597 4444 1858 4511 Audacter
1889 4460 2074 4494 ausum
2103 4447 2316 4495 tendere
2339 4446 2392 4495 in
2416 4447 2584 4496 medio
2613 4459 2786 4511 rogos.

1611 4510 1865 4566 Flamma
1891 4523 2035 4567 necat
2063 4514 2262 4567 decima
2290 4529 2540 4584 generosa
2565 4510 2904 4583 Nicepolitus.

760 4666 907 4723 ldem
943 4665 1394 4736 Supplementum
1426 4665 1591 4725 habet
1627 4664 1730 4720 hoc
1778 4666 2054 4736 singulare
2082 4667 2150 4722 de
2199 4684 2389 4722 eorum

2349 4685 2389 4722 m
2423 4668 2570 4723 cultu
2608 4687 2618 4721 :
2672 4667 2914 4720 Τελεῖτιε
2951 4668 3003 4719 δὲ
3045 4669 3072 4735 ἡ
3106 4666 3284 4720 αὐτῶν
3318 4669 3534 4734 σύναξις
3565 4680 3620 4719 tv
3666 4667 3742 4736 τῷ
3768 4667 3883 4735 ναῷ
3907 4668 4000 4737 τῆς

761 4756 920 4822 ἁγίας
970 4755 1254 4824 Ἀκυλίνης
1281 4755 1507 4823 π).ηςῑον
1529 4754 1622 4807 τοῦ
1647 4755 1836 4822 φόρου.
1881 4754 2205 4808 Cclebratur
2243 4764 2412 4810 auten

2348 4771 2422 4810 em
2453 4772 2642 4810 eorum
2696 4757 3014 4810 solemnitas
3074 4757 3126 4809 in
3178 4758 3380 4827 templo
3412 4757 3467 4813 S.
3527 4756 3799 4827 Aquilium
3830 4769 3999 4824 prope

760 4841 982 4900 Forum.
1026 4864 1046 4898 ι
1081 4845 1154 4900 De
1181 4845 1382 4914 templo
1409 4844 1465 4900 S.
1494 4844 1762 4913 Aquilium
1791 4844 1901 4914 agit
1925 4843 2162 4906 Cangius
2191 4845 2284 4897 lib.
2321 4861 2372 4898 iv
2409 4866 2411 4890 ι

1598 4844 1762 4898 tilium
1791 4844 1901 4914 agit
1925 4843 2162 4906 Cangius
2191 4845 2284 4897 lib.
2321 4861 2372 4898 tv
2409 4845 2590 4900 CPolis
2622 4845 2952 4906 Christiana),
2983 4860 3096 4914 pag.
3128 4846 3249 4900 1H.

829 4935 884 4988 ι.
918 4933 1184 4988 Baronius
1208 4943 1338 4986 tom.
1372 4933 1456 4992 III,
1493 4948 1611 5001 pag.
1656 4933 1775 4990 162.
1801 4948 1953 4986 num.
1977 4932 2066 4994 ιθ,
2100 4948 2265 5005 agens
2281 4933 2347 4986 de
2381 4935 2530 4987 hisce
2568 4936 2924 5002 martyribus,
2959 4950 3184 5003 agonem
3216 4950 3405 4988 eorum
3433 4936 3604 5008 affigit
3626 4951 3772 4989 anno
3795 4935 3922 4990 316.
3945 4936 3998 4989 In

763 5018 1072 5090 Menologio
1110 5019 1534 5076 Slavo—Russico
1567 5029 1848 5090 ponuntur
1879 5020 2020 5089 passi
2043 5036 2187 5073 anno
2213 5020 2335 5074 507.
2366 5019 2531 5075 Liber
2562 5024 2757 5093 linguas
2804 5025 3066 5086 Arabicre,
3092 5025 3159 5078 de
3193 5040 3302 5093 quo
3345 5040 3531 5093 supra,
3568 5025 3790 5080 videtur
3853 5026 4000 5090 ipsos

763 5107 987 5178 alligare
1010 5108 1352 5177 temporibus
1380 5109 1740 5170 Diocletiani;
1779 5123 1901 5160 cum
1942 5118 2065 5178 post
2096 5107 2575 5162 annuutiationem
2604 5112 2804 5164 ibidem
2841 5111 3074 5164 addatur
3107 5111 3365 5165 Actorum
3406 5113 3530 5164 vitae
3583 5121 3682 5164 aut
3706 5111 3897 5181 elogii,
3941 5118 3999 5163 ut

765 5208 1016 5260 autumo,
1057 5197 1388 5266 principium
1415 5214 1433 5246 ι
1475 5195 1527 5248 in
1563 5194 1762 5248 diebus
1799 5194 2120 5250 Diocletiani
2163 5217 2173 5249 :
2204 5216 2221 5247 ι
2251 5208 2306 5250 et
2341 5200 2658 5261 aseribitur.
2688 5202 2781 5256 fol.
2820 5201 2903 5254 l3.
2937 5197 3109 5255 Τοιηο
3142 5201 3183 5255 V
3209 5201 3355 5263 Maii,
3387 5218 3509 5271 pag.
3543 5201 3662 5261 151.
3701 5203 3754 5254 in
3806 5213 3995 5256 annot.

763 5285 828 5338 ad
861 5301 978 5355 cap.
1015 5287 1048 5338 ὅ
1079 5288 1341 5340 Actorum
1367 5287 1424 5341 S.
1465 5287 1658 5341 Donati
1691 5285 2041 5341 etsociorum
2072 5297 2371 5358 martyrum
2396 5289 2478 5341 lit.
2518 5288 2554 5346 f.
2587 5291 2806 5357 ponitur
2841 5289 3084 5343 Licinius
3117 5290 3347 5358 coepisse
3373 5287 4000 5360 perscquiChristianos

769 5386 915 5425 anno
949 5373 1072 5428 316.
1111 5373 1284 5429 Secus
1313 5376 1572 5443 opinatur
1597 5374 1795 5443 Pagius
1820 5375 1872 5427 in
1904 5372 2107 5428 Critiea
2136 5373 2264 5427 hist.
2301 5371 2566 5430 Chronol.
2601 5388 2732 5432 tom.
2770 5378 2812 5441 l,
2841 5394 2958 5447 pag.
2995 5378 3121 5441 38l,
3159 5393 3409 5438 censcns,
3442 5377 3621 5432 nullos
3647 5389 3922 5448 martyres
3948 5377 3998 5433 in

768 5467 1157 5533 persecutione
1183 5466 1472 5522 Liciniana
1510 5465 1678 5520 fuisse
1714 5482 1902 5536 passos
1929 5476 2052 5520 ante
2081 5481 2285 5519 annum
2317 5466 2443 5529 δῖε),
2464 5479 2641 5533 neque
2665 5475 2788 5519 ante
2825 5465 2957 5520 illud
3007 5476 3221 5535 tempus
3253 5466 3521 5520 Licinium
3559 5467 3998 5535 persecutionem

770 5552 1033 5609 Ecclesiae
1064 5555 1337 5609 intulisse.
1369 5555 1758 5609 Tillemontius
1794 5565 1925 5608 tom.
1951 5555 2014 5619 V,
2044 5571 2162 5624 pag.
2200 5555 2323 5616 512.
2357 5554 2534 5608 obiter
2565 5569 2630 5607 ex
2659 5553 2862 5608 Grascis
2894 5554 3094 5608 tabulis
3117 5563 3332 5606 sanctos
3355 5551 3563 5607 Christi
3622 5555 3837 5623 pugiles
3856 5571 4002 5608 eom-

773 5655 1106 5704 memorans,
1130 5659 1335 5698 annum
1364 5645 1608 5714 martyrii
1643 5661 1750 5697 non
1781 5643 2132 5698 determinat.
2160 5644 2225 5697 lit
2259 5659 2385 5696 vero
2408 5658 2468 5694 ea
2519 5643 2780 5714 temporis
2824 5648 2982 5700 ratio,
3025 5658 3187 5710 quam
3229 5640 3339 5706 figit
3385 5640 3604 5711 Pagius,
3655 5658 3762 5696 non
3791 5643 4001 5702 videtur

773 5732 1151 5804 improbabilis
1188 5751 1200 5786 :
1233 5749 1409 5804 neque
1434 5737 1582 5790 enim
1621 5742 1864 5804 apparet,
1901 5750 2061 5804 quem
2091 5734 2434 5803 potissimum
2467 5735 2729 5804 martyrio
2757 5749 2897 5802 saepe
2935 5733 3082 5788 dicto
3121 5732 3363 5801 assigncs
3385 5747 3618 5792 annum.
3646 5748 3809 5802 quam
3855 5733 4000 5788 illum

771 5838 881 5892 quo
954 5823 1194 5879 Licinius
1223 5825 1368 5880 varia
1402 5825 1453 5878 in
1487 5825 1829 5879 Christianos
1865 5824 2208 5882 machinatus
2241 5835 2342 5886 εει,
2378 5839 2469 5878 eos
2499 5840 2524 5879 e
2554 5823 2750 5892 palatio
2781 5836 2878 5877 suo
2903 5821 3131 5892 pellens,
3154 5818 3383 5876 concilia
3418 5821 3729 5888 celebrare,
3771 5835 3870 5879 eo:
3917 5837 4002 5880 re-
