4180 6496
175 434 270 496 321
1123 432 1605 494 MARTYRIUM
1646 433 1752 492 SS.
1794 433 1826 492 Χ

1794 433 1935 492 XLV
1981 432 2430 495 MARTYRUH.
3320 431 3430 492 322

175 560 312 608 tam,
353 547 574 617 aliaquo
598 563 753 621 quam
774 549 999 620 plurima
1047 557 1260 601 contra
1290 561 1386 601 eos
1413 556 1663 602 statuens
1695 565 1758 602 ac
1795 561 1990 619 gerens
2023 551 2076 602 in
2107 549 2292 604 odium
2321 550 2666 604 Constantini
2699 550 2765 605 de
2806 550 3003 618 quibus
3033 549 3303 604 Eusebius
3327 547 3420 605 lib.

175 635 291 690 tDe
323 632 441 689 Vita
467 635 819 701 Commmini,
848 638 1019 706 capite
1049 635 1147 698 51,
1187 635 1258 688 52
1285 644 1338 688 et
1369 651 1523 704 seqq.
1559 637 1702 704 agit;
1735 653 1852 705 qu;e
1885 637 2137 690 Petavius
2170 639 2354 707 alligat
2389 654 2535 690 anno
2561 637 2763 692 CliriSti
2798 637 2921 702 519,
2957 647 3014 689 nt
3039 637 3224 690 videre
3255 648 3337 689 est
3369 637 3421 688 in

178 732 328 789 parte
367 726 542 777 altera
587 724 658 776 De
684 725 911 776 doctrina
948 735 1135 789 temp..
1161 738 1287 791 pag.
1323 723 1445 786 718;
1484 724 1710 778 addens.
1751 739 1936 794 passos
1960 743 2078 780 esse
2113 732 2164 779 in
2191 742 2251 779 ea
2291 731 2680 794 persecutione
2707 726 2798 780 XL
2837 735 3102 794 martyres
3130 725 3181 776 in
3215 724 3426 792 Cappa-

174 811 354 871 docia,
391 811 595 880 frigore
627 823 866 870 enectos,
895 810 1258 869 etBasilium,
1288 812 1517 864 Amasiae
1547 813 1784 865 Ponticae
1834 817 2181 882 episcopum,
2243 814 2506 884 martyrio
2558 813 2838 876 affectum,
2899 815 3140 880 citatque
3199 812 3419 864 Eusebii

171 896 507 951 Chronicon.
556 902 747 952 Actum
780 898 846 950 de
882 898 971 950 illo
1004 907 1087 950 est
1123 907 1258 951 tom.
1293 899 1354 951 Ill
1391 900 1612 967 Aprilis.
1649 917 1770 969 pag.
1798 900 1920 960 416,
1964 905 2208 969 apposita
2243 903 2474 971 epoclta,
2499 903 2651 956 circa
2673 918 2797 955 ann.
2830 902 2964 964 522;
2997 901 3063 954 de
3121 901 3187 953 iis
3236 912 3419 952 autem

173 985 260 1036 die
291 979 577 1040 lO'Martii.
621 986 684 1037 ad
723 985 836 1037 haec
873 983 1429 1040 EusebiiChronicon
1470 986 1659 1040 Latine
1708 1003 1925 1041 versum
1945 993 2087 1058 apud
2122 992 2418 1058 losepltum
2470 989 2810 1056 Scaligerutn
2865 1004 2986 1057 pag.
3051 987 3170 1048 l80,
3222 989 3285 1040 ad
3329 1003 3418 1038 an.

172 1093 356 1136 eccm
383 1080 587 1141 habet;
616 1078 887 1132 iLicinius
910 1079 1249 1131 Christianos
1273 1080 1338 1130 de
1359 1081 1560 1147 palatio
1585 1097 1679 1131 suo
1704 1081 1875 1148 pi-llit.
1895 1103 1909 1129 ι
1933 1083 2185 1136 Dicamus
2205 1100 2351 1153 ergo,
2372 1093 2540 1154 marty
2555 1100 2641 1138 res
2667 1085 2871 1137 abiisse
2899 1085 3040 1136 circa
3067 1097 3269 1134 annum
3296 1080 3421 1135 519.

243 1166 296 1221 5.
333 1167 472 1230 Quid
496 1166 733 1218 sentiam
773 1167 840 1218 de
870 1166 1092 1226 Actis,.c
1125 1166 1312 1218 Crch
1356 1169 1406 1217 in
1437 1165 1688 1218 Latinum
1723 1182 2025 1220 seri-nonem
2063 1186 2089 1222 a
2119 1186 2202 1223 me
2221 1173 2523 1229 conversis.
2547 1172 2736 1238 paucis
2766 1171 3032 1236 intelligo.
3059 1168 3172 1222 Non
3206 1170 3424 1222 sinrcra

173 1253 260 1305 illa
289 1268 434 1315 esse,
470 1257 566 1309 sed
591 1253 840 1321 cpisttdio
872 1253 989 1318 plus
1019 1267 1128 1303 ιιιιο
1172 1253 1434 1310 adorttala
1489 1253 1898 1322 dramﬂliccqttc
1963 1260 2288 1325 composita,
2341 1259 2710 1314 indubitatum
2765 1258 2897 1310 tnilti
2951 1257 3182 1310 videtur.
3239 1256 3424 1324 Spirat

170 1342 460 1392 enimvero
493 1340 548 1392 in
577 1341 685 1393 illis
715 1339 994 1405 ingenium
1024 1338 1426 1406 Metaphrasns.
1461 1341 1545 1392 vel
1575 1341 1763 1393 saltem
1802 1345 2027 1399 alterius
2048 1345 2330 1414 cujusdam
2357 1346 2407 1399 ei
2434 1361 2538 1397 non
2575 1345 2862 1402 absimilis.
2898 1343 3124 1411 trapmdi
3154 1342 3292 1394 sacri
3330 1358 3426 1408 po-

172 1427 279 1479 tius
336 1441 502 1494 quam
552 1426 747 1479 sinceri
778 1425 1020 1478 historici
1052 1440 1248 1478 nomen
1281 1429 1588 1494 promeriti.
1620 1427 1956 1496 Argumenta
1995 1442 2123 1483 sunt
2146 1440 2444 1498 sequentes
2475 1433 2914 1484 observationes.
2958 1429 3164 1489 Primo,
3210 1441 3421 1495 preces,

167 1515 354 1569 verbis
396 1519 736 1583 psalmorum
767 1515 929 1567 nimis
961 1515 1286 1582 composita:
1320 1517 1681 1572 concinnatw.
1721 1526 1779 1571 ut
1813 1517 2014 1569 videsis
2043 1534 2192 1569 nutu.
2238 1519 2268 1568 8
2303 1529 2357 1570 et
2387 1518 2471 1571 12.
2504 1516 2781 1579 Secundo,
2831 1518 3081 1570 inductio
3123 1526 3424 1585 martyrum

175 1603 470 1667 utriusque
502 1615 669 1653 sexus
697 1615 932 1653 necnon
973 1603 1284 1668 exemplum
1318 1600 1373 1655 5.
1408 1602 1761 1664 Potatnicnae,
1788 1605 2128 1672 temporibus
2160 1604 2472 1659 Maximiani
2497 1622 2594 1675 pro
2625 1608 2826 1658 tuenda
2865 1606 3128 1672 pudicitia
3178 1607 3230 1654 itt
3266 1605 3421 1655 lebe-

169 1697 303 1748 tem,
345 1689 466 1753 pice
491 1689 850 1749 instructum,
877 1704 905 1741 a
939 1705 1038 1742 suo
1069 1689 1293 1744 domino
1329 1691 1564 1760 injecta).
1595 1707 1793 1744 nonnae
1838 1693 2112 1744 theatrum
2148 1692 2397 1761 spirant?
2431 1691 2487 1745 5.
2515 1692 2802 1749 Leontius.
2828 1704 2889 1744 ea
2926 1701 3155 1743 narrans
3201 1699 3258 1741 ttt
3300 1689 3423 1741 ani-

168 1789 288 1826 mos
316 1777 524 1828 excitet
556 1783 621 1827 ad
661 1777 877 1830 fortiter
917 1793 1015 1844 pro
1049 1777 1271 1831 Christo
1294 1779 1693 1840 dimicandum,
1723 1780 1857 1832 dicit
1897 1793 1954 1831 se
1988 1792 2049 1830 ea
2083 1778 2362 1845 accepisse
2403 1801 2419 1828 ‹
2449 1794 2476 1830 a
2501 1783 2758 1847 magistro
2787 1793 2908 1838 suo,
2942 1778 3035 1846 qui
3067 1776 3322 1830 veniebat
3354 1792 3424 1830 ex

164 1862 397 1933 Egypto.
445 1873 501 1917 et
535 1865 755 1916 audisse
787 1879 842 1916 se
867 1864 1051 1917 aiebat
1085 1881 1112 1921 θ
1136 1863 1194 1918 5.
1221 1867 1462 1918 Antonio
1494 1878 1698 1920 asceta.
1733 1891 1748 1914 ο
1783 1867 1979 1931 Quaero
2007 1866 2100 1932 qui
2126 1867 2214 1918 hic
2241 1867 2511 1919 Antonius
2537 1867 2730 1918 aceta?
2768 1867 3039 1919 Antonius
3089 1881 3332 1934 magnos.
3365 1877 3424 1920 ut

164 1951 388 2018 Opinor.
427 1951 824 2006 celeberrimus
859 1951 1097 2019 plurium
1134 1956 1534 2011 monachorum
1571 1954 1738 2010 abbas
1772 1973 1783 2008 :
1817 1955 1861 2008 si
1896 1953 1983 2007 ille
2015 1961 2120 2014 est,
2156 1969 2319 2022 quem
2352 1955 2602 2016 conjicio.
2629 1955 2761 2006 satis
2791 1953 3063 2020 disparata
3095 1966 3422 2008 connectere

167 2040 390 2095 videtur
425 2043 705 2109 scriptor;
741 2055 863 2092 cum
899 2042 942 2094 is
987 2051 1092 2095 tam
1124 2043 1218 2100 diu
1252 2043 1452 2097 obierit
1483 2054 1603 2113 post
1639 2045 1695 2099 5.
1718 2043 2031 2105 Leontium,
2064 2056 2207 2095 anno
2231 2049 2422 2111 utique
2451 2041 2575 2095 556.
2609 2041 2716 2095 Res
2744 2042 2846 2094 illa:
2870 2052 3182 2104 narrantur,
3211 2058 3239 2094 a
3268 2057 3421 2094 num.

163 2126 197 2178 8
237 2127 292 2180 in
345 2129 475 2181 line.
519 2127 727 2186 Tertio,
763 2127 1035 2186 diabolus,
1067 2127 1450 2197 Esculapium
1485 2135 1770 2194 mentitus,
1801 2136 2108 2200 ducemque
2143 2130 2358 2201 Lysiam
2406 2142 2597 2185 contra
2629 2140 2897 2200 martyres
2931 2131 3234 2194 concitans,
3260 2130 3425 2200 quid-

166 2229 294 2266 nam
328 2223 409 2266 cst
439 2214 544 2267 nisi
578 2228 738 2267 scena
767 2214 1088 2279 dramatica,
1129 2231 1282 2268 num.
1314 2217 1378 2269 12
1407 2217 1430 2268 Τ

233 2301 286 2354 6.
317 2299 547 2365 Quinto,
582 2317 726 2355 mors
757 2312 1078 2374 martyrum,
1113 2304 1221 2358 hoc
1247 2305 1413 2358 modo
1440 2304 1762 2366 accelerata,
1791 2302 1883 2371 qui
1921 2303 2159 2358 refertur
2179 2319 2330 2357 num.
2354 2303 2442 2367 16,
2472 2303 2629 2357 fallor
2655 2303 2697 2356 si
2724 2301 2939 2371 plenam
2971 2301 3131 2356 fidem
3156 2303 3418 2360 inveniat.

163 2387 350 2442 Sexto.
384 2389 571 2457 prodit
599 2390 651 2443 in
679 2407 896 2446 scenam
931 2394 1154 2456 mulier,
1192 2395 1402 2447 sanctis
1430 2409 1625 2467 aquam
1658 2392 1761 2445 sub
1792 2391 2034 2446 vestibus
2064 2392 2201 2445 clam
2235 2393 2289 2445 in
2317 2407 2537 2454 carcere
2569 2392 2844 2450 deferens.
2874 2407 3026 2445 num.
3066 2394 3119 2444 ll
3146 2408 3161 2457 ;
3186 2409 3305 2462 qua:
3329 2393 3424 2448 de-

162 2489 277 2528 nuo
305 2473 448 2535 redit
484 2494 638 2532 num.
668 2480 750 2533 l9.
773 2481 966 2541 Erunt.
1005 2491 1064 2534 ut
1087 2482 1310 2548 opinor,
1341 2481 1544 2548 quibus
1581 2496 1770 2548 preces
1791 2491 1845 2532 et
1879 2496 2018 2548 aqua
2041 2496 2070 2530 e
2101 2494 2235 2548 rupe
2259 2481 2444 2534 elicita
2475 2496 2582 2533 non
2613 2482 2840 2533 omnino
2875 2482 3221 2545 arridebunt,
3269 2499 3425 2540 nttttt.

159 2561 249 2618 22.
284 2564 536 2634 Denique
567 2568 827 2619 Actorum
860 2569 1163 2620 sinceritati
1199 2583 1306 2618 non
1333 2567 1680 2621 mediocriter
1705 2567 1875 2620 ofﬁcit
1908 2585 2143 2636 sequens
2177 2570 2443 2630 clausula,
2471 2585 2498 2620 a
2540 2571 2796 2636 geomnis
2839 2573 2987 2623 Actis
3052 2571 3242 2624 abesse
3288 2587 3419 2624 con-

159 2665 342 2710 sueta.
380 2671 503 2721 qua:
536 2654 780 2706 habetur.
805 2671 953 2707 num.
987 2657 1077 2711 ⁵25,
1117 2656 1170 2707 in
1215 2671 1321 2723 qua
1365 2653 1640 2708 Sisinnius
1669 2654 1742 2707 ita
1768 2654 1934 2707 Deum
1965 2666 2082 2708 orat
2105 2657 2325 2724 jamjatn
2370 2656 2691 2707 moriturus.
2731 2674 2752 2704 ι
2787 2659 2920 2723 Upis
2957 2668 3059 2709 ttne
3085 2659 3317 2727 indigus,
3345 2671 3422 2712 te—

167 2754 274 2807 que
296 2751 494 2792 nustro
525 2741 836 2794 interventu
869 2743 1211 2799 invocantes.
1241 2743 1426 2796 statim
1452 2742 1671 2796 exaudi.
1704 2742 2022 2807 Domine,in
2049 2758 2376 2811 quacunque
2417 2741 2744 2794 necessitate
2776 2752 2828 2793 et
2866 2744 3194 2811 indigentia;
3223 2761 3420 2812 qnam-

160 2834 246 2881 vis
279 2829 332 2880 in
375 2829 648 2882 viduitate
683 2840 737 2882 et
769 2832 1040 2895 orbitate;
1076 2832 1328 2898 quamvis
1369 2831 1422 2884 in
1471 2832 1955 2900 peregrinatione;
2006 2831 2257 2899 quamvis
2310 2831 2363 2882 in
2420 2829 2737 2881 infirmitate
2791 2834 3042 2896 corporis
3088 2841 3146 2882 et
3191 2834 3416 2892 animae;

159 2918 422 2986 quamvis
452 2921 505 2970 in
535 2934 642 2972 tere
675 2919 854 2972 alieno
886 2928 938 2972 et
979 2919 1314 2982 calumniis;
1360 2922 1609 2986 quamvis
1643 2922 1694 2970 in
1721 2920 1917 2971 acerba
1952 2921 2253 2984 servitute;
2288 2918 2543 2987 Quamvis
2577 2918 2630 2969 in
2695 2917 2981 2969 hominum
3032 2933 3095 2971 ac
3142 2921 3418 2988 pecudum

160 3010 536 3076 contagione;
563 3010 818 3074 quamvis
853 3007 904 3058 in
939 3007 1075 3058 mari
1101 3007 1372 3073 quispiam
1407 3006 1478 3058 sit
1512 3007 1828 3076 naufragus,
1866 3017 1974 3058 etc.
2006 3007 2083 3059 Tu
2112 3007 2212 3068 illi,
2277 3022 2396 3065 rex,
2438 3020 2533 3072 per
2569 3019 2671 3056 nos
2721 3007 2922 3058 solatio
2960 3007 3056 3066 sis,
3101 3016 3154 3058 et
3236 3011 3419 3059 statim

159 3097 388 3154 exaudi,
417 3104 832 3162 utcognoscant
857 3094 1047 3147 mundi
1088 3095 1251 3164 hujus
1285 3095 1496 3158 incolae,
1526 3097 1757 3147 multutn
1783 3109 1883 3148 nos
1916 3093 2068 3161 diligi
2096 3093 2194 3145 abs
2237 3101 2310 3154 te,
2340 3099 2396 3143 et
2440 3090 2713 3152 exaudiri,
2775 3107 2838 3142 ac
2882 3092 3022 3142 malo
3057 3093 3284 3145 cutlibct
3327 3097 3418 3146 fiat

157 3197 304 3251 aqua
339 3184 454 3236 lizec
479 3183 534 3235 in
559 3183 846 3242 medelam,
872 3199 992 3236 nam
1021 3184 1086 3236 ad
1124 3184 1528 3237 invocationem
1561 3182 1875 3236 tuicbnlliit
1913 3181 2307 3234 etinnovatutn
2352 3186 2435 3230 est
2479 3186 2639 3231 vetus
2687 3177 3020 3254 miraculqu
3079 3181 3132 3231 in
3189 3181 3416 3248 gloriam

159 3270 345 3324 Patris
374 3279 428 3322 et
457 3267 582 3321 Filii
633 3281 688 3323 et
717 3268 957 3337 Spiritus
989 3270 1188 3332 sancti,
1225 3270 1276 3320 in
1306 3269 1520 3321 laudem
1545 3278 1600 3320 et
1624 3270 1945 3321 meritoriam
1977 3279 2280 3338 martyrum
2320 3279 2539 3321 tuorum
2569 3270 2812 3336 quinque
2837 3279 2893 3321 et
2923 3269 3304 3337 quadraginta.

233 3359 284 3411 7.
319 3358 470 3411 Inter
497 3367 764 3428 martyres
790 3357 1003 3412 XXXVI
1038 3357 1382 3411 Alexandria:
1410 3371 1614 3425 passos,
1641 3355 1709 3410 de
1739 3355 1941 3425 quibus
1955 3355 2056 3408 hoc
2075 3357 2264 3408 itidem
2287 3355 2376 3408 die
2402 3357 2581 3423 agitur
2602 3356 2876 3422 superius,
2911 3356 3020 3408 duo
3049 3357 3210 3422 primi
3236 3357 3416 3411 Leon-

157 3448 274 3500 tius
300 3458 356 3500 et
385 3447 698 3509 Mauritins,
720 3457 775 3499 et
807 3449 1037 3515 quintus
1069 3446 1283 3507 Daniel,
1315 3431 1494 3499 tribus
1517 3444 1722 3498 nostris
1749 3444 2084 3513 martyribus
2115 3442 2531 3512 Neapolitanis,
2567 3456 2801 3511 quorum
2828 3459 3148 3512 expressum
3180 3445 3418 3498 vidimus

156 3551 390 3601 nomen,
421 3550 654 3604 prorsus
686 3535 1177 3601 liotnonyniisunt.
1208 3533 1338 3598 Quae
1391 3533 1739 3603 homonytnia
1783 3531 2158 3600 suspicionem
2213 3529 2445 3584 fortasse
2493 3531 2746 3582 nonnulli
2798 3532 3044 3599 praebere
3081 3533 3300 3600 poterit,
3327 3533 3416 3586 hic

155 3641 342 3694 aque,
377 3641 441 3677 ac
465 3624 623 3686 alibi,
663 3623 785 3690 plus
811 3621 1000 3685 semel,
1030 3623 1268 3676 inductae
1298 3622 1550 3691 alicujus,
1595 3621 1952 3683 confusionis,
1989 3635 2098 3674 una
2126 3618 2360 3672 fortasse
2391 3627 2691 3688 martyrum
2744 3628 2918 3671 turma
2956 3618 3009 3670 in
3046 3619 3185 3671 duas
3221 3623 3420 3675 distra-

156 3723 271 3776 cta,
304 3712 411 3773 vel,
445 3712 491 3764 si
522 3711 628 3764 hoc
655 3727 766 3764 non
793 3712 897 3774 vis,
927 3711 1156 3763 alterius
1194 3710 1247 3761 in
1309 3709 1540 3761 alteram
1591 3708 1914 3760 nominibus
1939 3706 2232 3759 derivatis.
2280 3706 2476 3760 Verum
2521 3705 2780 3775 quoniam
2815 3704 2945 3775 quid
2981 3700 3250 3760 hiclateat
3303 3723 3416 3777 my-

154 3801 337 3860 sterii,
383 3801 546 3854 nobis
571 3801 789 3868 assequi
829 3814 935 3852 non
976 3807 1060 3851 est
1103 3808 1440 3866 promptum.
1493 3796 1546 3848 in
1585 3795 1725 3850 duas
1768 3810 1867 3848 eos
1886 3795 2101 3849 classes
2139 3792 2520 3856 distinximus,
2570 3796 2745 3847 secuti
2788 3793 3172 3862 Martyrologia
3218 3794 3416 3848 Hiero-

156 3888 418 3956 nyniiana
453 3906 465 3940 :
502 3888 582 3939 uti
627 3887 988 3940 indicavimus
1013 3900 1201 3954 supra,
1240 3884 1331 3938 ubi
1363 3884 1432 3937 de
1473 3883 1636 3937 dictis
1676 3885 1902 3954 triginta
1946 3898 2042 3938 sex
2079 3883 2415 3953 martyribus
2454 3882 2690 3951 egimus,
2733 3888 2789 3934 et
2835 3881 3212 3934 difficultatem
3271 3881 3414 3936 lianc

154 3991 266 4027 twn
304 3974 790 4043 praetermisimus.

223 4065 276 4114 δ.
322 4059 602 4131 Taniayus
631 4061 804 4120 solius
834 4059 888 4114 S.
918 4060 1133 4115 Leontii
1160 4075 1359 4114 nomen
1393 4059 1693 4127 exprimit,
1742 4071 1798 4115 et
1845 4062 2031 4115 socios
2076 4070 2347 4131 martyres
2387 4060 2610 4113 confuse
2643 4078 2654 4112 :
2699 4077 2716 4109 ι
2758 4058 3002 4126 NicOpoli
3053 4059 3105 4110 in
3131 4059 3412 4123 Armenia.

152 4150 211 4204 5.
245 4151 467 4205 Leontii
503 4151 783 4220 martyris,
831 4151 924 4219 qui
957 4166 1082 4204 cum
1121 4151 1245 4204 aliis
1287 4150 1454 4203 sociis
1484 4163 1716 4218 agonem
1760 4148 2142 4203 admirabilem
2184 4148 2499 4217 complevit.
2541 4166 2558 4199 ι
2594 4147 2709 4199 Hoc
2762 4155 2944 4208 recte;
2984 4146 3076 4198 sed
3113 4145 3412 4199 claUsulam

151 4249 516 4307 sequentem,
573 4257 591 4287 σ
622 4243 777 4307 cujus
807 4240 1018 4291 exuvia:
1053 4253 1222 4290 sacra:
1270 4240 1322 4288 in
1364 4239 1569 4304 oppido
1602 4238 1908 4291 Alcaudete
1932 4278 1946 4301 ,
1994 4239 2251 4292 dimcesis
2275 4238 2603 4293 Giennensis
2635 4237 2686 4288 in
2719 4235 2970 4289 (mnobio
3001 4236 3319 4287 inonialium
3351 4234 3413 4291 Β.

149 4325 322 4381 Clara:
351 4326 548 4379 debita
584 4327 767 4379 cultus
794 4323 1213 4379 honorificentia
1245 4333 1560 4388 servantur,
1598 4343 1614 4374 ι
1648 4341 1913 4392 quorsum
1942 4325 2228 4394 adjnnxit?
2258 4326 2392 4379 Cum
2437 4326 2489 4377 in
2525 4326 2668 4376 notis
2695 4324 2759 4374 ad
2792 4324 2938 4374 hunc
2969 4327 3148 4374 locum
3179 4323 3412 4373 candide

150 4414 486 4481 profiteatur
524 4433 542 4462 ι
583 4414 854 4482 suspicari
887 4429 965 4476 se,
1011 4427 1170 4466 erase
1230 4413 1467 4465 amicum
1505 4411 1819 4470 eruditum,
1860 4427 1877 4458 i
1916 4407 2178 4461 nitnirum
2215 4407 2274 4460 P.
2311 4407 2601 4460 Martinum
2639 4403 2874 4458 Xetnena
2904 4403 3132 4459 .lurado.
3162 4418 3228 4456 ett
3257 4405 3416 4472 cujus

149 4503 422 4556 relatione
455 4500 736 4568 praedictis
785 4500 969 4554 Sancti
1018 4500 1266 4567 reliquiis
1307 4500 1471 4552 istum
1526 4500 1706 4554 locum
1754 4498 2080 4569 assignarat,
2127 4513 2146 4545 ο
2195 4505 2250 4548 et
2305 4496 2419 4548 haec
2467 4495 2700 4564 pignora
2749 4507 2870 4547 esse
2917 4494 3148 4545 alterius
3197 4491 3412 4545 Leontii

151 4591 413 4660 martyris
451 4591 642 4641 Romae
674 4588 848 4657 passi;
885 4589 950 4641 de
973 4603 1083 4656 quo
1110 4599 1278 4656 agunt
1309 4588 1678 4656 Maurolycns,
1703 4585 2038 4640 Galesinius.
2060 4595 2117 4636 et
2147 4584 2435 4650 Philippus
2468 4582 2764 4635 Ferrarius
2790 4580 2842 4632 in
2883 4579 3126 4642 generali
3153 4577 3415 4646 Catologo

148 4672 493 4729 Sanctorum
551 4671 642 4725 die
685 4671 718 4726 9
771 4671 904 4726 Julii
953 4671 1048 4724 fol.
1082 4671 1210 4735 284,
1272 4680 1326 4724 et
1355 4673 1655 4725 suadentur
1709 4686 1775 4725 ex
1817 4686 1885 4725 eo
1935 4670 2081 4739 quod
2136 4670 2322 4723 comiti
2354 4667 2744 4722 Beneventano
2778 4668 2899 4734 ejus
2935 4665 3163 4719 exuvias
3211 4664 3416 4717 obtulit

151 4761 352 4816 Paulus
410 4761 480 4821 γ.
518 4761 678 4815 Pont.
717 4761 858 4814 Max.
911 4768 1186 4814 extractas
1232 4774 1294 4812 ex
1337 4759 1602 4813 Romanis
1646 4758 2007 4820 caemetcriis;
2044 4771 2142 4810 nec
2192 4757 2299 4809 huc
2335 4771 2510 4822 usque
2561 4757 2771 4808 sciatur
2814 4753 3180 4820 Nicopolitani
3230 4753 3415 4805 [totum

149 4849 416 4903 advectas
446 4848 647 4901 fuisse.
690 4865 708 4898 ι
748 4847 942 4910 ltectc,
978 4857 1037 4898 ut
1075 4848 1293 4914 Opinor,
1328 4847 1416 4900 hic
1441 4862 1498 4900 se
1531 4847 1774 4901 etalium
1808 4861 1967 4900 suum
2004 4844 2200 4899 ducem
2227 4843 2452 4912 corrigit
2480 4841 2774 4914 'l‘amayus.
2813 4840 3032 4896 Utinam
3078 4841 3132 4894 in
3163 4840 3416 4908 pluribus
3451 4882 3458 4887 .

151 4938 272 4992 aliis
296 4940 507 4991 cadent
537 4934 802 4989 felicitate
837 4946 893 4988 et
921 4936 1186 4988 facilitate
1206 4950 1263 4988 se
1297 4934 1668 4988 correxissetl
1702 4936 1790 4990 Sic
1819 4937 1988 5006 pluris
2009 4936 2205 4988 flerent
2230 4933 2348 5004 ejus
2373 4946 2581 4987 merces
2603 4933 2752 5001 apud
2775 4931 3022 4984 eruditos
3051 4927 3416 4998 hagiopbilos,

149 5029 316 5080 etiam
341 5025 656 5091 Hispanos,
683 5022 1067 5092 indignatione
1096 5022 1281 5089 potius
1308 5036 1371 5076 ac
1406 5023 1519 5075 risu
1560 5038 1703 5092 saepe
1728 5023 2030 5093 digniores,
2061 5035 2223 5088 quam
2260 5020 2456 5089 pretio.
