4180 6468
741 389 842 452 319
2031 385 2313 446 MENSIS
2352 388 2642 452 IULIUS.
3871 389 3968 453 320

738 533 1886 563 ’.ὲ-Μ

1211 741 1390 853 DE
1480 739 2084 853 SANCTIS
2183 743 2477 856 XLV
2567 740 3499 857 MARTYRIBUS

1905 967 2281 1027 NICOPOLI
2318 968 2397 1029 IN
2431 967 2798 1028 ARMENIA

1536 1152 2492 1246 COMMENTARIUS
2575 1158 3171 1249 PRJEVIUS.

1902 1345 2047 1410 (Acta
2080 1350 2163 1400 SS.
2191 1350 2439 1411 Bolland.,
2463 1351 2575 1404 Maii
2599 1355 2680 1402 dle
2707 1353 2804 1412 l0.)

797 1662 847 1713 l.
881 1662 1160 1728 Nicopolis
1187 1663 1239 1715 in
1266 1663 1539 1727 Armenia,
1565 1665 1633 1718 ab
1659 1665 1779 1718 aliis
1806 1665 2056 1731 pluribus
2088 1666 2332 1733 ejusdem
2353 1666 2594 1718 nominis
2624 1662 2940 1718 civitatibus
2959 1663 3238 1716 additionc
3265 1663 3428 1732 hujus
3449 1664 3748 1730 pravincla:
3787 1663 3984 1716 dIStln-

727 1760 838 1810 cta,
873 1766 900 1803 a
937 1750 1196 1819 Pompeio
1228 1751 1417 1820 Magno
1445 1755 1666 1808 condita
1694 1756 1762 1805 ob
1791 1753 2161 1808 Mithridatem
2199 1755 2273 1806 ibi
2309 1754 2668 1812 debellatum,
2698 1764 2922 1807 auctore
2958 1753 3127 1806 Dione
3172 1751 3380 1814 Cassio,
3433 1750 3530 1804 lib.
3569 1767 3732 1803 xxxvi
3795 1753 3978 1808 Histo-

731 1840 941 1892 riarum
982 1840 1378 1904 Romanorum,
1405 1844 1616 1895 exstitit
1649 1843 2075 1895 clarissimorum
2111 1852 2414 1910 martyrum
2455 1841 2591 1895 XLV
2622 1842 2892 1910 palwstra,
2921 1841 3243 1895 constantia:
3275 1855 3464 1894 eorum
3499 1841 3654 1892 testis
3681 1851 3735 1891 et
3768 1849 3983 1906 specta-

729 1927 863 1982 trix.
905 1940 970 1978 ac
1000 1927 1190 1994 gl0rite
1211 1927 1521 1992 theatrum;
1558 1929 1753 1982 civitas
1786 1945 1914 1984 sane
1941 1941 2052 1983 tum
2084 1931 2283 1999 insigni
2318 1930 2418 1983 hoc
2461 1933 2740 1998 triumpho
2771 1932 2989 1988 nobilis.
3024 1941 3136 1984 tum
3173 1928 3401 1982 miriﬁce
3445 1928 3734 1997 pragdicari
3769 1929 3986 1989 merita,

729 2013 876 2080 quod
911 2015 1253 2079 temporibus
1281 2015 1519 2070 Valentis
1547 2017 1898 2084 imperatoris
1935 2018 2260 2072 inconcussa
2291 2019 2504 2072 steterit
2531 2018 2797 2072 adversus
2823 2021 3145 2072 Arianorum
3176 2018 3464 2085 procellas,
3500 2027 3558 2070 ut
3590 2015 3850 2084 pluribus
3879 2030 3988 2066 me-

731 2103 890 2154 minit
918 2101 974 2156 S.
1009 2102 1239 2156 Basilius
1271 2104 1323 2156 in
1358 2106 1576 2172 epistol.
1607 2107 1804 2165 addit.,
1833 2106 1977 2158 sicut
2013 2107 2192 2175 signat
2225 2106 2494 2161 Baronius
2530 2110 2580 2160 in
2616 2108 2989 2162 notationibus
3020 2107 3128 2164 hic.
3157 2105 3209 2167 6,
3235 2105 3287 2164 9.
3322 2105 3404 2166 l0,
3432 2109 3491 2158 Η
3522 2113 3578 2158 et
3604 2104 3666 2156 12
3689 2104 3830 2157 edit.
3859 2103 3985 2156 Nut.

668 2193 670 2196 ’
733 2189 1230 2242 celebratissimam
1257 2208 1387 2244 vero
1416 2205 1728 2247 sanctorum
1769 2203 2068 2265 martyrum
2103 2197 2425 2249 memoriam
2454 2197 2621 2249 fuisse
2655 2197 2708 2248 in
2742 2198 2915 2249 sacris
2953 2195 3174 2257 tabulis,
3210 2193 3430 2247 abunde
3482 2194 3760 2247 constabit
3816 2207 3882 2246 ex
3929 2192 3993 2244 iis

736 2291 858 2344 qua:
893 2277 959 2330 de
982 2293 1172 2332 eorum
1208 2281 1356 2332 cultu
1383 2281 1786 2337 subnectimus.

802 2365 856 2419 2.
895 2365 1256 2436 Menologium
1291 2367 1648 2426 Basiliauum.
1674 2371 1738 2422 ad
1773 2371 1976 2423 calcem
2012 2369 2140 2423 tomi
2168 2369 2327 2438 primi
2369 2370 2534 2438 hujus
2565 2372 2768 2424 mensis
2813 2380 2933 2438 post
2975 2370 3452 2425 annuntialionem
3487 2387 3498 2420 :
3538 2370 3746 2425 Eodem
3807 2385 3992 2424 mense

735 2452 904 2521 (Julio
933 2453 1020 2506 die
1047 2461 1123 2521 χ),
1170 2457 1353 2524 passio
1381 2468 1695 2510 sanctorum
1731 2456 1870 2510 XLV
1903 2469 2224 2529 martyrum,
2255 2461 2346 2527 qui
2379 2459 2432 2512 in
2470 2460 2717 2528 Nicopoli
2749 2461 3012 2531 martyrio
3047 2460 3224 2515 allecti
3266 2471 3413 2522 sunt,
3462 2480 3479 2510 ι
3520 2461 3591 2512 ita
3629 2460 3695 2514 tle
3728 2460 3837 2513 illis
3859 2473 3994 2527 prta-

737 2541 882 2595 dicat
918 2559 930 2595 :
964 2561 987 2597 l
1027 2542 1400 2614 Quadraginta
1441 2545 1684 2619 quinque
1710 2544 1912 2599 Christi
1948 2557 2215 2617 martyres
2243 2550 2495 2600 vixerunt
2526 2548 2628 2600 sub
2667 2563 2834 2616 regno
2867 2550 3056 2602 Licinii
3092 2559 3145 2602 et
3175 2552 3494 2617 praefectura
3520 2548 3715 2617 Lysim.
3757 2560 3991 2616 quorum

733 2627 1011 2696 principes
1045 2629 1197 2683 fuere
1263 2631 1546 2694 Leontius,
1590 2633 1898 2693 Mauritius,
1938 2635 2127 2688 Daniel
2159 2646 2212 2689 ct
2245 2637 2536 2687 Antonius.
2562 2634 2956 2706 Comprehcusi
2995 2638 3176 2699 itaque
3221 2637 3660 2689 astiteruntduci
3723 2635 3897 2703 Lysia:
3943 2633 3994 2684 in

731 2713 980 2783 Nicopoli
1020 2718 1312 2780 Armeniae,
1349 2719 1746 2789 Christumque
1779 2723 2018 2776 Confessi
2054 2734 2108 2775 et
2145 2723 2287 2774 idola
2320 2724 2610 2786 exsecrati,
2647 2726 2883 2791 ursique
2914 2739 2975 2774 ac
2998 2723 3269 2786 lapidibus
3304 2738 3398 2775 ora
3425 2733 3479 2775 et
3516 2721 3710 2774 faciem
3743 2719 3991 2780 contriti,

735 2801 792 2854 in
820 2818 1097 2859 carcerem
1123 2807 1368 2858 conclusi
1403 2818 1551 2869 sunt,
1580 2825 1676 2876 per
1704 2810 1822 2861 dics
1855 2812 2039 2878 plures
2078 2812 2285 2879 absque
2318 2812 2442 2865 cibo
2478 2821 2887 2880 permanentes.
2929 2810 3148 2872 Milites,
3184 2825 3375 2863 eorum
3446 2809 3814 2863 constantiam
3859 2821 3992 2859 con-

737 2891 955 2957 spicati,
998 2891 1219 2950 Christo
1252 2894 1610 2950 crediderunt
1665 2897 1869 2955 Deinde
1895 2913 1924 2951 e
1951 2915 2174 2953 carcere
2209 2902 2392 2969 ejecti,
2419 2913 2474 2955 et
2503 2915 2664 2954 crura
2696 2899 2985 2952 securibus
3007 2899 3256 2961 abscissi,
3284 2898 3337 2951 hi
3368 2897 3588 2966 quidem
3617 2898 3729 2962 jam
3761 2895 3991 2952 mortui.

738 2979 816 3033 illi
861 2991 1043 3036 autem
1084 2986 1265 3039 adhuc
1322 2988 1617 3055 Spirantcs,
1668 2990 1720 3042 in
1760 2993 2032 3043 caminum
2058 2992 2200 3059 ignis
2260 2990 2468 3059 injecti,
2500 3002 2724 3040 cursum
2769 2996 3244 3049 consummarunt,
3290 2987 3620 3052 accipientes
3681 2982 3993 3038 immortale

741 3081 992 3138 regnum,
1027 3073 1171 3139 quod
1203 3076 1451 3140 paratum
1481 3076 1613 3142 ipsis
1645 3078 1749 3128 fuit
1775 3093 1802 3129 a
1836 3078 2060 3130 Christo
2083 3090 2210 3130 ante
2246 3080 2432 3132 mutuli
2471 3079 2943 3131 constitutionem.
2982 3095 2999 3127 ι
3035 3077 3177 3131 Alibi
3208 3079 3404 3145 saepius
3442 3078 3633 3129 horum
3685 3085 3990 3138 martyrum

739 3160 981 3211 recurrit
1013 3163 1278 3213 memoria
1312 3164 1361 3213 in
1384 3161 1589 3215 Cnecis
1626 3163 1801 3225 fastis,
1835 3180 1896 3218 ac
1921 3167 2241 3234 plerumth
2265 3183 2386 3219 cum
2427 3186 2594 3238 parvo
2621 3169 2814 3235 elogio,
2849 3167 3106 3221 videlicet
3132 3168 3183 3219 in
3211 3167 3424 3219 Memeis
3456 3166 3738 3231 impressis
3763 3179 3991 3216 eorum-

739 3261 847 3314 que
881 3248 1060 3301 indicc
1090 3259 1140 3306 et
1175 3249 1470 3322 llorologio
1509 3252 1868 3318 Grtecorum;
1919 3256 2045 3308 item
2091 3258 2142 3310 in
2196 3255 2590 3326 Supplemento
2637 3256 2700 3307 ad
2743 3255 2941 3308 Menaea
2997 3270 3061 3307 ex
3117 3253 3416 3321 Syuaxario
3472 3251 3753 3304 Sirmoudi
3804 3259 3860 3300 et
3891 3263 3994 3304 ms.

739 3334 1105 3397 Chimetii,in
1136 3339 1356 3394 Memeis
1389 3341 1734 3397 bibliotheca:
1765 3345 2162 3405 Ambrosiante,
2218 3344 2420 3399 Menteo
2477 3345 2760 3407 Chillletii,
2825 3344 3131 3410 Menologio
3179 3341 3338 3393 Slavo
3374 3338 3625 3398 Russico.
3693 3337 3842 3402 quod
3899 3351 3996 3404 pro

741 3421 958 3477 Leontio
980 3427 1171 3480 scribit
1207 3427 1419 3485 Leonis.
1453 3431 1686 3487 Maximo
1711 3431 2071 3502 Cytlietorum
2102 3433 2400 3501 epiScopo;
2429 3436 2630 3500 quibus
2660 3433 2783 3483 addi
2815 3439 2994 3498 potest
3019 3445 3120 3482 ms.
3157 3444 3222 3482 ex
3259 3429 3397 3482 libro
3429 3429 3626 3497 linguae
3649 3425 3905 3478 Arabica:
3929 3423 3995 3480 de

741 3510 853 3562 vita
886 3515 1277 3566 nonnullorum
1312 3526 1652 3578 sanctorum,
1681 3520 1947 3587 Typicum
1987 3521 2044 3572 S.
2075 3520 2254 3578 Sabae,
2287 3535 2388 3572 nec
2425 3535 2533 3572 non
2569 3521 2812 3586 epitomc
2838 3531 3040 3570 excusa
3096 3515 3384 3586 Meuologii
3421 3532 3434 3568 :
3476 3514 3716 3582 denique
3749 3511 3996 3565 Menolo-

741 3599 889 3668 gium
927 3600 1110 3654 Sirleti
1153 3617 1226 3656 :e
1253 3619 1364 3671 quo
1393 3616 1576 3672 postea
1607 3621 1800 3660 eorum
1837 3609 2101 3662 memoria
2163 3607 2381 3660 transiit
2412 3607 2476 3659 ad
2519 3605 2962 3676 Martyrologium
3018 3604 3346 3666 Romanum,
3406 3603 3486 3656 sic
3524 3602 3649 3656 illos
3705 3599 3994 3654 referens:

747 3704 768 3738 ι
807 3688 1052 3756 Nicopoli
1108 3694 1162 3744 in
1201 3693 1481 3755 Armenia,
1514 3707 1828 3750 sanctorum
1869 3708 2168 3768 martyrum
2201 3697 2437 3758 Leontii,
2465 3695 2726 3752 lilauritii.
2766 3695 3004 3750 Dauielis
3039 3703 3094 3748 et
3143 3695 3440 3751 sociorum,
3491 3693 3580 3759 qui
3628 3691 3734 3746 sub
3787 3690 4000 3745 Licinio

741 3770 1080 3841 imperatore
1105 3787 1160 3832 et
1190 3778 1344 3848 Lysia
1378 3783 1609 3850 pra-side
1650 3785 1800 3834 varie
1832 3786 2157 3847 excruciati,
2193 3786 2412 3838 tandem
2445 3787 2498 3840 in
2527 3785 2705 3855 ignem
2739 3785 2996 3853 conjecti,
3020 3782 3269 3851 martyrii
3298 3795 3518 3832 cursum
3546 3779 3931 3834 confecerunt.
3974 3795 3992 3830 ι

743 3860 994 3918 Halanus
1022 3866 1142 3919 illos
1171 3870 1334 3920 etiam
1357 3871 1540 3927 habet.
1569 3869 1969 3925 etCalesinius.

822 3950 876 4004 5.
901 3951 1102 4007 Menaea
1131 3953 1415 4024 impressa,
1452 3958 1527 4010 uti
1555 3961 1719 4012 etiam
1752 3959 1957 4014 dictum
1983 3975 2174 4015 eorum
2201 3959 2678 4030 Supplementum,
2706 3973 2862 4013 sacro
2889 3967 3190 4030 martyrum
3223 3956 3422 4029 agmini
3448 3955 3519 4010 ita
3543 3953 3810 4012 accinunt
3845 3971 3860 4007 :

1598 4121 1927 4186 Παρεμϐοὶή
1953 4137 2034 4173 τις
2067 4119 2266 4187 εὑρέθη
2297 4121 2374 4188 τῷ
2409 4121 2526 4188 θεῷ
2566 4122 2659 4172 νέα

1597 4189 1782 4256 nam
1817 4188 2243 4257 παρεμϐαλοῦσα
2275 4195 2366 4242 καὶ
2396 4192 2566 4257 πυρὸς
2603 4192 2790 4256 μέσον.

1605 4259 1829 4312 κτεῖνεν
1863 4259 2188 4331 ἁρισΟενέας
2220 4260 2419 4331 δεκάτη
2450 4263 2557 4331 πῦρ
2586 4261 2981 4326 Νικοπολίτης.

1598 4369 1745 4425 Nova
1775 4381 1952 4426 castra
1990 4373 2194 4428 Numen
2221 4375 2444 4428 militent
2477 4375 2673 4429 invenit
2716 4390 2907 4427 norum

1593 4442 1853 4513 Audacter
1885 4459 2069 4494 ausum
2098 4447 2310 4496 tendere
2334 4447 2387 4496 in
2411 4449 2579 4498 medio
2608 4459 2782 4513 rogos.

1607 4509 1860 4565 Fiamma
1886 4522 2030 4567 necat
2058 4514 2257 4568 decima
2284 4531 2535 4586 generosa
2559 4509 2900 4585 Nicopolitat.

755 4665 904 4723 ldem
939 4663 1391 4735 Supplementum
1423 4664 1588 4724 habet
1623 4663 1726 4719 hoc
1773 4667 2048 4736 singulare
2076 4667 2144 4722 de
2193 4685 2383 4722 eorum

2346 4685 2383 4722 ῃ
2417 4669 2566 4724 cultu
2602 4689 2613 4723 :
2667 4668 2910 4722 Talai”:
2946 4670 2999 4722 δὲ
3041 4671 3067 4737 ἡ
3102 4668 3281 4722 αὐτῶν
3314 4671 3530 4735 admit;
3561 4681 3617 4720 tv
3663 4669 3740 4737 τῷ
3766 4670 3882 4737 ναῷ
3906 4670 3997 4740 τῆς

756 4755 917 4821 ἁγίας
966 4753 1251 4822 Ἀκυλινης
1278 4753 1503 4821 πλησίον
1525 4753 1618 4806 τοῦ
1644 4753 1831 4821 φόρου.
1876 4755 2198 4808 Celebratur
2237 4765 2407 4811 autem

2345 4773 2417 4811 3m
2447 4774 2637 4811 eorum
2690 4758 3009 4812 solemnitas
3070 4759 3122 4811 in
3174 4759 3376 4828 templo
3409 4757 3463 4814 S.
3523 4757 3798 4828 Aquilium
3830 4773 3996 4827 prope

754 4841 978 4899 Forum.
1022 4862 1042 4896 ι
1077 4842 1151 4897 De
1177 4842 1378 4912 templo
1406 4842 1461 4899 S.
1488 4842 1757 4912 Aquilium
1786 4845 1896 4914 agit
1920 4843 2156 4907 Cangius
2185 4845 2278 4900 lib.
2315 4863 2366 4900 iv
2403 4845 2584 4901 CPolis
2616 4846 2947 4909 C/trialimtm,
2978 4861 3092 4915 pag.
3125 4848 3245 4901 Hi.

825 4933 880 4987 4.
914 4931 1180 4985 Baronius
1204 4942 1334 4985 tom.
1368 4931 1452 4991 ΙΙΙ.
1488 4947 1607 5000 pag.
1651 4932 1769 4990 162.
1795 4948 1947 4986 num.
1971 4933 2059 4995 £6,
2093 4950 2258 5006 agens
2275 4935 2341 4988 de
2375 4937 2524 4989 hisce
2562 4937 2919 5004 martyribus,
2955 4951 3179 5004 agonem
3212 4951 3401 4989 eorum
3429 4937 3600 5008 afﬁgit
3623 4952 3770 4990 anno
3794 4937 3921 4992 316.
3943 4939 3996 4992 In

757 5018 1068 5088 Menologio
1107 5017 1530 5075 Slavo-Russico
1563 5029 1842 5090 ponuntur
1873 5021 2014 5089 passi
2037 5038 2180 5075 anno
2206 5023 2329 5076 507.
2360 5021 2525 5077 Liber
2556 5026 2752 5095 lingu-0.
2799 5025 3060 5087 Arabicae,
3088 5026 3155 5079 de
3189 5041 3298 5094 quo
3341 5041 3528 5094 supra,
3564 5025 3788 5080 videtur
3852 5028 3997 5092 ipsos

757 5107 983 5176 alligare
1006 5107 1348 5175 temporibus
1376 5108 1734 5170 Diocletiani;
1773 5123 1895 5161 cum
1935 5119 2058 5178 post
2089 5109 2568 5164 annuutialioucm
2597 5114 2799 5166 ibidem
2837 5112 3069 5165 addatur
3102 5112 3360 5167 Actorum
3402 5114 3527 5165 vita:
3580 5120 3679 5164 aut
3704 5112 3897 5183 elogii,
3941 5120 3996 5165 ut

759 5207 1012 5259 autumo,
1052 5195 1384 5265 principium
1411 5213 1429 5246 ι
1470 5195 1522 5248 in
1558 5194 1755 5249 diebus
1793 5195 2114 5252 Diocletiani
2157 5219 2168 5251 :
2198 5218 2216 5249 ι
2245 5210 2300 5253 et
2335 5202 2652 5263 ascrihitur,
2683 5205 2776 5257 fol.
2815 5203 2898 5255 13.
2933 5199 3104 5256 Tomo
3138 5203 3179 5256 V
3204 5202 3350 5265 Maii,
3383 5219 3506 5272 pag.
3539 5201 3659 5261 l5l,
3699 5204 3752 5255 in
3805 5214 3993 5258 annot.

758 5285 823 5338 ad
856 5299 974 5353 cap.
1011 5286 1043 5338 ὅ
1075 5286 1336 5340 Actorum
1363 5286 1419 5341 S.
1460 5288 1652 5342 Denati
1685 5286 2034 5342 etsoeiorum
2065 5300 2365 5360 martyrum
2390 5289 2472 5343 lit.
2513 5290 2549 5348 Γ.
2581 5293 2801 5359 ponitur
2837 5289 3079 5344 Licinius
3113 5291 3343 5359 cmpisse
3370 5290 3624 5361 persequi
3647 5288 3997 5345 Christianos

764 5386 911 5426 anno
944 5373 1067 5428 316.
1106 5372 1279 5429 Secus
1308 5376 1566 5443 opinatur
1591 5375 1788 5444 Pagius
1813 5376 1864 5429 in
1897 5373 2100 5430 Critica
2129 5376 2258 5429 hist.
2295 5374 2561 5432 Clironol.
2596 5389 2727 5433 tom.
2766 5379 2807 5441 l,
2835 5394 2953 5448 pag.
2989 5379 3117 5442 581,
3154 5395 3406 5439 censetis,
3438 5378 3618 5433 nullos
3644 5390 3922 5449 martyres
3948 5380 3995 5435 in

763 5467 1152 5533 persecutione
1178 5466 1466 5521 Liciniana
1503 5467 1672 5522 fuisse
1708 5485 1895 5538 passos
1922 5479 2046 5522 ante
2074 5484 2279 5522 annum
2311 5467 2437 5530 5l9,
2459 5481 2635 5534 neque
2659 5476 2783 5520 ante
2820 5467 2952 5520 illud
3002 5476 3216 5536 tempus
3248 5467 3518 5522 Licinium
3555 5469 3997 5536 persecutionem

765 5552 1027 5608 Ecclesiae
1059 5555 1332 5609 intulisse.
1364 5555 1750 5610 Tillemontius
1787 5567 1918 5609 tom.
1944 5557 2006 5622 ν,
2036 5574 2156 5627 pag.
2194 5558 2316 5618 512.
2350 5556 2529 5610 obiter
2559 5570 2624 5608 ex
2653 5554 2857 5609 Grmcis
2889 5554 3088 5609 tabulis
3111 5565 3328 5608 sanctus
3352 5553 3558 5608 Christi
3618 5556 3836 5624 pugiles
3856 5573 4000 5611 com-

768 5655 1100 5704 memorans,
1125 5659 1330 5698 anuum
1359 5646 1601 5715 martyrii
1636 5662 1742 5699 non
1774 5646 2125 5700 determinat.
2153 5646 2218 5700 lit
2252 5661 2378 5699 vero
2403 5660 2462 5696 ea
2513 5644 2775 5716 temporis
2820 5649 2977 5702 ratio.
3020 5658 3183 5710 quam
3225 5642 3337 5709 ligit
3383 5641 3598 5713 Pagina,
3649 5660 3760 5698 non
3789 5645 3998 5704 videtur

767 5731 1145 5804 improbabilia
1183 5750 1196 5785 :
1228 5748 1404 5803 neque
1429 5737 1574 5791 enim
1613 5745 1856 5805 apparet.
1895 5752 2054 5805 quem
2085 5737 2427 5805 potissimum
2460 5735 2724 5805 martyrio
2752 5750 2893 5803 szepe
2929 5735 3077 5788 dicto
3116 5734 3362 5804 assigncs
3384 5750 3610 5793 annum.
3639 5749 3807 5804 quam
3855 5736 3997 5791 illum

765 5837 875 5891 quo
947 5823 1190 5879 Licinius
1219 5824 1363 5879 varia
1398 5824 1448 5877 in
1481 5825 1822 5881 Christianos
1858 5825 2202 5884 machinatus
2234 5838 2335 5890 ρει,
2371 5841 2462 5880 eos
2493 5842 2518 5880 e
2548 5823 2744 5894 palatio
2775 5837 2873 5878 suo
2899 5823 3126 5894 pellens,
3149 5821 3382 5878 concilia
3418 5822 3724 5889 celebrare,
3767 5837 3869 5882 eos
3916 5840 3998 5882 re.
