4180 6478
162 424 258 486 321
1111 423 1595 485 MARTYRIUM
1637 425 1743 484 SS.
1784 425 1813 483 Χ

1784 425 1924 484 xcv
1971 425 2420 488 MARTYRUH.
3309 424 3419 484 322

161 551 300 599 tam,
341 537 562 607 allaquo
586 553 742 610 quam
763 539 989 610 plurima
1037 547 1250 592 contra
1280 553 1376 592 eos
1403 547 1653 594 statuens
1685 557 1748 594 ac
1785 553 1979 611 gerens
2013 543 2066 594 in
2097 542 2282 597 odium
2311 543 2655 597 Constantini
2689 543 2754 598 de
2795 543 2993 611 quibus
3023 542 3292 597 Eusebius
3316 540 3409 598 lib.

161 625 278 680 tDe
309 622 428 679 Vita
454 625 809 691 Constantini,
838 628 1008 696 capite
1039 626 1136 688 5i,
1177 625 1248 679 5'2
1275 635 1328 680 et
1359 643 1513 695 seqq.
1549 629 1692 696 agit;
1725 645 1842 697 qme
1875 629 2127 682 Petavius
2160 631 2343 700 alligat
2379 646 2525 683 anno
2551 630 2752 685 ChriSIi
2788 630 2910 695 519,
2947 641 3003 682 ut
3029 629 3214 682 videre
3245 630 3410 682 estin

164 722 316 779 parte
354 716 530 767 altera
574 715 647 766 De
673 716 901 766 doctrina
938 725 1124 780 temp..
1151 728 1277 782 pag.
1313 715 1435 778 7l8;
1474 715 1700 770 addens.
1740 730 1926 785 passos
1950 735 2068 772 esse
2103 725 2154 771 in
2180 735 2240 771 ea
2281 724 2670 787 persecutione
2696 719 2788 773 XL
2827 729 3091 787 martyres
3119 718 3170 769 in
3205 716 3414 784 Cappa-

160 801 342 861 docia,
378 800 583 870 frigore
615 813 855 859 enectos.
885 801 1248 860 etBasilium,
1278 803 1507 855 Amasia-
1537 804 1773 856 Pontica:
1824 809 2170 874 episcopum,
2233 807 2496 876 martyrio
2548 806 2828 869 affectum,
2889 808 3129 873 citatque
3189 805 3408 858 Eusebii

157 886 494 941 Cht'onicon.
544 893 736 942 Actum
769 888 836 941 de
871 888 961 940 illo
993 898 1078 941 est
1112 898 1249 942 tum.
1284 890 1344 942 Ill
1381 891 1602 958 Aprilis.
1640 909 1760 960 pag.
1788 893 1910 952 416,
1954 897 2197 961 apposita
2233 895 2464 963 cpoeha.
2489 896 2640 949 circa
2662 911 2786 948 ann.
2819 895 2954 957 529.;
2986 894 3052 946 de
3111 894 3176 946 iis
3225 905 3408 945 autem

159 976 246 1026 die
278 970 565 1030 lO‘Martii.
609 977 672 1027 ad
712 976 825 1028 htec
863 974 1419 1031 EusebiiChronieon
1460 978 1649 1032 Latine
1697 995 1915 1033 versum
1935 985 2076 1050 apud
2111 984 2408 1050 .I.osepltum
2459 981 2799 1049 Scaligerqu
2855 997 2976 1050 pag.
3041 981 3159 1041 180,
3211 982 3274 1033 ad
3318 996 3407 1031 an.

159 1083 343 1126 cccxxt
370 1070 575 1131 habet;
604 1069 877 1122 tLicinius
900 1070 1239 1122 Christianos
1263 1071 1328 1122 de
1349 1072 1549 1138 palatio
1575 1088 1669 1124 sua
1694 1073 1865 1140 pellit.
1885 1095 1899 1122 ι
1923 1075 2175 1128 Dicamus
2195 1092 2340 1146 ergo,
2362 1087 2630 1146 martyres
2657 1078 2860 1130 obiisse
2888 1079 3030 1128 circa
3057 1089 3258 1127 annum
3285 1073 3410 1128 519.

229 1157 282 1212 5.
319 1158 458 1221 Quid
483 1156 721 1209 sentiam
762 1157 829 1209 de
859 1157 1082 1215 Aetis,.c
1115 1157 1302 1209 Grch
1346 1160 1396 1208 itt
1427 1156 1678 1209 Latinum
1713 1175 2015 1213 serrnoncm
2052 1178 2078 1214 a
2109 1179 2192 1215 me
2210 1165 2512 1221 conversis,
2537 1165 2726 1230 paucis
2755 1165 3021 1228 intellige.
3048 1161 3160 1214 Non
3195 1163 3412 1215 sint-era

161 1244 247 1296 illa
275 1259 421 1304 esse,
457 1249 553 1300 sed
579 1244 830 1312 cpisodio
861 1245 978 1309 plus
1009 1257 1119 1294 uno
1162 1245 1424 1300 adornata
1479 1244 1888 1314 dramaticeqne
1953 1252 2278 1317 composita,
2330 1251 2699 1306 indubitatum
2754 1251 2886 1303 tuihi
2939 1250 3171 1303 videtur.
3227 1249 3413 1316 Spirat

157 1333 447 1383 enimvero
480 1331 535 1383 in
564 1332 674 1384 illis
703 1330 984 1396 ingenium
1014 1329 1417 1397 Metaphrasus.
1451 1333 1534 1384 vel
1565 1333 1752 1385 saltem
1792 1337 2016 1391 alterius
2037 1337 2319 1407 cujusdam
2346 1338 2396 1391 ci
2423 1354 2528 1389 non
2564 1337 2851 1394 absimilis,
2887 1336 3113 1403 tragmdi
3143 1335 3280 1386 sacri
3319 1351 3415 1401 po-

159 1417 266 1470 tius
323 1432 490 1485 quam
539 1417 736 1470 sinceri
767 1417 1010 1468 historici
1042 1431 1237 1469 nomen
1271 1421 1577 1485 promeriti.
1609 1419 1945 1488 Argumenta
1984 1434 2112 1476 sunt
2135 1433 2433 1490 sequentes
2465 1425 2904 1476 observationes.
2947 1422 3152 1482 l’rtmo,
3199 1434 3410 1487 preces,

155 1505 341 1559 verbis
384 1510 724 1574 psalmorum
755 1506 918 1558 nimis
951 1506 1276 1574 composita.-
1311 1508 1670 1564 cont-innate.
1710 1519 1768 1563 ut
1802 1509 2004 1561 videsis
2032 1526 2181 1561 nutu.
2227 1512 2258 1561 8
2293 1521 2346 1562 et
2376 1511 2459 1563 12.
2493 1509 2770 1572 Secundo,
2820 1511 3069 1562 inductio
3112 1518 3412 1578 martyrum

162 1594 457 1658 utriusque
489 1606 657 1644 sexus
685 1607 786 1644 nec
812 1606 922 1645 non
962 1594 1274 1660 exemplum
1309 1591 1363 1647 S.
1399 1593 1750 1656 Potamicnm,
1777 1598 2118 1664 temporibus
2150 1597 2461 1651 Maximiani
2485 1615 2582 1666 pro
2615 1601 2815 1650 tuenda
2853 1598 3117 1665 pudicitia
3167 1600 3219 1647 itt
3255 1597 3410 1648 lebe-

157 1688 290 1739 tem,
333 1681 452 1744 pice
478 1680 839 1740 instructum,
866 1695 894 1732 a
928 1695 1028 1733 suo
1059 1681 1283 1735 domino
1319 1683 1554 1751 injeettc.
1586 1699 1782 1735 nuntia:
1827 1685 2102 1736 theatrum
2137 1684 2386 1752 spirant?
2419 1684 2476 1738 S.
2504 1685 2790 1742 Leontius.
2816 1697 2878 1736 ea
2915 1693 3144 1735 narrans
3190 1691 3247 1734 ut
3289 1682 3411 1733 atti-

155 1779 276 1817 mos
303 1768 510 1820 excitet
543 1774 610 1818 ad
649 1769 867 1821 fortiter
907 1785 1004 1836 pro
1039 1769 1261 1823 Christo
1284 1770 1682 1832 dimicandum,
1713 1772 1846 1824 dicit
1886 1785 1943 1823 δη
1977 1785 2038 1822 ea
2071 1771 2350 1838 accepisse
2392 1794 2408 1820 ‹
2438 1787 2464 1823 a
2489 1777 2746 1840 magistro
2776 1786 2896 1831 suo,
2931 1771 3024 1838 qui
3055 1769 3311 1822 veniebat
3343 1785 3413 1823 ex

151 1853 384 1924 Egypto.
431 1864 488 1908 et
523 1856 743 1908 audisse
776 1871 830 1907 se
857 1855 1041 1908 aiebat
1075 1872 1102 1913 a
1125 1855 1184 1910 S.
1210 1859 1452 1910 Antonio
1484 1869 1688 1912 asceta.
1723 1883 1737 1906 ο
1773 1859 1968 1924 ρυρτο
1996 1859 2089 1924 qui
2115 1859 2202 1910 hic
2230 1860 2500 1911 Antonius
2526 1859 2718 1911 aeeta?
2757 1860 3028 1912 Antonius
3078 1874 3321 1926 magnus.
3353 1870 3413 1912 ιιι

153 1943 375 2010 Opinor.
415 1943 812 1997 celeberrimus
849 1943 1087 2011 plurium
1123 1947 1523 2002 monachorum
1561 1946 1726 2001 abbas
1761 1965 1772 2000 :
1806 1947 1850 1999 si
1885 1945 1972 1999 ille
2003 1954 2108 2005 est,
2145 1961 2308 2014 quem
2341 1947 2591 2008 conjieio.
2617 1948 2749 1998 satis
2779 1945 3052 2012 disparata
3083 1959 3411 2000 connectere

154 2031 378 2086 videtur
413 2035 693 2100 scriptor;
729 2047 852 2083 cum
889 2034 932 2085 is
975 2043 1081 2086 tam
1113 2035 1208 2091 diu
1241 2034 1440 2088 obierit
1472 2046 1592 2105 post
1628 2037 1683 2090 S.
1708 2036 2019 2096 Leontium,
2053 2048 2195 2087 anno
2219 2041 2410 2103 utique
2439 2033 2564 2087 356.
2597 2033 2704 2087 Res
2733 2035 2834 2086 illae
2858 2044 3171 2096 narrantur,
3200 2051 3228 2087 a
3256 2049 3410 2087 num.

151 2117 185 2170 8
225 2119 280 2171 in
333 2121 462 2172 fine.
506 2119 715 2178 Tertio,
751 2118 1024 2178 diabolus,
1056 2119 1440 2188 Esculapium
1475 2126 1758 2187 mentitus,
1790 2127 2097 2192 ducemque
2131 2122 2346 2193 Lysiam
2394 2135 2585 2178 contra
2617 2133 2885 2192 martyres
2919 2124 3223 2186 concitans,
3248 2123 3414 2192 quid-

155 2220 282 2257 nam
316 2214 397 2257 est
427 2205 532 2258 nisi
566 2220 727 2258 scena
756 2205 1077 2270 dramatica,
1118 2223 1271 2259 num.
1303 2208 1419 2260 19?

221 2293 274 2346 6.
305 2291 535 2356 Quinto,
570 2309 716 2347 mors
745 2303 1067 2365 martyrum.
1102 2295 1210 2349 hoc
1236 2296 1402 2349 modo
1429 2295 1751 2358 aceelerata,
1780 2294 1872 2363 qui
1909 2294 2148 2350 refertur
2167 2311 2318 2350 num.
2343 2295 2430 2359 16,
2460 2295 2617 2349 fallor
2643 2295 2685 2348 si
2712 2294 2926 2364 plenam
2959 2293 3119 2350 [idem
3145 2296 3406 2353 inveniat.

152 2378 338 2434 SCXLO.
371 2381 558 2448 prodit
588 2381 639 2434 in
667 2398 885 2437 scenam
919 2384 1143 2448 mulier,
1181 2386 1391 2438 sanctis
1419 2400 1614 2458 aquam
1647 2383 1749 2436 sub
1781 2383 2022 2437 vestibus
2053 2385 2189 2437 clam
2224 2385 2277 2436 itt
2306 2399 2525 2446 carcere
2557 2384 2832 2442 deferens.
2862 2400 3014 2438 num.
3053 2387 3107 2436 ll
3135 2401 3149 2449 ;
3174 2402 3294 2454 quae
3317 2386 3412 2441 de-

151 2481 264 2520 nuo
293 2465 436 2526 redit
472 2485 626 2523 num.
657 2471 738 2524 l9.
761 2472 954 2532 Erunt,
995 2483 1052 2525 ut
1075 2473 1298 2540 opinor,
1330 2472 1532 2539 quibus
1569 2487 1759 2540 preces
1779 2483 1834 2524 et
1867 2487 2006 2539 aqtta
2029 2487 2059 2522 e
2089 2487 2223 2540 rupe
2247 2473 2432 2525 elicita
2463 2488 2570 2525 non
2601 2475 2827 2525 omnino
2863 2474 3209 2538 arridebunt,
3257 2492 3413 2534 nutu.

148 2553 238 2608 22.
271 2555 524 2626 Denique
557 2559 816 2610 Actorum
848 2559 1152 2611 sineeritati
1188 2574 1295 2609 non
1322 2559 1669 2612 mediocriter
1694 2558 1863 2612 ofﬁcit
1897 2577 2131 2627 sequens
2165 2562 2431 2622 clausula,
2459 2577 2486 2612 a
2527 2563 2783 2628 genuinis
2827 2565 2975 2616 Actis
3040 2565 3230 2617 abesse
3276 2580 3408 2618 con-

148 2657 330 2700 sueta.
368 2662 491 2712 qua:
525 2646 770 2697 habetur.
793 2662 942 2699 num.
977 2648 1066 2702 “:25.
1106 2647 1160 2698 in
1203 2661 1310 2714 qua
1354 2645 1629 2699 Sisinnius
1658 2646 1730 2698 ita
1757 2646 1922 2699 Deum
1954 2658 2070 2700 orat
2093 2649 2313 2716 jamjatn
2358 2648 2679 2699 moriturus.
2721 2666 2740 2696 ι
2775 2652 2907 2715 Upis
2944 2661 3047 2702 tuae
3073 2652 3305 2720 indigus,
3333 2665 3410 2706 rc-

156 2745 263 2797 que
284 2743 482 2784 nostro
514 2733 824 2786 interventu
857 2734 1200 2790 invocantes.
1230 2735 1414 2787 statim
1441 2734 1660 2788 exaudi.
1693 2733 2011 2799 Domine,in
2037 2750 2364 2802 quacunque
2405 2733 2732 2786 necessitate
2764 2745 2816 2786 et
2854 2737 3182 2804 indigentia;
3211 2754 3409 2805 quam-

149 2826 234 2872 vis
268 2820 320 2871 in
364 2820 635 2873 viduitate
671 2831 726 2874 et
756 2823 1028 2885 orbitate;
1065 2824 1317 2890 quamvis
1358 2823 1410 2875 in
1460 2823 1943 2890 peregrinatione;
1994 2824 2245 2890 quantivis
2298 2823 2351 2874 in
2407 2822 2724 2873 inlirmitate
2779 2837 3030 2889 corports
3076 2834 3133 2876 et
3179 2827 3404 2885 animae;

149 2909 411 2977 quamvis
440 2911 494 2961 in
523 2925 630 2963 azre
663 2910 843 2964 alieno
875 2919 926 2964 et
967 2910 1303 2973 calumniis;
1348 2913 1598 2977 quamvis
1631 2913 1682 2962 in
1709 2911 1906 2963 acerba
1941 2913 2241 2976 servitute;
2276 2909 2530 2979 quamvis
2565 2911 2618 2961 in
2683 2909 2968 2962 hominum
3019 2927 3082 2964 ac
3130 2915 3406 2980 pecudum

150 3001 524 3067 contagione;
551 3001 806 3065 quamvis
841 2998 892 3049 in
927 2999 1063 3049 mari
1089 2999 1362 3064 quispiam
1396 2998 1466 3049 sit
1500 2998 1816 3067 naufragus,
1855 3009 1962 3050 etc.
1994 2998 2071 3050 Tu
2100 2999 2200 3060 illi,
2265 3013 2384 3056 rex,
2426 3012 2520 3063 per
2557 3011 2658 3048 nos
2710 2999 2910 3050 solatio
2948 3000 3044 3060 sis,
3089 3009 3142 3052 et
3224 3005 3408 3053 statim

149 3088 377 3145 exaudi,
407 3096 820 3153 utcognoscant
845 3085 1035 3138 mundi
1077 3086 1240 3155 hujus
1273 3085 1485 3149 incolae,
1515 3088 1746 3138 multutn
1772 3100 1870 3139 nos
1904 3084 2056 3152 diligi
2084 3085 2182 3136 abs
2225 3093 2298 3146 te,
2328 3090 2384 3135 et
2428 3083 2700 3144 exaudiri,
2763 3099 2826 3135 ac
2869 3085 3009 3135 malo
3045 3086 3272 3138 cuilibet
3315 3091 3406 3140 tiat

149 3188 294 3242 aqua
329 3175 442 3227 hazc
468 3175 522 3226 in
547 3174 834 3234 medelam.
861 3191 981 3227 nam
1009 3175 1075 3227 ad
1113 3175 1517 3228 invocationem
1550 3173 1863 3228 tuiebnlliit
1901 3172 2295 3225 etinnovatunt
2340 3177 2423 3222 est
2467 3178 2626 3223 vetus
2676 3170 3008 3246 miraculum
3066 3173 3120 3224 in
3177 3174 3404 3242 gloriam

149 3261 334 3315 Patris
363 3270 417 3313 et
445 3259 570 3312 Filii
622 3272 676 3314 et
704 3259 945 3329 Spiritus
976 3261 1176 3322 sancti,
1213 3261 1264 3311 in
1294 3260 1508 3312 laudent
1533 3269 1588 3312 et
1612 3261 1932 3312 memoriam
1965 3271 2267 3330 martyrum
2308 3271 2527 3313 tuorum
2556 3263 2799 3329 quinque
2824 3272 2880 3314 et
2911 3263 3292 3329 quadraginta.

223 3351 274 3402 7.
309 3349 458 3402 Inter
487 3358 752 3420 martyres
778 3348 991 3403 XXXVI
1026 3349 1370 3402 Alexandria:
1398 3362 1602 3416 passos.
1629 3347 1697 3401 de
1727 3347 2044 3416 quibushoc
2063 3349 2252 3400 itidem
2275 3347 2364 3399 die
2390 3349 2569 3415 agitur
2590 3349 2864 3414 superius,
2899 3349 3008 3401 duo
3037 3351 3198 3415 primi
3224 3350 3404 3405 Leon-

148 3439 264 3492 tius
290 3449 345 3491 et
374 3438 686 3500 Mauritius,
708 3447 763 3491 et
795 3440 1024 3506 quinttts
1057 3437 1271 3498 Dattiel,
1303 3422 1482 3490 tribus
1506 3435 1710 3489 nostris
1737 3435 2072 3505 martyribus
2103 3433 2518 3504 Neapolitanis,
2555 3449 2789 3504 quorum
2816 3451 3136 3505 expreSsum
3167 3439 3406 3492 vidimus

146 3543 380 3591 nomen,
411 3542 642 3596 prorsus
676 3527 991 3593 homonymi
1016 3534 1165 3577 sunt.
1197 3525 1326 3590 Quae
1379 3524 1727 3594 homonymia
1771 3523 2146 3592 suspicionem
2201 3521 2434 3576 fortasse
2482 3523 2733 3575 nonnulli
2785 3525 3031 3591 praebere
3069 3527 3288 3593 poterit,
3316 3527 3404 3580 hic

146 3632 332 3686 aque,
367 3632 430 3668 ac
454 3615 612 3677 alihi,
650 3615 772 3682 plus
798 3613 988 3676 semel,
1018 3614 1256 3667 inductae
1286 3613 1538 3683 alicujus,
1583 3612 1940 3674 confusionis,
1976 3627 2086 3666 una
2114 3610 2348 3665 fortasse
2380 3620 2678 3680 martyrum
2731 3621 2906 3664 turma
2943 3611 2996 3663 in
3033 3612 3172 3664 duas
3209 3616 3408 3669 distra-

148 3715 261 3768 cta,
295 3704 400 3765 vel,
434 3703 480 3755 si
511 3703 616 3756 hoc
644 3719 754 3756 non
781 3704 884 3766 vis,
915 3703 1144 3754 alterius
1182 3701 1235 3752 in
1297 3701 1528 3752 alteram
1578 3700 1901 3751 nominibus
1927 3698 2220 3752 derivatis.
2269 3699 2464 3752 Verum
2509 3698 2768 3768 quoniam
2802 3697 2932 3767 qttid
2969 3694 3237 3753 hiclateat
3291 3716 3404 3771 my-

145 3793 326 3852 sterii,
373 3792 535 3846 nobis
560 3793 777 3859 assequi
817 3806 922 3844 non
963 3799 1048 3843 est
1091 3800 1429 3858 proruptum.
1481 3787 1534 3840 in
1573 3787 1713 3842 duas
1756 3802 1854 3840 eos
1873 3787 2088 3841 classes
2127 3785 2508 3848 distinximus,
2558 3789 2733 3840 secuti
2775 3785 3160 3856 Martyrologia
3206 3788 3404 3842 Hiero-

148 3880 407 3948 nymiana
443 3898 454 3932 :
491 3880 570 3931 uti
616 3879 976 3932 indicavimus
1001 3892 1189 3946 supra,
1228 3877 1319 3930 ubi
1351 3876 1419 3929 de
1461 3875 1624 3929 dictis
1664 3877 1889 3946 triginta
1934 3891 2029 3930 sex
2067 3875 2403 3946 martyribus
2441 3875 2677 3944 egimus,
2720 3881 2777 3927 et
2821 3874 3199 3927 dillicultatctn
3259 3875 3402 3930 hanc

145 3983 256 4018 non
294 3966 777 4035 praztermisitntzs.

214 4057 266 4106 8.
312 4051 591 4123 Tamayus
619 4053 792 4111 solius
822 4051 876 4107 S.
905 4052 1120 4107 Leontii
1148 4067 1346 4106 nomen
1380 4051 1681 4119 exprimit,
1729 4063 1786 4107 et
1833 4055 2018 4108 socios
2063 4062 2335 4124 martyres
2375 4053 2642 4106 confuse:
2686 4071 2703 4102 ι
2745 4051 2989 4119 Nicepoli
3041 4052 3092 4103 in
3120 4053 3400 4118 Armenia,

144 4141 202 4196 S.
237 4143 456 4196 Leontii
493 4143 770 4212 martyris,
818 4143 912 4211 qui
945 4158 1069 4196 cum
1108 4143 1232 4197 aliis
1275 4143 1441 4195 sociis
1472 4156 1703 4211 agonem
1748 4141 2130 4195 admirabilem
2171 4141 2486 4210 complevit.
2528 4159 2545 4192 ι
2581 4140 2696 4192 Hoc
2749 4148 2932 4200 recte;
2971 4140 3063 4192 sed
3100 4140 3400 4193 cluesulatn

144 4241 505 4300 sequentem,
562 4249 579 4280 σ
610 4235 765 4300 cujus
795 4233 1006 4283 exmia:
1041 4246 1210 4283 sacrae
1257 4232 1310 4280 in
1351 4231 1556 4296 oppido
1589 4231 1896 4284 Alcaudetc
1920 4271 1934 4294 ,
1982 4232 2238 4285 dimcesis
2263 4231 2590 4286 Giennensis
2622 4231 2673 4281 in
2706 4228 2957 4282 (mnobio
2989 4229 3306 4281 monialiuni
3339 4228 3400 4285 Β.

141 4317 312 4373 Clara:
341 4319 538 4371 debita
573 4319 755 4371 cultus
781 4316 1200 4371 honorificentia
1233 4325 1548 4380 servantur,
1585 4335 1602 4366 ι
1635 4333 1900 4385 quorsum
1929 4317 2215 4386 adjunxit?
2246 4319 2380 4372 Cum
2424 4319 2476 4369 in
2512 4319 2656 4368 notis
2683 4317 2746 4367 ad
2779 4317 2926 4368 hunc
2957 4320 3136 4367 locum
3167 4317 3400 4367 candide

142 4406 476 4473 profiteatur
514 4425 532 4454 ο
571 4407 842 4474 suspicari
874 4421 952 4469 se,
998 4419 1157 4458 erase
1217 4405 1454 4458 amicum
1493 4403 1807 4463 eruditum,
1847 4419 1864 4451 ›
1903 4401 2166 4454 nimirum
2203 4399 2261 4453 P.
2298 4399 2588 4453 Martinutn
2626 4396 2862 4451 Xctnena
2891 4397 3119 4452 .lurado.
3150 4412 3216 4449 ex
3244 4399 3403 4466 cujus

142 4495 412 4548 relatione
445 4493 723 4560 praedictis
772 4493 956 4546 Sancti
1005 4493 1254 4559 reliquiis
1295 4493 1458 4545 istum
1513 4492 1694 4546 locum
1741 4491 2067 4562 assignarat,
2115 4506 2133 4538 ο
2182 4498 2237 4540 et
2293 4489 2405 4540 haec
2454 4488 2687 4556 pignora
2736 4500 2858 4540 esse
2904 4487 3135 4539 alterius
3185 4485 3400 4539 Leontii

145 4582 402 4651 martyris
441 4582 630 4633 Roma:
662 4581 835 4649 passi;
871 4581 936 4634 de
960 4595 1070 4648 quo
1097 4591 1265 4648 agunt
1296 4580 1665 4649 Maurolycns,
1690 4577 2026 4633 Galesinius.
2047 4587 2104 4629 et
2135 4577 2422 4642 Philippus
2455 4575 2752 4628 Ferrarius
2777 4574 2829 4624 in
2870 4573 3114 4636 generali
3140 4571 3402 4640 Catologo

142 4664 483 4720 Sanctorum
540 4664 630 4717 die
673 4663 706 4719 9
758 4664 891 4719 Julii
940 4663 1034 4717 fol.
1069 4663 1198 4728 ρει,
1259 4673 1313 4717 et
1342 4665 1643 4718 suadentur
1696 4678 1762 4718 ex
1805 4679 1872 4717 eo
1922 4662 2068 4732 quod
2123 4663 2310 4715 comiti
2341 4660 2731 4715 Beneventano
2765 4661 2886 4728 ejus
2922 4659 3151 4712 exuvias
3199 4658 3403 4711 obtulit

145 4753 344 4807 Paulus
401 4753 470 4813 ν.
508 4753 666 4807 Ροηι.
705 4753 844 4806 Max.
897 4761 1173 4806 extractas
1219 4767 1282 4805 ex
1325 4751 1589 4805 Romanis
1633 4750 1994 4812 caemelcriis;
2031 4763 2129 4802 nec
2179 4750 2286 4802 huc
2323 4764 2497 4815 usque
2548 4750 2758 4802 sciatur
2801 4746 3167 4814 Nicopolttani
3217 4746 3402 4799 [lonia

145 4841 407 4895 advectas
436 4839 635 4893 fuisse.
678 4857 696 4889 ι
735 4839 930 4902 Recte,
965 4850 1023 4892 ut
1062 4842 1280 4907 opinor,
1315 4839 1404 4893 hic
1429 4855 1485 4892 se
1518 4850 1572 4894 et
1595 4839 1761 4892 alium
1795 4853 1954 4892 suum
1991 4837 2187 4892 ducem
2215 4836 2439 4905 corrigit
2467 4834 2761 4907 Tamayus.
2801 4834 3019 4890 Utinam
3065 4836 3120 4887 in
3151 4834 3403 4902 pluribus
3439 4877 3442 4880 .

145 4930 264 4983 aliis
288 4932 497 4983 eadem
526 4927 789 4981 felicitate
823 4939 880 4980 et
908 4928 1172 4981 facilitate
1193 4942 1250 4981 se
1284 4926 1656 4981 correxissetl
1689 4929 1777 4983 Sic
1806 4930 1975 4998 pluris
1997 4929 2192 4980 flerent
2216 4925 2335 4997 ejus
2360 4939 2568 4980 merces
2590 4927 2738 4994 apud
2762 4925 3009 4978 eruditos
3037 4921 3402 4991 hagiophiloa,

144 5021 308 5071 etiam
333 5017 644 5083 Hispanos,
671 5015 1054 5085 indignatione
1083 5015 1268 5082 potius
1295 5029 1358 5068 ac
1393 5016 1506 5068 risu
1547 5031 1690 5084 sape
1715 5016 2016 5085 digniores,
2047 5028 2210 5081 quam
2247 5013 2442 5082 pretio.
