4180 6486
771 449 881 516 323

2081 447 2367 510 MENSIS
2405 446 2699 508 IULIUS.

3912 446 4005 509 3‘31

1897 770 2867 905 ΜΑΡΤΥΡΙΟΝ

1601 1014 1818 1101 ΤΩΝ
1900 1013 2244 1099 ΑΓῘΩΝ
2318 1003 2491 1097 ΜΕ
2567 1010 3191 1097 ΜΑΡΤΥΡΩΝ.

1968 1376 2832 1493 MARTYRIUM

1464 1623 2189 1714 SANCTORUM
2270 1623 2514 1709 XLV

2349 1840 2421 1854 —

2606 1614 3327 1705 MABTYRUM.

2233 1989 2458 2046 CAPUT
2502 1991 2542 2043 Ι.

1054 2133 1283 2203 Vulgata
1310 2148 1341 2184 a
1376 2128 1578 2182 Licinio
1610 2127 1778 2181 edicto
1809 2136 1994 2179 contra
2025 2122 2380 2186 Christianos,
2413 2123 2676 2175 sistuntur
2703 2134 2882 2172 coram
2907 2115 3037 2169 duce
3074 2114 3234 2185 Lysia
3259 2116 3429 2167 sancti
3459 2122 3741 2184 martyres.

851 2266 887 2319 l.
922 2263 1168 2320 Licinius
1208 2262 1510 2329 imperator
1535 2273 1976 2328 quaquaversum
2015 2255 2199 2310 edicta
2226 2253 2349 2306 vul-
2378 2300 2385 2313 Α

2529 2248 2608 2303 Α’.
2658 2250 2900 2310 Λικίνιος
2953 2249 2980 2301 ὁ
3037 2246 3292 2316 βασιλεὺς
3346 2245 3630 2298 ἀπέστειλε
3677 2245 4018 2313 διατάγματα

780 2361 949 2430 gavit.
981 2366 1040 2411 ut
1063 2356 1106 2410 si
1137 2355 1227 2423 qui
1264 2352 1645 2422 reperirentur
1670 2350 1993 2411 Christiani,
2021 2345 2353 2401 omnimodis

782 2453 1176 2521 plecterentur.
1206 2445 1382 2499 Edieti
1423 2458 1552 2496 vero
1575 2442 1854 2511 exemplar
1885 2454 2205 2509 expressum
2234 2445 2352 2491 erat

781 2543 861 2597 sic
894 2559 908 2596 :
939 2538 1184 2594 Licinius
1226 2539 1544 2606 imperator,
1605 2533 1894 2595 maximus,
1922 2542 2206 2602 angustus,
2244 2530 2349 2593 his,

781 2632 873 2701 qui
902 2645 999 2699 per
1040 2629 1230 2682 orbem
1259 2637 1532 2679 terrarum
1559 2631 1827 2691 prmsunt,
1864 2621 2093 2674 salutem
2131 2636 2145 2673 :
2197 2618 2354 2670 Post-

781 2739 947 2792 quam
1001 2721 1264 2776 divinitas
1315 2724 1502 2771 nostra
1531 2717 1673 2768 facta
1702 2725 1787 2768 est
1811 2712 2011 2766 certior
2043 2711 2142 2778 (l),
2192 2723 2355 2777 quos—

781 2816 906 2869 dam
947 2827 1138 2866 eorum
1199 2805 1611 2878 quiChristiani
1643 2805 2011 2874 appellantur,
2033 2816 2144 2852 non
2177 2799 2352 2851 solum

779 2905 1041 2961 beneﬁcis
1067 2902 1174 2955 diis
1207 2917 1314 2953 non
1334 2899 1666 2960 sacriﬁcare,
1698 2896 1791 2948 sed
1810 2893 1975 2947 etiam
2006 2890 2097 2961 pio
2126 2890 2353 2943 deorum

782 2996 957 3052 cultui
998 2995 1228 3064 injurias
1260 2993 1538 3059 irrogare;
1589 2989 1721 3058 quin
1777 2987 1887 3041 imo
1945 2992 2214 3055 praztextu
2274 2983 2354 3036 eis

780 3088 1150 3150 sacriﬁcandi,
1190 3086 1457 3155 plurimos
1492 3083 1625 3136 deos
1655 3082 1740 3135 vel
1772 3081 1892 3148 ipso
1911 3089 2185 3132 nocturno
2213 3083 2353 3128 tem-

779 3198 916 3252 pore
952 3178 1274 3235 contrivisse
1294 3218 1308 3241 ,
1345 3177 1674 3243 punitosque
1697 3173 1896 3239 saepius
1921 3186 2029 3223 non
2059 3168 2354 3237 resipuisse

782 3283 875 3327 aut
911 3271 1216 3326 honoribus
1247 3267 1494 3325 allectos.
1526 3275 1620 3321 aut
1652 3274 1799 3318 metu
1831 3262 2194 3326 absterritos;
2231 3259 2354 3312 ideo

779 3373 1024 3437 potestas
1071 3371 1259 3416 nostra
1313 3360 1488 3429 jubet,
1525 3368 1584 3412 ut
1635 3359 1948 3425 ubicunque
2007 3341 2356 3407 invenientur

780 3456 1106 3518 Christiani,
1138 3455 1243 3507 diis
1272 3454 1326 3506 hi
1353 3452 1682 3509 sacrificent,
1708 3449 2024 3516 magnisque
2053 3445 2354 3499 honoribus

781 3566 846 3606 ac
869 3548 1028 3604 donis
1057 3547 1359 3600 fruantur:
1419 3544 1753 3599 reluctantes
1810 3549 2015 3604 autem,
2070 3554 2174 3592 una
2229 3553 2353 3592 cum

783 3642 1052 3699 uxoribus
1085 3654 1150 3692 ac
1173 3637 1381 3698 liberis,
1419 3636 1528 3704 igni
1585 3649 1645 3688 ac
1674 3632 1821 3686 ferro
1859 3632 2164 3694 tradantur;
2185 3628 2356 3683 facul-

782 3743 924 3788 tates
955 3734 1181 3800 insuper
1209 3729 1428 3781 illorum
1460 3740 1650 3779 omnes
1713 3724 2086 3792 publicentur,
2125 3723 2180 3776 in
2221 3731 2359 3776 tem-

774 3826 1027 3899 plorum,
1051 3822 1236 3877 furtim
1266 3820 1334 3874 ab
1372 3818 1504 3884 ipsis
1525 3831 1868 3881 eversorum,
1900 3831 2002 3869 nec
2031 3831 2140 3869 non
2169 3829 2359 3869 muro-

784 3935 910 3976 rum
970 3928 1024 3972 et
1049 3917 1393 3985 publicorum
1451 3912 1771 3965 balneorum
1814 3910 2124 3963 utilitatem.
2177 3909 2355 3961 lnvio-

782 4011 952 4065 labile
989 4010 1171 4076 itaque
1204 4003 1498 4074 imperium
1545 4010 1795 4056 nostrum
1830 4000 2033 4064 edocti,
2089 4009 2357 4069 quantum

785 4101 993 4158 conniti
1026 4098 1274 4169 potestis,
1307 4097 1362 4149 id
1405 4095 1551 4165 quod
1583 4094 1900 4149 mandatum
1941 4103 2044 4156 est,
2088 4106 2358 4161 exsequa-

786 4193 943 4257 mini,
983 4207 1051 4246 ne
1077 4205 1184 4245 una
1237 4204 1334 4244 vos
1373 4204 1499 4244 cum
1558 4188 1896 4257 impiissimis
1946 4185 2355 4254 periclitcmini.

789 4285 952 4341 Hisce
982 4286 1165 4353 itaque
1198 4284 1429 4354 vulgatis
1453 4283 1507 4336 in
1528 4283 1722 4352 plateis
1745 4282 1964 4335 urbium
1998 4279 2210 4344 edictis,
2237 4292 2361 4332 san-

788 4380 864 4434 cti
896 4378 990 4432 Dei
1041 4378 1228 4431 latinuli
1251 4377 1420 4447 gavisi
1457 4387 1606 4440 sunt,
1631 4377 1868 4430 oblatam
1889 4375 2129 4443 martyrii
2159 4388 2361 4441 oppor-

791 4472 1082 4525 tunitatem
1109 4469 1550 4524 considerantes.

861 4649 926 4705 Il.
959 4651 1108 4704 Inter
1140 4650 1254 4703 haec
1276 4649 1558 4716 publicato
1591 4649 2023 4716 NicOpolitarum
2055 4648 2109 4700 in
2141 4648 2360 4702 civitate

792 4740 994 4804 edicto,
1024 4741 1246 4809 quando
1273 4742 1498 4795 timores
1530 4741 1870 4811 ingruerent,
1898 4748 1953 4793 et
1980 4738 2261 4793 instructa:
2277 4753 2363 4792 es-

791 4841 915 4888 sent
976 4831 1326 4895 carnilicinrc,
1368 4841 1550 4885 erecta
1605 4833 1749 4901 ligna
1795 4833 1863 4885 ad
1920 4829 2357 4900 suspensionem,

2455 2340 2597 2393 κατὰ
2635 2343 2818 2392 πᾶσαν
2849 2338 2945 2408 τὴν
2971 2339 3323 2407 οἰκουμένην,
3364 2339 3439 2401 ὡς
3482 2341 3534 2392 ετ
3565 2356 3708 2401 τινες
3751 2340 4020 2407 εὑρεθεῖεν

2455 2432 2794 2504 Χριστιανοὶ,
2832 2432 3058 2492 τούτους
3107 2431 3270 2482 παντὶ
3325 2430 3510 2499 τράπῃ
3563 2431 3914 2492 κολάζεσθαι.
3969 2431 4021 2482 ’0

2453 2528 2510 2581 δὲ
2544 2529 2714 2590 τύπος
2764 2527 2855 2578 τοῦ
2906 2525 3276 2592 διατάγματος
3313 2522 3502 2575 τοῦτον
3541 2517 3654 2590 εἶχε
3699 2522 3794 2575 τὸν
3851 2541 4013 2598 χαραο

2455 2619 2635 2688 κτῆρα
2670 2635 2684 2650 ·
2714 2620 2952 2680 Λικίνιος
2983 2618 3361 2685 αὐτοκράτωρ,
3414 2615 3692 2685 μέγιστος,
3737 2615 4018 2676 σεὸαστὸς,

2455 2714 2567 2773 τοῖς
2597 2711 2736 2763 κατὰ
2757 2711 2852 2779 τὴν
2887 2711 3212 2778 οἰκουμένην
3244 2709 3501 2778 ἄρχουσιν
3531 2709 3746 2776 χαίρειν
3768 2724 3782 2737 ο
3813 2707 4025 2772 Ἐπειδὴ

2459 2805 2712 2873 ἐδιδάχθη
2751 2805 2783 2872 ἡ
2820 2802 3070 2871 ἡμετέρα
3102 2802 3333 2870 θειότης,
3368 2802 3446 2853 ὅτι
3479 2801 3620 2861 τινὲς
3655 2800 3767 2852 τῶν
3800 2800 4026 2868 λεγομέ.

2458 2914 2562 2948 νων
2596 2895 2940 2967 Χριστιανῶν
2976 2895 3036 2946 ού
3103 2893 3263 2964 μόνον
3314 2893 3376 2945 ού
3409 2892 3593 2944 Θύουσι
3649 2895 3763 2953 τοῖς
3806 2890 4025 2959 εὐεργέ-

2455 3007 2577 3050 ταις
2609 2989 2772 3050 Θεοῖς,
2809 2989 2944 3042 άλλά
3000 2991 3091 3041 καὶ
3138 2987 3480 3054 ἐνυϐρίζουσι
3531 2988 3628 3058 τὴν
3685 2986 3892 3055 εὐσεϐῆ
3925 2984 4027 3037 τῶν

2459 3079 2597 3132 θεῶν
2661 3080 2988 3148 θρησκείαν,
3026 3080 3315 3142 πλείστους
3370 3078 3426 3129 δὲ
3472 3078 3627 3141 θεοὺς
3676 3080 3776 3132 καὶ
3820 3080 3880 3131 ὲν
3919 3076 4029 3140 νυξὶ

2460 3171 2788 3241 συνέτριψαν
2813 3171 3081 3240 προφάσει
3114 3172 3206 3222 τοῦ
3243 3170 3390 3222 θύειν
3416 3171 3618 3235 αὐτοῖς,
3648 3172 3744 3222 καὶ
3771 3169 4028 3229 πολλάκις

2460 3264 2817 3325 κολασθέντες
2846 3265 2907 3315 ού
2939 3264 3328 3334 μετετέθησαν,
3361 3264 3422 3316 οὐ
3453 3267 3637 3332 τιμαῖς
3664 3265 3932 3327 εἴξαντες,
3971 3265 4028 3315 ού

2461 3355 2610 3425 φόϐῳ
2645 3357 3122 3425 μεταπεισθέντες,
3163 3357 3252 3408 διὰ
3291 3357 3449 3408 τοῦτο
3495 3357 3703 3407 κελεύει
3747 3358 3808 3407 τὸ
3838 3357 4029 3423 ἡμέτε-

2464 3466 2555 3519 ρον
2605 3449 2826 3519 κράτος,
2857 3448 2993 3502 ὅπου
3023 3447 3067 3500 δ’
3098 3447 3165 3500 ἂν
3214 3446 3488 3516 εὑρεθεῖεν
3527 3447 3868 3514 Χριστιανοὶ,
3913 3447 4031 3497 τού-

2462 3558 2584 3603 τους
2648 3541 2808 3594 θῦσαι
2873 3545 2984 3603 τοῖς
3037 3543 3200 3606 θεοῖς,
3246 3541 3343 3595 καὶ
3394 3541 3567 3610 τιμῶν
3609 3540 3889 3609 μεγίστων
3942 3540 4030 3591 καὶ

2460 3633 2678 3700 δωρεῶν
2715 3633 3010 3687 ἀπολαύειν
3043 3650 3058 3664 ·
3093 3635 3219 3696 τοὺς
3249 3635 3305 3686 δὲ
3343 3633 3416 3704 μὴ
3445 3634 3768 3694 πεισθέντας
3811 3633 3913 3685 σὺν
3942 3650 4032 3699 γυ-

2461 3717 2605 3790 ναιξὶ
2645 3729 2740 3778 καὶ
2794 3728 3003 3787 τέκνοις
3033 3729 3168 3794 πυρὶ
3199 3729 3289 3779 καὶ
3332 3727 3575 3796 μαχαίρᾳ
3614 3724 4029 3794 παραδίδοσθαι,

2460 3819 2558 3886 τὴν
2588 3819 2643 3870 δέ
2680 3833 2744 3884 γε
2772 3816 3008 3887 ὓπαρξιν
3053 3818 3233 3869 αὐτῶν
3279 3819 3457 3870 πᾶσαν
3493 3815 3922 3884 δημοσιευθῆναι
3957 3815 4032 3874 είς

2462 3910 2780 3979 ἐπιμέλειαν
2818 3911 2982 3974 ναῶν,
3011 3909 3120 3961 τῶν
3149 3911 3242 3962 ὑπ’
3273 3908 3451 3962 αὐτῶν
3477 3908 3648 3977 κλοπῇ
3679 3904 4032 3976 καθαιρεθέν-

2460 4018 2591 4064 των,
2622 4001 2714 4052 καὶ
2743 4001 2939 4069 τειχῶν
2971 4001 3065 4053 καὶ
3089 3999 3328 4069 λουτρῶν
3357 3997 3656 4066 δημοσίων.
3697 3995 3917 4056 Είδότες
3946 3989 4034 4046 οὖν

2461 4097 2522 4147 τὸ
2552 4093 2910 4161 ἀπαράϐατον
2936 4092 3033 4161 τῆς
3062 4093 3339 4159 ἡμετέρας
3368 4090 3672 4150 κελεύσεως
3716 4088 3884 4138 παντὶ
3917 4085 4028 4138 σθέ-

2463 4202 2544 4239 νει
2572 4185 2633 4236 τὸ
2683 4183 3021 4255 προσταχθὲν
3070 4186 3151 4247 εἰς
3189 4185 3348 4252 ἔργον
3401 4183 3682 4249 ἐνέγκατε,
3717 4180 3794 4242 ὼς
3837 4182 3913 4249 μὴ
3947 4179 4031 4231 καὶ

2463 4279 2608 4348 ὑμᾶς
2659 4279 3107 4348 συγκινδυνεύσαι
3149 4281 3261 4338 τοῖς
3299 4275 3650 4336 ἁθεωτάτοις.
3677 4272 3902 4325 Τούτων
3933 4274 4034 4325 τῶν

2462 4374 2901 4442 προσταγμάτων
2935 4370 3307 4438 προτεθέντων
3352 4372 3410 4420 ἐν
3446 4371 3564 4428 ταῖς
3595 4365 3886 4426 πλατείαις
3933 4365 4035 4417 τῶν

2465 4461 2696 4525 πόλεων,
2747 4462 2795 4511 οἱ
2851 4460 2996 4527 ἆγιοι
3049 4458 3223 4513 δοῦλοι
3250 4458 3344 4513 τοῦ
3392 4457 3630 4528 Χριστοῦ
3675 4457 3922 4528 ἔχαιρον,
3950 4455 4035 4508 τὸν

2464 4555 2657 4621 καιρόν
2682 4552 2775 4605 τοῦ
2810 4553 3114 4623 μαρτυρίου
3151 4552 3502 4620 σκοποῦντες.

2537 4646 2608 4701 B'.
2642 4647 2750 4700 Καὶ
2773 4647 2835 4714 δὴ
2859 4646 2952 4698 καὶ
2985 4649 3127 4717 ἐν’τῇ
3163 4644 3531 4698 Νικοπολιτῶν
3555 4642 3918 4713 προτεθέντος
3949 4641 4034 4692 τοῦ

2464 4741 2857 4809 διατάγματος,
2892 4742 2986 4792 καὶ
3014 4741 3123 4792 τῶν
3158 4739 3336 4807 φόϐων
3363 4738 3780 4806 ἑπισειομένων,
3818 4737 4033 4789 καὶτῶν

2469 4833 2841 4903 κολαστηρίων
2907 4831 3407 4901 εὐτρεπισθέντων,
3453 4829 3626 4896 ξύλων
3695 4827 3901 4896 ὀρθίων
3959 4832 4033 4888 εἰς

796 4925 1008 4995 ungula:
1022 4925 1212 4980 ferrea:
1233 4933 1405 4978 acutae
1427 4923 1492 4978 ad
1511 4923 1877 4985 abrasionem,
1892 4923 2133 4977 cassides
2157 4923 2356 4994 ignitae,

2468 4925 3003 4997 ἀνάρτησιν,δνύχων
3022 4940 3080 4976 τε
3116 4922 3351 4992 σιδηρῶν
3385 4922 3640 4991 ἀκμαίων
3667 4922 3746 4984 εἰς
3781 4920 4029 4986 είσξεσιν,

793 5017 914 5070 olla:
945 5020 1238 5078 lervcntes,
1272 5025 1426 5077 rotae,
1456 5016 1618 5077 clavi,
1655 5018 1808 5070 nervi
1869 5015 2061 5069 bubuli
2095 5015 2357 5079 indurati,

794 5110 994 5178 aliique
1017 5109 1294 5162 cruciatus
1323 5109 1651 5173 atrociores;
1675 5116 1731 5162 et
1758 5108 1887 5160 dum
1914 5109 2225 5162 advenisset
2251 5108 2359 5161 dux

795 5202 1001 5270 Lysias,
1028 5203 1118 5255 ubi
1157 5201 1408 5255 universa
1432 5201 1855 5271 Armeniaclegio
1887 5201 2080 5254 sortito
2110 5201 2358 5254 eratdis-

795 5293 1022 5355 tributa,
1073 5295 1455 5362 comprehensi
1498 5304 1623 5348 sunt
1672 5295 1938 5359 nonnulli,
1971 5293 2063 5362 qui
2098 5292 2363 5348 Christia-

794 5399 897 5437 nos
916 5401 971 5438 se
992 5385 1364 5449 declarabant,
1405 5386 1663 5440 Leontius
1687 5395 1740 5439 et
1775 5386 2061 5439 Mauritius
2093 5395 2147 5440 et
2175 5386 2363 5440 Daniel

797 5475 900 5529 viri
939 5478 1199 5529 natalium
1225 5478 1518 5546 splendore
1566 5478 1872 5546 conspicui,
1903 5488 1956 5532 et
1991 5477 2362 5532 doctrinarum

795 5570 1126 5634 eruditione,
1166 5569 1395 5637 vit-mque
1429 5569 1494 5623 ad
1527 5569 1730 5624 Christi
1758 5569 1902 5638 leges
1930 5569 2364 5624 conformatione

869 5725 944 5790 (l)
998 5723 1108 5776 lsto
1148 5725 1421 5792 quondam
1458 5726 1615 5780 titulo
1649 5727 2010 5796 imperatores
2033 5725 2199 5780 fuisse
2225 5742 2363 5779 nun-

799 5804 1059 5866 cupatos,
1118 5796 1392 5864 colligitur
1452 5813 1516 5848 ex
1585 5799 1812 5866 epistola
1874 5797 2232 5849 Valentiniani
2298 5797 2363 5849 atl

797 5865 1166 5919 Theodosium
1220 5867 1601 5936 imperatorem
1637 5869 1786 5933 data,
1837 5883 1955 5937 qua:
2011 5877 2096 5920 cst
2140 5874 2366 5920 numero

2470 5020 2564 5072 καὶ
2595 5017 2865 5072 κασσίδων
2899 5016 3440 5085 πεπυρακτωμένων,
3482 5013 3734 5083 τηγάνων
3782 5013 3878 5064 καὶ
3919 5029 4033 5082 τρο-

2468 5111 2602 5181 χῶν,
2653 5111 2745 5162 καὶ
2786 5108 2950 5178 ἥλων,
2985 5109 3075 5159 καὶ
3107 5107 3410 5177 βουνεύρων
3455 5104 3655 5175 ξηρῶν,
3704 5106 3802 5156 καὶ
3834 5105 4032 5173 ἑτέρων

2468 5200 2861 5273 χαλεπωτέρων
2897 5201 3288 5268 κολαστηρίων,
3326 5202 3420 5251 καὶ
3459 5197 3911 5268 παραγενομένου
3945 5194 4031 5247 τοῦ

2468 5293 2658 5354 δουκὺς
2685 5293 2882 5351 Λυσία,
2929 5284 3081 5358 ᾧπερ
3112 5286 3178 5358 ἦν
3214 5289 3719 5358 ἁποκεκληρωμένη
3762 5290 3795 5356 ὴ
3837 5289 4032 5355 λεγεὼν

2469 5387 2617 5437 πᾶσα
2675 5387 2706 5453 ὴ
2754 5385 3069 5454 Ἀρμενίας,
3129 5383 3539 5453 συνελήφθησαν
3591 5400 3756 5447 τινες,
3810 5385 4030 5444 ἑαυτοὺς

2468 5477 2804 5547 καταδήλους
2836 5478 3182 5546 ποιήσαντες,
3218 5478 3297 5528 ὅτι
3330 5477 3647 5546 Χριστιανοί
3672 5478 3835 5539 ein-2,
3875 5478 4032 5529 Λεόν-

2465 5586 2581 5632 τιος
2635 5569 2728 5622 καὶ
2769 5570 3094 5638 Μαυρίκιος,
3147 5570 3239 5621 καὶ
3284 5570 3503 5642 Δανιὴλ,
3539 5570 3730 5640 ἄνδρες
3780 5571 4033 5641 ἐπίσημοι

2473 5727 2969 5854 ἐοίςὲἓὶηιὲβξιὶηιο,
2989 5739 3043 5783 et
3062 5729 3297 5784 habetur
3311 5739 3463 5800 parte
3492 5747 3504 5784 ι
3526 5731 3747 5786 concilii
3781 5729 4036 5788 Chalccd.
