4180 6502
213 436 316 499 325

1185 438 1649 498 MARTYRIUM
1694 438 1796 498 SS.
1841 440 1988 496 XLV
2032 437 2484 496 MARTYRUM.

3352 433 3460 496 326

207 549 315 602 τῶν
351 549 411 601 ἐν
442 549 508 618 τῇ
538 547 692 602 πόλει
724 548 874 616 γένει
924 564 981 599 τε
1022 548 1115 600 καὶ
1163 549 1442 602 παιδεύσει
1494 550 1669 618 λόγων
1702 552 1788 604 καὶ

1901 551 2238 612 illnstres,ct
2271 565 2375 602 una
2399 562 2522 602 cum
2563 546 2694 617 ipsis
2740 545 3098 617 quadraginta
3131 546 3244 611 alii,
3303 545 3465 601 Chri-

210 639 310 710 βίῳ
344 641 487 694 κατὰ
521 640 762 710 Χριστὸν
802 637 1220 708 διαπρέποντες,
1257 641 1352 692 σὺν
1380 641 1566 702 αὐτοῖς
1614 641 1670 692 δὲ
1703 644 1793 693 καὶ

207 731 384 802 ἕτεροί
418 749 478 784 τε
538 730 592 799 μ’
626 733 879 799 λέγοντες
939 731 1167 794 ἑαυτοὺς
1217 727 1361 784 εἶναι
1408 733 1790 802 Χριστιανοὺς,

209 825 300 876 καὶ
351 823 836 895 αὖτοπροαιρέτως
890 823 1250 892 προελθόντες
1307 826 1383 894 τῷ
1446 827 1642 897 Λυσία.
1692 829 1788 890 ⁸ος

209 913 550 983 θεασάμενος
593 916 691 985 τὴν
731 915 1006 983 τοσαύτην
1058 915 1168 967 τῶν
1198 916 1409 987 ἀνδρῶν
1461 919 1788 986 προθυμίαν,

206 1004 392 1073 ἠρώτα
431 1007 653 1070 αὐτοὺς,
685 1007 860 1073 λέγων
886 1022 900 1036 ’
933 1006 1107 1059 Πόθεν
1141 1007 1266 1060 ἐστέ
1298 1027 1312 1073 ;
1345 1010 1438 1062 καὶ
1479 1011 1559 1073 τίς
1589 1013 1732 1063 ἐστιν
1762 1010 1789 1060 6

208 1098 403 1159 πείσας
428 1099 576 1166 ὑμᾶς
614 1099 688 1168 μὴ
737 1097 1005 1162 εὐσεϐεῖν,
1040 1102 1176 1166 μήτε
1204 1098 1353 1152 θύειν
1374 1104 1486 1163 τοῖς
1515 1101 1652 1164 Θεοῖς
1677 1105 1788 1165 τοῖς

205 1191 521 1258 οὐρανίοιςς
581 1190 640 1241 '0
675 1193 826 1256 ἆγιος
863 1192 1112 1252 Λεόντιος
1132 1189 1281 1256 λέγει
1306 1208 1320 1222 ο
1371 1192 1559 1260 Ἡμεῖς
1590 1194 1788 1257 πάντες

205 1283 526 1348 Χριστιανοί
588 1285 776 1351 ἐσμεν.
834 1285 944 1336 Καὶ
979 1284 1028 1335 οἱ
1091 1282 1194 1350 μὲν
1229 1283 1329 1352 ’τὴν
1376 1287 1532 1338 πόλιν
1584 1286 1788 1355 ταύτην

204 1374 482 1441 οἰκοῦμεν,
513 1377 563 1427 oi
597 1376 654 1427 δὲ
675 1377 768 1428 καί
800 1376 862 1427 ἐκ
895 1376 994 1444 τῆς
1027 1377 1212 1447 χώρας
1252 1378 1349 1445 τῆς
1382 1377 1484 1430 ὑπὸ
1514 1377 1608 1448 τὴν
1636 1375 1786 1429 πόλιν

203 1465 515 1536 ῶρμηνται.
574 1467 684 1519 Καὶ
715 1455 915 1535 πατρὶς
962 1467 1061 1535 μὲν
1095 1469 1224 1536 ἡμῖν
1265 1467 1403 1536 αὕτη
1445 1470 1475 1535 ἡ
1521 1466 1782 1532 ἐπίγειος,

203 1558 384 1625 πατὴρ
414 1558 472 1610 δὲ
502 1558 744 1628 Χριστὸς
773 1561 799 1610 ὁ
831 1559 1155 1626 ἐπουράνιος
1178 1575 1193 1588 ο
1227 1559 1322 1611 καὶ
1354 1560 1516 1621 αὑτός
1566 1561 1715 1610 ἐστιν
1759 1560 1786 1609 6

200 1647 419 1710 διδάξας
454 1651 608 1718 ἡμᾶς
638 1651 729 1700 καὶ
763 1649 957 1709 πείσας
1015 1648 1157 1710 θεοῖς
1192 1649 1414 1716 κούφοις
1446 1652 1538 1701 καὶ
1561 1650 1784 1716 τυφλοῖς

205 1739 277 1807 μή
308 1739 625 1803 λατρεύειν,
659 1741 796 1808 μήτε
828 1740 1012 1809 ἔργοις
1046 1740 1244 1810 χειρῶν
1266 1740 1573 1809 ἀνθρώπων
1610 1756 1782 1808 προσ-

204 1847 408 1883 κυνειν.

271 1921 346 1972 Γ’.
414 1921 625 1984 Λυσίας
677 1918 868 1975 εἷπενο
906 1923 1014 1976 Καὶ
1067 1922 1168 1976 ποῦ
1235 1926 1386 1978 ἐστιν
1437 1927 1466 1978 6
1511 1924 1785 1995 Χριστός;
1823 1909 1864 1964 Β

203 2014 336 2081 Οὐχὶ
374 2015 703 2085 ἐσταυρώθη
743 2017 836 2068 καὶ
868 2016 1170 2082 ἀπέθανενς
1213 2017 1270 2069 '0
1327 2019 1486 2084 ἆγιος
1536 2019 1788 2077 Λεόντιος

204 2105 348 2171 λέγει
381 2120 395 2134 ο
423 2105 516 2175 Μὴ
547 2106 710 2175 μόνον
749 2106 810 2158 τὸ
837 2105 1109 2161 ἀπέθανεν
1142 2105 1418 2169 ἀκούσεις,
1449 2107 1568 2160 ἀλλ’
1600 2107 1787 2174 ἐννοή-

203 2197 323 2267 θητι
357 2199 439 2250 ὅτι
472 2201 568 2252 καὶ
601 2198 810 2269 ἠγέρθη
845 2199 937 2250 καὶ
967 2198 1076 2260 ζῶν
1100 2199 1248 2251 ἐστιν
1277 2200 1334 2251 ἐν
1364 2201 1478 2261 τοῖς
1499 2199 1749 2268 οὐρανοῖς
1771 2213 1786 2227 ο

202 2290 343 2342 ἑκὼν
375 2289 484 2359 γάρ
513 2291 790 2343 ἀπέθανεν
829 2290 894 2342 δι’
923 2291 1092 2361 ἡμᾶς,
1120 2292 1216 2344 καὶ
1247 2293 1410 2346 πάλιν
1446 2293 1680 2363 ἠγέρθη,
1713 2292 1790 2355 ῶς

205 2382 313 2440 υίὸς
338 2381 414 2435 ῶν
448 2382 557 2434 τοῦ·
573 2381 733 2435 Θεοῦ.
758 2381 960 2445 Λυσίας
991 2379 1144 2434 εἶπεν
1172 2401 1185 2414 ο
1223 2384 1436 2437 Οὐκοῦν
1464 2383 1530 2454 ζῇ
1563 2384 1654 2436 νῦν
1679 2401 1693 2446 ;
1733 2385 1790 2436 '0

204 2474 357 2542 ἅγιος
414 2474 674 2536 Λεόντιος
719 2474 900 2536 λέγει*
932 2467 975 2526 ὦ
1014 2475 1240 2536 Λυσίαν
1267 2477 1315 2527 ol
1371 2477 1628 2544 ὑμέτεροι
1676 2477 1791 2528 θεοὶ

203 2566 575 2628 ἀποθανόντες
607 2567 669 2618 οὐ
702 2566 869 2630 ζῶσιν
896 2583 909 2596 ·
938 2568 965 2618 6
1005 2567 1060 2618 δὲ
1090 2570 1360 2637 ἡμέτερος
1383 2568 1664 2635 Δεσπότης
1696 2567 1792 2619 καὶ

201 2659 354 2722 Θεὸς,
387 2661 416 2710 6
464 2658 532 2709 τά
573 2658 750 2708 πάντα
783 2659 848 2726 τῇ
887 2657 989 2726 ἰδία
1013 2657 1165 2727 δεξιᾷ
1213 2660 1594 2728 καταρτήσας,
1627 2660 1792 2728 οὐρα-

201 2747 310 2812 νὸν,
343 2746 474 2816 γῆν,
515 2746 814 2808 θάλασσαν,
861 2747 955 2797 καὶ
995 2748 1207 2807 πάντας
1246 2747 1596 2816 ἀνθρώπους,
1648 2748 1790 2818 ὑπὲρ

204 2837 362 2906 ἡμῶν
411 2837 716 2900 ἀπέθανεν,
751 2835 834 2886 ἵνα
865 2836 1012 2904 ἡμᾶς
1039 2835 1339 2905 ἀποσπάσῃ
1376 2835 1476 2902 τῆς
1502 2834 1790 2885 εἰδωλολα-

204 2913 430 2999 τρείας·
485 2929 698 2988 ἐκεῖνος
751 2927 842 2996 ζῇ,
875 2927 968 2978 καὶ
1009 2927 1156 2995 ἡμᾶς
1212 2924 1453 2987 ἐδίδαξεν
1508 2925 1790 2992 ὑπεραποο

201 3018 456 3086 θνήσκειν
506 3016 700 3081 αὑτοῦ,
729 3018 816 3068 ἴνα
866 3017 958 3068 καὶ
1005 3019 1192 3087 ἡμεῖς,
1226 3017 1616 3081 ἀποθανόντες,
1661 3035 1788 3068 συν-

201 3109 464 3178 ζήσωμεν
496 3106 673 3174 αὐτῷ.
707 3108 912 3168 Λυσίας
967 3105 1119 3159 εἶπεν
1144 3125 1159 3138 ⁸
1224 3111 1358 3177 Οὐχὶ
1399 3108 1609 3163 δώδεκά
1650 3111 1789 3162 είσιν

203 3201 315 3254 θεοὶ
349 3199 645 3270 οὐράνιοις
688 3199 839 3250 ποῖον
873 3194 964 3250 οὖν
1003 3199 1068 3250 σὺ
1109 3197 1289 3266 λέγεις
1323 3201 1510 3268 ἓτερον
1536 3201 1690 3263 Θεὸν,
1729 3201 1788 3265 ὃς

199 3299 460 3368 ἐποίησεν
483 3293 739 3365 οὐρανὸν,
770 3293 863 3346 καὶ
891 3292 1015 3362 γῆν,
1051 3294 1145 3345 καὶ
1174 3291 1451 3345 Θάλασσαν
1480 3309 1494 3359 ;
1539 3292 1597 3346 '0
1634 3293 1788 3360 ἇγιος

199 3394 457 3454 Λεόντιος
485 3390 638 3457 λέγει
665 3405 679 3420 ο
713 3389 861 3440 Ποῖοί
889 3389 1027 3439 εἰσιν
1086 3388 1134 3439 οί
1188 3385 1299 3439 θεοὶ
1355 3387 1546 3454 ὐμῶν;
1583 3387 1789 3451 Λυσίας

199 3483 348 3550 λέγει
378 3497 392 3511 ⁶
432 3482 593 3542 Ζεὺς,
631 3480 725 3530 καὶ
759 3477 1054 3541 Ἀπόλλων,
1083 3478 1179 3530 καὶ
1222 3477 1574 3548 Ἀσκληπιὸς,
1615 3481 1708 3532 καὶ
1740 3479 1788 3530 oi

199 3576 372 3636 ἄλλοι,
405 3571 503 3632 οὒς
545 3569 696 3622 σέϐει
742 3570 772 3636 ὴ
808 3567 1089 3637 σύμπασα.
1138 3570 1199 3620 '0
1223 3567 1380 3632 ἅγιος
1414 3570 1669 3630 Λεόντιος
1704 3571 1788 3622 λέ-

197 3680 325 3732 γει’
359 3662 502 3724 Ζεὺς
552 3656 646 3712 οὖν
703 3659 821 3721 θεός
881 3659 1072 3724 ἐστιν;
1132 3658 1338 3720 Λυσίας
1386 3652 1578 3709 εἶπεν·
1626 3659 1784 3722 Οὐαὶ,

197 3756 482 3827 ἐμμάνης,
521 3752 778 3822 ἄνθρωπε
812 3749 1173 3820 βλασφημῶν
1214 3750 1376 3811 αὑτός
1412 3750 1561 3800 ἐστιν
1595 3751 1622 3802 6
1652 3767 1788 3820 κρα-

197 3849 305 3900 τῶν
337 3849 470 3907 τοὺς
512 3845 803 3913 οὐρανοὺς,
839 3842 1024 3909 πατὴρ
1055 3840 1269 3909 ἀνδρῶν
1305 3857 1364 3893 τε
1404 3842 1496 3893 καὶ
1527 3843 1687 3894 θεῶν.
1731 3842 1788 3896 '0

198 3943 353 4009 ἅγιος
416 3940 675 3997 Λεόντιος
725 3937 873 4000 λέγει
903 3953 916 3966 ο
949 3935 1010 3985 Εἰ
1057 3931 1150 3988 οῦν
1196 3933 1316 3996 θεός
1377 3937 1528 3987 ἐστιν
1581 3938 1610 3988 6
1653 3937 1790 3999 Ζεὺς

200 4034 446 4095 πάντως,
482 4031 568 4081 ὅτι
604 4027 698 4078 καὶ
729 4026 945 4095 ἰσχυρός
981 4028 1148 4089 ἐστιν,
1185 4029 1278 4075 καὶ
1313 4025 1467 4091 ὑμῶν
1499 4029 1605 4076 τῶν
1644 4028 1788 4078 ἐκδί-

198 4142 309 4179 κων
342 4121 406 4175 οὑ
434 4118 638 4191 χρῄζει
665 4116 1033 4184 ἀσεϐούμενος
1058 4131 1070 4143 ·
1109 4114 1330 4178 πάντως
1359 4115 1415 4166 δὲ
1456 4117 1548 4167 καὶ
1581 4116 1790 4179 δίκαιός

197 4220 335 4280 ἐστι,
403 4215 498 4267 καὶ
565 4209 974 4280 μισοπόνηρος,
1031 4206 1209 4271 μισῶν
1284 4207 1552 4276 μοιχείαν,
1618 4207 1789 4276 μισῶν

200 4308 484 4379 πορνείαν,
558 4300 736 4372 μισῶν
785 4297 1200 4368 ἀρῤητοποιίαν,
1261 4298 1435 4364 μισῶν
1492 4300 1790 4367 άδελφογα-

202 4403 353 4470 μίαν,
385 4395 568 4468 μισῶν
603 4391 895 4461 πολέμους,
938 4388 1032 4442 καὶ
1063 4387 1238 4457 φιλῶν
1287 4389 1534 4459 εἰρήνην.
1581 4389 1638 4442 '0
1681 4393 1788 4460 γὰρ

199 4497 328 4554 Θεὸς
375 4488 600 4559 ὀφείλει
653 4484 855 4544 τέλειος
888 4477 1053 4544 εἶναι,
1082 4483 1178 4535 καὶ
1208 4483 1537 4553 ἀπροσδεὴς,
1574 4485 1663 4536 καὶ
1691 4485 1786 4536 ἀν-

1897 644 2105 698 stianos
2133 660 2188 696 se
2214 644 2530 696 dictitantes
2565 643 2709 695 ultro
2731 643 2797 695 ad
2849 641 3062 711 Lysiam
3087 650 3464 695 accesserunt.

1893 734 1994 800 Qui
2025 737 2187 789 talem
2222 735 2274 788 in
2299 734 2429 788 viris
2454 735 2854 802 contemplatus
2877 733 3043 786 animi
3081 730 3462 786 celsitudinem

1893 835 2268 895 percontatus,
2293 826 2414 880 illos
2442 833 2547 886 est.
2582 823 2773 878 dicens
2799 842 2812 877 :
2835 823 3055 894 Cujates
3083 825 3239 885 estis,
3258 831 3314 875 et
3339 821 3477 890 quis.

1892 926 2086 972 auctor
2112 918 2271 971 vobis
2297 925 2399 978 est,
2434 932 2501 970 ne
2529 917 2735 969 cultum
2781 925 2876 969 aut
2927 915 3258 969 sacrificium
3296 913 3464 968 -del'eo

1893 1006 2026 1061 ratis
2059 1007 2162 1060 diis
2186 1005 2536 1061 cmlestibus?
2567 1004 2668 1060 Cui
2723 1014 2944 1059 sanctus
2973 1004 3237 1059 Leontius
3279 1022 3293 1058 :
3330 1004 3466 1057 0m-

1891 1110 1989 1149 nes
2021 1111 2123 1148 nos
2174 1094 2474 1149 Christiani
2528 1110 2740 1161 sumus,
2777 1106 2833 1150 et
2866 1111 2968 1150 nos
3012 1095 3234 1164 quidem
3270 1095 3464 1149 urbem

1891 1184 2031 1239 hanc
2054 1186 2367 1250 incolimus,
2389 1186 2465 1241 illi
2492 1202 2621 1240 vero
2639 1201 2668 1239 e
2699 1187 2941 1256 regione,
2967 1203 3087 1254 qua:
3107 1187 3230 1241 urbi
3252 1186 3461 1248 subest.

1889 1277 2255 1333 advenerunt.
2295 1279 2360 1331 Et
2393 1279 2567 1348 patria
2598 1277 2818 1348 quidem
2862 1281 3140 1335 terrestris
3181 1280 3343 1335 nobis
3376 1297 3465 1335 ea-

1889 1368 2010 1422 dem
2048 1377 2151 1433 est,
2187 1370 2347 1424 Pater
2390 1385 2522 1424 vero
2556 1371 2795 1424 caelestis
2824 1369 3106 1436 Christus;
3155 1381 3319 1441 atque
3375 1373 3466 1427 hic

1886 1471 1990 1527 est,
2015 1463 2108 1531 qui
2140 1479 2240 1518 nos
2263 1463 2469 1528 docuit,
2502 1473 2558 1519 et
2587 1465 2860 1534 persuasit
2885 1468 3018 1520 deos
3043 1475 3224 1521 mutos
3269 1482 3331 1521 ac
3366 1482 3470 1522 ea»

1887 1569 1980 1608 cos
2008 1569 2122 1608 non
2155 1555 2360 1621 colere,
2389 1571 2493 1612 nec
2522 1572 2687 1627 opera
2745 1574 3004 1613 manuum
3040 1560 3326 1614 hominum
3363 1561 3467 1614 ad-

1886 1663 2068 1706 orare.

1967 1914 2230 1971 lll.Dixit
2257 1917 2447 1989 Lysias
2486 1919 2755 1975 :Ubinam
2807 1928 2890 1973 est
2957 1919 3246 1974 Christus?
3295 1920 3469 1974 Num-

1893 2008 2027 2074 quid
2046 2012 2196 2063 cruci
2217 2010 2415 2064 affixus
2431 2020 2483 2064 et
2500 2022 2747 2064 mortuus
2774 2011 2895 2066 est?
2918 2012 3018 2065 Cui
3043 2021 3266 2066 sanctus
3289 2012 3467 2066 Leon-

1893 2098 2045 2152 tius:
2087 2099 2204 2154 Non
2235 2101 2413 2155 solum
2443 2101 2570 2156 audi
2615 2112 2892 2156 mortuum
2919 2118 3058 2167 csse,
3122 2103 3217 2158 sed
3277 2120 3468 2158 resur-

1893 2190 2104 2245 rexisse
2133 2192 2442 2257 considera,
2480 2202 2535 2247 et
2587 2196 2771 2249 vivere
2835 2195 2891 2247 in
2935 2196 3119 2259 caelis;
3179 2195 3273 2248 sed
3318 2195 3466 2248 enim

1893 2293 2150 2338 mortuus
2171 2292 2254 2337 est
2290 2284 2470 2338 libens
2495 2294 2717 2354 propter
2749 2300 2869 2350 nos,
2894 2294 2948 2340 ct
2995 2286 3194 2340 iterum
3224 2301 3470 2341 resurre-

1893 2373 1994 2438 xit,
2053 2385 2310 2444 tanquam
2357 2379 2626 2432 exsistens
2664 2378 2832 2432 Filius
2883 2378 2998 2432 Dei.
3046 2378 3191 2432 Dixit
3234 2380 3467 2450 Lysias:

1892 2467 2105 2536 Nempe
2133 2469 2298 2522 etiam
2334 2484 2479 2522 nunc
2509 2468 2686 2522 vivit?
2713 2470 2808 2523 Cui
2841 2478 3063 2524 sanctus
3100 2470 3362 2524 Leontius
3388 2469 3469 2525 :0

1893 2559 2077 2632 Lysia,
2107 2561 2180 2615 dii
2210 2560 2408 2622 vestri.
2439 2570 2727 2632 postquam
2781 2563 2981 2616 mortui
3020 2573 3172 2628 sunt,
3236 2579 3344 2616 non
3389 2563 3472 2616 vi—

1895 2662 2033 2704 vunt
2057 2669 2071 2716 ;
2099 2662 2152 2705 at
2181 2669 2312 2706 vero
2341 2654 2604 2708 Dominus
2634 2663 2820 2707 noster
2845 2669 2907 2707 ac
2933 2655 3098 2717 Deus,
3124 2655 3218 2723 qui
3244 2655 3470 2708 dextera

1893 2757 1991 2796 sua
2018 2745 2290 2812 gubernat
2323 2747 2530 2807 omnia,
2568 2746 2792 2812 coelum,
2825 2755 3050 2810 terram,
3083 2763 3233 2800 mare
3261 2756 3316 2800 et
3364 2747 3470 2800 ho-

1893 2838 2074 2892 mines
2108 2853 2319 2900 omncs,
2347 2855 2445 2906 pro
2475 2839 2654 2902 nobis,
2722 2849 2974 2892 mortuus
3003 2849 3107 2902 est,
3165 2847 3219 2890 ut
3255 2853 3354 2892 nos
3403 2853 3470 2892 ex

1892 2925 2170 2979 idolorum
2201 2927 2348 2981 cultu
2381 2928 2714 2982 extraheret.
2770 2929 2915 2981 Vivit
2951 2929 3018 2990 is.
3067 2919 3330 2982 etdocuit
3371 2943 3473 2981 nos

1892 3032 1996 3087 pro
2025 3033 2083 3072 se
2115 3021 2276 3082 mori,
2306 3031 2364 3074 ut
2397 3022 2622 3084 mortui,
2670 3035 2792 3074 cum
2847 3021 2940 3072 illo
3001 3020 3266 3072 vivamus.
3327 3018 3472 3072 Dixit

1892 3106 2086 3179 Lysias
2129 3125 2143 3160 :
2188 3109 2380 3165 Nonne
2416 3111 2708 3164 duodecim
2738 3110 2813 3164 dii
2840 3111 3093 3165 cmlcstes
3131 3110 3292 3165 sunt?
3325 3110 3470 3175 Qua-

1895 3201 2005 3254 lem
2037 3217 2166 3272 ergo
2192 3213 2246 3256 tu
2266 3203 2433 3257 alium
2472 3203 2612 3257 dicis
2639 3203 2833 3269 Deum,
2873 3205 2966 3272 qui
3008 3201 3137 3256 fecit
3169 3203 3368 3256 ccelum
3417 3209 3474 3254 et

1901 3302 2101 3346 terram
2137 3304 2192 3348 et
2223 3294 2409 3348 mare?
2446 3294 2679 3348 Sanctus
2714 3294 2977 3348 Leontius
3021 3294 3198 3347 dixit:
3235 3293 3473 3356 Quinam

1893 3383 1970 3436 dii
2006 3385 2167 3439 vestri
2193 3385 2364 3439 sunt?
2395 3386 2583 3454 Lysias
2610 3386 2780 3438 dixit:
2818 3387 3047 3453 Insuper
3074 3395 3129 3438 et
3171 3385 3364 3453 Apollo
3417 3393 3475 3437 et

1891 3473 2262 3546 Esculapius,
2284 3476 2509 3545 aliique,
2529 3491 2669 3546 quos
2690 3476 2840 3530 orbis
2854 3477 2987 3530 colit
3006 3476 3317 3529 universus.
3339 3473 3475 3528 San—

1894 3578 2017 3623 ctus
2043 3570 2306 3624 Leontius
2338 3570 2476 3623 dixit
2512 3589 2524 3624 :
2553 3570 2770 3639 Jupiter
2794 3585 2928 3639 ergo
2968 3570 3111 3624 Deus
3137 3569 3256 3622 est?
3285 3566 3475 3638 Lysias

1891 3663 2030 3715 dixit
2053 3680 2068 3715 :
2094 3664 2234 3715 Vah!
2272 3664 2498 3725 insanis,
2527 3663 2691 3715 homo
2719 3664 3042 3730 blaspheme
3071 3680 3081 3714 :
3112 3663 3228 3730 ipse
3248 3672 3352 3722 cst,
3379 3659 3472 3729 qui

1891 3754 2065 3809 caelos
2091 3763 2259 3816 tenet.
2292 3754 2690 3823 hominumque
2724 3764 2876 3825 pater
2929 3765 2988 3809 et
3019 3755 3268 3808 deorum.
3334 3752 3474 3808 San-

1891 3859 2012 3902 ctus
2040 3849 2302 3904 Leontius
2322 3849 2496 3902 dixit:
2533 3849 2587 3901 Si
2613 3850 2778 3919 igitur
2803 3848 2942 3901 deus
2973 3859 3056 3902 est
3077 3847 3314 3918 Jupiter,
3345 3847 3472 3917 quia

1891 3941 2116 3994 omnino
2147 3940 2428 4008 fortis.est,
2457 3941 2613 3993 vobis
2643 3939 3054 4000 defensoribus,
3087 3939 3305 4006 quando
3334 3939 3471 4004 inju-

1893 4034 1976 4086 ria
2010 4032 2249 4098 lzeditur,
2281 4048 2392 4085 non
2421 4033 2662 4102 indiget;
2699 4033 3126 4102 omninojustus
3151 4041 3236 4086 est
3264 4041 3319 4085 et
3345 4031 3472 4084 mali

1890 4140 2039 4189 osor,
2073 4141 2200 4180 osor
2229 4126 2628 4191 fornicationis,
2687 4142 2816 4182 osor
2862 4125 3144 4189 adulterii,
3198 4139 3328 4178 osor
3371 4124 3472 4178 ob-

1891 4221 2177 4273 scenitatis
2213 4218 2482 4280 nefandae,
2539 4234 2668 4271 osor
2703 4220 2970 4280 incestus,
3013 4232 3140 4271 osor
3200 4218 3472 4270 bellorum

1889 4321 2157 4366 etamans
2187 4311 2354 4380 pacis.
2389 4310 2605 4364 Etenim
2639 4311 2784 4364 Deus
2815 4311 3093 4378 perfectus
3127 4311 3198 4365 sit
3231 4319 3472 4379 oportet,

1889 4406 2262 4474 egestatisque
2317 4419 2382 4457 ac
2437 4405 2644 4473 peccati
2706 4419 2945 4472 expers:
3014 4419 3139 4456 nam
3180 4404 3226 4456 si
3287 4409 3478 4470 peccat

1891 4501 2026 4553 deus
2057 4507 2259 4562 vester,
2291 4505 2545 4566 peccator
2568 4506 2685 4560 est;
2713 4506 2769 4550 ct
2816 4495 2927 4547 Deo
2956 4505 3081 4564 eget
3132 4496 3309 4550 altero
3358 4505 3489 4560 peo—

200 4586 548 4654 αμάρτητος.
605 4575 731 4629 Ἐὰν
780 4575 886 4644 γὰρ
933 4573 1157 4643 ἁμάρτῃ
1198 4575 1225 4624 6
1262 4574 1380 4634 θεὸς
1410 4573 1583 4641 ὑμῶν,
1631 4577 1782 4628 ἐστὶν

1891 4605 2014 4645 care
2044 4591 2251 4653 nescio,
2291 4589 2357 4640 ad
2393 4587 2838 4642 emendationem
2867 4603 3052 4641 suam.

201 4675 519 4747 ἁμαρτωλὸς
536 4711 554 4736 ,
583 4669 678 4724 καὶ
704 4668 864 4723 ἄλλου
891 4666 1025 4719 Θεοῦ
1052 4665 1236 4735 χρείαν
1265 4665 1377 4736 ἔχει
1401 4665 1784 4736 ἀναμαρτήτου

201 4775 274 4832 εἰς
305 4769 610 4837 διόρθωσιν
639 4760 852 4813 ἑαυτοῦ.

265 4867 338 4916 Δ’.
370 4860 595 4918 Λυσίας
626 4849 780 4905 εἶπεν
803 4867 816 4882 ·
847 4852 918 4903 Σὺ
971 4846 1022 4902 εἴ
1049 4851 1076 4902 6
1107 4850 1344 4914 δικάζων
1380 4851 1449 4905 τά
1477 4851 1588 4906 τῶν
1624 4852 1785 4920 θεῶν,

199 4950 346 5022 κακὴ
373 4948 632 5016 κεφαλῆς
666 4943 757 4996 M1
789 4943 887 5010 τὴν
920 4941 1194 5010 σωτηρίαν
1225 4939 1332 4991 τῶν
1364 4939 1524 5008 θεῶν,
1565 4942 1659 4995 καὶ
1687 4944 1787 5013 τὴν

198 5045 360 5114 ἐμὴν,
388 5039 586 5099 κακῶς
620 5035 872 5120 ἀπολέσω
904 5035 1067 5103 ὑμᾶς.
1119 5034 1175 5086 'U
1223 5033 1378 5102 ἅγιος
1412 5034 1662 5098 Λεόντιος
1698 5036 1785 5088 λέο

198 5153 321 5202 γει·
373 5134 470 5202 Μὴ
539 5126 845 5195 ἀγανάκτει
901 5128 998 5192 τὴν
1057 5124 1316 5194 ἀλήθειαν
1363 5127 1615 5180 ἀκούωνο
1673 5131 1786 5192 τοῖς

197 5227 516 5295 ἀνθρώποις
546 5221 688 5273 πᾶσι
723 5218 875 5285 νόμοι
928 5219 1217 5282 τέθεινται,
1248 5219 1296 5271 oi
1332 5219 1428 5288 μὲν
1470 5218 1701 5285 λογικοὶ,
1735 5222 1785 5273 οἱ

196 5319 252 5372 δὲ
301 5317 560 5386 φυσικοὶ,
623 5313 700 5374 ῶς
748 5312 806 5364 οὐ
856 5310 960 5379 χρὴ
1008 5309 1292 5380 ἄνθρωπον
1328 5311 1610 5378 ἀλλοτρίαν
1642 5311 1785 5381 ἔχειν

197 5413 457 5478 γυναῖκα,
489 5404 625 5459 οὕτε
649 5403 1064 5471 ἁδελφογαμεῖν,
1096 5402 1215 5455 οὔτε
1242 5402 1511 5471 πολέμους
1540 5406 1784 5474 ἀγαπᾷν,

198 5507 288 5558 καὶ
321 5501 620 5573 προξενεῖν
649 5496 870 5565 ὄλεθρον
903 5498 1012 5557 τοῖς
1040 5495 1371 5563 ἀνθρώποις.
1402 5497 1569 5564 Εἴπερ
1604 5498 1784 5564 σωτῆ-

200 5612 295 5666 ρας
341 5594 555 5651 αὐτοὺς
603 5587 816 5646 -καλεῖς,
848 5585 1077 5652 ὤφειλον
1102 5585 1302 5652 μᾶλλον
1334 5589 1396 5636 ἐκ
1425 5586 1519 5652 τῆς
1558 5589 1783 5656 εέρήνης

197 5687 412 5748 σώζειν,
463 5684 567 5732 καὶ
605 5676 1007 5742 περιποιεῖσθαι
1037 5678 1158 5737 τοὺς
1189 5676 1527 5742 σεσομένους.
1572 5683 1633 5733 Ei
1659 5678 1710 5727 δὲ
1755 5681 1781 5728 6

193 5779 307 5836 θεὸς
362 5774 532 5841 ὑμῶν
576 5766 801 5816 τοιαῦτα
848 5763 1253 5829 διαπράττεται,
1290 5764 1528 5821 καὶτοὺς
1569 5765 1780 5830 ἀνθρώ-

193 5883 317 5925 κους
352 5860 622 5914 πεισάτω
648 5853 803 5904 λῦσαι
832 5855 952 5911 τοὺς
990 5851 1183 5917 νόμους
1211 5868 1222 5880 ⁸
1253 5853 1280 5919 ἦ
1312 5854 1400 5903 καὶ
1438 5852 1513 5913 ῶς
1561 5852 1771 5920 ἅνθρω-

1957 4857 2044 4912 lV.
2083 4856 2268 4928 Lysias
2294 4855 2430 4910 dixit
2465 4874 2476 4909 :
2506 4855 2585 4909 Tn
2635 4871 2856 4910 causam
2908 4855 3055 4914 dicis
3103 4872 3298 4914 eorum
3346 4876 3469 4932 quae

1889 4948 1954 5002 ad
1991 4949 2124 5004 deos
2151 4949 2405 5010 attinent,
2467 4949 2668 5001 malum
2733 4946 2941 5016 caput?
2973 4950 3075 5003 Per
3130 4951 3360 5006 deorum
3410 4967 3466 5008 et

1888 5055 2065 5094 meam
2099 5041 2356 5105 salutem,
2399 5041 2537 5093 male
2568 5055 2663 5094 vos
2700 5042 2943 5108 perdam.
3001 5041 3232 5098 Sanctus
3284 5045 3464 5101 Leon-

1890 5133 2000 5189 tius
2027 5133 2162 5189 dicit
2199 5153 2212 5190 :
2242 5137 2319 5190 Ne
2342 5135 2560 5204 indigne
2600 5135 2746 5189 feras
2787 5135 2978 5190 audire
3009 5137 3320 5195 veritatem.
3356 5142 3464 5196 llo-

1889 5225 2133 5280 minibus
2167 5227 2424 5280 omnibus
2462 5237 2568 5280 tam
2595 5226 2735 5278 ratio
2786 5241 2950 5294 quam
2984 5236 3178 5282 natura
3211 5234 3460 5297 ιιι-κερεῖ-

1888 5317 2184 5386 psitleges,
2217 5333 2326 5371 non
2358 5332 2480 5371 esse
2509 5333 2627 5386 par,
2678 5325 2739 5370 ut
2782 5317 2948 5372 homo
3003 5320 3236 5374 alienam
3265 5322 3462 5378 habeat

1888 5424 2141 5474 uxorem,
2174 5420 2342 5478 utque
2373 5411 2684 5464 committat
2717 5410 3012 5473 incestum,
3041 5421 3133 5466 aut
3158 5412 3296 5469 bella
3331 5417 3459 5470 dili-

1886 5506 1997 5566 gat,
2019 5507 2112 5551 aut
2136 5498 2454 5551 hominibus
2486 5497 2784 5564 perniciem
2817 5497 3037 5552 inferat.
3083 5499 3140 5553 Si
3172 5517 3267 5555 eos
3299 5517 3461 5559 vocas

1884 5591 2265 5656 s05pitatores,
2296 5589 2565 5642 deberent
2593 5590 2776 5656 potius
2800 5605 2863 5641 ex
2899 5606 3027 5657 pace
3059 5606 3276 5644 servare
3301 5603 3355 5644 et
3389 5595 3456 5647 de

1884 5681 2189 5732 cultoribus
2212 5681 2326 5731 suis
2358 5681 2495 5731 bene
2528 5680 2747 5730 mereri.
2779 5679 2833 5730 Si
2857 5681 2992 5731 deus
3018 5688 3198 5732 vester
3230 5684 3329 5734 ista
3363 5682 3452 5733 fa-

1882 5771 1976 5829 cit,
2037 5771 2266 5820 snadcat
2309 5769 2627 5819 hominibus
2675 5770 2887 5820 solvere
2945 5769 3120 5835 leges;
3165 5771 3244 5821 vcl
3301 5770 3446 5822 sicut

1879 5856 2061 5918 homo,
2098 5857 2230 5907 deus
2261 5865 2437 5906 vester
2471 5864 2610 5922 agat,
2649 5867 2702 5906 ct
2736 5856 2980 5909 homines
3013 5857 3274 5910 imitetur.
3303 5857 3434 5909 Nam
