4180 6492
209 426 310 490 329

1159 428 1627 491 MARTYRIUM
1663 427 1773 490 SS.
1816 427 1964 487 XLV
2000 425 2453 487 MARTYRUM.

3348 425 3449 489 330

206 542 396 609 κόραξι
450 544 547 595 καὶ
606 544 718 607 τοῖς
761 542 884 595 κυσὶ
934 541 1102 612 βορὰν
1139 542 1463 613 παραθήσω,
1496 543 1593 597 καὶ
1629 543 1782 597 οὐδὲν

1893 542 2018 599 nihil
2050 542 2205 596 vobis
2235 540 2485 611 proderit
2510 540 2673 594 stulta
2714 538 3035 609 pervicacia.
3090 539 3325 596 Sanetus
3343 545 3455 599 An-

206 634 341 702 ὑμᾶς
374 633 650 706 ὠφελήσει
685 636 717 706 ἡ
749 636 954 703 ματαία
988 634 1265 698 ἔνστασις.
1306 636 1362 689 '0
1392 636 1547 704 ἅγιος
1587 636 1784 691 Ἀντώ-

203 742 310 787 νιος
362 724 553 792 λέγει’
596 727 778 788 Ποίοις
820 726 957 788 Θεοῖς
990 725 1238 785 κελεύεις
1270 724 1429 781 θῦσαι
1460 726 1642 797 qua“
1673 730 1783 781 Λυ-

205 815 322 877 σίας
377 816 530 882 λέγει
557 831 572 847 ⁶
617 818 830 869 Θύσατε
873 816 949 885 τῷ
979 815 1069 869 Διῒ
1100 819 1195 871 καὶ
1228 817 1303 888 τῷ
1349 818 1666 873 Ἀπόλλωνι.
1722 820 1783 871 Ὀ

200 908 353 973 ἅγιος
394 909 650 971 Λεόντιος
678 904 831 960 εἶπεν
857 924 870 937 ·
914 908 977 961 Ὀ
1008 909 1143 973 Θεδς
1177 910 1352 980 ὑμῶν,
1388 910 1582 963 ἑαυτὸν
1614 910 1784 964 σῶσαι

200 1000 274 1069 μὴ
301 1001 631 1070 δυνάμενος,
670 999 944 1054 Ἀπόλλων
970 999 1227 1070 λέγεται·
1257 1001 1417 1055 τοῦτο
1453 1003 1610 1073 ὑμεῖς
1646 1019 1788 1073 μαρ-

194 1094 436 1159 τυρεῖτε.

265 1183 341 1235 Z'.
380 1185 803 1257 Ἀγανακτήσας
826 1185 919 1243 οὖν
947 1190 975 1241 ὁ
1007 1186 1238 1251 Λυσίας,
1272 1189 1365 1241 καὶ
1392 1188 1456 1243 ὲκ
1484 1188 1576 1241 τοῦ
1607 1187 1782 1258 Θυμοῦ

190 1271 318 1333 τοὺς
349 1272 673 1343 ὀφθαλμοὺς
704 1277 1001 1347 διαπύρους
1037 1279 1293 1348 ποιήσας,
1328 1278 1419 1331 καὶ
1446 1277 1785 1351 τρέσας-τοὺς

191 1364 437 1430 ὀδόντας,
464 1367 755 1421 ἐκέλευσεν
776 1370 977 1440 σιδήρῳ
998 1370 1221 1441 δεθῆναι
1245 1371 1426 1423 αὐτῶν
1448 1370 1546 1435 τὰς
1568 1374 1780 1441 χεῖρας,

193 1454 285 1506 καὶ
320 1459 453 1517 τοὺς
494 1458 684 1522 πόδας,
720 1459 814 1511 καὶ
849 1459 1052 1523 κλοιοῖς
1103 1459 1439 1530 βαρυτάτοις
1474 1478 1784 1529 κατασφιγ-

190 1545 428 1614 χθέντας
483 1550 820 1620 άποτεθῆναι
880 1554 961 1616 είς
1021 1552 1084 1606 τὸ
1130 1553 1506 1626 δεσμωτήριον
1558 1555 1639 1618 είς
1693 1553 1785 1607 τὸν

190 1636 405 1707 πύργον
465 1639 566 1710 τῆς
619 1642 826 1706 πόλεως
863 1644 964 1714 τῆς
1004 1644 1316 1715 βλεπούσης
1364 1647 1506 1699 κατὰ
1565 1647 1781 1718 βορέαν,

191 1727 319 1780 ἔνθα
355 1730 454 1782 καὶ
486 1731 642 1800 πηγὴ
671 1733 1023 1804 ύπεκτρέχει,
1069 1736 1272 1804 ῥέουσα
1304 1736 1508 1803 ἐξωθεν
1545 1738 1643 1807 τῆς
1683 1736 1786 1792 πύ-

190 1817 286 1889 λης
318 1821 422 1891 τῆς
453 1824 697 1885 πόλεως·
726 1826 1107 1893 παραγγείλας
1136 1830 1251 1890 τοῖς
1284 1829 1656 1897 φυλάσσουσιν
1682 1831 1783 1883 αύ-

1891 634 2073 691 tonius
2102 634 2241 689 dixit
2272 649 2286 687 :
2321 631 2643 704 Cujusmodi
2667 631 2777 686 diis
2797 630 3107 687 sacriﬁcam
3133 648 3234 690 nos
3260 626 3458 705 iubes?

1889 727 2078 799 Lysias
2107 725 2241 781 dicit
2292 744 2306 781 :
2359 723 2674 781 Sacriﬁcate
2698 724 2820 781 «Ιονὶ
2844 737 2897 781 et
2916 725 3177 794 Apollini.
3221 727 3457 785 Sanetus

1889 820 2151 875 Leontius
2181 820 2351 874 dixit:
2385 819 2534 875 Deus
2572 826 2776 882 vester,
2814 820 2908 890 qui
2952 820 3303 891 semetipsum
3337 837 3461 879 ser-

1890 929 2018 969 vare
2057 929 2168 967 non
2208 921 2405 983 potest,
2439 912 2635 982 Apollo
2657 911 2876 967 dicitur.
2903 911 2961 966 ld
3000 913 3337 969 conﬁtemini
3365 929 3463 969 vos

1890 1023 2018 1079 lpSl.

1963 1191 2070 1246 γη.
2101 1188 2418 1260 Indignatus
2463 1202 2595 1258 ergo
2630 1184 2839 1257 Lysias,
2886 1184 3061 1240 oculis
3111 1182 3475 1239 inﬂammatis

1890 1299 2003 1354 pra:
2034 1283 2222 1336 furore
2257 1297 2322 1336 ac
2370 1280 2630 1335 dentibus
2658 1279 2943 1343 frendens,
2971 1293 3164 1332 manus
3187 1292 3378 1332 eorum
3402 1294 3467 1331 ac

1888 1374 2058 1443 pedes
2081 1371 2289 1427 catenis
2329 1369 2525 1424 vinciri
2554 1370 2754 1440 jussit;
2791 1379 2846 1424 et
2883 1368 3093 1423 catenis
3126 1368 3467 1438 gravissimis

1890 1461 2326 1525 excarniﬁcatos,
2363 1460 2417 1514 in
2451 1473 2729 1514 carcerem
2749 1460 3021 1530 compingi
3056 1459 3109 1513 in
3147 1457 3286 1513 turri
3323 1458 3466 1513 clvi-

1893 1555 2047 1619 tatis,
2087 1569 2208 1624 quae
2230 1553 2461 1607 Boream
2487 1551 2733 1622 respicit.
2757 1551 2913 1607 Unde
2936 1551 3101 1605 etiam
3127 1549 3250 1604 fons
3270 1562 3468 1605 excur—

1893 1647 1985 1711 rit,
2012 1645 2192 1701 ﬂuens
2221 1655 2376 1700 extra
2396 1651 2611 1713 portam
2634 1642 2894 1697 civitatis.
2929 1640 3195 1695 Militibus
3250 1640 3346 1709 qui
3371 1654 3467 1694 eos

1890 1738 2301 1800 custodiebant,
2332 1736 2549 1789 Menam
2575 1744 2630 1789 et
2661 1733 2955 1796 Beleradae,
2989 1732 3041 1786 id
3084 1732 3327 1786 mandati
3367 1730 3466 1786 de-

1891 1831 1994 1895 dit,
2028 1829 2217 1885 dicens
2248 1845 2262 1881 :
2297 1826 2511 1891 Videte,
2546 1825 2751 1881 Menzea
2784 1832 2840 1879 et
2871 1822 3159 1888 Belerade,
3193 1820 3471 1892 quomodo

190 1909 313 1970 τοὺς
372 1913 766 1981 στρατιώταις,
816 1915 1031 1984 Μεναίᾳ
1094 1918 1189 1969 καὶ
1243 1918 1557 1991 Βηληράδῃ,
1608 1920 1785 1990 λέγων

1896 1926 2045 1993 ipsos
2068 1919 2415 1976 custodiatis.
2458 1918 2594 1973 Nam
2629 1933 2729 1989 per
2782 1915 3184 1987 Esculapium,
3225 1913 3271 1970 si
3304 1915 3473 1969 resci-

191 1999 381 2062 αὐτοῖς
405 2014 423 2031 ο
454 2000 718 2066 Βλέπετε,
747 1995 794 2057 ὧ
816 2004 1029 2060 Μιναῐα
1058 2007 1154 2058 καὶ
1178 2006 1494 2079 Βηληράδη,
1532 2009 1648 2072 πῶς
1678 2010 1778 2062 αύ-

191 2091 317 2155 τοὺς
368 2093 711 2163 φυλάττετε·
761 2105 841 2167 μα
886 2096 978 2151 τὸν
1020 2097 1130 2168 γὰρ
1168 2099 1522 2173 Ἀσκληπιὸν,
1551 2101 1635 2154 ὅτι
1682 2100 1779 2153 ἐὰν

193 2183 377 2253 μάθω,
410 2185 498 2240 ὅτι
554 2188 722 2259 ἄρτος
758 2189 794 2261 ἢ
828 2189 973 2262 ὕδωρ
1015 2191 1169 2260 ἐδόθη
1201 2194 1384 2257 αὐτοῖς
1413 2194 1568 2264 παρά
1607 2209 1778 2259 τινος,

192 2277 288 2349 την
320 2282 555 2335 ἐκείνων
596 2283 868 2354 τιμωρίαν
903 2284 1035 2354 ὑμῖν
1072 2285 1338 2356 ἐπιθήσω,
1372 2288 1467 2340 καὶ
1512 2288 1650 2358 πυρὶ
1682 2288 1782 2340 σὺν

191 2371 425 2436 ἐκείνοις
458 2372 607 2442 ὑμᾶς
639 2374 920 2430 άναλώσω.
953 2378 1016 2430 Oi
1040 2376 1097 2429 δὲ
1126 2379 1481 2448 στρατιῶται,
1504 2380 1571 2432 τὰ
1601 2378 1784 2449 δεσμά

191 2465 524 2535 περιθέντες
555 2469 667 2529 τοῖς
699 2467 897 2534 ἁγίοις,
927 2468 1184 2522 ένέὸαλον
1211 2473 1290 2533 εἰς
1322 2470 1413 2521 τὸν
1441 2472 1671 2538 πύργον.
1712 2473 1782 2525 Οί

190 2560 250 2613 δὲ
273 2558 421 2626 ἅγιοι
450 2559 529 2623 ὡς
560 2561 619 2625 ἐξ
642 2562 758 2621 ἐνὸς
790 2560 1052 2628 στόματος
1078 2560 1261 2628 ἔλεγον
1278 2576 1291 2590 ⁸
1316 2562 1663 2631 Εύλογοῦμέν
1696 2582 1780 2627 σε,

191 2649 390 2719 Κύριε,
425 2651 521 2703 τὸν
549 2650 785 2703 Βασιλέα
818 2651 916 2721 τῆς
935 2650 1120 2721 δόξης,
1160 2650 1253 2705 τὸν
1287 2651 1381 2705 ἐπὶ
1415 2653 1637 2706 Ποντίου
1685 2653 1784 2705 Πι·

190 2738 354 2793 λάτον
399 2742 771 2811 παραστάντα
803 2743 882 2807 είς
931 2746 1217 2814 κριτήριον
1256 2744 1347 2797 διὰ
1376 2745 1475 2808 τὰς
1506 2745 1787 2817 ἡμετέρας

1885 2028 2040 2077 vero,
2074 2021 2169 2067 aut
2214 2026 2414 2082 panem
2444 2020 2541 2065 aut
2582 2023 2778 2080 aquam
2821 2007 2905 2064 eis
2954 2021 2984 2061 a
3028 2006 3290 2076 quopiam
3344 2005 3473 2059 data

1885 2116 2027 2164 esse,
2049 2115 2210 2170 poena
2248 2099 2469 2153 illorum
2494 2114 2594 2153 vos
2619 2096 2887 2163 multabo,
2921 2103 2979 2152 et
3005 2094 3130 2166 igne
3146 2094 3308 2149 simul
3345 2108 3471 2149 cum

1885 2192 1998 2248 illis
2038 2206 2139 2247 vos
2188 2191 2440 2262 perdam.
2505 2192 2705 2248 Milites
2744 2204 2954 2257 autem,
3008 2192 3226 2246 vincula
3264 2189 3472 2244 sanctis

1884 2285 2400 2355 circumponentes,
2439 2282 2495 2338 in
2523 2283 2718 2338 turrim
2751 2284 3130 2354 coniecerunt.
3171 2279 3357 2335 Sancti
3405 2293 3475 2333 ex

1889 2394 2009 2433 uno
2031 2377 2191 2448 quasi
2216 2392 2313 2432 ore
2351 2376 2606 2431 dicebant
2637 2391 2651 2430 :
2681 2375 3082 2432 Benedicamus
3102 2385 3181 2439 te,
3222 2373 3476 2434 Domine.

1887 2466 2096 2539 Regem
2145 2468 2356 2539 gloriae,
2393 2468 2485 2537 qui
2536 2476 2760 2537 propter
2802 2477 3023 2539 peccata
3061 2476 3249 2524 nostra
3290 2480 3477 2521 coram

1888 2561 2091 2615 Pontio
2121 2560 2301 2615 Pilato
2331 2563 2551 2616 astitisti
2578 2563 2925 2631 judicandus.
2961 2563 3040 2615 Tu
3068 2563 3215 2616 enim
3254 2577 3379 2615 vera
3416 2576 3479 2615 es

1887 2652 2027 2715 vita,
2085 2667 2187 2721 pro
2250 2652 2414 2707 nobis
2460 2654 2843 2723 peccatoribus
2893 2653 2945 2708 in
2984 2654 3219 2708 hostiam
3292 2652 3477 2709 datus.

1889 2744 2015 2799 veri
2044 2745 2141 2800 Dei
2168 2746 2544 2809 verusFilius,
2576 2747 2863 2819 Patrisque
2894 2744 3279 2812 tuiPontilex;
3306 2761 3375 2801 ne
3394 2761 3483 2800 se-

192 2827 478 2897 άμαρτίας
503 2844 518 2859 ·
558 2832 624 2882 σὺ
657 2833 765 2900 γὰρ
802 2826 851 2883 εί
891 2832 923 2900 ή
959 2831 1193 2901 ἀληθινὴ
1225 2832 1362 2898 ζωὴ.
1390 2836 1417 2884 ὁ
1448 2834 1590 2903 ὑπὲρ
1623 2835 1786 2902 ἡμῶν

1893 2851 2027 2904 para
2067 2852 2215 2891 nosa
2252 2837 2627 2894 misericordia
2657 2848 2771 2903 tua,
2794 2855 2971 2911 neque
3006 2840 3073 2894 ab
3106 2839 3209 2893 hac
3243 2838 3481 2893 fraterna

189 2922 299 2975 τῶν
328 2923 681 2994 ἁμαρτωλῶν
720 2924 875 2980 θυσία
904 2923 1102 2990 δοθεὶς,
1134 2926 1162 2978 ὁ
1198 2924 1294 2979 τοῦ
1333 2925 1611 2998 ’Δληθινοῦ
1647 2927 1786 2982 Θεοῦ

1893 2926 2320 2994 conjunctione,
2369 2928 2463 2996 qui
2498 2944 2689 2983 omnes
2712 2945 2812 2984 nos
2841 2930 2966 2983 unis
2994 2930 3073 2983 tui
3115 2929 3481 2992 confessione,

196 3015 322 3078 Υίδς
354 3015 640 3083 ἀληθινὸς,
670 3016 765 3070 καὶ
809 3016 905 3071 τοῦ
955 3018 1053 3072 σοῦ
1087 3018 1298 3091 Πατρὺς
1340 3019 1633 3091 ἀρχιερεύς
1662 3036 1675 3050 ⁹
1713 3020 1786 3091 μὴ

1893 3028 1951 3073 ct
1985 3020 2150 3074 unius
2170 3019 2345 3074 eﬂicis
2383 3020 2701 3084 voluntatis,
2725 3030 2957 3074 mortem
2991 3035 3207 3090 quoque
3232 3031 3481 3075 nostram

191 3108 454 3177 χωρήσῃς
518 3107 670 3177 ἡμᾶς
720 3106 815 3159 τοῦ
871 3108 1023 3161 ἐλέου
1089 3126 1207 3173 σου,
1262 3114 1399 3180 μήτε
1444 3112 1652 3181 ταύτης
1690 3114 1786 3182 τῆς

1897 3113 2022 3180 uni;
2052 3130 2152 3170 nec
2183 3113 2446 3184 permitte
2480 3122 2540 3169 ut
2569 3113 2708 3168 alter
2738 3113 2807 3168 ab
2834 3114 3011 3169 altero
3039 3112 3097 3168 in
3122 3113 3307 3185 aliquo
3332 3127 3488 3183 sepa-

191 3198 589 3268 άδελφότητος,
624 3198 834 3263 ένὼσας
862 3201 1016 3272 ημᾶς
1055 3203 1267 3265 πάντας
1302 3205 1369 3273 τῇ
1406 3205 1470 3273 σῇ
1498 3204 1786 3275 ὁμολογίᾳ,

1897 3218 2112 3271 remur,
2147 3215 2207 3257 ut
2243 3206 2497 3261 videntes
2533 3205 2806 3276 egregiam
2849 3214 3116 3260 nostram'
3145 3206 3483 3261 alacritatem

193 3288 288 3341 xc).
316 3296 558 3359 ποιησας
594 3288 743 3359 ἡμᾶς
772 3290 1108 3361 ὀμοψύχους,
1133 3293 1337 3346 ἓνωσον
1372 3293 1529 3364 ἡμῶν
1565 3294 1662 3348 καὶ
1690 3296 1786 3365 τὴν

1899 3296 2059 3367 impii
2123 3297 2367 3352 ministri
2412 3300 2664 3367 exemplo
2708 3306 2904 3353 nostro
2956 3307 3300 3353 moveantur.
3345 3298 3487 3353 Ecce

191 3379 507 3434 τελείωσιν·
542 3381 639 3433 καὶ
668 3385 743 3451 μὴ
766 3385 997 3453 ποιήσῃς
1027 3385 1179 3453 ἡμᾶς
1204 3387 1262 3438 ὲν
1294 3386 1483 3456 μηδενὶ
1510 3386 1786 3459 χωρισθῆ.

1897 3391 2051 3446 enim
2087 3389 2143 3444 in
2177 3389 2439 3445 tenebras
2471 3390 2680 3443 detrusi
2712 3404 2927 3451 sumus,
2954 3390 3268 3443 esurientes
3310 3401 3373 3443 ac
3404 3390 3487 3443 si-

192 3488 282 3524 ναι
314 3471 414 3524 ἀπ’
456 3470 731 3539 ἀλλήλων,
762 3471 910 3534 ὅπως
972 3473 1179 3538 ίδόντες
1236 3476 1393 3546 ἡμῶν
1446 3480 1553 3548 τὴν
1616 3480 1786 3549 καλὴν

1900 3484 2126 3545 tientes.
2149 3492 2203 3538 et
2246 3485 2464 3538 animus
2489 3491 2679 3538 noster
2718 3482 2776 3537 in
2807 3482 3042 3540 vinculis
3073 3482 3336 3548 tabescit;
3390 3482 3487 3537 sed

195 3562 518 3631 προθυμίαν
569 3563 619 3613 οἱ
662 3562 877 3627 ἀσεϐεῖς
912 3566 1169 3635 ἐργάται,
1213 3554 1651 3638 ὲπίθυμησουσιν
1687 3573 1786 3640 τὴν

1900 3586 1981 3642 tu,
2050 3577 2306 3640 Domine,
2369 3576 2695 3645 patientiam
2769 3576 2931 3629 nobis
2990 3575 3079 3635 da.
3156 3590 3493 3644 cursumque

191 3656 368 3725 καλὴν
410 3655 577 3725 ἡμῶν
615 3658 836 3726 πρᾶξιν.
888 3659 1019 3710 Ἰδοὺ
1053 3661 1163 3729 γὰρ
1195 3661 1253 3711 ἐν
1289 3662 1472 3715 σκότει
1512 3662 1786 3735 κατεϐλή-

1896 3677 2152 3721 nostrum
2200 3670 2427 3736 perﬁce,
2468 3674 2527 3722 ut
2580 3666 2794 3721 nullum
2823 3680 2854 3721 e
2892 3667 3055 3721 nobis
3098 3665 3329 3720 Satanas
3388 3680 3480 3718 ea—

194 3747 370 3817 Οημεν
402 3748 705 3811 πεινῶντες
733 3750 825 3802 καὶ
852 3748 1137 3817 διψῶντες,
1174 3751 1267 3805 καὶ
1303 3755 1335 3824 ἡ
1363 3754 1507 3824 ψυχὴ
1533 3757 1566 3828 ὴ
1579 3755 1695 3825 μῶν
1730 3758 1789 3809 ὲν
1895 3760 2038 3830 piat.

190 3841 414 3911 δεσμοῖς
454 3842 797 3911 inﬁxerat“
829 3842 968 3896 άλλὰ
1022 3843 1111 3907 σὺ,
1180 3846 1375 3917 Κύριε,
1421 3851 1652 3918 χάρισαι
1698 3851 1832 3920 ἡμῖν
1870 3855 1970 3923 τὴν
2015 3852 2297 3925 ὑπομονὴν
2327 3851 2422 3905 καὶ
2457 3848 2746 3903 τελείωσον
2811 3849 2970 3919 ήμῶν
3012 3848 3105 3901 τὸν
3140 3847 3361 3917 δρόμον,
3406 3848 3493 3901 ἴνα

193 3940 405 4009 μηδένα
447 3939 508 4003 ἐξ
546 3938 707 4005 ἡμῶν
731 3940 758 3990 ὁ
792 3940 1041 4004 Σατανᾶς
1068 3943 1429 4013 χειρώσηται.

260 4035 343 4087 l-l'.
398 4032 514 4085 Καὶ
564 4030 849 4094 κλίναντες
903 4032 972 4086 τὰ
1005 4035 1214 4101 γόνατα
1255 4036 1659 4109 προσηύξαντο,
1700 4044 1796 4096 καὶ

189 4128 533 4189 ἀναστάντες
567 4124 962 4196 ἑκαθεσθησαν,
985 4128 1075 4180 διὰ
1101 4130 1161 4181 τὸ
1204 4129 1556 4199 μὴδύνασθαι
1588 4136 1793 4198 αὐτοὺς

190 4219 393 4290 ὀρθοὺς
432 4218 671 4286 στῆναι⁶
724 4210 865 4286 ἦσαν
902 4218 1010 4285 γὰρ
1069 4218 1127 4268 ὲν
1176 4222 1287 4279 τοῖς
1341 4221 1563 4290 δεσμοῖς
1616 4241 1793 4277 κατα.

192 4312 609 4381 καμπτόμενοι,
659 4306 755 4359 καὶ
826 4305 1059 4376 ἔψαλλον
1121 4310 1428 4380 συμφώνως
1496 4316 1794 4387 λέγοντες.

200 4404 534 4473 ’Υπομένων
594 4399 864 4471 ὑπέμεινα
920 4401 1010 4455 τὸν
1066 4402 1307 4482 Κύριον,
1357 4409 1451 4461 καὶ
1512 4411 1792 4482 προσέσχε

191 4513 306 4566 μοι,
342 4496 440 4548 καὶ
472 4492 769 4565 είσήκουσε
802 4496 897 4565 τῆς
927 4481 1172 4563 δεήσεῶς
1208 4514 1333 4563 μου,
1357 4501 1461 4553 ’καὶ
1501 4481 1791 4573 άνήγαγέν

1976 4041 2113 4096 νιιι.
2149 4039 2217 4093 Et
2252 4035 2409 4092 ﬂexis
2429 4035 2666 4105 genibus
2693 4033 2964 4097 orabunt;
2993 4042 3046 4086 et
3073 4042 3362 4102 postquam
3381 4047 3503 4086 sur-

1901 4135 2198 4196 rexissent,
2236 4130 2636 4191 consederunt,
2655 4143 2721 4182 eo
2743 4126 2891 4197 quod
2916 4136 3071 4180 recto
3096 4139 3327 4194 corpore
3355 4132 3500 4182 stare

1904 4241 2018 4280 non
2056 4232 2319 4295 poterant
2355 4224 2535 4291 (erant
2566 4221 2771 4289 quippe
2821 4218 2878 4272 in
2920 4218 3158 4271 vinculis
3201 4217 3497 4281 incurvati)

1906 4331 1965 4374 et
2000 4333 2109 4374 una
2139 4331 2278 4372 voce
2331 4314 2626 4378 canebant,
2654 4312 2903 4368 dicentes
2939 4327 2953 4365 :
2995 4328 3012 4361 ι
3050 4310 3386 4379 Exspectans
3404 4323 3499 4364 ex-

1904 4407 2153 4478 spectavi
2185 4406 2507 4467 Dominum,
2548 4411 2603 4456 et
2642 4400 2881 4456 intendit
2912 4399 3068 4462 milii,
3124 4408 3180 4453 et
3222 4396 3503 4453 exaudivit

1902 4504 2213 4556 orationem
2248 4510 2455 4558 meam,
2492 4504 2549 4548 et
2577 4494 2769 4547 eduxit
2806 4507 2891 4546 me
2937 4491 3007 4544 de
3041 4491 3161 4544 lacu
3189 4490 3425 4544 miseria:
3443 4500 3502 4543 et

190 4604 262 4657 με
293 4591 359 4642 ἐκ
392 4588 611 4641 λάκκου
662 4585 1038 4653 ταλαιπωρίας
1089 4587 1185 4640 καὶ
1226 4590 1335 4641 άπὸ
1370 4592 1542 4662 πηλοῦ
1593 4595 1786 4659 ἱλεύος.

1907 4596 1977 4651 de
2018 4598 2135 4651 luto
2165 4592 2307 4648 fecis
2339 4592 2381 4645 ’.
2416 4609 2435 4641 ι
2463 4588 2642 4658 Atque
2671 4586 2890 4656 expleto
2915 4584 3146 4655 psalmo.
3176 4582 3500 4640 ceciderunt

184 4684 300 4736 Καὶ
324 4680 728 4750 πληρώσαντες
749 4678 838 4729 τὸν
863 4677 1102 4747 ψαλμὸν,
1126 4680 1331 4736 ἔπεσαν
1352 4684 1445 4738 ἐπὶ
1469 4688 1794 4755 πρόσωπον,

183 4778 280 4827 καὶ
308 4771 654 4831 ἀναστάντες
686 4768 847 4821 πάλιν
872 4770 1101 4840 ἔψαλλον
1122 4772 1391 4840 λέγοντες·
1422 4778 1794 4848 Εἱσάκουσον,

180 4871 211 4921 ὁ
239 4869 370 4930 θεὸς
408 4861 730 4933 προσευχῆς
762 4878 883 4931 μου,
917 4866 974 4913 ἐν
1002 4864 1081 4932 τῷ
1122 4864 1339 4918 δέεσθαί
1390 4886 1458 4937 με
1494 4873 1642 4941 πρὸς
1692 4874 1754 4923 σέ
1778 4889 1792 4903 ο

181 4963 292 5015 ἀπὸ
326 4961 504 5029 φόόου
542 4957 748 5028 ἐχθροῦ
780 4954 965 5020 ἐξελοῦ
1004 4957 1101 5026 τὴν
1130 4958 1308 5029 ψυχήν
1336 4978 1465 5031 μου.
1511 4963 1793 5017 Ἐσκέπα-

183 5058 283 5118 σάς
325 5070 397 5125 με
442 5052 559 5106 ἀπὸ
602 5054 911 5122 συστροφῆς
959 5053 1435 5120 πονηρευομένων,
1490 5056 1603 5110 ἀπὸ
1652 5054 1793 5125 πλή-

1906 4690 1963 4744 in
2000 4690 2220 4751 faciem,
2247 4699 2307 4741 et
2340 4691 2627 4752 surgentes
2658 4695 2877 4734 rursum
2919 4678 3258 4739 cecinerunt,
3308 4676 3499 4731 dicen-

1908 4792 1992 4837 tes
2025 4802 2037 4837 :
2075 4780 2348 4841 «Exaudi,
2380 4776 2545 4837 Deus,
2578 4774 2880 4827 orationem
2918 4786 3119 4833 meam,
3154 4785 3276 4824 cum
3301 4770 3500 4843 deprc-

1904 4890 2003 4929 cor
2033 4874 2099 4928 ad
2133 4882 2186 4925 te
2216 4890 2230 4925 :
2260 4887 2293 4924 a
2331 4868 2525 4923 timore
2555 4866 2764 4923 inimici
2800 4867 2953 4935 eripe
2987 4866 3224 4920 animam
3290 4880 3488 4920 meam.

1902 4965 2198 5021 Protexisti
2229 4977 2316 5017 me
2350 4978 2379 5015 a
2407 4969 2680 5015 conventu
2716 4957 3158 5027 malignantium,
3179 4973 3206 5012 a
3235 4957 3488 5013 multitu-

1901 5059 2031 5113 dine
2046 5056 2394 5126 operantium
2414 5054 2757 5122 iniquitatem
2773 5050 2812 5104 ⁸.
2827 5051 3032 5120 ιΑῑαυε
3048 5050 3263 5119 expleto
3277 5052 3488 5120 psalmo

180 5149 310 5212 θους
370 5144 776 5221 ἐργαζομένων
828 5146 1067 5201 ἀδικίαν.
1120 5146 1229 5200 Καὶ
1257 5147 1662 5218 πληρώσαντες
1705 5148 1786 5199 τὸν

1898 5157 1953 5201 et
1983 5146 2145 5201 tertia
2197 5143 2338 5198 facta
2381 5144 2629 5197 oratione
2686 5140 3009 5202 consedere,
3078 5141 3217 5194 alter
3258 5140 3488 5194 alterius

180 5241 421 5309 ψαλμὸν,
452 5239 555 5292 κάι
604 5237 931 5305 ποιήσαντες
959 5240 1154 5308 τρίτην
1196 5236 1383 5307 εὐχὴν,
1432 5237 1786 5301 ἐκαθέζοντο,

1899 5241 2119 5296 vincula
2143 5238 2475 5299 osculantes,
2503 5245 2559 5290 et
2581 5251 2639 5289 se
2664 5243 2854 5288 mutuo
2877 5234 3212 5302 stringentes
3239 5233 3483 5289 exsulta-

181 5333 433 5402 ἀλλήλων
483 5334 557 5383 τά
591 5329 767 5398 δεσμὰ
809 5328 1258 5399 καταφιλοῦντες,
1294 5330 1389 5382 καὶ
1417 5333 1786 5400 προσέχοντες

1901 5334 2055 5388 bant.
2097 5331 2332 5385 Sanctus
2363 5344 2491 5382 vero
2531 5327 2797 5380 Leontius
2861 5325 3065 5377 hortari
3112 5323 3259 5393 ipsos
3314 5326 3483 5392 cmpit

178 5424 436 5497 ἀλληλοις
468 5421 836 5492 ἠγαλλιῶντο.
888 5419 945 5473 Ὀ
982 5423 1039 5475 δὲ
1075 5420 1232 5488 ἅγιος
1274 5422 1533 5480 Λεόντιος
1586 5416 1786 5490 ἤρξατε

1900 5434 1957 5476 et
1996 5423 2181 5475 dicere
2211 5436 2223 5471 :
2251 5419 2469 5472 Fratres
2502 5413 2825 5479 venerandi,
2864 5412 3172 5483 famulique
3209 5429 3273 5468 ac
3331 5414 3478 5466 servi

177 5518 538 5593 παρακαλεῖν
569 5515 769 5577 αὐτοὺς
797 5517 889 5568 καὶ
922 5515 1102 5581 λέγειν
1126 5533 1139 5546 ·
1186 5512 1435 5584 Ἀδελφοί
1459 5514 1643 5583 τίμιοι
1700 5515 1786 5563 κα]

1897 5512 2125 5572 Christi,
2154 5522 2422 5579 generoso
2449 5505 2634 5560 animo
2664 5504 2847 5559 omnia
2906 5505 3202 5559 toleremus
3247 5521 3261 5556 :
3304 5504 3483 5557 nostis

175 5614 523 5687 θεράποντες
554 5607 654 5661 καὶ
680 5607 854 5662 δοῦλοι
879 5606 969 5661 τοῦ
994 5607 1258 5677 Χριστοῦ,
1279 5607 1549 5675 γενναίως
1577 5608 1786 5662 ἅπαντα

1904 5607 2052 5660 enim
2083 5620 2112 5659 e
2169 5603 2341 5657 sacris
2367 5600 2611 5663 Litteris,
2650 5605 2855 5667 quanta
2879 5593 3207 5652 sustinuerit
3237 5594 3338 5648 Job
3365 5595 3479 5665 (sed

177 5684 616 5779 ὑπομείνωμεν·
650 5699 827 5755 οἴδατε
856 5703 964 5773 γὰρ
994 5701 1059 5753 ἐκ
1082 5700 1192 5755 τῶν
1217 5700 1379 5756 θείων
1407 5700 1681 5769 Γραφῶν,
1708 5698 1786 5751 ὅσι

1912 5693 2061 5749 enim
2098 5707 2195 5747 vos
2218 5706 2327 5746 non
2356 5690 2489 5744 latet
2519 5684 2641 5743 ﬁnis
2669 5686 2908 5757 Domini)
2965 5699 3238 5741 memores
3285 5692 3481 5744 estote,

243 5858 262 5887 '
302 5856 457 5913 Psal.
495 5866 689 5905 xxxxx.
736 5849 791 5906 Ξ.
822 5849 874 5903 3.
911 5848 929 5878 ³
964 5847 1107 5902 Psal.
1138 5864 1285 5910 Lxm,
1323 5847 1377 5913 ἓ,
1427 5847 1482 5897 ’5.

540 5949 814 6008 Parnm"
865 5944 981 6006 Gs.
1036 5942 1211 6003 CXV.

2994 5920 3054 5982 ll
