  <div class='ocr_page' id='page_1' title='image "/cluster/home/n/w/nwhite01/storage/ocr_20150623/115/uva.x004215515/189.png"; bbox 0 0 4180 6480; ppageno 0'>
   <div class='ocr_carea' id='block_1_1' title="bbox 693 435 793 501">
    <p class='ocr_par' dir='ltr' id='par_1_1' title="bbox 693 435 793 501">
     <span class='ocr_line' id='line_1_1' title="bbox 693 435 793 501; baseline -0.04 1"><span class='ocrx_word' id='word_1_1' title='bbox 693 435 793 501; x_wconf 78' lang='lat'><strong>331</strong></span> 
     </span>
    </p>
   </div>
   <div class='ocr_carea' id='block_1_2' title="bbox 691 517 2342 619">
    <p class='ocr_par' dir='ltr' id='par_1_2' title="bbox 691 517 2342 619">
     <span class='ocr_line' id='line_1_2' title="bbox 691 517 2342 619; baseline -0.022 -15"><span class='ocrx_word' id='word_1_2' title='bbox 691 549 837 619; x_wconf 86' lang='lat' dir='ltr'><strong>quod</strong></span> <span class='ocrx_word' id='word_1_3' title='bbox 869 545 1108 602; x_wconf 82' lang='lat' dir='ltr'><strong>Joannes</strong></span> <span class='ocrx_word' id='word_1_4' title='bbox 1140 536 1382 606; x_wconf 84' lang='lat' dir='ltr'><strong>Baptista</strong></span> <span class='ocrx_word' id='word_1_5' title='bbox 1410 532 1590 602; x_wconf 90' lang='lat' dir='ltr'><strong>capite</strong></span> <span class='ocrx_word' id='word_1_6' title='bbox 1647 532 1932 584; x_wconf 87' lang='lat' dir='ltr'><strong>truncatus</strong></span> <span class='ocrx_word' id='word_1_7' title='bbox 1999 522 2093 583; x_wconf 83' lang='lat' dir='ltr'><strong>sit,</strong></span> <span class='ocrx_word' id='word_1_8' title='bbox 2150 517 2279 574; x_wconf 73' lang='lat' dir='ltr'><strong>Ste~</strong></span> <span class='ocrx_word' id='word_1_9' title='bbox 2305 523 2342 576; x_wconf 76' lang='grc' dir='ltr'><strong>Α</strong></span> 
     </span>
    </p>
   </div>
   <div class='ocr_carea' id='block_1_3' title="bbox 691 608 2268 712">
    <p class='ocr_par' dir='ltr' id='par_1_3' title="bbox 691 608 2268 712">
     <span class='ocr_line' id='line_1_3' title="bbox 691 608 2268 712; baseline -0.023 -16"><span class='ocrx_word' id='word_1_10' title='bbox 691 608 907 712; x_wconf 73' lang='lat' dir='ltr'><strong>phanus</strong></span> <span class='ocrx_word' id='word_1_11' title='bbox 943 643 1130 688; x_wconf 84' lang='lat' dir='ltr'><strong>autem</strong></span> <span class='ocrx_word' id='word_1_12' title='bbox 1166 627 1464 698; x_wconf 72' lang='lat' dir='ltr'><strong>lapidatus,</strong></span> <span class='ocrx_word' id='word_1_13' title='bbox 1494 624 1692 676; x_wconf 84' lang='lat' dir='ltr'><strong>Petrus</strong></span> <span class='ocrx_word' id='word_1_14' title='bbox 1741 614 2024 686; x_wconf 72' lang='lat' dir='ltr'><strong>apostolus</strong></span> <span class='ocrx_word' id='word_1_15' title='bbox 2081 608 2268 662; x_wconf 66' lang='lat' dir='ltr'><strong>Romae</strong></span> 
     </span>
    </p>
   </div>
   <div class='ocr_carea' id='block_1_4' title="bbox 694 699 2271 790">
    <p class='ocr_par' dir='ltr' id='par_1_4' title="bbox 694 699 2271 790">
     <span class='ocr_line' id='line_1_4' title="bbox 694 699 2271 790; baseline -0.024 -2"><span class='ocrx_word' id='word_1_16' title='bbox 694 732 1010 790; x_wconf 87' lang='lat' dir='ltr'><strong>cruciltxus,</strong></span> <span class='ocrx_word' id='word_1_17' title='bbox 1041 722 1246 778; x_wconf 81' lang='lat' dir='ltr'><strong>Paulus</strong></span> <span class='ocrx_word' id='word_1_18' title='bbox 1273 717 1454 785; x_wconf 87' lang='lat' dir='ltr'><strong>capite</strong></span> <span class='ocrx_word' id='word_1_19' title='bbox 1482 715 1752 774; x_wconf 90' lang='lat' dir='ltr'><strong>minutus,</strong></span> <span class='ocrx_word' id='word_1_20' title='bbox 1795 705 2038 760; x_wconf 83' lang='lat' dir='ltr'><strong>Thomas</strong></span> <span class='ocrx_word' id='word_1_21' title='bbox 2085 699 2271 769; x_wconf 87' lang='lat' dir='ltr'><strong>spicu-</strong></span> 
     </span>
    </p>
   </div>
   <div class='ocr_carea' id='block_1_5' title="bbox 695 790 2270 880">
    <p class='ocr_par' dir='ltr' id='par_1_5' title="bbox 695 790 2270 880">
     <span class='ocr_line' id='line_1_5' title="bbox 695 790 2270 880; baseline -0.027 1"><span class='ocrx_word' id='word_1_22' title='bbox 695 827 764 880; x_wconf 89' lang='lat' dir='ltr'><strong>lis</strong></span> <span class='ocrx_word' id='word_1_23' title='bbox 787 820 1096 878; x_wconf 83' lang='lat' dir='ltr'><strong>confossus.</strong></span> <span class='ocrx_word' id='word_1_24' title='bbox 1128 813 1273 880; x_wconf 92' lang='lat' dir='ltr'><strong>Quot</strong></span> <span class='ocrx_word' id='word_1_25' title='bbox 1322 823 1452 863; x_wconf 87' lang='lat' dir='ltr'><strong>vero</strong></span> <span class='ocrx_word' id='word_1_26' title='bbox 1477 807 1654 861; x_wconf 81' lang='lat' dir='ltr'><strong>sancti</strong></span> <span class='ocrx_word' id='word_1_27' title='bbox 1707 797 2050 868; x_wconf 80' lang='lat' dir='ltr'><strong>temporibus</strong></span> <span class='ocrx_word' id='word_1_28' title='bbox 2101 790 2270 844; x_wconf 78' lang='lat' dir='ltr'><strong>Maxi-</strong></span> 
     </span>
    </p>
   </div>
   <div class='ocr_carea' id='block_1_6' title="bbox 696 883 2270 979">
    <p class='ocr_par' dir='ltr' id='par_1_6' title="bbox 696 883 2270 979">
     <span class='ocr_line' id='line_1_6' title="bbox 696 883 2270 979; baseline -0.025 -7"><span class='ocrx_word' id='word_1_29' title='bbox 696 915 861 972; x_wconf 88' lang='lat' dir='ltr'><strong>miani</strong></span> <span class='ocrx_word' id='word_1_30' title='bbox 889 907 1259 979; x_wconf 85' lang='lat' dir='ltr'><strong>imperatoris.</strong></span> <span class='ocrx_word' id='word_1_31' title='bbox 1287 901 1434 956; x_wconf 83' lang='lat' dir='ltr'><strong>Decii</strong></span> <span class='ocrx_word' id='word_1_32' title='bbox 1460 908 1514 952; x_wconf 92' lang='lat' dir='ltr'><strong>et</strong></span> <span class='ocrx_word' id='word_1_33' title='bbox 1533 895 1779 956; x_wconf 82' lang='lat' dir='ltr'><strong>Adriani,</strong></span> <span class='ocrx_word' id='word_1_34' title='bbox 1799 891 2139 954; x_wconf 90' lang='lat' dir='ltr'><strong>aliorumque</strong></span> <span class='ocrx_word' id='word_1_35' title='bbox 2170 883 2270 935; x_wconf 89' lang='lat' dir='ltr'><strong>im-</strong></span> 
     </span>
    </p>
   </div>
   <div class='ocr_carea' id='block_1_7' title="bbox 697 971 2274 1076">
    <p class='ocr_par' dir='ltr' id='par_1_7' title="bbox 697 971 2274 1076">
     <span class='ocr_line' id='line_1_7' title="bbox 697 971 2274 1076; baseline -0.025 -16"><span class='ocrx_word' id='word_1_36' title='bbox 697 1008 915 1076; x_wconf 89' lang='lat' dir='ltr'><strong>piorum</strong></span> <span class='ocrx_word' id='word_1_37' title='bbox 957 1000 1374 1065; x_wconf 86' lang='lat' dir='ltr'><strong>imperatorum,</strong></span> <span class='ocrx_word' id='word_1_38' title='bbox 1413 986 1675 1055; x_wconf 82' lang='lat' dir='ltr'><strong>martyrio</strong></span> <span class='ocrx_word' id='word_1_39' title='bbox 1708 990 1817 1037; x_wconf 79' lang='lat' dir='ltr'><strong>Sllll</strong></span> <span class='ocrx_word' id='word_1_40' title='bbox 1840 976 2045 1037; x_wconf 67' lang='lat' dir='ltr'><strong>all‘ccti,</strong></span> <span class='ocrx_word' id='word_1_41' title='bbox 2079 987 2132 1026; x_wconf 93' lang='lat' dir='ltr'><strong>et</strong></span> <span class='ocrx_word' id='word_1_42' title='bbox 2157 971 2274 1039; x_wconf 80' lang='lat' dir='ltr'><strong>glo-</strong></span> 
     </span>
    </p>
   </div>
   <div class='ocr_carea' id='block_1_8' title="bbox 698 1062 2276 1152">
    <p class='ocr_par' dir='ltr' id='par_1_8' title="bbox 698 1062 2276 1152">
     <span class='ocr_line' id='line_1_8' title="bbox 698 1062 2276 1152; baseline -0.027 1"><span class='ocrx_word' id='word_1_43' title='bbox 698 1100 843 1152; x_wconf 82' lang='lat' dir='ltr'><strong>riose</strong></span> <span class='ocrx_word' id='word_1_44' title='bbox 875 1105 1104 1146; x_wconf 89' lang='lat' dir='ltr'><strong>coronas</strong></span> <span class='ocrx_word' id='word_1_45' title='bbox 1134 1081 1442 1142; x_wconf 81' lang='lat' dir='ltr'><strong>consecuti,</strong></span> <span class='ocrx_word' id='word_1_46' title='bbox 1503 1089 1558 1132; x_wconf 90' lang='lat' dir='ltr'><strong>et</strong></span> <span class='ocrx_word' id='word_1_47' title='bbox 1591 1071 1854 1130; x_wconf 81' lang='lat' dir='ltr'><strong>fortunati</strong></span> <span class='ocrx_word' id='word_1_48' title='bbox 1906 1069 1976 1120; x_wconf 88' lang='lat' dir='ltr'><strong>ab</strong></span> <span class='ocrx_word' id='word_1_49' title='bbox 2019 1062 2276 1118; x_wconf 82' lang='lat' dir='ltr'><strong>omnibus</strong></span> 
     </span>
    </p>
   </div>
   <div class='ocr_carea' id='block_1_9' title="bbox 700 1159 1993 1262">
    <p class='ocr_par' dir='ltr' id='par_1_9' title="bbox 700 1159 1993 1262">
     <span class='ocr_line' id='line_1_9' title="bbox 700 1159 1993 1262; baseline -0.029 -16"><span class='ocrx_word' id='word_1_50' title='bbox 700 1187 1089 1262; x_wconf 70' lang='lat' dir='ltr'><strong>pmdicentur,</strong></span> <span class='ocrx_word' id='word_1_51' title='bbox 1120 1186 1177 1232; x_wconf 89' lang='lat' dir='ltr'><strong>et</strong></span> <span class='ocrx_word' id='word_1_52' title='bbox 1207 1175 1382 1230; x_wconf 85' lang='lat' dir='ltr'><strong>nostis</strong></span> <span class='ocrx_word' id='word_1_53' title='bbox 1404 1170 1630 1225; x_wconf 87' lang='lat' dir='ltr'><strong>omnino</strong></span> <span class='ocrx_word' id='word_1_54' title='bbox 1661 1175 1715 1220; x_wconf 91' lang='lat' dir='ltr'><strong>et</strong></span> <span class='ocrx_word' id='word_1_55' title='bbox 1742 1159 1993 1216; x_wconf 84' lang='lat' dir='ltr'><strong>audistis.</strong></span> 
     </span>
    </p>
   </div>
   <div class='ocr_carea' id='block_1_10' title="bbox 769 1433 2279 1518">
    <p class='ocr_par' dir='ltr' id='par_1_10' title="bbox 769 1433 2279 1518">
     <span class='ocr_line' id='line_1_10' title="bbox 769 1433 2279 1518; baseline -0.024 -7"><span class='ocrx_word' id='word_1_56' title='bbox 769 1453 867 1512; x_wconf 77' lang='lat' dir='ltr'><strong>IX.</strong></span> <span class='ocrx_word' id='word_1_57' title='bbox 899 1451 1175 1518; x_wconf 87' lang='lat' dir='ltr'><strong>Quorsum</strong></span> <span class='ocrx_word' id='word_1_58' title='bbox 1204 1451 1386 1497; x_wconf 87' lang='lat' dir='ltr'><strong>autem</strong></span> <span class='ocrx_word' id='word_1_59' title='bbox 1417 1438 1565 1492; x_wconf 83' lang='lat' dir='ltr'><strong>viros</strong></span> <span class='ocrx_word' id='word_1_60' title='bbox 1600 1433 1810 1504; x_wconf 79' lang='lat' dir='ltr'><strong>pugiles</strong></span> <span class='ocrx_word' id='word_1_61' title='bbox 1846 1436 2279 1484; x_wconf 85' lang='lat' dir='ltr'><strong>commemorare</strong></span> 
     </span>
    </p>
   </div>
   <div class='ocr_carea' id='block_1_11' title="bbox 703 1512 2281 1605">
    <p class='ocr_par' dir='ltr' id='par_1_11' title="bbox 703 1512 2281 1605">
     <span class='ocr_line' id='line_1_11' title="bbox 703 1512 2281 1605; baseline -0.025 1"><span class='ocrx_word' id='word_1_62' title='bbox 703 1544 940 1605; x_wconf 78' lang='lat' dir='ltr'><strong>attinet?</strong></span> <span class='ocrx_word' id='word_1_63' title='bbox 973 1541 1071 1598; x_wconf 87' lang='lat' dir='ltr'><strong>Ubi</strong></span> <span class='ocrx_word' id='word_1_64' title='bbox 1124 1535 1386 1592; x_wconf 86' lang='lat' dir='ltr'><strong>mulieres</strong></span> <span class='ocrx_word' id='word_1_65' title='bbox 1424 1544 1666 1599; x_wconf 85' lang='lat' dir='ltr'><strong>quoque,</strong></span> <span class='ocrx_word' id='word_1_66' title='bbox 1726 1522 1988 1592; x_wconf 80' lang='lat' dir='ltr'><strong>religione</strong></span> <span class='ocrx_word' id='word_1_67' title='bbox 2030 1527 2086 1572; x_wconf 94' lang='lat' dir='ltr'><strong>ct</strong></span> <span class='ocrx_word' id='word_1_68' title='bbox 2135 1512 2281 1569; x_wconf 81' lang='lat' dir='ltr'><strong>virili</strong></span> 
     </span>
    </p>
   </div>
   <div class='ocr_carea' id='block_1_12' title="bbox 704 1601 2282 1703">
    <p class='ocr_par' dir='ltr' id='par_1_12' title="bbox 704 1601 2282 1703">
     <span class='ocr_line' id='line_1_12' title="bbox 704 1601 2282 1703; baseline -0.026 -9"><span class='ocrx_word' id='word_1_69' title='bbox 704 1639 890 1694; x_wconf 85' lang='lat' dir='ltr'><strong>animo</strong></span> <span class='ocrx_word' id='word_1_70' title='bbox 923 1638 1266 1703; x_wconf 76' lang='lat' dir='ltr'><strong>praestantes,</strong></span> <span class='ocrx_word' id='word_1_71' title='bbox 1325 1619 1703 1676; x_wconf 84' lang='lat' dir='ltr'><strong>imbecillitate</strong></span> <span class='ocrx_word' id='word_1_72' title='bbox 1728 1626 1890 1666; x_wconf 82' lang='lat' dir='ltr'><strong>sexus</strong></span> <span class='ocrx_word' id='word_1_73' title='bbox 1908 1607 2179 1676; x_wconf 86' lang='lat' dir='ltr'><strong>deposita,</strong></span> <span class='ocrx_word' id='word_1_74' title='bbox 2228 1601 2282 1654; x_wconf 90' lang='lat' dir='ltr'><strong>in</strong></span> 
     </span>
    </p>
   </div>
   <div class='ocr_carea' id='block_1_13' title="bbox 703 1692 2284 1791">
    <p class='ocr_par' dir='ltr' id='par_1_13' title="bbox 703 1692 2284 1791">
     <span class='ocr_line' id='line_1_13' title="bbox 703 1692 2284 1791; baseline -0.025 -7"><span class='ocrx_word' id='word_1_75' title='bbox 703 1692 939 1784; x_wconf 54' lang='lat' dir='ltr'><strong>CilflSlO&#39;</strong></span> <span class='ocrx_word' id='word_1_76' title='bbox 983 1724 1289 1791; x_wconf 89' lang='lat' dir='ltr'><strong>posuerunt</strong></span> <span class='ocrx_word' id='word_1_77' title='bbox 1339 1724 1514 1779; x_wconf 86' lang='lat' dir='ltr'><strong>spem,</strong></span> <span class='ocrx_word' id='word_1_78' title='bbox 1547 1707 1619 1760; x_wconf 85' lang='lat' dir='ltr'><strong>ob</strong></span> <span class='ocrx_word' id='word_1_79' title='bbox 1675 1701 1969 1772; x_wconf 82' lang='lat' dir='ltr'><strong>repositam</strong></span> <span class='ocrx_word' id='word_1_80' title='bbox 2012 1697 2068 1750; x_wconf 92' lang='lat' dir='ltr'><strong>in</strong></span> <span class='ocrx_word' id='word_1_81' title='bbox 2129 1692 2284 1748; x_wconf 66' lang='lat' dir='ltr'><strong>caelis</strong></span> 
     </span>
    </p>
   </div>
   <div class='ocr_carea' id='block_1_14' title="bbox 705 1781 2282 1892">
    <p class='ocr_par' dir='ltr' id='par_1_14' title="bbox 705 1781 2282 1892">
     <span class='ocr_line' id='line_1_14' title="bbox 705 1781 2282 1892; baseline -0.027 -16"><span class='ocrx_word' id='word_1_82' title='bbox 705 1821 960 1892; x_wconf 65' lang='lat' dir='ltr'><strong>gloriam.</strong></span> <span class='ocrx_word' id='word_1_83' title='bbox 993 1812 1137 1866; x_wconf 87' lang='lat' dir='ltr'><strong>Dicit</strong></span> <span class='ocrx_word' id='word_1_84' title='bbox 1163 1807 1310 1862; x_wconf 89' lang='lat' dir='ltr'><strong>enim</strong></span> <span class='ocrx_word' id='word_1_85' title='bbox 1343 1800 1607 1859; x_wconf 86' lang='lat' dir='ltr'><strong>Dominus</strong></span> <span class='ocrx_word' id='word_1_86' title='bbox 1643 1796 1695 1849; x_wconf 90' lang='lat' dir='ltr'><strong>in</strong></span> <span class='ocrx_word' id='word_1_87' title='bbox 1729 1789 2082 1860; x_wconf 80' lang='lat' dir='ltr'><strong>Evangeliis:</strong></span> <span class='ocrx_word' id='word_1_88' title='bbox 2121 1802 2140 1836; x_wconf 69' lang='grc' dir='ltr'>ς</span> <span class='ocrx_word' id='word_1_89' title='bbox 2180 1781 2282 1848; x_wconf 87' lang='lat' dir='ltr'><strong>Qui</strong></span> 
     </span>
    </p>
   </div>
   <div class='ocr_carea' id='block_1_15' title="bbox 1983 395 2605 467">
    <p class='ocr_par' dir='ltr' id='par_1_15' title="bbox 1983 395 2605 467">
     <span class='ocr_line' id='line_1_15' title="bbox 1983 395 2605 467; baseline -0.021 0"><span class='ocrx_word' id='word_1_90' title='bbox 1983 403 2268 467; x_wconf 79' lang='lat' dir='ltr'><strong>MENSIS</strong></span> <span class='ocrx_word' id='word_1_91' title='bbox 2310 395 2605 460; x_wconf 77' lang='lat' dir='ltr'><strong>IULIUS.</strong></span> 
     </span>
    </p>
   </div>
   <div class='ocr_carea' id='block_1_16' title="bbox 3844 375 3944 439">
    <p class='ocr_par' dir='ltr' id='par_1_16' title="bbox 3844 375 3944 439">
     <span class='ocr_line' id='line_1_16' title="bbox 3844 375 3944 439; baseline -0.06 1"><span class='ocrx_word' id='word_1_92' title='bbox 3844 375 3944 439; x_wconf 67' lang='lat'><strong>333</strong></span> 
     </span>
    </p>
   </div>
   <div class='ocr_carea' id='block_1_17' title="bbox 2378 494 3946 581">
    <p class='ocr_par' dir='ltr' id='par_1_17' title="bbox 2378 494 3946 581">
     <span class='ocr_line' id='line_1_17' title="bbox 2378 494 3946 581; baseline -0.015 -15"><span class='ocrx_word' id='word_1_93' title='bbox 2378 516 2672 581; x_wconf 77' lang='grc' dir='ltr'>ὑπέμεινεν</span> <span class='ocrx_word' id='word_1_94' title='bbox 2718 510 2859 573; x_wconf 74' lang='grc' dir='ltr'><strong>Ἰὼϐ,</strong></span> <span class='ocrx_word' id='word_1_95' title='bbox 2896 507 3028 562; x_wconf 86' lang='grc' dir='ltr'><strong>ἀλλά</strong></span> <span class='ocrx_word' id='word_1_96' title='bbox 3056 506 3151 558; x_wconf 77' lang='grc' dir='ltr'><strong>καὶ</strong></span> <span class='ocrx_word' id='word_1_97' title='bbox 3186 502 3243 556; x_wconf 76' lang='grc' dir='ltr'>τὸ</span> <span class='ocrx_word' id='word_1_98' title='bbox 3279 501 3428 563; x_wconf 81' lang='grc' dir='ltr'>τέλος</span> <span class='ocrx_word' id='word_1_99' title='bbox 3468 495 3672 568; x_wconf 67' lang='grc' dir='ltr'>Κυρίου</span> <span class='ocrx_word' id='word_1_100' title='bbox 3707 494 3946 562; x_wconf 65' lang='grc' dir='ltr'>[γνόντε-</span> 
     </span>
    </p>
   </div>
   <div class='ocr_carea' id='block_1_18' title="bbox 2380 589 3950 677">
    <p class='ocr_par' dir='ltr' id='par_1_18' title="bbox 2380 589 3950 677">
     <span class='ocr_line' id='line_1_18' title="bbox 2380 589 3950 677; baseline -0.015 -18"><span class='ocrx_word' id='word_1_101' title='bbox 2380 606 2662 677; x_wconf 81' lang='grc' dir='ltr'>μέμνησθε</span> <span class='ocrx_word' id='word_1_102' title='bbox 2719 605 2932 664; x_wconf 83' lang='grc' dir='ltr'>πάντως</span> <span class='ocrx_word' id='word_1_103' title='bbox 2984 601 3064 653; x_wconf 81' lang='grc' dir='ltr'><strong>ὅτι</strong></span> <span class='ocrx_word' id='word_1_104' title='bbox 3108 597 3364 663; x_wconf 76' lang='grc' dir='ltr'><strong>Ἰωάννης</strong></span> <span class='ocrx_word' id='word_1_105' title='bbox 3417 591 3517 661; x_wconf 84' lang='grc' dir='ltr'><strong>μὲν</strong></span> <span class='ocrx_word' id='word_1_106' title='bbox 3564 593 3590 643; x_wconf 83' lang='grc'>6</span> <span class='ocrx_word' id='word_1_107' title='bbox 3637 589 3950 654; x_wconf 74' lang='grc' dir='ltr'>Βαπτιστὴς</span> 
     </span>
    </p>
   </div>
   <div class='ocr_carea' id='block_1_19' title="bbox 2377 680 3952 766">
    <p class='ocr_par' dir='ltr' id='par_1_19' title="bbox 2377 680 3952 766">
     <span class='ocr_line' id='line_1_19' title="bbox 2377 680 3952 766; baseline -0.014 -15"><span class='ocrx_word' id='word_1_108' title='bbox 2377 696 2811 766; x_wconf 79' lang='grc' dir='ltr'>ἀπεκεφαλίσθη.</span> <span class='ocrx_word' id='word_1_109' title='bbox 2847 695 3116 761; x_wconf 83' lang='grc' dir='ltr'>Στέφανος</span> <span class='ocrx_word' id='word_1_110' title='bbox 3155 691 3211 743; x_wconf 76' lang='grc' dir='ltr'>δὲ</span> <span class='ocrx_word' id='word_1_111' title='bbox 3258 683 3633 754; x_wconf 76' lang='grc' dir='ltr'>ἑλιοοδολήοη,</span> <span class='ocrx_word' id='word_1_112' title='bbox 3667 683 3877 749; x_wconf 78' lang='grc' dir='ltr'>Πέτρος</span> <span class='ocrx_word' id='word_1_113' title='bbox 3924 680 3952 729; x_wconf 89' lang='grc' dir='ltr'>ὁ</span> 
     </span>
    </p>
   </div>
   <div class='ocr_carea' id='block_1_20' title="bbox 2377 774 3954 856">
    <p class='ocr_par' dir='ltr' id='par_1_20' title="bbox 2377 774 3954 856">
     <span class='ocr_line' id='line_1_20' title="bbox 2377 774 3954 856; baseline -0.015 -14"><span class='ocrx_word' id='word_1_114' title='bbox 2377 789 2678 849; x_wconf 72' lang='grc' dir='ltr'><strong>ἀπόστολος</strong></span> <span class='ocrx_word' id='word_1_115' title='bbox 2707 789 2763 841; x_wconf 78' lang='grc' dir='ltr'>ὲν</span> <span class='ocrx_word' id='word_1_116' title='bbox 2806 786 2997 856; x_wconf 82' lang='grc' dir='ltr'>Ῥώμῃ</span> <span class='ocrx_word' id='word_1_117' title='bbox 3030 780 3377 851; x_wconf 75' lang='grc' dir='ltr'>ἐσταυρώθη,</span> <span class='ocrx_word' id='word_1_118' title='bbox 3413 776 3624 836; x_wconf 78' lang='grc' dir='ltr'>Παῦλος</span> <span class='ocrx_word' id='word_1_119' title='bbox 3668 774 3954 834; x_wconf 77' lang='grc' dir='ltr'>ἀπεκεφα·</span> 
     </span>
    </p>
   </div>
   <div class='ocr_carea' id='block_1_21' title="bbox 2378 861 3958 956">
    <p class='ocr_par' dir='ltr' id='par_1_21' title="bbox 2378 861 3958 956">
     <span class='ocr_line' id='line_1_21' title="bbox 2378 861 3958 956; baseline -0.005 -24"><span class='ocrx_word' id='word_1_120' title='bbox 2378 881 2559 948; x_wconf 79' lang='grc' dir='ltr'>λίσοη,</span> <span class='ocrx_word' id='word_1_121' title='bbox 2590 880 2791 948; x_wconf 74' lang='grc' dir='ltr'>θωμᾶς</span> <span class='ocrx_word' id='word_1_122' title='bbox 2820 877 3088 956; x_wconf 31' lang='grc' dir='ltr'>ἑκεδντήοη</span> <span class='ocrx_word' id='word_1_123' title='bbox 3114 890 3126 904; x_wconf 79' lang='grc'><strong><em>⁸</em></strong></span> <span class='ocrx_word' id='word_1_124' title='bbox 3159 877 3272 925; x_wconf 86' lang='grc' dir='ltr'>ὅσοι</span> <span class='ocrx_word' id='word_1_125' title='bbox 3320 871 3376 924; x_wconf 80' lang='grc' dir='ltr'>δὲ</span> <span class='ocrx_word' id='word_1_126' title='bbox 3411 870 3557 935; x_wconf 74' lang='grc' dir='ltr'>ἅγιοι</span> <span class='ocrx_word' id='word_1_127' title='bbox 3607 869 3664 917; x_wconf 67' lang='grc' dir='ltr'>ἐν</span> <span class='ocrx_word' id='word_1_128' title='bbox 3694 867 3805 924; x_wconf 79' lang='grc' dir='ltr'>τοῖς</span> <span class='ocrx_word' id='word_1_129' title='bbox 3838 861 3958 930; x_wconf 68' lang='grc' dir='ltr'>χρό’</span> 
     </span>
    </p>
   </div>
   <div class='ocr_carea' id='block_1_22' title="bbox 2381 951 3958 1036">
    <p class='ocr_par' dir='ltr' id='par_1_22' title="bbox 2381 951 3958 1036">
     <span class='ocr_line' id='line_1_22' title="bbox 2381 951 3958 1036; baseline -0.015 -13"><span class='ocrx_word' id='word_1_130' title='bbox 2381 985 2492 1031; x_wconf 83' lang='grc' dir='ltr'>νοις</span> <span class='ocrx_word' id='word_1_131' title='bbox 2552 966 2902 1036; x_wconf 78' lang='grc' dir='ltr'>Μαξιμιανοῦ</span> <span class='ocrx_word' id='word_1_132' title='bbox 2953 965 3047 1017; x_wconf 83' lang='grc' dir='ltr'><strong>τοῦ</strong></span> <span class='ocrx_word' id='word_1_133' title='bbox 3109 961 3394 1033; x_wconf 81' lang='grc' dir='ltr'>βασιλέως,</span> <span class='ocrx_word' id='word_1_134' title='bbox 3443 961 3537 1011; x_wconf 82' lang='grc' dir='ltr'><strong>καί</strong></span> <span class='ocrx_word' id='word_1_135' title='bbox 3590 954 3810 1014; x_wconf 77' lang='grc' dir='ltr'>Δεκεου,</span> <span class='ocrx_word' id='word_1_136' title='bbox 3865 951 3958 1001; x_wconf 83' lang='grc' dir='ltr'>καὶ</span> 
     </span>
    </p>
   </div>
   <div class='ocr_carea' id='block_1_23' title="bbox 2397 1045 3960 1130">
    <p class='ocr_par' dir='ltr' id='par_1_23' title="bbox 2397 1045 3960 1130">
     <span class='ocr_line' id='line_1_23' title="bbox 2397 1045 3960 1130; baseline -0.013 -17"><span class='ocrx_word' id='word_1_137' title='bbox 2397 1061 2677 1130; x_wconf 76' lang='grc' dir='ltr'><strong>Ἀδριανοῦ</strong></span> <span class='ocrx_word' id='word_1_138' title='bbox 2725 1059 2956 1112; x_wconf 75' lang='grc' dir='ltr'>καὶτῶν</span> <span class='ocrx_word' id='word_1_139' title='bbox 2993 1058 3167 1110; x_wconf 76' lang='grc' dir='ltr'>ἄλλων</span> <span class='ocrx_word' id='word_1_140' title='bbox 3213 1053 3424 1108; x_wconf 80' lang='grc' dir='ltr'>ἀσεϐῶν</span> <span class='ocrx_word' id='word_1_141' title='bbox 3458 1050 3744 1118; x_wconf 78' lang='grc' dir='ltr'>βασιλέων,</span> <span class='ocrx_word' id='word_1_142' title='bbox 3794 1045 3960 1112; x_wconf 74' lang='grc' dir='ltr'>ἐμαρ·</span> 
     </span>
    </p>
   </div>
   <div class='ocr_carea' id='block_1_24' title="bbox 2383 1136 3960 1224">
    <p class='ocr_par' dir='ltr' id='par_1_24' title="bbox 2383 1136 3960 1224">
     <span class='ocr_line' id='line_1_24' title="bbox 2383 1136 3960 1224; baseline -0.012 -20"><span class='ocrx_word' id='word_1_143' title='bbox 2383 1151 2648 1224; x_wconf 73' lang='grc' dir='ltr'>τύρησαν,</span> <span class='ocrx_word' id='word_1_144' title='bbox 2684 1151 2944 1214; x_wconf 80' lang='grc' dir='ltr'>ὲπιδόξως</span> <span class='ocrx_word' id='word_1_145' title='bbox 2995 1151 3088 1203; x_wconf 74' lang='grc' dir='ltr'>καὶ</span> <span class='ocrx_word' id='word_1_146' title='bbox 3143 1151 3269 1210; x_wconf 76' lang='grc' dir='ltr'>τοὺς</span> <span class='ocrx_word' id='word_1_147' title='bbox 3318 1145 3617 1213; x_wconf 70' lang='grc' dir='ltr'><strong>στεφάνους</strong></span> <span class='ocrx_word' id='word_1_148' title='bbox 3660 1136 3960 1196; x_wconf 76' lang='grc' dir='ltr'>ἀπέλαϐον,</span> 
     </span>
    </p>
   </div>
   <div class='ocr_carea' id='block_1_25' title="bbox 2385 1231 3964 1313">
    <p class='ocr_par' dir='ltr' id='par_1_25' title="bbox 2385 1231 3964 1313">
     <span class='ocr_line' id='line_1_25' title="bbox 2385 1231 3964 1313; baseline -0.011 -15"><span class='ocrx_word' id='word_1_149' title='bbox 2385 1248 2477 1299; x_wconf 66' lang='grc' dir='ltr'><strong>καὶ</strong></span> <span class='ocrx_word' id='word_1_150' title='bbox 2512 1246 2908 1313; x_wconf 74' lang='grc' dir='ltr'>μακαρίζονται</span> <span class='ocrx_word' id='word_1_151' title='bbox 2938 1241 3088 1312; x_wconf 74' lang='grc' dir='ltr'><strong>παρά</strong></span> <span class='ocrx_word' id='word_1_152' title='bbox 3119 1241 3358 1303; x_wconf 81' lang='grc' dir='ltr'>πάντων,</span> <span class='ocrx_word' id='word_1_153' title='bbox 3392 1239 3484 1290; x_wconf 72' lang='grc' dir='ltr'><strong>καὶ</strong></span> <span class='ocrx_word' id='word_1_154' title='bbox 3509 1235 3712 1302; x_wconf 73' lang='grc' dir='ltr'>ἔγνωτε</span> <span class='ocrx_word' id='word_1_155' title='bbox 3744 1231 3964 1290; x_wconf 76' lang='grc' dir='ltr'>πάντως</span> 
     </span>
    </p>
   </div>
   <div class='ocr_carea' id='block_1_26' title="bbox 2387 1336 2761 1390">
    <p class='ocr_par' dir='ltr' id='par_1_26' title="bbox 2387 1336 2761 1390">
     <span class='ocr_line' id='line_1_26' title="bbox 2387 1336 2761 1390; baseline 0 0"><span class='ocrx_word' id='word_1_156' title='bbox 2387 1339 2480 1390; x_wconf 78' lang='grc' dir='ltr'><strong>καὶ</strong></span> <span class='ocrx_word' id='word_1_157' title='bbox 2511 1336 2761 1390; x_wconf 81' lang='grc' dir='ltr'>ἀκούετε.</span> 
     </span>
    </p>
   </div>
   <div class='ocr_carea' id='block_1_27' title="bbox 2459 1416 3964 1496">
    <p class='ocr_par' dir='ltr' id='par_1_27' title="bbox 2459 1416 3964 1496">
     <span class='ocr_line' id='line_1_27' title="bbox 2459 1416 3964 1496; baseline -0.011 -14"><span class='ocrx_word' id='word_1_158' title='bbox 2459 1429 2535 1482; x_wconf 80' lang='lat'><strong>9’.</strong></span> <span class='ocrx_word' id='word_1_159' title='bbox 2577 1430 2684 1480; x_wconf 73' lang='grc' dir='ltr'><strong>Καὶ</strong></span> <span class='ocrx_word' id='word_1_160' title='bbox 2732 1428 2784 1480; x_wconf 81' lang='grc' dir='ltr'>τι</span> <span class='ocrx_word' id='word_1_161' title='bbox 2833 1426 2915 1480; x_wconf 87' lang='grc' dir='ltr'><strong>δεῖ</strong></span> <span class='ocrx_word' id='word_1_162' title='bbox 2947 1425 3075 1496; x_wconf 71' lang='grc' dir='ltr'>περὶ</span> <span class='ocrx_word' id='word_1_163' title='bbox 3110 1424 3319 1496; x_wconf 80' lang='grc' dir='ltr'>ἀνδρῶν</span> <span class='ocrx_word' id='word_1_164' title='bbox 3362 1422 3714 1493; x_wconf 83' lang='grc' dir='ltr'>ἀολησάντων</span> <span class='ocrx_word' id='word_1_165' title='bbox 3745 1416 3964 1481; x_wconf 78' lang='grc' dir='ltr'>λέγειν;</span> 
     </span>
    </p>
   </div>
   <div class='ocr_carea' id='block_1_28' title="bbox 2390 1504 3968 1585">
    <p class='ocr_par' dir='ltr' id='par_1_28' title="bbox 2390 1504 3968 1585">
     <span class='ocr_line' id='line_1_28' title="bbox 2390 1504 3968 1585; baseline -0.012 -11"><span class='ocrx_word' id='word_1_166' title='bbox 2390 1514 2564 1573; x_wconf 83' lang='grc' dir='ltr'>Ὅπου</span> <span class='ocrx_word' id='word_1_167' title='bbox 2590 1535 2652 1585; x_wconf 86' lang='grc' dir='ltr'><strong>γε</strong></span> <span class='ocrx_word' id='word_1_168' title='bbox 2673 1520 2769 1570; x_wconf 69' lang='grc' dir='ltr'><strong>καὶ</strong></span> <span class='ocrx_word' id='word_1_169' title='bbox 2785 1521 3039 1585; x_wconf 81' lang='grc' dir='ltr'>γυναῖκες</span> <span class='ocrx_word' id='word_1_170' title='bbox 3065 1516 3336 1575; x_wconf 81' lang='grc' dir='ltr'>Θεοσεόεἶς</span> <span class='ocrx_word' id='word_1_171' title='bbox 3365 1515 3457 1566; x_wconf 76' lang='grc' dir='ltr'><strong>καὶ</strong></span> <span class='ocrx_word' id='word_1_172' title='bbox 3473 1511 3742 1581; x_wconf 85' lang='grc' dir='ltr'>ἀνδρεῖαι,</span> <span class='ocrx_word' id='word_1_173' title='bbox 3762 1504 3968 1560; x_wconf 71' lang='grc' dir='ltr'>ἀποϐέ-</span> 
     </span>
    </p>
   </div>
   <div class='ocr_carea' id='block_1_29' title="bbox 2393 1603 3969 1678">
    <p class='ocr_par' dir='ltr' id='par_1_29' title="bbox 2393 1603 3969 1678">
     <span class='ocr_line' id='line_1_29' title="bbox 2393 1603 3969 1678; baseline -0.01 -16"><span class='ocrx_word' id='word_1_174' title='bbox 2393 1627 2553 1678; x_wconf 83' lang='grc' dir='ltr'>μεναι</span> <span class='ocrx_word' id='word_1_175' title='bbox 2582 1611 2640 1662; x_wconf 83' lang='grc' dir='ltr'><strong>τὸ</strong></span> <span class='ocrx_word' id='word_1_176' title='bbox 2671 1611 2770 1676; x_wconf 73' lang='grc' dir='ltr'><strong>τῆς</strong></span> <span class='ocrx_word' id='word_1_177' title='bbox 2801 1609 3016 1677; x_wconf 71' lang='grc' dir='ltr'><strong>φύσεως</strong></span> <span class='ocrx_word' id='word_1_178' title='bbox 3047 1608 3234 1659; x_wconf 80' lang='grc' dir='ltr'>ἄτονον</span> <span class='ocrx_word' id='word_1_179' title='bbox 3267 1606 3362 1658; x_wconf 70' lang='grc' dir='ltr'>καὶ</span> <span class='ocrx_word' id='word_1_180' title='bbox 3397 1603 3641 1664; x_wconf 72' lang='grc' dir='ltr'>ἀσθενὲς,</span> <span class='ocrx_word' id='word_1_181' title='bbox 3673 1603 3969 1668; x_wconf 72' lang='grc' dir='ltr'>ὲνὶσχυσαν</span> 
     </span>
    </p>
   </div>
   <div class='ocr_carea' id='block_1_30' title="bbox 2390 1688 3970 1772">
    <p class='ocr_par' dir='ltr' id='par_1_30' title="bbox 2390 1688 3970 1772">
     <span class='ocr_line' id='line_1_30' title="bbox 2390 1688 3970 1772; baseline -0.011 -18"><span class='ocrx_word' id='word_1_182' title='bbox 2390 1702 2488 1772; x_wconf 74' lang='grc' dir='ltr'>τὴν</span> <span class='ocrx_word' id='word_1_183' title='bbox 2514 1702 2595 1764; x_wconf 79' lang='grc' dir='ltr'><strong>εἰς</strong></span> <span class='ocrx_word' id='word_1_184' title='bbox 2631 1701 2865 1771; x_wconf 80' lang='grc' dir='ltr'>Χριστὸν</span> <span class='ocrx_word' id='word_1_185' title='bbox 2899 1699 3090 1752; x_wconf 78' lang='grc' dir='ltr'><strong>ἐλπίδα</strong></span> <span class='ocrx_word' id='word_1_186' title='bbox 3146 1698 3233 1750; x_wconf 83' lang='grc' dir='ltr'>διὰ</span> <span class='ocrx_word' id='word_1_187' title='bbox 3263 1698 3361 1766; x_wconf 80' lang='grc' dir='ltr'>τὴν</span> <span class='ocrx_word' id='word_1_188' title='bbox 3391 1694 3764 1762; x_wconf 78' lang='grc' dir='ltr'><strong>ἀποκειμένην</strong></span> <span class='ocrx_word' id='word_1_189' title='bbox 3797 1692 3854 1741; x_wconf 79' lang='grc' dir='ltr'>ἐν</span> <span class='ocrx_word' id='word_1_190' title='bbox 3879 1688 3970 1739; x_wconf 75' lang='grc' dir='ltr'><strong>οὒ-</strong></span> 
     </span>
    </p>
   </div>
   <div class='ocr_carea' id='block_1_31' title="bbox 2397 1784 3973 1865">
    <p class='ocr_par' dir='ltr' id='par_1_31' title="bbox 2397 1784 3973 1865">
     <span class='ocr_line' id='line_1_31' title="bbox 2397 1784 3973 1865; baseline -0.01 -18"><span class='ocrx_word' id='word_1_191' title='bbox 2397 1799 2576 1863; x_wconf 74' lang='grc' dir='ltr'>ρανοῖς</span> <span class='ocrx_word' id='word_1_192' title='bbox 2611 1794 2790 1858; x_wconf 76' lang='grc' dir='ltr'>δόξαν.</span> <span class='ocrx_word' id='word_1_193' title='bbox 2833 1794 2893 1846; x_wconf 88' lang='lat'><strong>&#39;0</strong></span> <span class='ocrx_word' id='word_1_194' title='bbox 2921 1794 3028 1865; x_wconf 74' lang='grc' dir='ltr'>γὰρ</span> <span class='ocrx_word' id='word_1_195' title='bbox 3057 1792 3258 1862; x_wconf 81' lang='grc' dir='ltr'>Κύριος</span> <span class='ocrx_word' id='word_1_196' title='bbox 3295 1788 3448 1843; x_wconf 73' lang='grc' dir='ltr'>εἶπεν</span> <span class='ocrx_word' id='word_1_197' title='bbox 3482 1792 3540 1840; x_wconf 75' lang='grc' dir='ltr'>ἐν</span> <span class='ocrx_word' id='word_1_198' title='bbox 3579 1788 3693 1848; x_wconf 77' lang='grc' dir='ltr'>τοῖς</span> <span class='ocrx_word' id='word_1_199' title='bbox 3727 1784 3973 1849; x_wconf 75' lang='grc' dir='ltr'>Εὐαγγιο</span> 
     </span>
    </p>
   </div>
   <div class='ocr_carea' id='block_1_32' title="bbox 705 1873 2300 1968">
    <p class='ocr_par' dir='ltr' id='par_1_32' title="bbox 705 1873 2288 1968">
     <span class='ocr_line' id='line_1_32' title="bbox 705 1873 2288 1968; baseline -0.028 0"><span class='ocrx_word' id='word_1_200' title='bbox 705 1873 794 1968; x_wconf 59' lang='grc' dir='ltr'>ἷιιε</span> <span class='ocrx_word' id='word_1_201' title='bbox 823 1904 1178 1964; x_wconf 73' lang='lat' dir='ltr'><strong>conﬁtebitur</strong></span> <span class='ocrx_word' id='word_1_202' title='bbox 1245 1910 1430 1951; x_wconf 91' lang='lat' dir='ltr'><strong>coram</strong></span> <span class='ocrx_word' id='word_1_203' title='bbox 1485 1886 1826 1945; x_wconf 88' lang='lat' dir='ltr'><strong>hominibus,</strong></span> <span class='ocrx_word' id='word_1_204' title='bbox 1875 1877 2181 1935; x_wconf 80' lang='lat' dir='ltr'><strong>conﬁtebor</strong></span> <span class='ocrx_word' id='word_1_205' title='bbox 2231 1883 2288 1926; x_wconf 91' lang='lat' dir='ltr'><strong>et</strong></span> 
     </span>
    </p>
   </div>
   <div class='ocr_carea' id='block_1_33' title="bbox 2403 1873 3973 1968">
    <p class='ocr_par' dir='ltr' id='par_1_33' title="bbox 2403 1873 3973 1954">
     <span class='ocr_line' id='line_1_33' title="bbox 2403 1873 3973 1954; baseline -0.004 -16"><span class='ocrx_word' id='word_1_206' title='bbox 2403 1888 2544 1948; x_wconf 71' lang='grc' dir='ltr'>ιίοις·</span> <span class='ocrx_word' id='word_1_207' title='bbox 2572 1888 2703 1948; x_wconf 76' lang='grc' dir='ltr'><strong>«Ὃς</strong></span> <span class='ocrx_word' id='word_1_208' title='bbox 2735 1885 2800 1938; x_wconf 81' lang='grc' dir='ltr'><strong>ἂν</strong></span> <span class='ocrx_word' id='word_1_209' title='bbox 2825 1885 3141 1954; x_wconf 66' lang='grc' dir='ltr'>ὁμολογήσῃ</span> <span class='ocrx_word' id='word_1_210' title='bbox 3175 1901 3243 1951; x_wconf 79' lang='grc' dir='ltr'>με</span> <span class='ocrx_word' id='word_1_211' title='bbox 3293 1879 3603 1952; x_wconf 79' lang='grc' dir='ltr'>ἔμπροσθεν</span> <span class='ocrx_word' id='word_1_212' title='bbox 3633 1873 3973 1945; x_wconf 66' lang='grc' dir='ltr'>ἀνθρώπων.</span> 
     </span>
    </p>
   </div>
   <div class='ocr_carea' id='block_1_34' title="bbox 710 1964 2300 2072">
    <p class='ocr_par' dir='ltr' id='par_1_34' title="bbox 710 1964 2289 2072">
     <span class='ocr_line' id='line_1_34' title="bbox 710 1964 2289 2072; baseline -0.027 -13"><span class='ocrx_word' id='word_1_213' title='bbox 710 2020 812 2072; x_wconf 77' lang='lat' dir='ltr'><strong>ego</strong></span> <span class='ocrx_word' id='word_1_214' title='bbox 843 2016 966 2055; x_wconf 90' lang='lat' dir='ltr'><strong>eum</strong></span> <span class='ocrx_word' id='word_1_215' title='bbox 991 2010 1174 2052; x_wconf 89' lang='lat' dir='ltr'><strong>coram</strong></span> <span class='ocrx_word' id='word_1_216' title='bbox 1197 1992 1362 2046; x_wconf 88' lang='lat' dir='ltr'><strong>Patre</strong></span> <span class='ocrx_word' id='word_1_217' title='bbox 1393 1998 1540 2047; x_wconf 90' lang='lat' dir='ltr'><strong>meo,</strong></span> <span class='ocrx_word' id='word_1_218' title='bbox 1569 1980 1740 2050; x_wconf 91' lang='lat' dir='ltr'><strong>quiin</strong></span> <span class='ocrx_word' id='word_1_219' title='bbox 1769 1974 1926 2029; x_wconf 63' lang='lat' dir='ltr'><strong>caelis</strong></span> <span class='ocrx_word' id='word_1_220' title='bbox 1956 1979 2076 2024; x_wconf 86' lang='lat' dir='ltr'><strong>est:</strong></span> <span class='ocrx_word' id='word_1_221' title='bbox 2109 1975 2164 2022; x_wconf 90' lang='lat' dir='ltr'><strong>et</strong></span> <span class='ocrx_word' id='word_1_222' title='bbox 2193 1964 2289 2034; x_wconf 88' lang='lat' dir='ltr'><strong>qui</strong></span> 
     </span>
    </p>
   </div>
   <div class='ocr_carea' id='block_1_35' title="bbox 2403 1964 3976 2072">
    <p class='ocr_par' dir='ltr' id='par_1_35' title="bbox 2403 1968 3976 2049">
     <span class='ocr_line' id='line_1_35' title="bbox 2403 1968 3976 2049; baseline -0.011 -17"><span class='ocrx_word' id='word_1_223' title='bbox 2403 1979 2716 2049; x_wconf 69' lang='grc' dir='ltr'>ὃμολογήσω</span> <span class='ocrx_word' id='word_1_224' title='bbox 2761 1979 2925 2031; x_wconf 76' lang='grc' dir='ltr'>αὑτὸν</span> <span class='ocrx_word' id='word_1_225' title='bbox 2969 1977 3124 2045; x_wconf 84' lang='grc' dir='ltr'>κάγὼ</span> <span class='ocrx_word' id='word_1_226' title='bbox 3156 1976 3464 2045; x_wconf 69' lang='grc' dir='ltr'>ὲμπροσῡεν</span> <span class='ocrx_word' id='word_1_227' title='bbox 3499 1972 3591 2026; x_wconf 83' lang='grc' dir='ltr'>τοῦ</span> <span class='ocrx_word' id='word_1_228' title='bbox 3623 1968 3842 2039; x_wconf 73' lang='grc' dir='ltr'>Πατρός</span> <span class='ocrx_word' id='word_1_229' title='bbox 3871 1981 3976 2035; x_wconf 80' lang='grc' dir='ltr'>μου</span> 
     </span>
    </p>
   </div>
   <div class='ocr_carea' id='block_1_36' title="bbox 710 2059 2300 2167">
    <p class='ocr_par' dir='ltr' id='par_1_36' title="bbox 710 2059 2291 2167">
     <span class='ocr_line' id='line_1_36' title="bbox 710 2059 2291 2167; baseline -0.025 -16"><span class='ocrx_word' id='word_1_230' title='bbox 710 2092 999 2167; x_wconf 76' lang='lat' dir='ltr'><strong>negaverit</strong></span> <span class='ocrx_word' id='word_1_231' title='bbox 1043 2102 1128 2142; x_wconf 90' lang='lat' dir='ltr'><strong>me</strong></span> <span class='ocrx_word' id='word_1_232' title='bbox 1160 2097 1344 2140; x_wconf 88' lang='lat' dir='ltr'><strong>coram</strong></span> <span class='ocrx_word' id='word_1_233' title='bbox 1375 2075 1722 2136; x_wconf 85' lang='lat' dir='ltr'><strong>hominibus,</strong></span> <span class='ocrx_word' id='word_1_234' title='bbox 1745 2066 2038 2138; x_wconf 83' lang='lat' dir='ltr'><strong>negabitur</strong></span> <span class='ocrx_word' id='word_1_235' title='bbox 2067 2069 2123 2115; x_wconf 87' lang='lat' dir='ltr'><strong>et</strong></span> <span class='ocrx_word' id='word_1_236' title='bbox 2174 2059 2291 2129; x_wconf 85' lang='lat' dir='ltr'><strong>ipse</strong></span> 
     </span>
    </p>
   </div>
   <div class='ocr_carea' id='block_1_37' title="bbox 2403 2059 3975 2167">
    <p class='ocr_par' dir='ltr' id='par_1_37' title="bbox 2403 2061 3975 2142">
     <span class='ocr_line' id='line_1_37' title="bbox 2403 2061 3975 2142; baseline -0.01 -17"><span class='ocrx_word' id='word_1_237' title='bbox 2403 2073 2487 2125; x_wconf 72' lang='grc' dir='ltr'>τοῦ</span> <span class='ocrx_word' id='word_1_238' title='bbox 2515 2074 2572 2124; x_wconf 83' lang='grc' dir='ltr'>ὲν</span> <span class='ocrx_word' id='word_1_239' title='bbox 2599 2073 2849 2142; x_wconf 73' lang='grc' dir='ltr'>οὐρανοῖς</span> <span class='ocrx_word' id='word_1_240' title='bbox 2870 2087 2882 2100; x_wconf 75' lang='grc' dir='ltr'><strong>ο</strong></span> <span class='ocrx_word' id='word_1_241' title='bbox 2917 2074 3011 2124; x_wconf 69' lang='grc' dir='ltr'>καὶ</span> <span class='ocrx_word' id='word_1_242' title='bbox 3056 2070 3114 2132; x_wconf 85' lang='grc' dir='ltr'><strong>ὃς</strong></span> <span class='ocrx_word' id='word_1_243' title='bbox 3147 2070 3211 2122; x_wconf 80' lang='grc' dir='ltr'><strong>ἀν</strong></span> <span class='ocrx_word' id='word_1_244' title='bbox 3237 2065 3621 2137; x_wconf 82' lang='grc' dir='ltr'>ἀπαρνήσηται</span> <span class='ocrx_word' id='word_1_245' title='bbox 3662 2079 3731 2131; x_wconf 83' lang='grc' dir='ltr'>με</span> <span class='ocrx_word' id='word_1_246' title='bbox 3766 2061 3975 2127; x_wconf 71' lang='grc' dir='ltr'>ἔμπρόο</span> 
     </span>
    </p>
   </div>
   <div class='ocr_carea' id='block_1_38' title="bbox 711 2162 2292 2250">
    <p class='ocr_par' dir='ltr' id='par_1_38' title="bbox 711 2162 2292 2250">
     <span class='ocr_line' id='line_1_38' title="bbox 711 2162 2292 2250; baseline -0.024 -8"><span class='ocrx_word' id='word_1_247' title='bbox 711 2162 897 2243; x_wconf 71' lang='lat' dir='ltr'><strong>coram</strong></span> <span class='ocrx_word' id='word_1_248' title='bbox 932 2179 1140 2250; x_wconf 82' lang='lat' dir='ltr'><strong>angelis</strong></span> <span class='ocrx_word' id='word_1_249' title='bbox 1165 2174 1260 2230; x_wconf 88' lang='lat' dir='ltr'><strong>Dei</strong></span> <span class='ocrx_word' id='word_1_250' title='bbox 1283 2173 1324 2226; x_wconf 68' lang='grc'>⁸.</span> <span class='ocrx_word' id='word_1_251' title='bbox 1373 2190 1391 2223; x_wconf 73' lang='grc' dir='ltr'><strong>ι</strong></span> <span class='ocrx_word' id='word_1_252' title='bbox 1429 2170 1618 2237; x_wconf 82' lang='lat' dir='ltr'><strong>Itaque</strong></span> <span class='ocrx_word' id='word_1_253' title='bbox 1657 2164 1701 2219; x_wconf 88' lang='lat' dir='ltr'><strong>si</strong></span> <span class='ocrx_word' id='word_1_254' title='bbox 1752 2162 2033 2219; x_wconf 86' lang='lat' dir='ltr'><strong>mulieres,</strong></span> <span class='ocrx_word' id='word_1_255' title='bbox 2060 2165 2292 2225; x_wconf 90' lang='lat' dir='ltr'><strong>quarum</strong></span> 
     </span>
    </p>
   </div>
   <div class='ocr_carea' id='block_1_39' title="bbox 710 2253 2295 2333">
    <p class='ocr_par' dir='ltr' id='par_1_39' title="bbox 710 2253 2295 2333">
     <span class='ocr_line' id='line_1_39' title="bbox 710 2253 2295 2333; baseline -0.024 0"><span class='ocrx_word' id='word_1_256' title='bbox 710 2290 908 2333; x_wconf 84' lang='lat' dir='ltr'><strong>natura</strong></span> <span class='ocrx_word' id='word_1_257' title='bbox 947 2272 1162 2325; x_wconf 81' lang='lat' dir='ltr'><strong>inﬁrma</strong></span> <span class='ocrx_word' id='word_1_258' title='bbox 1195 2275 1301 2328; x_wconf 88' lang='lat' dir='ltr'><strong>est,</strong></span> <span class='ocrx_word' id='word_1_259' title='bbox 1348 2262 1582 2316; x_wconf 85' lang='lat' dir='ltr'><strong>viriliter</strong></span> <span class='ocrx_word' id='word_1_260' title='bbox 1647 2256 2023 2314; x_wconf 90' lang='lat' dir='ltr'><strong>decertarunt,</strong></span> <span class='ocrx_word' id='word_1_261' title='bbox 2087 2253 2295 2316; x_wconf 88' lang='lat' dir='ltr'><strong>quanto</strong></span> 
     </span>
    </p>
   </div>
   <div class='ocr_carea' id='block_1_40' title="bbox 712 2335 2296 2436">
    <p class='ocr_par' dir='ltr' id='par_1_40' title="bbox 712 2335 2296 2436">
     <span class='ocr_line' id='line_1_40' title="bbox 712 2335 2296 2436; baseline -0.024 -12"><span class='ocrx_word' id='word_1_262' title='bbox 712 2368 885 2436; x_wconf 76' lang='lat' dir='ltr'><strong>magis</strong></span> <span class='ocrx_word' id='word_1_263' title='bbox 919 2379 1017 2419; x_wconf 90' lang='lat' dir='ltr'><strong>nos</strong></span> <span class='ocrx_word' id='word_1_264' title='bbox 1043 2362 1180 2417; x_wconf 85' lang='lat' dir='ltr'><strong>tales</strong></span> <span class='ocrx_word' id='word_1_265' title='bbox 1232 2372 1296 2411; x_wconf 91' lang='lat' dir='ltr'><strong>ae</strong></span> <span class='ocrx_word' id='word_1_266' title='bbox 1355 2362 1536 2409; x_wconf 88' lang='lat' dir='ltr'><strong>tantos</strong></span> <span class='ocrx_word' id='word_1_267' title='bbox 1589 2363 1690 2419; x_wconf 91' lang='lat' dir='ltr'><strong>pro</strong></span> <span class='ocrx_word' id='word_1_268' title='bbox 1750 2344 1977 2399; x_wconf 81' lang='lat' dir='ltr'><strong>Christo</strong></span> <span class='ocrx_word' id='word_1_269' title='bbox 2029 2335 2296 2406; x_wconf 83' lang='lat' dir='ltr'><strong>martyrio</strong></span> 
     </span>
    </p>
   </div>
   <div class='ocr_carea' id='block_1_41' title="bbox 713 2429 2294 2532">
    <p class='ocr_par' dir='ltr' id='par_1_41' title="bbox 713 2429 2294 2532">
     <span class='ocr_line' id='line_1_41' title="bbox 713 2429 2294 2532; baseline -0.022 -17"><span class='ocrx_word' id='word_1_270' title='bbox 713 2429 970 2532; x_wconf 59' lang='lat' dir='ltr'><strong>periungi</strong></span> <span class='ocrx_word' id='word_1_271' title='bbox 1029 2450 1286 2523; x_wconf 87' lang='lat' dir='ltr'><strong>oportet?</strong></span> <span class='ocrx_word' id='word_1_272' title='bbox 1338 2444 1588 2501; x_wconf 82' lang='lat' dir='ltr'><strong>Audistis</strong></span> <span class='ocrx_word' id='word_1_273' title='bbox 1637 2440 1705 2494; x_wconf 91' lang='lat' dir='ltr'><strong>de</strong></span> <span class='ocrx_word' id='word_1_274' title='bbox 1747 2448 1937 2491; x_wconf 88' lang='lat' dir='ltr'><strong>sancta</strong></span> <span class='ocrx_word' id='word_1_275' title='bbox 1969 2429 2294 2500; x_wconf 85' lang='lat' dir='ltr'><strong>Euphemia,</strong></span> 
     </span>
    </p>
   </div>
   <div class='ocr_carea' id='block_1_42' title="bbox 715 2520 2296 2619">
    <p class='ocr_par' dir='ltr' id='par_1_42' title="bbox 715 2520 2296 2619">
     <span class='ocr_line' id='line_1_42' title="bbox 715 2520 2296 2619; baseline -0.025 -10"><span class='ocrx_word' id='word_1_276' title='bbox 715 2520 1026 2619; x_wconf 58' lang='lat' dir='ltr'><strong>Capitolina</strong></span> <span class='ocrx_word' id='word_1_277' title='bbox 1057 2520 1353 2601; x_wconf 81' lang='lat' dir='ltr'><strong>etJulitta,</strong></span> <span class='ocrx_word' id='word_1_278' title='bbox 1396 2536 1629 2604; x_wconf 88' lang='lat' dir='ltr'><strong>aliisque</strong></span> <span class='ocrx_word' id='word_1_279' title='bbox 1682 2528 1892 2584; x_wconf 85' lang='lat' dir='ltr'><strong>sanctis</strong></span> <span class='ocrx_word' id='word_1_280' title='bbox 1945 2520 2296 2584; x_wconf 88' lang='lat' dir='ltr'><strong>mulieribus,</strong></span> 
     </span>
    </p>
   </div>
   <div class='ocr_carea' id='block_1_43' title="bbox 716 2615 2298 2711">
    <p class='ocr_par' dir='ltr' id='par_1_43' title="bbox 716 2615 2298 2711">
     <span class='ocr_line' id='line_1_43' title="bbox 716 2615 2298 2711; baseline -0.021 -15"><span class='ocrx_word' id='word_1_281' title='bbox 716 2655 947 2711; x_wconf 88' lang='lat' dir='ltr'><strong>quarum</strong></span> <span class='ocrx_word' id='word_1_282' title='bbox 972 2636 1191 2690; x_wconf 86' lang='lat' dir='ltr'><strong>nomina</strong></span> <span class='ocrx_word' id='word_1_283' title='bbox 1237 2631 1441 2698; x_wconf 87' lang='lat' dir='ltr'><strong>scripta</strong></span> <span class='ocrx_word' id='word_1_284' title='bbox 1486 2633 1615 2680; x_wconf 90' lang='lat' dir='ltr'><strong>sunt</strong></span> <span class='ocrx_word' id='word_1_285' title='bbox 1676 2623 1732 2677; x_wconf 89' lang='lat' dir='ltr'><strong>in</strong></span> <span class='ocrx_word' id='word_1_286' title='bbox 1788 2619 1946 2674; x_wconf 88' lang='lat' dir='ltr'><strong>libris</strong></span> <span class='ocrx_word' id='word_1_287' title='bbox 2005 2615 2298 2674; x_wconf 68' lang='lat' dir='ltr'><strong>caelorum,</strong></span> 
     </span>
    </p>
   </div>
   <div class='ocr_carea' id='block_1_44' title="bbox 717 2705 2297 2803">
    <p class='ocr_par' dir='ltr' id='par_1_44' title="bbox 717 2705 2297 2803">
     <span class='ocr_line' id='line_1_44' title="bbox 717 2705 2297 2803; baseline -0.022 -15"><span class='ocrx_word' id='word_1_288' title='bbox 717 2705 884 2803; x_wconf 76' lang='lat' dir='ltr'><strong>quam</strong></span> <span class='ocrx_word' id='word_1_289' title='bbox 925 2740 1147 2782; x_wconf 91' lang='lat' dir='ltr'><strong>strenue</strong></span> <span class='ocrx_word' id='word_1_290' title='bbox 1182 2720 1523 2783; x_wconf 88' lang='lat' dir='ltr'><strong>dimicarint,</strong></span> <span class='ocrx_word' id='word_1_291' title='bbox 1551 2725 1604 2771; x_wconf 91' lang='lat' dir='ltr'><strong>et</strong></span> <span class='ocrx_word' id='word_1_292' title='bbox 1629 2714 1910 2769; x_wconf 88' lang='lat' dir='ltr'><strong>diabolum</strong></span> <span class='ocrx_word' id='word_1_293' title='bbox 1943 2705 2297 2763; x_wconf 87' lang='lat' dir='ltr'><strong>debellariut.</strong></span> 
     </span>
    </p>
   </div>
   <div class='ocr_carea' id='block_1_45' title="bbox 720 2800 2303 2893">
    <p class='ocr_par' dir='ltr' id='par_1_45' title="bbox 720 2800 2303 2893">
     <span class='ocr_line' id='line_1_45' title="bbox 720 2800 2303 2893; baseline -0.023 -13"><span class='ocrx_word' id='word_1_294' title='bbox 720 2827 763 2880; x_wconf 86' lang='grc' dir='ltr'>Ε</span> <span class='ocrx_word' id='word_1_295' title='bbox 800 2823 1002 2893; x_wconf 85' lang='lat' dir='ltr'><strong>quibus</strong></span> <span class='ocrx_word' id='word_1_296' title='bbox 1031 2813 1529 2872; x_wconf 76' lang='lat' dir='ltr'><strong>dilcCtionivestra:</strong></span> <span class='ocrx_word' id='word_1_297' title='bbox 1561 2804 1864 2860; x_wconf 87' lang='lat' dir='ltr'><strong>recensebo</strong></span> <span class='ocrx_word' id='word_1_298' title='bbox 1909 2800 2136 2868; x_wconf 79' lang='lat' dir='ltr'><strong>dignum</strong></span> <span class='ocrx_word' id='word_1_299' title='bbox 2184 2808 2303 2846; x_wconf 86' lang='lat' dir='ltr'><strong>ser-</strong></span> 
     </span>
    </p>
   </div>
   <div class='ocr_carea' id='block_1_46' title="bbox 723 2890 2303 2978">
    <p class='ocr_par' dir='ltr' id='par_1_46' title="bbox 723 2890 2303 2978">
     <span class='ocr_line' id='line_1_46' title="bbox 723 2890 2303 2978; baseline -0.023 -6"><span class='ocrx_word' id='word_1_300' title='bbox 723 2932 967 2978; x_wconf 85' lang='lat' dir='ltr'><strong>mortem,</strong></span> <span class='ocrx_word' id='word_1_301' title='bbox 1019 2919 1457 2965; x_wconf 87' lang='lat' dir='ltr'><strong>commemorans</strong></span> <span class='ocrx_word' id='word_1_302' title='bbox 1481 2917 1544 2953; x_wconf 86' lang='lat' dir='ltr'><strong>ea</strong></span> <span class='ocrx_word' id='word_1_303' title='bbox 1576 2913 1698 2968; x_wconf 82' lang='lat' dir='ltr'><strong>quae</strong></span> <span class='ocrx_word' id='word_1_304' title='bbox 1728 2893 1915 2963; x_wconf 88' lang='lat' dir='ltr'><strong>accepi</strong></span> <span class='ocrx_word' id='word_1_305' title='bbox 1950 2908 1978 2944; x_wconf 90' lang='lat' dir='ltr'><strong>a</strong></span> <span class='ocrx_word' id='word_1_306' title='bbox 2015 2890 2158 2950; x_wconf 82' lang='lat' dir='ltr'><strong>viro,</strong></span> <span class='ocrx_word' id='word_1_307' title='bbox 2187 2900 2303 2938; x_wconf 88' lang='lat' dir='ltr'><strong>ma-</strong></span> 
     </span>
    </p>
   </div>
   <div class='ocr_carea' id='block_1_47' title="bbox 724 2979 2303 3081">
    <p class='ocr_par' dir='ltr' id='par_1_47' title="bbox 724 2979 2303 3081">
     <span class='ocr_line' id='line_1_47' title="bbox 724 2979 2303 3081; baseline -0.019 -21"><span class='ocrx_word' id='word_1_308' title='bbox 724 3011 898 3081; x_wconf 74' lang='lat' dir='ltr'><strong>g‘tstro</strong></span> <span class='ocrx_word' id='word_1_309' title='bbox 925 3012 1133 3062; x_wconf 80' lang='lat' dir='ltr'><strong>nostro,</strong></span> <span class='ocrx_word' id='word_1_310' title='bbox 1173 2998 1264 3067; x_wconf 89' lang='lat' dir='ltr'><strong>qui</strong></span> <span class='ocrx_word' id='word_1_311' title='bbox 1304 2993 1559 3049; x_wconf 83' lang='lat' dir='ltr'><strong>veniebat</strong></span> <span class='ocrx_word' id='word_1_312' title='bbox 1596 3005 1663 3043; x_wconf 86' lang='lat' dir='ltr'><strong>ex</strong></span> <span class='ocrx_word' id='word_1_313' title='bbox 1694 2985 1948 3057; x_wconf 65' lang='lat' dir='ltr'><strong>lEgypto,</strong></span> <span class='ocrx_word' id='word_1_314' title='bbox 1973 2992 2028 3038; x_wconf 89' lang='lat' dir='ltr'><strong>et</strong></span> <span class='ocrx_word' id='word_1_315' title='bbox 2083 2979 2303 3033; x_wconf 82' lang='lat' dir='ltr'><strong>audisse</strong></span> 
     </span>
    </p>
   </div>
   <div class='ocr_carea' id='block_1_48' title="bbox 725 3085 1771 3156">
    <p class='ocr_par' dir='ltr' id='par_1_48' title="bbox 725 3085 1771 3156">
     <span class='ocr_line' id='line_1_48' title="bbox 725 3085 1771 3156; baseline -0.022 1"><span class='ocrx_word' id='word_1_316' title='bbox 725 3119 782 3156; x_wconf 86' lang='lat' dir='ltr'><strong>se</strong></span> <span class='ocrx_word' id='word_1_317' title='bbox 814 3099 992 3154; x_wconf 87' lang='lat' dir='ltr'><strong>aiebat</strong></span> <span class='ocrx_word' id='word_1_318' title='bbox 1020 3111 1048 3149; x_wconf 88' lang='lat' dir='ltr'><strong>a</strong></span> <span class='ocrx_word' id='word_1_319' title='bbox 1077 3101 1266 3149; x_wconf 86' lang='lat' dir='ltr'><strong>sancto</strong></span> <span class='ocrx_word' id='word_1_320' title='bbox 1302 3085 1540 3141; x_wconf 84' lang='lat' dir='ltr'><strong>Antonio</strong></span> <span class='ocrx_word' id='word_1_321' title='bbox 1568 3091 1771 3138; x_wconf 80' lang='lat' dir='ltr'><strong>asceta.</strong></span> 
     </span>
    </p>
   </div>
   <div class='ocr_carea' id='block_1_49' title="bbox 797 3360 2306 3449">
    <p class='ocr_par' dir='ltr' id='par_1_49' title="bbox 797 3360 2306 3449">
     <span class='ocr_line' id='line_1_49' title="bbox 797 3360 2306 3449; baseline -0.018 -10"><span class='ocrx_word' id='word_1_322' title='bbox 797 3381 865 3439; x_wconf 72' lang='grc' dir='ltr'><strong>Χ.</strong></span> <span class='ocrx_word' id='word_1_323' title='bbox 900 3377 1264 3449; x_wconf 88' lang='lat' dir='ltr'><strong>Temporibus</strong></span> <span class='ocrx_word' id='word_1_324' title='bbox 1285 3370 1594 3428; x_wconf 76' lang='lat' dir='ltr'><strong>Maximiani</strong></span> <span class='ocrx_word' id='word_1_325' title='bbox 1627 3365 1995 3438; x_wconf 83' lang='lat' dir='ltr'><strong>persecutoris</strong></span> <span class='ocrx_word' id='word_1_326' title='bbox 2029 3360 2306 3429; x_wconf 70' lang='lat' dir='ltr'><strong>tuitpuel-</strong></span> 
     </span>
    </p>
   </div>
   <div class='ocr_carea' id='block_1_50' title="bbox 727 3450 2311 3545">
    <p class='ocr_par' dir='ltr' id='par_1_50' title="bbox 727 3450 2311 3545">
     <span class='ocr_line' id='line_1_50' title="bbox 727 3450 2311 3545; baseline -0.02 -14"><span class='ocrx_word' id='word_1_327' title='bbox 727 3478 779 3531; x_wconf 89' lang='lat' dir='ltr'><strong>la</strong></span> <span class='ocrx_word' id='word_1_328' title='bbox 805 3473 1052 3545; x_wconf 65' lang='lat' dir='ltr'><strong>quaedam</strong></span> <span class='ocrx_word' id='word_1_329' title='bbox 1097 3468 1459 3526; x_wconf 60' lang='lat' dir='ltr'><strong>Alexandria,</strong></span> <span class='ocrx_word' id='word_1_330' title='bbox 1503 3462 1735 3529; x_wconf 83' lang='lat' dir='ltr'><strong>alicujus</strong></span> <span class='ocrx_word' id='word_1_331' title='bbox 1788 3473 1817 3509; x_wconf 90' lang='lat' dir='ltr'><strong>a</strong></span> <span class='ocrx_word' id='word_1_332' title='bbox 1871 3452 2138 3509; x_wconf 88' lang='lat' dir='ltr'><strong>divitibus</strong></span> <span class='ocrx_word' id='word_1_333' title='bbox 2187 3450 2311 3503; x_wconf 89' lang='lat' dir='ltr'><strong>istic</strong></span> 
     </span>
    </p>
   </div>
   <div class='ocr_carea' id='block_1_51' title="bbox 732 3545 2310 3635">
    <p class='ocr_par' dir='ltr' id='par_1_51' title="bbox 732 3545 2310 3635">
     <span class='ocr_line' id='line_1_51' title="bbox 732 3545 2310 3635; baseline -0.016 -16"><span class='ocrx_word' id='word_1_334' title='bbox 732 3566 1080 3635; x_wconf 73' lang='lat' dir='ltr'><strong>degentibus,</strong></span> <span class='ocrx_word' id='word_1_335' title='bbox 1109 3559 1332 3613; x_wconf 82' lang='lat' dir='ltr'><strong>ancilla.</strong></span> <span class='ocrx_word' id='word_1_336' title='bbox 1395 3555 1600 3608; x_wconf 81' lang='lat' dir='ltr'><strong>Nomen</strong></span> <span class='ocrx_word' id='word_1_337' title='bbox 1657 3549 1761 3621; x_wconf 87' lang='lat' dir='ltr'><strong>ipsi</strong></span> <span class='ocrx_word' id='word_1_338' title='bbox 1815 3557 1933 3602; x_wconf 87' lang='lat' dir='ltr'><strong>erat</strong></span> <span class='ocrx_word' id='word_1_339' title='bbox 1992 3545 2310 3600; x_wconf 85' lang='lat' dir='ltr'><strong>Potantiena</strong></span> 
     </span>
    </p>
   </div>
   <div class='ocr_carea' id='block_1_52' title="bbox 733 3633 2312 3728">
    <p class='ocr_par' dir='ltr' id='par_1_52' title="bbox 733 3633 2312 3728">
     <span class='ocr_line' id='line_1_52' title="bbox 733 3633 2312 3728; baseline -0.017 -14"><span class='ocrx_word' id='word_1_340' title='bbox 733 3633 832 3728; x_wconf 56' lang='grc' dir='ltr'><strong>(εί.</strong></span> <span class='ocrx_word' id='word_1_341' title='bbox 866 3654 1222 3725; x_wconf 73' lang='lat' dir='ltr'><strong>Cogebatura</strong></span> <span class='ocrx_word' id='word_1_342' title='bbox 1251 3663 1351 3703; x_wconf 91' lang='lat' dir='ltr'><strong>suo</strong></span> <span class='ocrx_word' id='word_1_343' title='bbox 1374 3647 1592 3700; x_wconf 92' lang='lat' dir='ltr'><strong>domino</strong></span> <span class='ocrx_word' id='word_1_344' title='bbox 1647 3644 1713 3696; x_wconf 90' lang='lat' dir='ltr'><strong>ad</strong></span> <span class='ocrx_word' id='word_1_345' title='bbox 1775 3638 2155 3693; x_wconf 90' lang='lat' dir='ltr'><strong>concubitum.</strong></span> <span class='ocrx_word' id='word_1_346' title='bbox 2221 3633 2312 3687; x_wconf 85' lang='lat' dir='ltr'><strong>Illa</strong></span> 
     </span>
    </p>
   </div>
   <div class='ocr_carea' id='block_1_53' title="bbox 735 3726 2311 3807">
    <p class='ocr_par' dir='ltr' id='par_1_53' title="bbox 735 3726 2311 3807">
     <span class='ocr_line' id='line_1_53' title="bbox 735 3726 2311 3807; baseline -0.021 1"><span class='ocrx_word' id='word_1_347' title='bbox 735 3752 915 3807; x_wconf 82' lang='lat' dir='ltr'><strong>dixit:</strong></span> <span class='ocrx_word' id='word_1_348' title='bbox 963 3747 1178 3802; x_wconf 76' lang='lat' dir='ltr'><strong>Ancilla</strong></span> <span class='ocrx_word' id='word_1_349' title='bbox 1214 3740 1419 3795; x_wconf 85' lang='lat' dir='ltr'><strong>Christi</strong></span> <span class='ocrx_word' id='word_1_350' title='bbox 1447 3752 1590 3799; x_wconf 90' lang='lat' dir='ltr'><strong>sum,</strong></span> <span class='ocrx_word' id='word_1_351' title='bbox 1621 3748 1730 3788; x_wconf 90' lang='lat' dir='ltr'><strong>non</strong></span> <span class='ocrx_word' id='word_1_352' title='bbox 1773 3741 2007 3786; x_wconf 82' lang='lat' dir='ltr'><strong>scortor.</strong></span> <span class='ocrx_word' id='word_1_353' title='bbox 2048 3726 2311 3780; x_wconf 88' lang='lat' dir='ltr'><strong>Dominus</strong></span> 
     </span>
    </p>
   </div>
   <div class='ocr_carea' id='block_1_54' title="bbox 734 3819 2312 3906">
    <p class='ocr_par' dir='ltr' id='par_1_54' title="bbox 734 3819 2312 3906">
     <span class='ocr_line' id='line_1_54' title="bbox 734 3819 2312 3906; baseline -0.02 -8"><span class='ocrx_word' id='word_1_354' title='bbox 734 3858 865 3898; x_wconf 85' lang='lat' dir='ltr'><strong>vero</strong></span> <span class='ocrx_word' id='word_1_355' title='bbox 890 3840 956 3895; x_wconf 88' lang='lat' dir='ltr'><strong>ad</strong></span> <span class='ocrx_word' id='word_1_356' title='bbox 985 3850 1198 3906; x_wconf 88' lang='lat' dir='ltr'><strong>tempus</strong></span> <span class='ocrx_word' id='word_1_357' title='bbox 1222 3831 1446 3902; x_wconf 87' lang='lat' dir='ltr'><strong>aliquod</strong></span> <span class='ocrx_word' id='word_1_358' title='bbox 1505 3829 1607 3898; x_wconf 86' lang='lat' dir='ltr'><strong>ipsi</strong></span> <span class='ocrx_word' id='word_1_359' title='bbox 1657 3825 1903 3880; x_wconf 86' lang='lat' dir='ltr'><strong>insultat.</strong></span> <span class='ocrx_word' id='word_1_360' title='bbox 1955 3819 2076 3887; x_wconf 85' lang='lat' dir='ltr'><strong>Ipsa</strong></span> <span class='ocrx_word' id='word_1_361' title='bbox 2128 3829 2312 3869; x_wconf 89' lang='lat' dir='ltr'><strong>autem</strong></span> 
     </span>
    </p>
   </div>
   <div class='ocr_carea' id='block_1_55' title="bbox 735 3909 2312 4002">
    <p class='ocr_par' dir='ltr' id='par_1_55' title="bbox 735 3909 2312 4002">
     <span class='ocr_line' id='line_1_55' title="bbox 735 3909 2312 4002; baseline -0.018 -11"><span class='ocrx_word' id='word_1_362' title='bbox 735 3952 844 3990; x_wconf 85' lang='lat' dir='ltr'><strong>non</strong></span> <span class='ocrx_word' id='word_1_363' title='bbox 878 3932 1044 4002; x_wconf 77' lang='lat' dir='ltr'><strong>gessit</strong></span> <span class='ocrx_word' id='word_1_364' title='bbox 1077 3941 1308 3980; x_wconf 90' lang='lat' dir='ltr'><strong>morem.</strong></span> <span class='ocrx_word' id='word_1_365' title='bbox 1343 3924 1392 3974; x_wconf 90' lang='lat' dir='ltr'><strong>Is</strong></span> <span class='ocrx_word' id='word_1_366' title='bbox 1428 3923 1612 3988; x_wconf 91' lang='lat' dir='ltr'><strong>itaque</strong></span> <span class='ocrx_word' id='word_1_367' title='bbox 1635 3915 1799 3972; x_wconf 89' lang='lat' dir='ltr'><strong>simul</strong></span> <span class='ocrx_word' id='word_1_368' title='bbox 1835 3913 2085 3984; x_wconf 76' lang='lat' dir='ltr'><strong>diligens,</strong></span> <span class='ocrx_word' id='word_1_369' title='bbox 2148 3909 2312 3964; x_wconf 88' lang='lat' dir='ltr'><strong>simul</strong></span> 
     </span>
    </p>
   </div>
   <div class='ocr_carea' id='block_1_56' title="bbox 738 3999 2312 4084">
    <p class='ocr_par' dir='ltr' id='par_1_56' title="bbox 738 3999 2312 4084">
     <span class='ocr_line' id='line_1_56' title="bbox 738 3999 2312 4084; baseline -0.018 -4"><span class='ocrx_word' id='word_1_370' title='bbox 738 4028 1031 4084; x_wconf 85' lang='lat' dir='ltr'><strong>miserans,</strong></span> <span class='ocrx_word' id='word_1_371' title='bbox 1058 4034 1166 4071; x_wconf 93' lang='lat' dir='ltr'><strong>non</strong></span> <span class='ocrx_word' id='word_1_372' title='bbox 1204 4012 1428 4074; x_wconf 88' lang='lat' dir='ltr'><strong>cecidit,</strong></span> <span class='ocrx_word' id='word_1_373' title='bbox 1472 4009 1566 4066; x_wconf 88' lang='lat' dir='ltr'><strong>sed</strong></span> <span class='ocrx_word' id='word_1_374' title='bbox 1598 4008 1858 4080; x_wconf 68' lang='lat' dir='ltr'><strong>prtefecto</strong></span> <span class='ocrx_word' id='word_1_375' title='bbox 1912 4019 2033 4058; x_wconf 90' lang='lat' dir='ltr'><strong>eam</strong></span> <span class='ocrx_word' id='word_1_376' title='bbox 2086 3999 2312 4055; x_wconf 89' lang='lat' dir='ltr'><strong>tradidit</strong></span> 
     </span>
    </p>
   </div>
   <div class='ocr_carea' id='block_1_57' title="bbox 739 4091 2312 4178">
    <p class='ocr_par' dir='ltr' id='par_1_57' title="bbox 739 4091 2312 4178">
     <span class='ocr_line' id='line_1_57' title="bbox 739 4091 2312 4178; baseline -0.02 -6"><span class='ocrx_word' id='word_1_377' title='bbox 739 4119 932 4172; x_wconf 82' lang='lat' dir='ltr'><strong>dicens</strong></span> <span class='ocrx_word' id='word_1_378' title='bbox 965 4132 977 4164; x_wconf 82' lang='lat'><strong>:</strong></span> <span class='ocrx_word' id='word_1_379' title='bbox 1013 4111 1070 4165; x_wconf 86' lang='lat' dir='ltr'><strong>Si</strong></span> <span class='ocrx_word' id='word_1_380' title='bbox 1106 4106 1390 4178; x_wconf 82' lang='lat' dir='ltr'><strong>preposito</strong></span> <span class='ocrx_word' id='word_1_381' title='bbox 1420 4116 1544 4155; x_wconf 88' lang='lat' dir='ltr'><strong>meo</strong></span> <span class='ocrx_word' id='word_1_382' title='bbox 1587 4095 1950 4158; x_wconf 85' lang='lat' dir='ltr'><strong>obsecnndct,</strong></span> <span class='ocrx_word' id='word_1_383' title='bbox 2006 4091 2312 4152; x_wconf 80' lang='lat' dir='ltr'><strong>annuntia;</strong></span> 
     </span>
    </p>
   </div>
   <div class='ocr_carea' id='block_1_58' title="bbox 741 4184 2316 4270">
    <p class='ocr_par' dir='ltr' id='par_1_58' title="bbox 741 4184 2316 4270">
     <span class='ocr_line' id='line_1_58' title="bbox 741 4184 2316 4270; baseline -0.018 -6"><span class='ocrx_word' id='word_1_384' title='bbox 741 4213 826 4264; x_wconf 83' lang='lat' dir='ltr'><strong>sin</strong></span> <span class='ocrx_word' id='word_1_385' title='bbox 856 4207 1060 4261; x_wconf 85' lang='lat' dir='ltr'><strong>minus,</strong></span> <span class='ocrx_word' id='word_1_386' title='bbox 1119 4199 1250 4270; x_wconf 89' lang='lat' dir='ltr'><strong>putti</strong></span> <span class='ocrx_word' id='word_1_387' title='bbox 1287 4197 1454 4258; x_wconf 85' lang='lat' dir='ltr'><strong>illam,</strong></span> <span class='ocrx_word' id='word_1_388' title='bbox 1519 4203 1577 4247; x_wconf 93' lang='lat' dir='ltr'><strong>ut</strong></span> <span class='ocrx_word' id='word_1_389' title='bbox 1624 4191 2004 4245; x_wconf 82' lang='lat' dir='ltr'><strong>Christianam.</strong></span> <span class='ocrx_word' id='word_1_390' title='bbox 2053 4184 2316 4240; x_wconf 67' lang='grc' dir='ltr'>Ριιιιΐυοιο</span> 
     </span>
    </p>
   </div>
   <div class='ocr_carea' id='block_1_59' title="bbox 742 4278 2315 4368">
    <p class='ocr_par' dir='ltr' id='par_1_59' title="bbox 742 4278 2315 4368">
     <span class='ocr_line' id='line_1_59' title="bbox 742 4278 2315 4368; baseline -0.014 -18"><span class='ocrx_word' id='word_1_391' title='bbox 742 4303 927 4368; x_wconf 79' lang='lat' dir='ltr'><strong>itaque</strong></span> <span class='ocrx_word' id='word_1_392' title='bbox 978 4295 1200 4353; x_wconf 85' lang='lat' dir='ltr'><strong>tradita,</strong></span> <span class='ocrx_word' id='word_1_393' title='bbox 1263 4289 1559 4355; x_wconf 83' lang='lat' dir='ltr'><strong>multisque</strong></span> <span class='ocrx_word' id='word_1_394' title='bbox 1610 4282 2019 4336; x_wconf 86' lang='lat' dir='ltr'><strong>adulationibus</strong></span> <span class='ocrx_word' id='word_1_395' title='bbox 2071 4280 2138 4333; x_wconf 87' lang='lat' dir='ltr'><strong>ab</strong></span> <span class='ocrx_word' id='word_1_396' title='bbox 2197 4278 2315 4347; x_wconf 90' lang='lat' dir='ltr'><strong>ipso</strong></span> 
     </span>
    </p>
   </div>
   <div class='ocr_carea' id='block_1_60' title="bbox 744 4370 2317 4449">
    <p class='ocr_par' dir='ltr' id='par_1_60' title="bbox 744 4370 2317 4449">
     <span class='ocr_line' id='line_1_60' title="bbox 744 4370 2317 4449; baseline -0.016 -4"><span class='ocrx_word' id='word_1_397' title='bbox 744 4398 971 4448; x_wconf 78' lang='lat' dir='ltr'><strong>tentata,</strong></span> <span class='ocrx_word' id='word_1_398' title='bbox 1002 4395 1059 4439; x_wconf 87' lang='lat' dir='ltr'><strong>ut</strong></span> <span class='ocrx_word' id='word_1_399' title='bbox 1110 4382 1225 4437; x_wconf 89' lang='lat' dir='ltr'><strong>lteri</strong></span> <span class='ocrx_word' id='word_1_400' title='bbox 1263 4380 1431 4449; x_wconf 82' lang='lat' dir='ltr'><strong>jussis</strong></span> <span class='ocrx_word' id='word_1_401' title='bbox 1482 4377 1907 4443; x_wconf 81' lang='lat' dir='ltr'><strong>obtemperaret,</strong></span> <span class='ocrx_word' id='word_1_402' title='bbox 1978 4370 2317 4437; x_wconf 88' lang='lat' dir='ltr'><strong>respondens</strong></span> 
     </span>
    </p>
   </div>
   <div class='ocr_carea' id='block_1_61' title="bbox 743 4460 2309 4540">
    <p class='ocr_par' dir='ltr' id='par_1_61' title="bbox 743 4460 2309 4540">
     <span class='ocr_line' id='line_1_61' title="bbox 743 4460 2309 4540; baseline -0.015 -3"><span class='ocrx_word' id='word_1_403' title='bbox 743 4483 880 4537; x_wconf 87' lang='lat' dir='ltr'><strong>dixit</strong></span> <span class='ocrx_word' id='word_1_404' title='bbox 915 4479 1030 4531; x_wconf 85' lang='lat' dir='ltr'><strong>:1\&#39;e</strong></span> <span class='ocrx_word' id='word_1_405' title='bbox 1066 4475 1186 4528; x_wconf 89' lang='lat' dir='ltr'><strong>talis</strong></span> <span class='ocrx_word' id='word_1_406' title='bbox 1225 4485 1462 4540; x_wconf 90' lang='lat' dir='ltr'><strong>unquam</strong></span> <span class='ocrx_word' id='word_1_407' title='bbox 1495 4467 1791 4536; x_wconf 82' lang='lat' dir='ltr'><strong>liatjudex,</strong></span> <span class='ocrx_word' id='word_1_408' title='bbox 1828 4464 1921 4534; x_wconf 87' lang='lat' dir='ltr'><strong>qui</strong></span> <span class='ocrx_word' id='word_1_409' title='bbox 1954 4461 2113 4535; x_wconf 80' lang='lat' dir='ltr'><strong>jubet</strong></span> <span class='ocrx_word' id='word_1_410' title='bbox 2141 4460 2309 4516; x_wconf 80' lang='lat' dir='ltr'><strong>ancil-</strong></span> 
     </span>
    </p>
   </div>
   <div class='ocr_carea' id='block_1_62' title="bbox 2399 2151 3975 2235">
    <p class='ocr_par' dir='ltr' id='par_1_62' title="bbox 2399 2151 3975 2235">
     <span class='ocr_line' id='line_1_62' title="bbox 2399 2151 3975 2235; baseline -0.013 -15"><span class='ocrx_word' id='word_1_411' title='bbox 2399 2167 2525 2221; x_wconf 80' lang='grc' dir='ltr'>σθεν</span> <span class='ocrx_word' id='word_1_412' title='bbox 2555 2167 2667 2219; x_wconf 80' lang='grc' dir='ltr'><strong>τῶν</strong></span> <span class='ocrx_word' id='word_1_413' title='bbox 2691 2165 3020 2235; x_wconf 84' lang='grc' dir='ltr'>ἀνορώπων,</span> <span class='ocrx_word' id='word_1_414' title='bbox 3051 2162 3509 2231; x_wconf 83' lang='grc' dir='ltr'>ἀπαρνεθήσηται</span> <span class='ocrx_word' id='word_1_415' title='bbox 3550 2156 3643 2209; x_wconf 74' lang='grc' dir='ltr'>καὶ</span> <span class='ocrx_word' id='word_1_416' title='bbox 3675 2153 3839 2213; x_wconf 76' lang='grc' dir='ltr'>αὐτὸς</span> <span class='ocrx_word' id='word_1_417' title='bbox 3879 2151 3975 2214; x_wconf 71' lang='lat' dir='ltr'><strong>[p.-</strong></span> 
     </span>
    </p>
   </div>
   <div class='ocr_carea' id='block_1_63' title="bbox 2397 2237 3977 2328">
    <p class='ocr_par' dir='ltr' id='par_1_63' title="bbox 2397 2237 3977 2328">
     <span class='ocr_line' id='line_1_63' title="bbox 2397 2237 3977 2328; baseline -0.008 -19"><span class='ocrx_word' id='word_1_418' title='bbox 2397 2257 2634 2328; x_wconf 78' lang='grc' dir='ltr'>προσθεν</span> <span class='ocrx_word' id='word_1_419' title='bbox 2651 2258 2757 2308; x_wconf 84' lang='grc' dir='ltr'><strong>τῶν</strong></span> <span class='ocrx_word' id='word_1_420' title='bbox 2776 2257 3023 2323; x_wconf 80' lang='grc' dir='ltr'>ἀγγέλων</span> <span class='ocrx_word' id='word_1_421' title='bbox 3040 2254 3132 2308; x_wconf 83' lang='grc' dir='ltr'>τοῦ</span> <span class='ocrx_word' id='word_1_422' title='bbox 3152 2254 3341 2308; x_wconf 78' lang='grc' dir='ltr'><strong>Θεοῦ.»</strong></span> <span class='ocrx_word' id='word_1_423' title='bbox 3367 2255 3425 2306; x_wconf 85' lang='lat' dir='ltr'><strong>Ei</strong></span> <span class='ocrx_word' id='word_1_424' title='bbox 3442 2251 3534 2306; x_wconf 84' lang='grc' dir='ltr'>οὖν</span> <span class='ocrx_word' id='word_1_425' title='bbox 3553 2250 3834 2320; x_wconf 78' lang='grc' dir='ltr'>γυναῖκες.</span> <span class='ocrx_word' id='word_1_426' title='bbox 3851 2237 3977 2312; x_wconf 81' lang='grc' dir='ltr'><strong>ὧνὴ</strong></span> 
     </span>
    </p>
   </div>
   <div class='ocr_carea' id='block_1_64' title="bbox 2399 2333 3979 2416">
    <p class='ocr_par' dir='ltr' id='par_1_64' title="bbox 2399 2333 3979 2416">
     <span class='ocr_line' id='line_1_64' title="bbox 2399 2333 3979 2416; baseline -0.011 -15"><span class='ocrx_word' id='word_1_427' title='bbox 2399 2348 2560 2416; x_wconf 79' lang='grc' dir='ltr'>φύσις</span> <span class='ocrx_word' id='word_1_428' title='bbox 2587 2347 2865 2412; x_wconf 77' lang='grc' dir='ltr'>ἀσθένεια,</span> <span class='ocrx_word' id='word_1_429' title='bbox 2896 2345 3166 2414; x_wconf 76' lang='grc' dir='ltr'>ἀνδρικῶς</span> <span class='ocrx_word' id='word_1_430' title='bbox 3193 2343 3554 2412; x_wconf 80' lang='grc' dir='ltr'>ἠγωνίσαντο,</span> <span class='ocrx_word' id='word_1_431' title='bbox 3588 2341 3739 2407; x_wconf 81' lang='grc' dir='ltr'>πόσῳ</span> <span class='ocrx_word' id='word_1_432' title='bbox 3775 2333 3979 2406; x_wconf 81' lang='grc' dir='ltr'>μᾶλλον</span> 
     </span>
    </p>
   </div>
   <div class='ocr_carea' id='block_1_65' title="bbox 2399 2431 3983 2511">
    <p class='ocr_par' dir='ltr' id='par_1_65' title="bbox 2399 2431 3983 2511">
     <span class='ocr_line' id='line_1_65' title="bbox 2399 2431 3983 2511; baseline -0.01 -18"><span class='ocrx_word' id='word_1_433' title='bbox 2399 2442 2684 2511; x_wconf 68' lang='grc' dir='ltr'>ὀφείλομεν</span> <span class='ocrx_word' id='word_1_434' title='bbox 2726 2442 2885 2511; x_wconf 66' lang='grc' dir='ltr'>ἡμεῖς</span> <span class='ocrx_word' id='word_1_435' title='bbox 2912 2440 2961 2492; x_wconf 84' lang='lat' dir='ltr'><strong>oi.</strong></span> <span class='ocrx_word' id='word_1_436' title='bbox 2993 2437 3225 2491; x_wconf 80' lang='grc' dir='ltr'>τοιοῦτοι</span> <span class='ocrx_word' id='word_1_437' title='bbox 3256 2437 3349 2489; x_wconf 80' lang='grc' dir='ltr'>καὶ</span> <span class='ocrx_word' id='word_1_438' title='bbox 3391 2450 3633 2486; x_wconf 79' lang='grc' dir='ltr'>τοσο.τοι</span> <span class='ocrx_word' id='word_1_439' title='bbox 3672 2431 3814 2500; x_wconf 82' lang='grc' dir='ltr'>ὑπὲρ</span> <span class='ocrx_word' id='word_1_440' title='bbox 3851 2431 3983 2500; x_wconf 80' lang='grc' dir='ltr'>Χρι-</span> 
     </span>
    </p>
   </div>
   <div class='ocr_carea' id='block_1_66' title="bbox 2402 2527 3994 2605">
    <p class='ocr_par' dir='ltr' id='par_1_66' title="bbox 2402 2527 3994 2605">
     <span class='ocr_line' id='line_1_66' title="bbox 2402 2527 3994 2605; baseline -0.006 -18"><span class='ocrx_word' id='word_1_441' title='bbox 2402 2536 2529 2588; x_wconf 74' lang='grc' dir='ltr'>στοῦ</span> <span class='ocrx_word' id='word_1_442' title='bbox 2565 2536 2949 2605; x_wconf 75' lang='grc' dir='ltr'>μαρτυρῆσαι;</span> <span class='ocrx_word' id='word_1_443' title='bbox 2999 2531 3252 2585; x_wconf 69' lang='grc' dir='ltr'>Ἀκούετε</span> <span class='ocrx_word' id='word_1_444' title='bbox 3297 2528 3552 2598; x_wconf 72' lang='grc' dir='ltr'>περὶτῆς</span> <span class='ocrx_word' id='word_1_445' title='bbox 3586 2527 3750 2594; x_wconf 80' lang='grc' dir='ltr'>ἁγίας</span> <span class='ocrx_word' id='word_1_446' title='bbox 3789 2527 3994 2594; x_wconf 70' lang='grc' dir='ltr'><strong>Εὑφη-·</strong></span> 
     </span>
    </p>
   </div>
   <div class='ocr_carea' id='block_1_67' title="bbox 2407 2619 3982 2698">
    <p class='ocr_par' dir='ltr' id='par_1_67' title="bbox 2407 2619 3982 2698">
     <span class='ocr_line' id='line_1_67' title="bbox 2407 2619 3982 2698; baseline -0.003 -20"><span class='ocrx_word' id='word_1_447' title='bbox 2407 2629 2555 2698; x_wconf 79' lang='grc' dir='ltr'>μίας,</span> <span class='ocrx_word' id='word_1_448' title='bbox 2594 2630 2689 2680; x_wconf 72' lang='grc' dir='ltr'>καὶ</span> <span class='ocrx_word' id='word_1_449' title='bbox 2727 2624 3159 2691; x_wconf 62' lang='grc' dir='ltr'>Καπιτουὶλνης,</span> <span class='ocrx_word' id='word_1_450' title='bbox 3213 2624 3305 2675; x_wconf 72' lang='grc' dir='ltr'><strong>καὶ</strong></span> <span class='ocrx_word' id='word_1_451' title='bbox 3349 2619 3658 2690; x_wconf 80' lang='grc' dir='ltr'>Ἰουλίττης,</span> <span class='ocrx_word' id='word_1_452' title='bbox 3719 2619 3818 2672; x_wconf 79' lang='grc' dir='ltr'>καὶ</span> <span class='ocrx_word' id='word_1_453' title='bbox 3874 2621 3982 2673; x_wconf 83' lang='grc' dir='ltr'><strong>τῶν</strong></span> 
     </span>
    </p>
   </div>
   <div class='ocr_carea' id='block_1_68' title="bbox 2404 2704 3983 2781">
    <p class='ocr_par' dir='ltr' id='par_1_68' title="bbox 2404 2704 3983 2781">
     <span class='ocr_line' id='line_1_68' title="bbox 2404 2704 3983 2781; baseline -0.006 -12"><span class='ocrx_word' id='word_1_454' title='bbox 2404 2716 2579 2769; x_wconf 84' lang='grc' dir='ltr'>ἄλλων</span> <span class='ocrx_word' id='word_1_455' title='bbox 2615 2717 2787 2781; x_wconf 60' lang='lat' dir='ltr'><strong>ayth</strong></span> <span class='ocrx_word' id='word_1_456' title='bbox 2817 2712 3118 2781; x_wconf 82' lang='grc' dir='ltr'>γυναικῶν,</span> <span class='ocrx_word' id='word_1_457' title='bbox 3167 2704 3241 2762; x_wconf 81' lang='grc' dir='ltr'>ὧν</span> <span class='ocrx_word' id='word_1_458' title='bbox 3271 2712 3338 2762; x_wconf 81' lang='grc' dir='ltr'><strong>τά</strong></span> <span class='ocrx_word' id='word_1_459' title='bbox 3385 2710 3624 2778; x_wconf 76' lang='grc' dir='ltr'>ὀνόματα</span> <span class='ocrx_word' id='word_1_460' title='bbox 3671 2711 3732 2760; x_wconf 84' lang='grc' dir='ltr'>ὲν</span> <span class='ocrx_word' id='word_1_461' title='bbox 3777 2709 3983 2778; x_wconf 54' lang='lat' dir='ltr'><strong>ﬂiam;</strong></span> 
     </span>
    </p>
   </div>
   <div class='ocr_carea' id='block_1_69' title="bbox 2404 2800 3984 2874">
    <p class='ocr_par' dir='ltr' id='par_1_69' title="bbox 2404 2800 3984 2874">
     <span class='ocr_line' id='line_1_69' title="bbox 2404 2800 3984 2874; baseline -0.004 -14"><span class='ocrx_word' id='word_1_462' title='bbox 2404 2808 2512 2860; x_wconf 79' lang='grc' dir='ltr'><strong>τῶν</strong></span> <span class='ocrx_word' id='word_1_463' title='bbox 2540 2806 2787 2874; x_wconf 75' lang='grc' dir='ltr'>οὐρανῶν</span> <span class='ocrx_word' id='word_1_464' title='bbox 2828 2807 2968 2856; x_wconf 78' lang='grc' dir='ltr'>εἰσιν</span> <span class='ocrx_word' id='word_1_465' title='bbox 3002 2805 3352 2874; x_wconf 70' lang='grc' dir='ltr'>ἀνάγραπτοι,</span> <span class='ocrx_word' id='word_1_466' title='bbox 3386 2801 3503 2862; x_wconf 81' lang='grc' dir='ltr'><strong>πῶς</strong></span> <span class='ocrx_word' id='word_1_467' title='bbox 3534 2800 3805 2871; x_wconf 78' lang='grc' dir='ltr'>λαμπρῶς</span> <span class='ocrx_word' id='word_1_468' title='bbox 3839 2805 3984 2867; x_wconf 69' lang='grc' dir='ltr'><strong>ἠγω-</strong></span> 
     </span>
    </p>
   </div>
   <div class='ocr_carea' id='block_1_70' title="bbox 2407 2887 3986 2966">
    <p class='ocr_par' dir='ltr' id='par_1_70' title="bbox 2407 2887 3986 2966">
     <span class='ocr_line' id='line_1_70' title="bbox 2407 2887 3986 2966; baseline -0.002 -17"><span class='ocrx_word' id='word_1_469' title='bbox 2407 2900 2644 2963; x_wconf 82' lang='grc' dir='ltr'>νίσαντο,</span> <span class='ocrx_word' id='word_1_470' title='bbox 2677 2897 2772 2950; x_wconf 77' lang='grc' dir='ltr'><strong>καὶ</strong></span> <span class='ocrx_word' id='word_1_471' title='bbox 2807 2896 3064 2966; x_wconf 68' lang='grc' dir='ltr'>ἐνίκησαν</span> <span class='ocrx_word' id='word_1_472' title='bbox 3088 2896 3178 2945; x_wconf 77' lang='grc' dir='ltr'><strong>τὸν</strong></span> <span class='ocrx_word' id='word_1_473' title='bbox 3212 2893 3460 2945; x_wconf 73' lang='grc' dir='ltr'>διάϐολον</span> <span class='ocrx_word' id='word_1_474' title='bbox 3483 2908 3495 2921; x_wconf 85' lang='lat'><strong><em>°</em></strong></span> <span class='ocrx_word' id='word_1_475' title='bbox 3522 2894 3581 2944; x_wconf 75' lang='grc' dir='ltr'>ὲν</span> <span class='ocrx_word' id='word_1_476' title='bbox 3617 2887 3699 2956; x_wconf 78' lang='grc' dir='ltr'><strong>οἷς</strong></span> <span class='ocrx_word' id='word_1_477' title='bbox 3731 2892 3986 2962; x_wconf 82' lang='grc' dir='ltr'>διηγησο-</span> 
     </span>
    </p>
   </div>
   <div class='ocr_carea' id='block_1_71' title="bbox 2411 2984 3988 3059">
    <p class='ocr_par' dir='ltr' id='par_1_71' title="bbox 2411 2984 3988 3059">
     <span class='ocr_line' id='line_1_71' title="bbox 2411 2984 3988 3059; baseline -0.002 -19"><span class='ocrx_word' id='word_1_478' title='bbox 2411 3007 2508 3058; x_wconf 85' lang='grc' dir='ltr'><strong>μαι</strong></span> <span class='ocrx_word' id='word_1_479' title='bbox 2541 2993 2604 3059; x_wconf 78' lang='grc' dir='ltr'>τῇ</span> <span class='ocrx_word' id='word_1_480' title='bbox 2639 2989 2825 3058; x_wconf 78' lang='grc' dir='ltr'>ἀγάπῃ</span> <span class='ocrx_word' id='word_1_481' title='bbox 2865 2987 3016 3056; x_wconf 77' lang='grc' dir='ltr'>ὑμῶν</span> <span class='ocrx_word' id='word_1_482' title='bbox 3077 2986 3234 3052; x_wconf 86' lang='grc' dir='ltr'>λόγον</span> <span class='ocrx_word' id='word_1_483' title='bbox 3281 2986 3452 3048; x_wconf 75' lang='grc' dir='ltr'>ἄξιον,</span> <span class='ocrx_word' id='word_1_484' title='bbox 3520 2985 3901 3054; x_wconf 72' lang='grc' dir='ltr'>μνημονεύων.</span> <span class='ocrx_word' id='word_1_485' title='bbox 3955 2984 3988 3036; x_wconf 69' lang='grc' dir='ltr'><strong>ἀ</strong></span> 
     </span>
    </p>
   </div>
   <div class='ocr_carea' id='block_1_72' title="bbox 2408 3078 3986 3152">
    <p class='ocr_par' dir='ltr' id='par_1_72' title="bbox 2408 3078 3986 3152">
     <span class='ocr_line' id='line_1_72' title="bbox 2408 3078 3986 3152; baseline -0.003 -18"><span class='ocrx_word' id='word_1_486' title='bbox 2408 3084 2622 3152; x_wconf 72' lang='grc' dir='ltr'>ἀκήκοα</span> <span class='ocrx_word' id='word_1_487' title='bbox 2676 3083 2825 3149; x_wconf 75' lang='grc' dir='ltr'>παρὰ</span> <span class='ocrx_word' id='word_1_488' title='bbox 2871 3081 3085 3148; x_wconf 69' lang='grc' dir='ltr'>ἀνδρὸς,</span> <span class='ocrx_word' id='word_1_489' title='bbox 3143 3078 3462 3132; x_wconf 73' lang='grc' dir='ltr'><strong>διδασκάλου</strong></span> <span class='ocrx_word' id='word_1_490' title='bbox 3520 3080 3700 3148; x_wconf 74' lang='grc' dir='ltr'>ἡμῶν,</span> <span class='ocrx_word' id='word_1_491' title='bbox 3738 3079 3986 3140; x_wconf 76' lang='grc' dir='ltr'>ἐλθόντος</span> 
     </span>
    </p>
   </div>
   <div class='ocr_carea' id='block_1_73' title="bbox 2409 3171 3988 3245">
    <p class='ocr_par' dir='ltr' id='par_1_73' title="bbox 2409 3171 3988 3245">
     <span class='ocr_line' id='line_1_73' title="bbox 2409 3171 3988 3245; baseline -0.003 -18"><span class='ocrx_word' id='word_1_492' title='bbox 2409 3174 2519 3228; x_wconf 83' lang='grc' dir='ltr'>ἀπὸ</span> <span class='ocrx_word' id='word_1_493' title='bbox 2546 3176 2642 3245; x_wconf 84' lang='grc' dir='ltr'><strong>τῆς</strong></span> <span class='ocrx_word' id='word_1_494' title='bbox 2668 3173 2969 3242; x_wconf 76' lang='grc' dir='ltr'>Αξγύπτου,</span> <span class='ocrx_word' id='word_1_495' title='bbox 2992 3171 3090 3224; x_wconf 80' lang='grc' dir='ltr'>καὶ</span> <span class='ocrx_word' id='word_1_496' title='bbox 3112 3171 3274 3234; x_wconf 75' lang='grc' dir='ltr'>αὐτὸς</span> <span class='ocrx_word' id='word_1_497' title='bbox 3299 3172 3487 3239; x_wconf 81' lang='grc' dir='ltr'>ἔλεγεν</span> <span class='ocrx_word' id='word_1_498' title='bbox 3509 3172 3809 3241; x_wconf 80' lang='grc' dir='ltr'>ἀκηκοέναι</span> <span class='ocrx_word' id='word_1_499' title='bbox 3839 3174 3988 3240; x_wconf 65' lang='grc' dir='ltr'>παρὰ</span> 
     </span>
    </p>
   </div>
   <div class='ocr_carea' id='block_1_74' title="bbox 2409 3263 3440 3334">
    <p class='ocr_par' dir='ltr' id='par_1_74' title="bbox 2409 3263 3440 3334">
     <span class='ocr_line' id='line_1_74' title="bbox 2409 3263 3440 3334; baseline -0.005 -14"><span class='ocrx_word' id='word_1_500' title='bbox 2409 3267 2504 3320; x_wconf 80' lang='grc' dir='ltr'><strong>τοῦ</strong></span> <span class='ocrx_word' id='word_1_501' title='bbox 2530 3267 2691 3334; x_wconf 77' lang='grc' dir='ltr'>ἁγίου</span> <span class='ocrx_word' id='word_1_502' title='bbox 2735 3266 3022 3318; x_wconf 81' lang='grc' dir='ltr'>Ἀντωνίου</span> <span class='ocrx_word' id='word_1_503' title='bbox 3048 3263 3142 3317; x_wconf 77' lang='grc' dir='ltr'>τοῦ</span> <span class='ocrx_word' id='word_1_504' title='bbox 3175 3263 3440 3329; x_wconf 80' lang='grc' dir='ltr'>ἀσκητοῦ.</span> 
     </span>
    </p>
   </div>
   <div class='ocr_carea' id='block_1_75' title="bbox 2483 3352 3987 3427">
    <p class='ocr_par' dir='ltr' id='par_1_75' title="bbox 2483 3352 3987 3427">
     <span class='ocr_line' id='line_1_75' title="bbox 2483 3352 3987 3427; baseline -0.006 -13"><span class='ocrx_word' id='word_1_505' title='bbox 2483 3362 2538 3414; x_wconf 85' lang='lat' dir='ltr'><strong>l&#39;.</strong></span> <span class='ocrx_word' id='word_1_506' title='bbox 2565 3362 2688 3413; x_wconf 78' lang='grc' dir='ltr'>Ὅτι</span> <span class='ocrx_word' id='word_1_507' title='bbox 2703 3361 2759 3412; x_wconf 79' lang='grc' dir='ltr'>ἐν</span> <span class='ocrx_word' id='word_1_508' title='bbox 2772 3362 2882 3417; x_wconf 77' lang='grc' dir='ltr'>τοῖς</span> <span class='ocrx_word' id='word_1_509' title='bbox 2900 3359 3113 3427; x_wconf 80' lang='grc' dir='ltr'>καιροῖς</span> <span class='ocrx_word' id='word_1_510' title='bbox 3131 3355 3476 3424; x_wconf 76' lang='grc' dir='ltr'>Μαξιμιανοῦ</span> <span class='ocrx_word' id='word_1_511' title='bbox 3493 3352 3583 3408; x_wconf 78' lang='grc' dir='ltr'>τοῦ</span> <span class='ocrx_word' id='word_1_512' title='bbox 3600 3354 3834 3408; x_wconf 76' lang='grc' dir='ltr'>διώκτου</span> <span class='ocrx_word' id='word_1_513' title='bbox 3854 3357 3987 3426; x_wconf 79' lang='grc' dir='ltr'>κόρη</span> 
     </span>
    </p>
   </div>
   <div class='ocr_carea' id='block_1_76' title="bbox 2410 3448 3990 3521">
    <p class='ocr_par' dir='ltr' id='par_1_76' title="bbox 2410 3448 3990 3521">
     <span class='ocr_line' id='line_1_76' title="bbox 2410 3448 3990 3521; baseline -0.002 -17"><span class='ocrx_word' id='word_1_514' title='bbox 2410 3469 2494 3514; x_wconf 86' lang='grc' dir='ltr'>τις</span> <span class='ocrx_word' id='word_1_515' title='bbox 2515 3456 2570 3505; x_wconf 71' lang='grc' dir='ltr'>ἐν</span> <span class='ocrx_word' id='word_1_516' title='bbox 2599 3453 2654 3503; x_wconf 74' lang='grc' dir='ltr'><strong>Ἀ</strong></span> <span class='ocrx_word' id='word_1_517' title='bbox 2665 3451 3000 3521; x_wconf 73' lang='grc' dir='ltr'>λεξανδρείᾳ,</span> <span class='ocrx_word' id='word_1_518' title='bbox 3014 3450 3174 3518; x_wconf 81' lang='grc' dir='ltr'>δούλη</span> <span class='ocrx_word' id='word_1_519' title='bbox 3196 3450 3336 3512; x_wconf 82' lang='grc' dir='ltr'>τινὸς</span> <span class='ocrx_word' id='word_1_520' title='bbox 3355 3449 3670 3518; x_wconf 78' lang='grc' dir='ltr'>ὑπάρχουσα</span> <span class='ocrx_word' id='word_1_521' title='bbox 3687 3448 3797 3500; x_wconf 82' lang='grc' dir='ltr'><strong>τὼν</strong></span> <span class='ocrx_word' id='word_1_522' title='bbox 3815 3451 3990 3501; x_wconf 75' lang='grc' dir='ltr'>ἐκεῖσε</span> 
     </span>
    </p>
   </div>
   <div class='ocr_carea' id='block_1_77' title="bbox 2413 3543 3990 3614">
    <p class='ocr_par' dir='ltr' id='par_1_77' title="bbox 2413 3543 3990 3614">
     <span class='ocr_line' id='line_1_77' title="bbox 2413 3543 3990 3614; baseline -0.001 -15"><span class='ocrx_word' id='word_1_523' title='bbox 2413 3545 2706 3599; x_wconf 58' lang='grc' dir='ltr'>πλουσίων</span> <span class='ocrx_word' id='word_1_524' title='bbox 2743 3543 2882 3614; x_wconf 76' lang='grc' dir='ltr'>αὕτη</span> <span class='ocrx_word' id='word_1_525' title='bbox 2920 3545 2974 3597; x_wconf 81' lang='grc' dir='ltr'>δὲ</span> <span class='ocrx_word' id='word_1_526' title='bbox 3011 3544 3229 3614; x_wconf 77' lang='grc' dir='ltr'>ἐλέγετο</span> <span class='ocrx_word' id='word_1_527' title='bbox 3257 3543 3597 3612; x_wconf 77' lang='grc' dir='ltr'>Ποτσμιήνα.</span> <span class='ocrx_word' id='word_1_528' title='bbox 3651 3544 3990 3613; x_wconf 72' lang='grc' dir='ltr'>Ηνσγκάσδη</span> 
     </span>
    </p>
   </div>
   <div class='ocr_carea' id='block_1_78' title="bbox 2413 3635 3992 3708">
    <p class='ocr_par' dir='ltr' id='par_1_78' title="bbox 2413 3635 3992 3708">
     <span class='ocr_line' id='line_1_78' title="bbox 2413 3635 3992 3708; baseline -0.002 -19"><span class='ocrx_word' id='word_1_529' title='bbox 2413 3639 2565 3708; x_wconf 83' lang='grc' dir='ltr'><strong>παρά</strong></span> <span class='ocrx_word' id='word_1_530' title='bbox 2596 3639 2688 3690; x_wconf 76' lang='grc' dir='ltr'>τοῦ</span> <span class='ocrx_word' id='word_1_531' title='bbox 2718 3638 2848 3690; x_wconf 82' lang='grc' dir='ltr'>ἰδίου</span> <span class='ocrx_word' id='word_1_532' title='bbox 2878 3638 3140 3689; x_wconf 79' lang='grc' dir='ltr'>δεσπότου</span> <span class='ocrx_word' id='word_1_533' title='bbox 3199 3635 3588 3702; x_wconf 73' lang='grc' dir='ltr'>συγκαθεύδειν</span> <span class='ocrx_word' id='word_1_534' title='bbox 3626 3635 3797 3704; x_wconf 80' lang='grc' dir='ltr'>αὐτῷ.</span> <span class='ocrx_word' id='word_1_535' title='bbox 3851 3635 3912 3688; x_wconf 86' lang='lat' dir='ltr'><strong>&#39;ll</strong></span> <span class='ocrx_word' id='word_1_536' title='bbox 3939 3637 3992 3687; x_wconf 69' lang='grc' dir='ltr'><strong>ὁὶ</strong></span> 
     </span>
    </p>
   </div>
   <div class='ocr_carea' id='block_1_79' title="bbox 2414 3726 3989 3797">
    <p class='ocr_par' dir='ltr' id='par_1_79' title="bbox 2414 3726 3989 3797">
     <span class='ocr_line' id='line_1_79' title="bbox 2414 3726 3989 3797; baseline -0.001 -16"><span class='ocrx_word' id='word_1_537' title='bbox 2414 3728 2572 3781; x_wconf 84' lang='grc' dir='ltr'>εἶπεν</span> <span class='ocrx_word' id='word_1_538' title='bbox 2598 3746 2612 3759; x_wconf 73' lang='grc' dir='ltr'><strong>ο</strong></span> <span class='ocrx_word' id='word_1_539' title='bbox 2654 3730 2776 3779; x_wconf 77' lang='grc' dir='ltr'>Ὅτι</span> <span class='ocrx_word' id='word_1_540' title='bbox 2813 3727 3052 3794; x_wconf 74' lang='grc' dir='ltr'>Χριστοῦ</span> <span class='ocrx_word' id='word_1_541' title='bbox 3098 3728 3214 3794; x_wconf 81' lang='grc' dir='ltr'>ειμι</span> <span class='ocrx_word' id='word_1_542' title='bbox 3268 3726 3451 3797; x_wconf 82' lang='grc' dir='ltr'>δούλη,</span> <span class='ocrx_word' id='word_1_543' title='bbox 3487 3729 3578 3778; x_wconf 77' lang='grc' dir='ltr'>καὶ</span> <span class='ocrx_word' id='word_1_544' title='bbox 3616 3728 3678 3778; x_wconf 81' lang='grc' dir='ltr'>οὐ</span> <span class='ocrx_word' id='word_1_545' title='bbox 3716 3729 3989 3795; x_wconf 72' lang='grc' dir='ltr'>πορνεόω.</span> 
     </span>
    </p>
   </div>
   <div class='ocr_carea' id='block_1_80' title="bbox 2428 3817 3993 3893">
    <p class='ocr_par' dir='ltr' id='par_1_80' title="bbox 2428 3817 3993 3893">
     <span class='ocr_line' id='line_1_80' title="bbox 2428 3817 3993 3893; baseline -0.003 -18"><span class='ocrx_word' id='word_1_546' title='bbox 2428 3822 2486 3875; x_wconf 83' lang='grc' dir='ltr'>Ὀ</span> <span class='ocrx_word' id='word_1_547' title='bbox 2513 3821 2567 3874; x_wconf 80' lang='grc' dir='ltr'>δὲ</span> <span class='ocrx_word' id='word_1_548' title='bbox 2600 3820 2864 3888; x_wconf 87' lang='grc' dir='ltr'>δεσπότης</span> <span class='ocrx_word' id='word_1_549' title='bbox 2899 3819 3129 3893; x_wconf 72' lang='grc' dir='ltr'>ἐφήδετο</span> <span class='ocrx_word' id='word_1_550' title='bbox 3165 3818 3338 3886; x_wconf 75' lang='grc' dir='ltr'>αὐτῆς</span> <span class='ocrx_word' id='word_1_551' title='bbox 3377 3818 3481 3880; x_wconf 74' lang='grc' dir='ltr'><strong>ἕως</strong></span> <span class='ocrx_word' id='word_1_552' title='bbox 3511 3818 3653 3878; x_wconf 83' lang='grc' dir='ltr'>τινό;</span> <span class='ocrx_word' id='word_1_553' title='bbox 3676 3831 3688 3844; x_wconf 83' lang='grc'><em>’</em></span> <span class='ocrx_word' id='word_1_554' title='bbox 3725 3817 3758 3887; x_wconf 79' lang='grc' dir='ltr'>ἡ</span> <span class='ocrx_word' id='word_1_555' title='bbox 3791 3818 3849 3868; x_wconf 80' lang='grc' dir='ltr'>δὲ</span> <span class='ocrx_word' id='word_1_556' title='bbox 3897 3819 3993 3870; x_wconf 71' lang='grc' dir='ltr'>οὐκ</span> 
     </span>
    </p>
   </div>
   <div class='ocr_carea' id='block_1_81' title="bbox 2415 3909 3993 3980">
    <p class='ocr_par' dir='ltr' id='par_1_81' title="bbox 2415 3909 3993 3980">
     <span class='ocr_line' id='line_1_81' title="bbox 2415 3909 3993 3980; baseline -0.002 -15"><span class='ocrx_word' id='word_1_557' title='bbox 2415 3911 2644 3980; x_wconf 70' lang='grc' dir='ltr'>ἐπείσθη</span> <span class='ocrx_word' id='word_1_558' title='bbox 2667 3929 2678 3942; x_wconf 87' lang='grc'><strong>·</strong></span> <span class='ocrx_word' id='word_1_559' title='bbox 2711 3912 2873 3972; x_wconf 74' lang='grc' dir='ltr'>αὐτὸς</span> <span class='ocrx_word' id='word_1_560' title='bbox 2908 3913 3008 3980; x_wconf 83' lang='grc' dir='ltr'><strong>μὲν</strong></span> <span class='ocrx_word' id='word_1_561' title='bbox 3031 3911 3149 3979; x_wconf 76' lang='grc' dir='ltr'>ἅμα</span> <span class='ocrx_word' id='word_1_562' title='bbox 3177 3911 3426 3979; x_wconf 81' lang='grc' dir='ltr'>ἀγαπῶν,</span> <span class='ocrx_word' id='word_1_563' title='bbox 3453 3909 3568 3979; x_wconf 76' lang='grc' dir='ltr'>ἅμα</span> <span class='ocrx_word' id='word_1_564' title='bbox 3599 3909 3655 3962; x_wconf 81' lang='grc' dir='ltr'>δὲ</span> <span class='ocrx_word' id='word_1_565' title='bbox 3685 3912 3779 3962; x_wconf 63' lang='grc' dir='ltr'>καὶ</span> <span class='ocrx_word' id='word_1_566' title='bbox 3807 3910 3993 3975; x_wconf 72' lang='grc' dir='ltr'>ἐλεῶν,</span> 
     </span>
    </p>
   </div>
   <div class='ocr_carea' id='block_1_82' title="bbox 2414 4004 3990 4072">
    <p class='ocr_par' dir='ltr' id='par_1_82' title="bbox 2414 4004 3990 4072">
     <span class='ocr_line' id='line_1_82' title="bbox 2414 4004 3990 4072; baseline -0.001 -13"><span class='ocrx_word' id='word_1_567' title='bbox 2414 4010 2517 4059; x_wconf 70' lang='grc' dir='ltr'><strong>οὐκ</strong></span> <span class='ocrx_word' id='word_1_568' title='bbox 2551 4007 2802 4070; x_wconf 78' lang='grc' dir='ltr'>ἔτυπτεν,</span> <span class='ocrx_word' id='word_1_569' title='bbox 2856 4005 2992 4058; x_wconf 74' lang='grc' dir='ltr'>ἀλλὰ</span> <span class='ocrx_word' id='word_1_570' title='bbox 3025 4005 3343 4072; x_wconf 81' lang='grc' dir='ltr'>παρέδωκεν</span> <span class='ocrx_word' id='word_1_571' title='bbox 3392 4005 3561 4070; x_wconf 74' lang='grc' dir='ltr'>αὐτὴν</span> <span class='ocrx_word' id='word_1_572' title='bbox 3611 4004 3688 4071; x_wconf 84' lang='grc' dir='ltr'><strong>τῷ</strong></span> <span class='ocrx_word' id='word_1_573' title='bbox 3738 4006 3990 4072; x_wconf 76' lang='grc' dir='ltr'>ἡγεμόνι,</span> 
     </span>
    </p>
   </div>
   <div class='ocr_carea' id='block_1_83' title="bbox 2414 4094 3993 4166">
    <p class='ocr_par' dir='ltr' id='par_1_83' title="bbox 2414 4094 3993 4166">
     <span class='ocr_line' id='line_1_83' title="bbox 2414 4094 3993 4166; baseline -0.001 -17"><span class='ocrx_word' id='word_1_574' title='bbox 2414 4100 2622 4164; x_wconf 78' lang='grc' dir='ltr'>λέγων·</span> <span class='ocrx_word' id='word_1_575' title='bbox 2676 4097 2798 4148; x_wconf 65' lang='grc' dir='ltr'>Ἐὰν</span> <span class='ocrx_word' id='word_1_576' title='bbox 2836 4095 3063 4164; x_wconf 79' lang='grc' dir='ltr'>συνῢῆτε</span> <span class='ocrx_word' id='word_1_577' title='bbox 3097 4095 3176 4163; x_wconf 78' lang='grc' dir='ltr'><strong>τῷ</strong></span> <span class='ocrx_word' id='word_1_578' title='bbox 3216 4094 3402 4164; x_wconf 82' lang='grc' dir='ltr'>σκοπῷ</span> <span class='ocrx_word' id='word_1_579' title='bbox 3455 4111 3579 4164; x_wconf 86' lang='grc' dir='ltr'>μου,</span> <span class='ocrx_word' id='word_1_580' title='bbox 3616 4095 3790 4164; x_wconf 82' lang='grc' dir='ltr'>φῆσαι</span> <span class='ocrx_word' id='word_1_581' title='bbox 3835 4096 3993 4166; x_wconf 73' lang='grc' dir='ltr'>αὐτῇ.</span> 
     </span>
    </p>
   </div>
   <div class='ocr_carea' id='block_1_84' title="bbox 2418 4186 3998 4259">
    <p class='ocr_par' dir='ltr' id='par_1_84' title="bbox 2418 4186 3998 4259">
     <span class='ocr_line' id='line_1_84' title="bbox 2418 4186 3998 4259; baseline -0.001 -16"><span class='ocrx_word' id='word_1_582' title='bbox 2418 4193 2467 4243; x_wconf 73' lang='grc' dir='ltr'>εἰ</span> <span class='ocrx_word' id='word_1_583' title='bbox 2493 4191 2547 4242; x_wconf 81' lang='grc' dir='ltr'>δὲ</span> <span class='ocrx_word' id='word_1_584' title='bbox 2578 4189 2676 4259; x_wconf 79' lang='grc' dir='ltr'><strong>μὴ,</strong></span> <span class='ocrx_word' id='word_1_585' title='bbox 2701 4188 2929 4240; x_wconf 76' lang='grc' dir='ltr'>κόλασον</span> <span class='ocrx_word' id='word_1_586' title='bbox 2953 4186 3120 4258; x_wconf 83' lang='grc' dir='ltr'>αὐτὴν</span> <span class='ocrx_word' id='word_1_587' title='bbox 3144 4186 3216 4248; x_wconf 80' lang='grc' dir='ltr'><strong>ὠς</strong></span> <span class='ocrx_word' id='word_1_588' title='bbox 3241 4187 3596 4256; x_wconf 79' lang='grc' dir='ltr'>Χριστιανήν.</span> <span class='ocrx_word' id='word_1_589' title='bbox 3624 4186 3998 4256; x_wconf 85' lang='grc' dir='ltr'>Παραδοθεῑσα</span> 
     </span>
    </p>
   </div>
   <div class='ocr_carea' id='block_1_85' title="bbox 2418 4275 3994 4351">
    <p class='ocr_par' dir='ltr' id='par_1_85' title="bbox 2418 4275 3994 4351">
     <span class='ocr_line' id='line_1_85' title="bbox 2418 4275 3994 4351; baseline -0.004 -14"><span class='ocrx_word' id='word_1_590' title='bbox 2418 4285 2472 4337; x_wconf 69' lang='grc' dir='ltr'>δὲ</span> <span class='ocrx_word' id='word_1_591' title='bbox 2503 4282 2578 4351; x_wconf 80' lang='grc' dir='ltr'><strong>τῷ</strong></span> <span class='ocrx_word' id='word_1_592' title='bbox 2611 4282 2862 4351; x_wconf 73' lang='grc' dir='ltr'>ἡγεμόνι,</span> <span class='ocrx_word' id='word_1_593' title='bbox 2898 4285 2987 4333; x_wconf 81' lang='grc' dir='ltr'><strong>καί</strong></span> <span class='ocrx_word' id='word_1_594' title='bbox 3020 4280 3191 4332; x_wconf 77' lang='grc' dir='ltr'>πολλὰ</span> <span class='ocrx_word' id='word_1_595' title='bbox 3223 4278 3358 4348; x_wconf 81' lang='grc' dir='ltr'>παρ’</span> <span class='ocrx_word' id='word_1_596' title='bbox 3391 4275 3556 4330; x_wconf 83' lang='grc' dir='ltr'>αὑτοῦ</span> <span class='ocrx_word' id='word_1_597' title='bbox 3592 4277 3994 4332; x_wconf 78' lang='grc' dir='ltr'>κολακευθιίσα</span> 
     </span>
    </p>
   </div>
   <div class='ocr_carea' id='block_1_86' title="bbox 2420 4371 3992 4442">
    <p class='ocr_par' dir='ltr' id='par_1_86' title="bbox 2420 4371 3992 4442">
     <span class='ocr_line' id='line_1_86' title="bbox 2420 4371 3992 4442; baseline -0.004 -15"><span class='ocrx_word' id='word_1_598' title='bbox 2420 4376 2513 4427; x_wconf 76' lang='grc' dir='ltr'>τοῦ</span> <span class='ocrx_word' id='word_1_599' title='bbox 2542 4373 2830 4439; x_wconf 81' lang='grc' dir='ltr'>πεισθῆναι</span> <span class='ocrx_word' id='word_1_600' title='bbox 2859 4376 2971 4433; x_wconf 79' lang='grc' dir='ltr'>τοῖς</span> <span class='ocrx_word' id='word_1_601' title='bbox 2999 4371 3091 4422; x_wconf 74' lang='grc' dir='ltr'><strong>τοῦ</strong></span> <span class='ocrx_word' id='word_1_602' title='bbox 3123 4372 3385 4423; x_wconf 76' lang='grc' dir='ltr'>δεσπότου</span> <span class='ocrx_word' id='word_1_603' title='bbox 3416 4373 3738 4441; x_wconf 78' lang='grc' dir='ltr'>κελεύμασι,</span> <span class='ocrx_word' id='word_1_604' title='bbox 3764 4372 3992 4442; x_wconf 81' lang='grc' dir='ltr'>ἀποκρι-</span> 
     </span>
    </p>
   </div>
   <div class='ocr_carea' id='block_1_87' title="bbox 2424 4460 3997 4533">
    <p class='ocr_par' dir='ltr' id='par_1_87' title="bbox 2424 4460 3997 4533">
     <span class='ocr_line' id='line_1_87' title="bbox 2424 4460 3997 4533; baseline 0 -17"><span class='ocrx_word' id='word_1_605' title='bbox 2424 4465 2579 4516; x_wconf 81' lang='grc' dir='ltr'>Θείσα</span> <span class='ocrx_word' id='word_1_606' title='bbox 2608 4460 2760 4516; x_wconf 78' lang='grc' dir='ltr'>εἶπεν</span> <span class='ocrx_word' id='word_1_607' title='bbox 2782 4479 2793 4492; x_wconf 91' lang='grc'><strong>·</strong></span> <span class='ocrx_word' id='word_1_608' title='bbox 2825 4463 2915 4531; x_wconf 80' lang='grc' dir='ltr'><strong>Μὴ</strong></span> <span class='ocrx_word' id='word_1_609' title='bbox 2949 4466 3158 4530; x_wconf 81' lang='grc' dir='ltr'>γένοιτο</span> <span class='ocrx_word' id='word_1_610' title='bbox 3187 4461 3427 4524; x_wconf 80' lang='grc' dir='ltr'>τοιοῦτός</span> <span class='ocrx_word' id='word_1_611' title='bbox 3462 4479 3588 4514; x_wconf 85' lang='grc' dir='ltr'>ποτε</span> <span class='ocrx_word' id='word_1_612' title='bbox 3621 4463 3904 4533; x_wconf 68' lang='grc' dir='ltr'>δικαστὴς,</span> <span class='ocrx_word' id='word_1_613' title='bbox 3940 4464 3997 4526; x_wconf 78' lang='grc' dir='ltr'><strong>ὃς</strong></span> 
     </span>
    </p>
   </div>
   <div class='ocr_carea' id='block_1_88' title="bbox 741 4553 2300 4632">
    <p class='ocr_par' dir='ltr' id='par_1_88' title="bbox 741 4553 2300 4632">
     <span class='ocr_line' id='line_1_88' title="bbox 741 4553 2300 4632; baseline -0.016 -3"><span class='ocrx_word' id='word_1_614' title='bbox 741 4577 850 4632; x_wconf 86' lang='lat' dir='ltr'><strong>lam</strong></span> <span class='ocrx_word' id='word_1_615' title='bbox 882 4571 1104 4624; x_wconf 85' lang='lat' dir='ltr'><strong>obedire</strong></span> <span class='ocrx_word' id='word_1_616' title='bbox 1128 4566 1341 4620; x_wconf 86' lang='lat' dir='ltr'><strong>libidini</strong></span> <span class='ocrx_word' id='word_1_617' title='bbox 1367 4562 1593 4615; x_wconf 88' lang='lat' dir='ltr'><strong>domini.</strong></span> <span class='ocrx_word' id='word_1_618' title='bbox 1633 4559 1879 4627; x_wconf 88' lang='lat' dir='ltr'><strong>Cumque</strong></span> <span class='ocrx_word' id='word_1_619' title='bbox 1925 4560 2215 4626; x_wconf 66' lang='lat' dir='ltr'><strong>praefectus</strong></span> <span class='ocrx_word' id='word_1_620' title='bbox 2245 4553 2300 4605; x_wconf 86' lang='lat' dir='ltr'><strong>ti-</strong></span> 
     </span>
    </p>
   </div>
   <div class='ocr_carea' id='block_1_89' title="bbox 2403 4553 3997 4632">
    <p class='ocr_par' dir='ltr' id='par_1_89' title="bbox 2424 4554 3997 4626">
     <span class='ocr_line' id='line_1_89' title="bbox 2424 4554 3997 4626; baseline -0.004 -13"><span class='ocrx_word' id='word_1_621' title='bbox 2424 4558 2632 4613; x_wconf 74' lang='grc' dir='ltr'>κελεύει</span> <span class='ocrx_word' id='word_1_622' title='bbox 2663 4554 2871 4626; x_wconf 72' lang='grc' dir='ltr'>ἀσωτίᾳ</span> <span class='ocrx_word' id='word_1_623' title='bbox 2903 4556 3167 4608; x_wconf 74' lang='grc' dir='ltr'>δεσπότου</span> <span class='ocrx_word' id='word_1_624' title='bbox 3197 4555 3392 4624; x_wconf 75' lang='grc' dir='ltr'>δούλην</span> <span class='ocrx_word' id='word_1_625' title='bbox 3427 4555 3856 4608; x_wconf 74' lang='grc' dir='ltr'>ὑποτάσσεσῡαι.</span> <span class='ocrx_word' id='word_1_626' title='bbox 3896 4555 3997 4607; x_wconf 80' lang='grc' dir='ltr'><strong>Τοῦ</strong></span> 
     </span>
    </p>
   </div>
   <div class='ocr_carea' id='block_1_90' title="bbox 744 4647 2313 4720">
    <p class='ocr_par' dir='ltr' id='par_1_90' title="bbox 744 4647 2313 4720">
     <span class='ocr_line' id='line_1_90' title="bbox 744 4647 2313 4720; baseline -0.013 0"><span class='ocrx_word' id='word_1_627' title='bbox 744 4679 954 4720; x_wconf 81' lang='lat' dir='ltr'><strong>morem</strong></span> <span class='ocrx_word' id='word_1_628' title='bbox 980 4664 1252 4714; x_wconf 87' lang='lat' dir='ltr'><strong>incuteret</strong></span> <span class='ocrx_word' id='word_1_629' title='bbox 1282 4673 1293 4708; x_wconf 91' lang='lat'><strong>:</strong></span> <span class='ocrx_word' id='word_1_630' title='bbox 1327 4656 1384 4708; x_wconf 89' lang='lat' dir='ltr'><strong>1n</strong></span> <span class='ocrx_word' id='word_1_631' title='bbox 1413 4655 1648 4708; x_wconf 86' lang='lat' dir='ltr'><strong>lebetetn</strong></span> <span class='ocrx_word' id='word_1_632' title='bbox 1688 4663 1736 4705; x_wconf 87' lang='lat' dir='ltr'><strong>te</strong></span> <span class='ocrx_word' id='word_1_633' title='bbox 1769 4651 2078 4720; x_wconf 77' lang='lat' dir='ltr'><strong>conjiciam,</strong></span> <span class='ocrx_word' id='word_1_634' title='bbox 2112 4657 2170 4699; x_wconf 94' lang='lat' dir='ltr'><strong>ut</strong></span> <span class='ocrx_word' id='word_1_635' title='bbox 2195 4647 2313 4715; x_wconf 90' lang='lat' dir='ltr'><strong>pice</strong></span> 
     </span>
    </p>
   </div>
   <div class='ocr_carea' id='block_1_91' title="bbox 744 4738 2311 4814">
    <p class='ocr_par' dir='ltr' id='par_1_91' title="bbox 744 4738 2311 4814">
     <span class='ocr_line' id='line_1_91' title="bbox 744 4738 2311 4814; baseline -0.011 -4"><span class='ocrx_word' id='word_1_636' title='bbox 744 4752 1101 4814; x_wconf 87' lang='lat' dir='ltr'><strong>comburaris,</strong></span> <span class='ocrx_word' id='word_1_637' title='bbox 1146 4764 1271 4803; x_wconf 91' lang='lat' dir='ltr'><strong>cum</strong></span> <span class='ocrx_word' id='word_1_638' title='bbox 1323 4747 1626 4801; x_wconf 86' lang='lat' dir='ltr'><strong>christiana</strong></span> <span class='ocrx_word' id='word_1_639' title='bbox 1682 4745 1790 4805; x_wconf 87' lang='lat' dir='ltr'><strong>sis;</strong></span> <span class='ocrx_word' id='word_1_640' title='bbox 1845 4744 1958 4797; x_wconf 66' lang='lat' dir='ltr'><strong>haec</strong></span> <span class='ocrx_word' id='word_1_641' title='bbox 1999 4740 2138 4793; x_wconf 89' lang='lat' dir='ltr'><strong>dixit</strong></span> <span class='ocrx_word' id='word_1_642' title='bbox 2183 4738 2260 4791; x_wconf 92' lang='lat' dir='ltr'><strong>illi</strong></span> <span class='ocrx_word' id='word_1_643' title='bbox 2297 4756 2311 4792; x_wconf 87' lang='lat'><strong>:</strong></span> 
     </span>
    </p>
   </div>
   <div class='ocr_carea' id='block_1_92' title="bbox 744 4836 2314 4913">
    <p class='ocr_par' dir='ltr' id='par_1_92' title="bbox 744 4836 2314 4913">
     <span class='ocr_line' id='line_1_92' title="bbox 744 4836 2314 4913; baseline -0.01 -12"><span class='ocrx_word' id='word_1_644' title='bbox 744 4848 849 4901; x_wconf 81' lang='lat' dir='ltr'><strong>Per</strong></span> <span class='ocrx_word' id='word_1_645' title='bbox 883 4848 1047 4913; x_wconf 74' lang='lat' dir='ltr'><strong>caput</strong></span> <span class='ocrx_word' id='word_1_646' title='bbox 1086 4840 1437 4909; x_wconf 81' lang='lat' dir='ltr'><strong>imperatoris</strong></span> <span class='ocrx_word' id='word_1_647' title='bbox 1467 4839 1718 4904; x_wconf 87' lang='lat' dir='ltr'><strong>(multum</strong></span> <span class='ocrx_word' id='word_1_648' title='bbox 1744 4836 1889 4887; x_wconf 83' lang='lat' dir='ltr'><strong>enim</strong></span> <span class='ocrx_word' id='word_1_649' title='bbox 1918 4836 2062 4886; x_wconf 85' lang='lat' dir='ltr'><strong>hunc</strong></span> <span class='ocrx_word' id='word_1_650' title='bbox 2091 4845 2314 4885; x_wconf 81' lang='lat' dir='ltr'><strong>revere-</strong></span> 
     </span>
    </p>
   </div>
   <div class='ocr_carea' id='block_1_93' title="bbox 747 4926 2312 5008">
    <p class='ocr_par' dir='ltr' id='par_1_93' title="bbox 747 4926 2312 5008">
     <span class='ocr_line' id='line_1_93' title="bbox 747 4926 2312 5008; baseline -0.01 -18"><span class='ocrx_word' id='word_1_651' title='bbox 747 4936 843 5008; x_wconf 86' lang='lat' dir='ltr'><strong>ris)</strong></span> <span class='ocrx_word' id='word_1_652' title='bbox 878 4954 942 4990; x_wconf 86' lang='lat' dir='ltr'><strong>tte</strong></span> <span class='ocrx_word' id='word_1_653' title='bbox 971 4937 1162 5005; x_wconf 83' lang='lat' dir='ltr'><strong>jubeas</strong></span> <span class='ocrx_word' id='word_1_654' title='bbox 1188 4933 1350 4986; x_wconf 90' lang='lat' dir='ltr'><strong>simul</strong></span> <span class='ocrx_word' id='word_1_655' title='bbox 1377 4940 1430 4983; x_wconf 79' lang='lat' dir='ltr'><strong>et</strong></span> <span class='ocrx_word' id='word_1_656' title='bbox 1460 4929 1626 4982; x_wconf 88' lang='lat' dir='ltr'><strong>semel</strong></span> <span class='ocrx_word' id='word_1_657' title='bbox 1650 4943 1731 4981; x_wconf 88' lang='lat' dir='ltr'><strong>me</strong></span> <span class='ocrx_word' id='word_1_658' title='bbox 1770 4928 1956 4997; x_wconf 87' lang='lat' dir='ltr'><strong>projici</strong></span> <span class='ocrx_word' id='word_1_659' title='bbox 1982 4927 2034 4978; x_wconf 90' lang='lat' dir='ltr'><strong>itt</strong></span> <span class='ocrx_word' id='word_1_660' title='bbox 2054 4926 2312 4985; x_wconf 77' lang='lat' dir='ltr'><strong>lebetent,</strong></span> 
     </span>
    </p>
   </div>
   <div class='ocr_carea' id='block_1_94' title="bbox 746 5014 2316 5097">
    <p class='ocr_par' dir='ltr' id='par_1_94' title="bbox 746 5014 2316 5097">
     <span class='ocr_line' id='line_1_94' title="bbox 746 5014 2316 5097; baseline -0.009 -16"><span class='ocrx_word' id='word_1_661' title='bbox 746 5029 840 5081; x_wconf 66' lang='lat' dir='ltr'><strong>sed</strong></span> <span class='ocrx_word' id='word_1_662' title='bbox 877 5026 1135 5097; x_wconf 86' lang='lat' dir='ltr'><strong>paulatim</strong></span> <span class='ocrx_word' id='word_1_663' title='bbox 1167 5023 1405 5085; x_wconf 89' lang='lat' dir='ltr'><strong>demitti,</strong></span> <span class='ocrx_word' id='word_1_664' title='bbox 1435 5030 1493 5074; x_wconf 90' lang='lat' dir='ltr'><strong>ut</strong></span> <span class='ocrx_word' id='word_1_665' title='bbox 1529 5021 1681 5074; x_wconf 88' lang='lat' dir='ltr'><strong>noris</strong></span> <span class='ocrx_word' id='word_1_666' title='bbox 1720 5022 1985 5090; x_wconf 75' lang='lat' dir='ltr'><strong>quantum</strong></span> <span class='ocrx_word' id='word_1_667' title='bbox 2039 5014 2316 5094; x_wconf 70' lang='lat' dir='ltr'><strong>patienti-.2</strong></span> 
     </span>
    </p>
   </div>
   <div class='ocr_carea' id='block_1_95' title="bbox 746 5114 1393 5175">
    <p class='ocr_par' dir='ltr' id='par_1_95' title="bbox 746 5114 1393 5175">
     <span class='ocr_line' id='line_1_95' title="bbox 746 5114 1393 5175; baseline -0.008 -6"><span class='ocrx_word' id='word_1_668' title='bbox 746 5119 1002 5175; x_wconf 77' lang='lat' dir='ltr'><strong>Christus</strong></span> <span class='ocrx_word' id='word_1_669' title='bbox 1037 5115 1166 5168; x_wconf 84' lang='lat' dir='ltr'><strong>mihi</strong></span> <span class='ocrx_word' id='word_1_670' title='bbox 1203 5114 1393 5168; x_wconf 84' lang='lat' dir='ltr'><strong>donet.</strong></span> 
     </span>
    </p>
   </div>
   <div class='ocr_carea' id='block_1_96' title="bbox 821 5334 2326 5409">
    <p class='ocr_par' dir='ltr' id='par_1_96' title="bbox 821 5334 2326 5409">
     <span class='ocr_line' id='line_1_96' title="bbox 821 5334 2326 5409; baseline -0.005 -15"><span class='ocrx_word' id='word_1_671' title='bbox 821 5341 908 5394; x_wconf 75' lang='lat' dir='ltr'><strong>XI.</strong></span> <span class='ocrx_word' id='word_1_672' title='bbox 947 5341 1066 5408; x_wconf 84' lang='lat' dir='ltr'><strong>Ipsa</strong></span> <span class='ocrx_word' id='word_1_673' title='bbox 1100 5341 1284 5409; x_wconf 83' lang='lat' dir='ltr'><strong>itaque</strong></span> <span class='ocrx_word' id='word_1_674' title='bbox 1317 5340 1369 5392; x_wconf 88' lang='lat' dir='ltr'><strong>in</strong></span> <span class='ocrx_word' id='word_1_675' title='bbox 1409 5338 1642 5391; x_wconf 86' lang='lat' dir='ltr'><strong>lebetem</strong></span> <span class='ocrx_word' id='word_1_676' title='bbox 1683 5337 1901 5406; x_wconf 83' lang='lat' dir='ltr'><strong>injecta,</strong></span> <span class='ocrx_word' id='word_1_677' title='bbox 1931 5334 2096 5389; x_wconf 91' lang='lat' dir='ltr'><strong>simul</strong></span> <span class='ocrx_word' id='word_1_678' title='bbox 2162 5343 2326 5401; x_wconf 83' lang='lat' dir='ltr'><strong>atque</strong></span> 
     </span>
    </p>
   </div>
   <div class='ocr_carea' id='block_1_97' title="bbox 751 5425 2332 5503">
    <p class='ocr_par' dir='ltr' id='par_1_97' title="bbox 751 5425 2332 5503">
     <span class='ocr_line' id='line_1_97' title="bbox 751 5425 2332 5503; baseline -0.006 -17"><span class='ocrx_word' id='word_1_679' title='bbox 751 5434 840 5503; x_wconf 80' lang='lat' dir='ltr'><strong>pix</strong></span> <span class='ocrx_word' id='word_1_680' title='bbox 866 5433 928 5486; x_wconf 86' lang='lat' dir='ltr'><strong>ad</strong></span> <span class='ocrx_word' id='word_1_681' title='bbox 962 5433 1157 5484; x_wconf 82' lang='lat' dir='ltr'><strong>collum</strong></span> <span class='ocrx_word' id='word_1_682' title='bbox 1184 5431 1458 5500; x_wconf 77' lang='lat' dir='ltr'><strong>pervenit,</strong></span> <span class='ocrx_word' id='word_1_683' title='bbox 1492 5430 1744 5497; x_wconf 80' lang='lat' dir='ltr'><strong>spiritum</strong></span> <span class='ocrx_word' id='word_1_684' title='bbox 1775 5445 1932 5481; x_wconf 88' lang='lat' dir='ltr'><strong>suum</strong></span> <span class='ocrx_word' id='word_1_685' title='bbox 1967 5426 2207 5480; x_wconf 86' lang='lat' dir='ltr'><strong>tradidit.</strong></span> <span class='ocrx_word' id='word_1_686' title='bbox 2241 5425 2332 5479; x_wconf 77' lang='lat' dir='ltr'><strong>Vi-</strong></span> 
     </span>
    </p>
   </div>
   <div class='ocr_carea' id='block_1_98' title="bbox 751 5517 2332 5595">
    <p class='ocr_par' dir='ltr' id='par_1_98' title="bbox 751 5517 2332 5595">
     <span class='ocr_line' id='line_1_98' title="bbox 751 5517 2332 5595; baseline -0.008 -14"><span class='ocrx_word' id='word_1_687' title='bbox 751 5528 911 5589; x_wconf 88' lang='lat' dir='ltr'><strong>detis,</strong></span> <span class='ocrx_word' id='word_1_688' title='bbox 944 5525 1090 5595; x_wconf 88' lang='lat' dir='ltr'><strong>quod</strong></span> <span class='ocrx_word' id='word_1_689' title='bbox 1125 5524 1347 5587; x_wconf 89' lang='lat' dir='ltr'><strong>mulier,</strong></span> <span class='ocrx_word' id='word_1_690' title='bbox 1400 5537 1524 5592; x_wconf 71' lang='lat' dir='ltr'><strong>qua:</strong></span> <span class='ocrx_word' id='word_1_691' title='bbox 1577 5529 1696 5575; x_wconf 86' lang='lat' dir='ltr'><strong>erat</strong></span> <span class='ocrx_word' id='word_1_692' title='bbox 1762 5519 1876 5572; x_wconf 85' lang='lat' dir='ltr'><strong>sola</strong></span> <span class='ocrx_word' id='word_1_693' title='bbox 1935 5529 1992 5571; x_wconf 90' lang='lat' dir='ltr'><strong>et</strong></span> <span class='ocrx_word' id='word_1_694' title='bbox 2028 5517 2224 5570; x_wconf 83' lang='lat' dir='ltr'><strong>ancilla</strong></span> <span class='ocrx_word' id='word_1_695' title='bbox 2277 5526 2332 5570; x_wconf 85' lang='lat' dir='ltr'><strong>et</strong></span> 
     </span>
    </p>
   </div>
   <div class='ocr_carea' id='block_1_99' title="bbox 795 5692 1441 5759">
    <p class='ocr_par' dir='ltr' id='par_1_99' title="bbox 795 5692 1441 5759">
     <span class='ocr_line' id='line_1_99' title="bbox 795 5692 1441 5759; baseline 0.002 -14"><span class='ocrx_word' id='word_1_696' title='bbox 795 5695 810 5720; x_wconf 53' lang='grc' dir='ltr'>θ</span> <span class='ocrx_word' id='word_1_697' title='bbox 861 5694 1049 5747; x_wconf 78' lang='lat' dir='ltr'><strong>Matth.</strong></span> <span class='ocrx_word' id='word_1_698' title='bbox 1113 5709 1162 5759; x_wconf 82' lang='lat' dir='ltr'><strong>x,</strong></span> <span class='ocrx_word' id='word_1_699' title='bbox 1208 5692 1299 5759; x_wconf 63' lang='grc' dir='ltr'><strong>σε,</strong></span> <span class='ocrx_word' id='word_1_700' title='bbox 1351 5692 1441 5747; x_wconf 78' lang='lat'><strong>&#39;53.</strong></span> 
     </span>
    </p>
   </div>
   <div class='ocr_carea' id='block_1_100' title="bbox 2424 4647 3998 4722">
    <p class='ocr_par' dir='ltr' id='par_1_100' title="bbox 2424 4647 3998 4722">
     <span class='ocr_line' id='line_1_100' title="bbox 2424 4647 3998 4722; baseline -0.003 -16"><span class='ocrx_word' id='word_1_701' title='bbox 2424 4655 2482 4706; x_wconf 81' lang='grc' dir='ltr'>δὲ</span> <span class='ocrx_word' id='word_1_702' title='bbox 2524 4650 2791 4722; x_wconf 69' lang='grc' dir='ltr'>ἡγεμόνος</span> <span class='ocrx_word' id='word_1_703' title='bbox 2829 4650 3196 4718; x_wconf 70' lang='grc' dir='ltr'>φοόησαντος,</span> <span class='ocrx_word' id='word_1_704' title='bbox 3220 4649 3300 4701; x_wconf 86' lang='grc' dir='ltr'>ὃτι</span> <span class='ocrx_word' id='word_1_705' title='bbox 3331 4651 3387 4699; x_wconf 82' lang='grc' dir='ltr'>ὲν</span> <span class='ocrx_word' id='word_1_706' title='bbox 3422 4647 3498 4713; x_wconf 83' lang='grc' dir='ltr'>τῷ</span> <span class='ocrx_word' id='word_1_707' title='bbox 3526 4647 3714 4714; x_wconf 75' lang='grc' dir='ltr'>λέϐητί</span> <span class='ocrx_word' id='word_1_708' title='bbox 3740 4664 3798 4698; x_wconf 89' lang='grc' dir='ltr'><strong>σε</strong></span> <span class='ocrx_word' id='word_1_709' title='bbox 3830 4648 3998 4717; x_wconf 71' lang='grc' dir='ltr'><strong>ἐμϐά-</strong></span> 
     </span>
    </p>
   </div>
   <div class='ocr_carea' id='block_1_101' title="bbox 2425 4737 3998 4809">
    <p class='ocr_par' dir='ltr' id='par_1_101' title="bbox 2425 4737 3998 4809">
     <span class='ocr_line' id='line_1_101' title="bbox 2425 4737 3998 4809; baseline -0.006 -13"><span class='ocrx_word' id='word_1_710' title='bbox 2425 4746 2520 4806; x_wconf 80' lang='grc' dir='ltr'>λω,</span> <span class='ocrx_word' id='word_1_711' title='bbox 2556 4743 2915 4809; x_wconf 82' lang='grc' dir='ltr'>συγκαίεσυαι</span> <span class='ocrx_word' id='word_1_712' title='bbox 2946 4745 3008 4807; x_wconf 82' lang='grc' dir='ltr'>τῇ</span> <span class='ocrx_word' id='word_1_713' title='bbox 3043 4741 3211 4807; x_wconf 75' lang='grc' dir='ltr'>πίσσῃ</span> <span class='ocrx_word' id='word_1_714' title='bbox 3246 4739 3319 4800; x_wconf 84' lang='grc' dir='ltr'>ὡς</span> <span class='ocrx_word' id='word_1_715' title='bbox 3349 4739 3684 4807; x_wconf 78' lang='grc' dir='ltr'>Χριστιανην</span> <span class='ocrx_word' id='word_1_716' title='bbox 3726 4737 3894 4789; x_wconf 66' lang='grc' dir='ltr'>οὖσαν</span> <span class='ocrx_word' id='word_1_717' title='bbox 3920 4755 3933 4766; x_wconf 90' lang='grc'><strong>·</strong></span> <span class='ocrx_word' id='word_1_718' title='bbox 3968 4741 3998 4808; x_wconf 72' lang='grc' dir='ltr'><strong>η</strong></span> 
     </span>
    </p>
   </div>
   <div class='ocr_carea' id='block_1_102' title="bbox 2423 4829 3997 4901">
    <p class='ocr_par' dir='ltr' id='par_1_102' title="bbox 2423 4829 3997 4901">
     <span class='ocr_line' id='line_1_102' title="bbox 2423 4829 3997 4901; baseline -0.003 -14"><span class='ocrx_word' id='word_1_719' title='bbox 2423 4838 2479 4887; x_wconf 77' lang='grc' dir='ltr'>δὲ</span> <span class='ocrx_word' id='word_1_720' title='bbox 2506 4830 2657 4890; x_wconf 79' lang='grc' dir='ltr'>εἶπεν</span> <span class='ocrx_word' id='word_1_721' title='bbox 2693 4832 2840 4900; x_wconf 71' lang='grc' dir='ltr'>αὐτῷ</span> <span class='ocrx_word' id='word_1_722' title='bbox 2871 4832 2970 4900; x_wconf 76' lang='grc' dir='ltr'><strong>τὴν</strong></span> <span class='ocrx_word' id='word_1_723' title='bbox 3002 4832 3246 4898; x_wconf 73' lang='grc' dir='ltr'>κεφαλήν</span> <span class='ocrx_word' id='word_1_724' title='bbox 3273 4847 3352 4882; x_wconf 83' lang='grc' dir='ltr'><strong>σοι</strong></span> <span class='ocrx_word' id='word_1_725' title='bbox 3380 4829 3472 4882; x_wconf 77' lang='grc' dir='ltr'><strong>τοῦ</strong></span> <span class='ocrx_word' id='word_1_726' title='bbox 3500 4830 3788 4898; x_wconf 79' lang='grc' dir='ltr'>βασιλέως,</span> <span class='ocrx_word' id='word_1_727' title='bbox 3816 4830 3997 4901; x_wconf 73' lang='grc' dir='ltr'>ἐπειδὴ</span> 
     </span>
    </p>
   </div>
   <div class='ocr_carea' id='block_1_103' title="bbox 2429 4922 3996 4995">
    <p class='ocr_par' dir='ltr' id='par_1_103' title="bbox 2429 4922 3996 4995">
     <span class='ocr_line' id='line_1_103' title="bbox 2429 4922 3996 4995; baseline -0.002 -17"><span class='ocrx_word' id='word_1_728' title='bbox 2429 4927 2562 4978; x_wconf 79' lang='grc' dir='ltr'>πολὺ</span> <span class='ocrx_word' id='word_1_729' title='bbox 2600 4925 2736 4995; x_wconf 69' lang='grc' dir='ltr'><strong>φοϐῇ</strong></span> <span class='ocrx_word' id='word_1_730' title='bbox 2771 4926 2954 4989; x_wconf 77' lang='grc' dir='ltr'>αὑτὸν,</span> <span class='ocrx_word' id='word_1_731' title='bbox 2993 4928 3065 4993; x_wconf 80' lang='grc' dir='ltr'><strong>μὴ</strong></span> <span class='ocrx_word' id='word_1_732' title='bbox 3105 4925 3383 4984; x_wconf 80' lang='grc' dir='ltr'>κελεύσεις</span> <span class='ocrx_word' id='word_1_733' title='bbox 3423 4925 3530 4976; x_wconf 74' lang='grc' dir='ltr'><strong>ἀπὸ</strong></span> <span class='ocrx_word' id='word_1_734' title='bbox 3570 4922 3720 4987; x_wconf 74' lang='grc' dir='ltr'>ἅπαξ</span> <span class='ocrx_word' id='word_1_735' title='bbox 3777 4925 3996 4994; x_wconf 46' lang='lat' dir='ltr'><strong>diei,in</strong></span> 
     </span>
    </p>
   </div>
   <div class='ocr_carea' id='block_1_104' title="bbox 2433 5016 4000 5087">
    <p class='ocr_par' dir='ltr' id='par_1_104' title="bbox 2433 5016 4000 5087">
     <span class='ocr_line' id='line_1_104' title="bbox 2433 5016 4000 5087; baseline -0.002 -18"><span class='ocrx_word' id='word_1_736' title='bbox 2433 5036 2498 5087; x_wconf 83' lang='grc' dir='ltr'>με</span> <span class='ocrx_word' id='word_1_737' title='bbox 2548 5021 2604 5069; x_wconf 77' lang='grc' dir='ltr'>ἐν</span> <span class='ocrx_word' id='word_1_738' title='bbox 2661 5018 2737 5085; x_wconf 69' lang='grc' dir='ltr'>τῷ</span> <span class='ocrx_word' id='word_1_739' title='bbox 2800 5016 3017 5083; x_wconf 73' lang='grc' dir='ltr'>λέϐητι,</span> <span class='ocrx_word' id='word_1_740' title='bbox 3073 5016 3208 5069; x_wconf 81' lang='grc' dir='ltr'>ἀλλὰ</span> <span class='ocrx_word' id='word_1_741' title='bbox 3264 5018 3402 5067; x_wconf 75' lang='grc' dir='ltr'><strong>κατά</strong></span> <span class='ocrx_word' id='word_1_742' title='bbox 3463 5017 3660 5084; x_wconf 74' lang='grc' dir='ltr'>μικρὸν</span> <span class='ocrx_word' id='word_1_743' title='bbox 3729 5017 4000 5084; x_wconf 66' lang='grc' dir='ltr'>χαλασθῇ-</span> 
     </span>
    </p>
   </div>
   <div class='ocr_carea' id='block_1_105' title="bbox 2431 5107 3998 5176">
    <p class='ocr_par' dir='ltr' id='par_1_105' title="bbox 2431 5107 3998 5176">
     <span class='ocr_line' id='line_1_105' title="bbox 2431 5107 3998 5176; baseline -0.003 -15"><span class='ocrx_word' id='word_1_744' title='bbox 2431 5129 2540 5169; x_wconf 80' lang='grc' dir='ltr'>ναι,</span> <span class='ocrx_word' id='word_1_745' title='bbox 2594 5111 2678 5160; x_wconf 82' lang='grc' dir='ltr'><strong>ἵνα</strong></span> <span class='ocrx_word' id='word_1_746' title='bbox 2738 5108 2904 5176; x_wconf 72' lang='grc' dir='ltr'>γνῷς,</span> <span class='ocrx_word' id='word_1_747' title='bbox 2956 5109 3128 5175; x_wconf 80' lang='grc' dir='ltr'>πόσην</span> <span class='ocrx_word' id='word_1_748' title='bbox 3199 5125 3290 5176; x_wconf 77' lang='grc' dir='ltr'>μοι</span> <span class='ocrx_word' id='word_1_749' title='bbox 3342 5108 3618 5175; x_wconf 71' lang='grc' dir='ltr'>ὑπομονήν</span> <span class='ocrx_word' id='word_1_750' title='bbox 3681 5109 3708 5156; x_wconf 82' lang='grc' dir='ltr'><strong>ό</strong></span> <span class='ocrx_word' id='word_1_751' title='bbox 3771 5107 3998 5176; x_wconf 72' lang='grc' dir='ltr'>Χριστὸς</span> 
     </span>
    </p>
   </div>
   <div class='ocr_carea' id='block_1_106' title="bbox 2426 5205 2737 5274">
    <p class='ocr_par' dir='ltr' id='par_1_106' title="bbox 2426 5205 2737 5274">
     <span class='ocr_line' id='line_1_106' title="bbox 2426 5205 2737 5274; baseline -0.003 -18"><span class='ocrx_word' id='word_1_752' title='bbox 2426 5205 2737 5274; x_wconf 72' lang='grc' dir='ltr'>χαρίζεται.</span> 
     </span>
    </p>
   </div>
   <div class='ocr_carea' id='block_1_107' title="bbox 2497 5315 3999 5392">
    <p class='ocr_par' dir='ltr' id='par_1_107' title="bbox 2497 5315 3999 5392">
     <span class='ocr_line' id='line_1_107' title="bbox 2497 5315 3999 5392; baseline -0.005 -16"><span class='ocrx_word' id='word_1_753' title='bbox 2497 5324 2598 5376; x_wconf 75' lang='lat' dir='ltr'><strong>lA&#39;.</strong></span> <span class='ocrx_word' id='word_1_754' title='bbox 2629 5325 2736 5376; x_wconf 69' lang='grc' dir='ltr'><strong>Κοῦ⁸</strong></span> <span class='ocrx_word' id='word_1_755' title='bbox 2775 5322 3066 5392; x_wconf 65' lang='grc' dir='ltr'>βληθείσης</span> <span class='ocrx_word' id='word_1_756' title='bbox 3103 5323 3272 5392; x_wconf 71' lang='grc' dir='ltr'>αὐτῆς</span> <span class='ocrx_word' id='word_1_757' title='bbox 3296 5323 3352 5373; x_wconf 84' lang='grc' dir='ltr'>ὲν</span> <span class='ocrx_word' id='word_1_758' title='bbox 3377 5321 3453 5390; x_wconf 79' lang='grc' dir='ltr'>τῷ</span> <span class='ocrx_word' id='word_1_759' title='bbox 3475 5321 3686 5390; x_wconf 77' lang='grc' dir='ltr'>λέϐητι,</span> <span class='ocrx_word' id='word_1_760' title='bbox 3723 5320 3800 5383; x_wconf 81' lang='grc' dir='ltr'><strong>ὡς</strong></span> <span class='ocrx_word' id='word_1_761' title='bbox 3843 5315 3999 5390; x_wconf 72' lang='grc' dir='ltr'>ἦλθεν</span> 
     </span>
    </p>
   </div>
   <div class='ocr_carea' id='block_1_108' title="bbox 2429 5412 3997 5487">
    <p class='ocr_par' dir='ltr' id='par_1_108' title="bbox 2429 5412 3997 5487">
     <span class='ocr_line' id='line_1_108' title="bbox 2429 5412 3997 5487; baseline -0.004 -21"><span class='ocrx_word' id='word_1_762' title='bbox 2429 5418 2558 5487; x_wconf 72' lang='grc' dir='ltr'>περὶ</span> <span class='ocrx_word' id='word_1_763' title='bbox 2590 5417 2680 5468; x_wconf 80' lang='grc' dir='ltr'><strong>τὸν</strong></span> <span class='ocrx_word' id='word_1_764' title='bbox 2711 5417 2986 5485; x_wconf 77' lang='grc' dir='ltr'>τράχηλον</span> <span class='ocrx_word' id='word_1_765' title='bbox 3029 5420 3062 5484; x_wconf 75' lang='grc' dir='ltr'>ἡ</span> <span class='ocrx_word' id='word_1_766' title='bbox 3129 5415 3319 5480; x_wconf 77' lang='grc' dir='ltr'>πίσσα,</span> <span class='ocrx_word' id='word_1_767' title='bbox 3378 5415 3630 5467; x_wconf 76' lang='grc' dir='ltr'>ἀπέδωκε</span> <span class='ocrx_word' id='word_1_768' title='bbox 3676 5414 3776 5482; x_wconf 81' lang='grc' dir='ltr'>τὴν</span> <span class='ocrx_word' id='word_1_769' title='bbox 3825 5412 3997 5480; x_wconf 74' lang='grc' dir='ltr'>ψυχὴν</span> 
     </span>
    </p>
   </div>
   <div class='ocr_carea' id='block_1_109' title="bbox 2430 5505 3998 5582">
    <p class='ocr_par' dir='ltr' id='par_1_109' title="bbox 2430 5505 3998 5582">
     <span class='ocr_line' id='line_1_109' title="bbox 2430 5505 3998 5582; baseline -0.006 -17"><span class='ocrx_word' id='word_1_770' title='bbox 2430 5513 2622 5582; x_wconf 71' lang='grc' dir='ltr'>αὐτῆς.</span> <span class='ocrx_word' id='word_1_771' title='bbox 2673 5513 2890 5582; x_wconf 72' lang='grc' dir='ltr'>Ὁρᾶτε,</span> <span class='ocrx_word' id='word_1_772' title='bbox 2924 5512 3008 5562; x_wconf 74' lang='grc' dir='ltr'><strong>ὅτι</strong></span> <span class='ocrx_word' id='word_1_773' title='bbox 3043 5508 3180 5580; x_wconf 77' lang='grc' dir='ltr'>γυνὴ</span> <span class='ocrx_word' id='word_1_774' title='bbox 3211 5508 3347 5580; x_wconf 79' lang='grc' dir='ltr'>μόνη</span> <span class='ocrx_word' id='word_1_775' title='bbox 3393 5506 3484 5560; x_wconf 81' lang='grc' dir='ltr'><strong>καὶ</strong></span> <span class='ocrx_word' id='word_1_776' title='bbox 3516 5505 3685 5578; x_wconf 77' lang='grc' dir='ltr'>δούλη</span> <span class='ocrx_word' id='word_1_777' title='bbox 3729 5507 3998 5574; x_wconf 65' lang='grc' dir='ltr'>ὑπάρχους</span> 
     </span>
    </p>
   </div>
   <div class='ocr_carea' id='block_1_110' title="bbox 825 5843 2749 5917">
    <p class='ocr_par' dir='ltr' id='par_1_110' title="bbox 825 5843 2749 5917">
     <span class='ocr_line' id='line_1_110' title="bbox 825 5843 2749 5917; baseline 0 -16"><span class='ocrx_word' id='word_1_778' title='bbox 825 5848 900 5910; x_wconf 70' lang='lat'><strong>(&#39;2)</strong></span> <span class='ocrx_word' id='word_1_779' title='bbox 944 5851 1013 5904; x_wconf 86' lang='lat' dir='ltr'><strong>De</strong></span> <span class='ocrx_word' id='word_1_780' title='bbox 1047 5853 1145 5907; x_wconf 87' lang='lat' dir='ltr'><strong>hac</strong></span> <span class='ocrx_word' id='word_1_781' title='bbox 1178 5851 1214 5906; x_wconf 87' lang='lat' dir='ltr'><strong><em>S</em></strong></span> <span class='ocrx_word' id='word_1_782' title='bbox 1274 5849 1594 5907; x_wconf 85' lang='lat' dir='ltr'><strong>Potamieua</strong></span> <span class='ocrx_word' id='word_1_783' title='bbox 1625 5848 1844 5917; x_wconf 88' lang='lat' dir='ltr'><strong>juniore</strong></span> <span class='ocrx_word' id='word_1_784' title='bbox 1873 5857 2055 5901; x_wconf 86' lang='lat' dir='ltr'><strong>actum</strong></span> <span class='ocrx_word' id='word_1_785' title='bbox 2088 5853 2219 5897; x_wconf 92' lang='lat' dir='ltr'><strong>tom.</strong></span> <span class='ocrx_word' id='word_1_786' title='bbox 2263 5843 2324 5897; x_wconf 91' lang='lat' dir='ltr'><strong>ll.</strong></span> <span class='ocrx_word' id='word_1_787' title='bbox 2369 5845 2513 5898; x_wconf 89' lang='lat' dir='ltr'><strong>Junii</strong></span> <span class='ocrx_word' id='word_1_788' title='bbox 2541 5862 2663 5914; x_wconf 75' lang='lat' dir='ltr'><strong>pag.</strong></span> <span class='ocrx_word' id='word_1_789' title='bbox 2696 5847 2749 5901; x_wconf 85' lang='lat'><strong>6.</strong></span> 
     </span>
    </p>
   </div>
  </div>
