4180 6504
210 474 306 538 333

1137 467 1609 529 MARTYRIUM
1651 467 1759 529 SS.
1805 467 1950 526 XLV
1989 464 2443 529 MARTYRUM.

3330 470 3432 533 334

201 600 281 643 σα,
308 582 395 637 καὶ
431 581 515 653 μὴ
548 581 743 653 ἔχουσα
771 584 968 652 ἑαυτῆς
994 581 1265 649 ἐξουσίαν,
1295 581 1467 643 οὕτως
1496 584 1562 650 τῇ
1591 580 1767 651 μεγά-

1890 598 1988 651 luas
2011 598 2118 636 non
2157 583 2393 637 habebat
2424 590 2750 654 potestatem
2777 585 2859 639 sui
2895 584 3090 655 ipsius,
3113 597 3219 642 tam
3245 602 3440 660 magna

198 672 257 741 λῇ
302 672 557 741 ὑπομονῇ
622 672 921 742 κατῄσχυνε
954 671 1043 723 τὸν
1075 672 1361 741 τύραννον.
1399 670 1463 723 Τί
1506 670 1573 722 ἂν
1604 671 1771 722 εἶποιο

201 781 291 834 μεν
321 764 533 833 ἡμεϊςς
574 764 605 835 ἢ
640 764 770 818 ποία
803 762 1096 833 ὑπέρθεσις
1132 763 1284 815 ἔσται
1338 761 1434 815 τοῦ
1470 762 1545 832 μὴ
1575 763 1773 816 ἀποθα-

199 860 298 910 νεῖν
337 858 480 928 ὑπὲρ
520 857 615 912 τοῦ
650 857 853 927 Κυρίου
888 855 1046 925 ἡμῶν
1086 854 1257 926 Ἰησοῦ
1298 856 1573 927 Χριστοῦς
1616 856 1769 909 Μετὰ

200 951 301 1021 γὰρ
339 950 441 1022 τὴν
485 951 775 1004 τελείωσιν
816 948 972 1016 ἡμῶν
1035 950 1091 1002 αἱ
1134 948 1235 1021 μὲν
1266 948 1435 1019 ψυχαὶ
1475 950 1632 1017 ἡμῶν
1671 948 1772 1000 ὑπὸ

198 1044 361 1112 ἁγίων
398 1043 660 1110 ἀγγέλων
694 1039 1146 1110 δορυφοροῦνται,
1185 1040 1279 1093 καὶ
1321 1042 1379 1092 ὲν
1409 1042 1474 1109 τῇ
1522 1038 1772 1110 βασιλείᾳ

196 1134 299 1187 τῶν
348 1133 609 1203 οὐρανῶν
664 1134 918 1199 στέφανοι
967 1133 1061 1185 καὶ
1114 1133 1272 1199 τιμαὶ
1325 1132 1571 1183 ἔσονται·
1609 1131 1678 1182 τά
1715 1130 1772 1183 δὲ

196 1226 418 1294 λείψανα
479 1224 647 1293 ἡμῶν
694 1222 834 1292 μετὰ
884 1225 1057 1293 χαρᾶς
1105 1224 1199 1276 καὶ
1222 1222 1381 1291 δόξης
1413 1223 1553 1274 κατὰ
1589 1224 1773 1275 πᾶσαν

197 1317 289 1386 τὴν
331 1315 672 1385 οἰκουμένην
730 1314 1130 1381 ἐκπέμπονται.
1191 1312 1301 1365 Kal.
1346 1312 1523 1365 ταῦτα
1574 1310 1767 1373 εἰπὼν,

199 1408 403 1468 πάντας
438 1402 1043 1475 παρεθάρρυνεν,ὦστε
1079 1404 1174 1456 καὶ
1206 1404 1405 1460 αὐτοὺς
1434 1403 1632 1455 εἰπεῖν.
1666 1401 1772 1455 Τοῦ

197 1500 400 1567 Κυρίου
460 1499 526 1551 τδ
583 1498 792 1568 θέλημα
839 1496 1103 1567 γενέσθω.
1168 1496 1466 1559 Καύσωνος
1513 1495 1569 1547 δὲ
1622 1494 1774 1557 ὄντος

194 1591 493 1660 ἀφορήτου,
520 1590 688 1661 ἡνίκα
742 1589 913 1642 ταῦτα
965 1591 1083 1651 τοῖς
1131 1589 1309 1655 ἁγίοις
1338 1588 1645 1650 συνέϐαινε,
1680 1586 1777 1639 καὶ

195 1681 583 1752 ἐκκαιομὲνων
629 1681 805 1733 αὐτῶν
850 1684 915 1749 τῇ
959 1679 1108 1749 δίψη,
1136 1680 1231 1730 καὶ
1272 1677 1631 1747 κωλυομένων
1666 1676 1774 1727 τῶν

194 1773 406 1825 οἰκείων
439 1771 726 1826 ἐπιδοῦναι
772 1773 955 1836 αὐτοῖς
993 1773 1178 1841 ἄρτον,
1230 1771 1263 1841 ἢ
1302 1769 1468 1839 ὕδωρ,
1511 1770 1650 1839 γυνή
1691 1784 1776 1830 τις

194 1864 456 1936 θεοσεϐὴς
497 1866 727 1934 ὀνόματι
762 1865 1028 1935 Βασιανὴ,
1055 1862 1405 1933 εὐσχημόνως
1434 1860 1772 1931 ὲνδυσαμένη

1874 674 2137 744 patientia
2174 682 2462 745 tyrannum
2497 674 2829 731 confuderit.
2862 676 3001 742 Quid
3035 694 3167 749 ergo
3196 694 3298 735 nos
3357 682 3445 735 di-

1874 767 2099 821 cemus?
2120 778 2214 821 aut
2249 768 2425 838 qualis
2450 768 2639 824 dilatio
2660 770 2766 823 erit
2792 785 2899 823 non
2924 771 3063 824 mori
3090 786 3187 841 pro
3208 772 3443 828 Domino

1876 871 2065 915 nostro
2093 861 2222 915 Jesu
2264 860 2521 918 Christo?
2553 862 2685 915 Nam
2719 870 2841 931 post
2888 872 3119 917 mortem
3173 875 3442 927 nostram,

1875 953 2073 1007 animae
2108 964 2310 1008 nostrae
2338 963 2653 1008 sanctorum
2693 954 3011 1024 angelorum
3052 956 3312 1011 satellitio
3345 958 3444 1012 Sti—

1875 1045 2187 1114 pabuntur;
2218 1056 2273 1098 et
2301 1046 2353 1098 in
2390 1060 2559 1115 regno
2585 1045 2848 1099 cmlorum
2887 1061 3108 1100 corona:
3133 1056 3187 1102 et
3212 1048 3446 1102 honores

1874 1146 2075 1190 crunt:
2108 1136 2355 1205 reliquiae
2388 1146 2569 1189 autem
2595 1147 2796 1195 nostra:
2818 1153 2940 1191 cum
2992 1139 3190 1207 gaudio
3240 1150 3298 1193 et
3346 1140 3450 1193 ho—

1876 1242 2012 1281 nore
2035 1242 2133 1296 per
2155 1228 2471 1281 universum
2498 1226 2688 1281 orbem
2717 1228 3186 1283 trausmittentur.
3212 1228 3337 1285 ch
3369 1230 3448 1284 fa-

1876 1325 1991 1379 tus,
2050 1317 2543 1371 onmibusanimos
2575 1317 2809 1381 addidit,
2867 1318 3006 1375 adeo
3036 1327 3093 1372 ut
3155 1320 3255 1390 ipsi
3309 1335 3450 1389 quo-

1877 1426 1984 1480 que
2024 1410 2274 1465 dicerent
2304 1428 2316 1463 :
2350 1411 2565 1465 Domini
2599 1411 2851 1465 voluntas
2899 1411 3017 1465 liat.
3071 1412 3209 1467 Cum
3267 1423 3449 1468 autem

1877 1518 1988 1572 quo
2029 1512 2273 1572 tempore
2306 1503 2421 1558 haec
2453 1504 2780 1559 eveniebant
2826 1505 3050 1569 sanctis,
3102 1515 3268 1561 aestus
3308 1519 3455 1562 esset

1880 1594 2266 1659 intolerabilis,
2296 1604 2350 1649 et
2390 1611 2500 1665 pra:
2533 1596 2621 1649 siti
2650 1608 3052 1662 exurerentur;
3090 1613 3325 1667 cumque
3370 1598 3455 1652 in-

1876 1701 2044 1756 super
2072 1686 2431 1741 interdictum
2455 1687 2773 1741 domesticis
2806 1698 2954 1742 esset
2980 1688 3226 1757 praebere
3251 1688 3332 1741 eis
3360 1702 3457 1757 pa-

1877 1792 2004 1831 nem
2037 1784 2133 1829 aut
2168 1791 2389 1846 aquam,
2423 1777 2619 1830 mulier
2649 1776 2895 1845 quzedam
2929 1778 3037 1845 pia,
3080 1777 3304 1831 nomine
3349 1777 3455 1830 Ba-

1880 1870 2056 1933 siana,
2080 1869 2338 1923 muliebri
2365 1870 2565 1925 amictu
2622 1869 2823 1924 decore
2853 1869 3064 1933 induta,
3097 1869 3327 1924 mal‘orio
3376 1870 3456 1939 t3)

195 1957 289 2029 τὴν
336 1958 667 2026 γυναικείαν
720 1958 935 2028 στολὴν,
974 1957 1071 2011 καὶ
1118 1957 1385 2026 μαφόριον
1441 1953 1779 2024 πλατύτερον

1890 1966 2100 2027 latiore,
2165 1978 2330 2033 quam
2394 1962 2624 2026 solebat,
2667 1961 3029 2026 circumdata,
3065 1962 3274 2031 poculis
3303 1976 3459 2031 aqua:

196 2051 291 2119 τῆς
319 2050 623 2121 συνηθείας
650 2049 1106 2121 περιϐαλλομένη,
1142 2048 1399 2109 κώθωνας
1429 2046 1619 2110 ὓδατος
1644 2046 1780 2115 πλή-

197 2161 309 2213 ρεις
344 2143 760 2213 διαζωσαμένη,
816 2142 910 2196 καὶ
961 2142 1036 2204 ὡς
1069 2138 1409 2208 ἐπισκέψεως
1451 2138 1611 2207 χάριν
1641 2140 1774 2190 ἀνυ-

195 2239 420 2298 πόπτως
447 2237 591 2306 πρὸς
615 2236 805 2297 αὐτοὺς
830 2232 1279 2303 είσπορευομένη,
1302 2230 1548 2294 ἐπότιζεν
1577 2228 1775 2291 αὐτοὺς

195 2329 599 2391 λανθανόντως.

1882 2056 2061 2127 plenis
2086 2056 2264 2109 cincta
2298 2062 2353 2108 et
2384 2065 2639 2123 tanquam
2672 2054 2881 2109 visendi
2908 2055 3079 2124 gratia
3108 2054 3227 2107 sine
3279 2051 3460 2122 suspi-

1884 2150 2042 2203 cione
2076 2147 2143 2201 ad
2174 2161 2269 2201 eos
2296 2146 2565 2217 profecta,
2592 2146 2730 2200 clam
2766 2145 2899 2215 ipsis
2923 2156 3112 2215 potum
3143 2144 3314 2199 dedit.

1648 2475 1876 2533 CAPUT
1918 2476 2009 2531 IIl.

644 2601 829 2659 Sancti
866 2604 1069 2673 {rustra
1113 2601 1186 2655 ad
1228 2600 1430 2673 cultum
1478 2598 1697 2673 deorum
1733 2598 2065 2673 incitantur;
2090 2599 2161 2673 in
2196 2593 2321 2649 deos
2355 2603 2405 2649 et
2450 2604 2741 2666 tyrannum
2769 2595 3031 2648 invehitur

1141 2682 1360 2727 sanctus
1394 2668 1672 2733 Leontius;
1717 2669 1860 2722 clam
1915 2685 1948 2721 α
1990 2668 2208 2720 muliere
2249 2673 2524 2737 petantur.

267 2804 373 2861 ιβ’.
425 2798 1006 2869 Διανυκτερεύσαντες
1062 2797 1120 2851 δὲ
1171 2799 1228 2850 ὲν
1276 2797 1354 2866 τῷ
1411 2797 1591 2849 σκότει
1645 2789 1786 2865 ἦσαν

196 2896 637 2968 ἀγαλλιώμενοι,
670 2892 745 2956 ὡς
771 2894 827 2945 ὲν
860 2892 1066 2963 ἡμέρᾳ,
1094 2891 1188 2943 καὶ
1221 2889 1449 2957 ἔψαλλον
1478 2888 1615 2957 ὁμοῦ
1648 2888 1789 2941 πάν-

195 3007 284 3054 τες
306 2990 594 3057 λέγοντες’
616 3004 635 3038 ι
662 2983 873 3049 Ἐξελοῦ
895 3001 960 3054 με
985 2986 1052 3034 ἐκ
1073 2982 1181 3034 τῶν
1199 2980 1410 3051 ἐχθρῶν
1440 2996 1563 3050 μου,
1581 2979 1609 3030 6
1633 2978 1785 3042 Θεὸς,

195 3085 287 3135 καὶ
352 3084 422 3133 ἐκ
471 3081 588 3130 τῶν
621 3076 1076 3145 ἐπανισταμένων
1107 3074 1193 3127 ἐπ’
1223 3074 1325 3143 ἐμὲ
1369 3071 1639 3144 λύτρωσαί
1687 3085 1785 3140 με’

197 3172 360 3243 ῥῦσαί
392 3189 466 3238 με
506 3173 577 3222 ἐκ
608 3169 718 3220 τῶν
748 3167 1137 3237 ἐργαζομένων
1180 3168 1280 3235 τὴν
1311 3167 1567 3234 ἀνομίαν,
1600 3167 1695 3217 καὶ
1726 3164 1788 3228 ἐξ

192 3264 407 3335 ἀνδρῶν
458 3261 718 3333 αἱμάτων
754 3259 923 3313 σῶσόν
968 3275 1058 3328 με,
1088 3277 1105 3309 ι
1147 3260 1241 3311 καί
1298 3258 1366 3309 τὰ
1392 3258 1539 3324 ἑξῆς.
1573 3259 1636 3309 Οἱ
1681 3257 1789 3329 γὰρ

195 3358 451 3412 πλεῖστοι
475 3355 664 3412 αὐτῶν
693 3355 891 3426 νεαρᾶς
913 3352 1129 3427 ἡλικίας
1164 3346 1305 3425 ἦσαν
1338 3349 1789 3423 ἐκμεμαθηκότες

194 3453 319 3515 τοὺς
348 3451 642 3523 ψαλμοὺς.
679 3448 794 3502 Καὶ
828 3447 1150 3507 τελέσαντες
1188 3445 1290 3515 τὴν
1337 3443 1659 3513 νυκτερινὴν
1701 3442 1792 3492 εύ-

194 3549 314 3617 χὴν,
351 3544 642 3611 ἐκάθηντο
689 3542 1033 3611 ἐκδεχόμενοι
1060 3539 1155 3609 τὴν
1186 3538 1338 3609 παρὰ
1368 3536 1462 3588 τοῦ
1494 3533 1629 3588 Θεοῦ
1667 3533 1791 3605 βοή-

192 3640 372 3693 θειαν.
440 3636 509 3687 ’0
564 3634 625 3685 δὲ
679 3633 838 3695 δοὺξ,
874 3636 931 3683 ὲν
986 3631 1227 3700 φροντίδι
1286 3630 1596 3696 γενόμενος,
1661 3626 1792 3697 ποίᾳ

197 3727 449 3800 τιμωρίᾳ
510 3723 737 3778 κολάσει
780 3723 908 3786 τοὺς
955 3722 1166 3789 ἁγίους,
1200 3721 1406 3781 ἄϋπνος
1434 3721 1659 3772 διετέλει
1693 3721 1793 3788 τὴν

193 3822 393 3876 νύκτα.
454 3820 599 3887 Περὶ
647 3816 703 3869 δὲ
760 3818 850 3870 τὸν
881 3813 1078 3885 ὄρθρον
1130 3810 1559 3881 ἀφυπνὼσαντος
1601 3810 1791 3877 αὑτοῦ,

194 3918 456 3986 παρέστη
507 3911 665 3978 αὐτῷ
709 3913 736 3963 6
772 3911 1036 3973 Σατανᾶς,
1069 3911 1281 3977 λέγων*
1327 3908 1631 3977 Ἀνδρίζου,
1678 3908 1790 3959 Λυ-

197 4011 326 4063 σία·
389 4004 514 4073 ἐγὼ
572 4005 682 4071 γάρ
737 4004 848 4072 εἰμι
905 4006 933 4055 6
996 4004 1345 4073 Ἀσκληπιὸς,
1411 4005 1492 4065 εἰς
1546 4002 1604 4053 ὃν
1664 4001 1792 4069 χθὲς

193 4100 419 4170 ὤμνυες
448 4114 461 4127 ο
503 4096 650 4149 ἀλλὰ
696 4096 936 4159 ἀναστὰς
967 4096 1281 4165 τιμώρησον
1323 4095 1445 4157 τοὺς
1477 4094 1795 4165 ἀνθρώπους

192 4193 469 4256 τούτους’
506 4188 662 4252 ἅπαξ
728 4190 834 4259 γὰρ
892 4190 1387 4259 βλασφημήσαντες
1436 4190 1530 4241 καὶ
1576 4186 1796 4257 ἐνυϐρί-

196 4303 395 4350 σαντες
452 4281 565 4337 οὖκ
604 4283 744 4333 είσιν
771 4280 909 4345 ἄξιοι
950 4282 1048 4349 τῆς
1081 4283 1354 4350 ἡμετέρας
1389 4280 1642 4348 θεότητος
1666 4295 1682 4310 ο
1712 4278 1796 4343 ξέ-

194 4398 287 4435 σον
318 4377 420 4435 οὖν
444 4374 686 4436 αὐτούς·
716 4370 832 4426 οἰδα
874 4372 985 4443 γὰρ
1023 4373 1122 4442 τὴν
1170 4373 1424 4426 ἔνστασιν
1471 4372 1673 4438 αὐτῶν,
1715 4372 1796 4424 ὅτι

190 4470 314 4524 οὕτε
349 4471 592 4523 θύουσιν
621 4467 774 4536 ἡμῖν,
806 4463 929 4518 οὔτε
974 4465 1374 4535 προσκυνοῦσιν
1399 4478 1413 4493 ·
1476 4462 1650 4515 πολλὰ
1688 4462 1797 4531 γὰρ

1955 2792 2071 2847 XII.
2101 2793 2238 2847 Dum
2273 2808 2406 2849 vero
2445 2800 2855 2863 pernoctarent,
2883 2792 2938 2847 in
2975 2794 3216 2850 tenebris
3236 2804 3346 2851 tam
3370 2813 3464 2853 ex-

1886 2888 2165 2943 sultabant
2200 2902 2364 2957 quam
2407 2887 2459 2939 in
2487 2887 2630 2951 luce,
2662 2886 3063 2956 cantabantque
3097 2904 3204 2942 una
3234 2904 3459 2946 omnes:

1894 2998 1912 3030 ι
1947 2980 2110 3047 Eripe
2144 2996 2229 3034 me
2255 2980 2320 3033 de
2350 2978 2612 3041 inimicis,
2647 2979 2791 3032 Deus
2837 2993 3012 3043 meus,
3050 2987 3105 3034 et
3155 2981 3223 3035 ab
3276 2983 3464 3037 insur-

1887 3072 2144 3143 gentibus
2173 3075 2225 3123 in
2261 3086 2346 3123 me
2375 3070 2585 3124 redime
2611 3085 2719 3124 me.
2754 3069 2949 3125 Libera
3000 3087 3086 3127 me
3116 3074 3185 3128 ab
3228 3088 3465 3144 operan-

1895 3163 2044 3217 tibus
2062 3162 2430 3233 iniquitatem,
2463 3170 2516 3216 ct
2536 3162 2603 3215 de
2626 3163 2759 3216 viris
2776 3164 3101 3234 sanguinum
3117 3167 3265 3221 salva
3281 3184 3367 3224 me
3383 3168 3425 3233 ⁸,
3440 3189 3459 3220 ο

1894 3266 2000 3311 etc.
2026 3257 2239 3326 Quippe
2275 3257 2497 3326 plurimi
2535 3256 2754 3309 illorum
2780 3258 2849 3310 ab
2887 3259 3111 3313 ineunte
3135 3270 3293 3315 astate
3320 3262 3468 3331 psal-

1894 3362 2015 3406 mos
2072 3348 2498 3421 perdidicerant.
2544 3346 2840 3407 Nocturnis
2895 3352 3151 3424 preejbus
3200 3352 3468 3412 absolutis

1895 3442 2182 3503 sedebant,
2233 3454 2619 3512 exspectantes
2668 3461 2697 3499 a
2750 3446 2860 3499 Deo
2914 3449 3202 3502 auxilium.
3243 3449 3464 3511 Atdux,

1895 3548 2025 3588 cura
2055 3533 2342 3589 confectus
2396 3550 2637 3605 quonam
2667 3533 2933 3607 supplicio
2956 3546 3177 3596 sanctos
3204 3539 3466 3599 afﬁceret.

1898 3636 2112 3679 noctem
2145 3626 2477 3696 transigebat
2505 3626 2793 3683 insomnis.
2820 3629 2925 3684 Sed
2958 3632 3049 3685 ubi
3082 3632 3186 3685 sub
3215 3647 3471 3686 auroram

1897 3719 2345 3782 obdormivisset,
2399 3716 2613 3773 adstitit
2676 3720 2810 3789 ipsis
2856 3722 3112 3788 Satanas,
3175 3739 3241 3779 ac
3302 3725 3469 3780 dixit:

1897 3809 2067 3863 Macte
2118 3810 2337 3873 animis,
2410 3810 2609 3880 Lysia:
2667 3827 2770 3884 ego
2828 3830 3067 3884 namque
3123 3816 3471 3888 Esculapius

1898 3916 2042 3961 sum.
2071 3917 2170 3969 per
2198 3916 2362 3971 quem
2406 3901 2666 3956 hesterno
2712 3904 2803 3959 die
2851 3907 3076 3975 jurasti,
3125 3918 3374 3963 atstrato
3420 3918 3473 3962 te

1896 3994 2140 4062 proripe,
2171 4004 2227 4047 et
2256 3995 2379 4048 illos
2403 3995 2655 4049 homines
2692 3996 2904 4065 plecte:
2964 4013 3089 4052 nam
3137 3999 3305 4055 semel
3358 4001 3475 4055 blao

1898 4087 2167 4157 sphemiis
2195 4096 2250 4141 et
2278 4085 2497 4156 injuriis
2549 4087 2633 4139 usi
2681 4089 2975 4145 divinitate
3024 4104 3211 4146 nostra
3266 4092 3473 4163 indigni

1899 4191 2048 4237 sunt.
2074 4181 2236 4236 Proin
2265 4178 2414 4235 caede
2468 4178 2625 4241 illos;
2689 4181 2808 4235 scio
2869 4181 3071 4250 quippe
3112 4182 3475 4251 pervicaciam

1901 4274 2164 4343 ipsorum.
2198 4270 2347 4340 quod
2383 4285 2483 4323 nec
2508 4270 2668 4323 nobis
2690 4273 2806 4327 sint
2829 4272 3213 4338 sacriﬁcaturi,
3237 4289 3338 4330 nec
3361 4275 3481 4330 cul-

1902 4374 2016 4419 tum
2056 4363 2314 4428 delaturi,
2340 4377 2463 4417 nam
2484 4361 2655 4415 multa
2686 4363 2979 4417 adversum
3024 4378 3110 4418 me
3140 4366 3399 4420 dixerunt
3423 4367 3478 4422 iu

1901 4473 2145 4514 carcere.
2174 4457 2294 4512 Mox
2321 4472 2452 4526 ergo
2478 4456 2759 4512 confracta
2794 4458 3034 4526 ipsorum
3076 4474 3198 4513 ossa
3247 4457 3478 4518 ﬂammis

191 4558 384 4624 ελεγον
437 4554 569 4607 κατ’
603 4553 741 4621 ἐμοῦ
775 4556 831 4605 ὲν
860 4556 925 4623 τῇ
964 4553 1206 4621 φυλακῇ.
1240 4553 1417 4614 Εύοὺς
1442 4552 1559 4617 οὖν,
1587 4552 1785 4614 κλάσας

1899 4551 2183 4612 combure,
2214 4560 2272 4604 et
2293 4549 2519 4602 ﬂuvium
2544 4547 2745 4619 Lycum
2773 4549 3011 4617 inquire,
3033 4557 3089 4604 et
3120 4550 3193 4604 ibi
3216 4551 3331 4605 haec
3361 4552 3479 4608 dis-

190 4649 377 4702 αύτῶν
406 4649 483 4702 τὰ
526 4647 689 4713 ὀστᾶ,
726 4646 930 4699 καῦσον
967 4647 1106 4699 αὐτὰ
1140 4650 1296 4717 πυρὶ,
1332 4648 1427 4700 καὶ
1468 4647 1796 4717 ἐπιζήτησον

190 4742 283 4797 τὸν
321 4740 523 4797 Λύκον
559 4737 831 4807 ποταμὸν,
884 4737 979 4790 καὶ
1025 4739 1143 4792 ἐκεί
1178 4738 1324 4793 αὐτὰ
1363 4736 1664 4791 ἀπόλεσον⁹
1708 4752 1801 4804 φο-

189 4836 401 4908 ϐοῦμαι
430 4835 554 4905 γὰρ
585 4833 662 4903 μή
698 4849 835 4896 πως,
867 4832 962 4885 ἐὰν
989 4831 1224 4903 εὕρωσιν
1258 4833 1401 4887 αύτά
1438 4830 1487 4884 οἱ
1531 4831 1800 4901 Χριστια-

187 4932 290 4995 νοὶ,
332 4928 822 4997 οἰκοδομήσαντες
865 4930 1049 4989 οὶκους
1104 4926 1380 4995 μεγάλους
1432 4925 1524 4977 καὶ
1561 4940 1796 4993 περιφα-

188 5023 319 5086 νεῖς,
368 5022 503 5072 ἐκεῖ
531 5017 738 5079 αὐτοὺς
770 5015 1167 5087 κατορύξωσιν,
1212 5016 1503 5076 κάκείνους
1545 5014 1796 5075 σέὅοντες

188 5116 284 5169 καὶ
313 5110 633 5184 τιμῶντες,
676 5110 773 5179 ἐμὲ
805 5107 1269 5173 ἐξουθενίσουσιν·
1310 5105 1515 5178 σπουδῇ
1559 5101 1653 5160 οὖν
1696 5108 1800 5160 ἀπ-

185 5209 379 5263 όλεσον
400 5200 643 5263 αὐτούς.

256 5300 363 5353 ην.
412 5290 703 5355 Ἀναστὰς
743 5285 837 5342 οὖν
872 5292 899 5342 6
944 5290 1073 5357 δοῦξ
1106 5290 1166 5343 τδ
1195 5288 1348 5361 πρωϊ
1397 5288 1535 5359 μετὰ
1569 5288 1805 5358 σπουδῆς

186 5392 397 5459 πολλῆς
453 5389 562 5441 καὶ
617 5383 943 5453 φαντασίας,
990 5385 1084 5436 καὶ
1127 5382 1376 5456 πλήθους
1426 5381 1803 5449 στρατιωτῶν,

185 5490 279 5539 καὶ
314 5480 585 5551 ἐξελθὼν
624 5477 734 5540 εξω
758 5477 858 5546 τῆς
889 5477 1099 5541 πόλεως
1138 5476 1216 5540 ὡς
1250 5476 1364 5533 ἀπὸ
1404 5474 1667 5545 βημάτων
1703 5469 1800 5545 ρν’,

187 5582 280 5635 καὶ
316 5577 517 5646 εὑρὼν
549 5575 725 5628 τόπον
768 5571 1122 5642 ὑψηλότερον,
1165 5572 1409 5633 καθίσας
1450 5570 1543 5622 επὶ
1576 5567 1667 5620 τοῦ
1702 5568 1799 5637 βή-

222 5744 244 5777 ⁸
280 5742 435 5799 Psal.
483 5750 653 5800 ιτιιι,
710 5732 851 5803 MS,
893 5733 947 5789 5.

1903 4642 2093 4712 perde.
2132 4642 2201 4697 At
2233 4642 2388 4697 enim
2416 4654 2630 4703 vereor,
2658 4656 2749 4703 ne,
2783 4639 2827 4694 si
2848 4637 3144 4697 Christiani
3175 4643 3475 4707 inveniant,

1904 4736 1997 4807 qui
2033 4736 2226 4789 domos
2250 4749 2477 4803 magnas
2510 4732 2855 4786 aediﬁcarunt
2885 4743 2939 4785 et
2966 4734 3229 4797 illustres,
3274 4735 3477 4790 ibidem

1904 4842 2001 4882 eos
2030 4826 2339 4892 defodiam,
2374 4825 2608 4896 illosque
2662 4827 2973 4881 reverentia
3001 4836 3056 4883 et
3092 4827 3301 4883 honore
3355 4844 3479 4900 per-

1905 4933 2200 4992 sequentes
2234 4936 2318 4975 me
2348 4920 2704 4989 pessumdent
2732 4936 2745 4971 :
2773 4919 2942 4988 perde
2976 4921 3157 4990 itaque
3183 4922 3331 4991 ipsos
3358 4924 3477 4979 sine

1909 5031 2081 5069 mora.

1974 5282 2114 5339 Xlll.
2164 5280 2282 5335 Dux
2330 5276 2512 5346 itaque
2562 5289 2685 5329 cum
2718 5289 2875 5330 mane
2922 5276 3251 5331 surrexisset
3306 5277 3475 5332 multa

1903 5392 2029 5433 cum
2101 5371 2475 5431 festinatione,
2553 5368 2787 5425 visionis
2845 5367 3082 5438 imagine
3119 5383 3183 5423 ac
3236 5368 3472 5425 militum

1906 5467 2283 5531 multitudine,
2315 5477 2480 5536 atque
2499 5479 2755 5535 egressus
2804 5468 2952 5517 esset
3004 5469 3151 5516 extra
3196 5461 3473 5515 civitatem

1908 5564 2062 5632 quasi
2090 5556 2157 5614 ad
2206 5561 2439 5629 spatium
2464 5571 2721 5628 passuum
2749 5563 2970 5610 centum
3000 5563 3056 5609 et
3085 5552 3479 5624 quinquaginta

254 5906 333 5971 (3)
378 5902 503 5956 Vox
569 5897 679 5949 ista
748 5891 1014 5961 signiﬁcat
1091 5895 1510 5960 operimentum
1569 5884 1800 5956 capitis,
1845 5883 2076 5937 maxime
2104 5882 2452 5941 feminarum,
2490 5876 2556 5930 de
2590 5893 2691 5946 qua
2723 5876 2979 5944 Cangius.
