4180 6512
188 458 275 522 3η

1133 455 1602 519 MARTYRIUM
1644 454 1751 514 SS.
1794 453 1944 512 XLV
1981 458 2447 520 MARTYRUM.

3327 455 3435 520 3i2

187 574 353 636 αὑτὸν,
384 575 564 644 μηδὲν
618 574 798 627 ἄδικον
835 573 866 642 ἢ
904 574 1219 641 παράνομον
1255 569 1742 640 διαπραττόμενοι,

1881 575 1993 630 icut
2026 585 2083 629 tu
2112 593 2223 646 prre
2256 595 2340 633 me
2370 579 2537 640 nosti,
2566 589 2700 647 quo:
2728 578 2960 632 solitarii
2989 579 3041 632 in
3070 575 3303 648 Ευριο
3331 578 3436 631 mi-

186 663 460 733 φιλόξενοι,
511 665 724 728 πάντας
773 665 1118 732 ἀγαπῶντες.
1171 665 1300 728 Καὶ,
1333 663 1404 725 ὡς
1453 664 1548 716 καὶ
1586 662 1748 724 αὐτὸς

186 750 316 817 οἶδας
351 755 460 825 πρὸ
499 755 662 825 ἐμοῦ,
692 758 814 819 τοὺς
857 757 915 808 ἐν
959 755 1219 824 Αἰγύπτῳ
1258 755 1548 825 ἐρημίτας,
1578 753 1750 805 ὁπόσα

187 847 713 916 θαυματουργοῦσιν,
748 848 813 900 Τί
857 843 952 900 οὖν
996 847 1289 916 μέλλομεν,
1318 847 1348 915 ἦ
1379 844 1748 914 βραδύνομεν;

185 939 287 991 Νῦν
313 940 508 1009 καιρὸς
531 941 761 1009 ἀγῶνος.
804 938 956 1007 Ἐμοὶ
983 939 1132 993 δοκεί
1160 938 1419 991 εἰσελθεῖν
1445 939 1542 989 σὺν
1569 937 1754 998 αὐτοῖς

185 1031 235 1082 ἐν
262 1034 323 1101 τῇ
357 1031 606 1100 φυλακῇ,
640 1031 734 1082 καὶ
763 1031 1142 1100 παρακαλέσαι
1167 1029 1366 1092 αὐτοὺς
1394 1027 1650 1094 δέξασθαί
1686 1043 1752 1095 με

189 1129 275 1178 σὺν
304 1127 514 1186 αὐτοῖς.
563 1123 652 1175 Σοὶ
686 1122 740 1174 δὲ
769 1123 821 1174 τί
843 1123 1011 1181 δοκεῖ,
1037 1123 1267 1191 ἁδελφές
1301 1123 1409 1174 Καὶ
1438 1123 1466 1174 ὁ
1500 1120 1755 1190 Βηληράο

183 1220 272 1285 δης
329 1217 431 1285 ἔφη
463 1232 480 1246 ⁸
537 1217 601 1268 Ei
635 1209 780 1268 οὗτοι
833 1216 934 1268 ούκ
988 1216 1334 1283 ἐφοϐήθησαν
1372 1215 1464 1266 τὸν
1502 1216 1756 1277 θάνατον,

185 1310 293 1364 ἀλλ’
321 1309 462 1378 ὑπὲρ
493 1308 596 1359 τοῦ
624 1307 759 1360 Θεοῦ
791 1307 971 1360 αὐτῶν
998 1307 1136 1375 μετὰ
1165 1308 1340 1376 χαρᾶς
1380 1306 1758 1375 ἀποθνήσκου-

186 1417 252 1461 σι,
299 1400 389 1450 καὶ
443 1398 698 1450 τοιοῦτον
746 1397 860 1465 φῶς
920 1397 1231 1465 βλέπουσιν,
1285 1392 1395 1449 οἷον
1466 1397 1561 1448 καὶ
1600 1397 1758 1465 ἡμεῖς

187 1491 304 1543 ἰδεῖν
336 1489 768 1557 κατηξιώθημεν
801 1488 876 1557 τῷ
908 1489 996 1541 ἐπ’
1019 1490 1201 1550 αὐτοῖς
1234 1489 1476 1555 φανέντι,
1502 1488 1646 1541 amt
1671 1489 1764 1542 καὶ

185 1584 332 1650 ἡμεῖς
358 1581 586 1652 μέτοχοι
606 1582 700 1650 τῆς
719 1582 891 1649 χαρᾶς
915 1580 1094 1633 αὐτῶν
1119 1582 1178 1632 ού
1206 1580 1468 1648 γινόμεθα
1491 1599 1505 1642 ;
1538 1581 1765 1633 Ἰἰθελον

182 1672 232 1724 δὲ
272 1673 322 1724 ετ
349 1689 430 1734 τις
462 1673 561 1724 τὸν
610 1673 798 1733 δοῦκα,
835 1671 922 1724 ἵνα
956 1673 1274 1740 ἠνάγκασεν
1305 1672 1601 1725 ἀποθανεῖν
1629 1672 1766 1740 ὑπὲρ

183 1764 270 1818 τοῦ
297 1765 432 1818 Θεοῦ
467 1764 639 1818 αὐτοῦ
681 1764 1038 1832 Ἀσκληπιοῦ,
1091 1763 1123 1833 ἢ
1170 1764 1526 1827 Ἀπόλλωνος,
1573 1767 1664 1816 καὶ
1709 1765 1768 1816 ὃν

184 1858 482 1922 καθέξατο·
541 1856 660 1909 ἀλλ’
693 1857 898 1918 ἐκεῖνος
942 1856 1041 1924 μὲν
1077 1855 1355 1924 φιλοζωεϊ,
1386 1856 1542 1925 ήμῶν
1576 1856 1632 1908 δέ
1669 1858 1766 1910 καὶ

182 1950 274 2010 τὰς
322 1949 581 2010 ἀννῶνας
652 1948 746 2002 καὶ
775 1949 874 2012 τὰς
921 1949 1090 2012 ἄλλας
1141 1949 1460 2017 εὐεργεσίας
1497 1949 1762 2016 ὑπέτεμε,

182 2046 272 2097 καὶ
319 2046 529 2112 ἄνδρας
582 2046 826 2110 δικαίους
863 2050 1183 2102 ἀποκτενεῖ·
1219 2048 1616 2118 προσέλθωμεν
1645 2046 1762 2099 οὖν.

247 2134 329 2189 κ’.
359 2138 490 2190 .Ka‘t
528 2138 914 2208 εἰσδραμόντες
947 2140 1290 2210 προσέπεσον
1313 2142 1424 2200 τοίς
1453 2139 1652 2205 ἁγίοις,
1679 2138 1766 2190 λέ-

182 2245 367 2294 γοντες
389 2244 402 2255 ⁸
452 2226 657 2297 Κύριοι
693 2227 872 2296 ἡμῶν,
903 2229 996 2278 καὶ
1023 2227 1199 2279 δοῦλοι
1235 2227 1328 2279 τού
1381 2225 1641 2295 Χριστοῦ,
1684 2225 1768 2278 δέ·

183 2319 340 2385 ξασθε
384 2320 486 2371 καὶ
524 2320 675 2387 ἡμᾶς
701 2319 756 2369 ἐν
787 2319 863 2388 τῷ
896 2317 1115 2389 ἀριθμῷ
1143 2318 1296 2389 ὑμῶν
1318 2334 1332 2348 ο
1363 2317 1769 2387 ἐπιστεύσαμεν

181 2414 285 2479 γὰρ
328 2413 498 2480 ἡμεῖς
546 2412 628 2472 εἰς
657 2408 748 2462 τὸν
791 2410 998 2480 Κύριον
1046 2410 1203 2481 ἡμῶν
1255 2410 1466 2480 Ἰησοῦν
1510 2411 1765 2482 Χριστὸν,

183 2504 269 2556 τὴν
297 2505 680 2572 ἀγαπήσαντα
705 2503 871 2572 ἡμᾶς.
910 2503 1154 2568 Εύξασθε
1183 2502 1276 2556 οὖν
1309 2506 1402 2556 καὶ
1428 2503 1557 2572 περὶ
1586 2503 1768 2572 ἡμῶν,

182 2596 264 2650 Iv:
309 2599 384 2666 μη
413 2596 492 2658 ὡς
533 2595 898 2665 βραδύναντες
931 2593 1361 2662 ἐκκλεισθῶμεν.
1414 2595 1528 2649 Καὶ
1567 2597 1772 2659 πάντες

180 2689 314 2757 ὁμοῦ
373 2688 818 2759 περιπλακέντες
863 2688 1048 2749 αὐτοῖς
1097 2687 1146 2739 οι
1193 2685 1340 2752 ἅγιοι
1391 2685 1770 2755 κατεφίλησαν

183 2783 380 2842 αὐτοὺς
415 2781 564 2848 μετὰ
593 2779 788 2848 χπρᾶς,
814 2779 1066 2844 λέγοντες
1086 2795 1101 2809 '
1140 2778 1385 2849 Ἀδελφοὶ
1419 2779 1577 2850 ἡμῶν
1608 2782 1731 2832 ἐστε
1753 2794 1769 2811 ’

181 2873 208 2923 6
258 2871 368 2939 γὰρ
413 2868 633 2938 Κύριος
679 2868 837 2938 ήμῶν
873 2867 1081 2937 Ἰησοῦς
1122 2867 1360 2936 Χριστὸς
1391 2871 1484 2920 καὶ
1515 2868 1642 2930 τοὺς
1670 2861 1772 2936 τῆς

183 2965 485 3032 ἑνδεκάτης
522 2962 675 3030 ὥρας
707 2963 943 3030 ἐργάτας
974 2959 1193 3023 ἐδέξατο
1225 2963 1305 3024 εἰς
1332 2960 1424 3012 τὸν
1453 2959 1770 3029 ἀμπελῶνω

183 3058 256 3122 μὴ
304 3052 405 3108 οὖν
454 3055 769 3122 δειλιάσητε
796 3070 810 3084 ⁸
852 3047 896 3120 ᾧ
926 3059 1037 3122 γὰρ
1066 3053 1422 3107 ἐπιστεύσατε
1457 3052 1669 3122 Κυρίῳ,
1696 3052 1774 3122 τῷ

182 3148 403 3215 ὀφθέντι
444 3149 589 3217 ημῖν
641 3149 730 3198 καὶ
771 3147 1090 3212 λαλήσαντι,
1118 3147 1283 3209 αὐτὸς
1331 3146 1476 3216 ὑμᾶς
1518 3145 1774 3198 ἐκάλεσεν

1853 671 2038 723 racula
2073 669 2321 723 faciunt?
2351 668 2462 724 Cur
2492 685 2622 739 ergo
2652 684 2956 733 moramur,
2991 678 3086 722 aut
3121 668 3438 722 tardamus?

1851 760 2011 814 Nunc
2042 761 2367 814 certaminis
2401 772 2620 828 tempus
2685 769 2791 814 est.
2850 759 2965 814 Una
3011 774 3134 812 cum
3184 758 3319 825 ipsis
3383 760 3437 810 in

1852 853 2386 909 carceremintroire
2429 853 2561 906 mihi
2599 853 2798 922 placet,
2826 852 3085 920 ipsosque
3146 851 3436 911 obtestari,

1855 956 1915 1000 ut
1952 963 2037 1000 me
2069 946 2122 999 in
2155 962 2318 1000 suum
2345 946 2612 1013 accipiant
2666 944 3032 998 consortium.
3069 943 3210 1009 Quid
3254 952 3436 998 autem

1859 1038 1957 1091 tibi
1985 1038 2223 1102 videtur,
2257 1037 2460 1092 frater?
2486 1046 2541 1090 et
2570 1036 2861 1090 Belcrades
2891 1035 3028 1088 dixit
3065 1052 3076 1087 :
3106 1035 3159 1088 Si
3205 1043 3438 1087 mortem

1857 1131 1936 1185 illi
1965 1147 2072 1184 non
2114 1132 2326 1191 timent,
2358 1129 2450 1185 sed
2487 1138 2713 1199 prepter
2755 1129 2923 1182 Deum
2972 1143 3131 1181 suum
3191 1127 3442 1179 moriun-

1863 1231 1952 1276 tur
2001 1237 2126 1275 cum
2153 1221 2373 1290 gaudio,
2400 1231 2454 1274 et
2486 1219 2590 1272 tale
2619 1219 2804 1271 lumen
2836 1217 3134 1285 aspiciunt,
3169 1215 3315 1284 quali
3343 1230 3444 1268 nos

1861 1330 2082 1383 quoque
2119 1315 2378 1382 dignatus
2409 1322 2493 1366 est
2525 1313 2636 1372 ille,
2670 1311 2762 1380 qui
2797 1310 2883 1366 his
2905 1309 3199 1377 apparuit;
3227 1307 3358 1374 quid
3387 1307 3441 1360 ni

1864 1403 2046 1472 gaudii
2083 1403 2329 1470 ipsorum
2366 1402 2661 1470 participes
2716 1400 2908 1453 ﬁamus
2942 1399 3104 1451 etiam
3138 1397 3274 1450 nos?
3321 1396 3447 1450 Vel-

1865 1495 1995 1554 lem,
2029 1503 2088 1546 ut
2119 1494 2242 1562 quis
2273 1493 2466 1546 ducem
2500 1502 2716 1560 cogeret
2749 1492 2813 1544 ad
2839 1489 3183 1544 moriendum
3214 1504 3310 1557 pro
3339 1488 3443 1540 dco

1867 1604 1968 1643 suo
1987 1588 2301 1655 [Esculapio
2333 1596 2427 1642 aut
2460 1587 2730 1654 Apolline,
2786 1600 3025 1653 eumque
3062 1580 3443 1652 apprchende-

1871 1687 1952 1733 ret
1991 1697 2002 1733 :
2039 1679 2132 1733 sed
2173 1679 2319 1732 enim
2355 1680 2444 1733 ille
2479 1687 2624 1731 amat
2659 1677 2858 1741 vitam;
2904 1686 3121 1730 nostras
3155 1689 3288 1728 vero
3344 1689 3444 1726 an-

1871 1788 2046 1827 nonas
2072 1772 2148 1839 (ιι)
2177 1781 2232 1826 et
2263 1772 2367 1824 alia
2404 1770 2673 1825 beneﬁcia
2701 1767 2959 1833 succidit,
2988 1783 3053 1822 ac
3093 1766 3242 1820 viros
3267 1766 3446 1836 iustos

1872 1864 2097 1920 occidit.
2129 1866 2473 1918 Accedamus
2503 1864 2706 1932 itaque.

1946 2135 2062 2190 XX.
2098 2135 2165 2191 Et
2194 2143 2548 2189 accurrentes
2576 2130 3140 2190 accideruntsanctis.
3173 2129 3452 2184 dicentes:

1873 2230 2091 2283 Domini
2130 2228 2307 2286 nosni
2348 2237 2403 2282 et
2431 2227 2574 2281 servi
2610 2225 2835 2288 Christi,
2870 2238 2971 2278 nos
3000 2237 3220 2293 quoque
3252 2221 3307 2275 in
3351 2235 3456 2274 nu-

1875 2334 2087 2373 merum
2122 2328 2367 2373 vestrum
2416 2319 2690 2371 admittite
2747 2335 2758 2368 :
2791 2316 3129 2370 credidimus
3169 2316 3314 2368 enim
3354 2327 3460 2368 nos

1878 2415 1933 2468 in
1960 2412 2248 2466 Dominum
2273 2420 2520 2464 nostrum
2546 2410 2731 2465 Jesum
2758 2409 3063 2469 Christum,
3110 2408 3201 2477 qui
3262 2407 3458 2461 dilexit

1877 2521 2000 2560 nos.
2027 2505 2192 2560 Orate
2222 2505 2408 2573 itaque
2439 2517 2538 2571 pro
2577 2500 2758 2561 nobis.
2788 2517 2854 2555 ne
2897 2509 3153 2569 tanquam
3188 2499 3340 2553 tarde
3365 2512 3458 2551 ve-

1877 2599 2094 2653 nientes
2124 2597 2502 2650 excludamur.
2561 2595 2743 2649 Sancti
2789 2610 2982 2647 ornues
3032 2593 3156 2647 illos
3196 2593 3455 2661 amplexi,

1879 2689 2128 2744 osculum
2154 2688 2445 2742 dederunt
2470 2701 2595 2740 cum
2632 2686 2839 2748 laetitia,
2892 2685 3138 2738 dicentes
3175 2703 3187 2738 :
3235 2685 3457 2738 Fratres

1879 2782 2054 2836 nostri
2105 2782 2275 2845 estis;
2309 2791 2433 2833 nam
2456 2779 2723 2833 Dominus
2764 2787 2952 2831 noster
2987 2776 3147 2831 Iesus
3203 2776 3458 2831 Christus

1879 2876 2030 2929 liora:
2065 2872 2369 2928 undecimae
2403 2871 2686 2938 operarios
2716 2870 2937 2925 admisit
2983 2871 3035 2923 in
3068 2872 3324 2924 vineam:
3359 2885 3458 2923 no-

1880 2971 1977 3024 lite
2000 2982 2130 3037 ergo
2161 2967 2390 3028 timere;
2415 2979 2538 3017 nam
2573 2964 2860 3025 Dominus,
2891 2962 2977 3016 cui
3004 2962 3335 3022 credidistis,
3364 2962 3458 3030 qui

1881 3058 2042 3113 nobis
2074 3060 2348 3127 apparuit,
2373 3067 2428 3110 et
2486 3055 2775 3109 nobiscum
2813 3055 3028 3108 locutus
3055 3064 3156 3113 est.
3194 3055 3308 3121 ipse
3363 3068 3470 3106 vos

1883 3150 2116 3215 vocavit,
2147 3160 2407 3228 tauquam
2438 3147 2657 3218 dignos.
2690 3147 2818 3201 Orta
2851 3159 3034 3199 autem
3059 3148 3203 3200 luce.
3234 3145 3340 3198 dux
3371 3160 3463 3198 ac-

181 3241 254 3302 ὼς
312 3238 508 3303 ἀξίους
562 3237 744 3298 ὄντας.
801 3238 1023 3305 Πρωῖας
1071 3239 1126 3290 δὲ
1162 3239 1486 3307 γενομένης,
1529 3237 1774 3307 ἠκούσθη

1884 3245 2333 3315 cepit.custodes
2365 3256 2485 3296 esse
2533 3240 2941 3310 praevaricatos,
2975 3247 3031 3292 et
3072 3254 3101 3292 a
3146 3241 3458 3290 vinctorum

181 3330 354 3384 ταῦτα
384 3330 468 3402 τῷ
498 3329 679 3393 δουκὶ,
712 3329 791 3382 ὅτι
834 3333 928 3381 καὶ
953 3331 1000 3381 οί
1033 3330 1276 3398 φύλακες
1302 3330 1646 3400 παρέϐησαν,
1683 3333 1778 3384 καί

181 3426 284 3476 ιίσι
340 3427 443 3477 σὺν
496 3426 613 3484 τοῖς
667 3422 994 3489 δεσμώταις.
1037 3421 1098 3476 Ὀ
1130 3423 1186 3476 δέ
1213 3421 1339 3481 δοὺΞ
1374 3422 1779 3492 βλασφημήσας

182 3515 306 3578 τοὺς
343 3515 506 3576 θεοὺς
536 3513 706 3566 αὑτοῦ
744 3509 920 3576 εἷπεν,
951 3515 1035 3566 ὅτι
1081 3514 1177 3567 ἕνα
1223 3514 1345 3566 καθ’
1380 3515 1476 3566 Eva
1505 3514 1778 3580 ἀπώλεσε,

185 3608 257 3675 μὴ
281 3608 591 3675 δυνάμενοι
628 3608 838 3668 ἑαυτοῖς
878 3606 1165 3675 βοηθῆσαι,
1195 3607 1314 3660 ἀλλ’
1340 3611 1650 3676 ἐκδέχονται
1682 3611 1782 3678 τὴν

181 3696 267 3749 διὰ
300 3696 412 3748 τῶν
443 3696 756 3766 ἀνθρὼπων
786 3696 1089 3763 ἐκδίκησιν.
1128 3699 1235 3750 Καὶ
1269 3696 1503 3761 ἐξελθὼν
1533 3699 1633 3764 τῆς
1668 3701 1772 3753 πό-

187 3789 342 3852 λεως,
393 3789 663 3843 ἐκάθισεν
711 3790 768 3841 ἐν
815 3789 891 3859 τῷ
925 3790 1146 3860 συνήθει
1190 3789 1364 3858 τόπῳ,
1400 3790 1492 3842 καὶ
1535 3790 1782 3854 δεδωκὼς

189 3883 418 3946 πρόοδον
473 3884 626 3936 κατά
682 3883 792 3935 τῶν
844 3883 1038 3949 ἁγίων,
1082 3884 1369 3937 ἐκέλευσεν
1412 3884 1609 3947 αὐτοὺς
1649 3901 1784 3954 προ-

185 3976 422 4044 αχθῆναι
449 3992 468 4007 ο
507 3975 608 4025 καὶ
653 3974 988 4043 θεασάμενος
1021 3975 1110 4028 τὸν
1136 3977 1382 4030 Μεναίαν
1406 3977 1499 4030 καὶ
1535 3977 1787 4049 Βηληρά·

183 4069 280 4134 δην
307 4066 554 4126 ἑαυτοὺς
585 4065 946 4127 συνδέσαντας
977 4071 1085 4130 τοῖς
1112 4070 1310 4134 ἁγίοις,
1357 4071 1654 4139 ἐμειδίασε,
1691 4073 1788 4125 καὶ

187 4158 335 4226 λέγει
383 4158 685 4229 ’Ᾱππιανῷ
725 4158 800 4228 τῷ
836 4160 1133 4230 πρέγκιπιο
1174 4161 1435 4229 Θεωρεῖς,
1498 4163 1785 4231 ’Λππιανέ,

186 4252 266 4303 ὅτι
312 4251 436 4304 Ιστι
506 4267 597 4322 τις
650 4252 744 4303 καὶ
784 4255 840 4305 ἐν
881 4255 994 4315 τοῖς
1026 4253 1264 4322 χείροσιν
1299 4254 1462 4326 ἡδονὴ
1494 4258 1525 4325 ἡ
1560 4255 1788 4311 θάνατον

189 4345 437 4414 φέρουσα
459 4361 475 4376 ·
518 4344 633 4396 ἰδοὺ
661 4345 768 4414 γὰρ
789 4346 837 4398 oi
859 4349 1192 4416 στρατιῶται
1218 4348 1311 4400 τὸν
1335 4349 1562 4402 θάνατον
1589 4352 1789 4417 μᾶλλον

187 4439 493 4509 ἠγάπησαν
524 4437 558 4505 ἢ
597 4436 698 4502 τὴν
748 4437 914 4507 ζωήν.
965 4439 1259 4504 Ἀππιανὸς
1290 4435 1445 4493 εἶπεν
1473 4455 1486 4469 ’
1523 4443 1787 4508 Δέσποτα,

189 4532 421 4584 κόλασον
455 4528 668 4591 αὐτοὺς
696 4527 821 4600 ξένῃ
840 4531 1104 4600 τιμωρίᾳ.
1150 4531 1207 4584 Ὀ
1233 4533 1292 4586 δὲ
1322 4531 1449 4598 δοὺξ
1473 4532 1622 4601 λέγει
1641 4550 1657 4566 ⁸
1688 4534 1786 4601 Οὓ,

1885 3337 2132 3407 partibus
2157 3345 2332 3400 stare;
2371 3343 2426 3389 et
2457 3333 2594 3388 deos
2625 3349 2756 3387 suos
2799 3332 3139 3386 conviciatus
3167 3331 3322 3383 dixit.
3364 3343 3465 3385 eos

1885 3446 2058 3483 unum
2089 3439 2205 3497 post
2234 3430 2466 3482 alterum
2497 3427 2752 3494 periisse,
2793 3426 2885 3491 qui
2928 3439 3037 3477 non
3103 3430 3329 3488 possent
3357 3419 3462 3474 sibi

1886 3522 2022 3591 ipsis
2060 3518 2336 3579 auxiliari,
2366 3515 2459 3571 sed
2497 3518 2565 3571 ab
2592 3515 2911 3569 hominibus
2953 3527 3143 3582 plenas
3184 3511 3319 3581 pati.
3373 3509 3466 3564 Ci-

1884 3617 2053 3668 vitate
2082 3626 2339 3683 egressus
2366 3622 2636 3668 consueto
2660 3609 2909 3663 consedit
2939 3609 3081 3663 loco.
3119 3616 3174 3659 et
3206 3605 3373 3657 misso
3398 3603 3465 3656 ad

1887 3717 2105 3761 sanctos
2139 3707 2230 3775 qui
2257 3708 2309 3760 in
2333 3705 2418 3757 via
2460 3704 2682 3770 puniret
2721 3702 2920 3754 adduci
2953 3715 3049 3754 eos
3071 3701 3238 3770 jussit
3285 3715 3298 3749 :
3339 3696 3465 3749 cxin

1887 3799 2144 3851 Nemeam
2175 3806 2228 3849 et
2265 3796 2582 3850 Beleradcm
2618 3794 3048 3861 contemplatus,
3096 3807 3219 3846 cum
3261 3788 3470 3844 sanctis

1886 3889 2122 3953 vinctos,
2148 3887 2380 3953 subrisit
2410 3887 2736 3954 etAppiano
2763 3887 2996 3955 principi
3026 3884 3100 3946 (5)
3126 3884 3256 3936 dicit
3285 3899 3297 3932 :
3333 3880 3470 3934 Cer-

1888 3985 1996 4045 nis.
2018 3985 2281 4052 Appiano,
2307 3980 2453 4050 quod
2479 3979 2560 4033 vel
2597 3979 2648 4032 in
2679 3979 2963 4034 inferioris
2993 3986 3133 4031 nota:
3153 3972 3472 4027 hominibus

1889 4077 2142 4142 voluptas
2179 4073 2429 4141 quaedam
2469 4071 2540 4123 sit
2585 4071 2831 4137 perferre
2862 4079 3120 4122 mortem.
3154 4065 3293 4119 Ecce
3321 4064 3470 4116 enim

1891 4166 2095 4221 milites
2141 4173 2378 4218 mortem
2436 4161 2750 4214 dilexerunt
2807 4159 2994 4229 potius
3046 4173 3208 4226 quam
3275 4155 3467 4207 vitam.

1891 4264 2174 4328 Appianus
2222 4256 2402 4311 dixit:
2443 4252 2706 4314 Domine,
2751 4253 3016 4306 inusitato
3073 4248 3319 4302 cruciatu
3375 4258 3473 4300 eos

1891 4352 2089 4420 plecte.
2131 4350 2246 4402 Dux
2282 4360 2412 4399 vero
2445 4342 2621 4396 dixit:
2663 4341 2808 4406 Non,
2839 4357 2937 4408 per
2961 4341 3112 4398 deos.
3150 4354 3257 4390 non
3286 4335 3474 4390 crucia

1894 4449 2065 4517 ipsos,
2116 4457 2185 4497 ne
2223 4437 2482 4497 cruciati.
2526 4444 2583 4489 et
2633 4433 2768 4488 deos
2819 4429 3054 4486 confessi
3103 4429 3320 4490 vivant;
3373 4425 3471 4480 sed

1895 4515 2194 4611 pronuntio
2224 4529 2555 4589 sententiam
2581 4535 2774 4582 contra
2806 4523 2948 4582 illus.
2983 4529 3165 4576 utuna
3196 4532 3318 4573 cum
3350 4515 3475 4571 aliis

190 4623 266 4688 μέι
295 4623 432 4683 τοὺς
459 4621 651 4683 θεοὺς,
674 4620 736 4674 οὐ
761 4619 977 4685 κολάζω
1007 4623 1224 4685 αὐτοὺς,
1256 4625 1455 4694 μήπως
1487 4627 1776 4697 κολαζόμε-

1896 4631 2321 4687 comburantur,
2355 4634 2432 4680 et.
2471 4621 2618 4688 quod
2648 4625 2929 4686 optarunt,
2962 4614 3254 4681 accipiant.

186 4731 264 4766 νοι
328 4714 431 4766 καὶ
500 4712 943 4781 ὁμολογήσαντες
985 4715 1108 4776 τοὺς
1164 4713 1322 4780 θεοὺς
1366 4715 1644 4786 ζήσουσιν,
1677 4721 1792 4774 ἀλλ’
1831 4721 2204 4792 ἀποφαίνομαι
2232 4716 2359 4770 κατ’
2397 4713 2576 4766 αὐτῶν
2604 4713 2750 4772 ὅπως
2819 4707 2917 4760 σὺν
2975 4709 3084 4766 τοῖς
3115 4704 3294 4764 ἄλλοις
3327 4701 3475 4753 x163.-

189 4828 272 4862 σιν
294 4824 312 4841 ο
342 4809 372 4863 ὃ
409 4805 804 4875 ἐπεθύμησαν,
833 4809 1094 4865 λάϐωσιν.

261 4902 394 4959 KA'.
456 4901 816 4971 Ἀπεφήνατο
862 4896 955 4955 οὖν
1001 4906 1124 4956 κατ’
1157 4907 1366 4968 αὐτῶν,
1404 4907 1578 4974 λέγων
1602 4924 1616 4940 ·
1649 4903 1794 4963 οὗτοι

187 5001 235 5047 οἱ
266 4999 514 5058 ἑστῶτες
551 4996 661 5062 πρὸ
683 4996 776 5046 τοῦ
803 4995 1045 5065 βήματος
1078 5015 1181 5065 μου
1211 5002 1260 5051 oi
1289 5000 1449 5051 πέντε
1477 5003 1570 5053 καὶ
1602 5019 1795 5056 τεσσα-

192 5091 440 5157 ράκοντα
482 5087 591 5154 τῆς
624 5086 734 5138 τῶν
763 5087 1106 5151 Χριστιανῶν
1131 5087 1434 5159 θρησκείας
1465 5090 1794 5161 θρησκεύον-

186 5198 276 5246 ac;
311 5180 722 5247 τυγχάνοντες,
749 5178 844 5232 καὶ
882 5182 1338 5249 παρακούσαντες
1368 5183 1476 5234 τῶν
1517 5185 1791 5255 αὐτοκρα-

191 5276 364 5343 τόρων
405 5271 716 5344 βασιλέων,
752 5273 845 5324 καὶ
893 5276 967 5341 μὴ
998 5273 1264 5339 θύσαντες
1304 5280 1416 5338 τοῖς
1455 5279 1618 5342 θεοῖς,
1660 5283 1795 5350 πρό-

190 5383 348 5435 τερον
407 5366 520 5437 μιν
580 5363 839 5415 πελέκεσι
889 5366 1272 5433 τεμνέσθωσαν
1345 5370 1532 5436 χεῖρας
1570 5373 1662 5422 καὶ
1699 5373 1795 5424 πό-

191 5461 314 5524 δας,
376 5460 587 5510 ἔπειτα
645 5453 778 5521 πυρὶ
834 5454 1343 5536 παραδσιθῄτωσαν,
1400 5462 1491 5511 καὶ
1546 5462 1792 5530 ἀπωλείᾳ

193 5555 283 5606 τοῦ
347 5551 542 5605 Λύκου
602 5544 870 5616 ποταμοῦ.
916 5549 978 5599 Oi
1025 5550 1079 5602 δὲ
1130 5550 1432 5621 ὑπηρέται,
1469 5553 1792 5620 ποιήσαντες

197 5642 547 5704 καθεσθῆναι
575 5639 701 5700 τοὺς
732 5639 914 5703 ἁγίους
946 5641 1038 5691 ἐπὶ
1064 5641 1158 5694 τοῦ
1178 5642 1436 5712 ἐδάφους,
1463 5645 1793 5699 κατέτεμνον

267 5800 344 5864 (ἰ)
393 5799 540 5853 Nota
570 5806 658 5850 est
700 5794 906 5852 Latinis
961 5814 1058 5854 vox
1093 5816 1357 5865 annona;
1403 5801 1488 5856 hic
1521 5801 1658 5856 forte
1701 5819 1793 5856 su-

203 5871 368 5921 mitur
391 5885 500 5937 pro
538 5866 763 5920 salario.

1963 4908 2104 4963 XXI.
2169 4899 2511 4959 Sententiam
2570 4898 2755 4964 itaque
2807 4894 3072 4948 adversus
3145 4909 3240 4946 eos
3309 4892 3466 4955 tulit,

1893 5001 2121 5058 dicens:
2166 4993 2256 5049 Hi.
2288 4991 2381 5058 qui
2417 4999 2543 5042 ante
2580 4985 2819 5041 tribunal
2865 4999 3047 5040 meum
3084 4992 3264 5038 astant
3300 4984 3466 5052 quin—

1892 5107 1997 5161 que
2039 5097 2095 5144 et
2137 5083 2500 5156 quadraginta
2550 5080 2864 5136 christiana:
2909 5076 3323 5144 superstitionis
3351 5075 3466 5131 cul-

1893 5191 2063 5244 tores,
2100 5175 2530 5246 imperatoribus
2568 5169 2826 5238 Augustis
2880 5167 3161 5230 reluctati,
3209 5167 3316 5220 diis
3356 5181 3466 5221 non

1901 5274 2275 5330 immolarunt.
2307 5267 2484 5336 primo
2502 5262 2721 5332 quidem
2752 5260 3084 5329 bipennibus
3108 5268 3467 5327 amputentur

1903 5381 2095 5423 manus
2118 5378 2181 5416 ac
2214 5359 2401 5429 pedes,
2437 5358 2566 5412 dein
2601 5355 2708 5425 igni
2740 5353 3050 5411 tradantur,
3076 5362 3130 5404 et
3157 5349 3284 5419 Lyci
3314 5349 3466 5409 ﬂuvii

1902 5459 2068 5516 undis
2101 5461 2348 5525 pereant.
2385 5448 2615 5504 Ministri
2657 5456 2839 5500 autem
2873 5455 3088 5499 sanctos
3119 5443 3268 5497 humi
3293 5444 3468 5496 collo-

1904 5556 2113 5608 cantes,
2150 5545 2268 5598 sine
2315 5556 2468 5596 mora
2515 5539 2778 5593 membris
2827 5545 3188 5591 truncarunt:
3230 5549 3465 5603 quorum

1905 5641 1998 5693 alii
2035 5639 2089 5692 in
2141 5650 2268 5706 pyra
2315 5633 2544 5688 ardente
2581 5629 2985 5700 sanguinolenti
3029 5627 3263 5681 animam
3300 5623 3470 5679 exha-

1985 5799 2062 5860 i5)
2103 5794 2292 5850 Latine
2329 5793 2583 5861 princeps,
2624 5793 2689 5845 de
2719 5808 2827 5860 quo
2863 5787 3100 5858 Carisius
3145 5786 3197 5837 in
3234 5793 3469 5850 utroque

1905 5868 2201 5923 Glossario.
