4180 6498
740 419 842 483 343

2040 432 2328 492 MENSIS
2365 435 2663 497 IULIUS.

3894 443 3997 504 3M

736 536 960 591 labant:
995 539 1084 592 alii
1125 553 1256 594 vero
1283 539 1463 594 adhuc
1493 542 1801 612 Spirabant.
1834 545 1983 600 Inter
2014 563 2152 617 quos
2182 551 2309 606 Ani-

2423 553 2517 604 xa‘t
2545 554 2792 623 ὲμέλιζον
2824 556 2879 607 ὲν
2916 558 3119 627 σπουδῇ
3143 575 3156 588 ο
3185 557 3276 610 καὶ
3297 560 3344 611 οἱ
3374 561 3467 628 μὲν
3497 562 3604 614 τῶν
3631 563 3824 629 ἁγίων,
3851 565 3905 614 ὲν
3934 567 3997 631 τῇ

734 635 913 691 cetus,
950 633 1359 700 contemplatus
1407 632 1642 686 fractum
1679 649 1800 688 esse
1831 650 1959 690 crus
1986 654 2168 702 suum,
2207 655 2315 693 non

736 733 964 786 prorsus
984 719 1312 786 abscissum,
1335 721 1430 776 sed
1458 723 1785 780 deformiter
1808 736 2033 791 tortum,
2070 734 2318 799 corporis

733 812 817 864 sui
872 812 1010 866 mala
1069 813 1280 878 ridens,
1337 815 1782 884 dixitzAdeste,
1843 820 2060 886 fratres,
2133 824 2317 878 videte

731 903 928 959 falcem
959 903 1280 975 frugiferam
1309 926 1320 961 :
1354 919 1518 978 atque
1559 910 1640 963 illi
1690 912 1856 966 simul
1882 928 2002 967 cum
2037 914 2156 983 ipso
2185 930 2316 985 gau-

730 995 956 1050 debant.
1011 997 1082 1050 At
1132 1010 1358 1054 sanctus
1404 1002 1707 1068 Sisinnius,
1754 1003 1945 1058 fractis
1988 1006 2208 1074 organis
2258 1016 2314 1059 et

726 1109 924 1162 magno
956 1095 1259 1165 praecordia
1309 1097 1680 1150 inflammatus
1723 1107 1894 1160 aestu,
1946 1113 2054 1166 ιιι-αξ
2089 1098 2174 1150 isti
2204 1099 2314 1152 dis-

726 1188 1178 1251 cruciabatur,ac
1212 1191 1487 1244 volutatus
1515 1191 1568 1244 in
1599 1193 1903 1262 subjectam
1928 1204 2137 1262 petram
2166 1193 2308 1246 haud

722 1280 917 1342 procul
952 1279 1020 1333 ab
1051 1279 1175 1335 aliis
1211 1281 1438 1350 sanctis,
1473 1292 1666 1351 aperto
1705 1298 1824 1348 ore,
1867 1283 2160 1337 Dominum
2187 1299 2311 1337 ora-

724 1371 822 1434 vit,
858 1371 1091 1429 dicens:

2425 650 2573 718 πυρᾷ
2635 649 2729 701 τοῦ
2787 649 3068 713 καύσωνος
3142 653 3650 721 ἐξαιματωθέντες,
3711 655 3998 708 ἀπέδωκαν

2422 742 2520 802 τὰς
2550 740 2765 809 ψυχάς·
2804 745 2852 794 οἱ
2889 742 2944 795 δὲ
2984 742 3066 796 ἔτι
3099 744 3426 812 ἐμπνέοντες
3449 743 3610 815 ἦσαν,
3646 748 3703 798 ὲν
3733 743 3816 806 οἷς
3855 748 3946 799 καὶ
3973 750 3999 798 ὸ

2420 830 2574 896 ἅγιος
2617 831 2906 902 Ἀνίκητος
2947 833 3286 902 θεασάμενος
3328 837 3420 887 τὸν
3449 836 3625 906 μηρᾷν
3664 836 3833 888 αὑτοῦ
3871 836 3998 888 κλα-

2423 919 2640 983 σθέντα,
2673 920 2734 972 οὑ
2772 920 2937 972 παντὶ
2967 921 3020 973 δὲ
3056 923 3357 990 τμηθέντα,
3404 925 3540 977 ἀλλά
3576 926 3856 993 στρεϐλῶς
3886 927 3997 979 κεί-

2421 1027 2605 1079 μενον,
2659 1012 2981 1078 καταγελῶν
3047 1013 3144 1065 τοῦ
3208 1015 3459 1083 σώματος
3518 1017 3707 1079 αὐτοῦ,
3774 1017 3996 1083 ἐλεγενο

2417 1101 2602 1164 Δεῦτε,
2641 1102 2799 1165 ἴδετε,
2824 1103 3067 1170 ἀδελφοὶ,
3098 1104 3374 1172 δρεπὰνην
3409 1108 3692 1176 καρπικήν
3721 1123 3734 1138 ·
3774 1111 3873 1160 καὶ
3906 1110 3998 1160 αὑ-

2413 1193 2498 1246 τοὶ
2525 1194 2580 1246 δὲ
2619 1195 2766 1264 αὐτῷ
2795 1197 3302 1266 συνεφαιδρύνοντο,
3342 1200 3397 1251 '0
3420 1201 3474 1250 δὲ
3506 1198 3658 1266 ἅγιος
3705 1201 3996 1265 Σισίννίος,

2415 1291 2712 1356 κατεαγείς
2773 1291 2840 1342 τὰ
2908 1292 3114 1361 σκέλη.
3174 1294 3268 1345 καὶ
3326 1293 3533 1362 σφόδρα
3598 1294 3999 1362 καταφλεχθεις

2414 1380 2482 1431 τὰ
2544 1381 2752 1444 ἔγκατα
2807 1384 2872 1433 ἐκ
2936 1383 3034 1451 τῆς
3095 1384 3278 1453 δίψης,
3344 1385 3648 1453 κατεσύρη,
3721 1386 3998 1447 κυλισθεὶς

721 1469 802 1529 εἰς
833 1469 933 1538 τὴν
965 1470 1340 1541 ὑποκειμένην
1369 1473 1579 1542 πέτραν
1617 1472 1678 1526 οὐ
1719 1473 1938 1546 μακράν
1977 1474 2086 1526 τῶν
2127 1473 2306 1528 ἄλλων
2346 1475 2542 1542 ἁγίων,
2607 1477 2700 1529 καὶ
2731 1476 2950 1544 ἀνοίξας
2981 1478 3042 1532 τὸ
3071 1479 3246 1550 στόμα
3278 1479 3446 1533 αὑτοῦ
3516 1481 3712 1552 ἐδεήθη
3763 1483 3860 1535 τοῦ
3895 1484 4001 1535 Κυ-

716 1566 863 1635 ρίου,
895 1565 1089 1634 λέγων·

742 1678 754 1686 ν
794 1659 959 1716 XXII.
1007 1661 1258 1729 Domine,
1308 1663 1578 1721 donorum
1631 1683 1959 1738 magnorum
2001 1667 2184 1731 dator,
2217 1667 2309 1735 qui

2489 1665 2618 1718 KB'.
2650 1662 2826 1728 Κύριε
2856 1663 3224 1733 μεγαλόδωρε,
3258 1663 3288 1715 ὁ
3332 1663 3397 1715 ἐκ
3447 1662 3654 1732 πέτρας
3687 1662 3997 1731 ἀκρνιτόμον

717 1753 1140 1810 multitudinem
1179 1757 1357 1825 plebis
1388 1775 1451 1813 ac
1481 1760 1668 1828 papuli
1699 1761 1977 1814 sitientem
2030 1768 2306 1829 praerupta

721 1863 751 1898 e
781 1862 917 1914 rupe
950 1850 1172 1916 potasti,
1197 1852 1290 1920 qui
1316 1853 1566 1908 Rubrum
1597 1870 1748 1909 mare
1769 1854 2020 1909 bifariam
2045 1854 2303 1918 secuisti,

724 1949 783 1992 ut
815 1941 1052 2008 populus
1086 1942 1393 2000 emanibus
1430 1947 1604 2017 iniqui
1645 1947 1993 2017 eriperetur;
2034 1948 2127 2016 qui
2157 1956 2309 2001 cata~

722 2040 904 2088 ractas
965 2036 1088 2089 cadi
1128 2040 1426 2106 aperuisti;
1461 2043 1557 2108 qui
1606 2041 1849 2094 evocasti
1907 2056 2077 2109 aquas
2113 2041 2302 2102 maris,

721 2135 774 2180 et
809 2125 1052 2183 etfudisti
1080 2129 1201 2183 illas
1229 2131 1280 2183 in
1310 2130 1505 2184 faciem
1537 2133 1808 2186 universa:
1855 2141 2052 2196 terrae;
2087 2131 2179 2200 qui
2211 2132 2308 2185 be-

722 2219 984 2273 nedixisti
1006 2236 1198 2290 aquas,
1237 2239 1360 2290 quae
1383 2232 1509 2275 sunt
1541 2223 1595 2277 in
1631 2223 1894 2284 Jordane.
1929 2239 2028 2292 per
2050 2233 2302 2278 sanctum

721 2309 994 2380 baptisma
1031 2322 1221 2374 tuum;
1249 2315 1342 2384 qui
1377 2315 1608 2370 dixisti:
1643 2316 1752 2386 Ego
1778 2332 1898 2370 sunt
1923 2332 2064 2387 aqua
2097 2316 2217 2369 viva
2248 2317 2303 2381 ";

725 2416 938 2473 petram
992 2407 1136 2464 hanc
1187 2412 1377 2479 aperi,
1433 2428 1631 2482 aquam
1689 2414 1947 2475 effunde.
2003 2412 2306 2482 pauxillum

721 2506 887 2566 potus
941 2500 1076 2553 mihi
1129 2502 1311 2569 praebe
1343 2519 1355 2554 :
1391 2511 1447 2556 et
1485 2518 1552 2556 ex
1604 2503 1709 2556 hoc
1760 2518 2085 2572 cognoscam
2122 2502 2164 2556 si
2207 2516 2307 2556 nos

721 2589 939 2661 diligas,
964 2602 1018 2647 et
1046 2594 1091 2647 si
1114 2594 1262 2665 digni
1286 2594 1477 2657 simus.
1501 2596 1751 2660 Domine,
1771 2594 1866 2665 qui
1887 2605 1938 2650 te
1962 2596 2303 2650 invocemus.

719 2682 916 2740 Cernis
983 2687 1156 2751 enim,
1209 2703 1531 2758 compagem
1571 2690 1822 2757 corporis
1868 2689 2044 2743 nostri
2085 2703 2304 2742 omnem

720 2787 1104 2846 consumptam
1136 2787 1190 2831 et
1238 2778 1424 2832 aridos
1470 2794 1573 2834 nos
1617 2795 1740 2835 esse
1773 2791 2030 2850 tanquam
2077 2789 2302 2835 testam.

718 2869 818 2924 Illo
855 2868 971 2924 haec
995 2879 1190 2925 orante
1220 2871 1274 2925 in
1305 2882 1480 2941 petra.
1521 2873 1714 2944 ingens
1762 2890 1793 2929 e
1842 2886 1997 2944 petra
2057 2888 2310 2928 murmur

719 2961 1002 3025 insonuit,
1059 2970 1115 3016 et
1161 2963 1428 3031 strepitus
1475 2978 1783 3031 aquarum:
1827 2972 2101 3033 ruptaque
2151 2973 2305 3032 petra

719 3051 921 3110 cti'udit
965 3069 1164 3123 aquam
1203 3028 1486 3124 limpidam
1523 3028 1587 3111 ac
1642 3028 2055 3127 nitidam,qu
2099 3028 2166 3111 in-
2200 3057 2303 3112 bo-
2333 3028 2375 3091 C

721 3142 977 3200 diernum
1051 3159 1226 3215 usque
1285 3145 1429 3200 diem
1501 3154 1836 3216 spectatur:
1896 3156 1952 3202 et
2013 3157 2303 3216 postquam

720 3244 949 3290 sanctus
998 3235 1276 3292 Sisinnius
1312 3236 1574 3300 bibisset,
1624 3236 1914 3290 benedixit
1971 3237 2171 3298 Deum,
2222 3237 2308 3289 di-

719 3341 888 3380 cens:
929 3326 1206 3380 Benedico
1248 3335 1321 3389 te,
1349 3328 1600 3390 Domine,
1647 3327 1795 3396 quod
1829 3327 2066 3381 animam
2095 3327 2305 3382 satiasti

720 3417 964 3472 inanem.
1002 3417 1190 3472 Laudo
1227 3427 1299 3482 te,
1337 3418 1471 3483 Rex,
1495 3430 1551 3474 et
1586 3419 1853 3489 glorifico,
1880 3420 1975 3491 qui
2031 3421 2307 3476 exsistens

721 3520 847 3567 ante
871 3512 1091 3577 secula,
1125 3521 1287 3567 natus
1314 3527 1373 3566 es
1397 3528 1427 3566 e
1468 3513 1702 3582 Deipara
1738 3513 1935 3579 Maria,
1969 3515 2095 3584 quia
2119 3556 2133 3577 ,
2180 3523 2306 3567 tan-

722 3617 888 3673 quam
927 3617 1068 3672 puer
1121 3619 1217 3673 per
1257 3604 1342 3659 lac
1384 3604 1608 3670 matris,
1645 3620 1746 3674 per
1789 3622 1927 3676 opus
1980 3607 2128 3676 quod
2175 3621 2308 3661 con-

721 3692 914 3749 didisti
939 3704 1221 3752 saturatus
1247 3711 1392 3751 sum.

792 3786 986 3844 XXIII.
1029 3789 1257 3860 Largire
1288 3791 1425 3845 mihi
1450 3792 1733 3847 etsanctis
1759 3792 2025 3848 fratribus
2049 3806 2308 3848 consum-

720 3898 876 3940 mare
908 3897 1133 3938 cursum
1167 3881 1224 3938 in
1252 3891 1346 3938 tua
1380 3883 1556 3955 gratia
1589 3893 1647 3941 et
1676 3901 1809 3956 spe;
1865 3894 1921 3940 et
1960 3886 2127 3940 sicuti
2161 3887 2307 3940 inter

723 3990 825 4030 nos
866 3975 1009 4030 uniti
1060 3975 1263 4030 animis
1303 3975 1513 4030 fuimus
1545 3986 1888 4041 constanter,
1938 3977 2011 4029 ita
2046 3976 2306 4030 uniainur

722 4066 966 4121 ossibus.
1006 4066 1134 4135 Opis
1167 4075 1272 4121 tua:
1304 4067 1543 4139 indigos,
1574 4079 1740 4140 teque
1773 4079 1965 4125 nostro
1987 4071 2304 4126 interventu

724 4163 1069 4226 invocantes,
1103 4161 1288 4215 statim
1330 4163 1561 4226 exaudi,
1595 4165 1848 4224 Domine,
1887 4165 1940 4218 in
1973 4179 2305 4233 quacunque

723 4252 1055 4307 necessitate
1103 4261 1158 4305 et
1205 4252 1538 4321 indigentia;
1585 4254 1839 4324 quamvis
1887 4255 1942 4308 in
1980 4265 2305 4324 paupertate

2415 1759 2587 1826 δῆμον
2619 1758 2792 1828 μέγαν
2843 1759 2936 1811 καὶ
2967 1758 3095 1812 λαὸν
3124 1758 3364 1828 διψῶντα
3396 1757 3642 1819 ποτίσας,
3683 1757 3712 1807 δ
3747 1755 3864 1819 θεὶς
3901 1758 3998 1822 τὴν

2428 1850 2696 1921 Ἐρυθρὰν
2724 1851 3000 1904 Θάλασσαν
3027 1852 3292 1920 τμήματα
3325 1853 3436 1914 δύο,
3461 1850 3588 1902 ἵναὸ
3621 1848 3710 1910 σὸς
3735 1850 3858 1912 λαδς
3895 1849 3999 1901 ἀπὸ

2415 1943 2619 2013 χειρῶν
2661 1942 2867 2009 ἀνόμου
2917 1942 3112 2012 ρυσθῇ,
3153 1945 3180 1995 ὁ
3219 1942 3439 2004 ἀνοίξας
3470 1941 3597 2002 τοὺς
3643 1941 3998 2006 καταράκτας

2414 2037 2508 2091 τοῦ
2537 2037 2792 2107 οὐρανοῦ,
2819 2037 2846 2088 ὁ
2884 2033 3368 2105 προσκαλούμενος
3403 2033 3462 2084 τὸ
3495 2033 3641 2102 ὕδωρ
3668 2032 3769 2099 τῆς
3799 2030 3998 2083 θαλάσ-

2417 2146 2538 2199 σης,
2574 2129 2670 2180 καὶ
2723 2128 2930 2196 ὲκχέων
2987 2126 3121 2179 αὐτὸ
3179 2126 3271 2178 ἐπὶ.
3324 2126 3618 2195 πρόσωπον
3667 2126 3854 2189 πάσης
3904 2122 3997 2190 τῆς

2413 2223 2540 2292 γῆς,
2587 2226 2614 2275 ὁ
2657 2222 2959 2289 εὐλογήσας
2992 2221 3060 2273 τά
3089 2220 3257 2274 ὕδατα
3309 2222 3366 2273 ὲν
3396 2221 3474 2285 τῷ
3515 2217 3756 2287 Ἰορδάνῃ
3789 2215 3880 2267 διά
3908 2213 3996 2266 τοῦ

2418 2318 2574 2384 ἁγίου
2643 2333 2735 2367 σου
2795 2314 3195 2382 βαπτίσματος,
3247 2315 3274 2364 δ
3324 2311 3535 2364 εἰπών·
3592 2307 3735 2375 Ἐγὼ
3771 2310 3893 2377 εἰμι
3942 2306 3998 2359 τὸ

2419 2407 2564 2476 ὕδωρ
2605 2407 2666 2459 τὸ
2709 2405 2849 2469 ζωόν
2874 2421 2888 2434 ·
2921 2403 3190 2468 διάνοιξον
3237 2402 3338 2473 τὴν
3379 2402 3586 2470 πέτραν
3621 2399 3858 2466 ταύτην,
3909 2397 3998 2450 καὶ

2417 2500 2606 2569 ἔκχεον
2646 2497 2809 2568 ὕδωρ,
2838 2496 2933 2549 καὶ
2970 2495 3192 2548 πότισόν
3234 2511 3301 2565 με
3340 2494 3559 2563 μικρὸν,
3589 2494 3686 2546 καὶ
3735 2493 3795 2544 tv
3827 2493 3997 2559 τούτῳ

2416 2593 2698 2661 γνώσομαι
2722 2593 2772 2642 εί
2803 2590 3105 2660 ἠγάπησας
3130 2589 3301 2658 ἡμᾶς,
3333 2587 3428 2640 καὶ
3452 2587 3501 2638 εί
3529 2585 3670 2648 ἄξιοί
3704 2586 3880 2653 ὲσμεν
3903 2583 3998 2652 τῆς

2417 2687 2518 2757 σῆς
2553 2686 2917 2754 ἐπικλήσεως,
2949 2683 3218 2735 Δέσποτα.
3256 2682 3420 2750 Ὁρᾷς
3453 2679 3560 2748 γὰρ
3593 2679 3678 2732 ὃτι
3709 2680 3864 2730 πάσα
3898 2692 3999 2743 πη-

2418 2782 2567 2848 γμάς
2622 2780 2714 2831 τοῦ
2762 2778 3018 2846 σώματος
3066 2775 3226 2843 ἡμῶν
3270 2774 3666 2842 ὲξεδαπανήθη,
3710 2776 3807 2826 καὶ
3849 2772 4000 2841 ξηροὶ

2418 2871 2726 2937 γεγόναμεν
2753 2867 2830 2929 ὡς
2875 2867 3169 2934 ὄστρακον.
3214 2863 3333 2913 Ἔτι
3378 2862 3434 2914 δὲ
3467 2861 3659 2913 τούτου
3691 2863 3997 2930 εὐχομένου

2419 2967 2477 3017 ἐν
2531 2965 2600 3032 τῇ
2648 2963 2825 3032 πέτρᾳ
2868 2961 3086 3028 ἄθροον,
3133 2955 3348 3028 ταραχή
3395 2972 3480 3018 τις
3527 2955 3754 3022 γέγονεν
3799 2955 3865 3005 ἐκ
3904 2955 3998 3021 τῆς

2411 3055 2644 3123 πέτρας,
2690 3053 2782 3106 καὶ
2832 3050 3038 3120 βόμϐος
3084 3047 3311 3110 ὓδατοςο
3352 3047 3447 3099 καὶ
3485 3046 3718 3116 ραγεῐσα
3753 3045 3788 3114 ἡ
3824 3044 3996 3113 πέτρα

2412 3147 2701 3211 ἐξέϐλυσεν
2723 3143 2864 3210 ὕδωρ
2890 3142 3085 3203 διειδές
3116 3158 3173 3192 τε
3205 3143 3298 3193 καὶ
3323 3139 3507 3203 καλὸν,
3533 3141 3669 3210 ὅπερ
3702 3138 3996 3209 θεωρεῖται

2416 3237 2581 3307 μέχρι
2637 3235 2736 3304 τῆς
2795 3235 3074 3302 σήμερον·
3115 3231 3210 3285 καὶ
3267 3231 3410 3285 πιὼν
3460 3232 3488 3283 ὁ
3538 3231 3693 3298 ἅγιος
3730 3231 3998 3292 Σισίννιος

2410 3331 2684 3401 ηὑλόγησε
2741 3330 2833 3382 τὸν
2876 3327 3012 3380 Θεὸν
3056 3327 3232 3393 λέγων
3257 3341 3272 3356 ·
3315 3324 3502 3392 Ὑμνῶ
3543 3340 3601 3376 σε
3627 3360 3644 3386 ,
3684 3323 3886 3392 Κύριε,
3917 3324 3998 3374 ὅτι

2411 3426 2718 3495 ὲχόρτασας
2761 3421 2940 3489 ψυχὴν
2983 3419 3171 3486 κενήν.
3212 3417 3360 3468 Αἰνῶ
3398 3433 3478 3479 σε,
3512 3415 3761 3483 βασιλεῦ,
3796 3419 3892 3468 καὶ
3920 3416 4000 3468 δο-

2412 3516 2618 3584 ξο).ογῶ
2663 3514 2757 3566 τὸν
2807 3509 3138 3582 προαιώνιον
3181 3507 3444 3578 τεχθέντα
3488 3509 3551 3560 ἐκ
3584 3509 3684 3576 τῆς
3725 3505 3998 3564 Θεοτόκου

2411 3611 2652 3680 Μαρίας,
2677 3609 2759 3662 ὅτι
2793 3606 3099 3678 ἐκορέσθην
3133 3603 3226 3658 τοῦ
3253 3602 3347 3657 σοῦ
3379 3601 3704 3674 κτίσματος,
3741 3602 3999 3673 καθάπερ

2411 3705 2626 3760 παιδίον
2645 3702 2788 3771 γάλα
2827 3699 3055 3772 μητρός.

2481 3794 2588 3850 ΚΓ
2647 3791 3005 3859 Καταξίωσόν
3038 3806 3105 3859 με
3137 3787 3233 3841 καὶ
3265 3787 3393 3849 τοὺς
3432 3787 3812 3856 ἠγιασμένους
3845 3785 3999 3840 ἀδελ-

2411 3890 2546 3959 φούς
2583 3905 2684 3957 μου
2718 3882 3083 3951 τελειωθῆναι
3111 3883 3178 3950 τῇ
3205 3881 3270 3950 σῇ
3308 3877 3491 3949 χάριτι
3526 3878 3622 3930 καὶ
3646 3877 3829 3931 ἑλπίδι
3851 3894 3866 3908 ο
3903 3877 4001 3929 καὶ

2410 3983 2604 4049 ὥσπερ
2651 3977 2946 4045 ἡνώθημεν
2974 3973 3098 4036 ταῖς
3140 3970 3342 4041 ψυχαῖς
3379 3969 3744 4034 ἀδιστάκτως,
3781 3967 3998 4023 ινωΟῶο

2413 4094 2514 4150 μεν
2552 4075 2647 4128 καὶ
2693 4071 2806 4136 τοῖς
2851 4069 3062 4132 ὀστέοις
3085 4083 3098 4097 ’
3130 4067 3226 4120 καὶ
3265 4065 3374 4119 τῶν
3405 4064 3600 4136 χρείαν
3633 4065 3875 4134 ἑχόντων
3903 4061 4001 4132 τῆς

2413 4173 2513 4241 σῆς
2547 4168 2825 4240 βοηθείας,
2864 4167 2961 4218 καὶ
2996 4161 3463 4232 παρακαλούντων
3504 4173 3562 4209 σε
3607 4157 3674 4208 δι’
3711 4155 3874 4227 ἡμῶν
3907 4173 4003 4210 τα-

2412 4269 2555 4336 χέως
2621 4264 2950 4324 ἐπάκουσον,
3007 4256 3208 4326 Κύριε,
3251 4257 3310 4306 ὲν
3363 4253 3570 4322 ἑκάστῃ
3630 4252 3854 4323 ἀνάγκῃ
3907 4255 4002 4306 καὶ

723 4346 1020 4414 quisquam
1043 4344 1290 4410 exsistat,
1313 4347 1566 4416 quamvis
1587 4348 1641 4402 in
1669 4348 1936 4403 viduitate
1963 4359 2021 4403 et
2043 4348 2303 4415 orbitate,

2415 4359 2575 4431 χρείᾳ
2651 4355 2755 4410 κᾶν
2778 4355 2835 4407 ὲν
2866 4351 3028 4422 πενίᾳ
3060 4367 3144 4412 τις
3175 4347 3418 4419 ὑπάρχῃ,
3451 4346 3554 4399 κᾶν
3597 4347 3654 4397 ὲν
3677 4346 3884 4414 χηρείᾳ
3909 4345 4002 4397 καὶ

723 4439 978 4507 quamvis
1012 4439 1066 4492 in
1098 4440 1566 4510 peregrinatione,
1598 4443 1851 4512 quamvis
1882 4445 1936 4496 in
1985 4444 2306 4498 inﬁrmitate

725 4531 977 4599 corporis
1008 4539 1062 4584 et
1090 4532 1309 4594 animae,
1357 4535 1609 4602 quamvis
1663 4535 1717 4589 in
1751 4550 1858 4590 agre
1904 4537 2085 4590 alieno
2111 4545 2166 4589 et
2213 4552 2309 4590 ca-

723 4623 975 4688 lumniis,
1009 4624 1262 4693 quamvis
1293 4625 1345 4680 in
1389 4627 1586 4682 acerba
1614 4629 1904 4694 servitute,
1958 4630 2208 4699 quamvis
2251 4630 2306 4686 in

727 4717 1018 4772 hominum
1073 4727 1170 4771 aut
1214 4721 1496 4803 pecudum
1537 4725 1900 4794 contagione,
1957 4726 2209 4794 quamvis
2251 4725 2306 4777 in

727 4811 866 4863 mari
887 4813 1180 4880 quisquam
1211 4814 1284 4868 sit
1323 4814 1647 4886 naufragus,
1695 4822 1950 4887 quamvis
1985 4818 2223 4887 denique
2255 4817 2310 4871 in

725 4902 854 4958 aliis
879 4919 1066 4959 rerum
1099 4914 1409 4975 temporum
1476 4922 1540 4962 ac
1584 4909 1835 4964 locorum
1881 4909 2194 4980 adiunctis;
2253 4917 2309 4963 tu

728 4996 905 5061 illum,
934 4998 1072 5060 Rex,
1101 5015 1201 5069 per
1227 5016 1327 5055 nos
1367 5002 1753 5072 interpellatus
1782 5005 1966 5059 statim
1996 5005 2215 5071 exaudi,
2252 5013 2310 5058 ut

726 5101 1063 5160 cognoscant
1101 5107 1295 5147 omnes
1339 5095 1530 5148 mundi
1585 5096 1750 5165 hujus
1796 5097 2022 5160 incolae,
2074 5099 2307 5151 multum

731 5197 830 5235 nos
857 5181 1012 5252 diligi
1037 5183 1136 5238 abs
1166 5191 1240 5248 te,
1276 5195 1332 5239 et
1357 5186 1633 5253 exaudiri,
1667 5204 1732 5243 ac
1777 5189 1919 5244 malo
1951 5189 2181 5244 cuilibet
2218 5190 2311 5241 fiat

728 5289 869 5340 aqua
904 5273 1020 5328 tunc
1054 5273 1108 5328 in
1150 5275 1444 5338 medelam,
1491 5293 1617 5331 nam
1661 5279 1727 5331 ad
1767 5280 2174 5334 invocationem
2231 5279 2308 5332 tui

726 5365 965 5427 ebulliit,
981 5377 1036 5421 et
1057 5369 1377 5422 innovatum
1394 5379 1651 5426 estvetus
1666 5371 1991 5426 miraculum
2011 5374 2065 5426 in
2079 5371 2306 5441 gloriam

732 5458 941 5518 Patris.
979 5468 1035 5510 et
1067 5458 1211 5521 Filii,
1253 5471 1307 5514 et
1359 5461 1599 5530 Spiritus
1643 5462 1843 5520 sancti.
1889 5463 1942 5515 in
1989 5463 2208 5516 laudem
2254 5474 2310 5518 et

730 5552 1052 5604 memoriam
1083 5562 1381 5623 martyrum
1417 5564 1637 5610 tuorum
1680 5557 1921 5626 quinque
1960 5565 2011 5611 et
2069 5557 2309 5627 quadra-

728 5645 896 5712 ginta.

804 5735 993 5791 XXIV.
1040 5740 1212 5808 Atque
1253 5743 1354 5797 hoc
1398 5755 1588 5801 orante
1637 5748 1686 5801 in
1724 5756 1898 5817 petra,
1941 5749 2163 5814 milites,
2215 5749 2305 5819 qui

792 5886 808 5915 ⁷
839 5883 996 5939 Joan.
1025 5903 1094 5950 tv,
1137 5887 1216 5943 10,

2413 4451 2673 4524 ὀρφανία,
2704 4450 2808 4504 κᾶν
2836 4450 2892 4500 tv
2918 4445 3224 4514 ἀποδημίᾳ,
3252 4442 3353 4496 κᾶν
3377 4443 3437 4495 ἐν
3462 4441 3722 4512 ἀσθενείᾳ
3749 4440 4004 4509 σώματος

2413 4547 2511 4600 καὶ
2548 4544 2750 4613 ψυχῆς,
2782 4540 2878 4592 καὶ
2919 4539 2978 4591 tv
3016 4537 3230 4607 χρέεσι,
3276 4537 3371 4589 καὶ
3440 4535 3860 4601 συκοφαντίαις,
3897 4532 4003 4587 κᾶν

2413 4642 2473 4693 ὲν
2505 4637 2681 4705 πικρᾷ
2713 4631 2949 4703 δουλείᾳ,
2975 4630 3079 4684 κᾶν
3116 4631 3176 4682 tv
3203 4628 3383 4698 φθορᾷ
3402 4625 3709 4694 ἀνθρώπων
3747 4627 3783 4696 ἢ
3824 4627 4000 4690 ζώων,

2413 4731 2518 4787 κᾶν
2569 4732 2627 4784 tv
2653 4728 2899 4799 θαλάσσῃ
2930 4719 3336 4793 χειμαζόμενός
3364 4735 3450 4781 τις
3484 4718 3592 4786 εἴη,
3632 4717 3739 4770 κᾶν
3777 4721 3835 4770 tv
3867 4719 4002 4788 ἄλλῃ

2413 4825 2737 4896 περιστάσει
2766 4817 3077 4889 προσαχθῇ,
3112 4817 3200 4878 σὺ,
3226 4812 3483 4878 Βασιλεῦ,
3514 4811 3580 4864 δι’
3616 4810 3779 4880 ἡμῶν
3818 4813 4001 4879 παρά-

2413 4919 2610 4988 κλησιν
2635 4915 2774 4984 ταχὺ
2811 4911 3141 4975 ἐπάκουσον,
3184 4908 3268 4960 ἵνα
3300 4906 3473 4974 γνῶσι
3534 4904 3738 4964 πάντες
3776 4905 3830 4956 oi
3860 4905 4002 4957 κατά

2412 5013 2514 5081 τὴν
2572 5006 2919 5078 οἰκουμένην,
2968 5006 3050 5058 ὅτι
3119 4999 3257 5054 πολῦ
3311 4999 3610 5067 ἠγάπησας
3668 4997 3840 5067 ἡμᾶς,
3907 5000 4003 5050 καὶ

2414 5103 2633 5165 ἀκούεις
2685 5100 2881 5173 ἡμῶν·
2939 5097 3035 5149 καὶ
3096 5094 3157 5146 τὸ
3210 5093 3354 5160 ὓδωρ
3399 5090 3561 5142 τοῦτο
3611 5089 3861 5155 γενέσθω
3922 5093 4002 5151 εἰς

2416 5199 2560 5249 ἴασιν
2586 5195 2642 5247 tv
2675 5193 2837 5244 παντὶ
2861 5188 3056 5242 πάθειο
3091 5188 3156 5254 σῇ
3191 5186 3296 5252 γὰρ
3354 5181 3643 5252 ἐπικλήσει
3679 5182 4000 5250 ὲξδμσρισε,

2413 5289 2509 5340 καὶ
2573 5283 2805 5338 παλαιὸν
2867 5279 3054 5348 θαῦμα
3118 5277 3363 5344 ἀνεφάνη
3413 5275 3495 5335 είς
3548 5272 3710 5336 δόξαν
3762 5273 3998 5344 Πατρδς,

2415 5383 2510 5434 καὶ
2567 5376 2721 5441 Υίοῦ,
2770 5377 2864 5429 καὶ
2908 5374 3067 5439 ἁγίου
3117 5368 3433 5438 Πνεύματος
3461 5383 3477 5397 ο
3539 5367 3766 5417 ἔπαινον
3807 5366 3862 5418 δὲ
3905 5367 4000 5417 καὶ

2419 5476 2611 5545 μνείαν
2646 5472 2755 5524 τῶν
2791 5467 3087 5540 μαρτύρων
3146 5480 3240 5517 σου
3301 5462 3408 5515 τῶν
3442 5460 3607 5512 πέντε
3655 5460 3748 5512 καὶ
3801 5473 4002 5511 τεσσαο

2417 5569 2678 5638 ράκοντα.

2485 5749 2608 5805 KA'.
2643 5749 2751 5803 Καὶ
2794 5747 2984 5801 τούτου
3018 5744 3313 5812 εὐχομένου
3345 5743 3399 5794 ἐν
3425 5743 3488 5811 τῇ
3529 5740 3725 5810 πέτρᾳ,
3758 5738 3804 5790 οἱ
3837 5751 3994 5807 στρι-
