4180 6458
171 390 271 453 365

1126 389 1597 455 MARTYRIUM
1632 395 1736 454 SS.
1782 396 1930 456 XLV
1972 398 2435 463 MARTYRUM.

3288 398 3404 462 346

178 506 382 572 ειῶται,
414 504 729 568 καύσαντες
748 502 980 574 κάμινον
1012 506 1067 558 ὲν
1100 508 1163 575 τῇ
1198 503 1350 576 χώρᾳ
1385 505 1610 575 πλησίον
1639 507 1740 575 τῆς

1851 510 2213 567 accenderant
2274 529 2461 584 pyram
2540 515 2594 569 in
2643 529 2838 584 campo
2888 529 3060 584 prope
3108 514 3416 578 civitatem,

172 597 400 659 πόλεως,
434 597 539 649 καὶ
564 598 644 659 εἰς
685 595 817 665 ὕψος
838 595 1135 665 θρέψαντες
1174 596 1352 659 ξύλοις
1384 596 1445 648 τὸ
1483 595 1615 665 πῦρ,
1650 596 1745 649 καὶ

172 690 501 758 ποιήσαντες
548 687 741 756 ὁμοίαν
788 689 888 756 τῆς
928 686 1301 749 Βαϐυλωνίας,
1350 681 1513 755 ἦλθον
1540 687 1746 754 ἐπᾶραι

171 780 395 843 αὐτούς’
436 781 539 833 καὶ
568 780 790 849 ζητοῦσι
822 779 913 831 τὸν
940 778 1193 848 ἀριθμὸν,
1218 779 1311 832 καὶ
1341 780 1368 830 ὁ
1399 771 1479 841 εἷς
1512 776 1742 830 ἔλειπεν.

179 874 238 924 Ὀ
270 872 327 924 δὲ
356 872 521 939 ἅγιος
548 872 809 931 Σισίννιο;
835 871 1027 941 ἐϐόησε
1073 870 1265 937 λέγων.
1299 863 1424 925 Ὧδέ
1451 871 1586 938 εἰμι,
1620 861 1745 923 Ὦδέ

170 971 303 1037 είμι.
364 968 654 1032 Ἐλθὸντες
684 969 737 1021 δὲ
765 967 858 1022 καὶ
891 968 1207 1038 ἀπάραντες
1241 967 1336 1021 καὶ
1367 967 1576 1032 τοῦτον,
1610 967 1749 1037 ἢγα-

170 1078 261 1128 γον
302 1062 397 1113 ἐπὶ
426 1062 491 1114 τὸ
525 1060 657 1131 πῦρ.
710 1061 820 1114 Καὶ
858 1060 1111 1128 λέγουσιν
1156 1062 1202 1113 οἰ
1241 1060 1385 1127 ἅγιοι
1415 1059 1703 1127 ὀμοψύχως
1728 1070 1743 1085 ⁸

177 1170 193 1201 ι
222 1151 315 1213 Εἰς
346 1152 547 1222 χεῖράς
586 1169 699 1218 σου,
732 1152 924 1223 Κύριε,
950 1152 1382 1224 παραθησόμεθα
1421 1152 1518 1214 τὰς
1570 1150 1745 1219 ψυχὰς

168 1246 383 1314 ἡμῶν»
410 1248 531 1305 καὶ,
567 1267 585 1298 ι
612 1247 909 1314 Εὐλογητὸς
939 1247 1159 1317 Κύριος,
1182 1247 1352 1309 ὅςούκ
1378 1245 1575 1297 ἔδωκεν
1598 1246 1747 1313 ἡμᾶς

166 1343 242 1401 εἰς
265 1340 446 1409 θήραν
475 1344 595 1402 τοῖς
625 1341 831 1395 ὀδοῦσιν
868 1340 1069 1393 αὐτῶνο
1102 1358 1120 1389 ι
1154 1341 1247 1393 καὶ
1270 1338 1562 1408 ψάλλοντες
1587 1337 1747 1408 ίδλή·

166 1432 337 1501 θησαν
360 1436 445 1496 εἰς
477 1433 543 1486 τὸ
570 1433 701 1504 πῦρ.
732 1435 795 1487 Οί
825 1434 879 1486 δὲ
900 1434 1086 1503 δήμιοι
1114 1432 1346 1501 ἑξῆπτον
1371 1431 1468 1503 τὴν
1491 1431 1744 1499 κάμινον,

164 1525 506 1595 μιμούμενοι
582 1528 707 1589 τοὺς
771 1526 1095 1587 Χαλδαίους.
1174 1527 1285 1579 Καὶ
1351 1524 1747 1579 τελειωθέντων

165 1618 346 1671 αὐτῶν
386 1622 449 1672 ὲν
486 1623 553 1687 τῇ
591 1620 773 1689 ἡμέρᾳ
812 1621 1002 1689 ταύτῃ,
1047 1619 1168 1689 ἥτις
1208 1618 1323 1671 εστι
1386 1620 1481 1671 τοῦ
1523 1616 1743 1670 Ἰουλίου

162 1711 389 1781 δεκάτη,
449 1711 744 1764 ἐκέλευσεν
804 1711 833 1763 ὁ
888 1710 1013 1772 δοὺξ
1067 1709 1391 1777 συλλεγῆναι
1453 1707 1634 1760 αὐτῶν
1676 1708 1745 1760 τὰ

162 1806 312 1867 ὀστᾶ,
353 1804 454 1857 καὶ
512 1804 737 1871 ῥιφῆναι
800 1803 855 1852 ὲν
908 1799 988 1870 τῷ
1044 1799 1295 1868 ποταμῷ,
1339 1798 1416 1868 τῷ
1462 1797 1744 1867 λεγομένῳ

162 1897 368 1965 Λύκῳ,
426 1894 511 1963 τῷ
563 1895 674 1947 Evn
726 1894 1039 1963 ἀποσημεῖα
1095 1890 1153 1957 ἐξ
1202 1891 1299 1958 τῆς
1352 1890 1599 1952 πόλεως·
1655 1893 1747 1942 καὶ

162 1984 502 2051 κομίσαντες
570 1983 795 2052 ἐζήτουν
854 1983 1021 2035 τόπον
1074 1981 1382 2051 ἐπιτήδειον
1443 1982 1581 2045 πρὸς
1646 1981 1751 2033 ἀπ-

160 2077 359 2130 ώλειαν
392 2076 512 2129 τῶν
548 2075 721 2143 ἁγίων
748 2073 1038 2144 λειψάνων.
1071 2073 1223 2138 Εἰλιξ
1270 2073 1324 2125 δέ
1357 2076 1473 2126 ἐστι
1514 2073 1649 2143 πρὸς
1681 2075 1746 2143 τῆ

161 2170 383 2239 γεφύρᾳ
457 2168 657 2239 βαθὺς,
715 2169 811 2222 καὶ⁵
867 2167 926 2219 ιν
985 2163 1132 2235 αὐτῷ
1187 2166 1566 2219 κατεκένωσαν
1622 2167 1750 2229 τοὺς

164 2281 232 2334 μα
246 2264 499 2334 ρσίππου
509 2279 557 2322 ς.

230 2355 363 2408 κε’.
404 2355 470 2407 Ὀ
498 2354 558 2406 δὲ
592 2352 853 2422 ποταμὸς,
877 2350 1131 2421 καθάπερ
1159 2351 1638 2423 παρακαταθήκην
1657 2351 1750 2404 λα-

161 2445 271 2499 ϐὼν
323 2445 439 2498 τῶν
474 2443 651 2512 ἁγίων
698 2445 768 2498 τὰ
809 2442 1060 2513 λείψανα,
1101 2444 1194 2495 καὶ
1233 2443 1307 2505 ὡς
1359 2442 1590 2509 ὀφείλων
1634 2442 1749 2495 σῶα

160 2538 251 2591 καὶ
274 2535 526 2604 ἀκέραια
551 2534 867 2598 ἀποδοῦναι,
896 2534 1035 2587 αὐτὰ
1064 2532 1385 2600 συναγαγὼν
1409 2534 1466 2585 ἐν
1491 2533 1572 2586 ἑνὶ
1596 2534 1748 2603 τόπῳ

160 2630 619 2701 παρεφύλαττεν.
689 2626 1193 2694 Ἀναχωρησάντων
1245 2626 1301 2678 δὲ
1347 2625 1456 2678 τῶν
1512 2624 1745 2694 δημίων,

159 2721 354 2788 ἄνδρες
410 2716 717 2778 θεοσεσεῐς,
766 2714 946 2769 δοῦλοι
988 2715 1083 2770 τοῦ
1134 2715 1290 2781 Θεοῦ,
1327 2716 1420 2769 καὶ
1451 2714 1748 2785 ὁμότροποι

160 2812 269 2864 τῶν
304 2810 511 2876 ἁγίων,
542 2806 798 2870 λασόντες
828 2807 980 2870 τινὰς
1012 2808 1313 2878 ἐμπείρους
1345 2806 1555 2869 εἰδότας
1592 2807 1753 2859 πολυ-

158 2900 564 2974 πραγμονῆσαι
614 2898 683 2951 τὰ
714 2898 856 2969 βάθη
889 2897 987 2967 τοῦ
1033 2897 1304 2967 ποταμοῦ,
1333 2896 1607 2969 ἀνῄραντο
1652 2899 1748 2952 ὅλα

160 2995 300 3062 μετά
328 2994 434 3063 τῆς
471 2990 628 3064 [γῆς]
654 2994 1097 3061 συνητιασμένης
1124 2992 1332 3058 αὐτοῖς,
1362 2990 1434 3054 ὡς
1460 2988 1751 3062 πληρωθῆ-

158 3103 244 3139 ναι
282 3085 386 3154 τὴν
421 3085 689 3153 Γραφήν·
727 3100 746 3134 ι
780 3082 1047 3135 Φυλάσσει
1078 3083 1282 3153 Κύριος
1312 3083 1487 3137 πάντα
1520 3084 1588 3137 τὰ
1611 3083 1745 3138 ὀστᾶ.

1848 602 2029 670 ignem
2085 604 2249 674 lignis
2300 606 2355 660 in
2406 607 2642 663 sublime
2688 607 2997 661 nutrientes
3047 607 3101 659 in
3153 605 3417 659 similitu-

1848 697 2034 751 dinem
2071 697 2313 756 fornacis
2363 699 2733 773 Babylonica,
2784 707 3092 763 venerunt,
3152 709 3210 752 ut
3263 699 3418 765 ipsos

1847 793 2136 859 tollerent;
2166 810 2458 850 numerum
2483 797 2696 862 ineunt,
2728 807 2785 853 et
2809 810 2951 849 unus
2974 791 3416 848 desiderabatur.

1850 885 2083 942 Sanctus
2101 897 2283 941 autem
2304 886 2583 942 Sisinnius
2607 888 2882 943 clamavit.
2904 886 3127 940 dicens:
3158 883 3256 937 Hic
3271 898 3417 946 sum,

1850 978 1941 1032 hic
1970 995 2112 1033 sum.
2142 980 2438 1034 Venientes
2461 995 2593 1035 vero
2623 980 2770 1033 hunc
2800 991 3018 1047 quoque
3044 974 3413 1035 sustulerunt,

1848 1080 1906 1127 et
1938 1072 2287 1126 adduxerunt
2320 1073 2375 1126 in
2422 1072 2619 1142 ignem.
2662 1072 2729 1125 Et
2769 1071 2961 1126 dicunt
2992 1067 3175 1135 sancti,
3214 1066 3414 1119 unani~

1849 1165 2047 1219 miter:
2082 1183 2099 1216 ι
2141 1162 2197 1218 In
2233 1180 2427 1220 manus
2460 1176 2598 1227 tuas.
2645 1164 2896 1228 Domine,
2929 1160 3416 1217 tradimusanimas

1848 1268 2067 1313 nostras
2088 1259 2128 1323 ας
2172 1276 2189 1308 ι
2226 1267 2320 1313 et:
2360 1278 2379 1311 ι
2432 1260 2759 1314 Benedictus
2814 1259 3098 1317 Dominus.
3149 1254 3246 1324 qui
3304 1269 3417 1307 non

1848 1350 2001 1405 dedit
2054 1366 2155 1405 nos
2201 1351 2255 1404 in
2301 1352 2609 1419 captionem
2662 1350 2920 1406 dentibus
2962 1348 3226 1410 eorum‘;
3292 1363 3310 1395 ι
3356 1356 3416 1398 et

1850 1453 2135 1499 cantantes
2199 1445 2253 1499 in
2304 1447 2483 1515 ignem
2539 1444 2725 1513 iujecti
2775 1453 2923 1497 sunt.
2970 1442 3145 1496 Porro
3190 1438 3415 1493 lictores

1850 1537 2224 1591 accenderunt
2255 1552 2477 1607 pyram.
2531 1536 2809 1589 imitantes
2848 1532 3151 1588 Chaldaeos.
3210 1528 3415 1584 Eodem

1848 1647 1958 1700 quo
1982 1630 2237 1693 obierant
2267 1628 2378 1686 die.
2416 1644 2538 1697 qua:
2562 1638 2647 1683 est
2677 1626 2891 1681 decima
2926 1623 3078 1685 Julii,
3108 1620 3274 1693 jussit
3303 1619 3415 1672 dux

1848 1724 2027 1790 colligi
2058 1738 2250 1776 eorum
2285 1737 2429 1789 ossa.
2463 1735 2525 1777 ac
2573 1720 2765 1790 projici
2816 1718 2869 1772 in
2923 1716 3169 1772 ﬂuvium.
3214 1725 3417 1780 cogno-

1851 1825 2036 1869 mento
2072 1814 2299 1884 Lycum.
2329 1813 2657 1867 milliaribus
2680 1827 2772 1864 sex
2802 1826 2829 1864 a
2858 1810 3077 1864 civitate
3095 1806 3417 1861 distantem.

1850 1907 1968 1971 Quo
1998 1906 2090 1960 ubi
2119 1905 2470 1965 detulissent,
2496 1903 2870 1974 quaesiverunt
2895 1908 3080 1969 aptum
3133 1897 3317 1951 locum
3348 1891 3416 1948 ad

1850 1998 2164 2069 perdendas
2199 2005 2421 2051 sanctas
2446 1995 2724 2062 reliquias.
2766 1992 3079 2049 Proinudus
3119 1998 3205 2044 est
3230 1996 3419 2043 vortex

1851 2105 2022 2161 prope
2054 2097 2306 2160 pontem,
2332 2088 2387 2141 in
2413 2101 2524 2158 quo
2544 2094 2885 2141 evacuarunt
2910 2082 3182 2139 sacculos.

1921 2356 2088 2413 XXV.
2128 2357 2196 2412 At
2222 2353 2423 2409 ﬂuvius
2453 2350 2693 2423 depositi
2729 2351 2904 2406 instar
2929 2356 3247 2403 sanctorum
3290 2339 3421 2397 reli-

1852 2452 2010 2521 quias
2046 2449 2280 2518 accepit.
2335 2456 2502 2518 utque
2546 2461 2651 2516 pro
2689 2459 2791 2509 eo,
2824 2458 2890 2499 ac
2932 2440 3198 2503 debebat,
3246 2437 3424 2493 salvas

1851 2556 2014 2613 atque
2071 2543 2377 2596 incolumes
2429 2539 2715 2593 redderet.
2763 2552 2858 2591 eas
2918 2548 3085 2590 unum
3136 2533 3190 2585 in
3239 2530 3423 2584 locum

1853 2636 2112 2692 collectas
2128 2632 2491 2689 conservavit.
2510 2629 2827 2685 Lictoribus
2843 2642 2972 2683 vero
2995 2623 3121 2680 inde
3142 2619 3424 2693 digressis,

1851 2730 1956 2785 viri
2002 2726 2268 2796 religione
2318 2725 2593 2791 insignes,
2640 2721 2783 2776 servi
2826 2720 2956 2782 Dei,
2997 2727 3055 2772 et
3108 2723 3423 2770 sanctorum

1854 2820 2103 2885 moribus
2146 2816 2497 2880 consimiles,
2542 2810 2840 2882 assumptis
2891 2805 3219 2879 quibusdam
3270 2799 3423 2856 ﬂuvii

1852 2913 2124 2986 profunda
2164 2911 2453 2980 explorare
2490 2906 2715 2976 peritis,
2761 2904 3002 2972 integras
3046 2897 3423 2957 sustulerunt,

1852 3022 1975 3061 cum
2016 3003 2350 3058 sanctiﬁcata
2377 2998 2512 3067 ipsis
2540 2994 2754 3068 [terra]
2782 3005 2838 3047 ut
2895 2993 3214 3062 impleretur
3277 2986 3425 3041 Scri-

1854 3108 2011 3170 ptura
2038 3113 2051 3149 :
2090 3114 2109 3146 ι
2147 3091 2401 3149 Cnstodit
2429 3088 2696 3143 Dominus
2719 3086 2899 3139 omnia
2927 3098 3049 3137 ossa
3077 3094 3268 3140 eorum
3294 3078 3359 3131 ’°.
3399 3094 3419 3128 ι

158 3176 341 3232 αὐτῶν
362 3193 413 3228 οι
453 3175 553 3227 καὶ
575 3174 898 3241 ἐνέγκαντες
927 3175 987 3226 ιν
1015 3176 1079 3246 τῇ
1108 3175 1257 3227 πόλει
1280 3175 1534 3228 ἀνέθεντο
1558 3178 1614 3227 ἐν
1636 3177 1749 3239 τοῖς

1852 3165 1921 3245 Et
1942 3196 2230 3259 postquam
2270 3183 2324 3237 in
2358 3180 2636 3237 civitatem
2681 3175 3036 3235 invcxissent,
3070 3172 3122 3224 in
3168 3165 3428 3223 oratoriis

157 3268 484 3340 εὖκτηρίοις
515 3269 708 3331 οἴκοις,
735 3268 962 3339 εἰρήνης
991 3266 1050 3319 δὲ
1090 3266 1333 3335 βαθείας,
1358 3266 1458 3336 τῆς
1483 3264 1577 3319 τοῦ
1611 3267 1745 3336 Χρι-

161 3362 287 3416 στοῦ
330 3360 777 3431 φιλανθρωπίας,
808 3361 903 3412 καὶ
931 3361 997 3428 τῇ
1031 3360 1277 3429 βασιλείᾳ
1308 3358 1399 3411 τοῦ
1428 3356 1749 3411 εὐσεϐεστά-

155 3472 250 3509 του
313 3450 768 3515 Κωνσταντίνον,
812 3452 906 3503 καί
950 3453 1055 3505 εἰσι
1109 3452 1307 3521 πύργοι
1360 3450 1457 3514 τῆς
1512 3451 1750 3514 πίστεως

159 3548 433 3607 ἂσειστοι,
481 3544 713 3609 ἀστέρες
768 3542 979 3612 λογικοὶ
1023 3544 1327 3614 λάμποντες
1378 3544 1747 3613 Χριστιανοῖς,

160 3637 294 3707 ἄνθη
326 3635 444 3689 τῶν
473 3633 623 3687 κατὰ
658 3636 757 3703 τὴν
777 3635 1103 3703 οἰκουμένην
1131 3636 1459 3706 ἐκκλησιῶν,
1484 3635 1753 3703 πρεσϐευ-

158 3729 251 3786 ταὶ
278 3729 396 3785 τῶν
415 3725 791 3799 ἁμαρτωλῶν,
817 3727 1058 3797 φύλακες
1086 3727 1194 3780 τῶν
1221 3726 1484 3791 εὐσεϐῶν,
1514 3727 1754 3797 προστά-

156 3835 244 3872 ται
276 3818 382 3888 τῆς
423 3834 489 3871 τι
521 3817 659 3880 ιδίας
692 3816 899 3880 πόλεως
950 3820 1044 3872 καὶ
1080 3818 1176 3889 τῆς
1212 3816 1558 3888 οἰκουμένης,
1593 3815 1753 3887 εὐερ-

158 3908 312 3976 γέται
339 3909 458 3963 τῶν
496 3910 855 3977 κεκτημένων
884 3908 1081 3975 αὐτοὺς
1122 3911 1179 3963 ιν
1202 3911 1429 3982 Χριστῷ
1462 3908 1640 3981 Ἰησοῦ
1675 3907 1755 3980 τῷ

157 4000 351 4070 Κυρίῳ
376 3997 569 4070 ἡμῶν,
601 3989 646 4064 ᾧ
674 4000 875 4068 πρέπει
904 4000 1030 4065 δόξα
1063 4002 1181 4068 ἅμα
1211 4001 1292 4068 τῷ
1333 4001 1509 4069 [lupi
1555 4000 1649 4051 καὶ
1676 3999 1753 4068 τῷ

157 4090 419 4162 παναγίῳ
458 4088 745 4159 Πνιύματι
792 4090 888 4147 νῦν
918 4090 1014 4147 καὶ
1037 4091 1146 4160 ἀεὶ,
1170 4093 1266 4147 καὶ
1286 4090 1366 4156 εἰς
1393 4089 1521 4155 τοὺς
1546 4088 1752 4153 αἰῶνας

156 4182 266 4236 τῶν
286 4185 541 4240 αἰώνων.
593 4182 766 4253 ’Δμήν

1854 3296 1919 3334 ea
1968 3282 2361 3345 reposuerunt,
2403 3286 2530 3325 cum
2575 3268 2844 3339 profunda
2886 3273 3033 3319 esset
3074 3276 3214 3331 pax,
3261 3259 3428 3311 dante

1854 3369 1950 3426 Dei
1973 3367 2334 3437 benignitate,
2364 3362 2614 3433 piissimo
2652 3357 3015 3413 Constantino
3062 3358 3343 3420 regnante,
3374 3354 3431 3400 et

1857 3458 2030 3516 turris
2080 3458 2181 3528 ipsi
2231 3461 2361 3509 sunt
2423 3450 2549 3505 ﬁdei
2595 3450 2956 3507 inconcussa,
3003 3443 3174 3497 stellas
3216 3438 3430 3493 ratione

1854 3552 2099 3624 praeditas
2125 3542 2455 3603 Christianis
2503 3543 2788 3599 lucentes,
2841 3536 3003 3589 liores
3045 3529 3429 3590 ecclesiarum,

1851 3659 1973 3713 qua:
2002 3656 2098 3710 per
2124 3637 2315 3693 orbem
2347 3644 2618 3688 terrarum
2639 3635 2787 3687 sunt.
2815 3626 3212 3679 intercessores
3232 3631 3431 3689 peccao

1852 3706 2039 3784 torum
2067 3766 2081 3790 ,
2124 3728 2341 3795 piorum
2397 3721 2680 3782 custodes,
2730 3715 2975 3771 civitatis
3016 3726 3129 3767 sua:
3170 3713 3227 3764 et
3277 3706 3433 3761 orbis

1853 3818 2099 3877 universi
2149 3812 2451 3888 praesides,
2508 3810 2895 3865 benefacwres
2945 3817 3174 3866 eorum,
3226 3797 3322 3868 qui
3371 3809 3431 3849 se

1852 3912 2140 3985 possident
2178 3910 2235 3965 in
2274 3905 2496 3964 Christo
2547 3902 2676 3959 Jesu
2718 3898 2956 3956 Domino
3003 3903 3228 3985 nostro:
3265 3900 3429 3985 quem

1850 3982 2010 4059 decet
2028 4003 2203 4072 gloria
2247 3997 2413 4055 simul
2455 4010 2581 4049 cum
2638 3994 2824 4058 Patre,
2866 3999 2925 4047 et
2965 3995 3159 4044 sancto
3195 3982 3429 4053 Spiritu,

1848 4107 1999 4149 nunc
2020 4100 2076 4147 et
2103 4102 2345 4161 semper,
2364 4093 2420 4141 et
2447 4082 2502 4138 in
2524 4082 2729 4139 secula
2752 4079 3105 4137 saeculorum.
3131 4074 3329 4129 Arnen.

225 4363 249 4398 ⁸
278 4365 434 4426 Psal.
464 4380 600 4436 ιιι,
631 4366 684 4423 6.
726 4368 746 4401 '
783 4366 930 4428 Psal.
971 4384 1167 4438 cum,
1198 4367 1257 4427 6.
1289 4370 1332 4402 "
1364 4369 1507 4427 Psal.
1538 4383 1733 4431 ιιιιιι,
1760 4367 1853 4424 ει.

1510 4978 2051 5011 ﬂ.”
