4180 6540
1986 444 2270 505 MENSIS
2303 444 2600 503 IULIUS.

3834 430 3937 496 3‘8

2671 581 3911 615 ww

1658 800 2045 934 ΒΙΟΣ
2124 797 2958 930 ΕΥΓΕΝΙΟΥ

1272 1046 1464 1133 ΚΑΙ
1504 1047 1940 1136 ’ΜΑΡΙΑΣ
2014 1044 2232 1129 ΤΗΣ
2289 1041 2870 1132 ΘΥΓΑΤΡΟΣ
2947 1038 3325 1125 ΑΥΤΟΥ

1306 1406 1762 1560 VITA
1879 1403 2454 1557 BEATI
2548 1403 3343 1559 EUGENII

1832 1681 1928 1741 ET
1988 1678 2272 1741 MARIIE
2325 1678 2563 1739 FILLE
2625 1677 2806 1740 EJUS

1172 1852 1366 1916 (Latine
1391 1854 1441 1902 in
1469 1850 1605 1902 Actis
1624 1848 1711 1899 SS.
1745 1845 1970 1901 Bolland.
1999 1848 2060 1898 ad
2081 1848 2215 1898 diem
2244 1845 2297 1897 t7
2320 1844 2439 1896 Julii
2466 1858 2479 1905 ;
2505 1844 2676 1895 Graec
2710 1857 2772 1893 ex
2797 1845 2908 1894 cod.
2932 1857 3023 1893 ms.
3056 1844 3210 1895 Paris.
3232 1858 3283 1895 ιι.
3312 1843 3471 1906 i533.)

2278 2025 2348 2038 .-

766 2183 806 2235 I.
847 2180 902 2232 In
932 2180 1024 2232 illo
1052 2188 1296 2247 tempore
1339 2186 1457 2230 erat
1505 2177 1590 2227 vir
1620 2174 1845 2244 quidam
1893 2175 1947 2228 in
1979 2174 2257 2243 Bithynia,

2434 2169 2513 2225 Ν.
2542 2170 2738 2237 Γέγονὲ
2770 2188 2852 2234 τις
2880 2172 3020 2240 ἀνὴρ
3057 2172 3112 2222 ὲν
3142 2174 3209 2242 τῇ
3240 2172 3464 2243 Βιθυνίᾳ
3516 2172 3750 2244 ὀνόματι
3788 2175 3957 2244 Εὖγε-

694 2275 915 2327 nominc
949 2272 1238 2341 Eugenius.
1277 2270 1324 2324 ls
1373 2269 1608 2323 habebat
1645 2283 1872 2322 uxorem
1909 2269 2065 2322 valde
2096 2268 2270 2322 hone-

693 2378 853 2425 Stam,
881 2377 933 2421 et
962 2368 1127 2420 Deum
1173 2366 1480 2426 timentem,
1532 2378 1653 2432 qua:
1697 2361 1913 2429 peperit
1946 2359 2110 2412 ﬁliam
2150 2359 2274 2410 uni-

696 2475 837 2521 cam,
868 2470 922 2513 et
947 2460 1157 2510 vocavit
1188 2473 1385 2510 nomen
1418 2458 1537 2524 (‘jUs
1565 2456 1810 2507 Mariam.
1846 2453 2052 2505 Mortua
2089 2460 2273 2503 antem

695 2553 815 2623 ejus
841 2565 1028 2611 uxore,
1061 2550 1314 2603 educavit
1349 2547 1511 2602 ﬁliam
1547 2562 1700 2600 suam
1739 2545 2015 2616 Engenins
2052 2543 2104 2597 in
2133 2544 2274 2597 bona

695 2654 749 2697 et
788 2645 1015 2697 honesta
1041 2644 1174 2696 vita.
1203 2643 1337 2698 Cum
1373 2658 1502 2695 vero
1531 2642 1800 2695 crevisset
1842 2638 2274 2702 adulescentula,

700 2736 834 2789 dixit
860 2735 909 2789 ei
945 2744 1096 2804 pater
1135 2736 1253 2804 ejus
1286 2753 1297 2787 :
1345 2735 1477 2788 Filia
1526 2734 1872 2793 charissima,
1907 2746 2035 2786 ecce
2085 2744 2278 2786 omnes

699 2844 850 2882 meas
899 2830 1186 2883 facultates
1228 2829 1384 2882 trado
1426 2829 1478 2881 in
1537 2842 1731 2879 manus
1782 2835 1924 2877 tuas.
1977 2824 2085 2893 Ego
2130 2824 2278 2876 enim

702 2920 861 2983 vado,
897 2933 954 2972 ut
1001 2921 1204 2972 salvam
1237 2920 1430 2972 faciam
1479 2918 1715 2969 animam
1767 2931 1966 2968 meam.
1997 2913 2130 2968 Cum
2164 2912 2281 2967 haec

702 3016 885 3066 autem
929 3028 957 3068 a
999 3021 1148 3078 patre
1195 3026 1295 3065 suo
1347 3010 1616 3064 audiisset
1667 3007 2100 3068 adulescentula,
2144 3006 2278 3061 dicit

700 3105 748 3156 ei
790 3123 798 3154 :
836 3103 1013 3165 Pater,
1065 3114 1118 3157 tu
1151 3105 1231 3157 vis
1263 3103 1497 3172 teipsum
1531 3118 1773 3166 servare,
1818 3112 1986 3157 etme
2025 3102 2277 3171 perdere.

702 3197 894 3251 Nescis
947 3197 1235 3249 Dominum
1288 3197 1474 3253 dicere
1510 3197 1564 3247 in
1615 3195 1976 3264 Evangeliis:
2034 3213 2051 3243 ι
2089 3196 2283 3247 Pastor

704 3288 881 3340 bonus
911 3289 1146 3339 animam
1180 3303 1332 3339 suam
1366 3288 1519 3354 ponit
1555 3301 1654 3355 pro
1691 3286 1886 3339 ovibus
1930 3286 1986 3338 ’ἲ
2023 3303 2040 3336 ›
2072 3285 2283 3340 Rursus

703 3393 836 3432 vero
875 3379 1000 3432 alibi
1032 3379 1203 3433 dicit:
1234 3397 1252 3428 ι
1278 3378 1594 3446 Quisalvam
1630 3379 1757 3432 facit
1780 3379 2038 3441 animam,
2059 3388 2142 3433 est
2165 3389 2284 3433 tan-

704 3485 866 3537 quam
894 3471 984 3539 qui
1009 3481 1176 3526 creat.
1206 3492 1220 3521 ι
1249 3471 1370 3526 Haec
1402 3488 1524 3525 cum
1561 3472 1827 3525 audiisset
1856 3481 2010 3540 pater
2031 3473 2151 3537 eius
2177 3473 2283 3522 Eu-

707 3564 922 3628 genius,
954 3564 1072 3630 ejus
1108 3563 1293 3617 verbis
1318 3563 1475 3615 valde
1514 3564 1617 3614 fuit
1647 3563 1882 3615 Iactatus.
1911 3560 2102 3614 Flebat
2131 3560 2279 3614 enim

706 3659 762 3703 et
798 3651 1058 3716 ejulabat.
1110 3665 1232 3702 cum
1275 3652 1389 3705 haec
1440 3651 1680 3714 diceret;
1727 3661 1782 3704 et
1829 3651 1964 3704 dicit
2010 3651 2060 3704 ei
2124 3661 2279 3717 pater

708 3742 829 3807 ejus
864 3756 877 3792 :
917 3741 1052 3794 Filia
1089 3742 1433 3804 charissima,
1481 3743 1612 3810 quid
1663 3757 1880 3812 possum
1920 3740 2018 3796 tibi
2061 3740 2280 3794 facere?

711 3829 792 3884 Tu
845 3832 1066 3901 quidem
1115 3849 1174 3886 es
1220 3834 1468 3889 femina:
1520 3851 1620 3905 ego
1665 3843 1844 3887 autem
1891 3835 2014 3886 volo
2068 3833 2278 3901 ingredi

713 3923 1139 3987 monasterium;
1177 3933 1233 3977 et
1273 3924 1550 3991 quomodo
1592 3933 1746 3990 potes
1781 3935 1994 3973 mecum
2036 3919 2282 3973 versari?

714 4013 973 4066 Diahotus
1013 4015 1158 4066 enim
1200 4023 1425 4081 propter
1467 4029 1564 4066 vos
1609 4015 1804 4066 bellum
1842 4011 1980 4085 gerit
2019 4011 2284 4063 adversus

717 4103 810 4156 Dei
854 4121 1059 4158 servos.
1102 4106 1223 4160 H;ec
1248 4123 1369 4161 cum
1394 4108 1670 4164 ‘audiisset
1699 4109 1818 4176 ejus
1853 4105 1981 4164 ﬁlia.
2020 4105 2157 4159 dixit
2188 4119 2284 4173 pa-

716 4197 784 4246 tri
826 4213 965 4250 suo:
999 4199 1249 4263 Domine,
1277 4199 1346 4251 mi
1382 4209 1570 4266 pater:
1609 4215 1714 4251 non
1747 4198 2120 4268 sicingrediar
2147 4212 2284 4266 quo-

2372 2281 2503 2324 νιος.
2527 2258 2692 2322 Οὗτος
2721 2264 2846 2329 ἔσχε
2884 2268 3144 2329 γυναῖκα,
3190 2265 3313 2331 ἥτις
3359 2268 3617 2337 ἐγέννησε
3659 2268 3958 2338 θυγάτριον

2379 2354 2642 2422 μονογενῆ
2674 2354 2768 2404 καὶ
2795 2355 3021 2409 ἐκάλεσε
3074 2355 3134 2405 τὸ
3163 2356 3336 2422 ὄνομα
3378 2359 3548 2427 αὐτῆς
3599 2362 3822 2432 Μαρία.
3860 2365 3956 2417 Τε-

2376 2443 2712 2513 λευτηοάσης
2744 2443 2800 2496 δὲ.
2827 2445 2922 2511 τῆς
2948 2445 3153 2512 μητρὸς
3179 2446 3373 2513 αὐτῆς,
3401 2447 3696 2517 ἀνέθρεψεν
3723 2454 3751 2504 ὁ
3775 2455 3961 2525 πατὴρ

2377 2537 2550 2605 αὐτῆς
2585 2537 2645 2589 τὸ
2696 2536 2908 2588 παιδίον
2954 2539 3012 2588 ὲν
3040 2539 3208 2608 πολλῇ
3244 2540 3579 2592 καταπτᾶσαι
3601 2540 3963 2608 διδασκαλίας

2377 2631 2472 2684 καὶ
2507 2630 2690 2700 σεμνῷ
2727 2631 2844 2699 βίῳ.
2903 2630 3241 2703 Αὐξηοείσης
3280 2632 3336 2684 δὲ
3371 2632 3468 2702 τῆς
3508 2635 3787 2702 νεάνιδος,
3840 2633 3965 2692 εἷπε

2381 2725 2519 2790 πρὸς
2555 2723 2725 2788 αὐτὴν
2752 2725 2777 2773 ὁ
2813 2725 2994 2791 πατὴρ
3023 2725 3192 2793 αὐτῆς
3216 2743 3229 2757 ·
3268 2725 3495 2788 Τέκνον,
3530 2728 3662 2794 ἰδοὺ,
3689 2729 3871 2784 πάντα
3897 2731 3968 2786 τὰ

2385 2810 2708 2880 ὑπάρχοντά
2745 2828 2835 2879 μοι
2859 2811 3055 2878 δίδωμι
3082 2815 3162 2873 εἰς
3193 2816 3384 2882 χεῖράς
3409 2833 3503 2868 σου
3525 2833 3539 2846 ⁶
3573 2819 3684 2886 ἐγὼ
3704 2821 3762 2874 δὲ
3793 2824 3968 2891 άπερ-

2382 2918 2548 2977 χομαι
2600 2905 2660 2959 ἐν
2720 2905 2799 2974 τῷ
2862 2907 3339 2975 μοναστηρῐῳτὴν
3379 2906 3555 2976 ψυχήν
3607 2928 3712 2978 μου
3768 2914 3966 2967 σῶσαι.

2391 2997 2782 3065 ’Δποκριῦεἶσα
2810 2995 2865 3049 δὲ
2899 2998 2931 3067 η
2961 2996 3143 3060 νεᾶνις
3167 2993 3326 3052 εἶπεν
3349 3015 3361 3028 ·
3396 3000 3599 3070 Πάτερ,
3628 3003 3694 3055 σὺ
3731 3008 3832 3075 τὴν
3863 3007 3971 3076 ψυ-

2380 3089 2485 3158 χήν
2511 3103 2604 3138 σου
2635 3087 2814 3149 θέλεις
2844 3087 3040 3153 σῶσαι,
3081 3091 3174 3142 καὶ
3205 3090 3304 3161 τὴν
3328 3092 3469 3160 ἐμὴν
3499 3095 3809 3157 ἀπολέσας
3851 3100 3968 3151 Οὐκ

2382 3175 2551 3246 οἶδας,
2584 3179 2664 3231 ὅτι
2698 3180 2846 3247 λέγει
2881 3183 2907 3234 ὁ
2939 3181 3175 3250 Κύριοςο
3223 3203 3240 3232 ι
3295 3183 3354 3237 '0
3381 3187 3587 3256 ποιμὴν
3609 3190 3637 3241 ὁ
3667 3188 3835 3255 καλὸς
3870 3193 3973 3263 τὴν

2382 3272 2559 3344 ψυχὴν
2583 3272 2748 3325 αὑτοῦ
2782 3274 2997 3343 τίθησιν
3021 3275 3163 3344 ὑπὲρ
3187 3275 3298 3329 τῶν
3325 3278 3649 3348 προϐάτωνς
3685 3300 3704 3332 ι
3741 3283 3840 3336 καὶ
3867 3285 3976 3338 πάο

2382 3365 2467 3418 λιν
2499 3364 2684 3428 λέγει’
2726 3382 2745 3414 ι
2789 3364 2984 3434 Ψυχὴν
3025 3367 3052 3416 ὁ
3106 3364 3296 3430 σώζων
3339 3367 3492 3420 ἔσται
3539 3368 3616 3432 ὡς
3675 3371 3704 3422 ὁ
3761 3375 3973 3442 κτήσας

2384 3459 2576 3525 αὑτήν.
2621 3473 2638 3506 ι
2677 3455 2864 3508 Ταῦτα
2897 3457 3140 3519 ἀκούσας
3162 3459 3189 3508 ὀ
3222 3459 3406 3529 πατὴρ
3440 3459 3613 3531 αὐτῆς
3648 3461 3802 3530 λέγει
3829 3465 3972 3535 αὐτῇ

2308 3541 2355 3601 Β
2385 3551 2491 3620 (ὡς
2518 3548 2664 3620 ἑώρα
2698 3547 2867 3618 αὐτὴν
2898 3548 3231 3619 ὀδυρομένην
3263 3554 3358 3602 καὶ
3389 3553 3728 3620 κλαίουσανγ
3766 3557 3974 3611 Τέκνον

2390 3659 2515 3712 μου,
2549 3643 2600 3693 τι
2660 3658 2741 3694 σοι
2777 3641 2884 3711 ἔχω
2919 3639 3170 3708 ποιῆσαι,
3209 3642 3291 3694 ὅτι
3329 3642 3440 3709 ἐγὼ
3471 3643 3734 3713 βούλομαι
3771 3650 3832 3702 ὲν
3877 3669 3977 3720 μου

2387 3736 2664 3806 ναστηρίῳ
2695 3735 2978 3798 εἰσελθεῖν,
3013 3733 3109 3787 καὶ
3140 3732 3256 3795 πῶς
3284 3733 3507 3788 δύνασαι
3534 3736 3629 3789 σὺν
3651 3740 3778 3806 ἐμοὶ
3808 3737 3974 3810 εἷναις

2399 3829 2458 3880 '0
2498 3827 2741 3889 διάϐολος
2771 3827 2878 3898 γὰρ
2903 3826 2970 3880 δι’
3004 3825 3162 3895 ὑμῶν
3192 3825 3362 3897 ὀχλεῖ,
3420 3826 3512 3879 καὶ
3545 3830 3815 3898 ταράσσει
3846 3835 3977 3898 τοὺς

2386 3921 2606 3982 δούλους
2658 3920 2754 3971 τοῦ
2786 3919 2946 3972 Θεοῦ.
2985 3919 3051 3972 Ἱι
3103 3921 3158 3972 δὲ
3192 3921 3555 3991 ἀποκριθεῖσα
3579 3925 3768 3992 λέγει’
3815 3926 3973 3997 οὐχὶ,

2392 4010 2599 4080 Πάτερ,
2647 4011 2746 4064 οὐκ
2803 4011 3188 4081 εἰσελεύσομαι
3227 4014 3410 4072 καθὼς
3465 4018 3529 4070 σὺ
3577 4018 3782 4085 λέγεις,
3837 4020 3977 4075 ἀλλὰ

2391 4104 2733 4175 ἀποϐρίξασα
2753 4105 2852 4177 τὴν
2878 4104 3055 4177 κόμην
3081 4106 3182 4176 τῆς
3207 4108 3453 4177 κεφαλῆς
3478 4127 3600 4177 μου,
3619 4111 3977 4182 καὶὰνδρείον

2396 4200 2581 4268 σχῆμα
2618 4201 2990 4267 ἀναλαϐοῦσα,
3022 4199 3195 4264 οὕτως
3235 4204 3373 4270 μετὰ
3421 4203 3516 4255 σοῦ
3550 4203 3870 4274 ἐλεύσομαι.

721 4291 882 4342 modo
943 4302 998 4343 tu
1055 4288 1214 4355 dicis,
1251 4297 1343 4346 sed
1399 4294 1637 4350 tondebo
1670 4308 1882 4346 comam
1937 4292 2151 4360 capitis,
2211 4301 2267 4345 et
2307 4290 2498 4346 induta
2551 4303 2703 4349 veste
2747 4294 2918 4359 virili,
2975 4295 3254 4367 ingrediar
3307 4304 3485 4348 tecum
3543 4306 3973 4364 monasterium.

719 4380 939 4435 nemine
971 4383 1198 4442 sciente.
1236 4402 1319 4438 me
1357 4402 1476 4440 esse
1512 4386 1795 4442 feminam.

789 4474 852 4530 Il.
890 4475 1087 4528 Beatus
1111 4487 1292 4530 autem
1329 4479 1624 4546 Eugenius,
1654 4481 1878 4545 auditis,
1913 4496 2035 4550 qua:
2069 4479 2289 4535 dicebat

724 4563 858 4625 ﬁlia,
879 4567 1034 4620 valde
1069 4569 1303 4630 laetatus,
1326 4586 1447 4623 cum
1478 4572 1656 4625 omnia
1693 4572 1834 4626 bona
1860 4586 1957 4624 sua
1981 4573 2293 4626 distribuis-

723 4666 805 4710 set
828 4661 1163 4727 pauperibus
1198 4671 1254 4714 et
1280 4663 1565 4726 mendicis,
1602 4665 1974 4733 orphanisque
2005 4672 2059 4716 et
2092 4663 2289 4726 viduis,

2470 4479 2544 4530 B’.
2578 4476 2638 4528 '0
2667 4478 2721 4528 δὲ
2753 4477 2957 4546 πατὴρ,
3005 4477 3292 4547 διανείμας
3347 4480 3525 4534 πάντα
3558 4480 3624 4533 τὰ
3658 4481 3980 4557 ὑπάρχοντα

2399 4566 2548 4635 αὐτῷ
2577 4569 2689 4629 τοῖς
2739 4568 2957 4638 πένησι,
3009 4571 3102 4622 καὶ
3135 4571 3436 4642 ἀποϐρίξις
3491 4573 3588 4644 τὴν
3640 4576 3829 4647 κόμην
3880 4586 3978 4652 της

2401 4660 2643 4728 κεφαλῆς
2693 4661 2886 4728 αὐτῆς,
2941 4662 3268 4730 περιέϐαλεν
3303 4663 3474 4730 αὐτὴν
3506 4667 3754 4734 ἀνδρεῖον
3788 4674 3978 4742 σχῆμα

723 4757 778 4800 et
807 4750 1135 4804 tetendisset
1163 4769 1312 4805 suam
1342 4755 1524 4820 ﬁliam,
1552 4757 1691 4809 virili
1718 4757 1920 4810 amictu
1948 4770 2065 4809 eam
2091 4756 2284 4815 induit,

2399 4756 2494 4807 καὶ
2539 4755 2897 4821 ἐπωνόμασεν
2923 4754 3092 4818 αὐτὴν
3127 4754 3390 4822 Μαρτνον,
3451 4756 3540 4806 καὶ
3603 4760 3980 4827 παρήγγειλεν

723 4851 780 4897 et
821 4844 1124 4896 nominavit
1158 4861 1356 4899 nomen
1403 4848 1520 4915 ejus
1566 4849 1854 4912 Marinum,
1910 4850 2023 4903 haec
2066 4849 2116 4902 ei
2157 4850 2298 4903 dans

727 4934 979 4988 mandata
1011 4952 1024 4988 :
1055 4936 1210 4997 Vide,
1245 4937 1371 4998 ﬁlia,
1405 4940 1680 5007 quomodo
1705 4950 1753 4992 te
1779 4941 1855 4992 sis
1884 4951 2294 4994 conservatum.

727 5022 926 5077 Futura
946 5025 1093 5078 enim
1125 5041 1184 5079 es
1215 5027 1265 5080 in
1299 5030 1476 5082 medio
1497 5031 1666 5098 ignis;
1692 5047 1799 5085 non
1825 5031 2125 5099 ingreditur
2149 5030 2297 5083 enim

729 5116 930 5177 femina
977 5117 1033 5170 in
1063 5122 1477 5174 monasterium.
1510 5121 1584 5174 Te
1616 5140 1748 5192 ergo
1784 5136 2050 5177 conserva
2081 5120 2299 5174 Christo

729 5206 1154 5271 immaculatam,
1185 5221 1243 5263 ut
1271 5228 1393 5264 cum
1424 5215 1835 5282 impleverimus
1860 5215 1911 5266 id
1941 5213 2085 5277 quod
2111 5227 2299 5266 smnus

731 5299 981 5363 polliciti,
1014 5301 1314 5356 habeamur
1341 5304 1487 5372 digni
1522 5323 1688 5375 regno
1718 5306 2002 5360 cazlorum.
2032 5305 2154 5359 Haec
2175 5320 2298 5358 Cum

732 5391 960 5444 dixisset
983 5394 1279 5461 Eugenius,
1299 5406 1351 5449 et
1374 5409 1627 5465 precatus
1641 5409 1807 5460 esset,
1829 5412 2111 5450 assumens
2136 5398 2300 5450 ﬁliam

737 5497 890 5533 suam
934 5483 1155 5539 Mariam
1189 5487 1241 5539 in
1275 5489 1461 5542 habitu
1498 5490 1886 5550 adolescentis,
1920 5489 2196 5557 ingressus
2223 5497 2306 5541 est

736 5573 1074 5628 coenobium.
1107 5579 1196 5633 Eis
1218 5588 1398 5634 autem
1433 5581 1693 5652 ingressis
1718 5584 1768 5636 in
1805 5581 2218 5642 monasterium,
2252 5579 2303 5632 in

735 5663 853 5719 dies
894 5669 1214 5736 proﬁciebat
1260 5673 1437 5741 puella
1477 5676 1529 5728 in
1581 5674 1727 5730 omni
1769 5673 1988 5735 virtute,
2042 5671 2303 5731 obedien-

816 5853 828 5877 ¹
877 5849 1027 5902 Joan.
1068 5868 1116 5912 χ,
1159 5852 1240 5902 H.

2396 4849 2531 4916 αὐτῇ
2564 4846 2771 4910 λέγων·
2807 4844 3001 4905 Βλέπε,
3028 4843 3236 4906 τέκνον,
3267 4846 3384 4907 πῶς
3402 4845 3681 4918 διατηρεῖς
3718 4854 3974 4923 σεαυτήν·

2395 4937 2498 4987 ἀνὰ
2533 4938 2695 5004 μέσον
2725 4936 2832 5006 γὰρ
2865 4935 2959 4988 τοῦ
2995 4938 3166 5005 πυρὸς
3206 4938 3422 5005 μέλλεις
3452 4940 3666 5008 διάγειν
3687 4959 3702 4974 ’
3737 4944 3979 5012 φύλαξον

2396 5024 2487 5078 οὖν
2508 5029 2704 5096 ἑαυτὴν
2728 5030 3016 5096 ἄμεμπτον
3044 5028 3123 5097 τῷ
3152 5030 3396 5098 Χριστῷ,
3424 5033 3570 5095 ὅπως
3595 5034 3979 5106 πληρώσωμεν

2395 5122 2494 5189 τὴν
2532 5121 2869 5185 ἐπαγγελίαν
2907 5123 3084 5188 ἡμῶν.
3153 5121 3260 5171 Καὶ
3298 5120 3482 5175 λαϐὼν
3522 5126 3692 5193 αὐτὴν
3725 5119 3991 5195 εἰσῆλθεν

2406 5215 2462 5263 ἐν
2511 5211 2781 5278 κοινοὸίῳ.
2845 5211 3058 5281 Ἡμέρᾳ
3118 5211 3173 5264 δὲ
3208 5215 3301 5264 καὶ
3332 5215 3518 5284 ἡμέρᾳ.
3554 5217 3898 5283 προέκοπτεν
3947 5223 3978 5290 ἡ

2409 5304 2536 5362 παῖς
2592 5302 2670 5364 εἰς
2721 5304 2902 5354 πᾶσαν
2955 5302 3157 5372 ἀρετὴν
3206 5306 3301 5356 καὶ
3341 5307 3419 5367 εἰς
3488 5305 3688 5376 πολλὴν
3721 5309 3974 5380 ἄσκησιν.

2413 5395 2614 5456 Πάντες
2656 5391 2750 5446 οὖν
2806 5396 2853 5445 οἱ
2910 5394 3131 5462 ἀδελφοὶ
3181 5396 3433 5465 ἐνόμιζον
3499 5399 3669 5470 αὐτὴν
3726 5403 3978 5472 εὐνοῦχον

2412 5481 2553 5537 εἶναι
2587 5485 2672 5537 διὰ
2703 5485 2762 5536 τὸ
2790 5484 3036 5551 ἀγένειον
3057 5487 3148 5537 καὶ
3173 5485 3369 5539 λεπτὸν
3401 5491 3465 5555 τῇ
3514 5490 3729 5561 ἀφωνία
3749 5507 3763 5520 ·
3806 5494 3980 5563 ἕτεροι

2413 5577 2467 5630 δὲ
2500 5576 2906 5645 ὑπελάμὸανον,
2930 5578 3012 5627 ὅτι
3045 5576 3153 5628 ἀπὸ
3199 5577 3401 5645 πολλῆς
3435 5581 3770 5650 ἐγκρατείας
3807 5585 3871 5637 τὸ
3898 5585 3978 5636 διὰ

2415 5671 2508 5722 δύο
2522 5667 2738 5740 ἡμερῶν
2757 5669 2958 5721 ἐσθίειν
2975 5669 3164 5739 αὐτήν.
3183 5669 3384 5740 Συνέϐη
3407 5671 3459 5724 δὲ
3483 5673 3571 5724 τὸν
3592 5676 3799 5744 πατέρα
3818 5676 3981 5745 αὐτῆς
