4180 6486
143 434 237 498 369

1199 431 1378 491 VITA
1420 429 1482 489 Ξ.
1522 426 1851 488 EUGENII
1887 428 1982 486 ΕΤ
2016 428 2304 487 ΜΑΒΙιΕ.

3269 420 3379 483 350

143 545 477 611 τελευτῆσαι,
509 547 607 599 καὶ
634 544 939 617 προσέθηκε
976 546 1043 614 τῇ
1079 543 1309 612 ἀσκήσει
1345 540 1440 594 καὶ
1471 540 1707 609 ὑπακοῇ,

1840 538 1997 608 iaque
2046 548 2099 593 ct
2155 539 2467 594 humilitate
2518 548 2572 593 et
2616 540 2669 593 in
2727 538 2921 609 majori
2978 536 3399 594 exercitatione.

144 639 272 694 ὥστε
326 637 423 691 καὶ
476 638 729 707 χάρισμα
788 636 957 706 αὐτὴν
1013 634 1200 687 λαϐεῖν
1251 634 1402 703 παρὰ
1450 631 1543 685 τοῦ
1575 630 1708 685 Θεοῦ

152 730 283 785 κατὰ
312 730 598 800 δαιμόνων
618 749 629 761 ·
663 726 945 801 ᾧτινιξγὰρ
992 728 1096 780 τῶν
1129 725 1503 778 ἀσθενούντων
1530 725 1710 777 ἐπετί-

146 825 220 877 θει
242 825 337 883 τὰς
367 824 591 893 χεῖρας,
621 821 966 893 παραχρῆμα
998 821 1137 872 ίᾶτο.
1170 814 1295 887 Ei]:
1341 816 1397 870 δὲ
1438 816 1498 869 τὸ
1532 816 1711 868 κοινός

146 913 252 967 σιον
277 914 697 982 τεσσαράκοντα
724 910 919 982 ἄνδρας
942 911 1041 963 σὺν
1064 909 1200 979 αὐτῇ
1231 908 1420 976 ἁγίους
1442 924 1456 936 ·
1489 907 1630 959 κατὰ
1658 906 1714 959 δὲ

145 1004 283 1074 μῆνα
311 1005 586 1073 τέσσαρες
644 1003 749 1054 τῶν
781 1002 1030 1068 ἀδελφῶν
1082 1001 1473 1054 ἀπεστέλλοντο
1510 1000 1589 1059 εἰς
1617 998 1716 1059 τὰς

144 1095 460 1162 ἀποκρίσεις
505 1094 602 1145 τοῦ
646 1092 1036 1161 μοναστηρίου,
1104 1092 1191 1143 διὰ
1244 1091 1304 1144 τὸ
1332 1090 1477 1157 ἔχειν
1514 1090 1713 1151 αὐτοὺς

144 1185 232 1235 καὶ
252 1184 431 1237 ἄλλων
469 1183 848 1253 ἀναχωρητῶν
886 1185 986 1249 τὴν
1016 1182 1294 1253 φροντίδα.
1328 1176 1433 1235 Ἶιν
1460 1180 1512 1233 δὲ
1551 1182 1712 1248 μέσον

144 1277 236 1344 τῆς
267 1275 388 1327 ὁδοῦ
430 1275 755 1345 πανδοχεῖον
824 1277 918 1327 καὶ
963 1276 1266 1341 ὑπάγοντες
1312 1274 1407 1325 καὶ
1435 1272 1722 1342 ἐρχόμενοι

144 1369 187 1420 οἱ
243 1366 465 1431 ἀδελφοὶ
513 1366 606 1419 διὰ
658 1366 718 1418 τὸ
784 1367 997 1435 μακρὸν
1059 1367 1157 1434 τῆς
1208 1364 1331 1417 ὁδοῦ
1384 1362 1723 1416 ἀνεπαύοντο

145 1460 313 1512 ἐκεῖσε
340 1474 357 1489 ⁸
386 1460 449 1511 ὲν
474 1454 560 1521 οἷς
598 1460 795 1528 πολλὴν
850 1459 1149 1519 θεραπείαν
1182 1461 1449 1529 παρεῖχεν
1477 1458 1662 1520 αὐτοῖς
1694 1459 1723 1510 6

146 1548 362 1613 πάνδοξ,
394 1550 801 1619 ὑποδεχόμενος
829 1549 1027 1609 αὐτοὺς
1062 1547 1388 1610 ίδιάζοντας.

1815 630 1948 685 Cum
1974 644 2106 684 vero
2151 631 2363 701 aliquot
2388 646 2564 685 annos
2606 630 2909 701 peregisset
2934 632 3092 684 beate
3121 630 3175 682 in
3207 643 3403 681 mona-

1818 722 2005 787 sterio,
2035 721 2425 777 existimabant
2463 723 2719 776 monachi
2748 737 2873 776 eum
2909 736 3031 775 esse
3056 718 3402 779 eunuchum,

1819 825 2109 885 propterea
2140 816 2288 884 quod
2312 827 2459 871 esset
2495 814 2764 869 imberbis
2796 824 2851 868 et
2886 828 3018 867 voce
3049 810 3263 883 gracili.
3294 808 3401 863 Alii

1818 918 2001 961 autem
2046 907 2460 967 existimabant.
2512 923 2627 977 prae
2679 906 2847 960 nimia
2894 904 3307 964 exercitatione,
3347 910 3405 954 et

1818 997 1964 1066 quod
1998 1001 2175 1057 solum
2218 999 2463 1053 secundo
2506 1014 2727 1067 quoque
2779 997 2870 1051 die
2900 998 3235 1055 comederet.
3266 1007 3394 1048 eum

1817 1105 1937 1144 esse
1966 1105 2096 1144 voce
2122 1091 2259 1144 adeo
2287 1092 2459 1144 tenui.
2480 1091 2674 1158 Aliquo
2698 1105 2829 1144 vero
2854 1098 2977 1157 post
3008 1098 3252 1154 tempore
3275 1100 3406 1139 con-

1823 1181 1942 1249 tigit
1983 1182 2105 1250 ejus
2139 1193 2351 1250 patrem
2400 1182 2671 1237 decedere
2713 1184 3166 1235 :incrementunt
3219 1185 3406 1230 autem

1820 1272 2035 1341 accepit
2063 1273 2182 1341 ejus
2227 1274 2575 1337 exercitatio,
2609 1272 2927 1327 obedientia
2968 1277 3026 1324 et
3076 1267 3401 1331 humilitas;

1821 1363 1960 1418 adeo
2010 1372 2071 1416 ut
2116 1366 2230 1431 ipsa
2264 1379 2488 1432 quoque
2522 1364 2726 1418 donum
2775 1364 2873 1418 Dei
2908 1361 3185 1431 acceperit
3213 1366 3405 1411 contra

1822 1455 2116 1510 daemones.
2144 1456 2604 1526 Unumquemque
2634 1458 2784 1511 enim
2820 1471 3016 1511 eorum
3046 1454 3143 1524 qui
3182 1452 3406 1505 labora-

1821 1550 1956 1604 bant
1990 1560 2046 1604 et
2074 1552 2429 1613 vexabantur,
2466 1568 2664 1608 manus
2697 1553 2776 1606 eis
2813 1554 3101 1620 imponens
3130 1562 3185 1604 et
3218 1563 3404 1628 orans,

142 1642 366 1696 curabat
398 1644 682 1713 protinus.
717 1644 967 1697 Habebat
1012 1651 1195 1714 autem
1245 1640 1377 1694 illud
1441 1640 1756 1695 coenobium
1798 1642 2161 1711 quadraginta
2211 1646 2363 1699 viros
2409 1647 2556 1698 omni
2606 1646 2810 1699 virtute
2842 1653 2898 1698 et
2926 1641 3194 1711 sapientia
3230 1653 3399 1694 exor-

144 1744 314 1789 natas.
354 1735 611 1807 Singulis
647 1753 777 1792 vero
830 1738 1115 1792 mensibus
1144 1738 1505 1793 mittebantur
1557 1748 1793 1808 quatuor
1826 1741 2085 1794 monachi
2130 1740 2197 1795 ad
2244 1757 2506 1808 responsa
2556 1740 2897 1803 monasterii,
2928 1751 3218 1809 propterea
3255 1731 3406 1803 quod

145 1828 243 1896 ipsi
271 1828 552 1883 haberent
581 1831 634 1884 in
679 1830 801 1885 aliis
832 1847 1051 1901 quoque
1096 1831 1233 1885 locis
1266 1832 1512 1887 diversas
1542 1832 1934 1900 possessiones.
1970 1832 2095 1887 Erat
2135 1840 2315 1887 autem
2350 1835 2404 1887 in
2450 1836 2629 1888 media
2665 1836 2749 1888 via
2780 1836 3168 1895 diversorium,
3208 1840 3264 1886 et
3303 1827 3400 1899 qui

146 1920 369 1973 ibantet
406 1921 731 1983 veniebant,
760 1932 985 1991 propter
1017 1925 1235 1978 itineris
1277 1925 1675 1993 longitudinem
1725 1925 1839 1979 illic
1872 1926 2317 1996 requiescebant.
2360 1926 2508 1981 Inter
2549 1935 2780 1981 caeteros
2812 1935 2993 1981 autem
3032 1938 3283 1991 magnam
3314 1934 3411 1976 e0-

146 2030 259 2069 rum
295 2031 494 2069 curam
524 2017 749 2086 gerebat
788 2016 852 2076 is.
890 2018 984 2085 qui
1026 2027 1254 2086 praeerat
1286 2018 1614 2083 diversorio,
1656 2023 1767 2073 eos’
1797 2036 2044 2074 seorsum
2084 2023 2386 2089 accipiens.
2422 2023 2647 2076 invidus
2678 2036 2806 2074 vero
2833 2030 2889 2074 et
2920 2020 3190 2090 malignus
3216 2016 3413 2070 diabo-

146 2109 246 2173 lus,
278 2112 370 2179 qui
402 2109 578 2162 rebus
610 2109 763 2161 bonis
808 2123 1029 2177 semper
1089 2110 1317 2172 invidet,
1357 2111 1497 2163 mala
1545 2121 1728 2163 autem
1777 2110 1843 2164 ad
1896 2127 1955 2165 se
1994 2112 2242 2175 attrahit,
2275 2129 2422 2179 aegre
2474 2115 2660 2168 ferens
2707 2115 2870 2181 hujus
2922 2114 3095 2168 beatae
3144 2112 3198 2164 in
3233 2111 3408 2165 Deum

147 2216 406 2261 amorem.
443 2199 980 2270 pulcherrimumque
998 2211 1055 2257 et
1081 2200 1520 2257 honestissimam
1546 2202 1761 2256 vivendi
1802 2204 2092 2269 rationem,
2118 2203 2334 2258 studuit
2370 2204 2767 2272 aliquantulam
2804 2205 2853 2257 ei
2901 2204 3077 2257 labem
3103 2204 3330 2257 inurere
3356 2209 3416 2259 et

144 2310 263 2349 eam
304 2293 580 2362 aﬂligere.

213 2407 286 2459 I".
341 2405 436 2458 Ἐν
473 2407 578 2476 μιᾷ
608 2401 700 2458 οὖν
731 2408 839 2461 τῶν
890 2411 1116 2481 ἡμερῶν
1165 2414 1685 2483 προσκαλεσάμενος
1711 2417 1738 2468 6
1772 2424 1812 2477 Β

148 2497 453 2566 ἡγούμενος
482 2499 581 2550 τὸν
610 2499 787 2554 ἀῆὅᾶν
814 2503 1061 2568 Μαρῖνον
1083 2504 1231 2569 λέγει
1272 2504 1419 2572 αὐτῷ
1439 2521 1453 2536 ⁸
1489 2506 1733 2573 Ἀδελφὲ,

148 2590 340 2643 ἑπιστα
352 2591 454 2661 μαι
476 2608 574 2643 σου
605 2590 699 2660 τὴν
726 2592 1002 2643 πολιτείαν
1025 2596 1117 2645 καὶ
1139 2594 1197 2645 τὸ
1216 2596 1343 2664 περὶ
1367 2595 1463 2664 τὴν
1484 2597 1736 2664 ὑπακοὴν

150 2683 443 2735 σπουδαῖον
476 2682 560 2733 ὅτι
592 2680 793 2746 τέλειος
815 2676 868 2732 εἷ
900 2684 956 2734 ὲν
983 2685 1150 2736 πᾶσιν
1174 2700 1188 2714 ο
1225 2684 1453 2753 θέλησον
1472 2682 1564 2740 οὖν
1586 2686 1736 2751 ἐξελ-

150 2772 259 2823 θεῖν
282 2774 366 2835 είς
422 2773 531 2839 τὴν
561 2770 843 2825 διακονίαν
890 2773 985 2827 τοῦ
1030 2778 1420 2845 μοναστηρίου,
1469 2778 1659 2849 ἐπειδὴ
1688 2778 1738 2833 οἱ

148 2864 371 2931 ἀδελφοὶ
413 2861 721 2916 λυποῦνται
749 2864 824 2934 μὴ
849 2866 1212 2936 ἐξερχομένου
1264 2885 1358 2920 σου
1379 2884 1393 2899 ⁸
1451 2870 1605 2922 τοῦτο
1632 2871 1739 2941 γὰρ

151 2957 436 3019 ποιοῦντός
500 2973 622 3019 σου,
678 2958 897 3011 πλείονα
931 2961 1124 3027 μισθὸν
1171 2962 1407 3031 κομήσει
1464 2964 1615 3031 παρὰ
1642 2962 1738 3016 τοῦ

149 3046 281 3101 Θεοῦ
306 3047 726 3117 φιλανθρώπου.
766 3051 873 3102 Καὶ
902 3053 929 3102 6
982 3052 1226 3121 Μαρῐνος
1269 3053 1444 3107 ταῦτα
1498 3056 1739 3118 ἀκούσας

154 3140 488 3207 προσπεσὼν
525 3138 675 3206 αὐτῷ
698 3139 844 3205 λέγει
867 3157 882 3172 ο
920 3137 1111 3205 litigat.
1149 3144 1356 3215 Πάτερ,
1390 3145 1484 3198 καὶ
1511 3148 1645 3199 ὅπου
1674 3148 1741 3200 ἂν

151 3233 383 3302 κελεύῃς
450 3249 571 3299 μοι,
624 3231 733 3297 ἐγὼ
771 3233 1107 3304 ἀπέρχομαι.
1152 3238 1494 3301 causam;
1554 3239 1646 3291 οὖν
1684 3244 1741 3292 ὲν

154 3324 251 3394 μιᾷ
277 3322 376 3375 τοῦ
409 3322 565 3375 ἁὸὄᾶ
592 3324 835 3395 Μαρίνου
866 3329 963 3380 σὺν
997 3330 1108 3391 τοῖς
1146 3328 1330 3394 ἄλλοις
1374 3331 1554 3400 τρισὶν
1585 3331 1739 3383 ἀδελ-

152 3415 267 3479 φοίς
321 3412 642 3467 διακονῖσαι
674 3457 687 3479 ,
741 3415 836 3468 καὶ
882 3418 1307 3472 καταλυσάντων
1363 3413 1543 3472 αὐτῶν
1581 3423 1638 3473 ὲν
1664 3420 1741 3491 τῷ

154 3505 485 3574 πανδοχείῳ.
524 3506 725 3573 συνέϐη
762 3507 882 3559 τινὰ
910 3509 1250 3577 στρατιώτην
1299 3511 1614 3582 διαφθεῖραι
1643 3516 1742 3583 τὴν

154 3596 435 3666 Θυγατέρα
466 3595 566 3647 τοῦ
605 3597 887 3667 πανδὸχοο,
913 3597 988 3660 ὠς
1041 3601 1134 3652 καὶ
1170 3600 1360 3654 λαόείν
1401 3604 1571 3670 αὐτὴν
1603 3605 1744 3656 κατὰ

153 3690 412 3757 γαστρός.
479 3684 620 3740 Εἷπε
670 3688 725 3740 δὲ
780 3690 921 3760 αὐτῇ
970 3693 997 3743 6
1056 3692 1455 3763 στρατηλάτης.
1489 3695 1742 3757 ὃτι,Ἒὰν

1914 2416 2004 2472 lll.
2041 2415 2287 2484 Quodam
2342 2416 2528 2486 itaque
2562 2415 2675 2476 die.
2728 2414 3023 2485 praefectus
3068 2409 3417 2475 monasterii,

1842 2511 2110 2566 accersito
2154 2509 2391 2572 Marino,
2456 2510 2593 2564 dicit
2626 2508 2675 2562 ei
2715 2525 2729 2564 :
2785 2508 2976 2567 Frater
3026 2504 3258 2567 Marine,
3306 2503 3422 2559 scio

1841 2612 1987 2655 tuam
2028 2604 2152 2657 vitae
2182 2602 2405 2671 agenda:
2435 2601 2703 2654 rationem
2734 2613 2855 2651 esse
2887 2598 3186 2665 perfectam
3212 2596 3266 2649 in
3305 2610 3426 2648 om-

1838 2695 2022 2755 nibus,
2071 2701 2127 2747 et
2177 2695 2455 2763 prarcipue
2507 2692 2561 2745 in
2599 2690 2942 2746 obedientia.
2987 2687 3134 2743 Veiis
3181 2701 3312 2754 ergo
3364 2694 3421 2738 tu

1838 2800 2059 2859 quoque
2092 2786 2301 2856 egredi,
2345 2797 2404 2839 ut
2439 2786 2722 2839 ministres
2771 2779 3151 2836 monasterio?
3204 2777 3425 2831 Fratres

1839 2875 1986 2929 enim
2022 2890 2163 2945 :egre.
2198 2878 2404 2935 ferunt.
2434 2884 2486 2929 te
2517 2875 2586 2929 ad
2628 2875 2681 2927 id
2710 2888 2817 2927 non
2848 2869 3057 2941 egredi.
3094 2868 3211 2922 lloc
3241 2877 3425 2921 autem

1841 2967 2069 3025 faciens.
2101 2983 2134 3021 o
2165 2967 2259 3031 fili,
2286 2971 2550 3036 majorem
2580 2968 2817 3035 accipies
2858 2962 3171 3018 mercedem
3207 2976 3235 3013 a
3272 2959 3429 3013 beni-

1840 3074 1947 3129 gno
1974 3070 2030 3118 ct
2057 3059 2310 3113 clementi
2342 3060 2471 3112 Deo.
2508 3058 2722 3111 Etenim
2754 3055 3017 3109 Dominus
3063 3067 3286 3121 quoque
3324 3064 3429 3104 no-

1843 3159 1959 3205 ster
1997 3150 2141 3204 Dens
2178 3164 2286 3203 non
2311 3148 2645 3219 dedignatus
2682 3155 2767 3201 est
2817 3145 3135 3199 ministrare
3169 3142 3285 3194 suis
3317 3140 3431 3194 dis-

1842 3241 2059 3309 cipulis.
2095 3242 2218 3296 Hmc
2244 3256 2369 3295 cum
2400 3239 2667 3294 audiisset
2707 3238 2969 3294 Marinus.
3003 3250 3061 3290 se
3102 3229 3430 3304 projecitad

1843 3333 2011 3400 pedes
2039 3332 2300 3398 pnefecti.
2336 3331 2571 3384 dicens:
2621 3330 2764 3383 Bene
2794 3342 3022 3398 precare
3060 3323 3220 3384 mihi.
3261 3336 3433 3375 vene-

1843 3419 2008 3473 rande
2032 3418 2210 3477 Pater.
2230 3430 2285 3474 et
2313 3436 2414 3490 ego
2441 3422 2531 3473 ibo
2555 3433 2884 3488 quocunque
2907 3415 3177 3468 volucris.
3199 3413 3436 3481 Egresso

1844 3521 2028 3564 autem
2069 3511 2276 3566 Marino
2318 3522 2377 3565 et
2420 3511 2545 3565 aliis
2588 3510 2765 3564 tribus
2806 3508 3094 3563 monachis
3140 3513 3202 3558 ut
3266 3500 3436 3556 mini-

1846 3612 2109 3665 strarent,
2141 3604 2503 3662 diverterunt,
2544 3611 2604 3655 ut
2634 3606 3064 3660 consueverant,
3084 3594 3150 3649 ad
3186 3590 3321 3648 illud
3351 3588 3440 3643 di-

1846 3695 2173 3748 versorium.
2213 3693 2315 3759 Qui
2353 3704 2537 3747 autem
2596 3702 2828 3759 praterat
2880 3689 3214 3749 diversorio,
3268 3682 3441 3738 habe-

154 3755 372 3847 γνωσνθῇ
414 3777 497 3847 τῷ
524 3779 697 3848 πατρί
724 3796 839 3844 σου,
880 3755 1003 3833 eius
1033 3755 1135 3833 ὅτι.
1165 3782 1223 3836 Ὀ
1247 3755 1258 3763 ’
1280 3755 1596 3852 νεώτερος-ο
1646 3783 1742 3837 τοῦ

1850 3784 1942 3836 bat
2006 3783 2170 3837 filiam
2230 3784 2473 3840 unicam.
2534 3785 2688 3844 Miles
2739 3798 2872 3837 vero
2937 3780 3161 3851 quidam
3226 3777 3441 3845 ingres-

154 3871 430 3923 κοινοϐίου
486 3872 517 3923 6
557 3871 769 3938 εὐειδὴς
810 3871 837 3921 6
867 3872 1190 3942 ,λεγόμενος
1246 3875 1489 3942 Μαρῖνος
1545 3876 1749 3937 ἐκεῖνος

155 3963 431 4033 ἐκοιμήθη
466 3963 595 4031 μετ’
628 3961 787 4031 ἐμοῦ.
841 3962 952 4015 Καὶ
987 3962 1109 4025 δοὺς
1148 3967 1289 4034 αὐτῇ
1320 3963 1381 4016 τὸ
1406 3964 1505 4031 τῆς
1542 3964 1747 4032 φθορᾶς

155 4055 462 4125 ἐπορεύθη.
516 4053 686 4115 Γνοὺς
746 4055 799 4107 δὲ
831 4054 948 4121 μεθ’
984 4056 1196 4126 ἡμέρας
1252 4056 1282 4107 6
1330 4054 1513 4126 πατὴρ
1547 4056 1737 4123 αὐτῆς,

157 4144 427 4215 ἐξῄτησεν
482 4144 660 4213 αὐτὴν
690 4142 864 4211 λέγων
886 4161 900 4176 ι
940 4145 1111 4197 Πόθεν
1139 4162 1220 4199 σοι
1250 4144 1447 4211 τοῦτο;
1477 4145 1586 4199 Καὶ
1617 4146 1743 4198 ἐσα-

156 4235 211 4289 λε
236 4239 340 4305 τὴν
361 4237 558 4290 αἰτίαν
589 4237 775 4287 ἐπάνω
804 4235 894 4287 τοῦ
930 4237 1195 4302 Μαρίνου.

1852 3888 1945 3929 Sus
2007 3875 2397 3936 diversorium.
2459 3877 2509 3931 ei
2583 3878 2769 3930 attulit
2846 3874 3042 3928 vitium
3098 3888 3115 3928 :
3181 3886 3245 3925 ea
3301 3881 3434 3923 vero

1844 3965 2118 4033 concepit.
2175 3966 2441 4046 Prmcepit
2487 3979 2672 4020 autem
2731 3966 2823 4019 ille
2880 3965 3062 4027 miles,
3099 3961 3291 4014 dicens
3329 3974 3344 4011 :
3382 3955 3439 4010 Si

1848 4058 1962 4111 haec
1999 4073 2086 4110 res
2117 4057 2281 4111 fuerit
2307 4058 2546 4127 cognita,
2584 4066 2641 4110 et
2682 4066 2736 4112 te
2758 4054 3196 4111 examinaverint
3230 4048 3309 4103 tui
3340 4063 3440 4119 pa-

1846 4156 2051 4206 rcntcs,
2100 4148 2245 4199 unde
2302 4146 2406 4199 hoc
2452 4146 2660 4199 factum
2712 4150 2808 4211 sit,
2850 4146 2942 4199 dic
2974 4145 3101 4199 eis:
3149 4141 3448 4195 Formosus

1848 4239 1940 4293 ille
1962 4238 2147 4307 iunior
2183 4242 2486 4293 monachus
2521 4254 2739 4291 mecum
2774 4237 3025 4298 dormiit.
3060 4245 3115 4289 et
3138 4250 3201 4287 ex
3229 4247 3295 4285 co
3316 4244 3447 4284 con-

155 4328 295 4398 cepi.
332 4328 647 4394 Postquam
680 4338 807 4391 ergo
834 4322 1039 4393 egressi
1069 4322 1303 4379 fuissent
1330 4326 1585 4379 monachi
1622 4326 1785 4378 simul
1812 4341 1933 4377 cum
1969 4328 2197 4389 Marino,
2232 4329 2455 4380 rescivit
2489 4336 2642 4395 pater
2681 4327 2882 4397 puella:
2910 4326 3070 4379 tiliam
3103 4338 3256 4378 suam
3287 4331 3445 4375 utero

155 4418 508 4487 concepisse.
547 4414 653 4481 Qui
703 4416 910 4486 rogavit
949 4431 1068 4470 eam
1114 4416 1341 4471 dicens:
1372 4416 1654 4472 Undenam
1718 4417 1819 4471 hoc
1865 4418 1959 4471 tibi
2009 4417 2208 4473 factum
2240 4419 2362 4475 est?
2390 4419 2576 4473 Puella
2622 4430 2809 4476 autem
2862 4416 3167 4488 respondit.
3201 4414 3436 4471 dicens:

154 4514 345 4573 Iunior
375 4514 481 4568 ille
501 4510 743 4566 cmnobii
772 4512 1046 4563 formosus
1068 4512 1396 4574 monachus,
1419 4511 1511 4581 qui
1541 4511 1743 4565 dicitur
1762 4511 2025 4577 Marinus,
2055 4529 2272 4569 mecum
2294 4512 2543 4577 dormiit,
2570 4522 2626 4567 et
2655 4528 2743 4567 me
2772 4522 3141 4582 prrgnantem
3180 4504 3444 4561 reddidit.

221 4606 295 4663 At.
350 4605 613 4670 Ἐπάρας
648 4600 739 4651 οὖν
759 4601 927 4667 αὐτὴν
952 4601 977 4651 6
1006 4602 1331 4670 πανδοχεὺς,
1378 4602 1743 4671 παραγίνεται

158 4701 211 4752 ἐν
242 4697 319 4768 τῷ
349 4693 720 4768 μοναστηρίῳ
770 4690 990 4761 κράζων
1033 4693 1129 4744 καὶ
1162 4693 1341 4756 λέγων
1368 4708 1380 4719 ·
1411 4693 1518 4745 Ποῦ
1543 4695 1690 4747 ἐστιν
1721 4695 1749 4747 ὀ

160 4792 361 4844 πλάνος
397 4791 643 4850 ἐκεῖνος,
672 4784 731 4837 ὃν
755 4786 976 4851 λέγουσι
1010 4779 1383 4855 Χριστιανόν;
1418 4788 1512 4849 Ὠς
1542 4785 1596 4838 δὲ
1626 4805 1755 4838 συν-

158 4885 398 4953 ήντησεν
440 4877 602 4946 αὐτῷ
655 4878 684 4928 6
720 4878 1142 4946 ἁποκρισιάριος
1182 4879 1288 4946 ἔφη
1321 4877 1502 4945 αὐτῷ·
1533 4877 1596 4930 Τί
1622 4878 1757 4949 κρά-

157 4975 287 5037 (uc,
317 4973 515 5040 ἑταῖρε
540 4986 561 5034 ;
603 4969 663 5020 ὐ
696 4966 751 5018 δὲ
771 4960 924 5018 εἶπεν
946 4982 961 4996 ·
988 4968 1109 5020 Ὀτι
1147 4969 1294 5035 κακῇ
1323 4968 1441 5038 ὥρᾳ.
1466 4968 1753 5037 συνέτυχον

158 5070 303 5134 ὑμῖν.
339 5065 444 5117 καὶ
476 5064 555 5131 μὴ
589 5060 799 5126 γένοιτό
834 5078 923 5129 μοι
961 5058 1038 5112 ἔτι
1074 5060 1203 5114 ίδείν
1241 5060 1509 5130 μοναχοὺς
1536 5061 1629 5112 καὶ
1653 5062 1753 5113 ὅσα

1932 4604 2021 4659 IV.
2054 4603 2190 4659 Cum
2226 4606 2346 4659 haec
2376 4614 2562 4655 autem
2585 4603 2852 4655 audiisset
2882 4600 3172 4668 praefectus
3194 4597 3445 4650 diverso-

1858 4697 1946 4760 rii,
1978 4712 2140 4750 cursu
2167 4706 2223 4751 et
2251 4712 2378 4753 cum
2422 4711 2614 4763 magna
2650 4694 2729 4747 ira
2762 4693 2913 4745 venit
2939 4691 2990 4744 in
3019 4686 3447 4753 monasterium,

1859 4805 1985 4843 eum
2019 4805 2311 4851 accusans,
2344 4798 2398 4842 et
2432 4788 2623 4840 dicens
2656 4804 2668 4839 :
2702 4786 2804 4841 Ubi
2861 4794 2946 4840 est
2990 4784 3078 4837 ille
3103 4783 3315 4853 planus.
3352 4782 3445 4836 ille

1860 4880 2029 4935 falsus
2078 4880 2446 4943 Christianus,
2486 4894 2650 4948 quem
2693 4876 2879 4930 dicitis
2920 4891 3041 4930 esse
3070 4873 3442 4929 monachum?

1861 4971 1924 5027 Ei
1956 4986 2087 5025 vero
2110 4970 2289 5025 factus
2314 4980 2399 5023 est
2421 4968 2640 5021 obviam
2667 4965 3061 5035 apocrisiarius
3088 4961 3440 5027 monasterii,

1858 5071 1915 5119 et
1937 5063 2069 5117 dicit
2107 5062 2157 5116 ei
2186 5078 2200 5117 :
2234 5060 2377 5115 Bene
2400 5059 2616 5125 venisti,
2649 5059 2834 5112 frater.
2867 5057 2978 5111 Cur
3002 5072 3063 5111 es
3085 5058 3221 5111 adeo
3246 5056 3441 5119 tristis,

155 5158 404 5211 τοιαῦτα.
437 5152 687 5222 Ὁμοίως
711 5152 766 5204 δὲ
800 5153 891 5203 καὶ
941 5151 1015 5220 τῷ
1048 5154 1343 5221 ἡγουμένῳ
1374 5153 1527 5220 ἔλεγε
1553 5151 1742 5215 ταῦτα.

1859 5164 1916 5209 et
1948 5171 2048 5209 cur
2082 5163 2188 5207 tam
2223 5161 2426 5206 temere
2462 5150 2743 5218 loqueris?
2780 5148 2945 5203 Cessa
2983 5161 3295 5216 parumper,
3344 5161 3443 5199 ro—

155 5252 233 5304 ὄτι
263 5252 338 5303 T6
375 5238 687 5315 Oufdrpuiv
726 5259 849 5312 μου,
888 5243 1085 5314 πάτερ,
1112 5242 1140 5296 6
1182 5244 1477 5313 μονογενὲς
1503 5240 1669 5314 εἶχον,
1694 5247 1753 5298 ὲν

156 5338 198 5411 ᾧ
221 5342 615 5413 προσεδόκων,
643 5335 727 5388 ὅτι
758 5336 817 5388 τὸ
847 5334 1026 5405 γῆράς
1058 5353 1161 5405 μου
1210 5338 1326 5407 ἔχει
1354 5336 1757 5405 ἁναπαυθῆναι,

157 5436 250 5491 καὶ
297 5434 413 5488 ἰδοὺ
445 5430 502 5485 τί
556 5430 781 5500 ἐποίησε
831 5448 922 5500 μοι
972 5432 1246 5501 Μαρῖνος,
1300 5430 1360 5484 ὃν
1408 5430 1593 5499 λέγετε
1623 5433 1758 5501 Χρι-

160 5525 398 5581 στιανόν.
467 5522 642 5590 Λέγει
675 5520 824 5593 αὐτῷ
855 5524 883 5575 6
912 5522 1240 5594 ἡγούμενος
1296 5521 1541 5591 ’Λδε).φὲ.
1581 5523 1635 5575 τί
1672 5540 1753 5575 σοι

160 5618 393 5689 ποιήσω,
435 5614 518 5686 μὴ
553 5612 712 5676 δντος
740 5612 904 5666 αὐτοῦ
934 5605 1078 5681 ὧδις
1109 5614 1167 5663 ἐν
1192 5614 1252 5667 δι
1284 5611 1363 5681 τῷ
1385 5611 1749 5680 ὑποστρέφειν

158 5713 319 5765 αὐτὸν
377 5712 486 5779 τῆς
547 5706 849 5773 διακονίας,
903 5706 1059 5761 οὐδέν
1106 5723 1196 5774 μοι
1258 5705 1389 5760 ἄλλο
1426 5704 1573 5757 ἐστιν
1593 5708 1641 5757 εἰ
1676 5703 1750 5773 μὴ

159 5803 343 5867 διῶξαι
368 5801 545 5856 αὐτὸν
578 5801 642 5852 ἐκ
670 5798 763 5853 τοῦ
800 5800 1185 5871 μοναστῃρίου.
1218 5798 1530 5859 Minimo;
1567 5795 1620 5848 δὲ
1658 5795 1749 5850 τοῦ

1859 5263 1927 5317 go
1966 5257 2039 5301 te.
2072 5244 2431 5313 Respondeas
2454 5252 2636 5296 autem
2664 5243 2955 5312 praefectus
2989 5239 3301 5301 diversorii,
3342 5239 3432 5292 di-

1858 5342 1933 5395 cit
1962 5340 2014 5396 ei
2065 5358 2078 5392 :
2124 5339 2317 5393 Pereat
2349 5338 2504 5398 hora,
2541 5350 2648 5403 qua
2686 5348 2927 5403 unquam
2961 5332 3193 5401 cognovi
3242 5345 3433 5384 mona-

1856 5432 2045 5489 chum.
2081 5431 2180 5486 Hei
2213 5430 2368 5493 mihi,
2418 5427 2551 5497 quid
2599 5427 2734 5482 mihi
2779 5424 3014 5480 accidit?
3054 5423 3193 5489 Quid
3236 5422 3429 5477 faciam

1859 5533 2067 5587 autem,
2088 5522 2295 5576 nescio.
2322 5522 2458 5577 Cum
2482 5535 2613 5573 vero
2638 5519 2755 5575 haec
2780 5517 3097 5573 rescivisset
3120 5514 3429 5584 praefectus,

1859 5628 1987 5667 eum
2014 5611 2286 5674 accersiit,
2316 5619 2373 5663 et
2402 5608 2534 5664 dicit
2562 5628 2574 5663 :
2612 5609 2752 5675 Quid
2780 5608 2875 5662 tibi
2921 5606 3032 5667 vis,
3060 5604 3262 5658 frater?
3288 5602 3435 5669 Quid

1862 5719 1923 5756 es
1952 5700 2170 5756 tristis?
2201 5698 2468 5755 Prwfecto
2489 5707 2671 5752 autem
2712 5696 3031 5753 monasterii
3058 5693 3198 5749 dixit
3230 5694 3297 5755 is.
3331 5694 3423 5760 qui

1860 5802 2095 5865 praeerat
2140 5790 2491 5848 diversorio:
2539 5789 2676 5856 Quid
2728 5789 2864 5846 mihi
2906 5789 3059 5842 volo?
3102 5786 3171 5840 De
3225 5793 3425 5839 caztcro
