4180 6482
781 381 881 447 351

2087 405 2367 463 MENSlS
2404 411 2703 473 JULIUS.

3925 415 4019 475 352

778 501 990 556 nullum
1021 508 1256 574 amplius
1283 509 1493 566 videam
1528 525 1621 568 aut
1650 519 1968 573 conveniam
1997 526 2340 580 monachum.

2451 529 2593 580 ἀεῖὅᾶ
2620 531 2868 599 Μαρενου
2901 534 2994 585 σὺν
3022 537 3131 596 τοῖς
3164 535 3344 596 ἄλλοις
3369 535 3544 603 τρισὶν
3572 535 3854 602 ἀδελφοῖς.
3879 532 4021 597 λέγει

783 594 1070 665 Postquam
1105 610 1286 655 autem
1320 619 1348 657 a
1391 607 1648 674 prmfecto
1680 627 1868 666 rursus
1899 615 2001 667 fuit
2032 629 2250 686 rogatus
2276 622 2341 686 is,

774 690 866 756 qui
905 695 1458 758 prmeratdiversorio
1484 720 1494 752 :
1524 704 1754 772 PrOpter
1785 724 1947 775 quam
1977 726 2197 766 causam
2229 715 2344 769 haec

774 777 947 832 dicis?
979 788 1259 852 respondit
1290 797 1345 842 et
1376 791 1544 846 dixit:
1580 796 1766 849 Filiam
1797 799 2060 856 habebam
2101 807 2340 872 unicam,

778 872 830 924 in
866 889 1026 941 quam
1053 894 1203 946 Spem
1239 897 1412 938 meam
1445 888 1803 954 collocabam,
1835 897 1977 962 quod
1999 913 2060 950 ea
2083 910 2230 953 esset
2260 918 2345 955 rc-

771 967 928 1031 quies
959 982 1092 1021 meze
1127 977 1446 1029 senectutis.
1492 980 1627 1032 Ecce
1659 997 1788 1037 vero
1826 987 1958 1054 quid
2002 988 2130 1042 fecit.
2182 992 2342 1046 Mari-

769 1057 919 1108 nus?
963 1074 1081 1113 eam
1121 1076 1490 1129 praegnantem
1528 1071 1787 1135 reddidit,
1824 1093 1984 1143 quem
2010 1079 2192 1134 dicitis
2222 1099 2343 1138 esse

769 1149 1141 1209 Christianum
1164 1168 1218 1211 et
1247 1160 1416 1226 pium.
1443 1165 1566 1218 ll:rc
1591 1183 1714 1219 eum
1743 1170 2004 1225 audiisset
2031 1175 2337 1241 praefectus,

768 1247 1107 1313 stupefactus
1136 1252 1269 1308 dicit
1299 1257 1347 1309 ei
1385 1274 1396 1309 :
1433 1259 1569 1323 Quid
1601 1278 1819 1330 possum
1858 1267 1949 1320 tibi
1972 1269 2174 1332 facere,
2212 1288 2336 1327 eum

766 1336 883 1403 ipse
916 1355 1022 1395 non
1049 1344 1119 1397 sit
1147 1346 1273 1400 hic?
1303 1351 1408 1403 Sed
1439 1357 1658 1420 quando
1683 1359 1890 1413 venerit
1911 1375 1973 1412 ex
2006 1363 2335 1430 ministerio,

2455 626 2589 690 πρὸς
2623 623 2783 675 αὑτὸν
2806 628 2831 676 ὁ
2867 626 3169 694 ἡγούμενος
3192 643 3205 656 ·
3231 629 3379 706 Λῦξη
3418 629 3562 679 ἔστιν
3594 631 3625 698 ὴ
3653 627 3907 678 πολιτεία
3934 642 4020 676 σου

2453 717 2544 766 καὶ
2581 719 2610 784 ἡ
2655 718 2910 785 ἄσκησις,
2941 721 3021 771 ὅτι
3047 721 3453 781 καταλύσαντός
3490 738 3581 773 σου
3616 724 3673 770 ὲν
3713 718 3796 787 τῷ
3831 719 4020 771 πανδο-

2451 807 2601 875 χεὶῳ,
2634 809 2945 879 διέφθειρας
2978 812 3074 882 τὴν
3109 811 3383 884 θυγατέρα
3429 813 3522 866 τοῦ
3560 812 3867 880 πάνδοχος;
3932 811 4020 862 καὶ

2449 899 2619 950 ἐλθὼν
2664 903 2869 963 ἐκεῖνος
2910 897 3009 956 ὧδε
3071 904 3297 974 θέατρον
3357 907 3670 975 ήμᾶςμτοῖς
3731 906 4020 970 κωμικοῖς

2445 992 2736 1060 ὲποίησενς
2787 995 2972 1047 Ταῦτα
3024 996 3082 1049 δὲ
3143 999 3387 1060 ἀκούσας
3427 1000 3454 1050 6
3515 1001 3763 1066 Μαρϊνος
3834 997 4014 1065 ῥίπτει

2445 1085 2633 1136 ἑαυτὸν
2669 1088 2759 1138 ἐπὶ
2797 1089 3091 1155 πρόσωπον
3121 1091 3296 1157 λέγων
3319 1107 3333 1119 ·
3374 1089 3739 1160 Συγχώρησὸν
3770 1107 3885 1157 μοι,
3919 1090 4020 1140 πά-

2442 1177 2672 1238 τερ,διὰ
2704 1180 2793 1230 τὸν
2849 1181 3073 1251 Κύριον,
3121 1182 3201 1233 ὅτι
3229 1183 3301 1243 ὡς
3353 1183 3634 1250 ἄνθρωπος
3678 1184 3772 1235 ἐπ)
3790 1183 4017 1250 ανήθτιν.

2453 1270 2513 1323 Ὀ
2535 1271 2588 1322 δὲ
2640 1272 2944 1340 ἡγούμενος
2988 1276 3266 1344 ὀργισθεὶς
3306 1276 3562 1343 ἐξέϐαλεν
3597 1276 3761 1328 αὐτὸν
3797 1275 3906 1340 ἔξω
3933 1272 4020 1325 τοῦ

2447 1369 2816 1437 μοναστηρίου
2849 1372 2903 1421 ὲν
2929 1370 3162 1436 ὀλίγαις.

765 1432 901 1486 nihil
937 1446 1021 1488 est
1050 1439 1197 1493 aliud
1229 1445 1376 1510 quod
1407 1462 1582 1516 agam,
1622 1453 1724 1505 nisi
1766 1463 1824 1507 ut
1854 1458 2120 1522 expellam
2151 1474 2178 1512 e
2211 1462 2564 1518 monasterio.
2594 1463 2729 1518 Cum
2767 1474 2947 1519 autem
2981 1467 3220 1519 venisset
3276 1465 3518 1523 Marinus
3548 1481 3670 1520 cum
3695 1465 3823 1518 aliis
3847 1462 4021 1518 tribus

763 1512 1048 1586 fratribus.
1083 1539 1458 1593 accersiteum
1497 1545 1803 1612 praefectus.
1838 1559 1890 1600 et
1916 1550 2048 1604 dicit
2074 1553 2120 1604 ei
2152 1569 2164 1606 :
2197 1553 2368 1618 Abba,
2403 1557 2515 1610 hsce
2554 1575 2620 1611 ne
2655 1569 2738 1612 est
2768 1566 2857 1612 tua
2890 1560 3108 1614 vivendi
3142 1560 3282 1612 ratio
3311 1569 3365 1613 et
3391 1559 3755 1612 exercitatio?
3785 1559 4016 1626 Quando

763 1619 1072 1678 diversatus
1113 1625 1264 1682 fuisti
1316 1632 1370 1684 in
1404 1634 1737 1702 diversorio,
1781 1644 2014 1696 attulisti
2051 1645 2239 1698 vitium
2289 1649 2410 1704 filiae
2441 1652 2685 1720 prmfecti
2736 1654 3050 1707 diversorii.
3081 1653 3196 1708 lluc
3228 1667 3411 1708 autem
3443 1649 3671 1707 veniens
3711 1653 3836 1723 eius
3867 1666 4022 1722 pater

766 1723 1022 1782 tauquam
1056 1733 1155 1785 per
1200 1721 1474 1780 theatrum
1515 1732 1755 1787 traduxit
1784 1750 1882 1789 nos
1928 1740 2247 1794 monachos.
2291 1742 2552 1806 Marinus,
2587 1761 2718 1799 vero
2757 1747 2843 1799 his
2877 1746 3097 1810 auditis,
3131 1763 3187 1801 se
3234 1748 3386 1802 humi
3427 1749 3654 1818 proiecit
3697 1749 3752 1801 in
3800 1748 4019 1809 faciem,

763 1809 952 1866 dicens
1008 1820 1304 1883 praefecto:
1343 1821 1601 1878 Condona
1665 1829 1796 1882 mihi
1851 1830 2042 1884 humili
2086 1841 2141 1886 et
2188 1837 2460 1902 peccatori
2507 1850 2731 1905 propter
2777 1840 3084 1907 Dominum,
3139 1855 3171 1895 ο
3229 1851 3403 1911 pater,
3447 1843 3706 1911 quoniam
3762 1850 4019 1910 tanquam

764 1904 928 1961 homo
965 1914 1169 1966 erravi.
1209 1915 1362 1970 Tunc
1393 1920 1683 1988 przefectus
1707 1923 1758 1976 ei
1789 1925 1980 1990 iratus,
2021 1928 2183 1996 ejecit
2207 1946 2331 1985 eum
2362 1945 2392 1984 e
2421 1935 2778 1987 monasterio.

835 2027 896 2080 V.
940 2029 1206 2099 Egressus
1239 2045 1420 2088 autem
1453 2038 1646 2096 beatus
1675 2056 1826 2099 extra
1855 2051 2187 2107 vestibulum
2220 2069 2335 2108 mo-

2513 2055 2550 2106 E
2573 2095 2587 2109 .
2641 2053 2699 2106 '0
2732 2053 2788 2106 δὲ
2817 2054 3050 2119 ἐξελθὼν
3075 2055 3369 2118 ἐκαθέζετο
3390 2054 3597 2126 αἴθριος
3639 2055 3936 2123 ὑπομένων
3963 2056 4022 2108 τὸ

766 2124 1012 2185 nasterii,
1050 2129 1250 2182 mansit
1279 2136 1380 2185 sub
1403 2132 1511 2193 dio.
1543 2138 1823 2195 sustinens
1851 2143 2021 2213 frigus
2052 2154 2106 2199 et
2139 2159 2331 2204 mstum

764 2229 938 2268 annos
959 2227 1088 2270 tres.
1105 2220 1349 2293 Quiergo
1368 2227 1818 2292 ingrediebantur
1837 2242 1890 2288 et
1907 2240 2336 2304 egrediebantur

763 2322 826 2360 ex
862 2315 1218 2374 monasterio.
1257 2326 1521 2388 rogabant
1549 2324 1746 2392 ipsum.
1783 2327 2030 2384 dicentes
2075 2349 2088 2386 :
2119 2332 2231 2388 Cur
2257 2335 2337 2389 sic

763 2403 942 2466 sedes,
973 2406 1135 2468 abba,
1173 2410 1406 2465 afllictus
1433 2414 1487 2467 in
1516 2420 1823 2473 vestibulo?
1849 2423 1941 2475 llle
1975 2435 2154 2478 autem
2197 2428 2336 2484 dixit

763 2496 844 2549 eis
881 2513 894 2552 :
926 2496 1195 2563 Quoniam
1251 2520 1369 2558 sum
1417 2506 1741 2571 fornicatus.
1794 2526 2087 2583 propterea
2128 2521 2336 2588 ejectus

764 2605 883 2645 sum
920 2609 984 2647 ex
1043 2601 1396 2653 monasterio.
1439 2601 1574 2656 Cum
1626 2621 1755 2660 vero
1799 2609 2038 2663 venisset
2086 2614 2334 2680 pariendi

767 2693 984 2749 tempus
1017 2685 1138 2741 filia:
1171 2692 1414 2756 przefeeti
1451 2693 1765 2762 diversorii,
1803 2703 2018 2769 peperit
2052 2706 2232 2772 puella
2274 2707 2338 2760 li-

765 2776 896 2830 limu
927 2781 1255 2838 masculum.
1299 2783 1535 2842 Puerum
1565 2800 1747 2846 autem
1783 2796 1979 2852 tollens
2009 2808 2163 2867 pater
2192 2802 2334 2871 ejus,

766 2871 917 2923 venit
941 2871 1005 2924 ad
1039 2881 1433 2934 monasterium
1459 2901 1471 2945 ;
1496 2892 1549 2935 et
1578 2899 1701 2937 cum
1737 2887 2040 2943 invenisset
2066 2892 2334 2948 Marinum

763 2968 1048 3018 sedentem
1097 2979 1249 3023 extra
1287 2976 1704 3040 monasterium,
1737 2980 1968 3049 projecit
1999 2982 2047 3036 ei
2084 2999 2333 3053 puerum,

765 3065 822 3106 et
844 3059 1026 3111 statim
1069 3064 1318 3118 recessit.
1346 3065 1586 3124 Marinus
1621 3087 1750 3125 vero
1772 3090 1993 3129 sumens
2022 3093 2251 3145 puerum
2283 3080 2336 3134 iu

767 3162 982 3212 manus,
1015 3151 1232 3210 dicebat
1260 3158 1564 3217 lamentans
1594 3181 1606 3217 :
1652 3165 1747 3219 Hei
1781 3169 1913 3221 mihi
1940 3171 2142 3223 misero
2165 3183 2219 3228 et
2243 3175 2340 3229 ab-

765 3242 954 3310 iecto:
996 3261 1097 3312 ego
1139 3259 1289 3302 certe
1338 3251 1564 3306 humilis
1605 3265 1657 3309 et
1707 3272 1965 3325 nequam,
1996 3262 2207 3331 accipio
2241 3281 2338 3332 pro

2436 2145 2605 2215 ψῦχος
2633 2148 2898 2213 γενναίως
2936 2147 3032 2199 καὶ
3057 2147 3146 2200 τὸν
3171 2147 3433 2201 καύσονα.
3467 2148 3530 2200 Οἱ
3573 2142 3668 2198 οὖν
3699 2150 4022 2217 εἰσερχόμε-

2437 2255 2517 2289 νοι
2550 2238 2645 2289 καὶ
2682 2240 3032 2308 ἐξερχόμενοι
3060 2241 3361 2308 ἐπηρώτων
3397 2241 3559 2294 αὐτὸν
3589 2242 3850 2310 λέγοντες
3877 2259 3889 2272 ο
3923 2244 4020 2297 Διά

2435 2332 2488 2383 τί
2527 2327 2629 2384 ὧδε
2662 2332 2994 2396 καθέζεσαις
3051 2334 3163 2385 Καὶ
3199 2333 3388 2400 ἔλεγεν
3418 2337 3636 2399 αὐτοῖς’
3690 2336 3820 2388 Ὀτι
3855 2337 4022 2405 ἐπόρ-

2438 2441 2628 2488 νευσα,
2663 2426 2757 2478 καὶ
2781 2426 2868 2480 διὰ
2895 2428 3052 2479 τοῦτο
3078 2426 3374 2496 ἐξεϐλήθην
3401 2429 3466 2480 ὲκ
3488 2428 3580 2479 τοῦ
3618 2431 4014 2500 μοναστηρέου.

2437 2514 2748 2578 Φοάσαντος
2773 2517 2828 2569 δὲ
2851 2517 2946 2570 τοῦ
2979 2519 3142 2570 τόκου
3167 2519 3267 2586 τῆς
3296 2518 3564 2588 Θυγατρδς
3593 2518 3686 2569 τοῦ
3727 2520 4032 2588 πάνδοχος,.

2440 2611 2731 2677 ἐγέννησεν
2762 2612 2795 2680 ἡ
2831 2611 3079 2679 θυγάτηρ
3108 2611 3273 2663 αὑτοῦ
3301 2613 3462 2664 παῖδα
3493 2613 3725 2682 ἄρρενα,
3763 2612 3863 2663 καὶ
3889 2614 4025 2664 ἑπα-

2442 2718 2541 2767 ρας
2577 2701 2708 2752 αὐτὸ
2745 2701 2773 2752 6
2809 2700 3029 2765 πάνδοξ,
3058 2700 3421 2771 παραγίνεται
3450 2703 3504 2753 ὲν
3528 2701 3606 2769 τῷ
3641 2702 4020 2770 μοναστηρίῳ.

2439 2793 2630 2862 Εὑρὼν
2664 2793 2718 2846 δὲ
2755 2792 2844 2844 τὸν
2881 2794 3126 2863 Μαρῖνον
3184 2793 3383 2856 ἔξωθεν
3447 2791 3541 2844 τοῦ
3604 2792 3858 2854 πυλῶνος
3894 2792 4024 2845 καθ-

2439 2887 2666 2956 ήμενον,
2694 2885 3005 2954 προσρίψας
3039 2884 3188 2951 αὐτῷ
3217 2885 3277 2937 τὸ
3315 2883 3528 2936 παιδίον
3556 2884 3705 2949 λέγει
3731 2898 3746 2913 ⁸
3805 2885 3940 2937 Ίδοῦ
3966 2885 4023 2936 τδ

2441 2977 2626 3037 κακῶς
2660 2976 2924 3043 ἔσπειρας
2952 2974 3144 3027 τέκνον
3175 2991 3293 3037 σου,
3330 2971 3462 3026 λαόὲ
3487 2972 3641 3026 αὑτό.
3680 2971 3794 3024 Καὶ
3820 2972 4023 3033 εὐθέως

2440 3069 2815 3140 ἀνεχώρησεν.
2870 3069 3069 3123 Λαϐὼν
3129 3067 3224 3121 οὖν
3275 3069 3302 3120 ό
3353 3067 3597 3137 Μαρῖνος
3657 3067 3719 3118 τὸ
3786 3065 4020 3125 παιδίον,

2441 3163 2684 3215 ὲθλίδετο
2737 3163 2862 3230 περὶ
2895 3160 3063 3213 αὑτοῦ
3090 3161 3264 3227 λέγων
3287 3175 3301 3192 ο
3329 3159 3436 3212 Ναὶ
3469 3159 3578 3226 ἐγὼ
3610 3159 3709 3216 τὰς
3740 3160 4024 3227 ἁμαρτίας

2446 3273 2548 3325 μου
2584 3254 2999 3321 ἀπολαμϐάνω·
3044 3254 3134 3306 διὰ
3185 3255 3238 3306 τι
3293 3253 3350 3306 δὲ
3380 3259 3474 3305 καὶ
3506 3253 3566 3304 τὸ
3597 3252 3787 3304 ἄθλιον
3821 3253 4026 3321 βρέφος

766 3337 981 3390 meritis
1008 3354 1255 3394 meorum
1305 3356 1679 3412 peccatorum.
1716 3350 1826 3404 Cur
1863 3362 2044 3408 autem
2081 3356 2168 3412 hic
2203 3375 2340 3428 quo-

2446 3345 2602 3399 τοῦτο
2654 3347 2750 3399 σὺν
2777 3347 2904 3415 ἐμοὶ
2959 3345 3332 3412 ἀποθνήσκεις
3373 3343 3616 3411 Ἤρξατο
3644 3338 3739 3394 οὖν
3773 3344 4022 3411 γυρόειν,

768 3444 876 3498 que
915 3428 1103 3486 infelix
1131 3449 1266 3502 puer
1291 3452 1500 3491 mecum
1539 3443 1812 3497 moritur?
1837 3445 2016 3513 Cmpit
2041 3464 2169 3503 vero
2193 3451 2340 3507 acci-

767 3536 898 3589 pere
931 3523 1013 3575 lae
1042 3539 1072 3578 a
1111 3528 1444 3593 pastoribus,
1477 3540 1531 3584 et
1567 3532 1646 3584 sic
1674 3535 1850 3588 alebat
1891 3554 2121 3604 puerum
2157 3551 2216 3594 ut
2245 3558 2342 3610 pa-

769 3623 875 3666 ter.
900 3613 1018 3668 Non
1054 3618 1186 3670 satis
1208 3628 1390 3672 autem
1423 3631 1541 3675 erat
1577 3623 1785 3679 Marino
1811 3627 2031 3683 afﬂictio
2056 3641 2108 3685 et
2139 3632 2337 3699 pudor,

769 3717 878 3772 quo
911 3703 1250 3764 adiciebatur
1273 3713 1559 3780 quotidie:
1592 3717 1687 3772 sed
1713 3734 1849 3787 puer
1874 3735 2092 3790 quoque
2119 3723 2255 3778 ﬂens
2283 3733 2339 3779 et

770 3810 1097 3861 excernens,
1155 3807 1563 3861 contaminabat
1601 3818 1655 3861 et
1703 3809 2020 3865 sordidabat
2059 3816 2177 3880 ejus
2222 3832 2344 3872 ves-

772 3893 875 3941 tes.
907 3887 1035 3944 Post
1058 3893 1294 3960 spatium
1313 3905 1496 3951 autem
1520 3899 1683 3955 trium
1703 3918 1994 3971 annorum,
2013 3907 2341 3963 seditionem

772 3981 1048 4050 agitarunt
1087 4000 1281 4043 omnes
1322 3990 1536 4055 fratres.
1565 3994 1813 4052 dicentes
1863 4000 2346 4068 prrefectozl’ater

774 4075 1108 4139 venerande.
1142 4078 1344 4135 sufﬁcit
1372 4081 1530 4138 fratri
1558 4086 1763 4143 Marino
1783 4105 1964 4160 poena,
1985 4107 2146 4162 quam
2177 4096 2344 4151 susti-

772 4165 918 4218 nuit.
975 4166 1051 4221 De
1097 4178 1298 4226 caetero
1349 4189 1626 4244 rogamus,
1659 4182 1848 4251 accipe
1883 4199 2008 4238 eum
2037 4201 2231 4242 rursus
2285 4187 2340 4243 in

775 4261 1171 4317 monasterium
1203 4282 1216 4321 :
1249 4269 1484 4324 maxime
1508 4286 1659 4335 vero.
1685 4275 1834 4345 quod
1870 4291 2053 4332 coram
2076 4280 2337 4336 omnibus

775 4353 1059 4411 confessus
1075 4368 1158 4413 est
1176 4359 1387 4430 lapsum
1407 4380 1588 4422 suum.
1614 4369 1750 4425 Cum
1779 4383 1963 4429 autem
1996 4376 2341 4432 contradice-

776 4453 864 4497 ret
897 4449 1211 4514 praefectus,
1235 4463 1290 4507 et
1323 4471 1431 4511 non
1467 4463 1898 4526 persuaderetur
1918 4481 2042 4518 eum
2068 4469 2344 4535 accipere,

776 4550 1065 4604 (‘mperunt
1095 4544 1350 4601 monachi
1388 4549 1438 4603 ei
1480 4567 1671 4608 rursus
1701 4554 1884 4611 dicere
1915 4574 1928 4612 :
1963 4556 2076 4613 Nisi
2119 4557 2342 4612 fratrem

2446 3441 2542 3492 καὶ
2571 3437 2874 3506 λαμϐάνειν
2908 3436 3050 3503 γάλα
3076 3436 3183 3489 ἀπὸ
3209 3435 3316 3487 τῶν
3342 3433 3640 3502 ποιμένων,
3671 3433 3769 3485 καὶ
3799 3434 4026 3501 τρέφειν

2449 3503 2508 3583 τὸ
2541 3503 2750 3583 παιδίον
2780 3529 2854 3593 ὡς
2888 3531 3072 3600 πατήρ
3097 3547 3109 3560 ’
3147 3530 3248 3582 οὐκ
3301 3528 3463 3598 ἢρκει
3511 3527 3567 3580 δὲ
3619 3526 3771 3594 αὑτῷ
3812 3527 3841 3578 6
3872 3543 4029 3598 περι-

2451 3621 2700 3692 σπασμὸς
2733 3622 2792 3675 ὃν
2838 3618 3004 3693 εἶχεν,
3035 3622 3168 3675 ἀλλὰ
3217 3621 3310 3671 καὶ
3344 3619 3405 3671 τὸ
3460 3618 3671 3672 παιδίον
3707 3621 3900 3672 κλαῖον
3934 3619 4027 3672 καὶ

2447 3716 2775 3785 ὀδυρόμενον
2799 3715 3019 3783 ἡχρείου
3052 3713 3120 3764 τὰ
3173 3711 3360 3780 ἱμάτια
3388 3711 3575 3763 αὐτοῦ.
3606 3712 3764 3764 Μετὰ
3796 3713 3853 3763 δὲ
3894 3711 4024 3780 τρία

2453 3810 2547 3875 ἐτη
2578 3808 2781 3868 ἰδόντες
2832 3805 2882 3856 οἱ
2915 3804 3136 3872 ἀδελφοὶ
3164 3804 3261 3877 τὴν
3301 3801 3575 3873 τοσαύτην
3616 3801 3783 3856 αὑτοῦ
3846 3804 4028 3872 θλίψιν

2443 3904 2537 3960 καὶ
2567 3901 2868 3974 ὑπομονὴν,
2901 3901 3293 3973 προσελθόντες
3317 3901 3536 3978 λέγουσι
3561 3899 3640 3970 τῷ
3687 3899 3988 3970 ἡγουμένῳ
4009 3915 4023 3929 ο

2457 3999 2646 4068 Ἀρκεῖ
2685 3996 2832 4066 αὐτῷ
2863 3995 2896 4065 ἡ
2936 3994 3187 4063 ἐπιτιμία
3213 4037 3225 4058 ,
3267 3996 3349 4048 ὅτι
3388 3993 3480 4046 ἰπὶ
3511 3992 3731 4047 πάντων
3765 3991 4031 4062 όμολογεῐ

2447 4092 2510 4145 τὸ
2544 4088 2743 4144 ἑαυτοῦ
2777 4088 3023 4157 σφάλμα.
3073 4087 3115 4138 Τ
3117 4087 3180 4139 οὗ
3209 4086 3265 4139 δὶ
3307 4087 3612 4156 ἡγουμένου
3641 4084 3782 4146 ὅλως
3817 4084 3898 4153 μὴ
3928 4101 4028 4135 πυ-

2451 4184 2681 4251 θομένου
2734 4180 2991 4243 δέξασθαι
3040 4179 3229 4241 αὐτὸν,
3259 4178 3512 4247 λέγουσιν
3543 4177 3594 4230 οι
3641 4177 4025 4245 ἁδελφοὶ,ὃτι,

2464 4275 2592 4332 Ἐὰν
2628 4273 2703 4345 μὴ
2757 4272 2884 4345 δέξῃ
2921 4272 3109 4336 αὑτὸν,
3151 4274 3247 4326 καὶ
3288 4272 3450 4343 ἡμεῖς
3497 4269 3906 4340 ἁναχωροῦμιν
3933 4270 4027 4324 τοῦ

2458 4367 2826 4439 μοηδαστηρίου
2847 4384 2861 4398 ο
2889 4362 3000 4437 ἄρα
3031 4366 3146 4426 πῶς
3175 4365 3373 4434 ἔχομεν
3412 4364 3744 4466 αἰτήσασθαι
3775 4363 4026 4466 συγγνω-

2459 4475 2567 4528 μην
2599 4461 2726 4527 περὶ
2777 4457 2885 4508 τῶν
2932 4455 3220 4524 ἁμαρτιῶν
3268 4455 3427 4523 ἡμῶν
3483 4456 3728 4525 σήμερον
3774 4455 4029 4524 τριετοῦς

2453 4555 2649 4626 χρόνου
2681 4553 2993 4624 καθημένου
3021 4551 3189 4606 αὐτοῦ
3217 4551 3469 4621 αἱθρίου;

777 4627 1048 4685 Marinum
1089 4650 1280 4691 rursus
1303 4644 1580 4710 acceperis
1629 4645 1684 4698 in
1720 4649 2142 4712 monasterium,
2173 4665 2204 4702 ο
2245 4648 2426 4712 Pater,
2460 4661 2560 4700 nos
2590 4659 2808 4714 quoque
2851 4643 3180 4747 recedimus.
3206 4640 3492 4747 Quomodo
3525 4656 3890 4747 possumus-tl
3918 4641 4028 4696 Deo

782 4735 989 4794 petere,
1016 4733 1367 4787 utcondonet
1394 4737 1556 4792 nobis
1576 4750 1762 4797 nostra
1791 4753 2035 4812 peccata,
2060 4759 2185 4799 cum
2204 4743 2373 4798 frater
2399 4753 2586 4798 noster
2617 4749 2730 4793 tres
2772 4753 2945 4791 annos
2973 4736 3075 4790 sub
3103 4735 3196 4788 dio
3228 4735 3416 4790 sedeat
3447 4736 3502 4788 in
3535 4734 3853 4788 vestibulo?

850 4847 938 4900 Vl.
984 4846 1108 4903 Han:
1150 4865 1274 4905 cum
1308 4855 1572 4911 audiisset
1624 4859 1915 4928 praefectus
1966 4876 1996 4914 a
2041 4861 2340 4921 monachis,

2529 4859 2619 4922 εἶ’.
2650 4854 2781 4908 Τότε.
2811 4850 3028 4917 ἐδέξατο
3061 4849 3226 4904 αὐτὸν
3252 4851 3279 4903 6
3305 4848 3607 4920 ἡγούμενος
3635 4848 3816 4919 λέγων
3837 4865 3852 4880 °
3896 4851 4028 4906 Ἰδοὺ

781 4938 1068 4997 diciteis:
1122 4945 1332 5000 Revera
1386 4961 1612 5019 propter
1660 4963 1967 5022 peccatum,
2003 4954 2147 5021 quod
2200 4953 2347 5016 feeit,

783 5040 992 5086 nonest
1016 5033 1212 5104 dignus
1235 5037 1340 5092 huc
1369 5039 1577 5110 ingredi
1610 5061 1622 5096 :
1651 5052 1876 5111 propter
1899 5054 2135 5097 vestram
2169 5056 2350 5097 tamen

784 5123 1108 5179 charitalem
1145 5139 1200 5182 et
1247 5146 1436 5198 preces
1467 5149 1593 5187 eum
1640 5134 1875 5203 accipio,
1908 5143 1962 5187 et
2004 5149 2128 5186 cum
2167 5150 2346 5188 accero

785 5215 968 5270 siisset
999 5218 1263 5272 Marinum
1305 5238 1488 5277 coram
1520 5228 1795 5289 omnibus,
1833 5228 1966 5280 dicit
1995 5227 2044 5280 ei
2086 5245 2096 5279 :
2135 5228 2350 5290 Frater,

788 5322 896 5358 non
944 5323 1003 5360 es
1041 5310 1238 5379 dignus
1281 5323 1427 5368 stare
1471 5317 1525 5370 iu
1569 5319 1745 5387 primo
1799 5328 1890 5370 tuo
1940 5319 2078 5379 loco,
2132 5329 2355 5387 pr0pter

788 5414 1070 5465 peccatum
1103 5405 1245 5470 quod
1279 5406 1454 5461 fecisti
1485 5428 1497 5464 :
1526 5421 1749 5480 propter
1773 5410 2000 5463 fratrum
2024 5419 2204 5465 autem
2228 5413 2358 5466 cha-

790 5492 1007 5545 ritatem
1041 5507 1093 5548 et
1142 5514 1350 5564 preces,
1387 5503 1598 5568 accipio
1630 5513 1679 5556 te
1721 5507 1965 5560 ninnium
2019 5513 2354 5572 postremum

791 5581 841 5631 iu
897 5584 1158 5651 regulam.
1194 5586 1432 5643 Marinus
1481 5607 1609 5645 vero
1661 5595 1828 5661 erepit
1882 5592 2135 5661 prmfecto
2172 5593 2356 5648 dicere

787 5687 912 5726 cum
951 5675 1249 5746 lacrymis:
1288 5679 1399 5732 Hoc
1442 5700 1664 5752 quoque
1719 5685 1849 5737 mihi
1899 5700 2152 5754 magnum
2188 5697 2291 5748 est.
2325 5703 2357 5740 0

790 5773 1096 5823 venerande
1131 5772 1308 5832 l’azer.
1349 5778 1491 5839 quod
1527 5793 1610 5830 me
1653 5778 1876 5846 dignum
1912 5779 2130 5843 feceris,
2155 5783 2247 5850 qui
2275 5782 2358 5835 in-

2450 4949 2536 5002 διὰ
2570 4948 2668 5019 τὴν
2696 4948 2918 5015 ἀγάπην
2967 4945 3075 4996 τῶν
3114 4941 3364 5010 ἀδελφῶν
3397 4943 3626 5010 δέχομαί
3677 4959 3759 5007 σε,
3794 4944 4027 5013 ἔσχατον

2454 5048 2635 5114 μέντοι
2671 5045 2887 5097 πάντων
2919 5041 3066 5092 ὄντα.
3112 5039 3171 5094 Ὀ
3189 5041 3244 5092 δὲ
3274 5041 3431 5092 ἔϐαλε
3492 5039 3791 5106 μετάνοιαν
3809 5040 3984 5106 λέγων
4009 5059 4020 5070 ·

2451 5137 2611 5200 Μέγα
2675 5134 2763 5203 μοί
2818 5135 2954 5194 ἐστι,
3006 5133 3202 5200 πάτερ,
3238 5134 3328 5186 ἵνα
3367 5133 3500 5193 ὅλως
3535 5130 3639 5182 ὑπό
3688 5131 3791 5199 τὴν
3824 5132 4023 5200 στέγην

2454 5226 2609 5294 ὑμῶν
2633 5225 2878 5281 εἰσέλθω.
2919 5225 3118 5276 Ἐὃαλε
3165 5223 3223 5276 δὲ
3266 5225 3433 5277 αὑτὸν
3455 5224 3481 5276 6
3508 5223 3814 5293 ἡγούμενος
3853 5227 3932 5286 εἰς
3960 5226 4026 5277 τὰ

2453 5319 2750 5388 ἀτιμότερα
2799 5319 2933 5388 ἔργα
2969 5317 3059 5369 τοῦ
3085 5319 3465 5388 τιοναστηρίου
3490 5331 3504 5344 ⁸
3540 5317 3633 5368 καὶ
3664 5317 3846 5368 ἐποίει
3891 5319 4026 5370 αὑτὰ

2459 5413 2596 5480 μετὰ
2629 5412 2864 5480 σπουδῆς
2893 5412 2950 5461 ἐν
2978 5410 3157 5480 πολλῷ
3195 5411 3342 5478 πόνῳ
3379 5409 3579 5475 διάγων
3605 5425 3616 5438 ·
3658 5405 3772 5478 εἷχε
3829 5409 3886 5461 δὲ
3939 5410 4026 5460 καὶ

2454 5505 2514 5556 τὸ
2543 5505 2754 5558 παιδίον
2784 5504 3006 5555 ὄπισθεν
3034 5502 3198 5555 αὐτοῦ
3238 5502 3504 5571 κράζοντα
3538 5502 3632 5553 καὶ
3665 5501 3939 5569 ζητοῦντα
3962 5499 4028 5551 τα

2458 5599 2594 5659 πρὸς
2623 5597 2719 5664 τὴν
2751 5594 2954 5665 βρῶσιν
2997 5596 3085 5645 καὶ
3114 5594 3216 5644 ὅσα
3271 5593 3388 5644 ἐστὶ
3412 5595 3521 5653 τοῖς
3549 5592 3764 5659 νηπίοις
3803 5593 4023 5643 σιτίσια.

2455 5689 2701 5757 Αὑξηθέν
2733 5687 2823 5739 οὖν
2852 5687 2941 5739 καὶ
2982 5685 3296 5752 ἁνατραῳὲν
3330 5685 3388 5736 ὲν
3421 5683 3588 5752 πολλῇ
3619 5685 3790 5753 ἁρετῇ
3822 5681 4022 5750 ἠξιώθη

2453 5783 2547 5834 τοῦ
2583 5781 2876 5850 μοναχιιιοῦ
2902 5781 3202 5847 σχήματος.

787 5867 1047 5931 [traderer
1080 5871 1219 5927 intra
1267 5876 1613 5944 vestibulum,
1650 5885 1703 5930 ut
1752 5875 1828 5929 sic
1871 5891 2087 5945 quiique
2155 5877 2351 5948 dignus
2396 5878 2616 5947 habear,
2661 5880 2750 5947 qui
2789 5877 3021 5931 seniaut
3067 5877 3268 5932 sanctis
3315 5876 3447 5933 meis
3491 5874 3764 5930 l'atribus.
3809 5874 3876 5927 lat
3908 5885 4020 5927 cum
