4180 6470
139 413 248 477 353
1246 412 1419 473 VITA
1465 412 1523 470 S.
1558 409 1885 474 EUGENII
1917 409 2010 469 ET
2043 407 2334 472 MARIE.
3292 404 3397 467 354

134 545 263 582 eum
305 529 628 598 accepisset
656 529 968 600 praefectus,
1014 529 1237 583 immisit
1276 528 1343 582 ad
1384 527 1578 581 viliora
1620 537 1677 582 et
1709 527 2007 598 abjectiora
2058 540 2227 594 opera
2260 522 2604 577 monasterii.
2654 521 2706 576 Is
2750 536 2882 577 vero
2918 536 2980 576 ea
3011 521 3243 579 faciebat
3277 540 3403 579 cuin

134 625 327 678 studio
370 635 430 679 et
474 641 672 694 magno
704 636 851 680 metu
888 636 943 683 et
974 627 1420 693 compunctione.
1458 622 1706 677 Ilabebat
1733 631 1916 677 autem
1958 634 2191 691 puerum
2234 632 2456 688 quoque
2517 616 2780 677 Marinus.
2817 632 2945 672 eum
2979 630 3128 673 retro
3168 635 3407 689 sequen-

134 725 246 772 tem
271 727 330 772 et
365 720 709 774 clamantem
748 737 762 775 :
803 720 878 773 Ta
918 728 969 773 ta
1002 728 1075 778 ta.
1107 727 1163 772 et
1192 718 1565 787 requirentem
1596 733 1659 771 ea
1696 732 1819 786 qua:
1853 725 1980 771 sunt
2015 715 2204 784 pueris
2232 713 2544 769 necessaria
2578 712 2644 766 ad
2686 714 3033 768 alimentum.
3078 716 3195 770 Non
3226 717 3403 770 solum

131 810 280 863 enim
310 810 404 864 his
430 814 701 866 aerumnis
728 822 783 867 et
802 810 1192 866 alllictionibus
1243 810 1600 879 premebatur
1629 808 1892 871 Marinus,
1920 810 2014 864 sed
2042 810 2207 863 etiam
2249 809 2316 863 de
2356 808 2553 862 alendo
2584 808 2690 863 hoc
2716 823 2886 878 puero
2922 818 3041 864 erat
3069 810 3227 864 valde
3251 811 3405 864 solli-

132 902 297 957 citus.
343 901 496 958 Cum
534 907 796 958 crevisset
837 912 1022 957 autem
1051 918 1208 972 puer,
1239 902 1470 971 degebat
1514 903 1569 957 in
1602 902 1961 966 monasterio,
1990 901 2260 957 educatus
2291 903 2345 955 in
2396 903 2597 954 virtute
2628 912 2685 955 ct
2724 902 2778 953 in
2814 903 3200 969 temperantia.
3235 900 3408 957 Porro

132 1007 264 1045 vero
304 1005 516 1049 sancto
554 1010 771 1063 quoque
798 1003 853 1051 et
897 996 1199 1048 monastico
1235 993 1426 1047 habitu
1467 1002 1553 1049 est
1593 994 1874 1065 dignatus.
1898 994 2122 1063 -Sicque
2158 992 2481 1065 proﬁciebat
2518 992 2572 1046 in
2618 993 2929 1048 humilitate
2988 1001 3042 1048 et
3072 994 3241 1048 multa
3272 995 3409 1049 obc-

130 1082 369 1144 dientia,
413 1093 479 1136 ut
502 1093 782 1137 amaretur
815 1081 885 1136 ab
906 1083 1187 1138 omnibus.

197 1194 273 1247 Z'.
311 1193 411 1245 Ἐν
444 1195 551 1265 μιᾷ
572 1188 665 1246 οὖν
684 1194 791 1246 τῶν
814 1195 1038 1265 ἡμερῶν
1058 1193 1346 1265 ⁴Ιιρώτνισεν
1374 1194 1403 1247 ὁ
1429 1194 1733 1267 ἡγεύμενος

1907 1194 2020 1249 VII.
2066 1193 2194 1250 Post
2222 1195 2336 1249 haec
2370 1201 2551 1249 autem
2584 1192 2708 1249 cum
2741 1195 2969 1251 vidisset
2998 1197 3263 1252 Dominus
3284 1213 3408 1268 per-

124 1286 253 1343 τοὺς
280 1286 566 1351 ἀδελφοὺς
598 1286 768 1353 λέγων
792 1303 807 1317 ο
842 1288 950 1339 Ποῦ
976 1288 1122 1339 ἐστιν
1146 1290 1176 1339 ὸ
1207 1287 1437 1355 ἁδελφὸς
1464 1290 1727 1358 Μαρῖνοςς

128 1379 209 1430 ὅτι
247 1376 365 1446 ἕλω
410 1380 665 1449 σήμερον
692 1379 885 1451 τρίτην
915 1380 1133 1453 ἡμέραν
1159 1381 1260 1433 οὐκ
1303 1376 1420 1434 οῖδα
1453 1382 1618 1435 αὐτὸν
1652 1383 1733 1445 τις

128 1469 473 1541 ψαλμῳδίαν
500 1487 515 1502 ·
548 1472 636 1525 ἀεὶ
658 1474 767 1542 γὰρ
798 1471 905 1540 πρὸ
939 1474 1157 1527 πάντων
1178 1474 1501 1544 ιύρίσκιτο·
1554 1473 1731 1527 σεσιλ-

130 1562 264 1617 θὰτι
299 1564 389 1626 si;
440 1563 509 1617 τὸ
544 1564 754 1617 κέλλιον
785 1564 952 1617 αὐτοῦ
996 1565 1071 1638 μὴ
1120 1565 1405 1638 ἀρρωστίᾳ
1430 1581 1546 1618 τινι
1576 1566 1731 1620 κατὶ·

128 1668 339 1707 κειται.
421 1653 784 1717 Ἀπελθόντες
816 1654 912 1708 οὖν
950 1650 1109 1727 εὖρον
1164 1656 1329 1709 αὐτὸν
1348 1654 1729 1722 τελειωθέντα,

128 1744 225 1794 καὶ
248 1743 624 1812 ἀπήγγειλαν
647 1744 723 1809 τῷ
767 1746 1077 1815 ἡγουμένῳ,
1109 1745 1191 1799 ὅτι
1213 1747 1241 1799 ὁ
1274 1745 1448 1809 ἀδσᾶς
1487 1748 1731 1816 Μαρῐνος

128 1832 462 1900 ἐτελειώθη,
501 1832 598 1885 καὶ
650 1828 839 1887 εἶπεν
874 1829 1021 1903 Ἀρα
1049 1834 1166 1897 πῶς
1215 1835 1458 1904 ἀπῆλθεν
1496 1837 1529 1907 ή
1560 1836 1723 1889 ἀθλία

129 1918 301 1973 αὑτοῦ
333 1922 535 1991 ψυχῆς
578 1922 737 1977 ποίαν
796 1923 1097 1991 ἀπολογίαν
1147 1923 1450 1995 βουλομένη
1508 1924 1729 1991 δοῦναις

132 2012 240 2063 Καὶ
299 2012 625 2081 προσέταξε
680 2014 1008 2085 κηδευθῆναι
1062 2016 1246 2068 αὐτόν.
1298 2018 1407 2068 Καὶ
1455 2016 1531 2078 ὡς
1568 2012 1732 2086 ἦλθον

127 2104 455 2158 ἀποπλύναι
502 2107 688 2170 αὐτὸν,
745 2101 1015 2175 εὖρονὸτι
1066 2108 1207 2177 γυνὴ
1265 2102 1355 2178 ἦν,
1404 2110 1495 2160 καὶ
1526 2112 1731 2170 πάντες

128 2194 459 2264 ἀνέκραξαν
510 2197 609 2250 τό*
670 2197 863 2265 Κύριε,
922 2197 1170 2265 ἐλέησον.
1219 2198 1277 2249 '0
1313 2197 1369 2250 δὲ
1423 2198 1729 2269 ἡγούμενος

129 2287 480 2341 ιπυγθάνετσ
503 2304 518 2317 ⁶
574 2288 637 2339 Τί
673 2290 840 2347 ἐστιν,
889 2287 917 2340 ὃ
955 2289 1145 2359 ἓχετε;
1187 2292 1249 2343 Ol
1280 2290 1335 2342 δὲ
1366 2285 1519 2343 εἷπον
1549 2293 1631 2345 ὅτι
1665 2292 1732 2344 ’0

130 2378 366 2445 ἀδελφὸς
400 2380 653 2448 Μαρίνος
686 2380 822 2450 γυνή
854 2379 1023 2432 ἐστίν.
1051 2381 1189 2432 Τότε
1238 2380 1499 2433 εἰσελθὼν
1552 2382 1731 2449 ῥίπτει

131 2468 328 2520 ἑαυτὸν
356 2469 444 2529 εὶς
484 2452 779 2537 πρᾏσωπον
810 2469 1016 2521 κλαίων
1040 2468 1133 2520 xtl.
1170 2467 1347 2534 λέγων
1372 2485 1387 2499 ’
1434 2461 1561 2521 Ὧδε
1597 2471 1734 2522 ἁπο-

131 2561 358 2631 θνησκω
386 2565 475 2624 ei;
506 2564 633 2625 τοὺς
658 2563 843 2630 ἁγίους
877 2564 1043 2617 αὑτοῦ
1074 2545 1263 2625 πόδαςξ
1288 2560 1393 2624 ἕως
1418 2557 1479 2614 οὗ
1508 2564 1730 2616 ἀκούσω
1765 2538 1804 2593 Β

132 2655 531 2723 συγχώρησιν.
570 2651 739 2707 ⁷11).οε
777 2656 832 2706 δὲ
880 2654 1033 2724 αὐτῴ
1074 2654 1227 2724 φωνὴ
1258 2654 1492 2723 λέγουσα
1530 2655 1633 2715 ὅτι.
1670 2655 1733 2708 El

135 2747 233 2813 μὲν
264 2747 436 2809 εἰδὼς
466 2746 628 2799 auito
654 2748 918 2815 ἔπραξας.
946 2748 1046 2801 οὐκ
1079 2750 1147 2802 ἄν
1180 2764 1276 2800 σου
1298 2749 1657 2819 συνεχωρήθη
1698 2749 1730 2818 ἡ

134 2840 387 2910 ἁμαρτία
413 2857 426 2870 ·
461 2840 733 2910 ἐπειδὴδὲ
767 2843 825 2893 ἐν
853 2842 1048 2914 ἀγνοίᾳ
1071 2841 1357 2909 ἐποίησας,
1390 2840 1733 2909 ἀφεθήσεταί

137 2948 243 2985 σοι.

1836 1288 2033 1346 fectam
2066 1303 2187 1343 esse
2228 1288 2349 1358 ejus
2403 1287 2563 1342 fidem
2602 1300 2656 1341 et
2686 1289 3053 1354 tolerantiam,
3081 1300 3137 1344 et
3174 1305 3296 1346 esse
3324 1292 3411 1345 di-

1835 1396 1995 1451 gnam
2031 1393 2200 1448 regno
2239 1379 2532 1444 caelorum,
2565 1378 2780 1448 accepit
2817 1394 2937 1433 eam
2984 1380 3038 1434 in
3068 1389 3272 1435 interna
3308 1397 3409 1451 pa-

1835 1472 2003 1527 radisi
2058 1471 2433 1534 tabernacula,
2492 1473 2711 1525 nemine
2753 1471 2983 1526 sciente.
3024 1472 3159 1527 Nam
3198 1486 3323 1526 cum
3362 1473 3409 1528 is

1835 1562 2087 1625 obiisset,
2128 1568 2186 1615 et
2218 1576 2322 1616 nec
2376 1560 2738 1631 egrederetur
2781 1560 2849 1615 ad
2883 1563 3173 1617 servitium
3214 1578 3408 1617 mona-

1834 1654 2011 1716 sterii,
2054 1663 2234 1708 etnec
2269 1652 2335 1708 ad
2377 1652 2737 1723 psalmodiam
2770 1654 2997 1723 regulae,
3030 1656 3240 1723 rogavit
3271 1670 3410 1724 pra:-

1833 1744 2014 1799 fectus
2060 1745 2280 1808 fratres,
2335 1745 2573 1801 dicens:
2621 1745 2725 1802 Ubi
2774 1756 2862 1801 est
2916 1746 3085 1801 abbas
3135 1747 3412 1801 Marinus?

1835 1833 1975 1889 Ecce
2008 1836 2155 1889 enim
2181 1835 2291 1905 jam
2323 1836 2711 1906 praeterierunt
2743 1846 2853 1891 tres
2881 1837 3020 1902 dies,
3050 1853 3115 1892 ex
3143 1853 3253 1907 quo
3278 1853 3405 1892 eum

1835 1941 1945 1980 non
1993 1925 2103 1980 vidi
2144 1926 2199 1981 in
2235 1927 2564 1998 psalmodia,
2616 1942 2793 1997 neque
2839 1928 2894 1981 in
2932 1944 3033 1983 suo
3076 1931 3410 1984 ministerio.

1836 2016 2054 2072 Primus
2096 2029 2303 2083 autem,
2336 2022 2585 2073 omnium
2636 2019 3021 2075 inveniebatur
3073 2021 3126 2074 in
3178 2022 3407 2091 Regula.

1835 2109 2191 2179 lngredimiui
2239 2126 2369 2181 ergo
2418 2115 2536 2182 ejus
2587 2113 2804 2176 cellam,
2839 2122 2892 2166 et
2939 2112 3143 2175 videte,
3186 2128 3317 2166 num
3356 2116 3408 2167 in

1835 2200 2073 2269 aliquam
2115 2203 2377 2256 ceciderit
2408 2204 2809 2272 :egritudinem.
2844 2201 2981 2256 Cum
3013 2212 3194 2257 autem
3228 2205 3410 2257 venis-

1837 2302 1961 2346 sent
1987 2294 2186 2348 fratres
2215 2298 2268 2349 in
2312 2295 2504 2349 cellam
2560 2297 2753 2361 beatae,
2789 2294 3018 2365 ingressi
3072 2297 3409 2350 invenerunt

1836 2399 1957 2438 eam
1992 2394 2425 2439 consummatam
2452 2386 2508 2440 in
2541 2386 2797 2450 Domino,
2829 2396 2883 2440 et
2908 2402 3139 2456 puerum
3179 2388 3229 2440 ei
3269 2388 3411 2442 assi-

1838 2475 2058 2530 dentem
2090 2484 2142 2529 et
2176 2477 2418 2530 flentem.
2455 2477 2611 2530 Tunc
2663 2493 2897 2547 propere
2945 2479 3150 2546 egressi
3188 2478 3409 2541 fratres,

1835 2568 2094 2640 praefecto
2140 2571 2549 2629 renuntiarunt.
2595 2570 2842 2627 dicentes
2873 2588 2888 2629 ;
2922 2571 3111 2626 Frater
3169 2572 3411 2626 Marinus

1833 2660 2079 2714 dormiit.
2129 2661 2221 2715 Ille
2272 2678 2403 2715 vero
2453 2678 2578 2715 cum
2622 2664 2910 2721 audiisset.
2963 2665 3194 2719 miratus
3227 2676 3313 2721 est
3355 2677 3413 2721 et

1833 2750 2017 2807 dixit:
2054 2752 2342 2819 Quomodo
2395 2757 2629 2810 excessit
2676 2757 2793 2826 ejus
2841 2757 3044 2820 anima,
3103 2768 3197 2813 aut
3244 2775 3409 2828 quam

1836 2846 1948 2900 Deo
1981 2846 2250 2901 allaturos
2278 2858 2363 2903 est
2416 2849 2827 2903 excusationem
2863 2853 2931 2905 de
2961 2853 3028 2905 iis
3061 2869 3182 2921 qua:
3214 2869 3412 2923 pecca-

1833 2936 1948 2988 vit?
1984 2935 2141 2989 Tunc
2184 2936 2252 2990 de
2294 2947 2498 2991 caetero
2536 2938 2721 3008 jussit,
2773 2952 2832 2992 ut
2860 2938 2910 2993 ei
2957 2940 3103 3009 justa
3141 2940 3407 2995 facerent.

132 3026 265 3082 Cum
297 3037 495 3079 autem
531 3026 811 3080 venissent
834 3024 1055 3088 fratres,
1099 3035 1159 3080 ut
1186 3041 1312 3081 eum
1342 3033 1742 3095 componerent
1773 3024 1838 3077 ad
1884 3025 2287 3093 sepeliendum,
2318 3025 2651 3080 invenerunt
2677 3042 2803 3081 eum
2840 3042 2960 3081 esse
2993 3029 3276 3084 mulierem
3306 3048 3318 3082 :
3352 3040 3412 3084 et

132 3119 457 3190 stupefacti,
499 3129 790 3187 creperum
819 3134 1015 3173 omnes
1052 3136 1156 3173 una
1205 3136 1339 3174 voce
1367 3122 1611 3176 clamare
1642 3136 1656 3175 :
1693 3120 1946 3186 Domine,
1984 3120 2267 3174 miserere.
2301 3120 2602 3174 Praefectus
2642 3136 2770 3175 vero
2812 3138 2937 3176 cum
2968 3124 3261 3178 tumultum
3308 3140 3412 3177 au-

124 3219 318 3272 diisset
348 3225 409 3271 et
441 3216 953 3277 conturbationem,
1010 3217 1238 3286 rogavit,
1298 3216 1493 3270 dicens
1527 3233 1543 3270 :
1585 3215 1872 3283 Quidnam
1911 3218 2018 3271 hoc
2041 3217 2147 3271 sibi
2196 3216 2353 3271 vult?
2396 3216 2475 3270 Illi
2506 3230 2690 3271 autem
2726 3218 2913 3275 dicunt
2943 3219 2993 3271 ei
3024 3234 3148 3272 cum
3175 3219 3414 3275 admira-

123 3314 267 3367 tione
301 3330 315 3367 ;
354 3312 559 3367 Frater
588 3323 767 3365 neSter
796 3309 1034 3364 Marinus
1060 3320 1143 3365 est
1168 3324 1301 3365 sexu
1348 3310 1575 3363 mulier.
1618 3310 1771 3363 Cum
1813 3310 2057 3363 venisset
2096 3323 2228 3378 ergo
2258 3308 2575 3375 prazfectus,
2609 3317 2665 3362 et
2694 3310 2923 3364 vidisset
2956 3326 3071 3364 rem
3109 3314 3412 3369 admirabi-

118 3411 218 3465 lem
262 3421 321 3466 et
362 3421 573 3481 praeter
602 3409 936 3479 opinionem,
966 3423 1023 3462 se.
1070 3408 1219 3461 humi
1254 3406 1518 3479 projccit,
1552 3416 1611 3462 et
1644 3418 1853 3461 tenens
1894 3406 2064 3477 pedes
2095 3405 2289 3468 beatze,
2327 3418 2452 3458 cum
2502 3404 2690 3457 multis
2720 3404 2974 3475 lacrymis
3006 3404 3297 3471 clamabat,
3323 3407 3411 3459 di-

118 3522 245 3560 cens
280 3523 297 3560 :
336 3506 579 3575 Ignosce
612 3504 767 3564 mihi,
800 3504 1029 3558 Domine
1067 3505 1194 3559 lesu
1232 3502 1487 3565 Christe,
1518 3501 1679 3571 quod
1736 3518 1835 3572 per
1881 3503 2247 3571 ignorantiam
2293 3502 2515 3570 peccavi
2550 3502 2603 3553 in
2640 3510 2885 3555 sanctam
2916 3509 2973 3555 et
3016 3516 3222 3555 castam
3261 3510 3410 3556 luam

124 3614 405 3667 sponsam.
444 3596 520 3650 Et
548 3610 744 3648 rursus
765 3598 1064 3665 procideus
1091 3595 1161 3648 ad
1187 3595 1543 3649 venerandas
1574 3607 1631 3651 et
1657 3606 1884 3651 sanctas
1911 3598 2030 3666 ejus
2073 3594 2359 3665 reliquias,
2398 3594 2695 3657 clamabat,
2724 3595 2945 3651 dicens:
2981 3593 3080 3650 Hic
3110 3598 3312 3649 moriar
3342 3597 3409 3649 ad

126 3701 345 3747 sanctos
368 3700 431 3744 et
462 3689 817 3743 venerandos
856 3690 983 3742 tuos
1028 3686 1216 3756 pedes,
1254 3690 1432 3739 donec
1463 3688 1696 3741 audiero
1728 3691 1863 3742 milii
1888 3705 2008 3743 esse
2051 3690 2357 3743 condonata
2386 3705 2448 3742 ea
2474 3705 2595 3758 qua:
2630 3688 2685 3743 in
2718 3697 2768 3743 te
2805 3689 3043 3759 peccavi.
3078 3689 3216 3743 Cum
3253 3692 3297 3742 is
3318 3705 3409 3742 au-

131 3796 234 3841 tem
266 3786 364 3839 diu
400 3783 644 3840 deﬁeret
677 3793 733 3839 et
774 3783 1081 3856 plangeret,
1118 3781 1270 3835 venit
1305 3781 1371 3833 ad
1411 3795 1541 3834 cum
1582 3797 1687 3835 vox
1733 3783 1802 3836 de
1847 3782 2010 3845 cmlo,
2045 3782 2239 3836 dicens
2271 3797 2285 3835 :
2320 3780 2375 3834 Si
2408 3782 2513 3834 hoc
2555 3784 2778 3850 quidem
2812 3785 2993 3838 sciens
3026 3784 3268 3845 fecisses,
3303 3799 3412 3839 non

132 3877 226 3932 tibi
251 3877 711 3939 condonassem;
743 3877 873 3945 quia
902 3886 1086 3929 autem
1118 3874 1376 3929 nesciens
1409 3872 1513 3927 hoc
1546 3873 1753 3940 fecisti,
1788 3886 2075 3947 peccatum
2113 3875 2217 3929 fuit
2255 3873 2351 3928 tibi
2385 3874 2777 3930 condonatum.

202 3990 284 4045 H'.
321 3993 436 4043 Καὶ
489 3988 746 4058 ἐγερθεὶς
780 3988 934 4056 δηλοῖ
966 3989 1045 4058 τῷ
1092 3990 1385 4057 πανδοχείο
1435 3992 1527 4041 καὶ
1559 3992 1736 4041 εἰσελ-
1764 4000 1807 4056 c

136 4082 319 4143 οόντος
370 4078 552 4132 αὑτοῦ
594 4077 778 4145 λέγει’
824 4078 959 4132 Ἰδοὺ
986 4079 1014 4131 ὁ
1053 4079 1301 4150 Μαρίνος
1332 4078 1629 4150 ἐκοιμήθη.
1671 4080 1733 4133 '0

134 4175 187 4227 δὲ
216 4174 371 4241 λέγει
392 4189 407 4203 ’
451 4174 513 4226 '0
545 4172 677 4232 Θεὸς
712 4175 1064 4241 συγχωρήσει
1099 4173 1266 4242 αὐτῷ,
1293 4173 1375 4225 ὅτι
1407 4172 1616 4242 ἔρημον
1644 4174 1736 4226 τὸν

134 4262 277 4319 οἶκόν
306 4284 415 4337 μου
437 4265 727 4334 ἐποίησεν.
754 4264 917 4331 Λέγει
937 4263 1089 4332 αὑτῴ
1118 4264 1146 4315 ὀ
1177 4263 1484 4333 ἡγούμενος
1504 4278 1518 4291 ο
1546 4265 1734 4315 Μετα-

136 4361 346 4430 νόησιον,
425 4358 657 4424 ἁδελφὲ,
717 4358 797 4410 ὅτι
850 4358 1103 4427 ἥμαρτες
1156 4355 1391 4410 ἐνώπιον
1449 4354 1546 4407 τοῦ
1596 4354 1732 4408 Θεοῦ

135 4454 276 4521 κάμὲ
308 4453 378 4504 σὺ
426 4449 647 4516 ἐπῆρες
696 4450 810 4508 τοῖς
869 4450 1049 4513 λόγοις
1102 4464 1233 4501 σου·
1276 4449 1305 4500 ὁ
1356 4448 1466 4519 γὰρ
1494 4449 1735 4519 Μαρῑνος

135 4546 267 4612 γυνή
305 4546 489 4595 ἐστιν.
524 4539 639 4593 Καὶ
662 4540 920 4608 ἐπιγνοὺς
946 4541 1107 4593 τοῦτο
1133 4544 1161 4593 ὁ
1196 4542 1399 4605 πάνδοξ
1428 4541 1618 4609 ἐξέστη
1643 4543 1735 4593 καὶ

136 4637 353 4703 ἱδόξασε
391 4637 493 4689 τὸν
529 4633 831 4688 ΘεόνίΚαὶ
889 4635 1020 4699 ἰδοὺ,
1062 4636 1119 4687 ὲν
1142 4635 1304 4704 ὀλίγῃ
1335 4636 1453 4702 ὥρα
1500 4632 1735 4703 παραγί-

134 4747 281 4783 νεται
318 4733 351 4797 ἡ
388 4729 654 4801 Θυγάτηρ
684 4728 848 4778 αὐτη-3
880 4727 1219 4798 ἐλεγχομένη
1248 4729 1345 4780 καὶ
1368 4728 1604 4796 λέγουσα
1636 4728 1735 4799 τὴν

134 4824 417 4893 ἀληθειαν,
456 4824 547 4875 ὃτι
584 4820 644 4873 Ὀ
678 4818 1014 4889 στρατιώτης
1041 4820 1285 4889 ἐπάτησέ
1341 4838 1428 4889 με,
1458 4824 1551 4873 καί
1579 4822 1737 4890 ἐμία-

134 4930 211 4976 νε,
246 4916 345 4966 καὶ
412 4914 769 4980 παραχρῆμα
813 4913 958 4980 ἰάθη.
996 4911 1105 4964 Καὶ
1149 4906 1406 4973 λαόὁντες
1434 4914 1480 4962 οἱ
1513 4914 1734 4979 ἀδελφοὶ

132 5009 189 5060 τὸ
207 5008 469 5077 λείψανον
488 5004 593 5073 τῆς
625 5005 775 5067 ὁσίας
800 5008 1039 5071 Μαρίας,
1071 5008 1408 5074 μυρίταντες
1441 5005 1734 5058 κατέθεντο

132 5102 187 5152 ἐν
220 5103 377 5171 τόπῳ
405 5098 606 5168 σεμνῴ
641 5097 778 5164 μετὰ
831 5099 1014 5165 πάσης
1068 5098 1413 5167 δωροφορὶας
1436 5138 1451 5163 ,
1498 5097 1735 5167 Χριστὸν

131 5195 513 5263 ἀνυμνοῦντες
541 5193 635 5244 τὸν
669 5191 897 5261 Σωτῆρα
929 5194 1038 5247 τῶν
1073 5193 1355 5257 ἁπάντων,
1386 5194 1475 5246 τὸν
1519 5194 1606 5245 ἀεὶ
1644 5193 1733 5246 δο-

132 5286 550 5351 ξὰζοντα’τοίδς
612 5285 937 5350 δοξάζοντας
987 5288 1176 5339 αὐτόν.
1215 5286 1371 5355 Αὑτῴ
1422 5290 1454 5355 ὴ
1500 5288 1626 5351 δόξα
1652 5290 1732 5349 εις

130 5383 251 5441 τοὺς
277 5383 495 5441 αἰῶνας
533 5378 649 5429 τῶν
686 5378 919 5431 αἰώνων.
952 5380 1157 5449 Ἀμήν.

1916 3994 2056 4048 VIII.
2101 3994 2257 4048 Tunc
2285 4008 2520 4063 surgens
2555 3993 2847 4062 praefectus
2875 4006 2901 4044 a
2934 3989 3264 4045 venerandis
3296 3992 3417 4061 eius

1842 4088 2109 4160 reliquiis,
2135 4090 2317 4143 statim
2348 4090 2498 4142 misit
2524 4089 2591 4141 ad
2617 4088 2936 4158 praefectum
2970 4088 3282 4151 diversorii,
3329 4090 3415 4140 di-

1836 4197 1968 4236 cens
2002 4198 2015 4235 :
2050 4181 2184 4237 Veni
2217 4182 2330 4236 cito
2371 4179 2436 4233 ad
2488 4196 2610 4245 nos,
2654 4195 2781 4233 nam
2832 4189 2883 4232 te
2932 4180 3059 4232 volo
3099 4179 3415 4233 convenire.

1835 4275 1971 4330 Cum
2005 4285 2189 4327 autem
2235 4274 2483 4326 venisset
2512 4272 2807 4341 pra:fectus
2838 4269 3153 4332 diversorii,
3189 4269 3327 4326 dicit
3366 4271 3417 4324 ei

1838 4369 2129 4439 praefectus
2181 4367 2501 4424 monasterii
2550 4382 2565 4422 :
2632 4367 2776 4422 Ecce
2823 4365 2995 4421 frater
3044 4364 3286 4419 Marinus
3337 4372 3421 4418 est

1838 4474 2110 4517 mortuus.
2141 4461 2190 4515 Is
2224 4476 2358 4517 vero
2390 4460 2533 4515 dicit
2562 4460 2828 4530 praefecto
2860 4458 3179 4511 monasterii
3220 4472 3234 4510 :
3278 4458 3423 4511 Deus

1834 4556 1885 4607 ei
1932 4553 2206 4606 condonet
2242 4552 2298 4606 id
2330 4552 2479 4620 quod
2532 4550 2663 4604 fecit
2712 4553 2767 4604 in
2811 4550 3079 4618 abjcctam
3132 4562 3309 4601 meam
3362 4549 3423 4600 fi-

1838 4642 1986 4695 liam.
2022 4642 2164 4696 Dicit
2195 4644 2245 4696 ei
2283 4641 2582 4711 prtefectus
2614 4639 2938 4695 monasterii
2987 4654 3001 4691 :
3037 4638 3419 4694 Pwnitentiani

1835 4752 1953 4807 age,
1997 4752 2030 4791 ο
2079 4736 2271 4790 frater.
2332 4735 2468 4789 Nam
2497 4738 2737 4805 peccasti
2774 4750 2958 4789 coram
3008 4732 3141 4789 Deo.
3179 4733 3283 4789 Sed
3334 4751 3422 4791 me

1834 4839 2054 4893 quoque
2084 4826 2191 4877 tuis
2216 4824 2400 4877 verbis
2425 4823 2718 4891 decepisti,
2742 4832 2796 4875 et
2820 4825 3042 4893 peccavi
3069 4841 3169 4891 ego
3195 4841 3414 4895 quoque

1836 4925 2058 4986 propter
2100 4926 2171 4970 te.
2208 4916 2348 4969 Ecce
2379 4916 2525 4968 enim
2560 4915 2802 4969 Marinus
2848 4933 3039 4971 revera
3077 4930 3161 4972 est
3192 4920 3409 4973 mulier.

1834 5009 1968 5063 Cum
1994 5007 2109 5061 1ηΡο
2141 5016 2324 5061 autem
2357 5009 2657 5062 audivisset
2688 5011 2978 5078 pra‘fcetus
3016 5012 3326 5075 diversorii,
3355 5023 3411 5066 et

1836 5100 2079 5173 prmfecti
2102 5099 2289 5153 verbis
2321 5100 2513 5154 fuisset
2535 5100 2973 5167 obstupefactus,
3001 5104 3199 5155 mansit
3222 5115 3408 5157 mutus

1835 5205 1890 5250 et
1937 5192 2229 5248 attonitus.
2268 5193 2404 5246 Eum
2454 5207 2585 5246 vero
2618 5207 2784 5247 manu
2815 5196 3231 5263 apprehendens
3266 5213 3407 5267 prrc-

1837 5288 2013 5343 fectus
2041 5288 2382 5348 monasterii,
2419 5286 2575 5340 duxit
2607 5302 2736 5341 eum
2767 5290 2818 5339 in
2850 5288 3053 5354 locum,
3090 5290 3142 5343 in
3175 5307 3283 5359 quo
3326 5293 3407 5359 ja-

1768 5364 1810 5416 ί)
1842 5381 2000 5435 cebat
2032 5380 2191 5432 beata
2217 5380 2382 5432 Maria
2422 5396 2436 5433 :
2470 5388 2525 5432 et
2563 5394 2687 5433 cum
2720 5394 2838 5432 eam
2869 5380 3098 5435 honeste
3125 5390 3180 5435 et
3209 5382 3409 5437 decore

130 5471 361 5527 locasset
391 5489 461 5527 ac
497 5472 936 5538 Composuisset.
966 5473 1015 5525 ci
1066 5470 1307 5525 ostendit
1343 5473 1513 5540 ipsum
1558 5488 1679 5526 esse
1719 5488 1852 5527 sexu
1889 5475 2171 5533 feminam,
2212 5483 2267 5526 et
2298 5488 2417 5526 eam
2464 5472 2631 5526 fuisse
2666 5480 2869 5526 temere
2906 5473 3210 5530 maledictis
3242 5490 3407 5543 appe-

132 5580 303 5622 titam.
340 5568 510 5622 'l'uuc
550 5567 728 5633 capit
766 5566 1059 5623 diversorii
1108 5584 1327 5637 quoque
1381 5570 1670 5637 praefectus
1721 5570 1925 5623 deﬂere
1968 5577 2195 5637 proiiter
2240 5569 2584 5637 inopinatum
2628 5570 2695 5623 ab
2740 5586 2805 5622 eo
2844 5569 3019 5621 visum
3053 5570 3403 5629 miraculum.

135 5664 257 5718 l’ost
285 5665 405 5719 lianc
429 5672 629 5717 autem
657 5663 805 5732 justa
837 5663 1091 5719 fecerunt
1141 5666 1347 5719 sanctis
1378 5674 1432 5718 et
1463 5664 1793 5718 venerandis
1830 5665 1950 5733 ejus
1988 5664 2257 5731 reliquiis,
2290 5673 2344 5717 et
2390 5664 2764 5752 deposuerunt
2798 5664 2848 5715 in
2890 5663 3083 5733 insigni
3120 5663 3239 5717 loco
3286 5679 3404 5715 lim-

135 5763 377 5826 naSterii,
411 5774 548 5815 cum
589 5760 820 5827 psalmis
851 5771 906 5813 et
946 5760 1163 5830 hymnis
1196 5770 1251 5814 ct
1288 5761 1474 5814 multis
1523 5761 1849 5825 luminibus,
1882 5771 2079 5813 octavo
2108 5760 2311 5812 mensis
2358 5758 2661 5817 Februarii.
2697 5759 2890 5812 Statim
2922 5774 3050 5813 vero
3093 5760 3244 5813 venit
3293 5758 3404 5813 tilia

136 5860 375 5926 praefecti
423 5857 736 5913 diversorii
771 5873 801 5911 a
845 5857 1093 5914 daemone
1132 5867 1403 5930 correpta,
1439 5867 1496 5913 et
1546 5863 1822 5920 confitens
1863 5871 2077 5915 omnem
2122 5856 2427 5923 veritatem,
2469 5865 2525 5911 ct
2562 5856 2751 5910 dicens
2784 5872 2797 5909 :
2837 5855 2981 5909 Talis
3016 5855 3171 5909 miles
3205 5870 3288 5908 me.
3324 5855 3406 5908 fc-
