4180 6482
779 422 890 484 355
2089 418 2375 477 MENSIS

2461 419 2712 479 ULlUS.
3931 423 4030 486 356

786 530 940 592 fellit.
976 539 1030 585 et
1056 527 1349 601 persuasit,
1397 537 1456 582 ut
1501 526 1637 580 falso
1678 541 1992 582 accusarem
2025 526 2167 581 hanc
2212 528 2450 581 beatam.
2496 528 2701 581 Deinde
2732 542 2855 581 cum
2889 525 3386 597 apprOpinquasset
3425 529 3604 583 loculo
3648 529 3848 594 beatae,
3899 548 4039 601 prmo

783 625 927 680 fecto
958 634 1010 679 et
1056 625 1319 678 fratribus
1354 626 1679 693 rogantibus
1710 631 1912 676 sancta:
1940 623 2277 676 venerandas
2310 623 2593 690 reliquias,
2628 623 2879 690 protinus
2916 623 3030 692 ipsa
3071 622 3205 675 hora
3249 621 3353 676 fuit
3398 635 3582 679 curata
3621 632 3677 679 et
3715 626 3981 681 mundata
4007 645 4034 681 a

781 725 1053 779 (immune.
1088 723 1243 776 Tunc
1268 737 1391 777 eum
1417 721 1692 775 vidissent
1718 723 2067 785 miraculum,
2099 720 2246 790 quod
2283 731 2403 774 erat
2443 732 2640 789 praeter
2671 721 3008 789 opinionem,
3066 721 3362 778 laudarunt
3392 734 3584 773 omnes
3612 720 3950 775 clementem
3983 733 4039 774 et

785 817 1080 885 benignum
1114 816 1278 868 Deum
1314 824 1538 881 propter
1593 815 1807 882 signum
1841 814 1983 881 quod
2021 812 2222 865 factum
2251 812 2450 871 fuerat.
2494 820 2549 864 et
2583 822 2802 880 propter
2844 811 3156 880 patientiam
3184 823 3241 868 et
3277 811 3621 866 tolerantiam
3652 811 3852 871 beatae.
3888 815 4029 885 quod

785 909 1116 978 perstitisset
1147 924 1320 977 usque
1353 911 1418 962 ad
1445 917 1700 967 mortem,
1738 922 1844 959 non
1874 907 2128 974 aperiens
2149 920 2205 958 se
2237 920 2357 958 esse
2405 904 2715 964 mulierem,
2749 913 2974 972 propter
3011 920 3236 972 regnum
3275 905 3561 958 caelorum.
3594 904 3654 956 Et
3690 919 3792 1004 nos
3820 919 3972 1004 ergo,
4003 922 4034 958 ο

783 1001 984 1054 fratres
1015 1003 1219 1066 dilecti,
1251 1003 1574 1056 mmulemur
1603 1001 1724 1068 ejus
1750 999 2156 1057 fortitudinem.
2181 1000 2546 1051 constantiam
2582 1007 2636 1050 et
2656 998 3026 1060 tolerantiam,
3053 1008 3113 1048 ut
3141 997 3488 1050 inveniamus
3520 995 3963 1099 misericordiam
3984 1005 4037 1099 et

785 1097 1017 1161 gratiam
1059 1096 1111 1146 in
1160 1095 1344 1147 futuro
1386 1096 1608 1157 smeuln,
1641 1110 1667 1145 a
1710 1109 1907 1161 magno
1951 1094 2061 1145 Deo
2093 1103 2147 1144 et
2178 1091 2459 1145 Salvatore
2504 1101 2692 1144 nostro
2722 1091 2844 1144 Jesu
2891 1089 3136 1153 Christo,
3168 1089 3257 1142 cui
3287 1091 3458 1158 gloria
3504 1097 3561 1142 et
3603 1089 3851 1158 potentia
3877 1080 4030 1142 simuI

785 1202 910 1242 cum
941 1189 1097 1242 Patre
1125 1197 1181 1240 et
1210 1187 1418 1255 Spiritu
1444 1196 1635 1240 sancto
1667 1202 1814 1239 nunc
1848 1193 1902 1239 et
1932 1199 2150 1252 semper
2182 1192 2236 1238 et
2268 1185 2321 1236 in
2357 1185 2552 1238 saecula
2592 1184 2948 1238 seculorum.
2993 1184 3190 1237 Amen.

3264 1359 3570 1384 _———-——-—"‘
3305 1353 4006 1385 “xm

800 1358 3700 1390 “mm

1246 1542 1731 1631 ΑΘΛΗΣΙΣ
1809 1540 2036 1628 ΤΟΥ
2114 1541 2454 1626 ΑΓΙΟΥ
2530 1538 3578 1626 ΜΕΓΑΛΟΜΑΡΤΥΡΟΣ

1950 1737 2895 1875 ΜΑΥΡΙΚΙΟΥ

1637 1975 1758 2029 ΚΑΙ
1801 1974 1938 2028 ΤΩΝ
1982 1976 2508 2031 ΕΒΔΟΜΗΚΟΝΪΑ
2550 1979 2890 2034 ΜΔΘΗΤΩΝ
2929 1980 3182 2035 ΑΥΤΟΥ.

2364 2157 2436 2172 ..α

1116 2299 1845 2389 MARTYBIUM
1925 2303 2341 2392 SANCTI
2427 2306 2576 2392 ET
2653 2303 3028 2392 MAGNI
3112 2302 3728 2393 MARTYRIS

1974 2517 2848 2680 MAURICII

1618 2786 1722 2844 ET
1767 2785 2324 2847 SEPTUAGINTA
2375 2787 2556 2848 EJUS
2601 2789 3218 2850 DISCIPULORUM.

792 2948 992 3014 (Latine
1017 2951 1141 3012 apud
1168 2947 1364 3000 Surium
1388 2948 1446 2997 ad
1483 2949 1615 3000 diem
1635 2949 1848 3010 l8Julii;
1877 2950 2041 2999 Graeca
2066 2961 2193 2998 nunc
2208 2950 2417 3011 primum
2442 2951 2691 3013 prodeunt
2713 2964 2774 3001 ex
2807 2952 2912 2999 cod.
2951 2966 3038 3006 ms,
3069 2949 3221 3000 Paris.
3252 2967 3299 3003 η.
3319 2953 3457 3011 15η,
3476 2966 3588 3004 sae.
3617 2968 3662 3002 ι.
3696 2955 3836 3008 Eon.
3857 2957 4026 3010 Pun.)

862 3261 900 3315 1.
959 3261 1253 3329 Martyrum
1311 3256 1575 3312 memoria
1621 3267 1706 3313 est
1753 3261 1996 3315 ostensio
2036 3261 2257 3331 pietatis
2306 3263 2406 3336 in,

2537 3264 2612 3321 A'.
2646 3265 2956 3336 Μαρτύρων
3013 3269 3199 3338 μνήμῃ
3238 3268 3514 3335 φιλοθιῒας
3563 3273 3911 3343 καθέστηκεν
3958 3275 4036 3328 ἐν·

793 3353 961 3407 Deum
992 3363 1046 3406 et
1079 3353 1273 3405 mentis
1296 3367 1414 3420 quae
1447 3361 1665 3406 tenetur
1694 3369 1879 3408 amore
1903 3357 2204 3425 sapientiae,
2233 3374 2356 3411 cum

793 3445 900 3498 Deo
948 3444 1262 3512 eonjunctio
1308 3461 1320 3494 :
1365 3444 1605 3496 materia
1639 3448 1946 3501 commistio
2007 3465 2131 3501 cum
2195 3451 2360 3503 rebus

789 3535 1109 3604 expertibus
1165 3534 1404 3587 materia:
1431 3544 1483 3588 et
1516 3551 1616 3603 pax
1646 3537 2090 3604 impatibilitatis,
2130 3556 2249 3609 quae
2273 3557 2360 3595 re-

787 3619 962 3674 frenat
985 3621 1149 3673 animi
1180 3622 1634 3688 perturbationes.
1662 3623 1795 3686 Quis
1823 3627 1967 3678 enim
1991 3630 2358 3683 venerandum

786 3722 842 3768 et
864 3712 1111 3766 divinum
1138 3727 1327 3763 eorum
1357 3722 1633 3766 Certamen
1662 3718 1859 3771 mentis
1893 3719 2111 3773 intuens
2166 3725 2356 3786 oculis,

787 3817 895 3856 non
922 3801 1027 3854 erit
1057 3813 1302 3856 remotus
1332 3817 1360 3856 a
1396 3819 1558 3860 carne
1583 3816 1639 3860 et
1668 3823 1696 3859 a
1729 3809 1953 3872 mundo,
1976 3815 2356 3869 eoneulcatam

792 3893 1101 3961 intelligens
1157 3910 1347 3948 eorum
1383 3912 1602 3949 carnem
1643 3910 1868 3966 propter
1916 3917 2067 3954 suam
2103 3906 2155 3956 in
2189 3906 2358 3957 Deum

786 3987 1092 4055 pietatem?
1150 3986 1268 4038 Non
1306 3988 1452 4038 enim
1495 4002 1623 4040 caro
1654 3989 1736 4044 his
1785 3996 2142 4063 concupiscit,
2185 4012 2362 4066 neque

789 4076 969 4144 pulvis
1029 4083 1184 4128 terra
1243 4077 1476 4130 rebellat
1525 4089 1713 4135 contra
1752 4083 1846 4138 Dei
1884 4086 2195 4158 imaginem.
2253 4091 2358 4146 Sed

791 4166 1066 4236 sapienter
1100 4165 1406 4222 ducebatur
1462 4171 1517 4226 id
1558 4175 1701 4239 quod
1738 4186 1823 4229 est
1858 4177 2120 4244 deterius,
2160 4185 2360 4253 guber-

787 4268 971 4311 natum
1001 4261 1067 4310 ab
1099 4274 1165 4312 eo
1197 4262 1339 4328 quod
1363 4271 1445 4315 est
1473 4267 1838 4331 praestantius,
1865 4279 1916 4323 et
1949 4270 2155 4327 habens
2204 4292 2356 4331 men-

789 4358 896 4402 tem
926 4365 1047 4417 qum
1066 4349 1334 4403 dimoveri
1363 4366 1468 4405 non
1497 4363 1706 4422 poterat
1731 4375 1758 4411 a
1791 4372 1930 4416 meta
1961 4366 2192 4419 emlesti.
2229 4369 2360 4422 Tale

789 4450 1064 4493 certamen
1107 4441 1403 4510 aliquando
1440 4447 1771 4515 pr0ponitur
1797 4455 2139 4523 septuaginta
2167 4468 2361 4528 marty-

790 4530 964 4592 ribus,
996 4547 1229 4601 quorum
1271 4536 1570 4602 pretiosum
1603 4547 1658 4592 et
1685 4540 1891 4595 Christi
1924 4555 2198 4601 amantem
2225 4564 2354 4602 sau-

2464 3359 2628 3425 δειξις
2655 3365 2747 3410 καὶ
2779 3361 3074 3426 φιλοσόφου
3103 3361 3344 3420 διανοίας
3401 3363 3536 3430 πρὸς
3588 3364 3723 3416 Θεὸν
3779 3369 4034 3422 κοινωνία

2466 3449 2597 3517 ὕλης
2634 3449 2881 3515 ἐπιμιξία
2916 3449 3047 3516 προς
3085 3453 3184 3517 τὴν
3222 3449 3385 3502 ἄῦλον
3415 3451 3565 3522 λῆξιν
3595 3455 3870 3522 ἀπαθείας
3897 3462 4036 3532 εἰρή-

2465 3561 2528 3609 νη
2566 3541 2890 3611 χαλινούσης
2937 3542 3004 3593 τὰ
3040 3541 3185 3611 πάοη
3235 3545 3507 3611 οὐρανίων
3558 3553 3895 3620 πνευμάτων
3948 3559 4036 3606 καὶ

2463 3635 2666 3701 γηῖιων
2720 3634 2985 3702 σωμάτων
3041 3635 3418 3704 σπενδομένων
3477 3639 3726 3708 ἀλληλοις
3756 3659 3768 3673 ν
3818 3646 3902 3708 τίς
3932 3650 4036 3716 γὰρ

2461 3728 2640 3780 αὐτῶν
2665 3727 2752 3778 τὸν
2783 3726 2970 3792 ἀγῶνα
3016 3729 3130 3786 τοῖς
3158 3731 3370 3794 νοητοῖς
3433 3730 3705 3798 θεώμενος
3739 3734 4035 3807 ὀφθαλμοῖς

2463 3820 2564 3869 οὐκ
2595 3816 2700 3885 ἔξω
2733 3820 2935 3885 σαρκὸς
2981 3818 3074 3867 καὶ
3115 3819 3319 3884 κόσμου
3360 3821 3648 3888 γενήσεται
3686 3831 4038 3898 πατουμένην

2463 3907 2560 3974 τὴν
2591 3907 2766 3972 σάρκα
2813 3906 3075 3972 Θεοφιλῶς
3139 3909 3461 3974 κατανοῶνς
3515 3910 3591 3965 Οὐ
3625 3913 3732 3984 γὰρ
3761 3917 3974 3981 τούτοις
4004 3924 4036 3992 ἢ

2466 3996 2602 4067 σὰρξ
2626 3996 2917 4066 ἐπεθύμει,
2953 3999 3072 4051 οὐδὲ
3104 4000 3132 4051 ὁ
3164 3999 3289 4068 χοῦς
3315 4000 3416 4070 τῆς
3447 4007 3550 4073 γῆς
3572 4011 3711 4059 κατὰ
3743 4009 3845 4079 τῆς
3892 4011 4038 4074 θείας

2461 4093 2669 4151 εἰκόνος
2703 4092 3096 4160 ἐτραχηλίαζεν
3131 4110 3141 4122 ο
3179 4093 3293 4146 ἀλλ’
3321 4096 3484 4165 ἦγετο
3532 4099 3711 4167 σοφῶς
3759 4107 3820 4154 τὸ
3861 4108 4037 4174 χείρον

2464 4182 2567 4234 ὑπὸ
2597 4181 2689 4234 τοῦ
2721 4185 3027 4249 κρείττονος
3061 4184 3501 4257 κυὸερνώμενυν,
3535 4190 3730 4260 ἀκλινῆ
3765 4195 3860 4246 τὸν
3894 4197 4037 4263 λογιο

2462 4274 2599 4339 σμὺν
2633 4275 2725 4328 ἐπὶ
2751 4275 2847 4345 τὴν
2870 4278 3120 4344 οὐράνιον
3145 4279 3348 4331 νύσσαν
3379 4282 3719 4349 κεκτημένον
3745 4301 3756 4313 ·
3791 4289 4036 4350 τοιοῦτος

2462 4360 2624 4426 ἆθλος
2646 4383 2774 4417 ποτε
2803 4371 2896 4418 καὶ
2919 4370 3031 4429 τοῖς
3056 4367 3430 4439 ἑϐδομήκοντα
3457 4373 3876 4443 προχειρίζεται
3904 4382 4038 4451 μάρσ

2463 4471 2638 4517 τυσιν,
2670 4450 2745 4510 ὧν
2773 4459 2833 4510 τὸ
2865 4459 3212 4532 φιλόχριστον
3241 4459 3382 4534 αἷμα
3413 4468 3446 4536 ἡ
3469 4469 3578 4519 τῶν
3618 4471 3923 4540 Ἀπαμέων
3952 4450 4038 4528 δέ·

2462 4548 2672 4618 ξαμένη
2736 4553 3068 4621 μητρόπολις
3126 4555 3323 4607 Θυσίαν
3375 4559 3537 4624 ἁγίαν
3594 4563 3688 4613 καὶ
3735 4565 4037 4634 εὐάρεστον

788 4623 1030 4690 guinem,
1059 4622 1480 4690 Apameensium
1519 4630 1798 4698 excipiens
1838 4635 2054 4700 civitas,
2106 4650 2355 4694 sanctum
2394 4644 2406 4694 Ι

2461 4643 2738 4711 ἀνέπεμψε
2775 4647 2851 4711 τῷ
2881 4646 3024 4710 Θεῷ.
3063 4648 3184 4697 ἀντὶ
3246 4622 3432 4715 μύρου
3475 4649 3776 4719 πολυτίμου
3832 4622 3895 4711 τὸ
3926 4660 4034 4713 πᾶν

789 4717 844 4760 et
879 4709 987 4761 Deo
1018 4722 1232 4778 gratum
1269 4715 1453 4766 emisit
1479 4718 1832 4784 sacrificium,
1870 4737 1969 4789 pro
1993 4727 2232 4792 pretioso
2256 4745 2357 4782 un-

789 4811 991 4869 guento
1024 4811 1193 4857 totum
1256 4821 1453 4874 corpus
1483 4806 1709 4875 Christi,
1739 4827 1936 4884 nempe
1976 4827 2216 4874 sanctam
2250 4821 2352 4876 Ec-

787 4892 1028 4958 clesiam,
1073 4894 1125 4948 in
1160 4899 1352 4949 eOrum
1383 4899 1648 4968 sanguine
1682 4903 1973 4973 inungens.

859 4987 926 5041 11.
969 4991 1320 5044 Maximianus
1342 4994 1487 5046 enim
1514 4996 1568 5047 in
1602 4997 1794 5062 primis
1832 5001 2032 5070 impius
2062 5012 2116 5056 et
2142 5004 2362 5073 iniquus

789 5080 1104 5148 imperator,
1165 5087 1486 5153 quamlibet,
1537 5093 1893 5156 quantumvis
1919 5109 2191 5164 magnam,
2226 5113 2352 5149 eru-

787 5170 1066 5226 delitatem
1102 5176 1444 5230 contendens
1489 5194 1771 5248 superare,
1813 5186 2361 5242 studebatutomnes

786 5262 879 5329 qui
909 5263 1139 5333 subjecti
1167 5269 1458 5338 erantejus
1483 5268 1730 5337 imperio,
1763 5272 2029 5328 offerrent
2067 5293 2356 5333 exsecran-

787 5353 873 5406 dis
911 5364 964 5409 et
993 5357 1291 5413 immundis
1332 5361 1680 5415 simulacris:
1725 5374 1782 5418 ut
1813 5382 1912 5435 per
1941 5383 2129 5422 eorum
2162 5371 2359 5426 adora-

788 5446 988 5499 tioncm
1031 5459 1086 5502 et
1128 5451 1355 5506 deorum
1402 5455 1494 5522 qui
1558 5452 1695 5507 falso
1755 5461 2107 5514 nominantur
2164 5461 2352 5517 falsam

789 5539 1134 5609 religionem,
1177 5559 1276 5598 suo
1314 5543 1541 5613 imperio
1575 5547 1886 5616 acquireret
1947 5553 2260 5620 prtesidium
2302 5566 2357 5610 et

787 5631 1265 5698 magnificentiam.
1303 5634 1438 5689 Cum
1494 5635 1596 5689 hoc
1627 5653 1758 5708 ergo
1821 5639 2000 5696 facere
2053 5646 2354 5708 statuisset.

788 5718 904 5787 ipse
960 5723 1198 5791 seipsum
1240 5726 1306 5779 ad
1345 5727 1446 5782 hoe
1476 5727 1727 5782 sedulum
1767 5739 1825 5784 et
1855 5732 2183 5791 industrium
2227 5753 2358 5792 con-

789 5811 970 5866 stituit
996 5814 1330 5869 ministrum.
1392 5818 1507 5871 Non
1556 5819 1702 5872 enim
1768 5823 2070 5880 sustinebat
2115 5828 2359 5899 jubendo

2462 4733 2621 4801 σῶμα
2660 4733 2756 4786 τοῦ
2813 4734 3054 4805 Χριστοῦ
3110 4737 3209 4808 τὴν
3261 4739 3425 4808 ἁγίαν
3472 4740 3809 4813 Ἐκκλησίαν
3863 4751 3922 4800 ὲν
3960 4751 4034 4818 τῷ

2458 4824 2650 4892 αἵματι
2677 4823 2882 4878 τούτων
2921 4827 3223 4898 μυρίσασα.

2527 5006 2600 5058 Β’.
2646 5005 2991 5074 Μαξιμιανὺς
3045 5009 3175 5078 γὰρ,
3230 5010 3256 5059 ὁ
3287 5009 3716 5075 δυσσεϐέστατος
3750 5015 4030 5085 βασιλεὺς,

2459 5098 2638 5148 πᾶσαν
2679 5096 2964 5164 ὠμότητος
3001 5099 3309 5170 ¹ὅτιερόολὴν
3354 5105 3510 5172 νικᾷν
3555 5104 4030 5178 φιλοτιμούμενος,

2453 5187 2581 5254 ὃλην
2611 5188 2708 5255 τὴν
2737 5189 2828 5239 ὑπ’
2856 5191 3019 5242 αὑτὸν
3069 5191 3347 5247 πολιτείαν
3373 5198 3484 5256 τοῖς
3507 5197 3846 5271 ἀκαθάρτοις
3874 5223 4031 5276 προσ-

2454 5283 2641 5350 φέρειν
2688 5282 2984 5348 ἐσπούδαζε
3038 5284 3314 5354 δαίμοσιν,
3373 5288 3448 5349 ὼς
3506 5289 3572 5340 ἂν
3603 5290 3768 5360 δῆθεν
3813 5295 3906 5349 διὰ
3937 5301 4028 5366 τῆς

2453 5374 2882 5442 προσκυνήσεως
2909 5377 3003 5443 τῆς
3031 5377 3138 5426 τῶν
3167 5377 3536 5447 ψευδωνύμων
3560 5380 3698 5435 θεῶν
3727 5383 4026 5454 θρησκείας

2461 5465 2709 5534 φυλακήν
2741 5483 2799 5518 τε
2827 5467 2921 5519 καὶ
2955 5469 3428 5540 μεγαλοπρέπειαν
3450 5475 3515 5542 τῇ
3561 5475 3740 5546 οἰκείᾳ
3781 5478 4026 5551 βασιλεέᾳ

2462 5559 2895 5628 περιποιήσοιτο.
2951 5559 3144 5612 Τοίνυν
3174 5563 3346 5613 ποιεῖν
3378 5562 3678 5633 δοκιμάσας
3711 5571 3879 5634 αὐτὸς
3906 5575 4027 5626 ἑαυ-

2461 5646 2550 5698 τὸν
2581 5649 2656 5710 εἰς
2703 5648 2859 5701 τοῦτο
2890 5652 3174 5704 σπουδαῖον
3226 5651 3538 5722 λειτουργὸν
3575 5662 3982 5728 προχειρίζεται
4008 5677 4019 5690 ·

2462 5739 2523 5790 οὑ
2559 5741 2663 5809 γὰρ
2691 5741 2933 5810 ἦνείχετο
2977 5743 3063 5796 διὰ
3103 5743 3402 5807 κελεύσιως
3433 5746 3686 5815 γράφειν,
3729 5750 3806 5813 ὠς
3844 5755 3894 5805 οἱ
3925 5755 4020 5822 πρὸ

2467 5829 2632 5882 αὑτοῦ
2667 5830 2924 5899 βασιλεῖς,
2964 5837 3072 5895 τοῖς
3103 5835 3241 5887 κατὰ
3271 5835 3453 5906 χώραν
3484 5839 3708 5910 ἄρχουσι
3747 5843 3846 5914 τῆς
3889 5848 4023 5900 stam.
