4180 6486
200 398 307 460 351

1210 400 1381 459 VlTA
1427 401 1529 462 SS.
1577 402 1945 465 MAURICII
1978 405 2073 464 ET
2115 404 2528 468 SOCIOBUM.

3365 421 3469 485 358

196 513 542 582 λολατρείας
575 514 883 582 φροντίζειν
919 529 929 540 ·
958 514 1090 569 ἀλλά
1120 515 1330 578 ἀόκνως
1388 517 1551 580 αὐτὸς
1586 517 1685 589 τὴν
1715 520 1764 572 οί

1870 579 1871 588 χ
1903 521 2144 574 scribere
2167 521 2232 574 ad
2259 522 2507 577 locorum
2546 525 2829 593 praesides,
2874 536 2932 582 ut
2971 528 3331 599 imperatores
3371 537 3466 602 qui

193 607 496 676 κουμένην
535 608 871 677 περιήρχετο
907 607 1186 677 ὑπηρέτης
1244 607 1370 673 ὀξὺς
1416 609 1527 662 τῶν
1592 610 1792 680 βωμῶν

192 699 309 750 τῶν
338 699 631 767 δαιμόνων
661 701 961 768 γινόμενος,
983 699 1217 762 ἐλπίζων
1239 701 1324 753 διὰ
1356 701 1452 769 τῆς
1491 704 1792 772 παρουσίας

189 790 370 843 αὐτοῦ
395 795 502 845 καὶ
527 793 651 854 τοὺς
676 793 1016 854 ἀποστάντας
1041 791 1138 860 τῆς
1163 793 1592 862 δεισιδαιμονίας
1624 796 1788 849 αὑτοῦ

188 885 288 934 καὶ
355 886 508 954 πρὸς
563 884 659 954 τὴν
715 885 917 951 γνῶσιν
973 884 1076 952 τῆς
1127 885 1389 954 ἀληθείας
1419 886 1514 937 τοῦ
1547 888 1787 956 Χριστοῦ

187 980 730 1046 προσφοιτήσαντας
760 977 1137 1046 αὐτομολῆσαι
1170 981 1617 1046 παρασκευάζειν
1652 981 1787 1050 πρὸς

184 1069 289 1133 τὴν
341 1067 574 1137 πλάνην
629 1069 734 1121 τῶν
763 1069 1092 1140 ἀκαθάρτων
1139 1070 1304 1123 αὐτοῦ
1342 1073 1434 1122 καὶ
1477 1070 1785 1138 βδελυκτῶν

183 1154 353 1211 θεῶν.
386 1159 555 1211 Μετά
587 1162 840 1229 τοιαύτης
860 1156 952 1213 οῦν
976 1161 1200 1232 γνώμης
1230 1164 1324 1232 τὴν
1365 1163 1584 1234 Ῥώμην
1615 1182 1785 1218 κατα-

181 1246 368 1302 λιπὼν
405 1253 758 1322 Μαξιμιανδς
780 1255 809 1306 δ
837 1255 1264 1317 δυσσεϐέστατος
1289 1255 1552 1326 τύραννος
1577 1259 1669 1309 καί
1696 1257 1783 1310 διὰ

179 1341 296 1394 τῶν
335 1346 690 1398 ἀνατολικῶν
726 1348 914 1416 μερῶν
961 1350 1059 1418 τὴν
1088 1349 1379 1419 ὁδοπορίαν
1435 1352 1778 1417 ποιούμενος,

179 1436 556 1507 κατήντησεν
582 1440 659 1499 εἰς
697 1439 1005 1506 ’Δπάμειαν
1037 1438 1133 1511 τὴν
1175 1443 1510 1510 μητρόπολιν
1534 1443 1633 1511 τῆς
1661 1444 1782 1496 δευ-

177 1529 354 1594 τέρας
411 1529 530 1580 τῶν
571 1529 759 1599 Σύρων
809 1531 1095 1600 ἐπαρχίας,
1157 1532 1287 1585 ἔνθα
1329 1534 1439 1586 τῶν
1471 1536 1701 1588 εἰδώλων
1734 1543 1781 1591 οἱ

179 1621 358 1688 ἱερεῖς
393 1622 799 1685 προσελθόντες
830 1624 978 1694 αὐτῷ
1009 1628 1353 1696 κατηγόρουν
1381 1629 1490 1679 τῶν
1520 1629 1780 1698 Χριστια-

176 1715 291 1763 νῶν
316 1715 588 1781 λέγοντες
613 1732 626 1745 °
665 1714 734 1768 Ὠ
760 1717 1002 1770 Θειὸτατε
1029 1718 1270 1788 βασιλεῦ,
1304 1722 1620 1789 παρρησίαν
1648 1722 1780 1790 ἡμῖν

178 1807 326 1874 πρὸς
356 1808 471 1875 τὴν
500 1809 786 1860 εὐσέϐειαν
821 1810 929 1861 τῶν
964 1811 1102 1863 Θεῶν
1134 1813 1539 1882 δωρησαμένων
1578 1815 1778 1882 ἀναφέ-

1901 627 2024 666 eum
2053 623 2467 681 praecesserant,
2531 628 2591 670 ut
2623 618 2890 672 idolorum
2942 622 3123 677 cultus
3157 641 3344 680 curam
3373 643 3482 697 gc--

1901 715 2123 770 rerent;
2155 709 2249 758 sed
2278 710 2389 775 ipse
2421 710 2647 778 impigre
2671 722 2726 765 et
2749 713 3038 781 diligenter
3060 716 3247 771 obibat
3271 722 3462 777 orbem

1901 806 2079 860 terra,
2106 798 2336 852 elTectus
2371 799 2524 853 velox
2557 803 2807 856 minister
2845 805 3096 860 altarium
3130 809 3462 876 daemonum,

1897 905 2122 958 sperans
2157 891 2340 945 infelix
2383 909 2477 960 per
2509 911 2665 948 suum
2700 899 2992 952 adventum
3029 917 3085 954 se
3117 904 3463 970 effecturum,

1897 990 1954 1033 ut
1987 983 2078 1049 qui
2116 983 2429 1036 defecerant
2463 986 2531 1037 ah
2594 990 2712 1057 ejus
2751 994 3163 1058 superstitione,
3194 1006 3249 1050 et
3279 1015 3467 1052 acers-

1893 1084 2080 1126 serant
2113 1073 2178 1126 ad
2219 1076 2690 1142 veritatisChristi
2726 1084 3116 1149 cognitionem,
3157 1091 3466 1159 transfuge-

1893 1174 2015 1218 rent
2038 1166 2104 1218 ad
2135 1181 2378 1220 errorem
2408 1185 2627 1223 SllOl'lllll
2655 1176 3058 1229 immundorum
3088 1189 3143 1231 et
3172 1185 3470 1235 εχςοει-θὴ-

1891 1249 2084 1304 dorum
2110 1254 2358 1308 deorum.
2385 1256 2498 1310 Tali
2529 1276 2657 1329 ergo
2680 1263 2862 1315 animo
2896 1265 3121 1319 Romam
3150 1270 3464 1340 relinquens

1890 1340 2250 1399 Maximianus
2287 1347 2490 1415 impius
2520 1360 2802 1420 tyrannus,
2842 1367 2895 1409 et
2928 1373 3024 1426 per
3056 1359 3301 1414 Orientis
3333 1379 3459 1430 par-

1893 1444 1970 1488 tes
2001 1439 2104 1488 iter
2137 1437 2360 1503 faciens,
2393 1447 2643 1508 pcrvenit
2665 1448 2980 1514 Apameam,
3005 1468 3125 1520 qua:
3148 1467 3230 1507 est
3257 1466 3464 1512 metro-

1890 1527 2029 1596 polis
2067 1531 2321 1585 seeunda:
2384 1536 2678 1602 provinciae
2734 1541 3017 1610 Syrorum.
3079 1545 3197 1609 Quo
3253 1549 3308 1601 in
3344 1551 3464 1604 loco

1889 1619 2160 1675 idolorum
2224 1628 2540 1680 sacerdotes
2569 1630 2635 1683 ad
2666 1647 2791 1685 eum
2825 1635 3168 1700 accedentes,
3234 1655 3461 1694 accusa-

1891 1708 2027 1763 bant
2083 1713 2446 1778 Christianos,
2489 1719 2737 1776 dicentes
2769 1729 2819 1778 ei
2862 1743 2876 1779 :
2911 1726 2954 1782 Ο
2982 1727 3324 1785 divinissime
3355 1732 3462 1786 im-

1888 1812 2129 1869 perator,
2149 1819 2273 1857 eum
2292 1807 2366 1860 dii
2401 1810 2562 1864 nobis
2584 1813 2837 1871 dederint
2861 1818 3118 1888 loquendi
3146 1822 3458 1877 libertatem

177 1911 356 1963 ρομεν
401 1899 506 1948 ἰπὶ
560 1899 621 1950 τὸ
664 1901 935 1969 ἀήττητόν
998 1917 1094 1954 σου
1129 1907 1356 1973 κράτος,
1393 1906 1477 1963 ὅτι
1509 1907 1618 1959 τῶν
1651 1923 1764 1976 παρ

1888 1892 2029 1959 apud
2060 1901 2206 1948 tuam
2261 1898 2541 1966 pietatem,
2580 1903 2882 1960 deferimus
2915 1910 2984 1963 ad
3016 1920 3162 1964 tuam
3197 1913 3456 1967 invictam

175 1989 312 2056 ἡμῖν
342 1989 594 2051 ἕκαστος
627 1992 762 2060 μετά
792 1991 958 2060 φόϐου
991 1996 1084 2046 καὶ
1115 1993 1280 2047 πόθου
1316 1996 1442 2057 τοὺς
1488 1999 1778 2067 πατρῴους

175 2095 274 2131 σου
309 2083 463 2150 τιμᾷ
489 2081 672 2143 θεοὺς,
702 2084 940 2151 μάλιστα
972 2085 1027 2136 δὲ
1054 2086 1146 2137 τὸν
1173 2088 1272 2139 Δία
1299 2089 1389 2139 τὸν
1417 2089 1628 2158 πατέρα
1668 2088 1776 2141 τῶν

174 2169 322 2223 θεῶν
358 2176 466 2224 καὶ
515 2177 609 2225 τὸν
652 2175 964 2228 Ἀπόλλωνα
996 2178 1086 2229 τὸν
1125 2177 1432 2247 θαυμάσιον
1476 2182 1601 2242 τοὺς
1635 2181 1776 2250 ὑπὲρ

172 2263 305 2325 τοὺς
349 2263 562 2325 ἄλλους
590 2264 742 2326 Θεοὺς
773 2267 1013 2329 συνετῶς
1051 2270 1424 2337 φυλάττοντας
1469 2288 1528 2323 τε
1560 2272 1654 2325 καὶ
1682 2289 1778 2324 πε-

176 2356 628 2422 ριποιουμένους
683 2357 781 2427 τὴν
844 2359 1122 2428 βασιλείαν
1190 2361 1289 2430 τῆς
1355 2362 1605 2426 ἐξουσίας
1655 2381 1772 2419 σου.

175 2445 513 2516 Μαυρίκιος
546 2447 605 2500 δὲ
642 2452 735 2502 καὶ
773 2451 823 2501 οί
882 2452 980 2504 σὺν
1012 2453 1161 2521 αὐτῷ
1195 2455 1568 2523 ἐϐδομήκοντα
1603 2473 1765 2525 στραο

171 2537 375 2588 τιῶται
411 2537 516 2590 τοῦ
581 2541 814 2608 κράτους
866 2557 982 2606 σου,
1033 2543 1095 2592 ἐκ
1158 2543 1266 2594 τῶν
1330 2543 1435 2595 σῶν
1465 2544 1772 2607 ὐῷωοέντες

173 2625 402 2695 δωρεῶν
443 2630 543 2680 καὶ
570 2635 667 2689 τὰς
709 2631 1029 2699 φιλοτίμους
1058 2649 1174 2698 σου,
1210 2637 1638 2705 καρπωσάμενοι
1669 2637 1771 2706 χά-

177 2735 364 2788 ριτας,
392 2717 738 2787 ἀτιμάζουσι
777 2739 901 2785 τους
934 2724 1090 2787 Θεοῦς
1120 2726 1218 2779 καὶ
1256 2730 1398 2781 κατά
1443 2729 1539 2798 τῆς
1564 2731 1769 2802 ἀηττή-

171 2825 268 2861 του
323 2827 426 2862 σου
493 2816 930 2882 τετυραννὴκασι
987 2819 1288 2886 βασιλείας,
1337 2825 1401 2890 τῇ
1441 2822 1616 2895 πλάνῃ
1646 2841 1769 2877 συν-

172 2905 536 2972 απαγόμενοι
561 2905 670 2957 τῶν
699 2906 1009 2975 λεγομένων
1044 2911 1412 2978 Χριστιανῶν.

243 3080 318 3134 Γ.
361 3080 564 3134 Ταῦτα
603 3082 840 3145 ἀκούσας
887 3084 915 3135 6
944 3084 1207 3154 τύραννος
1258 3087 1605 3157 Μαξιμιανδς
1647 3089 1768 3142 ἐϐυ-

168 3175 326 3242 μὼοη
364 3177 433 3242 τῇ
461 3172 633 3242 ψυχῇ,
653 3177 857 3237 καὶτὰς
886 3181 1084 3245 φρένας
1110 3179 1398 3247 ἠλλοιώθη,
1422 3183 1511 3230 καὶ
1533 3183 1766 3249 τὴνδιά-

160 3283 313 3318 νοιαν
351 3267 504 3334 ὑπὲρ
554 3268 782 3336 κάμινον
814 3268 1099 3340 ἑξεκαυθη,
1140 3270 1432 3340 ἐξαιρέτως
1468 3270 1760 3342 διδαχθείς

156 3359 237 3412 ὅτι
273 3362 332 3411 ἐν
373 3362 506 3424 ταῖς
531 3360 694 3412 αὑτοῦ
740 3366 1049 3431 στρατείαις
1087 3363 1363 3426 τοιούτους
1400 3367 1761 3434 στρατιώτας

155 3453 457 3522 ὑπάρχειν.
501 3454 612 3505 Καὶ
635 3453 697 3522 δη
736 3457 947 3523 ἡμέραν
970 3457 1311 3524 ἐπιτηρησας
1339 3459 1625 3524 ἐπίσημον
1660 3459 1763 3512 καί

153 3546 319 3598 τόπον
364 3546 685 3612 ἐπιτήδειον
715 3547 967 3614 εὑρηκὼς
997 3547 1132 3617 πρὸς
1160 3549 1400 3615 θεωρίαν
1425 3549 1522 3599 τοῦ
1552 3551 1763 3619 δήμου,

165 3638 335 3707 μέσον
388 3636 508 3686 τῶν
558 3634 826 3704 ἀρκτῴων
868 3635 1054 3688 πυλῶν
1092 3637 1190 3708 τῆς
1226 3637 1522 3707 Ἀπαμέων
1563 3655 1770 3709 μητρο-

163 3730 373 3793 πόλεως
402 3729 663 3791 Γιτνείας
723 3728 1027 3798 ’Λμαξικῆς
1072 3729 1398 3801 λεγομένης,
1443 3734 1667 3785 κάκεῖσε
1710 3733 1768 3787 τὸ

163 3821 533 3893 δικαστήριον
580 3821 1010 3892 εὐτρεπισθῆναι
1053 3823 1341 3886 κελεύσας,
1373 3824 1604 3893 ἀχθῆναι
1639 3830 1766 3890 τοὺς

162 3916 452 3983 ἀοιδίμους
493 3913 800 3983 προσέταξε
838 3920 1150 3984 μάρτυρας.
1191 3912 1313 3983 Ἐφ’
1349 3916 1556 3986 ὑψηλοῦ
1587 3935 1766 3974 τοινυν

167 4007 418 4076 βήματος
453 4007 556 4061 τοῦ
585 4008 1027 4063 δυσσεϐεστάτου
1061 4014 1332 4081 τυράννου
1380 4014 1764 4082 καθεσθέντος,

164 4102 348 4174 πάσης
378 4103 488 4171 τῆς
523 4102 736 4164 πόλεως
772 4112 868 4155 και
908 4105 1086 4173 πάσης
1131 4106 1350 4176 ἡλικίας
1391 4107 1468 4168 εὶς
1504 4108 1603 4174 τὴν
1642 4110 1768 4160 τού-

169 4211 277 4248 των
306 4197 563 4266 Θεωρίαν
601 4195 1038 4267 συνδραμούσης,
1068 4197 1139 4257 ῶς
1169 4199 1305 4265 μηδὲ
1331 4199 1437 4250 τῶν
1464 4199 1770 4268 θαλαμευο-

166 4288 347 4355 μένων
403 4286 706 4356 παρθένων
754 4287 1229 4354 καταλειφοεισῶν
1276 4289 1334 4341 ἐν
1381 4293 1492 4351 τοῖς
1536 4291 1762 4354 οἰκείοις

162 4382 572 4449 καταγωγίοις,
610 4374 744 4446 ἦγον
783 4381 833 4430 οι
880 4377 1173 4450 δορυφόροι
1218 4384 1344 4443 τοὺς
1385 4382 1762 4452 ἐϐδομήκοντα

162 4474 517 4544 στρατιώτας
548 4470 646 4522 τοῦ
672 4470 934 4539 Χριστοῦ,
964 4471 1054 4532 οὓς
1083 4472 1421 4541 θεασάμενος
1445 4476 1472 4526 ὁ
1503 4475 1761 4544 βασιλεὺς

1881 1983 2206 2049 potentiam,
2231 1990 2376 2055 quod
2417 1998 2795 2065 unusquisque
2819 2014 3008 2052 eorum
3033 2003 3124 2070 qui
3158 2012 3285 2057 sunt
3313 2006 3455 2074 apud

1880 2087 2005 2136 nos,
2040 2091 2162 2130 cum
2199 2081 2397 2137 timore
2430 2098 2486 2139 et
2518 2087 2795 2144 desiderio
2826 2092 3055 2148 honorat
3089 2100 3356 2152 maximos
3404 2111 3459 2154 et

1878 2166 2084 2231 patrios
2113 2168 2283 2225 deos:
2319 2177 2552 2231 maxime
2586 2190 2768 2234 autem
2802 2184 2990 2238 Jovem
3058 2197 3270 2254 patrem
3317 2191 3450 2243 deo-

1880 2270 2024 2317 rum.
2056 2269 2111 2312 et
2137 2260 2445 2331 Apollinem
2484 2269 2888 2338 admirabilem,
2914 2276 3008 2343 qui
3033 2288 3164 2330 sunt
3197 2281 3316 2335 aliis
3345 2282 3451 2337 diis

1877 2353 2216 2419 superiores,
2254 2369 2310 2410 et
2343 2358 2632 2430 imperium
2671 2374 2774 2419 tum
2809 2375 3090 2434 potestatis
3132 2373 3287 2426 valde
3313 2389 3452 2429 con-

1878 2456 2100 2500 servant
2135 2459 2189 2503 et
2234 2459 2478 2506 tuentur.
2518 2456 2814 2513 Mauricius
2869 2471 3052 2515 autem
3087 2472 3142 2516 et
3196 2467 3288 2534 qui
3324 2478 3455 2524 sunt

1876 2549 1999 2588 cum
2038 2553 2104 2592 eo
2135 2545 2478 2613 septuaginta
2523 2543 2726 2604 milites
2763 2561 2869 2606 tuas
2892 2559 3178 2622 potentiae,
3207 2559 3450 2614 inaltum

1873 2630 2001 2680 elati
2040 2631 2343 2689 honoribus
2377 2639 2484 2691 tuis
2514 2651 2570 2693 et
2612 2645 2956 2709 muneribus,
2993 2657 3047 2700 et
3075 2650 3168 2716 qui
3223 2652 3357 2704 ditia
3399 2660 3455 2706 et

1874 2722 2161 2792 magniﬁca
2204 2726 2345 2781 dona
2395 2745 2461 2783 ex
2496 2740 2546 2787 te
2615 2749 2997 2804 perceperunt,
3036 2740 3170 2794 deos
3242 2742 3454 2797 habent

1873 2821 2238 2889 contemptui,
2295 2834 2352 2878 et
2412 2825 2676 2880 adversus
2719 2844 2973 2898 magnum
3037 2840 3188 2886 tuum
3233 2843 3290 2887 et
3319 2836 3460 2889 invi—

1872 2918 2019 2961 ctum
2073 2915 2362 2981 imperium
2410 2929 2670 2973 exercent
2699 2923 3068 2990 tyrannidem,
3105 2926 3328 2982 abducti
3384 2928 3454 2981 ab

1871 3012 2059 3054 errore
2085 3003 2550 3062 Christianorum.

1943 3094 2030 3150 lli.
2056 3096 2180 3152 Haec
2209 3115 2341 3170 ergo
2370 3117 2493 3156 cum
2530 3104 2768 3159 audisset
2798 3107 3118 3177 tyrannicus
3144 3110 3449 3179 imperator

1875 3188 2252 3257 Maximianus,
2283 3195 2468 3248 animo
2495 3198 2650 3252 valde
2675 3200 2782 3251 fuit
2820 3202 3016 3264 iratus,
3043 3212 3095 3255 et
3131 3208 3453 3272 praecordiis

1871 3281 2154 3346 incensus,
2186 3296 2242 3337 et
2273 3291 2454 3340 mente
2493 3293 2664 3358 magis
2687 3293 2821 3344 arsit
2867 3311 3028 3360 quain
3058 3296 3248 3350 fornax
3276 3318 3284 3348 :
3317 3316 3454 3367 pra:-

1867 3371 2026 3442 cipue
2058 3390 2181 3429 cum
2238 3379 2564 3448 accepisset,
2596 3383 2739 3451 quod
2799 3385 2851 3437 in
2884 3400 2984 3438 suo
3015 3389 3256 3441 exercitu
3309 3393 3447 3446 tales

1867 3476 2052 3521 essent
2075 3470 2300 3526 milites.
2335 3472 2548 3528 Etcum
2582 3476 2725 3530 diem
2775 3478 3122 3534 observasset
3149 3481 3444 3551 insignem,

1867 3569 1926 3612 et
1950 3560 2128 3617 locum
2164 3564 2675 3635 invenissetaptum
2716 3571 2780 3623 ad
2825 3575 3010 3639 populi
3047 3578 3448 3644 spectaculum,

1870 3650 1924 3702 in
1983 3653 2161 3705 medio
2196 3666 2476 3722 portarum
2545 3663 3060 3728 septentrionalium
3129 3670 3452 3738 metropolis

1869 3747 2317 3818 Apcmeensinm,
2352 3767 2474 3822 quae
2525 3755 2727 3809 dicitur
2779 3759 2989 3813 Vicinia
3048 3763 3328 3825 Amaxica,
3396 3775 3452 3816 et

1865 3844 2118 3914 jussisset
2157 3846 2268 3900 illic
2295 3847 2472 3913 parari
2532 3849 2823 3917 judicium,
2845 3852 3009 3919 jussit
3037 3854 3161 3906 duci
3215 3852 3450 3924 inelytos

1869 3948 2159 4006 martyres.
2201 3936 2334 3992 Cum
2362 3939 2414 3991 in
2450 3939 2560 3993 alto
2608 3949 2792 3994 autem
2834 3942 3095 3996 tribunali
3131 3944 3331 4012 impius
3363 3955 3445 4000 Se-

1867 4027 2039 4081 disset
2102 4038 2364 4096 tyrannus
2446 4029 2827 4094 Maximianus,
2888 4038 3260 4088 concurrisset
3317 4053 3451 4090 vero

1869 4120 2126 4172 universa
2162 4120 2359 4174 civitas
2389 4129 2444 4173 et
2475 4122 2656 4176 omnis
2693 4135 2826 4178 mtas
2856 4124 2924 4177 ad
2969 4141 3066 4179 eos
3097 4131 3449 4194 spectandos,

1867 4213 2002 4264 adeo
2042 4221 2101 4265 ut
2136 4228 2239 4266 nec
2265 4214 2515 4282 virgines
2540 4216 2788 4283 quidem,
2821 4233 2945 4285 quas
2985 4218 3193 4287 degunt
3235 4221 3288 4271 in
3323 4222 3444 4273 tha-

1865 4303 2045 4363 lamis.
2100 4306 2472 4358 remanserint
2508 4309 2561 4359 in
2605 4310 2724 4362 suis
2762 4310 3112 4370 habitaculis,
3167 4311 3449 4367 duxerunt

1863 4397 2131 4450 satellites
2180 4398 2528 4467 septuaginta
2587 4397 2799 4455 Christi
2860 4401 3090 4455 milites.
3146 4401 3296 4468 Quos
3326 4419 3451 4458 cum

1865 4489 2166 4554 aspexisset
2217 4491 2540 4556 imperator,
2584 4491 2726 4543 dixit
2759 4506 2951 4545 eorum
2995 4491 3122 4545 duci
3153 4511 3163 4544 :
3199 4493 3308 4548 Nos
3331 4510 3452 4563 spe-

160 4567 294 4635 πρδς
326 4566 425 4617 τὸν
453 4562 674 4618 τούτων
704 4560 932 4633 ἔξαρχον
961 4560 1115 4616 εἶπεν
1135 4580 1149 4594 ⁶
1199 4563 1391 4632 Ἡμεῖς
1434 4567 1753 4636 ἐλπίζομεν,

1870 4579 2136 4642 rabamus,
2167 4593 2199 4632 ο
2228 4579 2482 4643 Maurici,
2537 4582 2684 4649 quod
2725 4583 2926 4635 nostris
2983 4583 3227 4636 fruentes
3261 4585 3446 4648 donis,

159 4651 200 4711 ὦ
228 4657 545 4727 Μαυρίκιε,
574 4654 651 4717 ὡς
674 4656 782 4706 τῶν
814 4657 1099 4727 ἡμετέρων
1123 4656 1490 4719 ἀπολαύοντες
1509 4658 1751 4728 δωρεῶν,

158 4752 250 4802 καὶ
283 4751 557 4819 βασιλικῇ
583 4750 756 4815 τροφῇ
785 4747 1226 4816 ἐναϐρυνόμενοι,
1251 4751 1347 4800 καὶ
1377 4749 1484 4800 τῶν
1512 4767 1752 4820 κοσμου-

159 4837 336 4906 μένων
371 4839 435 4889 tv
459 4835 742 4901 ἀξιώμασι
771 4834 839 4886 τά
874 4839 1120 4903 πρωτεῖα
1153 4836 1288 4907 παρ’
1317 4837 1473 4906 ήμῶν
1513 4841 1748 4909 εὐτυχή-

156 4946 344 4991 σαντες
371 4931 662 4997 κατίχνως
695 4928 787 4995 τῆς
813 4929 1088 4997 ἡμετέρας
1123 4929 1407 4983 ἰθύνεσθαι
1440 4933 1747 5003 γαληνότη-

151 5039 256 5086 τος,
283 5026 380 5075 καὶ
408 5023 540 5083 τους
575 5019 984 5089 ἐπιχειροῦντας
1003 5024 1100 5090 τῆς
1123 5023 1398 5094 ἡμετέρας
1424 5025 1746 5095 Θεοφευλοῦς

152 5114 458 5184 θρησκείας
502 5111 823 5180 ἀ....πηδᾷν
858 5112 1121 5181 πράξεσιν
1153 5116 1433 5182 ἀνδρείαις
1471 5123 1566 5171 καὶ
1594 5120 1738 5173 διδα-

151 5193 822 5269 σκαλίαις’παντοδαπαίς
858 5206 937 5265 εἰς
986 5205 1046 5256 τὸ
1073 5205 1228 5272 ὑγιὲς
1258 5208 1642 5278 ἐπιστρέφεται
1683 5212 1743 5264 τὸ

147 5317 241 5370 οσρ
275 5299 717 5372 θεραπεύοντες,
753 5299 846 5348 καὶ
876 5297 937 5348 τὸ
966 5297 1178 5366 χωλοῦν
1216 5299 1613 5370 διορθούμενοι,
1647 5304 1741 5355 καὶ

147 5394 202 5444 τὸ
254 5391 543 5460 πολεμοῦν
593 5387 997 5458 εἰρηνεύοντες,
1064 5392 1158 5443 καὶ
1204 5395 1485 5462 συντόμως
1537 5396 1736 5461 εἰπεῖν,

148 5485 291 5539 ἅπαν
322 5485 384 5538 τὸ
427 5485 509 5553 μὴ
557 5486 705 5534 κατά
735 5482 826 5534 τὸν
857 5483 1132 5551 ἡμέτερον
1158 5487 1356 5536 σκοπὸν
1384 5487 1737 5556 πολιτευόμε-

148 5597 230 5633 νον
252 5580 326 5643 ὡς
351 5579 632 5646 πολέμιον
669 5576 1088 5637 ῦποτάττοντες.
1118 5576 1502 5644 Ἐδιδάχθημεν
1540 5579 1595 5633 δὲ
1628 5581 1736 5631 πᾶν

146 5674 202 5726 τὺ
250 5675 534 5736 ἐναντίον,
583 5669 660 5730 ὡς
717 5667 887 5732 ιοικε,
939 5673 1068 5739 περί
1100 5670 1290 5739 ὑμῶν·
1336 5671 1471 5739 πρὸς
1505 5666 1585 5732 οἷς
1626 5673 1736 5740 γάρ

147 5767 360 5833 ιτέρους
389 5767 455 5819 ὲκ
483 5765 595 5834 τῆς
626 5762 904 5834 ἡμετέρας
934 5763 1362 5831 δεισιδαιμονίας
1392 5765 1732 5832 ἀφηνιάσαν-

147 5874 236 5920 τας
271 5862 370 5912 οῦκ
417 5856 797 5930 ἐπετρέψατε,
838 5857 974 5910 ἀλλὰ
1025 5858 1118 5909 καὶ
1150 5858 1298 5910 αὐτοὶ
1352 5861 1398 5912 οί
1446 5861 1586 5910 κατά
1617 5860 1727 5916 τῶν

1862 4678 1918 4722 et
1946 4670 2208 4724 alimento
2235 4671 2423 4725 educti
2453 4673 2836 4742 imperatorio,
2867 4674 3184 4743 primosque
3207 4675 3450 4734 honores

1859 4769 1916 4813 et
1956 4760 2261 4831 dignitates
2290 4778 2319 4814 a
2358 4764 2521 4816 nobis
2552 4767 2860 4831 consecuti,
2896 4768 3223 4823 insisteretis
3275 4773 3442 4825 vesti-

1859 4851 1962 4919 giis
2000 4861 2197 4904 nostra:
2253 4854 2690 4921 tranquillitatis,
2733 4865 2788 4910 et
2820 4870 2916 4911 eos
2949 4857 3040 4926 qui
3096 4871 3440 4914 conarentur

1857 4945 2068 4998 resilire
2117 4961 2146 4999 a
2185 4955 2370 5000 nostra
2408 4952 2507 5001 deo
2537 4958 2686 5017 grata
2721 4951 2953 5020 legione,
2991 4952 3231 5008 fortibus
3275 4954 3437 5011 factis

1855 5048 1908 5091 et
1931 5054 2090 5091 omne
2111 5054 2282 5107 genus
2303 5040 2574 5096 doctrinis
2595 5047 2990 5098 converteretis
3014 5048 3080 5098 ad
3110 5048 3431 5112 sanitatem,

1854 5131 1999 5199 quod
2027 5143 2318 5202 :egmtaret
2345 5145 2621 5200 curantes,
2650 5146 2705 5189 et
2727 5135 2872 5204 quod
2903 5138 3432 5193 claudieareteorri-

1851 5235 2061 5294 gentes,
2123 5235 2177 5278 et
2209 5224 2353 5294 quod
2387 5227 2585 5282 bellum
2612 5238 2828 5297 gereret
2873 5229 3223 5297 paeilieantes
3248 5249 3262 5283 ;
3287 5243 3341 5284 et
3373 5241 3427 5284 ut

1852 5315 2020 5370 semel
2077 5316 2275 5381 dicam,
2327 5319 2553 5386 quiquid
2605 5336 2662 5373 se
2696 5336 2803 5372 non
2859 5335 2924 5373 ex
2968 5331 3155 5374 nostro
3203 5323 3425 5378 haberet

1851 5410 2126 5470 instituto.
2170 5412 2429 5477 tanquam
2464 5412 2747 5465 inimicum
2799 5421 2854 5466 et
2884 5413 3085 5467 hostile
3122 5415 3424 5484 subjicien-

1851 5509 1949 5552 tcs.
1989 5500 2093 5552 Sed
2151 5501 2216 5553 de
2246 5500 2420 5565 vobis,
2456 5513 2514 5555 ut
2560 5503 2799 5565 videtur,
2833 5503 3174 5556 contrarium
3208 5505 3425 5574 accepi-

1845 5603 1988 5641 mus.
2046 5589 2162 5642 Non
2216 5590 2391 5644 solum
2435 5593 2581 5646 enim
2625 5609 2729 5647 non
2785 5595 3135 5650 convenistis
3193 5609 3288 5648 eos
3327 5594 3422 5663 qui

1845 5680 2105 5733 adversus
2129 5691 2368 5735 nostram
2401 5684 2738 5737 rebellarunt
2765 5685 3104 5753 religionem.
3135 5687 3228 5739 sed
3253 5688 3418 5738 etiam

1847 5771 1945 5841 ipsi
1979 5772 2239 5826 adversus
2277 5773 2409 5828 deos
2464 5786 2684 5831 nostros
2731 5779 3134 5847 omnipotentes
3172 5779 3419 5848 tyranni-

1845 5867 1969 5921 dem
2011 5875 2350 5934 esercentes,
2383 5879 2437 5922 et
2463 5871 2555 5935 qui
2585 5872 2666 5923 cis
2707 5879 2834 5923 sunt
2865 5871 3148 5924 constituti
3181 5874 3417 5922 honores
