4180 6486
728 411 838 475 359

2042 401 2326 462 MENSIS
2368 403 2673 463 IULIUS.

3877 388 3981 450 360

723 537 781 581 et
798 523 1066 580 sacrificia
1092 523 1427 578 aclibamina
1448 519 1756 578 abolentes,
1780 515 1902 572 aliis
1920 517 2104 573 fuistis
2129 518 2301 572 duces

2434 520 2691 586 pers’pw‘a
2737 514 3202 584 παντοκρατόρων
3233 511 3370 564 θεῶν
3411 508 3855 581 τυραννήσαντες
3889 509 3986 559 καὶ

725 618 792 673 ad
821 617 1115 672 barathum
1167 616 1449 679 interitus,
1482 613 1527 667 si
1579 625 1704 665 vera
1737 617 1868 664 sunt
1903 624 2024 678 quae
2045 609 2113 664 de
2147 609 2305 663 vobis

725 710 793 764 ad
827 718 1045 763 nostras
1067 721 1230 761 aures
1263 710 1657 775 pervenerunt.

803 980 891 1035 IV.
927 978 1071 1032 Dixit
1102 985 1325 1032 sanctus
1348 975 1647 1030 Mauricius
1694 991 1708 1029 :
1752 975 2075 1043 Imperator,
2123 985 2244 1040 qua:
2278 984 2309 1022 a

730 1072 892 1128 nobis
917 1080 1210 1126 exercetur
1259 1070 1504 1142 tyrannis
1563 1069 1828 1123 adversus
1858 1067 2015 1126 deos,
2046 1064 2141 1133 qui
2183 1070 2312 1116 sunt

735 1164 884 1218 nullo
911 1178 1078 1216 sensu
1107 1162 1344 1232 praediti,
1374 1162 1535 1215 nobis
1588 1161 1823 1214 validam
1856 1157 2094 1226 acquirit
2140 1164 2311 1209 victo-

732 1255 867 1308 riam
910 1270 940 1309 a
987 1271 1117 1310 vero
1166 1257 1297 1317 Deo,
1344 1264 1400 1309 et
1435 1269 1699 1308 coronam
1759 1252 1962 1321 gloriae.
1999 1248 2117 1302 Non
2162 1250 2309 1302 enim

731 1363 1094 1418 aspernamur
1112 1358 1167 1402 et
1197 1348 1354 1401 nihili
1391 1346 1618 1401 facimus
1667 1345 1855 1407 Deum,
1884 1345 1979 1414 qui
2009 1357 2109 1397 nos
2132 1342 2310 1406 finxit,

735 1451 796 1494 ut
828 1443 994 1495 stulta
1053 1452 1138 1494 est
1170 1451 1261 1494 tua
1297 1439 1560 1493 traditio:
1601 1439 1696 1492 sed
1747 1436 2120 1508 gloriﬁcamus
2157 1450 2308 1499 eum,

733 1534 829 1605 qui
862 1544 947 1590 est
977 1535 1126 1589 solus
1155 1549 1320 1588 verus
1346 1535 1506 1596 Deus,
1525 1535 1619 1603 qui
1647 1533 1777 1587 fecit
1795 1533 1997 1586 coelum
2031 1540 2085 1584 et
2110 1540 2312 1583 terram

731 1636 792 1682 et
816 1643 988 1690 mare,
1022 1637 1079 1682 et
1107 1628 1292 1681 omnia
1330 1626 1425 1696 qui
1447 1627 1503 1679 in
1534 1627 1617 1680 eis
1634 1635 1784 1679 sunt.
1811 1624 2098 1692 Improbos
2127 1631 2313 1675 autem

733 1729 791 1774 et
823 1720 1141 1774 immundos
1181 1720 1459 1774 daemones
1509 1727 1563 1772 et
1592 1718 1685 1787 qui
1745 1717 2044 1770 homnibus
2076 1715 2316 1769 afferunt

736 1811 990 1874 exitium,
1017 1826 1139 1878 quae
1159 1821 1289 1864 sunt
1310 1809 1474 1864 surda
1501 1819 1556 1863 et
1575 1823 1716 1864 caeca
1748 1809 2066 1871 simulacra,
2089 1815 2144 1860 et
2162 1805 2313 1858 nullo

737 1919 902 1962 sensu
933 1904 1182 1973 praedita,
1204 1919 1312 1958 non
1350 1906 1610 1958 convenit
1627 1902 1760 1956 deos
1784 1916 2002 1963 vocare,
2020 1913 2054 1952 ο
2078 1898 2314 1967 impera-
2346 1881 2390 1940 Β

743 2006 849 2051 tor.
878 1997 1023 2051 Dixit
1057 1998 1355 2066 imperator
1378 1995 1745 2048 Maximianus
1769 2011 1784 2048 :
1812 1992 1950 2046 Cum
1985 1991 2250 2045 honorem
2287 2003 2318 2041 a

739 2091 850 2145 diis
879 2092 953 2144 sis
987 2101 1339 2154 consecutus,
1366 2098 1422 2143 et
1458 2089 1667 2142 militia:
1711 2088 1945 2156 primum
1986 2085 2166 2138 locum
2196 2098 2317 2136 sor-

746 2187 899 2247 titus,
925 2198 958 2238 o
985 2182 1232 2241 Maurici,
1265 2183 1347 2236 eis
1375 2181 1657 2252 pulchram
1687 2179 1858 2233 refers
1882 2180 2136 2249 gratiam.
2175 2178 2322 2231 Dixit

743 2286 969 2332 sanctus
1018 2275 1318 2332 Mauricius
1382 2293 1396 2330 :
1431 2275 1722 2344 Nunquam
1773 2274 2041 2327 honorem
2079 2272 2262 2338 accepi
2291 2285 2321 2322 a

741 2372 848 2425 diis
876 2370 1095 2433 vestris,
1144 2384 1327 2438 neque
1360 2370 1487 2422 volo
1541 2383 1638 2420 eos
1673 2367 1970 2419 honorare.
2013 2364 2148 2428 Quis
2173 2362 2323 2414 enim

743 2480 986 2534 unquam
1015 2479 1081 2518 ex
1115 2462 1456 2526 hominibus,
1481 2460 1573 2531 qui
1606 2459 1702 2514 Dei
1737 2457 1904 2513 habet
1930 2455 2322 2526 cOgnitionem,

743 2557 1072 2613 sustinuerit
1111 2555 1385 2610 honorare
1416 2553 1678 2608 materias
1736 2550 1890 2606 nullo
1923 2566 2086 2605 sensu
2124 2548 2324 2620 praedi-

747 2652 868 2706 tas?
906 2651 1013 2704 Sed
1047 2650 1249 2718 quibus
1295 2663 1404 2701 non
1435 2655 1517 2701 est
1573 2661 1746 2712 mens,
1776 2659 1898 2716 qua
1927 2644 2093 2698 rectis
2123 2642 2326 2713 guber-

747 2755 910 2800 natur
965 2742 1296 2804 rationibus,
1350 2749 1638 2811 prOpterea
1677 2741 1822 2810 quod
1854 2739 2124 2810 jumentis
2169 2750 2324 2791 com-

747 2839 922 2910 parati
947 2839 1056 2892 sint
1094 2835 1504 2904 insipientibus,
1543 2843 1598 2887 et
1640 2834 1852 2887 similes
1882 2833 2010 2886 facti
2042 2832 2153 2886 sint
2179 2830 2259 2883 eis
2286 2830 2325 2893 ι,

749 2934 786 2985 ii
813 2931 1025 3000 lapides
1049 2938 1104 2983 et
1134 2929 1277 2997 ligna
1306 2930 1360 2980 in
1387 2926 1521 2980 deos
1571 2925 1842 2988 referunt,
1875 2933 2228 2993 mentemque
2247 2922 2328 2977 eis

752 3023 1025 3083 tribuunt.
1069 3031 1125 3076 et
1158 3023 1429 3073 honorant
1466 3029 1725 3090 tanquam
1781 3018 1936 3073 deos.
1973 3017 2119 3071 Dixit
2156 3017 2329 3084 impe-

751 3125 902 3196 rator
940 3114 1303 3171 Maximianus
1338 3129 1352 3166 :
1383 3110 1656 3177 Quoniam
1711 3111 1917 3180 primas
1951 3119 2137 3179 partes
2181 3107 2330 3160 obti-

748 3211 918 3265 nuisti
984 3210 1038 3262 in
1105 3205 1397 3260 ordinibus
1471 3213 1671 3257 nostra!
1723 3201 2245 3262 administrationis.
2296 3212 2401 3298 οε

750 3301 998 3363 Maurici,
1034 3301 1086 3355 id
1131 3300 1230 3354 tibi
1275 3312 1527 3370 magnam
1575 3296 1811 3366 praebuit
1853 3294 2241 3350 confidentiam
2275 3302 2330 3346 et

751 3395 937 3451 effecit
955 3395 1304 3447 audaciorem
1326 3409 1341 3447 :
1363 3392 1504 3445 adeo
1526 3398 1586 3442 ut
1612 3387 1898 3456 splendide
1923 3395 1978 3440 et
2005 3386 2139 3440 citra
2162 3387 2329 3441 ullam

753 3488 1233 3546 conturbationem
1259 3483 1593 3556 respondeas
1613 3492 1813 3536 nostra:
1831 3481 2133 3535 serenitati.
2149 3480 2333 3533 lubet-

753 3600 882 3655 que,
906 3598 972 3638 eo
1001 3592 1271 3652 separato,
1309 3575 1922 3647 reliquosinlerrogari,
1955 3585 2010 3627 et
2036 3571 2229 3626 blande
2251 3571 2334 3627 eis

753 3677 892 3729 dicit
935 3675 1236 3742 imperator
1269 3691 1281 3725 :
1317 3672 1452 3736 Quis
1482 3666 1639 3722 vobis
1669 3675 1874 3721 tantam
1901 3665 2030 3720 fecit
2058 3663 2336 3734 iujuriam,

754 3783 788 3822 ο
819 3770 1035 3831 fratres,
1073 3775 1133 3819 ut
1162 3763 1470 3819 deficeretis
1501 3777 1528 3816 a
1559 3761 1667 3815 diis
1701 3758 2080 3812 servatoribus
2127 3773 2140 3808 ε
2186 3769 2342 3807 acce-

754 3861 960 3917 deretis
981 3870 1161 3915 autem
1183 3858 1358 3913 errori
1383 3856 1669 3908 hominum
1689 3852 1782 3923 qui
1807 3853 2040 3906 adorant
2061 3848 2339 3904 hominem

756 3957 1077 4011 crucifixum
1115 3963 1372 4022 tanquam
1397 3965 1564 4004 unum
1604 3945 1978 4002 homicidam?
2023 3943 2140 3995 Non
2183 3944 2330 3996 enim

757 4055 838 4112 sic
868 4067 964 4107 vos
991 4048 1315 4109 crudiimus,
1345 4059 1523 4114 neque
1551 4043 1604 4097 in
1635 4038 1726 4095 tali
1747 4038 1995 4093 doctrina
2019 4038 2329 4092 eduximus.

827 4148 890 4200 V.
924 4146 1080 4199 Tunc
1110 4156 1236 4194 vere
1269 4140 1412 4192 beati
1446 4136 1773 4190 Theodorus
1799 4143 1853 4186 et
1881 4134 2186 4203 Philippus,
2215 4141 2336 4186 tan-

757 4254 921 4311 quam
972 4252 1036 4291 ex
1067 4248 1165 4288 ore
1226 4239 1544 4284 sanctorum
1600 4225 1948 4296 septuaginta
2009 4235 2334 4294 martyrum,

760 4335 1018 4387 dixerunt
1073 4324 1434 4396 imperatori:
1495 4322 1624 4387 Nos,
1682 4338 1714 4375 o
1749 4331 1979 4391 tyranne
2038 4319 2340 4387 imperator

759 4422 1112 4481 Maximiane,
1143 4428 1355 4472 tantum
1389 4414 1653 4468 absumus
1686 4413 1753 4466 ab
1782 4427 1995 4474 errore,
2031 4419 2091 4463 ut
2126 4419 2176 4464 te
2199 4422 2340 4479 quo-

761 4532 869 4587 que
897 4525 1150 4585 optemus
1176 4509 1401 4565 liberari
1432 4509 1498 4562 ab
1547 4522 1759 4570 errore,
1790 4523 1816 4559 a
1850 4519 1958 4574 quo
1990 4519 2088 4556 nos
2123 4516 2342 4570 quoque

2409 615 2507 676 τὰς
2558 610 2959 681 νενομισμένας
3008 609 3193 670 αὐτοῖς
3227 604 3392 675 τιμάς
3432 621 3492 656 τε
3532 603 3628 657 καὶ
3658 601 3854 662 θυσίας
3890 602 3986 652 καὶ

2412 705 2647 766 σπονδὰς
2707 702 3093 770 ἀθετήσαντες,
3147 699 3332 769 ὁδηγοὶ
3386 696 3521 763 πρὸς
3541 684 3834 764 ’βάραθρον
3880 693 3986 744 ἀπ-

2409 800 2606 860 ωλείας
2632 797 2843 868 ἑτέροις
2872 795 3132 864 γεγόνατε
3155 807 3168 822 ⁸
3197 793 3344 862 ἥπερ
3367 788 3599 859 ἀληθείᾳ
3623 785 3892 856 κυροῦται
3922 783 3987 834 τὰ.

2412 892 2492 953 είς
2521 889 2799 961 ἡμετέρας
2825 887 2994 946 ἀκοὰς
3030 883 3153 938 καθ’
3180 885 3332 953 ὑμῶν
3361 885 3690 950 ἀφικόμενα.

2488 988 2559 1035 Δ⁹.
2597 980 2907 1050 Μαυρίκιος
2956 973 3148 1029 εἶπενο
3206 976 3270 1028 Ἦ
3321 973 3452 1044 παρ’
3502 971 3662 1041 ἡμῶν
3724 964 3990 1036 τυραννία

2413 1075 2555 1130 κατὰ
2591 1074 2702 1127 τῶν
2757 1071 3103 1138 ἀναισθήτων
3153 1086 3247 1123 σου
3305 1066 3467 1129 θεῶν,
3533 1061 3780 1134 βασιλεῦ,
3831 1058 3989 1127 νίκην

2412 1171 2546 1240 ἡμῖν
2583 1166 2813 1235 ἰσχυρὰν
2862 1164 3014 1232 παρὰ
3056 1162 3152 1216 τοῦ
3191 1158 3449 1228 ἀληθινοῦ
3484 1157 3620 1210 Θεοῦ
3662 1157 3758 1207 καὶ
3791 1153 3991 1219 στέφα-

2413 1280 2504 1317 νον
2538 1261 2695 1331 δόξης
2728 1256 3077 1327 περιτίθησιν
3098 1272 3112 1286 ο
3149 1254 3210 1307 οὑ
3247 1257 3355 1322 γὰρ
3385 1249 3688 1316 ἀθετοῦμεν
3726 1247 3822 1298 τὸν
3856 1244 3991 1296 πλά-

2417 1396 2434 1412 .
2510 1390 2526 1406 .
2611 1388 2626 1404 .
2708 1390 2721 1405 .
2804 1387 2821 1405 .
2900 1387 2916 1402 .
2995 1387 3010 1402 .
3086 1363 3156 1399 τα
3202 1346 3348 1414 ἡμᾶς
3379 1343 3512 1394 Θεὸν
3543 1339 3684 1393 κατὰ
3725 1337 3826 1406 τὴν
3867 1337 3990 1387 ἀνο-

2418 1493 2432 1507 .
2509 1489 2532 1509 .
2607 1491 2620 1505 .
2701 1485 2716 1501 .
2795 1487 2810 1502 .
2887 1439 3409 1515 παράδωσιν’ἀλλὰ
3456 1438 3514 1490 δο
3588 1473 3602 1488 .
3682 1472 3698 1488 .
3782 1469 3798 1487 .
3879 1467 3897 1485 .
3973 1467 3986 1484 .

2419 1543 2703 1612 (ξ)ἀζομεν
2729 1540 2824 1592 τὸν
2852 1537 3012 1607 μόνον
3041 1533 3293 1603 ἀληθινὸν
3324 1530 3459 1582 Θεὸν
3500 1567 3515 1582 .
3594 1567 3610 1582 .
3689 1565 3703 1580 .
3785 1563 3801 1577 .
3882 1563 3898 1578 .
3975 1560 3990 1574 .

2419 1638 2553 1707 (τὸν)
2586 1634 2894 1705 ποιήσαντα
2923 1628 3017 1681 τὸν
3048 1623 3280 1698 οὐρανὸν
3301 1626 3394 1677 καὶ
3419 1621 3517 1690 τὴν
3595 1657 3609 1672 .
3689 1655 3703 1670 .
3785 1654 3802 1669 .
3881 1650 3898 1666 .
3973 1645 3991 1665 .

2419 1728 2566 1801 (γῆν)
2608 1728 2704 1780 καὶ
2735 1725 2833 1796 τὴν
2862 1722 3167 1784 θάλασσαν,
3203 1718 3301 1770 καὶ
3342 1717 3523 1770 πάντα
3571 1710 3639 1764 τὰ
3679 1712 3737 1762 ὲν
3785 1708 3991 1765 αὐτοῖς.

2418 1796 2558 1881 τοῦς
2586 1817 2645 1871 δὲ
2676 1817 2940 1885 δαίμονας
2984 1812 3110 1874 τοὺς
3151 1809 3260 1863 τῶν
3291 1804 3600 1876 ἀνθρώπων
3630 1796 3996 1870 φθοροποιοῦς

2421 1913 2480 1964 οὗ
2515 1909 2714 1980 πρέπει
2749 1923 2830 1959 σοι
2862 1906 3047 1958 καλεῖν
3078 1901 3254 1965 θεοὺς.
3283 1893 3328 1954 ὦ
3359 1894 3600 1969 βασιλεῦ.
3653 1885 3996 1958 Μαξιμιανδς

2423 1979 2613 2057 εἶπενσ
2659 1997 2905 2067 Ἐπειδὴ,
2947 1998 3048 2064 τῆς
3105 1993 3214 2046 τῶν
3259 1991 3396 2044 θεῶν
3441 1984 3762 2044 ἀπολαύσας
3810 1979 3996 2048 τιμῆς.

2422 2096 2530 2151 τῶν
2580 2093 2868 2166 πρωτείων
2910 2091 3012 2159 τῆς
3057 2085 3345 2156 στρατείας
3395 2077 3658 2146 ὴξιώθης,
3700 2071 3996 2142 Μαυρίκιε,

2423 2185 2597 2256 καλὴν
2661 2185 2849 2244 αὐτοῖς
2899 2177 3167 2238 ἀποδίδως
3223 2175 3322 2243 τὴν
3380 2166 3638 2240 ἀμοιϐήν.
3693 2166 4002 2231 Μαυρικιος

2427 2254 2580 2331 εἶπεν
2607 2291 2621 2305 ⁸
2669 2275 2804 2327 Οὐδὲ
2854 2270 3020 2341 τιμὴν
3068 2268 3341 2336 ἐδεξάμην
3382 2263 3529 2332 παρὰ
3568 2258 3678 2312 τῶν
3717 2254 4002 2324 ὑμετέρων

2429 2370 2589 2430 θεῶν,
2645 2368 2764 2420 οὐδὲ
2819 2365 2983 2432 τιμᾷν
3032 2361 3228 2420 αὐτοὺς
3273 2358 3573 2426 βούλομαισ
3615 2350 3698 2412 τίς
3749 2347 3861 2414 γὰρ
3919 2345 4005 2396 ἀν-

2427 2465 2662 2537 θρώπων
2721 2459 2850 2514 ποτὲ
2889 2456 3089 2526 γνῶσιν
3136 2453 3274 2524 ἔχων
3326 2447 3461 2501 Θεοῦ
3502 2446 3600 2506 τὰς
3643 2440 4005 2508 ἀναισθήιους

2427 2531 2597 2628 τιμᾷν
2628 2553 2913 2616 ἁνέξοιτος
2955 2548 3070 2602 ἀλλ’
3100 2541 3182 2608 οἷς
3226 2544 3328 2612 οὐχ
3364 2540 3596 2609 ὑπάρχει
3651 2532 3798 2596 νοῦς,
3865 2531 4021 2628 λογ-ι-

2437 2621 2596 2719 σμοῖς
2627 2647 2811 2718 ὀρθοῖς
2842 2639 3260 2711 κυϐερνώμενος
3301 2636 3394 2688 διὰ
3433 2633 3493 2686 τὸ
3537 2621 4009 2700 παρασυμωηθῆ-

2431 2760 2521 2797 ναι
2551 2743 2665 2801 τοῖς
2710 2739 2934 2806 κτήνεσι
2973 2735 3086 2793 τοῖς
3129 2732 3380 2796 ἀνοήτοις
3415 2727 3506 2778 καὶ
3539 2721 3880 2791 ὁμοιωθῆναι
3923 2715 4008 2769 αὑ·

2433 2839 2542 2898 τοῖς
2569 2851 2581 2864 ’
2613 2827 2759 2886 οὗτοι
2803 2825 3146 2883 θεοποιοῦσιν
3183 2823 3296 2884 τοῖς
3333 2818 3502 2881 λίθοις
3550 2814 3647 2868 καὶ
3677 2816 3794 2875 τοῖς
3834 2809 4010 2874 ξύλοις

2430 2928 2767 2995 ἀπονέμουσι
2811 2921 3038 2991 γνώμην
3090 2917 3184 2970 καὶ
3227 2912 3462 2984 τιμῶσιν
3504 2908 3578 2974 ὼς
3631 2904 3811 2967 θεούς.
3847 2902 4012 2966 Μαξι-

2438 3020 2626 3092 μιανὸς
2686 3021 2713 3071 ό
2771 3013 3026 3084 βασιλεὺς
3075 3006 3262 3062 εἶπενο
3320 3008 3389 3058 'H
3425 3005 3532 3057 τῶν
3572 3001 3870 3073 πρωτείων
3919 2993 4010 3047 τοῦ

2436 3091 2704 3180 ῦμετέρου
2733 3108 3012 3175 τάγματος
3052 3102 3342 3170 διοίκησις,
3372 3095 3664 3168 Μαυρίκιε,
3699 3091 3910 3160 πολλήν
3936 3104 4014 3141 σοι

2438 3201 2754 3274 παρρησίαν
2798 3199 3072 3268 παρέσχε,
3120 3197 3213 3249 καὶ
3256 3191 3590 3263 θρασύτερον
3632 3185 4016 3255 ἀπειργάσατο

2438 3301 2515 3359 εἰς
2549 3297 2609 3346 τὸ
2637 3293 2903 3362 λαμπρῶς
2932 3293 3028 3341 καλ⁹
3057 3285 3500 3355 ἀκαταπλήκτως
3528 3279 3666 3350 πρδς
3696 3279 3798 3344 τὴν
3821 3275 4018 3346 ἡμετέ-

2442 3405 2544 3458 ραν
2585 3380 2981 3453 ἀποκρίνεσθαι
3025 3377 3396 3448 γαληνότητα,
3430 3375 3522 3426 καὶ
3571 3370 3807 3433 κελεῦει,
3850 3385 4018 3439 χωρι-

2442 3481 2662 3540 σθέντος
2705 3475 2896 3535 αὑτοῦ,
2936 3475 3061 3533 τοὺς
3107 3471 3328 3531 λοιποὺς
3374 3463 3699 3537 ἐρωτᾶσθαι.
3741 3462 3854 3514 Καί
3890 3477 4018 3527 φησι

2441 3575 2577 3646 πρὸς
2611 3571 2810 3633 αὐτοὺς
2841 3571 2867 3621 ό
2900 3565 3154 3638 βασιλεύς
3180 3581 3192 3594 ο
3231 3564 3329 3624 Τίς
3359 3558 3615 3614 τοσοῦτον
3651 3557 3797 3624 ὑμᾶς
3828 3555 4019 3622 ἠδίκη-

2439 3684 2552 3729 σεν,
2589 3663 2827 3731 ἀδελφοὶ,
2862 3662 2936 3723 ὡς
2974 3662 3035 3710 ἐκ
3075 3657 3184 3708 τῶν
3213 3654 3479 3722 σωτήρων
3525 3649 3836 3716 ἀποστῆναι
3861 3645 4016 3705 θεῶν,

2440 3755 2813 3825 προστεθῆναι
2843 3753 2899 3802 δὲ
2936 3746 3367 3820 παρασκευάσας
3400 3745 3464 3812 τῇ
3498 3741 3679 3810 πλάνῃ
3710 3737 3821 3789 τῶν
3855 3751 4022 3803 προσ-

2439 3847 2750 3901 κυνούντων
2792 3843 3081 3914 ἄνθρωπον
3115 3835 3499 3908 σταυρωθέντα
3529 3833 3602 3894 ὼς
3641 3831 3739 3884 ’ἐνα
3781 3830 3894 3881 τῶν
3933 3845 4024 3894 φοι

2439 3943 2610 4007 νέων;
2637 3941 2709 3992 Οὐ
2738 3941 2846 4007 γὰρ
2883 3935 3056 3998 οὕτως
3084 3935 3230 4004 ὑμᾶς
3259 3927 3662 3996 ὲπαιδεύσαμεν
3701 3924 3827 3977 οὐδὲ
3848 3921 4024 3975 τοιού·

2440 4052 2561 4095 ταις
2596 4031 2970 4090 διδασκαλίαις
3002 4027 3338 4096 ἐθρέψαμεν.

2513 4129 2592 4181 E'.
2624 4127 2759 4178 Τότε
2801 4122 3079 4190 Θεόδωρος
3109 4118 3200 4172 καὶ
3227 4116 3497 4175 Φίλιππος
3544 4110 3619 4171 ὡς
3657 4111 3721 4162 ἐκ
3756 4108 4026 4179 στόματος

2439 4224 2546 4277 τῶν
2580 4221 2754 4289 ἁγίων
2800 4216 3177 4285 ὲῦδομήκοντα
3232 4209 3527 4280 μαρτύρων
3565 4201 3754 4257 εἷπον⁶
3812 4203 4024 4270 Ἡμεῖς,

2441 4311 2486 4365 ὖ)
2529 4314 2761 4380 τύραννε
2806 4305 3144 4374 Μαξιμιανὲ,
3170 4301 3428 4354 τοσοῦτον
3464 4297 3670 4364 πλάνης
3718 4296 4023 4361 ἀπέχομεν,

2443 4407 2518 4470 ὡς
2557 4405 2652 4458 καὶ
2689 4405 2746 4456 σὲ
2773 4403 2866 4471 τῆς
2894 4399 3114 4468 ἀπάτης
3137 4395 3506 4463 οἰκτείρομεν,
3545 4384 3612 4460 ἦς
3641 4387 4030 4459 ἠλευθερώθη-

2450 4519 2551 4571 μεν
2608 4497 2699 4552 τὸν
2755 4495 2851 4547 ἕνα
2906 4493 2999 4546 καὶ
3062 4491 3224 4560 μόνον
3272 4486 3528 4556 ἀληθινὸν
3591 4480 4030 4553 προσκυνοῦντες

762 4611 967 4664 fuimus
1013 4607 1251 4670 liberati,
1289 4618 1459 4657 unum
1493 4611 1550 4656 et
1574 4602 1750 4655 solum
1799 4599 2093 4652 adorantes
2150 4610 2331 4649 verum

2448 4596 2602 4659 Θεὸν,
2635 4590 2854 4659 Πατέρα
2883 4583 3329 4652 παντοκράτορα,
3357 4581 3451 4630 καὶ
3493 4578 3584 4629 τὸν
3621 4575 3897 4645 μονογενῆ
3935 4573 4029 4624 αὖ·

765 4703 960 4766 Dcum,
997 4702 1206 4753 Patrem
1269 4697 1724 4763 omnipotentem,
1755 4703 1810 4747 et
1840 4692 2184 4762 unigenitum
2225 4691 2344 4760 ejus

767 4796 962 4850 Filium
1020 4793 1205 4848 Jesum
1267 4790 1547 4844 Christum
1606 4788 1898 4841 Dominum
1940 4795 2212 4846 nostrum,
2247 4784 2341 4853 qui

765 4899 850 4944 est
880 4888 970 4942 Dei
1014 4887 1190 4941 virtus
1223 4896 1276 4940 et
1330 4882 1422 4936 Dei
1451 4879 1722 4951 sapientia
1749 4881 1768 4910 '
1797 4898 1808 4931 :
1849 4891 1904 4933 et
1934 4877 2341 4932 sanctissimum

767 4982 887 5049 ejus
926 4980 1212 5048 Spiritum,
1236 4977 1329 5048 qui
1368 4976 1525 5030 nobis
1568 4972 1857 5043 inspiravit
1884 4972 2253 5040 cognitionem
2287 4978 2342 5022 et

769 5073 1208 5142 intelligentiam,
1264 5080 1322 5124 ut
1364 5071 1682 5122 confitearis
1714 5066 1933 5135 quidem
1997 5063 2344 5127 Trinitatem,

771 5180 892 5235 qua:
928 5175 1006 5217 est
1035 5165 1284 5236 ejusdem
1318 5161 1572 5215 essentia:
1602 5175 1616 5214 :
1651 5156 1990 5211 abomineris
2026 5164 2208 5207 autem
2242 5153 2346 5204 im-

774 5259 1029 5311 mundam
1056 5267 1199 5309 tuam
1222 5255 1540 5325 religionem
1574 5273 1586 5306 :
1621 5252 1834 5307 ethanc
1867 5250 2084 5318 quidem
2103 5246 2347 5315 abjicias,

773 5365 895 5419 quin
950 5361 1031 5402 est
1091 5349 1156 5402 ad
1195 5358 1432 5414 tempus.
1474 5345 1765 5399 militiam:
1803 5345 1915 5396 Deo
1945 5357 2074 5394 vero
2126 5341 2349 5403 milites,

775 5441 864 5513 qui
898 5451 982 5494 est
1043 5441 1155 5493 Rex
1187 5440 1549 5495 exercituum.
1591 5435 1734 5489 Dixit
1782 5433 2143 5486 Maximianus
2177 5433 2349 5499 impe-

779 5546 924 5585 rator
958 5551 970 5585 :
1007 5531 1200 5594 Video,
1229 5547 1261 5582 ο
1317 5528 1590 5596 Philippe.
1649 5533 1699 5578 te
1731 5533 2068 5576 senectutem
2121 5519 2345 5588 quidem

779 5623 982 5680 habere
1040 5621 1397 5677 reverendam
1431 5639 1443 5679 ;
1478 5616 1841 5686 intelligentia
1893 5623 2074 5665 autem
2115 5612 2345 5662 multum

780 5717 1310 5787 cedercjuvcnibus.
1347 5710 1590 5780 Coniuge
1617 5723 1744 5779 ergo
1778 5705 1842 5760 ad
1880 5704 2032 5772 deos,
2067 5712 2126 5758 et
2156 5703 2228 5756 sis
2251 5703 2345 5756 bo-

859 5883 870 5910 '
911 5877 1055 5935 Psal.
1092 5894 1286 5932 vain.
1368 5874 1386 5904 '
1427 5871 1441 5924 l
1475 5874 1602 5925 Cor.
1637 5885 1674 5922 ι.

2448 4686 2543 4738 τοῦ
2587 4684 2711 4735 Υίδν
2755 4680 2963 4748 Ἰησοῦν
3008 4674 3245 4746 Χριστὸν
3283 4674 3374 4727 τὸν
3411 4671 3615 4738 Κύριον
3650 4667 3835 4736 ἡμῶν,
3876 4666 4029 4724 Θεῑιν,

2447 4779 2680 4846 δύναμιν
2709 4774 2801 4827 καὶ
2826 4771 2958 4826 Θεοῦ
2996 4770 3189 4840 σοφίαν
3218 4767 3558 4834 ὑπάρχοντα,
3592 4760 3772 4814 καὶτὸ
3807 4759 4031 4829 Πνεῦμα

2453 4867 2618 4921 αὑτοῦ
2646 4866 2707 4918 τὸ
2738 4867 3007 4931 πανάγιον
3058 4861 3116 4913 τὸ
3161 4856 3477 4927 ἐμπνεῦσαν
3514 4854 3647 4922 ἡμῖν
3679 4850 3891 4918 γνῶσιν
3941 4852 4034 4903 καὶ

2455 4960 2674 5013 σύνεσιν
2699 4973 2712 4987 °
2739 4956 3023 5024 ὁμολογεῖν
3053 4953 3152 5028 μὲν
3185 4947 3388 5017 Τριαδα
3411 4944 3721 5014 όμοούσιον,
3754 4941 4035 5009 βδελύττεο

2453 5055 2575 5108 σθαι
2599 5053 2654 5104 δὲ
2680 5051 2779 5116 τὴν
2814 5044 3124 5112 ἀκάθαρτόν
3173 5058 3263 5092 σου
3294 5039 3592 5111 θρησκείαν
3625 5051 3634 5064 ⁸
3663 5035 3757 5086 καὶ
3807 5033 3909 5105 τὴν
3942 5033 4035 5103 μὲν

2451 5146 2792 5215 πρόσκαιρον
2826 5138 3030 5205 ταύτην
3085 5131 3491 5187 ἀποϐάλλεσθαι
3521 5127 3851 5198 θρησκείαν,
3878 5143 4036 5194 στρα-

2451 5236 2705 5291 τεύεσθαι
2756 5233 2813 5287 δὲ
2870 5229 2948 5300 τῷ
2998 5228 3117 5298 Θεῷ
3170 5227 3250 5296 τῷ
3310 5223 3522 5295 βασιλεί
3570 5219 3678 5271 τῶν
3724 5219 4035 5288 δυνάμεων.

2452 5329 2795 5398 Μαξιμιανὸς
2842 5327 2868 5378 ὁ
2907 5323 3162 5394 βασιλεὺς
3211 5317 3400 5371 εἶπεν·
3442 5312 3633 5367 Βλέπω
3660 5327 3743 5375 σε,
3773 5311 4035 5370 Φίλιππε,

2459 5425 2638 5492 γῆρας
2677 5419 2776 5488 μὲν
2817 5417 3097 5484 αἰδέσιμον
3134 5410 3349 5481 ἔχοντα,
3394 5407 3610 5460 σύνεσιν
3653 5403 3709 5457 δὲ
3757 5405 3898 5457 πολὺ
3936 5401 4038 5453 τῶν

2460 5517 2597 5568 νέων
2627 5510 2950 5578 λειπόμενον
2972 5522 2983 5536 ο
3012 5501 3386 5574 αῦτομόλησον
3429 5495 3521 5551 οὖν
3571 5497 3709 5566 πρὸς
3737 5497 3864 5559 τοὺς
3889 5495 4038 5552 θεοὺς

2463 5607 2558 5660 καὶ
2585 5603 2745 5672 γενοῦ
2783 5600 3086 5670 σύμϐουλος
3116 5598 3321 5665 ἀγαθὸς
3362 5595 3472 5656 τοῖς
3499 5592 3707 5651 λοιποῖς
3745 5605 3842 5641 σου
3878 5602 4039 5654 στραο

2461 5703 2682 5763 τιωταις
2714 5697 2810 5768 τῆς
2847 5699 2923 5759 εἰς
2951 5695 3075 5755 τοὺς
3110 5692 3265 5756 θεοὺς
3304 5687 3749 5761 προσκυνήσεως,
3786 5683 3938 5743 ὅπως
3979 5679 4041 5732 ἂν
