  <div class='ocr_page' id='page_1' title='image "/cluster/home/n/w/nwhite01/storage/ocr_20150623/115/uva.x004215515/205.png"; bbox 0 0 4180 6486; ppageno 0'>
   <div class='ocr_carea' id='block_1_1' title="bbox 697 456 802 519">
    <p class='ocr_par' dir='ltr' id='par_1_1' title="bbox 697 456 802 519">
     <span class='ocr_line' id='line_1_1' title="bbox 697 456 802 519; baseline -0.029 0"><span class='ocrx_word' id='word_1_1' title='bbox 697 456 802 519; x_wconf 85' lang='lat'><strong>363</strong></span> 
     </span>
    </p>
   </div>
   <div class='ocr_carea' id='block_1_2' title="bbox 1993 422 2620 492">
    <p class='ocr_par' dir='ltr' id='par_1_2' title="bbox 1993 422 2620 492">
     <span class='ocr_line' id='line_1_2' title="bbox 1993 422 2620 492; baseline -0.008 1"><span class='ocrx_word' id='word_1_2' title='bbox 1993 431 2275 492; x_wconf 77' lang='lat' dir='ltr'><strong>MENSIS</strong></span> <span class='ocrx_word' id='word_1_3' title='bbox 2318 422 2620 489; x_wconf 76' lang='lat' dir='ltr'><strong>IULIUS.</strong></span> 
     </span>
    </p>
   </div>
   <div class='ocr_carea' id='block_1_3' title="bbox 3852 410 3956 481">
    <p class='ocr_par' dir='ltr' id='par_1_3' title="bbox 3852 410 3956 481">
     <span class='ocr_line' id='line_1_3' title="bbox 3852 410 3956 481; baseline -0.096 1"><span class='ocrx_word' id='word_1_4' title='bbox 3852 410 3956 481; x_wconf 68' lang='lat'><strong>354</strong></span> 
     </span>
    </p>
   </div>
   <div class='ocr_carea' id='block_1_4' title="bbox 696 525 2298 627">
    <p class='ocr_par' dir='ltr' id='par_1_4' title="bbox 696 543 2273 627">
     <span class='ocr_line' id='line_1_4' title="bbox 696 543 2273 627; baseline -0.022 -1"><span class='ocrx_word' id='word_1_5' title='bbox 696 585 796 627; x_wconf 88' lang='lat' dir='ltr'><strong>ore</strong></span> <span class='ocrx_word' id='word_1_6' title='bbox 821 576 876 623; x_wconf 91' lang='lat' dir='ltr'><strong>et</strong></span> <span class='ocrx_word' id='word_1_7' title='bbox 901 581 1005 621; x_wconf 91' lang='lat' dir='ltr'><strong>una</strong></span> <span class='ocrx_word' id='word_1_8' title='bbox 1041 562 1223 619; x_wconf 86' lang='lat' dir='ltr'><strong>anima</strong></span> <span class='ocrx_word' id='word_1_9' title='bbox 1255 575 1267 612; x_wconf 90' lang='lat'>:</span> <span class='ocrx_word' id='word_1_10' title='bbox 1298 554 1528 610; x_wconf 86' lang='lat' dir='ltr'><strong>Domine</strong></span> <span class='ocrx_word' id='word_1_11' title='bbox 1563 551 1692 606; x_wconf 80' lang='lat' dir='ltr'><strong>Jesu</strong></span> <span class='ocrx_word' id='word_1_12' title='bbox 1719 545 1961 603; x_wconf 76' lang='lat' dir='ltr'><strong>Christe.</strong></span> <span class='ocrx_word' id='word_1_13' title='bbox 1995 543 2141 597; x_wconf 88' lang='lat' dir='ltr'><strong>Deus</strong></span> <span class='ocrx_word' id='word_1_14' title='bbox 2163 554 2273 593; x_wconf 88' lang='lat' dir='ltr'><strong>om-</strong></span> 
     </span>
    </p>
   </div>
   <div class='ocr_carea' id='block_1_5' title="bbox 2402 525 3953 627">
    <p class='ocr_par' dir='ltr' id='par_1_5' title="bbox 2402 525 3953 603">
     <span class='ocr_line' id='line_1_5' title="bbox 2402 525 3953 603; baseline -0.006 -18"><span class='ocrx_word' id='word_1_15' title='bbox 2402 536 2604 603; x_wconf 44' lang='grc' dir='ltr'>ηεουσία</span> <span class='ocrx_word' id='word_1_16' title='bbox 2660 533 2882 595; x_wconf 74' lang='grc' dir='ltr'>αἰώνιος</span> <span class='ocrx_word' id='word_1_17' title='bbox 2916 533 3012 586; x_wconf 72' lang='grc' dir='ltr'><strong>καὶ</strong></span> <span class='ocrx_word' id='word_1_18' title='bbox 3046 532 3077 602; x_wconf 92' lang='grc' dir='ltr'><strong>ή</strong></span> <span class='ocrx_word' id='word_1_19' title='bbox 3117 529 3362 600; x_wconf 76' lang='grc' dir='ltr'>βασιλεία</span> <span class='ocrx_word' id='word_1_20' title='bbox 3397 529 3459 583; x_wconf 89' lang='grc' dir='ltr'><strong>οὑ</strong></span> <span class='ocrx_word' id='word_1_21' title='bbox 3496 525 3953 597; x_wconf 75' lang='grc' dir='ltr'><strong>διαφθαρήσεται,</strong></span> 
     </span>
    </p>
   </div>
   <div class='ocr_carea' id='block_1_6' title="bbox 697 643 2267 731">
    <p class='ocr_par' dir='ltr' id='par_1_6' title="bbox 697 643 2267 731">
     <span class='ocr_line' id='line_1_6' title="bbox 697 643 2267 731; baseline -0.023 -14"><span class='ocrx_word' id='word_1_22' title='bbox 697 661 977 731; x_wconf 88' lang='lat' dir='ltr'><strong>nipotens,</strong></span> <span class='ocrx_word' id='word_1_23' title='bbox 1038 653 1195 723; x_wconf 87' lang='lat' dir='ltr'><strong>cujus</strong></span> <span class='ocrx_word' id='word_1_24' title='bbox 1222 654 1469 719; x_wconf 76' lang='lat' dir='ltr'><strong>potestas</strong></span> <span class='ocrx_word' id='word_1_25' title='bbox 1524 648 1747 699; x_wconf 68' lang='lat' dir='ltr'><strong>aeterna,</strong></span> <span class='ocrx_word' id='word_1_26' title='bbox 1798 643 1853 690; x_wconf 91' lang='lat' dir='ltr'><strong>et</strong></span> <span class='ocrx_word' id='word_1_27' title='bbox 1896 646 2130 731; x_wconf 54' lang='lat' dir='ltr'><strong>regnum</strong></span> <span class='ocrx_word' id='word_1_28' title='bbox 2156 645 2267 729; x_wconf 71' lang='lat' dir='ltr'><strong>non</strong></span> 
     </span>
    </p>
   </div>
   <div class='ocr_carea' id='block_1_7' title="bbox 697 717 2272 810">
    <p class='ocr_par' dir='ltr' id='par_1_7' title="bbox 697 717 2272 810">
     <span class='ocr_line' id='line_1_7' title="bbox 697 717 2272 810; baseline -0.024 -3"><span class='ocrx_word' id='word_1_29' title='bbox 697 717 973 810; x_wconf 65' lang='lat' dir='ltr'><strong>inieribit,</strong></span> <span class='ocrx_word' id='word_1_30' title='bbox 999 717 1152 797; x_wconf 72' lang='lat' dir='ltr'><strong>mitte</strong></span> <span class='ocrx_word' id='word_1_31' title='bbox 1185 717 1255 793; x_wconf 82' lang='lat' dir='ltr'><strong>ad</strong></span> <span class='ocrx_word' id='word_1_32' title='bbox 1279 750 1383 790; x_wconf 90' lang='lat' dir='ltr'><strong>nos</strong></span> <span class='ocrx_word' id='word_1_33' title='bbox 1437 728 1841 785; x_wconf 86' lang='lat' dir='ltr'><strong>sanctissimum</strong></span> <span class='ocrx_word' id='word_1_34' title='bbox 1882 733 2038 777; x_wconf 89' lang='lat' dir='ltr'><strong>tuum</strong></span> <span class='ocrx_word' id='word_1_35' title='bbox 2098 717 2272 787; x_wconf 87' lang='lat' dir='ltr'><strong>Spiri-</strong></span> 
     </span>
    </p>
   </div>
   <div class='ocr_carea' id='block_1_8' title="bbox 698 812 2273 905">
    <p class='ocr_par' dir='ltr' id='par_1_8' title="bbox 698 812 2273 905">
     <span class='ocr_line' id='line_1_8' title="bbox 698 812 2273 905; baseline -0.024 -5"><span class='ocrx_word' id='word_1_36' title='bbox 698 855 840 905; x_wconf 88' lang='lat' dir='ltr'><strong>tum,</strong></span> <span class='ocrx_word' id='word_1_37' title='bbox 876 848 932 894; x_wconf 91' lang='lat' dir='ltr'><strong>et</strong></span> <span class='ocrx_word' id='word_1_38' title='bbox 962 851 1062 891; x_wconf 84' lang='lat' dir='ltr'><strong>nos</strong></span> <span class='ocrx_word' id='word_1_39' title='bbox 1092 848 1191 903; x_wconf 89' lang='lat' dir='ltr'><strong>per</strong></span> <span class='ocrx_word' id='word_1_40' title='bbox 1222 844 1349 884; x_wconf 90' lang='lat' dir='ltr'><strong>eum</strong></span> <span class='ocrx_word' id='word_1_41' title='bbox 1386 822 1567 885; x_wconf 88' lang='lat' dir='ltr'><strong>crudi,</strong></span> <span class='ocrx_word' id='word_1_42' title='bbox 1623 828 1682 874; x_wconf 92' lang='lat' dir='ltr'><strong>ut</strong></span> <span class='ocrx_word' id='word_1_43' title='bbox 1704 818 1757 871; x_wconf 90' lang='lat' dir='ltr'><strong>in</strong></span> <span class='ocrx_word' id='word_1_44' title='bbox 1787 818 1906 885; x_wconf 92' lang='lat' dir='ltr'><strong>ipso</strong></span> <span class='ocrx_word' id='word_1_45' title='bbox 1933 812 2273 869; x_wconf 88' lang='lat' dir='ltr'><strong>exsultemus</strong></span> 
     </span>
    </p>
   </div>
   <div class='ocr_carea' id='block_1_9' title="bbox 696 904 2277 994">
    <p class='ocr_par' dir='ltr' id='par_1_9' title="bbox 696 904 2277 994">
     <span class='ocr_line' id='line_1_9' title="bbox 696 904 2277 994; baseline -0.025 -1"><span class='ocrx_word' id='word_1_46' title='bbox 696 950 756 994; x_wconf 87' lang='lat' dir='ltr'><strong>et</strong></span> <span class='ocrx_word' id='word_1_47' title='bbox 798 904 1047 989; x_wconf 64' lang='lat' dir='ltr'><strong>laetemur</strong></span> <span class='ocrx_word' id='word_1_48' title='bbox 1094 968 1112 992; x_wconf 85' lang='lat'><strong>,</strong></span> <span class='ocrx_word' id='word_1_49' title='bbox 1175 932 1232 978; x_wconf 92' lang='lat' dir='ltr'><strong>et</strong></span> <span class='ocrx_word' id='word_1_50' title='bbox 1266 922 1550 975; x_wconf 80' lang='lat' dir='ltr'><strong>vincamus</strong></span> <span class='ocrx_word' id='word_1_51' title='bbox 1606 910 1813 967; x_wconf 89' lang='lat' dir='ltr'><strong>erroris</strong></span> <span class='ocrx_word' id='word_1_52' title='bbox 1867 904 2165 975; x_wconf 73' lang='lat' dir='ltr'><strong>nequitias,</strong></span> <span class='ocrx_word' id='word_1_53' title='bbox 2219 908 2277 955; x_wconf 90' lang='lat' dir='ltr'><strong>et</strong></span> 
     </span>
    </p>
   </div>
   <div class='ocr_carea' id='block_1_10' title="bbox 697 996 2274 1085">
    <p class='ocr_par' dir='ltr' id='par_1_10' title="bbox 697 996 2274 1085">
     <span class='ocr_line' id='line_1_10' title="bbox 697 996 2274 1085; baseline -0.025 -1"><span class='ocrx_word' id='word_1_54' title='bbox 697 1027 1031 1085; x_wconf 76' lang='lat' dir='ltr'><strong>extollamur</strong></span> <span class='ocrx_word' id='word_1_55' title='bbox 1057 1020 1114 1074; x_wconf 91' lang='lat' dir='ltr'><strong>in</strong></span> <span class='ocrx_word' id='word_1_56' title='bbox 1137 1031 1265 1071; x_wconf 87' lang='lat' dir='ltr'><strong>vera</strong></span> <span class='ocrx_word' id='word_1_57' title='bbox 1294 1024 1386 1066; x_wconf 88' lang='lat' dir='ltr'><strong>tua</strong></span> <span class='ocrx_word' id='word_1_58' title='bbox 1418 1008 1521 1063; x_wconf 79' lang='lat' dir='ltr'><strong>ﬁde</strong></span> <span class='ocrx_word' id='word_1_59' title='bbox 1553 1020 1652 1075; x_wconf 89' lang='lat' dir='ltr'><strong>per</strong></span> <span class='ocrx_word' id='word_1_60' title='bbox 1694 1010 1947 1057; x_wconf 91' lang='lat' dir='ltr'><strong>sanctum</strong></span> <span class='ocrx_word' id='word_1_61' title='bbox 1983 996 2274 1065; x_wconf 73' lang='lat' dir='ltr'><strong>Spiritum.</strong></span> 
     </span>
    </p>
   </div>
   <div class='ocr_carea' id='block_1_11' title="bbox 700 1093 2277 1193">
    <p class='ocr_par' dir='ltr' id='par_1_11' title="bbox 700 1093 2277 1193">
     <span class='ocr_line' id='line_1_11' title="bbox 700 1093 2277 1193; baseline -0.024 -18"><span class='ocrx_word' id='word_1_62' title='bbox 700 1121 795 1193; x_wconf 85' lang='lat' dir='ltr'><strong>qui</strong></span> <span class='ocrx_word' id='word_1_63' title='bbox 822 1115 1070 1187; x_wconf 83' lang='lat' dir='ltr'><strong>loquitur</strong></span> <span class='ocrx_word' id='word_1_64' title='bbox 1099 1109 1155 1164; x_wconf 92' lang='lat' dir='ltr'><strong>in</strong></span> <span class='ocrx_word' id='word_1_65' title='bbox 1207 1106 1386 1165; x_wconf 86' lang='lat' dir='ltr'><strong>nobis,</strong></span> <span class='ocrx_word' id='word_1_66' title='bbox 1421 1095 1816 1155; x_wconf 83' lang='lat' dir='ltr'><strong>convenienter</strong></span> <span class='ocrx_word' id='word_1_67' title='bbox 1848 1101 1955 1145; x_wconf 72' lang='lat' dir='ltr'><strong>tuae</strong></span> <span class='ocrx_word' id='word_1_68' title='bbox 1987 1093 2214 1193; x_wconf 48' lang='lat' dir='ltr'><strong>ventilet</strong></span> <span class='ocrx_word' id='word_1_69' title='bbox 2246 1098 2277 1138; x_wconf 92' lang='lat' dir='ltr'><strong>a</strong></span> 
     </span>
    </p>
   </div>
   <div class='ocr_carea' id='block_1_12' title="bbox 703 1178 2279 1269">
    <p class='ocr_par' dir='ltr' id='par_1_12' title="bbox 703 1178 2279 1269">
     <span class='ocr_line' id='line_1_12' title="bbox 703 1178 2279 1269; baseline -0.025 0"><span class='ocrx_word' id='word_1_70' title='bbox 703 1178 988 1269; x_wconf 72' lang='lat' dir='ltr'><strong>mendacio</strong></span> <span class='ocrx_word' id='word_1_71' title='bbox 1016 1204 1205 1259; x_wconf 63' lang='lat' dir='ltr'><strong>aliena</strong></span> <span class='ocrx_word' id='word_1_72' title='bbox 1240 1190 1615 1269; x_wconf 86' lang='lat' dir='ltr'><strong>promissioni,</strong></span> <span class='ocrx_word' id='word_1_73' title='bbox 1633 1198 1690 1243; x_wconf 89' lang='lat' dir='ltr'><strong>et</strong></span> <span class='ocrx_word' id='word_1_74' title='bbox 1720 1199 1820 1256; x_wconf 90' lang='lat' dir='ltr'><strong>pro</strong></span> <span class='ocrx_word' id='word_1_75' title='bbox 1841 1199 1872 1238; x_wconf 80' lang='grc' dir='ltr'><strong>ε</strong></span> <span class='ocrx_word' id='word_1_76' title='bbox 1910 1180 2074 1236; x_wconf 89' lang='lat' dir='ltr'><strong>nobis</strong></span> <span class='ocrx_word' id='word_1_77' title='bbox 2097 1178 2279 1232; x_wconf 80' lang='lat' dir='ltr'><strong>ablata</strong></span> 
     </span>
    </p>
   </div>
   <div class='ocr_carea' id='block_1_13' title="bbox 703 1276 2278 1367">
    <p class='ocr_par' dir='ltr' id='par_1_13' title="bbox 703 1276 2278 1367">
     <span class='ocr_line' id='line_1_13' title="bbox 703 1276 2278 1367; baseline -0.025 -6"><span class='ocrx_word' id='word_1_78' title='bbox 703 1302 980 1360; x_wconf 80' lang='lat' dir='ltr'><strong>mundana</strong></span> <span class='ocrx_word' id='word_1_79' title='bbox 1007 1295 1296 1367; x_wconf 77' lang='lat' dir='ltr'><strong>dignitate,</strong></span> <span class='ocrx_word' id='word_1_80' title='bbox 1316 1286 1621 1344; x_wconf 72' lang='lat' dir='ltr'><strong>efficiamur</strong></span> <span class='ocrx_word' id='word_1_81' title='bbox 1664 1277 1872 1332; x_wconf 83' lang='lat' dir='ltr'><strong>milites</strong></span> <span class='ocrx_word' id='word_1_82' title='bbox 1898 1276 1951 1328; x_wconf 93' lang='lat' dir='ltr'><strong>in</strong></span> <span class='ocrx_word' id='word_1_83' title='bbox 1974 1280 2163 1327; x_wconf 81' lang='lat' dir='ltr'><strong>sancta</strong></span> <span class='ocrx_word' id='word_1_84' title='bbox 2186 1278 2278 1324; x_wconf 90' lang='lat' dir='ltr'><strong>tua</strong></span> 
     </span>
    </p>
   </div>
   <div class='ocr_carea' id='block_1_14' title="bbox 703 1367 2279 1456">
    <p class='ocr_par' dir='ltr' id='par_1_14' title="bbox 703 1367 2279 1456">
     <span class='ocr_line' id='line_1_14' title="bbox 703 1367 2279 1456; baseline -0.025 -3"><span class='ocrx_word' id='word_1_85' title='bbox 703 1398 945 1456; x_wconf 79' lang='lat' dir='ltr'><strong>civitate,</strong></span> <span class='ocrx_word' id='word_1_86' title='bbox 990 1398 1045 1444; x_wconf 88' lang='lat' dir='ltr'><strong>et</strong></span> <span class='ocrx_word' id='word_1_87' title='bbox 1066 1384 1406 1442; x_wconf 89' lang='lat' dir='ltr'><strong>ascribamur</strong></span> <span class='ocrx_word' id='word_1_88' title='bbox 1459 1377 1513 1430; x_wconf 95' lang='lat' dir='ltr'><strong>in</strong></span> <span class='ocrx_word' id='word_1_89' title='bbox 1546 1385 1837 1428; x_wconf 88' lang='lat' dir='ltr'><strong>numerum</strong></span> <span class='ocrx_word' id='word_1_90' title='bbox 1888 1367 2097 1422; x_wconf 84' lang='lat' dir='ltr'><strong>civium</strong></span> <span class='ocrx_word' id='word_1_91' title='bbox 2151 1376 2279 1417; x_wconf 91' lang='lat' dir='ltr'><strong>cum</strong></span> 
     </span>
    </p>
   </div>
   <div class='ocr_carea' id='block_1_15' title="bbox 706 1454 2281 1542">
    <p class='ocr_par' dir='ltr' id='par_1_15' title="bbox 706 1454 2281 1542">
     <span class='ocr_line' id='line_1_15' title="bbox 706 1454 2281 1542; baseline -0.024 1"><span class='ocrx_word' id='word_1_92' title='bbox 706 1454 967 1542; x_wconf 80' lang='lat' dir='ltr'><strong>omnibus</strong></span> <span class='ocrx_word' id='word_1_93' title='bbox 1016 1478 1129 1532; x_wconf 88' lang='lat' dir='ltr'><strong>tuis</strong></span> <span class='ocrx_word' id='word_1_94' title='bbox 1181 1470 1408 1534; x_wconf 85' lang='lat' dir='ltr'><strong>sanctis,</strong></span> <span class='ocrx_word' id='word_1_95' title='bbox 1461 1466 1556 1536; x_wconf 93' lang='lat' dir='ltr'><strong>qui</strong></span> <span class='ocrx_word' id='word_1_96' title='bbox 1584 1464 1683 1519; x_wconf 89' lang='lat' dir='ltr'><strong>tibi</strong></span> <span class='ocrx_word' id='word_1_97' title='bbox 1716 1478 1746 1517; x_wconf 88' lang='lat' dir='ltr'><strong>a</strong></span> <span class='ocrx_word' id='word_1_98' title='bbox 1779 1459 1984 1516; x_wconf 64' lang='lat' dir='ltr'><strong>saeculo</strong></span> <span class='ocrx_word' id='word_1_99' title='bbox 2036 1463 2187 1510; x_wconf 88' lang='lat' dir='ltr'><strong>recte</strong></span> <span class='ocrx_word' id='word_1_100' title='bbox 2224 1454 2281 1507; x_wconf 92' lang='lat' dir='ltr'><strong>in</strong></span> 
     </span>
    </p>
   </div>
   <div class='ocr_carea' id='block_1_16' title="bbox 708 1547 2282 1640">
    <p class='ocr_par' dir='ltr' id='par_1_16' title="bbox 708 1547 2282 1640">
     <span class='ocr_line' id='line_1_16' title="bbox 708 1547 2282 1640; baseline -0.021 -12"><span class='ocrx_word' id='word_1_101' title='bbox 708 1574 815 1629; x_wconf 82' lang='lat' dir='ltr'><strong>ﬁde</strong></span> <span class='ocrx_word' id='word_1_102' title='bbox 861 1570 1209 1640; x_wconf 75' lang='lat' dir='ltr'><strong>placuerunt.</strong></span> <span class='ocrx_word' id='word_1_103' title='bbox 1245 1557 1517 1625; x_wconf 84' lang='lat' dir='ltr'><strong>Quoniam</strong></span> <span class='ocrx_word' id='word_1_104' title='bbox 1555 1564 1613 1609; x_wconf 93' lang='lat' dir='ltr'><strong>tu</strong></span> <span class='ocrx_word' id='word_1_105' title='bbox 1673 1566 1735 1605; x_wconf 90' lang='lat' dir='ltr'><strong>es</strong></span> <span class='ocrx_word' id='word_1_106' title='bbox 1764 1550 1919 1604; x_wconf 90' lang='lat' dir='ltr'><strong>solus</strong></span> <span class='ocrx_word' id='word_1_107' title='bbox 1944 1547 2112 1604; x_wconf 82' lang='lat' dir='ltr'><strong>Deus.</strong></span> <span class='ocrx_word' id='word_1_108' title='bbox 2140 1554 2195 1599; x_wconf 92' lang='lat' dir='ltr'><strong>et</strong></span> <span class='ocrx_word' id='word_1_109' title='bbox 2229 1552 2282 1598; x_wconf 85' lang='lat' dir='ltr'><strong>te</strong></span> 
     </span>
    </p>
   </div>
   <div class='ocr_carea' id='block_1_17' title="bbox 709 1641 1972 1732">
    <p class='ocr_par' dir='ltr' id='par_1_17' title="bbox 709 1641 1972 1732">
     <span class='ocr_line' id='line_1_17' title="bbox 709 1641 1972 1732; baseline -0.026 -9"><span class='ocrx_word' id='word_1_110' title='bbox 709 1666 864 1723; x_wconf 85' lang='lat' dir='ltr'><strong>decet</strong></span> <span class='ocrx_word' id='word_1_111' title='bbox 891 1659 1065 1732; x_wconf 78' lang='lat' dir='ltr'><strong>gloria</strong></span> <span class='ocrx_word' id='word_1_112' title='bbox 1086 1665 1142 1711; x_wconf 91' lang='lat' dir='ltr'><strong>et</strong></span> <span class='ocrx_word' id='word_1_113' title='bbox 1175 1650 1420 1723; x_wconf 85' lang='lat' dir='ltr'><strong>potentia</strong></span> <span class='ocrx_word' id='word_1_114' title='bbox 1446 1648 1499 1700; x_wconf 92' lang='lat' dir='ltr'><strong>in</strong></span> <span class='ocrx_word' id='word_1_115' title='bbox 1526 1643 1744 1699; x_wconf 81' lang='lat' dir='ltr'><strong>saecula.</strong></span> <span class='ocrx_word' id='word_1_116' title='bbox 1777 1641 1972 1693; x_wconf 84' lang='lat' dir='ltr'><strong>Amen.</strong></span> 
     </span>
    </p>
   </div>
   <div class='ocr_carea' id='block_1_18' title="bbox 778 1727 2287 1817">
    <p class='ocr_par' dir='ltr' id='par_1_18' title="bbox 778 1727 2287 1817">
     <span class='ocr_line' id='line_1_18' title="bbox 778 1727 2287 1817; baseline -0.02 -6"><span class='ocrx_word' id='word_1_117' title='bbox 778 1727 916 1812; x_wconf 66' lang='grc' dir='ltr'>νιιιῖ</span> <span class='ocrx_word' id='word_1_118' title='bbox 959 1745 1265 1817; x_wconf 81' lang='lat' dir='ltr'><strong>Completis</strong></span> <span class='ocrx_word' id='word_1_119' title='bbox 1290 1750 1476 1796; x_wconf 87' lang='lat' dir='ltr'><strong>autem</strong></span> <span class='ocrx_word' id='word_1_120' title='bbox 1510 1738 1687 1793; x_wconf 89' lang='lat' dir='ltr'><strong>tribus</strong></span> <span class='ocrx_word' id='word_1_121' title='bbox 1718 1732 1938 1797; x_wconf 88' lang='lat' dir='ltr'><strong>diebus,</strong></span> <span class='ocrx_word' id='word_1_122' title='bbox 1983 1727 2287 1799; x_wconf 64' lang='lat' dir='ltr'><strong>presidens</strong></span> 
     </span>
    </p>
   </div>
   <div class='ocr_carea' id='block_1_19' title="bbox 712 1820 2288 1906">
    <p class='ocr_par' dir='ltr' id='par_1_19' title="bbox 712 1820 2288 1906">
     <span class='ocr_line' id='line_1_19' title="bbox 712 1820 2288 1906; baseline -0.023 0"><span class='ocrx_word' id='word_1_123' title='bbox 712 1862 907 1906; x_wconf 79' lang='lat' dir='ltr'><strong>rurSus</strong></span> <span class='ocrx_word' id='word_1_124' title='bbox 933 1834 1391 1899; x_wconf 80' lang='lat' dir='ltr'><strong>Maximianus,in</strong></span> <span class='ocrx_word' id='word_1_125' title='bbox 1422 1829 1677 1886; x_wconf 91' lang='lat' dir='ltr'><strong>eumdem</strong></span> <span class='ocrx_word' id='word_1_126' title='bbox 1710 1827 1891 1881; x_wconf 92' lang='lat' dir='ltr'><strong>locum</strong></span> <span class='ocrx_word' id='word_1_127' title='bbox 1929 1832 2103 1892; x_wconf 76' lang='lat' dir='ltr'><strong>porta:</strong></span> <span class='ocrx_word' id='word_1_128' title='bbox 2128 1820 2288 1873; x_wconf 82' lang='lat' dir='ltr'><strong>Ama-</strong></span> 
     </span>
    </p>
   </div>
   <div class='ocr_carea' id='block_1_20' title="bbox 714 1915 2291 1998">
    <p class='ocr_par' dir='ltr' id='par_1_20' title="bbox 714 1915 2291 1998">
     <span class='ocr_line' id='line_1_20' title="bbox 714 1915 2291 1998; baseline -0.025 0"><span class='ocrx_word' id='word_1_129' title='bbox 714 1943 842 1998; x_wconf 64' lang='grc' dir='ltr'><strong>εἰη</strong></span> <span class='ocrx_word' id='word_1_130' title='bbox 876 1948 1072 1992; x_wconf 84' lang='lat' dir='ltr'><strong>rursus</strong></span> <span class='ocrx_word' id='word_1_131' title='bbox 1102 1932 1470 1985; x_wconf 86' lang='lat' dir='ltr'><strong>concurrente</strong></span> <span class='ocrx_word' id='word_1_132' title='bbox 1525 1920 1786 1974; x_wconf 83' lang='lat' dir='ltr'><strong>universa</strong></span> <span class='ocrx_word' id='word_1_133' title='bbox 1821 1915 2066 1974; x_wconf 82' lang='lat' dir='ltr'><strong>civitate,</strong></span> <span class='ocrx_word' id='word_1_134' title='bbox 2099 1922 2291 1961; x_wconf 84' lang='lat' dir='ltr'><strong>accer-</strong></span> 
     </span>
    </p>
   </div>
   <div class='ocr_carea' id='block_1_21' title="bbox 714 2008 2297 2091">
    <p class='ocr_par' dir='ltr' id='par_1_21' title="bbox 714 2008 2297 2091">
     <span class='ocr_line' id='line_1_21' title="bbox 714 2008 2297 2091; baseline -0.022 -1"><span class='ocrx_word' id='word_1_135' title='bbox 714 2035 808 2091; x_wconf 89' lang='lat' dir='ltr'><strong>siit</strong></span> <span class='ocrx_word' id='word_1_136' title='bbox 862 2034 1105 2086; x_wconf 87' lang='lat' dir='ltr'><strong>sanctos.</strong></span> <span class='ocrx_word' id='word_1_137' title='bbox 1163 2017 1353 2075; x_wconf 87' lang='lat' dir='ltr'><strong>Sancti</strong></span> <span class='ocrx_word' id='word_1_138' title='bbox 1408 2027 1542 2067; x_wconf 90' lang='lat' dir='ltr'><strong>vero</strong></span> <span class='ocrx_word' id='word_1_139' title='bbox 1600 2017 1875 2077; x_wconf 87' lang='lat' dir='ltr'><strong>martyres</strong></span> <span class='ocrx_word' id='word_1_140' title='bbox 1934 2008 2297 2059; x_wconf 87' lang='lat' dir='ltr'><strong>accesserunt</strong></span> 
     </span>
    </p>
   </div>
   <div class='ocr_carea' id='block_1_22' title="bbox 716 2092 2294 2183">
    <p class='ocr_par' dir='ltr' id='par_1_22' title="bbox 716 2092 2294 2183">
     <span class='ocr_line' id='line_1_22' title="bbox 716 2092 2294 2183; baseline -0.023 -1"><span class='ocrx_word' id='word_1_141' title='bbox 716 2124 877 2183; x_wconf 89' lang='lat' dir='ltr'><strong>tracti</strong></span> <span class='ocrx_word' id='word_1_142' title='bbox 902 2138 934 2176; x_wconf 88' lang='lat' dir='ltr'><strong>a</strong></span> <span class='ocrx_word' id='word_1_143' title='bbox 956 2114 1244 2176; x_wconf 87' lang='lat' dir='ltr'><strong>ministris,</strong></span> <span class='ocrx_word' id='word_1_144' title='bbox 1270 2118 1326 2164; x_wconf 90' lang='lat' dir='ltr'><strong>et</strong></span> <span class='ocrx_word' id='word_1_145' title='bbox 1346 2110 1621 2162; x_wconf 85' lang='lat' dir='ltr'><strong>steterunt</strong></span> <span class='ocrx_word' id='word_1_146' title='bbox 1638 2110 1763 2155; x_wconf 86' lang='lat' dir='ltr'><strong>ante</strong></span> <span class='ocrx_word' id='word_1_147' title='bbox 1782 2096 2037 2168; x_wconf 89' lang='lat' dir='ltr'><strong>impium.</strong></span> <span class='ocrx_word' id='word_1_148' title='bbox 2063 2092 2294 2161; x_wconf 86' lang='lat' dir='ltr'><strong>Iniquus</strong></span> 
     </span>
    </p>
   </div>
   <div class='ocr_carea' id='block_1_23' title="bbox 716 2182 2296 2280">
    <p class='ocr_par' dir='ltr' id='par_1_23' title="bbox 716 2182 2296 2280">
     <span class='ocr_line' id='line_1_23' title="bbox 716 2182 2296 2280; baseline -0.025 -6"><span class='ocrx_word' id='word_1_149' title='bbox 716 2228 898 2273; x_wconf 86' lang='lat' dir='ltr'><strong>autem</strong></span> <span class='ocrx_word' id='word_1_150' title='bbox 931 2213 1226 2280; x_wconf 83' lang='lat' dir='ltr'><strong>imperator</strong></span> <span class='ocrx_word' id='word_1_151' title='bbox 1256 2195 1431 2257; x_wconf 81' lang='lat' dir='ltr'><strong>minas</strong></span> <span class='ocrx_word' id='word_1_152' title='bbox 1457 2206 1773 2264; x_wconf 87' lang='lat' dir='ltr'><strong>temperans</strong></span> <span class='ocrx_word' id='word_1_153' title='bbox 1809 2187 2124 2251; x_wconf 88' lang='lat' dir='ltr'><strong>clementia,</strong></span> <span class='ocrx_word' id='word_1_154' title='bbox 2153 2182 2296 2237; x_wconf 80' lang='lat' dir='ltr'><strong>dixit</strong></span> 
     </span>
    </p>
   </div>
   <div class='ocr_carea' id='block_1_24' title="bbox 716 2275 2296 2365">
    <p class='ocr_par' dir='ltr' id='par_1_24' title="bbox 716 2275 2296 2365">
     <span class='ocr_line' id='line_1_24' title="bbox 716 2275 2296 2365; baseline -0.025 1"><span class='ocrx_word' id='word_1_155' title='bbox 716 2310 799 2365; x_wconf 88' lang='lat' dir='ltr'><strong>eis</strong></span> <span class='ocrx_word' id='word_1_156' title='bbox 831 2324 845 2360; x_wconf 73' lang='grc' dir='ltr'><strong>ε</strong></span> <span class='ocrx_word' id='word_1_157' title='bbox 879 2306 923 2361; x_wconf 88' lang='grc' dir='ltr'>Ο</span> <span class='ocrx_word' id='word_1_158' title='bbox 952 2275 1079 2365; x_wconf 77' lang='lat' dir='ltr'><strong>viri,</strong></span> <span class='ocrx_word' id='word_1_159' title='bbox 1112 2295 1309 2353; x_wconf 83' lang='lat' dir='ltr'><strong>discite</strong></span> <span class='ocrx_word' id='word_1_160' title='bbox 1360 2289 1579 2344; x_wconf 88' lang='lat' dir='ltr'><strong>tandem</strong></span> <span class='ocrx_word' id='word_1_161' title='bbox 1630 2282 1763 2355; x_wconf 91' lang='lat' dir='ltr'><strong>quid</strong></span> <span class='ocrx_word' id='word_1_162' title='bbox 1789 2280 1949 2335; x_wconf 85' lang='lat' dir='ltr'><strong>vobis</strong></span> <span class='ocrx_word' id='word_1_163' title='bbox 1995 2275 2296 2346; x_wconf 85' lang='lat' dir='ltr'><strong>expediat:</strong></span> 
     </span>
    </p>
   </div>
   <div class='ocr_carea' id='block_1_25' title="bbox 718 2364 2298 2459">
    <p class='ocr_par' dir='ltr' id='par_1_25' title="bbox 718 2364 2298 2459">
     <span class='ocr_line' id='line_1_25' title="bbox 718 2364 2298 2459; baseline -0.028 -1"><span class='ocrx_word' id='word_1_164' title='bbox 718 2364 774 2459; x_wconf 86' lang='lat' dir='ltr'><strong>et</strong></span> <span class='ocrx_word' id='word_1_165' title='bbox 805 2364 1154 2454; x_wconf 84' lang='lat' dir='ltr'><strong>accedentes,</strong></span> <span class='ocrx_word' id='word_1_166' title='bbox 1185 2379 1657 2441; x_wconf 80' lang='lat' dir='ltr'><strong>diis&#39;sacriiicate,</strong></span> <span class='ocrx_word' id='word_1_167' title='bbox 1683 2382 1739 2429; x_wconf 89' lang='lat' dir='ltr'><strong>et</strong></span> <span class='ocrx_word' id='word_1_168' title='bbox 1759 2372 1927 2424; x_wconf 87' lang='lat' dir='ltr'><strong>vitam</strong></span> <span class='ocrx_word' id='word_1_169' title='bbox 1962 2364 2217 2433; x_wconf 88' lang='lat' dir='ltr'><strong>accipite,</strong></span> <span class='ocrx_word' id='word_1_170' title='bbox 2240 2368 2298 2416; x_wconf 89' lang='lat' dir='ltr'><strong>et</strong></span> 
     </span>
    </p>
   </div>
   <div class='ocr_carea' id='block_1_26' title="bbox 722 2460 2295 2551">
    <p class='ocr_par' dir='ltr' id='par_1_26' title="bbox 722 2460 2295 2551">
     <span class='ocr_line' id='line_1_26' title="bbox 722 2460 2295 2551; baseline -0.027 -1"><span class='ocrx_word' id='word_1_171' title='bbox 722 2510 834 2551; x_wconf 88' lang='lat' dir='ltr'><strong>non</strong></span> <span class='ocrx_word' id='word_1_172' title='bbox 870 2495 1103 2543; x_wconf 88' lang='lat' dir='ltr'><strong>mortem</strong></span> <span class='ocrx_word' id='word_1_173' title='bbox 1135 2477 1417 2535; x_wconf 84' lang='lat' dir='ltr'><strong>acerbam.</strong></span> <span class='ocrx_word' id='word_1_174' title='bbox 1452 2470 1721 2526; x_wconf 79' lang='lat' dir='ltr'><strong>Dixerunt</strong></span> <span class='ocrx_word' id='word_1_175' title='bbox 1774 2460 1951 2518; x_wconf 89' lang='lat' dir='ltr'><strong>sancti</strong></span> <span class='ocrx_word' id='word_1_176' title='bbox 1982 2466 2253 2527; x_wconf 82' lang='lat' dir='ltr'><strong>martyres</strong></span> <span class='ocrx_word' id='word_1_177' title='bbox 2282 2471 2295 2509; x_wconf 92' lang='lat'><strong>:</strong></span> 
     </span>
    </p>
   </div>
   <div class='ocr_carea' id='block_1_27' title="bbox 724 2553 2297 2645">
    <p class='ocr_par' dir='ltr' id='par_1_27' title="bbox 724 2553 2297 2645">
     <span class='ocr_line' id='line_1_27' title="bbox 724 2553 2297 2645; baseline -0.027 -2"><span class='ocrx_word' id='word_1_178' title='bbox 724 2589 799 2645; x_wconf 89' lang='lat' dir='ltr'><strong>De</strong></span> <span class='ocrx_word' id='word_1_179' title='bbox 862 2586 967 2638; x_wconf 84' lang='lat' dir='ltr'><strong>hoc</strong></span> <span class='ocrx_word' id='word_1_180' title='bbox 1014 2578 1222 2633; x_wconf 90' lang='lat' dir='ltr'><strong>bonum</strong></span> <span class='ocrx_word' id='word_1_181' title='bbox 1256 2565 1550 2625; x_wconf 90' lang='lat' dir='ltr'><strong>consilium</strong></span> <span class='ocrx_word' id='word_1_182' title='bbox 1612 2559 1880 2629; x_wconf 89' lang='lat' dir='ltr'><strong>cepimus,</strong></span> <span class='ocrx_word' id='word_1_183' title='bbox 1913 2569 1946 2609; x_wconf 93' lang='grc' dir='ltr'><strong>ο</strong></span> <span class='ocrx_word' id='word_1_184' title='bbox 1977 2553 2297 2623; x_wconf 83' lang='lat' dir='ltr'><strong>imperator.</strong></span> 
     </span>
    </p>
   </div>
   <div class='ocr_carea' id='block_1_28' title="bbox 722 2640 2297 2736">
    <p class='ocr_par' dir='ltr' id='par_1_28' title="bbox 722 2640 2297 2736">
     <span class='ocr_line' id='line_1_28' title="bbox 722 2640 2297 2736; baseline -0.027 0"><span class='ocrx_word' id='word_1_185' title='bbox 722 2640 864 2736; x_wconf 40' lang='lat' dir='ltr'><strong>audi</strong></span> <span class='ocrx_word' id='word_1_186' title='bbox 926 2680 1155 2731; x_wconf 86' lang='lat' dir='ltr'><strong>attente,</strong></span> <span class='ocrx_word' id='word_1_187' title='bbox 1202 2674 1351 2719; x_wconf 91' lang='lat' dir='ltr'><strong>etne</strong></span> <span class='ocrx_word' id='word_1_188' title='bbox 1384 2673 1484 2712; x_wconf 92' lang='lat' dir='ltr'><strong>nos</strong></span> <span class='ocrx_word' id='word_1_189' title='bbox 1538 2653 1777 2721; x_wconf 87' lang='lat' dir='ltr'><strong>amplius</strong></span> <span class='ocrx_word' id='word_1_190' title='bbox 1826 2662 2013 2719; x_wconf 91' lang='lat' dir='ltr'><strong>cogas,</strong></span> <span class='ocrx_word' id='word_1_191' title='bbox 2044 2652 2141 2699; x_wconf 88' lang='lat' dir='ltr'><strong>aut</strong></span> <span class='ocrx_word' id='word_1_192' title='bbox 2187 2640 2297 2697; x_wconf 89' lang='lat' dir='ltr'><strong>vim</strong></span> 
     </span>
    </p>
   </div>
   <div class='ocr_carea' id='block_1_29' title="bbox 724 2734 2303 2828">
    <p class='ocr_par' dir='ltr' id='par_1_29' title="bbox 724 2734 2303 2828">
     <span class='ocr_line' id='line_1_29' title="bbox 724 2734 2303 2828; baseline -0.027 -1"><span class='ocrx_word' id='word_1_193' title='bbox 724 2734 886 2828; x_wconf 73' lang='lat' dir='ltr'><strong>nobis</strong></span> <span class='ocrx_word' id='word_1_194' title='bbox 920 2767 1083 2820; x_wconf 85' lang='lat' dir='ltr'><strong>ullam</strong></span> <span class='ocrx_word' id='word_1_195' title='bbox 1118 2744 1318 2815; x_wconf 58' lang='lat' dir='ltr'><strong>afferas</strong></span> <span class='ocrx_word' id='word_1_196' title='bbox 1348 2772 1359 2806; x_wconf 89' lang='lat'><strong>:</strong></span> <span class='ocrx_word' id='word_1_197' title='bbox 1390 2746 1695 2805; x_wconf 90' lang='lat' dir='ltr'><strong>Statuimus</strong></span> <span class='ocrx_word' id='word_1_198' title='bbox 1720 2742 1871 2797; x_wconf 90' lang='lat' dir='ltr'><strong>enim</strong></span> <span class='ocrx_word' id='word_1_199' title='bbox 1919 2738 2049 2793; x_wconf 90' lang='lat' dir='ltr'><strong>odio</strong></span> <span class='ocrx_word' id='word_1_200' title='bbox 2096 2734 2303 2789; x_wconf 89' lang='lat' dir='ltr'><strong>habere</strong></span> 
     </span>
    </p>
   </div>
   <div class='ocr_carea' id='block_1_30' title="bbox 727 2830 2304 2921">
    <p class='ocr_par' dir='ltr' id='par_1_30' title="bbox 727 2830 2304 2921">
     <span class='ocr_line' id='line_1_30' title="bbox 727 2830 2304 2921; baseline -0.029 -1"><span class='ocrx_word' id='word_1_201' title='bbox 727 2866 869 2921; x_wconf 89' lang='lat' dir='ltr'><strong>hanc</strong></span> <span class='ocrx_word' id='word_1_202' title='bbox 914 2860 1103 2919; x_wconf 87' lang='lat' dir='ltr'><strong>vitam,</strong></span> <span class='ocrx_word' id='word_1_203' title='bbox 1166 2864 1287 2920; x_wconf 77' lang='lat' dir='ltr'><strong>qua:</strong></span> <span class='ocrx_word' id='word_1_204' title='bbox 1316 2854 1400 2900; x_wconf 86' lang='lat' dir='ltr'><strong>est</strong></span> <span class='ocrx_word' id='word_1_205' title='bbox 1448 2841 1516 2896; x_wconf 91' lang='lat' dir='ltr'><strong>ad</strong></span> <span class='ocrx_word' id='word_1_206' title='bbox 1570 2848 1810 2903; x_wconf 87' lang='lat' dir='ltr'><strong>tempus,</strong></span> <span class='ocrx_word' id='word_1_207' title='bbox 1879 2830 2112 2898; x_wconf 78' lang='lat' dir='ltr'><strong>diligere</strong></span> <span class='ocrx_word' id='word_1_208' title='bbox 2168 2838 2304 2879; x_wconf 91' lang='lat' dir='ltr'><strong>vero</strong></span> 
     </span>
    </p>
   </div>
   <div class='ocr_carea' id='block_1_31' title="bbox 730 2917 2301 3015">
    <p class='ocr_par' dir='ltr' id='par_1_31' title="bbox 730 2917 2301 3015">
     <span class='ocr_line' id='line_1_31' title="bbox 730 2917 2301 3015; baseline -0.027 -4"><span class='ocrx_word' id='word_1_209' title='bbox 730 2917 963 3010; x_wconf 67' lang='lat' dir='ltr'><strong>mortem</strong></span> <span class='ocrx_word' id='word_1_210' title='bbox 1029 2917 1369 3015; x_wconf 81' lang='lat' dir='ltr'><strong>propositam</strong></span> <span class='ocrx_word' id='word_1_211' title='bbox 1428 2937 1652 3001; x_wconf 89' lang='lat' dir='ltr'><strong>propter</strong></span> <span class='ocrx_word' id='word_1_212' title='bbox 1682 2922 1891 2981; x_wconf 82' lang='lat' dir='ltr'><strong>Christi</strong></span> <span class='ocrx_word' id='word_1_213' title='bbox 1942 2917 2301 2975; x_wconf 87' lang='lat' dir='ltr'><strong>desiderium.</strong></span> 
     </span>
    </p>
   </div>
   <div class='ocr_carea' id='block_1_32' title="bbox 727 3005 2308 3112">
    <p class='ocr_par' dir='ltr' id='par_1_32' title="bbox 727 3005 2308 3112">
     <span class='ocr_line' id='line_1_32' title="bbox 727 3005 2308 3112; baseline -0.027 -11"><span class='ocrx_word' id='word_1_214' title='bbox 727 3046 831 3101; x_wconf 86' lang='lat' dir='ltr'><strong>Per</strong></span> <span class='ocrx_word' id='word_1_215' title='bbox 858 3005 1047 3112; x_wconf 46' lang='lat' dir='ltr'><strong>ipsum.</strong></span> <span class='ocrx_word' id='word_1_216' title='bbox 1070 3005 1218 3088; x_wconf 80' lang='lat' dir='ltr'><strong>enim</strong></span> <span class='ocrx_word' id='word_1_217' title='bbox 1258 3026 1426 3080; x_wconf 88' lang='lat' dir='ltr'><strong>vitam</strong></span> <span class='ocrx_word' id='word_1_218' title='bbox 1456 3030 1716 3075; x_wconf 70' lang='lat' dir='ltr'><strong>aeternam</strong></span> <span class='ocrx_word' id='word_1_219' title='bbox 1761 3024 2047 3086; x_wconf 85' lang='lat' dir='ltr'><strong>speramus</strong></span> <span class='ocrx_word' id='word_1_220' title='bbox 2081 3005 2308 3063; x_wconf 83' lang='lat' dir='ltr'><strong>lucrifa-</strong></span> 
     </span>
    </p>
   </div>
   <div class='ocr_carea' id='block_1_33' title="bbox 731 3098 2303 3190">
    <p class='ocr_par' dir='ltr' id='par_1_33' title="bbox 731 3098 2303 3190">
     <span class='ocr_line' id='line_1_33' title="bbox 731 3098 2303 3190; baseline -0.027 1"><span class='ocrx_word' id='word_1_221' title='bbox 731 3098 895 3190; x_wconf 26' lang='lat' dir='ltr'><strong>icere.-</strong></span> <span class='ocrx_word' id='word_1_222' title='bbox 914 3132 988 3184; x_wconf 90' lang='lat' dir='ltr'><strong>De</strong></span> <span class='ocrx_word' id='word_1_223' title='bbox 1014 3135 1216 3182; x_wconf 69' lang='lat' dir='ltr'><strong>caetero</strong></span> <span class='ocrx_word' id='word_1_224' title='bbox 1238 3132 1372 3188; x_wconf 87' lang='lat' dir='ltr'><strong>ergo</strong></span> <span class='ocrx_word' id='word_1_225' title='bbox 1412 3115 1497 3169; x_wconf 79' lang='lat' dir='ltr'><strong>fac</strong></span> <span class='ocrx_word' id='word_1_226' title='bbox 1527 3112 1772 3166; x_wconf 80' lang='lat' dir='ltr'><strong>breviter</strong></span> <span class='ocrx_word' id='word_1_227' title='bbox 1804 3107 1860 3159; x_wconf 92' lang='lat' dir='ltr'><strong>in</strong></span> <span class='ocrx_word' id='word_1_228' title='bbox 1894 3119 1995 3158; x_wconf 88' lang='lat' dir='ltr'><strong>nos</strong></span> <span class='ocrx_word' id='word_1_229' title='bbox 2018 3099 2167 3170; x_wconf 90' lang='lat' dir='ltr'><strong>quod</strong></span> <span class='ocrx_word' id='word_1_230' title='bbox 2198 3098 2303 3150; x_wconf 87' lang='lat' dir='ltr'><strong>vis.</strong></span> 
     </span>
    </p>
   </div>
   <div class='ocr_carea' id='block_1_34' title="bbox 2376 616 3960 695">
    <p class='ocr_par' dir='ltr' id='par_1_34' title="bbox 2376 616 3960 695">
     <span class='ocr_line' id='line_1_34' title="bbox 2376 616 3960 695; baseline -0.009 -15"><span class='ocrx_word' id='word_1_231' title='bbox 2376 626 2764 692; x_wconf 76' lang='grc' dir='ltr'>ὲξαπόστειλον</span> <span class='ocrx_word' id='word_1_232' title='bbox 2793 624 2926 695; x_wconf 81' lang='grc' dir='ltr'>ἡμῖν</span> <span class='ocrx_word' id='word_1_233' title='bbox 2954 623 3015 675; x_wconf 80' lang='grc' dir='ltr'>τὸ</span> <span class='ocrx_word' id='word_1_234' title='bbox 3047 621 3275 692; x_wconf 84' lang='grc' dir='ltr'>Πνεῦμά</span> <span class='ocrx_word' id='word_1_235' title='bbox 3312 637 3405 673; x_wconf 92' lang='grc' dir='ltr'><strong>σου</strong></span> <span class='ocrx_word' id='word_1_236' title='bbox 3443 619 3503 672; x_wconf 84' lang='grc' dir='ltr'>τὸ</span> <span class='ocrx_word' id='word_1_237' title='bbox 3534 618 3827 684; x_wconf 83' lang='grc' dir='ltr'>πανάγιον,</span> <span class='ocrx_word' id='word_1_238' title='bbox 3874 616 3960 667; x_wconf 73' lang='grc' dir='ltr'>ἵνα</span> 
     </span>
    </p>
   </div>
   <div class='ocr_carea' id='block_1_35' title="bbox 2376 708 3961 791">
    <p class='ocr_par' dir='ltr' id='par_1_35' title="bbox 2376 708 3961 791">
     <span class='ocr_line' id='line_1_35' title="bbox 2376 708 3961 791; baseline -0.01 -16"><span class='ocrx_word' id='word_1_239' title='bbox 2376 725 2434 775; x_wconf 71' lang='grc' dir='ltr'>ιν</span> <span class='ocrx_word' id='word_1_240' title='bbox 2466 720 2615 791; x_wconf 85' lang='grc' dir='ltr'><strong>αὑτῷ</strong></span> <span class='ocrx_word' id='word_1_241' title='bbox 2644 716 3108 790; x_wconf 81' lang='grc' dir='ltr'>άγαλλιασώμεθα</span> <span class='ocrx_word' id='word_1_242' title='bbox 3136 716 3231 768; x_wconf 73' lang='grc' dir='ltr'>καὶ</span> <span class='ocrx_word' id='word_1_243' title='bbox 3257 712 3678 783; x_wconf 71' lang='grc' dir='ltr'><strong>εὐφρανθῶμεν,</strong></span> <span class='ocrx_word' id='word_1_244' title='bbox 3694 712 3792 764; x_wconf 68' lang='grc' dir='ltr'><strong>καί⁸</strong></span> <span class='ocrx_word' id='word_1_245' title='bbox 3813 708 3961 777; x_wconf 79' lang='grc' dir='ltr'>νικήο</span> 
     </span>
    </p>
   </div>
   <div class='ocr_carea' id='block_1_36' title="bbox 2384 803 3965 886">
    <p class='ocr_par' dir='ltr' id='par_1_36' title="bbox 2384 803 3965 886">
     <span class='ocr_line' id='line_1_36' title="bbox 2384 803 3965 886; baseline -0.011 -17"><span class='ocrx_word' id='word_1_246' title='bbox 2384 831 2569 886; x_wconf 81' lang='grc' dir='ltr'>σωμεν</span> <span class='ocrx_word' id='word_1_247' title='bbox 2620 812 2719 874; x_wconf 83' lang='grc' dir='ltr'>τὰς</span> <span class='ocrx_word' id='word_1_248' title='bbox 2753 812 3017 884; x_wconf 86' lang='grc' dir='ltr'>πονηρίας</span> <span class='ocrx_word' id='word_1_249' title='bbox 3055 814 3153 879; x_wconf 76' lang='grc' dir='ltr'>τῆς</span> <span class='ocrx_word' id='word_1_250' title='bbox 3189 807 3420 877; x_wconf 81' lang='grc' dir='ltr'><strong>πλάνης,</strong></span> <span class='ocrx_word' id='word_1_251' title='bbox 3450 808 3544 859; x_wconf 76' lang='grc' dir='ltr'>καὶ</span> <span class='ocrx_word' id='word_1_252' title='bbox 3567 803 3877 874; x_wconf 71' lang='grc' dir='ltr'>ὑψωθῶμεν</span> <span class='ocrx_word' id='word_1_253' title='bbox 3908 803 3965 853; x_wconf 76' lang='grc' dir='ltr'>ὲν</span> 
     </span>
    </p>
   </div>
   <div class='ocr_carea' id='block_1_37' title="bbox 2378 889 3965 978">
    <p class='ocr_par' dir='ltr' id='par_1_37' title="bbox 2378 889 3965 978">
     <span class='ocr_line' id='line_1_37' title="bbox 2378 889 3965 978; baseline -0.012 -17"><span class='ocrx_word' id='word_1_254' title='bbox 2378 911 2446 978; x_wconf 80' lang='grc' dir='ltr'>τῇ</span> <span class='ocrx_word' id='word_1_255' title='bbox 2474 905 2703 977; x_wconf 81' lang='grc' dir='ltr'><strong>ἀληθινῇ</strong></span> <span class='ocrx_word' id='word_1_256' title='bbox 2738 921 2833 957; x_wconf 91' lang='grc' dir='ltr'><strong>σου</strong></span> <span class='ocrx_word' id='word_1_257' title='bbox 2869 904 3047 955; x_wconf 87' lang='grc' dir='ltr'>πίστει</span> <span class='ocrx_word' id='word_1_258' title='bbox 3087 900 3177 954; x_wconf 82' lang='grc' dir='ltr'><strong>διὰ</strong></span> <span class='ocrx_word' id='word_1_259' title='bbox 3207 898 3302 953; x_wconf 90' lang='grc' dir='ltr'><strong>τοῦ</strong></span> <span class='ocrx_word' id='word_1_260' title='bbox 3334 900 3491 966; x_wconf 78' lang='grc' dir='ltr'>ἁγίου</span> <span class='ocrx_word' id='word_1_261' title='bbox 3519 894 3844 963; x_wconf 86' lang='grc' dir='ltr'>Πνεύματος</span> <span class='ocrx_word' id='word_1_262' title='bbox 3872 889 3965 944; x_wconf 90' lang='grc' dir='ltr'><strong>τοῦ</strong></span> 
     </span>
    </p>
   </div>
   <div class='ocr_carea' id='block_1_38' title="bbox 2382 984 3965 1067">
    <p class='ocr_par' dir='ltr' id='par_1_38' title="bbox 2382 984 3965 1067">
     <span class='ocr_line' id='line_1_38' title="bbox 2382 984 3965 1067; baseline -0.012 -13"><span class='ocrx_word' id='word_1_263' title='bbox 2382 1000 2681 1062; x_wconf 86' lang='grc' dir='ltr'>λαλοῦντος</span> <span class='ocrx_word' id='word_1_264' title='bbox 2712 1000 2773 1051; x_wconf 72' lang='grc' dir='ltr'>ιν</span> <span class='ocrx_word' id='word_1_265' title='bbox 2802 984 2965 1067; x_wconf 76' lang='grc' dir='ltr'>ἡμῖν,</span> <span class='ocrx_word' id='word_1_266' title='bbox 2988 996 3133 1049; x_wconf 85' lang='grc' dir='ltr'>κατὰ</span> <span class='ocrx_word' id='word_1_267' title='bbox 3171 993 3268 1065; x_wconf 81' lang='grc' dir='ltr'>τὴν</span> <span class='ocrx_word' id='word_1_268' title='bbox 3296 992 3560 1062; x_wconf 74' lang='grc' dir='ltr'>ἀληθινήν</span> <span class='ocrx_word' id='word_1_269' title='bbox 3590 1006 3684 1042; x_wconf 90' lang='grc' dir='ltr'><strong>σου</strong></span> <span class='ocrx_word' id='word_1_270' title='bbox 3726 990 3965 1052; x_wconf 67' lang='grc' dir='ltr'>ὲπαγγευ</span> 
     </span>
    </p>
   </div>
   <div class='ocr_carea' id='block_1_39' title="bbox 2384 1074 3969 1161">
    <p class='ocr_par' dir='ltr' id='par_1_39' title="bbox 2384 1074 3969 1161">
     <span class='ocr_line' id='line_1_39' title="bbox 2384 1074 3969 1161; baseline -0.013 -12"><span class='ocrx_word' id='word_1_271' title='bbox 2384 1095 2527 1157; x_wconf 88' lang='grc' dir='ltr'>λίαν,</span> <span class='ocrx_word' id='word_1_272' title='bbox 2546 1094 2642 1148; x_wconf 75' lang='grc' dir='ltr'>καὶ</span> <span class='ocrx_word' id='word_1_273' title='bbox 2670 1091 2792 1147; x_wconf 77' lang='grc' dir='ltr'>ἀντὶ</span> <span class='ocrx_word' id='word_1_274' title='bbox 2816 1090 2917 1161; x_wconf 84' lang='grc' dir='ltr'>τῆς</span> <span class='ocrx_word' id='word_1_275' title='bbox 2950 1085 3335 1158; x_wconf 79' lang='grc' dir='ltr'>ἀναιρεθείσης</span> <span class='ocrx_word' id='word_1_276' title='bbox 3358 1082 3627 1153; x_wconf 79' lang='grc' dir='ltr'><strong>κοσμικῆς</strong></span> <span class='ocrx_word' id='word_1_277' title='bbox 3650 1078 3815 1147; x_wconf 80' lang='grc' dir='ltr'>ἀξίας</span> <span class='ocrx_word' id='word_1_278' title='bbox 3838 1074 3969 1146; x_wconf 73' lang='grc' dir='ltr'>παρ’</span> 
     </span>
    </p>
   </div>
   <div class='ocr_carea' id='block_1_40' title="bbox 2383 1170 3970 1259">
    <p class='ocr_par' dir='ltr' id='par_1_40' title="bbox 2383 1170 3970 1259">
     <span class='ocr_line' id='line_1_40' title="bbox 2383 1170 3970 1259; baseline -0.013 -18"><span class='ocrx_word' id='word_1_279' title='bbox 2383 1187 2544 1259; x_wconf 84' lang='grc' dir='ltr'>ήμῶν</span> <span class='ocrx_word' id='word_1_280' title='bbox 2582 1182 2872 1255; x_wconf 85' lang='grc' dir='ltr'>γενώμεθα</span> <span class='ocrx_word' id='word_1_281' title='bbox 2918 1179 3255 1251; x_wconf 87' lang='grc' dir='ltr'>στρατιῶται</span> <span class='ocrx_word' id='word_1_282' title='bbox 3289 1178 3348 1230; x_wconf 74' lang='grc' dir='ltr'>ιν</span> <span class='ocrx_word' id='word_1_283' title='bbox 3380 1175 3533 1247; x_wconf 83' lang='grc' dir='ltr'>πόλει</span> <span class='ocrx_word' id='word_1_284' title='bbox 3570 1173 3705 1243; x_wconf 75' lang='grc' dir='ltr'>ἁγίᾳ</span> <span class='ocrx_word' id='word_1_285' title='bbox 3741 1189 3864 1235; x_wconf 91' lang='grc' dir='ltr'>σου,</span> <span class='ocrx_word' id='word_1_286' title='bbox 3912 1170 3970 1221; x_wconf 72' lang='grc' dir='ltr'>ιν</span> 
     </span>
    </p>
   </div>
   <div class='ocr_carea' id='block_1_41' title="bbox 2385 1263 3973 1354">
    <p class='ocr_par' dir='ltr' id='par_1_41' title="bbox 2385 1263 3973 1354">
     <span class='ocr_line' id='line_1_41' title="bbox 2385 1263 3973 1354; baseline -0.013 -20"><span class='ocrx_word' id='word_1_287' title='bbox 2385 1275 2420 1354; x_wconf 71' lang='grc' dir='ltr'>ᾗ</span> <span class='ocrx_word' id='word_1_288' title='bbox 2448 1275 2864 1333; x_wconf 83' lang='grc' dir='ltr'>συνελεύσονταί</span> <span class='ocrx_word' id='word_1_289' title='bbox 2888 1290 2970 1328; x_wconf 90' lang='grc' dir='ltr'><strong>σοι</strong></span> <span class='ocrx_word' id='word_1_290' title='bbox 2993 1274 3197 1335; x_wconf 83' lang='grc' dir='ltr'>πάντες</span> <span class='ocrx_word' id='word_1_291' title='bbox 3217 1272 3268 1323; x_wconf 76' lang='grc' dir='ltr'>οι</span> <span class='ocrx_word' id='word_1_292' title='bbox 3301 1269 3662 1337; x_wconf 89' lang='grc' dir='ltr'>συναγόμενοι</span> <span class='ocrx_word' id='word_1_293' title='bbox 3686 1268 3755 1335; x_wconf 78' lang='grc' dir='ltr'><strong>τῇ</strong></span> <span class='ocrx_word' id='word_1_294' title='bbox 3785 1263 3973 1315; x_wconf 86' lang='grc' dir='ltr'>πίστει</span> 
     </span>
    </p>
   </div>
   <div class='ocr_carea' id='block_1_42' title="bbox 2385 1358 3973 1439">
    <p class='ocr_par' dir='ltr' id='par_1_42' title="bbox 2385 1358 3973 1439">
     <span class='ocr_line' id='line_1_42' title="bbox 2385 1358 3973 1439; baseline -0.009 -14"><span class='ocrx_word' id='word_1_295' title='bbox 2385 1372 2479 1425; x_wconf 80' lang='grc' dir='ltr'><strong>τοῦ</strong></span> <span class='ocrx_word' id='word_1_296' title='bbox 2520 1369 2760 1439; x_wconf 79' lang='grc' dir='ltr'>Χριστοῦ</span> <span class='ocrx_word' id='word_1_297' title='bbox 2806 1387 2924 1434; x_wconf 90' lang='grc' dir='ltr'>σου,</span> <span class='ocrx_word' id='word_1_298' title='bbox 2961 1366 3079 1437; x_wconf 84' lang='grc' dir='ltr'>μεθ’</span> <span class='ocrx_word' id='word_1_299' title='bbox 3117 1360 3181 1420; x_wconf 79' lang='grc' dir='ltr'><strong>οὑ</strong></span> <span class='ocrx_word' id='word_1_300' title='bbox 3212 1382 3295 1418; x_wconf 88' lang='grc' dir='ltr'><strong>σοι</strong></span> <span class='ocrx_word' id='word_1_301' title='bbox 3331 1364 3410 1435; x_wconf 82' lang='grc' dir='ltr'>τῷ</span> <span class='ocrx_word' id='word_1_302' title='bbox 3441 1363 3643 1429; x_wconf 76' lang='grc' dir='ltr'>Πατέρι</span> <span class='ocrx_word' id='word_1_303' title='bbox 3689 1360 3902 1429; x_wconf 80' lang='grc' dir='ltr'>πρέπει</span> <span class='ocrx_word' id='word_1_304' title='bbox 3941 1358 3973 1428; x_wconf 90' lang='grc' dir='ltr'><strong>ή</strong></span> 
     </span>
    </p>
   </div>
   <div class='ocr_carea' id='block_1_43' title="bbox 2385 1448 3977 1531">
    <p class='ocr_par' dir='ltr' id='par_1_43' title="bbox 2385 1448 3977 1531">
     <span class='ocr_line' id='line_1_43' title="bbox 2385 1448 3977 1531; baseline -0.011 -13"><span class='ocrx_word' id='word_1_305' title='bbox 2385 1463 2512 1531; x_wconf 79' lang='grc' dir='ltr'>δόξα</span> <span class='ocrx_word' id='word_1_306' title='bbox 2542 1463 2721 1516; x_wconf 77' lang='grc' dir='ltr'>καὶτὸ</span> <span class='ocrx_word' id='word_1_307' title='bbox 2750 1460 2953 1531; x_wconf 82' lang='grc' dir='ltr'>κράτος</span> <span class='ocrx_word' id='word_1_308' title='bbox 2990 1460 3088 1512; x_wconf 74' lang='grc' dir='ltr'>σὺν</span> <span class='ocrx_word' id='word_1_309' title='bbox 3117 1456 3193 1527; x_wconf 80' lang='grc' dir='ltr'>τῷ</span> <span class='ocrx_word' id='word_1_310' title='bbox 3224 1456 3365 1527; x_wconf 81' lang='grc' dir='ltr'>ἁγίῳ</span> <span class='ocrx_word' id='word_1_311' title='bbox 3390 1455 3484 1508; x_wconf 75' lang='grc' dir='ltr'>καὶ</span> <span class='ocrx_word' id='word_1_312' title='bbox 3516 1450 3771 1522; x_wconf 76' lang='grc' dir='ltr'>ζωοποιῷ</span> <span class='ocrx_word' id='word_1_313' title='bbox 3801 1448 3977 1505; x_wconf 81' lang='grc' dir='ltr'>Πνεύο</span> 
     </span>
    </p>
   </div>
   <div class='ocr_carea' id='block_1_44' title="bbox 2393 1550 3285 1625">
    <p class='ocr_par' dir='ltr' id='par_1_44' title="bbox 2393 1550 3285 1625">
     <span class='ocr_line' id='line_1_44' title="bbox 2393 1550 3285 1625; baseline -0.007 -17"><span class='ocrx_word' id='word_1_314' title='bbox 2393 1573 2526 1625; x_wconf 87' lang='grc' dir='ltr'>ματι</span> <span class='ocrx_word' id='word_1_315' title='bbox 2557 1556 2640 1617; x_wconf 87' lang='grc' dir='ltr'><strong>είς</strong></span> <span class='ocrx_word' id='word_1_316' title='bbox 2670 1554 2797 1615; x_wconf 80' lang='grc' dir='ltr'>τοὺς</span> <span class='ocrx_word' id='word_1_317' title='bbox 2822 1552 3046 1612; x_wconf 88' lang='grc' dir='ltr'>αίῶνας.</span> <span class='ocrx_word' id='word_1_318' title='bbox 3090 1550 3285 1619; x_wconf 77' lang='grc' dir='ltr'>’Δμήν.</span> 
     </span>
    </p>
   </div>
   <div class='ocr_carea' id='block_1_45' title="bbox 2462 1723 3976 1801">
    <p class='ocr_par' dir='ltr' id='par_1_45' title="bbox 2462 1723 3976 1801">
     <span class='ocr_line' id='line_1_45' title="bbox 2462 1723 3976 1801; baseline -0.01 -12"><span class='ocrx_word' id='word_1_319' title='bbox 2462 1734 2544 1789; x_wconf 78' lang='lat' dir='ltr'><strong>H&#39;.</strong></span> <span class='ocrx_word' id='word_1_320' title='bbox 2576 1733 2684 1786; x_wconf 75' lang='grc' dir='ltr'><strong>Καὶ</strong></span> <span class='ocrx_word' id='word_1_321' title='bbox 2709 1731 2849 1800; x_wconf 80' lang='grc' dir='ltr'>μετὰ</span> <span class='ocrx_word' id='word_1_322' title='bbox 2892 1731 2991 1801; x_wconf 85' lang='grc' dir='ltr'>τὴν</span> <span class='ocrx_word' id='word_1_323' title='bbox 3037 1728 3431 1799; x_wconf 76' lang='grc' dir='ltr'>συμπλήρωσιν</span> <span class='ocrx_word' id='word_1_324' title='bbox 3463 1725 3573 1779; x_wconf 86' lang='grc' dir='ltr'><strong>τῶν</strong></span> <span class='ocrx_word' id='word_1_325' title='bbox 3616 1723 3791 1794; x_wconf 84' lang='grc' dir='ltr'>τριῶν</span> <span class='ocrx_word' id='word_1_326' title='bbox 3844 1724 3976 1794; x_wconf 80' lang='grc' dir='ltr'>ήμε-</span> 
     </span>
    </p>
   </div>
   <div class='ocr_carea' id='block_1_46' title="bbox 2396 1813 3977 1895">
    <p class='ocr_par' dir='ltr' id='par_1_46' title="bbox 2396 1813 3977 1895">
     <span class='ocr_line' id='line_1_46' title="bbox 2396 1813 3977 1895; baseline -0.008 -18"><span class='ocrx_word' id='word_1_327' title='bbox 2396 1823 2507 1895; x_wconf 89' lang='grc' dir='ltr'><strong>ρῶν</strong></span> <span class='ocrx_word' id='word_1_328' title='bbox 2530 1822 2871 1893; x_wconf 77' lang='grc' dir='ltr'>προκαθίσας</span> <span class='ocrx_word' id='word_1_329' title='bbox 2902 1820 3067 1874; x_wconf 85' lang='grc' dir='ltr'>πάλιν</span> <span class='ocrx_word' id='word_1_330' title='bbox 3093 1821 3125 1871; x_wconf 79' lang='grc' dir='ltr'>ὁ</span> <span class='ocrx_word' id='word_1_331' title='bbox 3154 1816 3497 1886; x_wconf 78' lang='grc' dir='ltr'>Μαξιμιανὸς</span> <span class='ocrx_word' id='word_1_332' title='bbox 3532 1814 3677 1868; x_wconf 75' lang='grc' dir='ltr'>κατὰ</span> <span class='ocrx_word' id='word_1_333' title='bbox 3698 1815 3791 1866; x_wconf 78' lang='grc' dir='ltr'>τὸν</span> <span class='ocrx_word' id='word_1_334' title='bbox 3813 1813 3977 1866; x_wconf 74' lang='grc' dir='ltr'>αὑτὸν</span> 
     </span>
    </p>
   </div>
   <div class='ocr_carea' id='block_1_47' title="bbox 2393 1906 3976 1984">
    <p class='ocr_par' dir='ltr' id='par_1_47' title="bbox 2393 1906 3976 1984">
     <span class='ocr_line' id='line_1_47' title="bbox 2393 1906 3976 1984; baseline -0.007 -16"><span class='ocrx_word' id='word_1_335' title='bbox 2393 1918 2557 1969; x_wconf 84' lang='grc' dir='ltr'>τόπον</span> <span class='ocrx_word' id='word_1_336' title='bbox 2585 1914 2999 1984; x_wconf 76' lang='grc' dir='ltr'>τῆςἋμαξικῆς</span> <span class='ocrx_word' id='word_1_337' title='bbox 3025 1912 3220 1982; x_wconf 90' lang='grc' dir='ltr'>πύλης,</span> <span class='ocrx_word' id='word_1_338' title='bbox 3242 1909 3657 1980; x_wconf 77' lang='grc' dir='ltr'>συνδραμούσης</span> <span class='ocrx_word' id='word_1_339' title='bbox 3680 1906 3778 1959; x_wconf 75' lang='grc' dir='ltr'>καὶ</span> <span class='ocrx_word' id='word_1_340' title='bbox 3798 1906 3976 1974; x_wconf 81' lang='grc' dir='ltr'>πάσης</span> 
     </span>
    </p>
   </div>
   <div class='ocr_carea' id='block_1_48' title="bbox 2395 1996 3979 2077">
    <p class='ocr_par' dir='ltr' id='par_1_48' title="bbox 2395 1996 3979 2077">
     <span class='ocr_line' id='line_1_48' title="bbox 2395 1996 3979 2077; baseline -0.008 -18"><span class='ocrx_word' id='word_1_341' title='bbox 2395 2007 2498 2077; x_wconf 82' lang='grc' dir='ltr'>τῆς</span> <span class='ocrx_word' id='word_1_342' title='bbox 2536 2006 2771 2069; x_wconf 86' lang='grc' dir='ltr'>πόλεως,</span> <span class='ocrx_word' id='word_1_343' title='bbox 2823 2001 3215 2073; x_wconf 77' lang='grc' dir='ltr'>μετεπέμψατο</span> <span class='ocrx_word' id='word_1_344' title='bbox 3248 2001 3377 2062; x_wconf 82' lang='grc' dir='ltr'>τοὺς</span> <span class='ocrx_word' id='word_1_345' title='bbox 3405 1999 3613 2065; x_wconf 80' lang='grc' dir='ltr'>ἁγίους.</span> <span class='ocrx_word' id='word_1_346' title='bbox 3653 1998 3715 2050; x_wconf 81' lang='lat' dir='ltr'><strong>Oi</strong></span> <span class='ocrx_word' id='word_1_347' title='bbox 3752 1996 3808 2048; x_wconf 61' lang='grc' dir='ltr'>δὲ</span> <span class='ocrx_word' id='word_1_348' title='bbox 3838 2011 3979 2065; x_wconf 84' lang='grc' dir='ltr'>παρ-</span> 
     </span>
    </p>
   </div>
   <div class='ocr_carea' id='block_1_49' title="bbox 2395 2087 3980 2168">
    <p class='ocr_par' dir='ltr' id='par_1_49' title="bbox 2395 2087 3980 2168">
     <span class='ocr_line' id='line_1_49' title="bbox 2395 2087 3980 2168; baseline -0.009 -15"><span class='ocrx_word' id='word_1_349' title='bbox 2395 2099 2665 2168; x_wconf 75' lang='grc' dir='ltr'>εγένοντο,</span> <span class='ocrx_word' id='word_1_350' title='bbox 2690 2096 2973 2165; x_wconf 75' lang='grc' dir='ltr'>ἑλκόμενοι</span> <span class='ocrx_word' id='word_1_351' title='bbox 3005 2094 3109 2147; x_wconf 72' lang='grc' dir='ltr'>ὑπὸ</span> <span class='ocrx_word' id='word_1_352' title='bbox 3137 2091 3246 2147; x_wconf 86' lang='grc' dir='ltr'><strong>τῶν</strong></span> <span class='ocrx_word' id='word_1_353' title='bbox 3264 2090 3584 2161; x_wconf 86' lang='grc' dir='ltr'>ὑπηρετῶν,</span> <span class='ocrx_word' id='word_1_354' title='bbox 3616 2090 3709 2141; x_wconf 81' lang='grc' dir='ltr'>καὶ</span> <span class='ocrx_word' id='word_1_355' title='bbox 3744 2087 3980 2157; x_wconf 73' lang='grc' dir='ltr'>ἔστησαν</span> 
     </span>
    </p>
   </div>
   <div class='ocr_carea' id='block_1_50' title="bbox 2398 2177 3985 2261">
    <p class='ocr_par' dir='ltr' id='par_1_50' title="bbox 2398 2177 3985 2261">
     <span class='ocr_line' id='line_1_50' title="bbox 2398 2177 3985 2261; baseline -0.01 -17"><span class='ocrx_word' id='word_1_356' title='bbox 2398 2188 2716 2261; x_wconf 76' lang='grc' dir='ltr'>ἔμπροσθεν</span> <span class='ocrx_word' id='word_1_357' title='bbox 2758 2185 2856 2240; x_wconf 87' lang='grc' dir='ltr'><strong>τοῦ</strong></span> <span class='ocrx_word' id='word_1_358' title='bbox 2904 2184 3226 2246; x_wconf 72' lang='grc' dir='ltr'>δυσσεϐοῦς.</span> <span class='ocrx_word' id='word_1_359' title='bbox 3269 2182 3329 2237; x_wconf 85' lang='lat'><strong>&#39;0</strong></span> <span class='ocrx_word' id='word_1_360' title='bbox 3366 2181 3424 2234; x_wconf 73' lang='grc' dir='ltr'>δὲ</span> <span class='ocrx_word' id='word_1_361' title='bbox 3463 2178 3856 2250; x_wconf 74' lang='grc' dir='ltr'>φιλανθρωπίᾳ</span> <span class='ocrx_word' id='word_1_362' title='bbox 3888 2177 3985 2246; x_wconf 74' lang='grc' dir='ltr'>τὴν</span> 
     </span>
    </p>
   </div>
   <div class='ocr_carea' id='block_1_51' title="bbox 2399 2271 3985 2352">
    <p class='ocr_par' dir='ltr' id='par_1_51' title="bbox 2399 2271 3985 2352">
     <span class='ocr_line' id='line_1_51' title="bbox 2399 2271 3985 2352; baseline -0.009 -15"><span class='ocrx_word' id='word_1_363' title='bbox 2399 2282 2631 2352; x_wconf 82' lang='grc' dir='ltr'>ἀπειλὴν</span> <span class='ocrx_word' id='word_1_364' title='bbox 2664 2280 2929 2350; x_wconf 80' lang='grc' dir='ltr'>κεράσας,</span> <span class='ocrx_word' id='word_1_365' title='bbox 2961 2278 3064 2347; x_wconf 68' lang='grc' dir='ltr'>εφη</span> <span class='ocrx_word' id='word_1_366' title='bbox 3111 2276 3249 2348; x_wconf 78' lang='grc' dir='ltr'>πρὸς</span> <span class='ocrx_word' id='word_1_367' title='bbox 3280 2274 3475 2338; x_wconf 80' lang='grc' dir='ltr'>αὐτούς</span> <span class='ocrx_word' id='word_1_368' title='bbox 3495 2289 3512 2307; x_wconf 78' lang='grc' dir='ltr'><strong>ο</strong></span> <span class='ocrx_word' id='word_1_369' title='bbox 3552 2271 3674 2327; x_wconf 71' lang='grc' dir='ltr'>Κᾶν</span> <span class='ocrx_word' id='word_1_370' title='bbox 3718 2271 3821 2341; x_wconf 71' lang='grc' dir='ltr'>ὀψε</span> <span class='ocrx_word' id='word_1_371' title='bbox 3856 2287 3985 2324; x_wconf 84' lang='grc' dir='ltr'>ποτε</span> 
     </span>
    </p>
   </div>
   <div class='ocr_carea' id='block_1_52' title="bbox 2400 2362 3989 2443">
    <p class='ocr_par' dir='ltr' id='par_1_52' title="bbox 2400 2362 3989 2443">
     <span class='ocr_line' id='line_1_52' title="bbox 2400 2362 3989 2443; baseline -0.008 -16"><span class='ocrx_word' id='word_1_372' title='bbox 2400 2376 2462 2429; x_wconf 81' lang='grc' dir='ltr'>τὸ</span> <span class='ocrx_word' id='word_1_373' title='bbox 2498 2373 2779 2443; x_wconf 85' lang='grc' dir='ltr'>συμφέρον</span> <span class='ocrx_word' id='word_1_374' title='bbox 2802 2371 2936 2440; x_wconf 88' lang='grc' dir='ltr'>ὑμῖν</span> <span class='ocrx_word' id='word_1_375' title='bbox 2970 2369 3192 2440; x_wconf 82' lang='grc' dir='ltr'>μάθετε,</span> <span class='ocrx_word' id='word_1_376' title='bbox 3222 2362 3267 2421; x_wconf 76' lang='grc' dir='ltr'>ὦ</span> <span class='ocrx_word' id='word_1_377' title='bbox 3291 2368 3503 2437; x_wconf 74' lang='grc' dir='ltr'>ἄνδρες,</span> <span class='ocrx_word' id='word_1_378' title='bbox 3539 2366 3636 2420; x_wconf 76' lang='grc' dir='ltr'>καὶ</span> <span class='ocrx_word' id='word_1_379' title='bbox 3660 2363 3989 2434; x_wconf 79' lang='grc' dir='ltr'>προσελθόν-</span> 
     </span>
    </p>
   </div>
   <div class='ocr_carea' id='block_1_53' title="bbox 2402 2456 3992 2543">
    <p class='ocr_par' dir='ltr' id='par_1_53' title="bbox 2402 2456 3992 2543">
     <span class='ocr_line' id='line_1_53' title="bbox 2402 2456 3992 2543; baseline -0.008 -22"><span class='ocrx_word' id='word_1_380' title='bbox 2402 2486 2491 2530; x_wconf 91' lang='grc' dir='ltr'><strong>τες</strong></span> <span class='ocrx_word' id='word_1_381' title='bbox 2522 2467 2722 2543; x_wconf 82' lang='grc' dir='ltr'>θύσατε</span> <span class='ocrx_word' id='word_1_382' title='bbox 2766 2468 2877 2526; x_wconf 84' lang='grc' dir='ltr'>τοῖς</span> <span class='ocrx_word' id='word_1_383' title='bbox 2916 2463 3079 2528; x_wconf 69' lang='grc' dir='ltr'>θεοῖς,</span> <span class='ocrx_word' id='word_1_384' title='bbox 3113 2462 3207 2515; x_wconf 70' lang='grc' dir='ltr'>καὶ</span> <span class='ocrx_word' id='word_1_385' title='bbox 3243 2460 3547 2532; x_wconf 83' lang='grc' dir='ltr'>κομίσασθε</span> <span class='ocrx_word' id='word_1_386' title='bbox 3579 2460 3679 2529; x_wconf 72' lang='grc' dir='ltr'><strong>τήν</strong></span> <span class='ocrx_word' id='word_1_387' title='bbox 3712 2457 3865 2525; x_wconf 71' lang='grc' dir='ltr'>ζωὴν</span> <span class='ocrx_word' id='word_1_388' title='bbox 3895 2456 3992 2509; x_wconf 72' lang='grc' dir='ltr'>καὶ</span> 
     </span>
    </p>
   </div>
   <div class='ocr_carea' id='block_1_54' title="bbox 2408 2547 3993 2630">
    <p class='ocr_par' dir='ltr' id='par_1_54' title="bbox 2408 2547 3993 2630">
     <span class='ocr_line' id='line_1_54' title="bbox 2408 2547 3993 2630; baseline -0.011 -15"><span class='ocrx_word' id='word_1_389' title='bbox 2408 2558 2483 2630; x_wconf 79' lang='grc' dir='ltr'>μὴ</span> <span class='ocrx_word' id='word_1_390' title='bbox 2513 2560 2604 2612; x_wconf 83' lang='grc' dir='ltr'>τὸν</span> <span class='ocrx_word' id='word_1_391' title='bbox 2640 2558 2842 2626; x_wconf 85' lang='grc' dir='ltr'>πικρὸν</span> <span class='ocrx_word' id='word_1_392' title='bbox 2873 2556 3126 2611; x_wconf 88' lang='grc' dir='ltr'>θάνατον.</span> <span class='ocrx_word' id='word_1_393' title='bbox 3164 2556 3225 2609; x_wconf 85' lang='grc' dir='ltr'><strong>Οί</strong></span> <span class='ocrx_word' id='word_1_394' title='bbox 3261 2554 3407 2621; x_wconf 71' lang='grc' dir='ltr'>ἅγιοι</span> <span class='ocrx_word' id='word_1_395' title='bbox 3450 2547 3638 2605; x_wconf 77' lang='grc' dir='ltr'>εἶπον·</span> <span class='ocrx_word' id='word_1_396' title='bbox 3679 2550 3858 2603; x_wconf 87' lang='grc' dir='ltr'>Τοῦτο</span> <span class='ocrx_word' id='word_1_397' title='bbox 3897 2566 3993 2607; x_wconf 80' lang='grc' dir='ltr'>κατ</span> 
     </span>
    </p>
   </div>
   <div class='ocr_carea' id='block_1_55' title="bbox 2403 2635 3992 2715">
    <p class='ocr_par' dir='ltr' id='par_1_55' title="bbox 2403 2635 3992 2715">
     <span class='ocr_line' id='line_1_55' title="bbox 2403 2635 3992 2715; baseline -0.009 -13"><span class='ocrx_word' id='word_1_398' title='bbox 2403 2651 2512 2711; x_wconf 85' lang='grc' dir='ltr'><strong>λῶς</strong></span> <span class='ocrx_word' id='word_1_399' title='bbox 2540 2646 3008 2715; x_wconf 72' lang='grc' dir='ltr'>ἐϐουλευσάμεθα,</span> <span class='ocrx_word' id='word_1_400' title='bbox 3036 2642 3275 2714; x_wconf 83' lang='grc' dir='ltr'>βασιλεῦ,</span> <span class='ocrx_word' id='word_1_401' title='bbox 3299 2643 3399 2711; x_wconf 82' lang='grc' dir='ltr'><strong>τήν</strong></span> <span class='ocrx_word' id='word_1_402' title='bbox 3425 2642 3757 2710; x_wconf 79' lang='grc' dir='ltr'>πρόσκαιρον</span> <span class='ocrx_word' id='word_1_403' title='bbox 3784 2635 3992 2706; x_wconf 87' lang='grc' dir='ltr'>ταύτην</span> 
     </span>
    </p>
   </div>
   <div class='ocr_carea' id='block_1_56' title="bbox 2408 2730 3994 2810">
    <p class='ocr_par' dir='ltr' id='par_1_56' title="bbox 2408 2730 3994 2810">
     <span class='ocr_line' id='line_1_56' title="bbox 2408 2730 3994 2810; baseline -0.009 -18"><span class='ocrx_word' id='word_1_404' title='bbox 2408 2739 2553 2810; x_wconf 79' lang='grc' dir='ltr'>ζωὴν</span> <span class='ocrx_word' id='word_1_405' title='bbox 2578 2738 2827 2810; x_wconf 81' lang='grc' dir='ltr'>μισῆσαι,</span> <span class='ocrx_word' id='word_1_406' title='bbox 2852 2737 3137 2803; x_wconf 77' lang='grc' dir='ltr'>ἀγαπῆσαι</span> <span class='ocrx_word' id='word_1_407' title='bbox 3164 2734 3221 2787; x_wconf 74' lang='grc' dir='ltr'>δὲ</span> <span class='ocrx_word' id='word_1_408' title='bbox 3252 2734 3343 2787; x_wconf 79' lang='grc' dir='ltr'>τὸν</span> <span class='ocrx_word' id='word_1_409' title='bbox 3373 2733 3737 2800; x_wconf 85' lang='grc' dir='ltr'>προκείμενον</span> <span class='ocrx_word' id='word_1_410' title='bbox 3760 2730 3994 2783; x_wconf 85' lang='grc' dir='ltr'>θάνατον</span> 
     </span>
    </p>
   </div>
   <div class='ocr_carea' id='block_1_57' title="bbox 2406 2818 3992 2899">
    <p class='ocr_par' dir='ltr' id='par_1_57' title="bbox 2406 2818 3992 2899">
     <span class='ocr_line' id='line_1_57' title="bbox 2406 2818 3992 2899; baseline -0.009 -14"><span class='ocrx_word' id='word_1_411' title='bbox 2406 2831 2495 2885; x_wconf 80' lang='grc' dir='ltr'>διὰ</span> <span class='ocrx_word' id='word_1_412' title='bbox 2526 2832 2619 2883; x_wconf 72' lang='grc' dir='ltr'>τὸν</span> <span class='ocrx_word' id='word_1_413' title='bbox 2640 2831 2719 2893; x_wconf 88' lang='grc' dir='ltr'><strong>είς</strong></span> <span class='ocrx_word' id='word_1_414' title='bbox 2743 2828 2978 2899; x_wconf 80' lang='grc' dir='ltr'>Χριστὸν</span> <span class='ocrx_word' id='word_1_415' title='bbox 3005 2826 3169 2880; x_wconf 84' lang='grc' dir='ltr'>πόθον</span> <span class='ocrx_word' id='word_1_416' title='bbox 3187 2839 3202 2855; x_wconf 86' lang='lat'><strong><em>°</em></strong></span> <span class='ocrx_word' id='word_1_417' title='bbox 3228 2824 3519 2894; x_wconf 62' lang='grc' dir='ltr'>ἐλπίζομεν</span> <span class='ocrx_word' id='word_1_418' title='bbox 3569 2824 3679 2891; x_wconf 79' lang='grc' dir='ltr'>γὰρ</span> <span class='ocrx_word' id='word_1_419' title='bbox 3726 2821 3796 2873; x_wconf 79' lang='grc' dir='ltr'>δι’</span> <span class='ocrx_word' id='word_1_420' title='bbox 3826 2818 3992 2872; x_wconf 82' lang='grc' dir='ltr'>αὑτοῦ</span> 
     </span>
    </p>
   </div>
   <div class='ocr_carea' id='block_1_58' title="bbox 2409 2911 3994 2993">
    <p class='ocr_par' dir='ltr' id='par_1_58' title="bbox 2409 2911 3994 2993">
     <span class='ocr_line' id='line_1_58' title="bbox 2409 2911 3994 2993; baseline -0.008 -17"><span class='ocrx_word' id='word_1_421' title='bbox 2409 2922 2669 2993; x_wconf 85' lang='grc' dir='ltr'>κερδάναι</span> <span class='ocrx_word' id='word_1_422' title='bbox 2720 2920 2821 2993; x_wconf 84' lang='grc' dir='ltr'><strong>τήν</strong></span> <span class='ocrx_word' id='word_1_423' title='bbox 2871 2918 3018 2991; x_wconf 77' lang='grc' dir='ltr'>ζωὴν</span> <span class='ocrx_word' id='word_1_424' title='bbox 3068 2920 3166 2988; x_wconf 81' lang='grc' dir='ltr'>τὴν</span> <span class='ocrx_word' id='word_1_425' title='bbox 3206 2916 3444 2970; x_wconf 72' lang='grc' dir='ltr'>αἰώνιον.</span> <span class='ocrx_word' id='word_1_426' title='bbox 3485 2914 3691 2969; x_wconf 68' lang='grc' dir='ltr'>Λοιπὸν</span> <span class='ocrx_word' id='word_1_427' title='bbox 3719 2911 3818 2966; x_wconf 81' lang='grc' dir='ltr'>οὖν</span> <span class='ocrx_word' id='word_1_428' title='bbox 3853 2911 3994 2964; x_wconf 75' lang='grc' dir='ltr'>ποίει</span> 
     </span>
    </p>
   </div>
   <div class='ocr_carea' id='block_1_59' title="bbox 2411 3004 3994 3085">
    <p class='ocr_par' dir='ltr' id='par_1_59' title="bbox 2411 3004 3994 3085">
     <span class='ocr_line' id='line_1_59' title="bbox 2411 3004 3994 3085; baseline -0.009 -16"><span class='ocrx_word' id='word_1_429' title='bbox 2411 3016 2695 3085; x_wconf 86' lang='grc' dir='ltr'>συντόμως</span> <span class='ocrx_word' id='word_1_430' title='bbox 2728 3016 2757 3069; x_wconf 79' lang='grc' dir='ltr'><strong>ὃ</strong></span> <span class='ocrx_word' id='word_1_431' title='bbox 2787 3015 3004 3083; x_wconf 85' lang='grc' dir='ltr'>βούλει·</span> <span class='ocrx_word' id='word_1_432' title='bbox 3039 3014 3199 3081; x_wconf 85' lang='grc' dir='ltr'>ήμεῖς</span> <span class='ocrx_word' id='word_1_433' title='bbox 3242 3010 3351 3080; x_wconf 81' lang='grc' dir='ltr'>γὰρ</span> <span class='ocrx_word' id='word_1_434' title='bbox 3397 3009 3497 3062; x_wconf 89' lang='grc' dir='ltr'><strong>οὑκ</strong></span> <span class='ocrx_word' id='word_1_435' title='bbox 3539 3004 3857 3079; x_wconf 80' lang='grc' dir='ltr'>ἀρνούμεθα</span> <span class='ocrx_word' id='word_1_436' title='bbox 3903 3004 3994 3055; x_wconf 80' lang='grc' dir='ltr'><strong>τὸν</strong></span> 
     </span>
    </p>
   </div>
   <div class='ocr_carea' id='block_1_60' title="bbox 2411 3096 3992 3175">
    <p class='ocr_par' dir='ltr' id='par_1_60' title="bbox 2411 3096 3992 3175">
     <span class='ocr_line' id='line_1_60' title="bbox 2411 3096 3992 3175; baseline -0.009 -14"><span class='ocrx_word' id='word_1_437' title='bbox 2411 3107 2544 3161; x_wconf 80' lang='grc' dir='ltr'>Θεὸν</span> <span class='ocrx_word' id='word_1_438' title='bbox 2574 3107 2756 3175; x_wconf 88' lang='grc' dir='ltr'>ήμῶν,</span> <span class='ocrx_word' id='word_1_439' title='bbox 2806 3104 2928 3158; x_wconf 80' lang='grc' dir='ltr'>οὐδὲ</span> <span class='ocrx_word' id='word_1_440' title='bbox 2964 3102 3088 3165; x_wconf 81' lang='grc' dir='ltr'>τοὺς</span> <span class='ocrx_word' id='word_1_441' title='bbox 3113 3101 3375 3171; x_wconf 84' lang='grc' dir='ltr'>δαίμονάς</span> <span class='ocrx_word' id='word_1_442' title='bbox 3413 3114 3509 3153; x_wconf 87' lang='grc' dir='ltr'><strong>σου</strong></span> <span class='ocrx_word' id='word_1_443' title='bbox 3541 3096 3992 3168; x_wconf 73' lang='grc' dir='ltr'>προσκυνοῦμεν·</span> 
     </span>
    </p>
   </div>
   <div class='ocr_carea' id='block_1_61' title="bbox 728 3188 2298 3282">
    <p class='ocr_par' dir='ltr' id='par_1_61' title="bbox 728 3202 2298 3282">
     <span class='ocr_line' id='line_1_61' title="bbox 728 3202 2298 3282; baseline -0.025 0"><span class='ocrx_word' id='word_1_444' title='bbox 728 3228 841 3282; x_wconf 78' lang='lat' dir='ltr'><strong>Nos</strong></span> <span class='ocrx_word' id='word_1_445' title='bbox 903 3222 1050 3276; x_wconf 89' lang='lat' dir='ltr'><strong>enim</strong></span> <span class='ocrx_word' id='word_1_446' title='bbox 1107 3229 1219 3268; x_wconf 88' lang='lat' dir='ltr'><strong>non</strong></span> <span class='ocrx_word' id='word_1_447' title='bbox 1275 3218 1541 3278; x_wconf 88' lang='lat' dir='ltr'><strong>negamus</strong></span> <span class='ocrx_word' id='word_1_448' title='bbox 1596 3202 1769 3255; x_wconf 90' lang='lat' dir='ltr'><strong>Deum</strong></span> <span class='ocrx_word' id='word_1_449' title='bbox 1815 3204 2088 3256; x_wconf 88' lang='lat' dir='ltr'><strong>nostrum,</strong></span> <span class='ocrx_word' id='word_1_450' title='bbox 2124 3204 2298 3259; x_wconf 87' lang='lat' dir='ltr'><strong>neque</strong></span> 
     </span>
    </p>
   </div>
   <div class='ocr_carea' id='block_1_62' title="bbox 2402 3188 3995 3282">
    <p class='ocr_par' dir='ltr' id='par_1_62' title="bbox 2412 3188 3995 3270">
     <span class='ocr_line' id='line_1_62' title="bbox 2412 3188 3995 3270; baseline -0.008 -17"><span class='ocrx_word' id='word_1_451' title='bbox 2412 3201 2471 3253; x_wconf 72' lang='grc' dir='ltr'>ἐν</span> <span class='ocrx_word' id='word_1_452' title='bbox 2496 3200 2605 3270; x_wconf 76' lang='grc' dir='ltr'><strong>γάρ</strong></span> <span class='ocrx_word' id='word_1_453' title='bbox 2633 3200 2700 3270; x_wconf 74' lang='grc' dir='ltr'>τῇ</span> <span class='ocrx_word' id='word_1_454' title='bbox 2732 3197 3060 3267; x_wconf 79' lang='grc' dir='ltr'>κατακρίσει</span> <span class='ocrx_word' id='word_1_455' title='bbox 3096 3193 3190 3249; x_wconf 85' lang='grc' dir='ltr'><strong>τοῦ</strong></span> <span class='ocrx_word' id='word_1_456' title='bbox 3222 3193 3559 3264; x_wconf 89' lang='grc' dir='ltr'>προσκαίρου</span> <span class='ocrx_word' id='word_1_457' title='bbox 3596 3191 3793 3244; x_wconf 82' lang='grc' dir='ltr'>τούτου</span> <span class='ocrx_word' id='word_1_458' title='bbox 3830 3188 3995 3242; x_wconf 75' lang='grc' dir='ltr'>θανάο</span> 
     </span>
    </p>
   </div>
   <div class='ocr_carea' id='block_1_63' title="bbox 732 3283 2307 3373">
    <p class='ocr_par' dir='ltr' id='par_1_63' title="bbox 732 3283 2307 3373">
     <span class='ocr_line' id='line_1_63' title="bbox 732 3283 2307 3373; baseline -0.025 0"><span class='ocrx_word' id='word_1_459' title='bbox 732 3318 1008 3373; x_wconf 69' lang='lat' dir='ltr'><strong>dmmoncs</strong></span> <span class='ocrx_word' id='word_1_460' title='bbox 1038 3318 1163 3363; x_wconf 88' lang='lat' dir='ltr'><strong>tuos</strong></span> <span class='ocrx_word' id='word_1_461' title='bbox 1222 3313 1463 3369; x_wconf 82' lang='lat' dir='ltr'><strong>unquam</strong></span> <span class='ocrx_word' id='word_1_462' title='bbox 1506 3290 1883 3348; x_wconf 88' lang='lat' dir='ltr'><strong>adorabimus.</strong></span> <span class='ocrx_word' id='word_1_463' title='bbox 1912 3284 2047 3341; x_wconf 86' lang='lat' dir='ltr'><strong>Nam</strong></span> <span class='ocrx_word' id='word_1_464' title='bbox 2084 3283 2138 3336; x_wconf 93' lang='lat' dir='ltr'><strong>in</strong></span> <span class='ocrx_word' id='word_1_465' title='bbox 2172 3296 2307 3337; x_wconf 91' lang='lat' dir='ltr'><strong>con-</strong></span> 
     </span>
    </p>
   </div>
   <div class='ocr_carea' id='block_1_64' title="bbox 729 3376 2312 3467">
    <p class='ocr_par' dir='ltr' id='par_1_64' title="bbox 729 3376 2312 3467">
     <span class='ocr_line' id='line_1_64' title="bbox 729 3376 2312 3467; baseline -0.025 -1"><span class='ocrx_word' id='word_1_466' title='bbox 729 3405 1080 3465; x_wconf 87' lang='lat' dir='ltr'><strong>dcmnatione</strong></span> <span class='ocrx_word' id='word_1_467' title='bbox 1109 3396 1274 3467; x_wconf 81' lang='lat' dir='ltr'><strong>hujus</strong></span> <span class='ocrx_word' id='word_1_468' title='bbox 1306 3388 1521 3449; x_wconf 91' lang='lat' dir='ltr'><strong>mortis,</strong></span> <span class='ocrx_word' id='word_1_469' title='bbox 1540 3399 1660 3456; x_wconf 68' lang='lat' dir='ltr'><strong>quae</strong></span> <span class='ocrx_word' id='word_1_470' title='bbox 1689 3390 1775 3437; x_wconf 90' lang='lat' dir='ltr'><strong>est</strong></span> <span class='ocrx_word' id='word_1_471' title='bbox 1805 3380 1873 3434; x_wconf 91' lang='lat' dir='ltr'><strong>ad</strong></span> <span class='ocrx_word' id='word_1_472' title='bbox 1905 3388 2144 3448; x_wconf 90' lang='lat' dir='ltr'><strong>tempus,</strong></span> <span class='ocrx_word' id='word_1_473' title='bbox 2172 3376 2312 3429; x_wconf 87' lang='lat' dir='ltr'><strong>libe-</strong></span> 
     </span>
    </p>
   </div>
   <div class='ocr_carea' id='block_1_65' title="bbox 734 3465 2312 3551">
    <p class='ocr_par' dir='ltr' id='par_1_65' title="bbox 734 3465 2312 3551">
     <span class='ocr_line' id='line_1_65' title="bbox 734 3465 2312 3551; baseline -0.022 0"><span class='ocrx_word' id='word_1_474' title='bbox 734 3507 919 3551; x_wconf 84' lang='lat' dir='ltr'><strong>ramur</strong></span> <span class='ocrx_word' id='word_1_475' title='bbox 944 3490 1013 3544; x_wconf 89' lang='lat' dir='ltr'><strong>ab</strong></span> <span class='ocrx_word' id='word_1_476' title='bbox 1047 3465 1251 3541; x_wconf 58' lang='lat' dir='ltr'><strong>aeterna</strong></span> <span class='ocrx_word' id='word_1_477' title='bbox 1304 3474 1784 3534; x_wconf 90' lang='lat' dir='ltr'><strong>condemnatione.</strong></span> <span class='ocrx_word' id='word_1_478' title='bbox 1815 3469 1942 3524; x_wconf 72' lang='lat' dir='ltr'><strong>Haec</strong></span> <span class='ocrx_word' id='word_1_479' title='bbox 1973 3483 2099 3522; x_wconf 91' lang='lat' dir='ltr'><strong>cum</strong></span> <span class='ocrx_word' id='word_1_480' title='bbox 2143 3465 2312 3518; x_wconf 85' lang='lat' dir='ltr'><strong>dixis-</strong></span> 
     </span>
    </p>
   </div>
   <div class='ocr_carea' id='block_1_66' title="bbox 731 3554 2311 3647">
    <p class='ocr_par' dir='ltr' id='par_1_66' title="bbox 731 3554 2311 3647">
     <span class='ocr_line' id='line_1_66' title="bbox 731 3554 2311 3647; baseline -0.024 -1"><span class='ocrx_word' id='word_1_481' title='bbox 731 3597 854 3647; x_wconf 88' lang='lat' dir='ltr'><strong>sent</strong></span> <span class='ocrx_word' id='word_1_482' title='bbox 906 3579 1081 3640; x_wconf 84' lang='lat' dir='ltr'><strong>sancti</strong></span> <span class='ocrx_word' id='word_1_483' title='bbox 1138 3584 1428 3642; x_wconf 77' lang='lat' dir='ltr'><strong>martyres,</strong></span> <span class='ocrx_word' id='word_1_484' title='bbox 1464 3566 1658 3619; x_wconf 90' lang='lat' dir='ltr'><strong>videns</strong></span> <span class='ocrx_word' id='word_1_485' title='bbox 1686 3572 1951 3633; x_wconf 87' lang='lat' dir='ltr'><strong>tyrannus</strong></span> <span class='ocrx_word' id='word_1_486' title='bbox 2009 3558 2063 3610; x_wconf 95' lang='lat' dir='ltr'><strong>in</strong></span> <span class='ocrx_word' id='word_1_487' title='bbox 2130 3554 2311 3610; x_wconf 79' lang='lat' dir='ltr'><strong>medio</strong></span> 
     </span>
    </p>
   </div>
   <div class='ocr_carea' id='block_1_67' title="bbox 735 3645 2311 3739">
    <p class='ocr_par' dir='ltr' id='par_1_67' title="bbox 735 3645 2311 3739">
     <span class='ocr_line' id='line_1_67' title="bbox 735 3645 2311 3739; baseline -0.024 -1"><span class='ocrx_word' id='word_1_488' title='bbox 735 3645 924 3739; x_wconf 74' lang='lat' dir='ltr'><strong>eorum</strong></span> <span class='ocrx_word' id='word_1_489' title='bbox 949 3672 1354 3728; x_wconf 86' lang='lat' dir='ltr'><strong>adolescentem</strong></span> <span class='ocrx_word' id='word_1_490' title='bbox 1382 3660 1519 3716; x_wconf 80' lang='lat' dir='ltr'><strong>dixit</strong></span> <span class='ocrx_word' id='word_1_491' title='bbox 1544 3658 1592 3713; x_wconf 92' lang='lat' dir='ltr'><strong>ei</strong></span> <span class='ocrx_word' id='word_1_492' title='bbox 1624 3675 1637 3711; x_wconf 90' lang='lat'><strong>:</strong></span> <span class='ocrx_word' id='word_1_493' title='bbox 1666 3657 1783 3717; x_wconf 92' lang='lat' dir='ltr'><strong>Dic,</strong></span> <span class='ocrx_word' id='word_1_494' title='bbox 1807 3645 2311 3718; x_wconf 87' lang='lat' dir='ltr'><strong>adolescens,quod</strong></span> 
     </span>
    </p>
   </div>
   <div class='ocr_carea' id='block_1_68' title="bbox 733 3742 2313 3830">
    <p class='ocr_par' dir='ltr' id='par_1_68' title="bbox 733 3742 2313 3830">
     <span class='ocr_line' id='line_1_68' title="bbox 733 3742 2313 3830; baseline -0.024 0"><span class='ocrx_word' id='word_1_495' title='bbox 733 3784 819 3830; x_wconf 90' lang='lat' dir='ltr'><strong>est</strong></span> <span class='ocrx_word' id='word_1_496' title='bbox 860 3770 957 3825; x_wconf 83' lang='lat' dir='ltr'><strong>tibi</strong></span> <span class='ocrx_word' id='word_1_497' title='bbox 1009 3778 1233 3823; x_wconf 79' lang='lat' dir='ltr'><strong>nomen,</strong></span> <span class='ocrx_word' id='word_1_498' title='bbox 1269 3769 1324 3813; x_wconf 89' lang='lat' dir='ltr'><strong>et</strong></span> <span class='ocrx_word' id='word_1_499' title='bbox 1386 3755 1539 3823; x_wconf 85' lang='lat' dir='ltr'><strong>cujas</strong></span> <span class='ocrx_word' id='word_1_500' title='bbox 1572 3765 1632 3804; x_wconf 91' lang='lat' dir='ltr'><strong>es</strong></span> <span class='ocrx_word' id='word_1_501' title='bbox 1660 3745 1900 3819; x_wconf 86' lang='lat' dir='ltr'><strong>genere?</strong></span> <span class='ocrx_word' id='word_1_502' title='bbox 1932 3744 2077 3798; x_wconf 83' lang='lat' dir='ltr'><strong>Dixit</strong></span> <span class='ocrx_word' id='word_1_503' title='bbox 2128 3742 2313 3796; x_wconf 86' lang='lat' dir='ltr'><strong>adole-</strong></span> 
     </span>
    </p>
   </div>
   <div class='ocr_carea' id='block_1_69' title="bbox 734 3915 2314 4030">
    <p class='ocr_par' dir='ltr' id='par_1_69' title="bbox 734 3915 2314 4030">
     <span class='ocr_line' id='line_1_69' title="bbox 734 3915 2314 4030; baseline -0.032 -14"><span class='ocrx_word' id='word_1_504' title='bbox 734 3970 895 4030; x_wconf 87' lang='lat' dir='ltr'><strong>cepto</strong></span> <span class='ocrx_word' id='word_1_505' title='bbox 944 3952 1189 4009; x_wconf 89' lang='lat' dir='ltr'><strong>nomine.</strong></span> <span class='ocrx_word' id='word_1_506' title='bbox 1221 3915 1353 4000; x_wconf 76' lang='lat' dir='ltr'><strong>sum</strong></span> <span class='ocrx_word' id='word_1_507' title='bbox 1386 3948 1571 3994; x_wconf 87' lang='lat' dir='ltr'><strong>autem</strong></span> <span class='ocrx_word' id='word_1_508' title='bbox 1631 3933 1789 3986; x_wconf 87' lang='lat' dir='ltr'><strong>miles</strong></span> <span class='ocrx_word' id='word_1_509' title='bbox 1815 3927 2043 3994; x_wconf 86' lang='lat' dir='ltr'><strong>Christi,</strong></span> <span class='ocrx_word' id='word_1_510' title='bbox 2077 3929 2171 3996; x_wconf 90' lang='lat' dir='ltr'><strong>qui</strong></span> <span class='ocrx_word' id='word_1_511' title='bbox 2211 3915 2314 3995; x_wconf 80' lang='lat' dir='ltr'><strong>p&#39;u-</strong></span> 
     </span>
    </p>
   </div>
   <div class='ocr_carea' id='block_1_70' title="bbox 736 4022 2312 4110">
    <p class='ocr_par' dir='ltr' id='par_1_70' title="bbox 736 4022 2312 4110">
     <span class='ocr_line' id='line_1_70' title="bbox 736 4022 2312 4110; baseline -0.021 -5"><span class='ocrx_word' id='word_1_512' title='bbox 736 4022 869 4105; x_wconf 45' lang='lat' dir='ltr'><strong>do&#39;re</strong></span> <span class='ocrx_word' id='word_1_513' title='bbox 903 4045 1085 4100; x_wconf 72' lang='lat' dir='ltr'><strong>aﬂ‘ecit</strong></span> <span class='ocrx_word' id='word_1_514' title='bbox 1115 4048 1323 4110; x_wconf 83' lang='lat' dir='ltr'><strong>patrem</strong></span> <span class='ocrx_word' id='word_1_515' title='bbox 1362 4044 1515 4087; x_wconf 91' lang='lat' dir='ltr'><strong>tuum</strong></span> <span class='ocrx_word' id='word_1_516' title='bbox 1555 4027 1833 4082; x_wconf 86' lang='lat' dir='ltr'><strong>Satanam.</strong></span> <span class='ocrx_word' id='word_1_517' title='bbox 1872 4022 1939 4076; x_wconf 87' lang='lat' dir='ltr'><strong>Et</strong></span> <span class='ocrx_word' id='word_1_518' title='bbox 1966 4036 2086 4075; x_wconf 88' lang='lat' dir='ltr'><strong>sum</strong></span> <span class='ocrx_word' id='word_1_519' title='bbox 2111 4032 2312 4090; x_wconf 79' lang='lat' dir='ltr'><strong>genere</strong></span> 
     </span>
    </p>
   </div>
   <div class='ocr_carea' id='block_1_71' title="bbox 736 4112 2313 4217">
    <p class='ocr_par' dir='ltr' id='par_1_71' title="bbox 736 4112 2313 4217">
     <span class='ocr_line' id='line_1_71' title="bbox 736 4112 2313 4217; baseline -0.021 -21"><span class='ocrx_word' id='word_1_520' title='bbox 736 4144 957 4217; x_wconf 85' lang='lat' dir='ltr'><strong>quidem</strong></span> <span class='ocrx_word' id='word_1_521' title='bbox 990 4137 1270 4192; x_wconf 75' lang='lat' dir='ltr'><strong>Romanus</strong></span> <span class='ocrx_word' id='word_1_522' title='bbox 1305 4146 1318 4181; x_wconf 89' lang='lat'>:</span> <span class='ocrx_word' id='word_1_523' title='bbox 1355 4126 1502 4180; x_wconf 78' lang='lat' dir='ltr'><strong>illius</strong></span> <span class='ocrx_word' id='word_1_524' title='bbox 1532 4136 1664 4176; x_wconf 87' lang='lat' dir='ltr'><strong>vero</strong></span> <span class='ocrx_word' id='word_1_525' title='bbox 1695 4129 1752 4173; x_wconf 90' lang='lat' dir='ltr'><strong>et</strong></span> <span class='ocrx_word' id='word_1_526' title='bbox 1786 4115 2026 4172; x_wconf 87' lang='lat' dir='ltr'><strong>carnalis</strong></span> <span class='ocrx_word' id='word_1_527' title='bbox 2066 4123 2120 4167; x_wconf 90' lang='lat' dir='ltr'><strong>et</strong></span> <span class='ocrx_word' id='word_1_528' title='bbox 2143 4112 2313 4183; x_wconf 84' lang='lat' dir='ltr'><strong>spiri-</strong></span> 
     </span>
    </p>
   </div>
   <div class='ocr_carea' id='block_1_72' title="bbox 737 4206 2313 4293">
    <p class='ocr_par' dir='ltr' id='par_1_72' title="bbox 737 4206 2313 4293">
     <span class='ocr_line' id='line_1_72' title="bbox 737 4206 2313 4293; baseline -0.022 -1"><span class='ocrx_word' id='word_1_529' title='bbox 737 4206 860 4293; x_wconf 62' lang='lat' dir='ltr'><strong>talis</strong></span> <span class='ocrx_word' id='word_1_530' title='bbox 886 4226 1135 4286; x_wconf 77' lang='lat' dir='ltr'><strong>Mauricii</strong></span> <span class='ocrx_word' id='word_1_531' title='bbox 1182 4217 1497 4276; x_wconf 88' lang='lat' dir='ltr'><strong>clarissimi.</strong></span> <span class='ocrx_word' id='word_1_532' title='bbox 1531 4214 1610 4267; x_wconf 82' lang='lat' dir='ltr'><strong>Ex</strong></span> <span class='ocrx_word' id='word_1_533' title='bbox 1656 4226 1723 4264; x_wconf 91' lang='lat' dir='ltr'><strong>eo</strong></span> <span class='ocrx_word' id='word_1_534' title='bbox 1753 4209 1902 4264; x_wconf 91' lang='lat' dir='ltr'><strong>enim</strong></span> <span class='ocrx_word' id='word_1_535' title='bbox 1951 4217 2129 4269; x_wconf 88' lang='lat' dir='ltr'><strong>ortus,</strong></span> <span class='ocrx_word' id='word_1_536' title='bbox 2157 4215 2212 4261; x_wconf 90' lang='lat' dir='ltr'><strong>et</strong></span> <span class='ocrx_word' id='word_1_537' title='bbox 2244 4206 2313 4258; x_wconf 92' lang='lat' dir='ltr'><strong>ab</strong></span> 
     </span>
    </p>
   </div>
   <div class='ocr_carea' id='block_1_73' title="bbox 736 4298 2313 4391">
    <p class='ocr_par' dir='ltr' id='par_1_73' title="bbox 736 4298 2313 4391">
     <span class='ocr_line' id='line_1_73' title="bbox 736 4298 2313 4391; baseline -0.02 -8"><span class='ocrx_word' id='word_1_538' title='bbox 736 4342 804 4383; x_wconf 89' lang='lat' dir='ltr'><strong>eo</strong></span> <span class='ocrx_word' id='word_1_539' title='bbox 852 4331 1073 4391; x_wconf 86' lang='lat' dir='ltr'><strong>accepta</strong></span> <span class='ocrx_word' id='word_1_540' title='bbox 1132 4313 1223 4370; x_wconf 88' lang='lat' dir='ltr'><strong>Dei</strong></span> <span class='ocrx_word' id='word_1_541' title='bbox 1258 4308 1595 4382; x_wconf 81' lang='lat' dir='ltr'><strong>cognitione,</strong></span> <span class='ocrx_word' id='word_1_542' title='bbox 1644 4306 1701 4358; x_wconf 86' lang='lat' dir='ltr'><strong>in</strong></span> <span class='ocrx_word' id='word_1_543' title='bbox 1757 4299 1964 4357; x_wconf 87' lang='lat' dir='ltr'><strong>Christi</strong></span> <span class='ocrx_word' id='word_1_544' title='bbox 2031 4298 2138 4353; x_wconf 79' lang='lat' dir='ltr'><strong>ﬁde</strong></span> <span class='ocrx_word' id='word_1_545' title='bbox 2190 4312 2313 4353; x_wconf 86' lang='lat' dir='ltr'><strong>sum</strong></span> 
     </span>
    </p>
   </div>
   <div class='ocr_carea' id='block_1_74' title="bbox 739 4396 2317 4479">
    <p class='ocr_par' dir='ltr' id='par_1_74' title="bbox 739 4396 2317 4479">
     <span class='ocr_line' id='line_1_74' title="bbox 739 4396 2317 4479; baseline -0.022 -3"><span class='ocrx_word' id='word_1_546' title='bbox 739 4420 1029 4477; x_wconf 84' lang='lat' dir='ltr'><strong>educatus.</strong></span> <span class='ocrx_word' id='word_1_547' title='bbox 1095 4419 1258 4479; x_wconf 89' lang='lat' dir='ltr'><strong>quem</strong></span> <span class='ocrx_word' id='word_1_548' title='bbox 1300 4415 1355 4458; x_wconf 89' lang='lat' dir='ltr'><strong>tu</strong></span> <span class='ocrx_word' id='word_1_549' title='bbox 1392 4414 1619 4470; x_wconf 83' lang='lat' dir='ltr'><strong>negans,</strong></span> <span class='ocrx_word' id='word_1_550' title='bbox 1649 4412 1682 4450; x_wconf 92' lang='grc' dir='ltr'><strong>ο</strong></span> <span class='ocrx_word' id='word_1_551' title='bbox 1738 4396 2060 4463; x_wconf 87' lang='lat' dir='ltr'><strong>imperator,</strong></span> <span class='ocrx_word' id='word_1_552' title='bbox 2094 4406 2317 4461; x_wconf 85' lang='lat' dir='ltr'><strong>compa-</strong></span> 
     </span>
    </p>
   </div>
   <div class='ocr_carea' id='block_1_75' title="bbox 740 4484 2316 4576">
    <p class='ocr_par' dir='ltr' id='par_1_75' title="bbox 740 4484 2316 4576">
     <span class='ocr_line' id='line_1_75' title="bbox 740 4484 2316 4576; baseline -0.02 -7"><span class='ocrx_word' id='word_1_553' title='bbox 740 4522 894 4569; x_wconf 86' lang='lat' dir='ltr'><strong>ratus</strong></span> <span class='ocrx_word' id='word_1_554' title='bbox 924 4523 985 4563; x_wconf 86' lang='lat' dir='ltr'><strong>es</strong></span> <span class='ocrx_word' id='word_1_555' title='bbox 1012 4500 1280 4576; x_wconf 72' lang='lat' dir='ltr'><strong>iumentis</strong></span> <span class='ocrx_word' id='word_1_556' title='bbox 1333 4490 1745 4561; x_wconf 86' lang='lat' dir='ltr'><strong>insipientibus,</strong></span> <span class='ocrx_word' id='word_1_557' title='bbox 1790 4495 1846 4541; x_wconf 88' lang='lat' dir='ltr'><strong>et</strong></span> <span class='ocrx_word' id='word_1_558' title='bbox 1908 4484 2105 4539; x_wconf 90' lang='lat' dir='ltr'><strong>similis</strong></span> <span class='ocrx_word' id='word_1_559' title='bbox 2139 4484 2316 4537; x_wconf 82' lang='lat' dir='ltr'><strong>factus</strong></span> 
     </span>
    </p>
   </div>
   <div class='ocr_carea' id='block_1_76' title="bbox 744 4603 960 4659">
    <p class='ocr_par' dir='ltr' id='par_1_76' title="bbox 744 4603 960 4659">
     <span class='ocr_line' id='line_1_76' title="bbox 744 4603 960 4659; baseline -0.023 0"><span class='ocrx_word' id='word_1_560' title='bbox 744 4620 801 4659; x_wconf 86' lang='lat' dir='ltr'><strong>es</strong></span> <span class='ocrx_word' id='word_1_561' title='bbox 834 4603 960 4657; x_wconf 89' lang='lat' dir='ltr'><strong>illis.</strong></span> 
     </span>
    </p>
   </div>
   <div class='ocr_carea' id='block_1_77' title="bbox 814 4672 2317 4758">
    <p class='ocr_par' dir='ltr' id='par_1_77' title="bbox 814 4672 2317 4758">
     <span class='ocr_line' id='line_1_77' title="bbox 814 4672 2317 4758; baseline -0.02 -8"><span class='ocrx_word' id='word_1_562' title='bbox 814 4691 908 4751; x_wconf 76' lang='lat' dir='ltr'><strong>IX.</strong></span> <span class='ocrx_word' id='word_1_563' title='bbox 951 4691 1097 4747; x_wconf 77' lang='lat' dir='ltr'><strong>Dixit</strong></span> <span class='ocrx_word' id='word_1_564' title='bbox 1155 4697 1422 4758; x_wconf 81' lang='lat' dir='ltr'><strong>tyrannus</strong></span> <span class='ocrx_word' id='word_1_565' title='bbox 1457 4699 1470 4733; x_wconf 91' lang='lat'><strong>:</strong></span> <span class='ocrx_word' id='word_1_566' title='bbox 1522 4678 1737 4734; x_wconf 90' lang='lat' dir='ltr'><strong>Stultus</strong></span> <span class='ocrx_word' id='word_1_567' title='bbox 1770 4690 1829 4729; x_wconf 91' lang='lat' dir='ltr'><strong>es</strong></span> <span class='ocrx_word' id='word_1_568' title='bbox 1889 4672 2229 4732; x_wconf 86' lang='lat' dir='ltr'><strong>adolescens,</strong></span> <span class='ocrx_word' id='word_1_569' title='bbox 2261 4678 2317 4722; x_wconf 84' lang='lat' dir='ltr'><strong>et</strong></span> 
     </span>
    </p>
   </div>
   <div class='ocr_carea' id='block_1_78' title="bbox 2411 3278 3998 3359">
    <p class='ocr_par' dir='ltr' id='par_1_78' title="bbox 2411 3278 3998 3359">
     <span class='ocr_line' id='line_1_78' title="bbox 2411 3278 3998 3359; baseline -0.01 -15"><span class='ocrx_word' id='word_1_570' title='bbox 2411 3307 2528 3355; x_wconf 91' lang='grc' dir='ltr'>του,</span> <span class='ocrx_word' id='word_1_571' title='bbox 2560 3291 2660 3359; x_wconf 83' lang='grc' dir='ltr'>τῆς</span> <span class='ocrx_word' id='word_1_572' title='bbox 2682 3289 2905 3341; x_wconf 87' lang='grc' dir='ltr'>αίωνίου</span> <span class='ocrx_word' id='word_1_573' title='bbox 2937 3284 3319 3355; x_wconf 83' lang='grc' dir='ltr'>κατακρίσεως</span> <span class='ocrx_word' id='word_1_574' title='bbox 3350 3278 3809 3350; x_wconf 80' lang='grc' dir='ltr'>ὲλευθερούμεθα.</span> <span class='ocrx_word' id='word_1_575' title='bbox 3857 3278 3998 3330; x_wconf 82' lang='grc' dir='ltr'>Ταῦ-</span> 
     </span>
    </p>
   </div>
   <div class='ocr_carea' id='block_1_79' title="bbox 2412 3371 3997 3444">
    <p class='ocr_par' dir='ltr' id='par_1_79' title="bbox 2412 3371 3997 3444">
     <span class='ocr_line' id='line_1_79' title="bbox 2412 3371 3997 3444; baseline -0.007 -12"><span class='ocrx_word' id='word_1_576' title='bbox 2412 3398 2481 3434; x_wconf 89' lang='grc' dir='ltr'><strong>τα</strong></span> <span class='ocrx_word' id='word_1_577' title='bbox 2515 3381 2783 3433; x_wconf 75' lang='grc' dir='ltr'>εἰπόντων</span> <span class='ocrx_word' id='word_1_578' title='bbox 2820 3378 2930 3431; x_wconf 87' lang='grc' dir='ltr'><strong>τῶν</strong></span> <span class='ocrx_word' id='word_1_579' title='bbox 2994 3376 3191 3444; x_wconf 76' lang='grc' dir='ltr'>ἁγίων,</span> <span class='ocrx_word' id='word_1_580' title='bbox 3237 3373 3522 3442; x_wconf 82' lang='grc' dir='ltr'>θεωρήσας</span> <span class='ocrx_word' id='word_1_581' title='bbox 3558 3374 3586 3423; x_wconf 82' lang='grc' dir='ltr'>ὁ</span> <span class='ocrx_word' id='word_1_582' title='bbox 3630 3371 3903 3439; x_wconf 87' lang='grc' dir='ltr'>τύραννος</span> <span class='ocrx_word' id='word_1_583' title='bbox 3942 3373 3997 3421; x_wconf 71' lang='grc' dir='ltr'>ἐν</span> 
     </span>
    </p>
   </div>
   <div class='ocr_carea' id='block_1_80' title="bbox 2417 3464 3997 3544">
    <p class='ocr_par' dir='ltr' id='par_1_80' title="bbox 2417 3464 3997 3544">
     <span class='ocr_line' id='line_1_80' title="bbox 2417 3464 3997 3544; baseline -0.006 -19"><span class='ocrx_word' id='word_1_584' title='bbox 2417 3473 2570 3544; x_wconf 80' lang='grc' dir='ltr'>μέσῳ</span> <span class='ocrx_word' id='word_1_585' title='bbox 2592 3470 2772 3525; x_wconf 83' lang='grc' dir='ltr'>αὑτῶν</span> <span class='ocrx_word' id='word_1_586' title='bbox 2795 3473 3035 3535; x_wconf 89' lang='grc' dir='ltr'>νεανίαν,</span> <span class='ocrx_word' id='word_1_587' title='bbox 3070 3470 3175 3539; x_wconf 79' lang='grc' dir='ltr'><strong>εφη</strong></span> <span class='ocrx_word' id='word_1_588' title='bbox 3201 3467 3339 3539; x_wconf 69' lang='grc' dir='ltr'>πρὸς</span> <span class='ocrx_word' id='word_1_589' title='bbox 3363 3466 3554 3519; x_wconf 84' lang='grc' dir='ltr'>αὐτόν·</span> <span class='ocrx_word' id='word_1_590' title='bbox 3589 3464 3655 3517; x_wconf 84' lang='grc' dir='ltr'>Τί</span> <span class='ocrx_word' id='word_1_591' title='bbox 3680 3478 3777 3517; x_wconf 89' lang='grc' dir='ltr'><strong>σου</strong></span> <span class='ocrx_word' id='word_1_592' title='bbox 3801 3465 3997 3533; x_wconf 72' lang='grc' dir='ltr'>τυγχά-</span> 
     </span>
    </p>
   </div>
   <div class='ocr_carea' id='block_1_81' title="bbox 2416 3558 4001 3637">
    <p class='ocr_par' dir='ltr' id='par_1_81' title="bbox 2416 3558 4001 3637">
     <span class='ocr_line' id='line_1_81' title="bbox 2416 3558 4001 3637; baseline -0.009 -15"><span class='ocrx_word' id='word_1_593' title='bbox 2416 3588 2495 3623; x_wconf 86' lang='grc' dir='ltr'><strong>νει</strong></span> <span class='ocrx_word' id='word_1_594' title='bbox 2528 3568 2589 3622; x_wconf 81' lang='grc' dir='ltr'>τὸ</span> <span class='ocrx_word' id='word_1_595' title='bbox 2615 3568 2808 3637; x_wconf 79' lang='grc' dir='ltr'>ὄνομα,</span> <span class='ocrx_word' id='word_1_596' title='bbox 2835 3565 2933 3621; x_wconf 75' lang='grc' dir='ltr'>καὶ</span> <span class='ocrx_word' id='word_1_597' title='bbox 2958 3565 3123 3620; x_wconf 86' lang='grc' dir='ltr'>πόθεν</span> <span class='ocrx_word' id='word_1_598' title='bbox 3152 3561 3421 3634; x_wconf 81' lang='grc' dir='ltr'>ὑπάρχεις</span> <span class='ocrx_word' id='word_1_599' title='bbox 3449 3560 3529 3631; x_wconf 86' lang='grc' dir='ltr'>τῷ</span> <span class='ocrx_word' id='word_1_600' title='bbox 3562 3559 3709 3629; x_wconf 76' lang='grc' dir='ltr'>γένει</span> <span class='ocrx_word' id='word_1_601' title='bbox 3734 3576 3749 3625; x_wconf 85' lang='grc'><strong>;</strong></span> <span class='ocrx_word' id='word_1_602' title='bbox 3779 3558 3855 3611; x_wconf 85' lang='grc' dir='ltr'><strong>Τὸ</strong></span> <span class='ocrx_word' id='word_1_603' title='bbox 3886 3573 4001 3627; x_wconf 88' lang='grc' dir='ltr'>μει-</span> 
     </span>
    </p>
   </div>
   <div class='ocr_carea' id='block_1_82' title="bbox 2419 3650 3998 3733">
    <p class='ocr_par' dir='ltr' id='par_1_82' title="bbox 2419 3650 3998 3733">
     <span class='ocr_line' id='line_1_82' title="bbox 2419 3650 3998 3733; baseline -0.009 -18"><span class='ocrx_word' id='word_1_604' title='bbox 2419 3663 2609 3733; x_wconf 74' lang='grc' dir='ltr'>ράκιον</span> <span class='ocrx_word' id='word_1_605' title='bbox 2659 3660 2763 3731; x_wconf 76' lang='grc' dir='ltr'>ἔφη</span> <span class='ocrx_word' id='word_1_606' title='bbox 2784 3676 2797 3690; x_wconf 86' lang='grc'><strong>·</strong></span> <span class='ocrx_word' id='word_1_607' title='bbox 2827 3660 3091 3719; x_wconf 76' lang='grc' dir='ltr'>Φωτεινδς</span> <span class='ocrx_word' id='word_1_608' title='bbox 3122 3655 3462 3723; x_wconf 79' lang='grc' dir='ltr'>ὀνομάζομαι</span> <span class='ocrx_word' id='word_1_609' title='bbox 3494 3651 3647 3721; x_wconf 86' lang='grc' dir='ltr'>παρὰ</span> <span class='ocrx_word' id='word_1_610' title='bbox 3684 3650 3780 3705; x_wconf 84' lang='grc' dir='ltr'><strong>τοῦ</strong></span> <span class='ocrx_word' id='word_1_611' title='bbox 3808 3650 3998 3719; x_wconf 77' lang='grc' dir='ltr'>ἀληθι-</span> 
     </span>
    </p>
   </div>
   <div class='ocr_carea' id='block_1_83' title="bbox 2416 3741 4001 3819">
    <p class='ocr_par' dir='ltr' id='par_1_83' title="bbox 2416 3741 4001 3819">
     <span class='ocr_line' id='line_1_83' title="bbox 2416 3741 4001 3819; baseline -0.009 -14"><span class='ocrx_word' id='word_1_612' title='bbox 2416 3752 2509 3805; x_wconf 86' lang='grc' dir='ltr'><strong>νοῦ</strong></span> <span class='ocrx_word' id='word_1_613' title='bbox 2551 3750 2731 3819; x_wconf 69' lang='grc' dir='ltr'>φωτὸς</span> <span class='ocrx_word' id='word_1_614' title='bbox 2787 3749 2887 3819; x_wconf 80' lang='grc' dir='ltr'>τὴν</span> <span class='ocrx_word' id='word_1_615' title='bbox 2933 3747 3127 3816; x_wconf 84' lang='grc' dir='ltr'>κλῆσιν</span> <span class='ocrx_word' id='word_1_616' title='bbox 3175 3745 3492 3815; x_wconf 80' lang='grc' dir='ltr'>δεξάμενος,</span> <span class='ocrx_word' id='word_1_617' title='bbox 3527 3743 3620 3795; x_wconf 70' lang='grc' dir='ltr'><strong>καῖ</strong></span> <span class='ocrx_word' id='word_1_618' title='bbox 3656 3741 4001 3810; x_wconf 77' lang='grc' dir='ltr'>στρατιώτης</span> 
     </span>
    </p>
   </div>
   <div class='ocr_carea' id='block_1_84' title="bbox 2293 3832 4003 3913">
    <p class='ocr_par' dir='ltr' id='par_1_84' title="bbox 2293 3832 4003 3913">
     <span class='ocr_line' id='line_1_84' title="bbox 2293 3832 4003 3913; baseline -0.007 -16"><span class='ocrx_word' id='word_1_619' title='bbox 2293 3859 2312 3872; x_wconf 64' lang='grc' dir='ltr'><strong>ο</strong></span> <span class='ocrx_word' id='word_1_620' title='bbox 2415 3843 2533 3912; x_wconf 76' lang='grc' dir='ltr'>εἰμὶ</span> <span class='ocrx_word' id='word_1_621' title='bbox 2562 3838 2828 3913; x_wconf 83' lang='grc' dir='ltr'>Χριστοῦ,</span> <span class='ocrx_word' id='word_1_622' title='bbox 2857 3838 2953 3893; x_wconf 90' lang='grc' dir='ltr'><strong>τοῦ</strong></span> <span class='ocrx_word' id='word_1_623' title='bbox 2994 3837 3457 3909; x_wconf 83' lang='grc' dir='ltr'>καταισχύναντος</span> <span class='ocrx_word' id='word_1_624' title='bbox 3482 3835 3575 3889; x_wconf 78' lang='grc' dir='ltr'><strong>τὸν</strong></span> <span class='ocrx_word' id='word_1_625' title='bbox 3608 3834 3880 3898; x_wconf 78' lang='grc' dir='ltr'>Σατανᾶν,</span> <span class='ocrx_word' id='word_1_626' title='bbox 3911 3832 4003 3887; x_wconf 81' lang='grc' dir='ltr'>τὸν</span> 
     </span>
    </p>
   </div>
   <div class='ocr_carea' id='block_1_85' title="bbox 2418 3927 4007 4004">
    <p class='ocr_par' dir='ltr' id='par_1_85' title="bbox 2418 3927 4007 4004">
     <span class='ocr_line' id='line_1_85' title="bbox 2418 3927 4007 4004; baseline -0.006 -17"><span class='ocrx_word' id='word_1_627' title='bbox 2418 3933 2629 4004; x_wconf 78' lang='grc' dir='ltr'>πατέρα</span> <span class='ocrx_word' id='word_1_628' title='bbox 2660 3949 2753 3986; x_wconf 91' lang='grc' dir='ltr'><strong>σου</strong></span> <span class='ocrx_word' id='word_1_629' title='bbox 2779 3948 2794 3962; x_wconf 77' lang='grc' dir='ltr'><strong>ο</strong></span> <span class='ocrx_word' id='word_1_630' title='bbox 2838 3932 3112 4002; x_wconf 82' lang='grc' dir='ltr'>Ῥωμαῖος</span> <span class='ocrx_word' id='word_1_631' title='bbox 3146 3931 3205 3984; x_wconf 72' lang='grc' dir='ltr'>δὲ</span> <span class='ocrx_word' id='word_1_632' title='bbox 3231 3931 3466 3999; x_wconf 78' lang='grc' dir='ltr'>ὑπάρχω</span> <span class='ocrx_word' id='word_1_633' title='bbox 3492 3928 3551 3981; x_wconf 79' lang='grc' dir='ltr'>τὸ</span> <span class='ocrx_word' id='word_1_634' title='bbox 3578 3928 3762 3996; x_wconf 72' lang='grc' dir='ltr'>γένος,</span> <span class='ocrx_word' id='word_1_635' title='bbox 3792 3927 4007 3996; x_wconf 79' lang='grc' dir='ltr'>Μαυρι-</span> 
     </span>
    </p>
   </div>
   <div class='ocr_carea' id='block_1_86' title="bbox 2416 4020 4006 4092">
    <p class='ocr_par' dir='ltr' id='par_1_86' title="bbox 2416 4020 4006 4092">
     <span class='ocr_line' id='line_1_86' title="bbox 2416 4020 4006 4092; baseline -0.007 -11"><span class='ocrx_word' id='word_1_636' title='bbox 2416 4029 2539 4081; x_wconf 89' lang='grc' dir='ltr'>κίου</span> <span class='ocrx_word' id='word_1_637' title='bbox 2590 4027 2686 4082; x_wconf 87' lang='grc' dir='ltr'><strong>τοῦ</strong></span> <span class='ocrx_word' id='word_1_638' title='bbox 2743 4024 3093 4091; x_wconf 71' lang='grc' dir='ltr'>ἔνδοξότοιτου</span> <span class='ocrx_word' id='word_1_639' title='bbox 3147 4024 3432 4092; x_wconf 72' lang='grc' dir='ltr'>τυγχάνων</span> <span class='ocrx_word' id='word_1_640' title='bbox 3470 4020 3584 4078; x_wconf 83' lang='grc' dir='ltr'>υίὸς</span> <span class='ocrx_word' id='word_1_641' title='bbox 3628 4020 3900 4086; x_wconf 85' lang='grc' dir='ltr'>σαρκικός</span> <span class='ocrx_word' id='word_1_642' title='bbox 3947 4034 4006 4070; x_wconf 88' lang='grc' dir='ltr'><strong>τε</strong></span> 
     </span>
    </p>
   </div>
   <div class='ocr_carea' id='block_1_87' title="bbox 2416 4110 4007 4192">
    <p class='ocr_par' dir='ltr' id='par_1_87' title="bbox 2416 4110 4007 4192">
     <span class='ocr_line' id='line_1_87' title="bbox 2416 4110 4007 4192; baseline -0.009 -15"><span class='ocrx_word' id='word_1_643' title='bbox 2416 4124 2512 4177; x_wconf 79' lang='grc' dir='ltr'>καὶ</span> <span class='ocrx_word' id='word_1_644' title='bbox 2550 4121 2957 4192; x_wconf 77' lang='grc' dir='ltr'>πνευματικός·</span> <span class='ocrx_word' id='word_1_645' title='bbox 2998 4117 3058 4182; x_wconf 72' lang='grc' dir='ltr'><strong>ἐξ</strong></span> <span class='ocrx_word' id='word_1_646' title='bbox 3088 4115 3255 4171; x_wconf 72' lang='grc' dir='ltr'>αὑτοῦ</span> <span class='ocrx_word' id='word_1_647' title='bbox 3298 4116 3407 4185; x_wconf 87' lang='grc' dir='ltr'><strong>γάρ</strong></span> <span class='ocrx_word' id='word_1_648' title='bbox 3454 4111 3737 4185; x_wconf 86' lang='grc' dir='ltr'>προελθὼν</span> <span class='ocrx_word' id='word_1_649' title='bbox 3780 4115 3877 4166; x_wconf 79' lang='grc' dir='ltr'>καὶ</span> <span class='ocrx_word' id='word_1_650' title='bbox 3906 4110 4007 4182; x_wconf 78' lang='grc' dir='ltr'>τὴν</span> 
     </span>
    </p>
   </div>
   <div class='ocr_carea' id='block_1_88' title="bbox 2416 4207 4007 4287">
    <p class='ocr_par' dir='ltr' id='par_1_88' title="bbox 2416 4207 4007 4287">
     <span class='ocr_line' id='line_1_88' title="bbox 2416 4207 4007 4287; baseline -0.008 -17"><span class='ocrx_word' id='word_1_651' title='bbox 2416 4216 2620 4287; x_wconf 86' lang='grc' dir='ltr'>γνῶσιν</span> <span class='ocrx_word' id='word_1_652' title='bbox 2647 4213 2779 4285; x_wconf 85' lang='grc' dir='ltr'>παρ’</span> <span class='ocrx_word' id='word_1_653' title='bbox 2802 4211 2969 4267; x_wconf 87' lang='grc' dir='ltr'>αὑτοῦ</span> <span class='ocrx_word' id='word_1_654' title='bbox 3000 4208 3240 4283; x_wconf 83' lang='grc' dir='ltr'>είληφὼς</span> <span class='ocrx_word' id='word_1_655' title='bbox 3273 4208 3365 4264; x_wconf 88' lang='grc' dir='ltr'><strong>τοῦ</strong></span> <span class='ocrx_word' id='word_1_656' title='bbox 3392 4207 3553 4272; x_wconf 86' lang='grc' dir='ltr'>Θεοῦ,</span> <span class='ocrx_word' id='word_1_657' title='bbox 3581 4208 3662 4272; x_wconf 83' lang='grc' dir='ltr'><strong>είς</strong></span> <span class='ocrx_word' id='word_1_658' title='bbox 3686 4208 3791 4275; x_wconf 78' lang='grc' dir='ltr'><strong>τὴν</strong></span> <span class='ocrx_word' id='word_1_659' title='bbox 3821 4208 4007 4258; x_wconf 85' lang='grc' dir='ltr'>πίστιν</span> 
     </span>
    </p>
   </div>
   <div class='ocr_carea' id='block_1_89' title="bbox 2418 4297 4005 4380">
    <p class='ocr_par' dir='ltr' id='par_1_89' title="bbox 2418 4297 4005 4380">
     <span class='ocr_line' id='line_1_89' title="bbox 2418 4297 4005 4380; baseline -0.008 -18"><span class='ocrx_word' id='word_1_660' title='bbox 2418 4308 2736 4380; x_wconf 82' lang='grc' dir='ltr'>ἀνετράφην</span> <span class='ocrx_word' id='word_1_661' title='bbox 2775 4307 2870 4360; x_wconf 88' lang='grc' dir='ltr'><strong>τοῦ</strong></span> <span class='ocrx_word' id='word_1_662' title='bbox 2907 4304 3172 4377; x_wconf 85' lang='grc' dir='ltr'>Χριστοῦ,</span> <span class='ocrx_word' id='word_1_663' title='bbox 3198 4303 3259 4355; x_wconf 79' lang='grc' dir='ltr'><strong>δν</strong></span> <span class='ocrx_word' id='word_1_664' title='bbox 3288 4303 3351 4356; x_wconf 82' lang='grc' dir='ltr'>σὺ</span> <span class='ocrx_word' id='word_1_665' title='bbox 3384 4298 3822 4369; x_wconf 81' lang='grc' dir='ltr'>άπαρνούμενος,</span> <span class='ocrx_word' id='word_1_666' title='bbox 3847 4297 4005 4367; x_wconf 68' lang='grc' dir='ltr'>βασι.</span> 
     </span>
    </p>
   </div>
   <div class='ocr_carea' id='block_1_90' title="bbox 2418 4392 4006 4468">
    <p class='ocr_par' dir='ltr' id='par_1_90' title="bbox 2418 4392 4006 4468">
     <span class='ocr_line' id='line_1_90' title="bbox 2418 4392 4006 4468; baseline -0.009 -14"><span class='ocrx_word' id='word_1_667' title='bbox 2418 4401 2533 4465; x_wconf 82' lang='grc' dir='ltr'>λεῦ,</span> <span class='ocrx_word' id='word_1_668' title='bbox 2589 4396 3080 4468; x_wconf 80' lang='grc' dir='ltr'>παρασυνεδλήθης</span> <span class='ocrx_word' id='word_1_669' title='bbox 3134 4395 3247 4456; x_wconf 87' lang='grc' dir='ltr'>τοῖς</span> <span class='ocrx_word' id='word_1_670' title='bbox 3305 4394 3528 4463; x_wconf 86' lang='grc' dir='ltr'>κτήνεσι</span> <span class='ocrx_word' id='word_1_671' title='bbox 3572 4392 3684 4453; x_wconf 90' lang='grc' dir='ltr'>τοῖς</span> <span class='ocrx_word' id='word_1_672' title='bbox 3730 4392 4006 4461; x_wconf 76' lang='grc' dir='ltr'>ἀνοήτοις,</span> 
     </span>
    </p>
   </div>
   <div class='ocr_carea' id='block_1_91' title="bbox 2420 4488 3075 4561">
    <p class='ocr_par' dir='ltr' id='par_1_91' title="bbox 2420 4488 3075 4561">
     <span class='ocr_line' id='line_1_91' title="bbox 2420 4488 3075 4561; baseline -0.003 -15"><span class='ocrx_word' id='word_1_673' title='bbox 2420 4493 2518 4546; x_wconf 76' lang='grc' dir='ltr'>καὶ</span> <span class='ocrx_word' id='word_1_674' title='bbox 2544 4488 2835 4561; x_wconf 83' lang='grc' dir='ltr'>ὡμοιώθης</span> <span class='ocrx_word' id='word_1_675' title='bbox 2864 4489 3075 4553; x_wconf 83' lang='grc' dir='ltr'>αὐτοῖς.</span> 
     </span>
    </p>
   </div>
   <div class='ocr_carea' id='block_1_92' title="bbox 2495 4663 4013 4742">
    <p class='ocr_par' dir='ltr' id='par_1_92' title="bbox 2495 4663 4013 4742">
     <span class='ocr_line' id='line_1_92' title="bbox 2495 4663 4013 4742; baseline -0.008 -14"><span class='ocrx_word' id='word_1_676' title='bbox 2495 4672 2573 4727; x_wconf 89' lang='grc' dir='ltr'><strong>Ο¹.</strong></span> <span class='ocrx_word' id='word_1_677' title='bbox 2607 4672 2670 4727; x_wconf 84' lang='lat'><strong>&#39;0</strong></span> <span class='ocrx_word' id='word_1_678' title='bbox 2687 4671 2949 4742; x_wconf 88' lang='grc' dir='ltr'>τύραννος</span> <span class='ocrx_word' id='word_1_679' title='bbox 2972 4667 3152 4723; x_wconf 61' lang='grc' dir='ltr'>εἶπεν</span> <span class='ocrx_word' id='word_1_680' title='bbox 3197 4666 3557 4738; x_wconf 80' lang='grc' dir='ltr'>’Δνοητεύεις,</span> <span class='ocrx_word' id='word_1_681' title='bbox 3581 4663 3900 4735; x_wconf 84' lang='grc' dir='ltr'>μειράκιον,</span> <span class='ocrx_word' id='word_1_682' title='bbox 3921 4664 4013 4718; x_wconf 74' lang='grc' dir='ltr'><strong>καὶ</strong></span> 
     </span>
    </p>
   </div>
   <div class='ocr_carea' id='block_1_93' title="bbox 742 4756 2298 4842">
    <p class='ocr_par' dir='ltr' id='par_1_93' title="bbox 742 4756 2298 4842">
     <span class='ocr_line' id='line_1_93' title="bbox 742 4756 2298 4842; baseline -0.019 -1"><span class='ocrx_word' id='word_1_683' title='bbox 742 4797 871 4842; x_wconf 84' lang='lat' dir='ltr'><strong>sunt</strong></span> <span class='ocrx_word' id='word_1_684' title='bbox 895 4794 987 4838; x_wconf 79' lang='lat' dir='ltr'><strong>tua</strong></span> <span class='ocrx_word' id='word_1_685' title='bbox 1020 4756 1370 4834; x_wconf 37' lang='lat' dir='ltr'><strong>verba—aetate</strong></span> <span class='ocrx_word' id='word_1_686' title='bbox 1398 4772 1585 4841; x_wconf 87' lang='lat' dir='ltr'><strong>digna.</strong></span> <span class='ocrx_word' id='word_1_687' title='bbox 1615 4768 1812 4838; x_wconf 82' lang='lat' dir='ltr'><strong>Atjam</strong></span> <span class='ocrx_word' id='word_1_688' title='bbox 1847 4763 2021 4825; x_wconf 90' lang='lat' dir='ltr'><strong>disce,</strong></span> <span class='ocrx_word' id='word_1_689' title='bbox 2055 4760 2204 4830; x_wconf 90' lang='lat' dir='ltr'><strong>quod</strong></span> <span class='ocrx_word' id='word_1_690' title='bbox 2230 4775 2298 4814; x_wconf 83' lang='lat' dir='ltr'><strong>cs</strong></span> 
     </span>
    </p>
   </div>
   <div class='ocr_carea' id='block_1_94' title="bbox 2402 4756 4013 4842">
    <p class='ocr_par' dir='ltr' id='par_1_94' title="bbox 2424 4756 4013 4836">
     <span class='ocr_line' id='line_1_94' title="bbox 2424 4756 4013 4836; baseline -0.008 -14"><span class='ocrx_word' id='word_1_691' title='bbox 2424 4770 2523 4836; x_wconf 80' lang='grc' dir='ltr'>τῆς</span> <span class='ocrx_word' id='word_1_692' title='bbox 2558 4766 2774 4834; x_wconf 83' lang='grc' dir='ltr'>ἡλικίας</span> <span class='ocrx_word' id='word_1_693' title='bbox 2795 4764 2922 4831; x_wconf 75' lang='grc' dir='ltr'>ἄξια</span> <span class='ocrx_word' id='word_1_694' title='bbox 2947 4763 3204 4834; x_wconf 81' lang='grc' dir='ltr'>τυγχάνει</span> <span class='ocrx_word' id='word_1_695' title='bbox 3229 4763 3295 4815; x_wconf 84' lang='grc' dir='ltr'>τὰ</span> <span class='ocrx_word' id='word_1_696' title='bbox 3320 4760 3543 4832; x_wconf 74' lang='grc' dir='ltr'>ῥήματά</span> <span class='ocrx_word' id='word_1_697' title='bbox 3572 4774 3685 4809; x_wconf 89' lang='grc' dir='ltr'>σου.</span> <span class='ocrx_word' id='word_1_698' title='bbox 3716 4756 4013 4824; x_wconf 85' lang='grc' dir='ltr'>Διδάχθητι</span> 
     </span>
    </p>
   </div>
   <div class='ocr_carea' id='block_1_95' title="bbox 745 4848 2298 4934">
    <p class='ocr_par' dir='ltr' id='par_1_95' title="bbox 745 4854 2298 4934">
     <span class='ocr_line' id='line_1_95' title="bbox 745 4854 2298 4934; baseline -0.017 0"><span class='ocrx_word' id='word_1_699' title='bbox 745 4879 845 4934; x_wconf 86' lang='lat' dir='ltr'><strong>tibi</strong></span> <span class='ocrx_word' id='word_1_700' title='bbox 894 4869 1367 4930; x_wconf 79' lang='lat' dir='ltr'><strong>conducibilezet</strong></span> <span class='ocrx_word' id='word_1_701' title='bbox 1411 4862 1703 4925; x_wconf 88' lang='lat' dir='ltr'><strong>accedens,</strong></span> <span class='ocrx_word' id='word_1_702' title='bbox 1761 4856 2007 4913; x_wconf 79' lang='lat' dir='ltr'><strong>sacrifica</strong></span> <span class='ocrx_word' id='word_1_703' title='bbox 2081 4854 2298 4909; x_wconf 75' lang='lat' dir='ltr'><strong>maximi</strong></span> 
     </span>
    </p>
   </div>
   <div class='ocr_carea' id='block_1_96' title="bbox 2402 4848 4013 4934">
    <p class='ocr_par' dir='ltr' id='par_1_96' title="bbox 2426 4848 4013 4928">
     <span class='ocr_line' id='line_1_96' title="bbox 2426 4848 4013 4928; baseline -0.006 -17"><span class='ocrx_word' id='word_1_704' title='bbox 2426 4856 2521 4911; x_wconf 75' lang='grc' dir='ltr'>οὖν</span> <span class='ocrx_word' id='word_1_705' title='bbox 2551 4857 2610 4908; x_wconf 86' lang='grc' dir='ltr'>τὸ</span> <span class='ocrx_word' id='word_1_706' title='bbox 2636 4856 2942 4928; x_wconf 83' lang='grc' dir='ltr'>συμφέρον,</span> <span class='ocrx_word' id='word_1_707' title='bbox 2978 4857 3068 4909; x_wconf 71' lang='grc' dir='ltr'>καὶ</span> <span class='ocrx_word' id='word_1_708' title='bbox 3105 4849 3428 4921; x_wconf 83' lang='grc' dir='ltr'>προσελθὼν</span> <span class='ocrx_word' id='word_1_709' title='bbox 3455 4848 3617 4904; x_wconf 88' lang='grc' dir='ltr'>θῦσον</span> <span class='ocrx_word' id='word_1_710' title='bbox 3654 4848 3733 4919; x_wconf 81' lang='grc' dir='ltr'><strong>τῷ</strong></span> <span class='ocrx_word' id='word_1_711' title='bbox 3762 4852 4013 4919; x_wconf 77' lang='grc' dir='ltr'>μεγίστῳ</span> 
     </span>
    </p>
   </div>
   <div class='ocr_carea' id='block_1_97' title="bbox 741 4942 2298 5035">
    <p class='ocr_par' dir='ltr' id='par_1_97' title="bbox 741 4949 2270 5035">
     <span class='ocr_line' id='line_1_97' title="bbox 741 4949 2270 5035; baseline -0.015 -10"><span class='ocrx_word' id='word_1_712' title='bbox 741 4970 885 5031; x_wconf 82' lang='lat' dir='ltr'><strong>Jovi,</strong></span> <span class='ocrx_word' id='word_1_713' title='bbox 937 4978 993 5021; x_wconf 87' lang='lat' dir='ltr'><strong>et</strong></span> <span class='ocrx_word' id='word_1_714' title='bbox 1044 4977 1207 5035; x_wconf 86' lang='lat' dir='ltr'><strong>parce</strong></span> <span class='ocrx_word' id='word_1_715' title='bbox 1251 4972 1356 5013; x_wconf 62' lang='lat' dir='ltr'><strong>tuae</strong></span> <span class='ocrx_word' id='word_1_716' title='bbox 1407 4954 1705 5026; x_wconf 71' lang='lat' dir='ltr'><strong>iuventuti.</strong></span> <span class='ocrx_word' id='word_1_717' title='bbox 1760 4949 1906 5004; x_wconf 85' lang='lat' dir='ltr'><strong>Dixit</strong></span> <span class='ocrx_word' id='word_1_718' title='bbox 1950 4949 2270 5003; x_wconf 83' lang='lat' dir='ltr'><strong>adolescens</strong></span> 
     </span>
    </p>
   </div>
   <div class='ocr_carea' id='block_1_98' title="bbox 2402 4942 4012 5035">
    <p class='ocr_par' dir='ltr' id='par_1_98' title="bbox 2420 4942 4012 5020">
     <span class='ocr_line' id='line_1_98' title="bbox 2420 4942 4012 5020; baseline -0.004 -19"><span class='ocrx_word' id='word_1_719' title='bbox 2420 4948 2530 5020; x_wconf 85' lang='grc' dir='ltr'>θεῷ</span> <span class='ocrx_word' id='word_1_720' title='bbox 2559 4950 2666 5015; x_wconf 77' lang='grc' dir='ltr'>Διΐ,</span> <span class='ocrx_word' id='word_1_721' title='bbox 2696 4952 2791 5003; x_wconf 78' lang='grc' dir='ltr'>καὶ</span> <span class='ocrx_word' id='word_1_722' title='bbox 2837 4947 3023 5016; x_wconf 83' lang='grc' dir='ltr'>φεῖσαί</span> <span class='ocrx_word' id='word_1_723' title='bbox 3057 4962 3150 4999; x_wconf 92' lang='grc' dir='ltr'><strong>σου</strong></span> <span class='ocrx_word' id='word_1_724' title='bbox 3184 4946 3283 5017; x_wconf 85' lang='grc' dir='ltr'>τῆς</span> <span class='ocrx_word' id='word_1_725' title='bbox 3310 4945 3581 5014; x_wconf 86' lang='grc' dir='ltr'>νεότητος.</span> <span class='ocrx_word' id='word_1_726' title='bbox 3610 4942 3685 4996; x_wconf 69' lang='lat' dir='ltr'><strong>Th</strong></span> <span class='ocrx_word' id='word_1_727' title='bbox 3718 4945 4012 5013; x_wconf 79' lang='grc' dir='ltr'>μειράκιον</span> 
     </span>
    </p>
   </div>
   <div class='ocr_carea' id='block_1_99' title="bbox 744 5033 2298 5130">
    <p class='ocr_par' dir='ltr' id='par_1_99' title="bbox 744 5033 2288 5130">
     <span class='ocr_line' id='line_1_99' title="bbox 744 5033 2288 5130; baseline -0.018 -13"><span class='ocrx_word' id='word_1_728' title='bbox 744 5033 1221 5130; x_wconf 14' lang='grc' dir='ltr'>Ρι-οριετεοήιιυοιι</span> <span class='ocrx_word' id='word_1_729' title='bbox 1260 5065 1368 5103; x_wconf 91' lang='lat' dir='ltr'><strong>non</strong></span> <span class='ocrx_word' id='word_1_730' title='bbox 1403 5046 1565 5109; x_wconf 73' lang='lat' dir='ltr'><strong>facio,</strong></span> <span class='ocrx_word' id='word_1_731' title='bbox 1609 5040 1759 5115; x_wconf 83' lang='lat' dir='ltr'><strong>quod</strong></span> <span class='ocrx_word' id='word_1_732' title='bbox 1793 5040 1895 5105; x_wconf 82' lang='lat' dir='ltr'><strong>vis,</strong></span> <span class='ocrx_word' id='word_1_733' title='bbox 1941 5053 2123 5108; x_wconf 90' lang='lat' dir='ltr'><strong>neque</strong></span> <span class='ocrx_word' id='word_1_734' title='bbox 2147 5037 2288 5091; x_wconf 85' lang='lat' dir='ltr'><strong>sacri</strong></span> 
     </span>
    </p>
   </div>
   <div class='ocr_carea' id='block_1_100' title="bbox 2402 5033 4012 5130">
    <p class='ocr_par' dir='ltr' id='par_1_100' title="bbox 2418 5033 4012 5125">
     <span class='ocr_line' id='line_1_100' title="bbox 2418 5033 4012 5125; baseline -0.006 -32"><span class='ocrx_word' id='word_1_735' title='bbox 2418 5040 2524 5112; x_wconf 66' lang='grc' dir='ltr'>ἔφη</span> <span class='ocrx_word' id='word_1_736' title='bbox 2545 5056 2561 5072; x_wconf 85' lang='grc'><strong>·</strong></span> <span class='ocrx_word' id='word_1_737' title='bbox 2598 5041 2687 5095; x_wconf 85' lang='grc' dir='ltr'>Ἑν</span> <span class='ocrx_word' id='word_1_738' title='bbox 2704 5039 2783 5110; x_wconf 83' lang='grc' dir='ltr'>τῷ</span> <span class='ocrx_word' id='word_1_739' title='bbox 2803 5039 2881 5111; x_wconf 74' lang='grc' dir='ltr'>μὴ</span> <span class='ocrx_word' id='word_1_740' title='bbox 2912 5041 3088 5093; x_wconf 82' lang='grc' dir='ltr'>ποιεῖν</span> <span class='ocrx_word' id='word_1_741' title='bbox 3110 5037 3171 5092; x_wconf 81' lang='grc' dir='ltr'><strong>τδ</strong></span> <span class='ocrx_word' id='word_1_742' title='bbox 3190 5036 3402 5107; x_wconf 74' lang='grc' dir='ltr'>θέλημά</span> <span class='ocrx_word' id='word_1_743' title='bbox 3419 5052 3513 5090; x_wconf 91' lang='grc' dir='ltr'><strong>σου</strong></span> <span class='ocrx_word' id='word_1_744' title='bbox 3530 5033 3712 5101; x_wconf 70' lang='grc' dir='ltr'>λέγεις</span> <span class='ocrx_word' id='word_1_745' title='bbox 3729 5050 3833 5125; x_wconf 77' lang='grc' dir='ltr'><strong>μοι</strong></span> <span class='ocrx_word' id='word_1_746' title='bbox 3853 5034 4012 5102; x_wconf 75' lang='grc' dir='ltr'>ἀνοη-</span> 
     </span>
    </p>
   </div>
   <div class='ocr_carea' id='block_1_101' title="bbox 748 5116 2298 5210">
    <p class='ocr_par' dir='ltr' id='par_1_101' title="bbox 748 5116 2298 5210">
     <span class='ocr_line' id='line_1_101' title="bbox 748 5116 2298 5210; baseline -0.017 -2"><span class='ocrx_word' id='word_1_747' title='bbox 748 5116 1209 5210; x_wconf 64' lang='grc' dir='ltr'>ίὶοοέὶιηυιοέτῑε,</span> <span class='ocrx_word' id='word_1_748' title='bbox 1243 5140 1385 5197; x_wconf 91' lang='lat' dir='ltr'><strong>dicis</strong></span> <span class='ocrx_word' id='word_1_749' title='bbox 1412 5154 1498 5192; x_wconf 92' lang='lat' dir='ltr'><strong>me</strong></span> <span class='ocrx_word' id='word_1_750' title='bbox 1550 5139 1780 5193; x_wconf 85' lang='lat' dir='ltr'><strong>stultum</strong></span> <span class='ocrx_word' id='word_1_751' title='bbox 1810 5148 1954 5190; x_wconf 82' lang='lat' dir='ltr'><strong>esse.</strong></span> <span class='ocrx_word' id='word_1_752' title='bbox 1990 5131 2125 5186; x_wconf 85' lang='lat' dir='ltr'><strong>Nam</strong></span> <span class='ocrx_word' id='word_1_753' title='bbox 2173 5144 2298 5200; x_wconf 62' lang='lat' dir='ltr'><strong>quoc</strong></span> 
     </span>
    </p>
   </div>
   <div class='ocr_carea' id='block_1_102' title="bbox 2402 5116 4010 5210">
    <p class='ocr_par' dir='ltr' id='par_1_102' title="bbox 2421 5116 4010 5201">
     <span class='ocr_line' id='line_1_102' title="bbox 2421 5116 4010 5201; baseline -0.006 -14"><span class='ocrx_word' id='word_1_754' title='bbox 2421 5133 2647 5199; x_wconf 83' lang='grc' dir='ltr'>ταίνειν,</span> <span class='ocrx_word' id='word_1_755' title='bbox 2682 5132 2807 5186; x_wconf 60' lang='grc' dir='ltr'>ἐπεὶ</span> <span class='ocrx_word' id='word_1_756' title='bbox 2849 5131 2942 5186; x_wconf 75' lang='grc' dir='ltr'>καὶ</span> <span class='ocrx_word' id='word_1_757' title='bbox 2987 5134 3128 5186; x_wconf 83' lang='grc' dir='ltr'>πάνυ</span> <span class='ocrx_word' id='word_1_758' title='bbox 3161 5129 3347 5201; x_wconf 79' lang='grc' dir='ltr'>φρονῶ</span> <span class='ocrx_word' id='word_1_759' title='bbox 3384 5129 3515 5199; x_wconf 84' lang='grc' dir='ltr'>περὶ</span> <span class='ocrx_word' id='word_1_760' title='bbox 3541 5126 3640 5200; x_wconf 75' lang='grc' dir='ltr'>τὴν</span> <span class='ocrx_word' id='word_1_761' title='bbox 3684 5116 3878 5189; x_wconf 66' lang='grc' dir='ltr'>πίστιν</span> <span class='ocrx_word' id='word_1_762' title='bbox 3918 5124 4010 5180; x_wconf 83' lang='grc' dir='ltr'><strong>τοῦ</strong></span> 
     </span>
    </p>
   </div>
   <div class='ocr_carea' id='block_1_103' title="bbox 747 5220 2321 5310">
    <p class='ocr_par' dir='ltr' id='par_1_103' title="bbox 747 5220 2321 5310">
     <span class='ocr_line' id='line_1_103' title="bbox 747 5220 2321 5310; baseline -0.017 -9"><span class='ocrx_word' id='word_1_763' title='bbox 747 5244 942 5301; x_wconf 86' lang='lat' dir='ltr'><strong>attinet</strong></span> <span class='ocrx_word' id='word_1_764' title='bbox 969 5237 1189 5310; x_wconf 87' lang='lat' dir='ltr'><strong>quidem</strong></span> <span class='ocrx_word' id='word_1_765' title='bbox 1226 5232 1293 5289; x_wconf 90' lang='lat' dir='ltr'><strong>ad</strong></span> <span class='ocrx_word' id='word_1_766' title='bbox 1325 5231 1485 5287; x_wconf 75' lang='lat' dir='ltr'><strong>(idem</strong></span> <span class='ocrx_word' id='word_1_767' title='bbox 1521 5228 1741 5285; x_wconf 81' lang='lat' dir='ltr'><strong>Domini</strong></span> <span class='ocrx_word' id='word_1_768' title='bbox 1789 5226 1893 5281; x_wconf 86' lang='lat' dir='ltr'><strong>mei</strong></span> <span class='ocrx_word' id='word_1_769' title='bbox 1933 5222 2060 5278; x_wconf 81' lang='lat' dir='ltr'><strong>Jesu</strong></span> <span class='ocrx_word' id='word_1_770' title='bbox 2093 5220 2321 5287; x_wconf 82' lang='lat' dir='ltr'><strong>Christi,</strong></span> 
     </span>
    </p>
   </div>
   <div class='ocr_carea' id='block_1_104' title="bbox 748 5315 2315 5404">
    <p class='ocr_par' dir='ltr' id='par_1_104' title="bbox 748 5315 2315 5404">
     <span class='ocr_line' id='line_1_104' title="bbox 748 5315 2315 5404; baseline -0.013 -14"><span class='ocrx_word' id='word_1_771' title='bbox 748 5336 905 5393; x_wconf 87' lang='lat' dir='ltr'><strong>valde</strong></span> <span class='ocrx_word' id='word_1_772' title='bbox 945 5331 1121 5404; x_wconf 81' lang='lat' dir='ltr'><strong>sapio.</strong></span> <span class='ocrx_word' id='word_1_773' title='bbox 1158 5326 1313 5381; x_wconf 84' lang='lat' dir='ltr'><strong>Tunc</strong></span> <span class='ocrx_word' id='word_1_774' title='bbox 1341 5325 1480 5384; x_wconf 79' lang='lat' dir='ltr'><strong>dixit</strong></span> <span class='ocrx_word' id='word_1_775' title='bbox 1525 5332 1790 5396; x_wconf 82' lang='lat' dir='ltr'><strong>tyrannus</strong></span> <span class='ocrx_word' id='word_1_776' title='bbox 1835 5333 2024 5373; x_wconf 85' lang='lat' dir='ltr'><strong>rursus</strong></span> <span class='ocrx_word' id='word_1_777' title='bbox 2072 5315 2315 5373; x_wconf 80' lang='lat' dir='ltr'><strong>sanctis:</strong></span> 
     </span>
    </p>
   </div>
   <div class='ocr_carea' id='block_1_105' title="bbox 748 5409 2319 5494">
    <p class='ocr_par' dir='ltr' id='par_1_105' title="bbox 748 5409 2319 5494">
     <span class='ocr_line' id='line_1_105' title="bbox 748 5409 2319 5494; baseline -0.013 -13"><span class='ocrx_word' id='word_1_778' title='bbox 748 5426 1047 5494; x_wconf 84' lang='lat' dir='ltr'><strong>Quousque</strong></span> <span class='ocrx_word' id='word_1_779' title='bbox 1084 5416 1559 5490; x_wconf 84' lang='lat' dir='ltr'><strong>importunitatem</strong></span> <span class='ocrx_word' id='word_1_780' title='bbox 1610 5422 1847 5468; x_wconf 87' lang='lat' dir='ltr'><strong>vestram</strong></span> <span class='ocrx_word' id='word_1_781' title='bbox 1896 5409 2253 5472; x_wconf 79' lang='lat' dir='ltr'><strong>sustinemus,</strong></span> <span class='ocrx_word' id='word_1_782' title='bbox 2285 5423 2319 5461; x_wconf 89' lang='grc' dir='ltr'><strong>ο</strong></span> 
     </span>
    </p>
   </div>
   <div class='ocr_carea' id='block_1_106' title="bbox 748 5500 2321 5579">
    <p class='ocr_par' dir='ltr' id='par_1_106' title="bbox 748 5500 2321 5579">
     <span class='ocr_line' id='line_1_106' title="bbox 748 5500 2321 5579; baseline -0.015 -4"><span class='ocrx_word' id='word_1_783' title='bbox 748 5517 959 5579; x_wconf 81' lang='lat' dir='ltr'><strong>miseri.</strong></span> <span class='ocrx_word' id='word_1_784' title='bbox 1005 5522 1061 5569; x_wconf 88' lang='lat' dir='ltr'><strong>et</strong></span> <span class='ocrx_word' id='word_1_785' title='bbox 1102 5521 1375 5566; x_wconf 88' lang='lat' dir='ltr'><strong>tormenta</strong></span> <span class='ocrx_word' id='word_1_786' title='bbox 1405 5506 1713 5564; x_wconf 83' lang='lat' dir='ltr'><strong>diil‘erimus</strong></span> <span class='ocrx_word' id='word_1_787' title='bbox 1751 5518 1819 5558; x_wconf 83' lang='lat' dir='ltr'><strong>ex</strong></span> <span class='ocrx_word' id='word_1_788' title='bbox 1858 5500 2199 5571; x_wconf 81' lang='lat' dir='ltr'><strong>benignitate</strong></span> <span class='ocrx_word' id='word_1_789' title='bbox 2236 5500 2321 5554; x_wconf 83' lang='lat' dir='ltr'><strong>in-</strong></span> 
     </span>
    </p>
   </div>
   <div class='ocr_carea' id='block_1_107' title="bbox 750 5595 2324 5677">
    <p class='ocr_par' dir='ltr' id='par_1_107' title="bbox 750 5595 2324 5677">
     <span class='ocr_line' id='line_1_107' title="bbox 750 5595 2324 5677; baseline -0.009 -18"><span class='ocrx_word' id='word_1_790' title='bbox 750 5603 1146 5677; x_wconf 81' lang='lat' dir='ltr'><strong>comparabili?</strong></span> <span class='ocrx_word' id='word_1_791' title='bbox 1196 5600 1511 5659; x_wconf 77' lang='lat' dir='ltr'><strong>Sacriﬁcate</strong></span> <span class='ocrx_word' id='word_1_792' title='bbox 1558 5614 1686 5669; x_wconf 84' lang='lat' dir='ltr'><strong>ergo</strong></span> <span class='ocrx_word' id='word_1_793' title='bbox 1727 5596 1857 5659; x_wconf 84' lang='lat' dir='ltr'><strong>diis,</strong></span> <span class='ocrx_word' id='word_1_794' title='bbox 1889 5608 1956 5647; x_wconf 86' lang='lat' dir='ltr'><strong>ue</strong></span> <span class='ocrx_word' id='word_1_795' title='bbox 2014 5595 2069 5647; x_wconf 88' lang='lat' dir='ltr'><strong>in</strong></span> <span class='ocrx_word' id='word_1_796' title='bbox 2108 5607 2204 5647; x_wconf 89' lang='lat' dir='ltr'><strong>vos</strong></span> <span class='ocrx_word' id='word_1_797' title='bbox 2236 5608 2324 5646; x_wconf 89' lang='lat' dir='ltr'><strong>ar-</strong></span> 
     </span>
    </p>
   </div>
   <div class='ocr_carea' id='block_1_108' title="bbox 754 5691 2319 5768">
    <p class='ocr_par' dir='ltr' id='par_1_108' title="bbox 754 5691 2319 5768">
     <span class='ocr_line' id='line_1_108' title="bbox 754 5691 2319 5768; baseline -0.01 -14"><span class='ocrx_word' id='word_1_798' title='bbox 754 5695 1229 5768; x_wconf 84' lang='lat' dir='ltr'><strong>metisjustitiam.</strong></span> <span class='ocrx_word' id='word_1_799' title='bbox 1253 5691 1518 5749; x_wconf 87' lang='lat' dir='ltr'><strong>Dixerunt</strong></span> <span class='ocrx_word' id='word_1_800' title='bbox 1541 5692 1717 5747; x_wconf 83' lang='lat' dir='ltr'><strong>sancti</strong></span> <span class='ocrx_word' id='word_1_801' title='bbox 1743 5697 2011 5756; x_wconf 85' lang='lat' dir='ltr'><strong>martyres</strong></span> <span class='ocrx_word' id='word_1_802' title='bbox 2041 5695 2271 5757; x_wconf 86' lang='lat' dir='ltr'><strong>tyranno</strong></span> <span class='ocrx_word' id='word_1_803' title='bbox 2305 5704 2319 5739; x_wconf 88' lang='lat'><strong>:</strong></span> 
     </span>
    </p>
   </div>
   <div class='ocr_carea' id='block_1_109' title="bbox 823 5876 1145 5931">
    <p class='ocr_par' dir='ltr' id='par_1_109' title="bbox 823 5876 1145 5931">
     <span class='ocr_line' id='line_1_109' title="bbox 823 5876 1145 5931; baseline -0.006 -1"><span class='ocrx_word' id='word_1_804' title='bbox 823 5879 845 5909; x_wconf 82' lang='grc'><strong>⁸</strong></span> <span class='ocrx_word' id='word_1_805' title='bbox 872 5876 1060 5931; x_wconf 77' lang='lat' dir='ltr'><strong>Matth.</strong></span> <span class='ocrx_word' id='word_1_806' title='bbox 1093 5892 1145 5929; x_wconf 74' lang='grc' dir='ltr'><strong>χ.</strong></span> 
     </span>
    </p>
   </div>
   <div class='ocr_carea' id='block_1_110' title="bbox 2423 5216 4012 5298">
    <p class='ocr_par' dir='ltr' id='par_1_110' title="bbox 2423 5216 4012 5298">
     <span class='ocr_line' id='line_1_110' title="bbox 2423 5216 4012 5298; baseline -0.005 -17"><span class='ocrx_word' id='word_1_807' title='bbox 2423 5226 2631 5298; x_wconf 74' lang='grc' dir='ltr'>Κυρίου</span> <span class='ocrx_word' id='word_1_808' title='bbox 2676 5241 2776 5295; x_wconf 90' lang='grc' dir='ltr'><strong>μου</strong></span> <span class='ocrx_word' id='word_1_809' title='bbox 2810 5223 2988 5296; x_wconf 82' lang='grc' dir='ltr'>Ἰησοῦ</span> <span class='ocrx_word' id='word_1_810' title='bbox 3030 5222 3291 5297; x_wconf 85' lang='grc' dir='ltr'>Χριστοῦ.</span> <span class='ocrx_word' id='word_1_811' title='bbox 3318 5223 3453 5278; x_wconf 85' lang='grc' dir='ltr'>Τότε</span> <span class='ocrx_word' id='word_1_812' title='bbox 3481 5216 3637 5276; x_wconf 78' lang='grc' dir='ltr'>εἶπεν</span> <span class='ocrx_word' id='word_1_813' title='bbox 3675 5222 3705 5275; x_wconf 75' lang='grc' dir='ltr'><strong>ὁ</strong></span> <span class='ocrx_word' id='word_1_814' title='bbox 3749 5219 4012 5290; x_wconf 83' lang='grc' dir='ltr'>τύραννος</span> 
     </span>
    </p>
   </div>
   <div class='ocr_carea' id='block_1_111' title="bbox 2430 5311 4011 5388">
    <p class='ocr_par' dir='ltr' id='par_1_111' title="bbox 2430 5311 4011 5388">
     <span class='ocr_line' id='line_1_111' title="bbox 2430 5311 4011 5388; baseline -0.001 -17"><span class='ocrx_word' id='word_1_815' title='bbox 2430 5318 2565 5388; x_wconf 77' lang='grc' dir='ltr'>πρὸς</span> <span class='ocrx_word' id='word_1_816' title='bbox 2604 5317 2730 5378; x_wconf 79' lang='grc' dir='ltr'>τοὺς</span> <span class='ocrx_word' id='word_1_817' title='bbox 2775 5317 2969 5385; x_wconf 77' lang='grc' dir='ltr'>ἁγίους</span> <span class='ocrx_word' id='word_1_818' title='bbox 3011 5316 3206 5370; x_wconf 75' lang='grc' dir='ltr'>πάλινο</span> <span class='ocrx_word' id='word_1_819' title='bbox 3234 5316 3381 5381; x_wconf 82' lang='grc' dir='ltr'>Ἕως</span> <span class='ocrx_word' id='word_1_820' title='bbox 3426 5312 3558 5368; x_wconf 82' lang='grc' dir='ltr'>πότε</span> <span class='ocrx_word' id='word_1_821' title='bbox 3597 5312 3697 5383; x_wconf 80' lang='grc' dir='ltr'>τῆς</span> <span class='ocrx_word' id='word_1_822' title='bbox 3735 5311 4011 5383; x_wconf 67' lang='grc' dir='ltr'>ὑμετέρας</span> 
     </span>
    </p>
   </div>
   <div class='ocr_carea' id='block_1_112' title="bbox 2430 5403 4014 5481">
    <p class='ocr_par' dir='ltr' id='par_1_112' title="bbox 2430 5403 4014 5481">
     <span class='ocr_line' id='line_1_112' title="bbox 2430 5403 4014 5481; baseline -0.004 -19"><span class='ocrx_word' id='word_1_823' title='bbox 2430 5412 2753 5480; x_wconf 85' lang='grc' dir='ltr'>σκαιότητος</span> <span class='ocrx_word' id='word_1_824' title='bbox 2788 5409 3097 5481; x_wconf 74' lang='grc' dir='ltr'>ἀνεχόμεθα</span> <span class='ocrx_word' id='word_1_825' title='bbox 3143 5410 3238 5463; x_wconf 74' lang='grc' dir='ltr'>καὶ</span> <span class='ocrx_word' id='word_1_826' title='bbox 3276 5412 3397 5472; x_wconf 81' lang='grc' dir='ltr'>ταῖς</span> <span class='ocrx_word' id='word_1_827' title='bbox 3424 5405 3679 5478; x_wconf 80' lang='grc' dir='ltr'>βασάνοις</span> <span class='ocrx_word' id='word_1_828' title='bbox 3720 5406 3928 5478; x_wconf 74' lang='grc' dir='ltr'>ἀνοχὴν</span> <span class='ocrx_word' id='word_1_829' title='bbox 3957 5403 4014 5469; x_wconf 79' lang='grc' dir='ltr'>ιξ</span> 
     </span>
    </p>
   </div>
   <div class='ocr_carea' id='block_1_113' title="bbox 2432 5492 4013 5574">
    <p class='ocr_par' dir='ltr' id='par_1_113' title="bbox 2432 5492 4013 5574">
     <span class='ocr_line' id='line_1_113' title="bbox 2432 5492 4013 5574; baseline -0.003 -19"><span class='ocrx_word' id='word_1_830' title='bbox 2432 5503 2764 5574; x_wconf 72' lang='grc' dir='ltr'>ἀσύγκριτου</span> <span class='ocrx_word' id='word_1_831' title='bbox 2813 5502 3229 5573; x_wconf 81' lang='grc' dir='ltr'>φιλανθρωπίας</span> <span class='ocrx_word' id='word_1_832' title='bbox 3275 5500 3629 5571; x_wconf 69' lang='grc' dir='ltr'>παρέχομενς</span> <span class='ocrx_word' id='word_1_833' title='bbox 3683 5498 3895 5555; x_wconf 84' lang='grc' dir='ltr'>θύσατε</span> <span class='ocrx_word' id='word_1_834' title='bbox 3924 5492 4013 5551; x_wconf 77' lang='grc' dir='ltr'>οὖν</span> 
     </span>
    </p>
   </div>
   <div class='ocr_carea' id='block_1_114' title="bbox 2432 5591 4012 5666">
    <p class='ocr_par' dir='ltr' id='par_1_114' title="bbox 2432 5591 4012 5666">
     <span class='ocr_line' id='line_1_114' title="bbox 2432 5591 4012 5666; baseline -0.002 -19"><span class='ocrx_word' id='word_1_835' title='bbox 2432 5596 2541 5658; x_wconf 82' lang='grc' dir='ltr'>τοῖς</span> <span class='ocrx_word' id='word_1_836' title='bbox 2571 5594 2735 5659; x_wconf 84' lang='grc' dir='ltr'>θεοῖς,</span> <span class='ocrx_word' id='word_1_837' title='bbox 2774 5596 2864 5649; x_wconf 84' lang='grc' dir='ltr'><strong>ίνα</strong></span> <span class='ocrx_word' id='word_1_838' title='bbox 2889 5593 2965 5666; x_wconf 80' lang='grc' dir='ltr'>μὴ</span> <span class='ocrx_word' id='word_1_839' title='bbox 2997 5596 3095 5664; x_wconf 81' lang='grc' dir='ltr'>τὴν</span> <span class='ocrx_word' id='word_1_840' title='bbox 3122 5594 3281 5666; x_wconf 77' lang='grc' dir='ltr'>δίκην</span> <span class='ocrx_word' id='word_1_841' title='bbox 3310 5591 3431 5647; x_wconf 83' lang='grc' dir='ltr'>καθ’</span> <span class='ocrx_word' id='word_1_842' title='bbox 3462 5592 3616 5663; x_wconf 85' lang='grc' dir='ltr'>ὑμῶν</span> <span class='ocrx_word' id='word_1_843' title='bbox 3646 5591 4012 5663; x_wconf 65' lang='grc' dir='ltr'>ἑξωπλίσητε.</span> 
     </span>
    </p>
   </div>
   <div class='ocr_carea' id='block_1_115' title="bbox 2435 5684 4014 5759">
    <p class='ocr_par' dir='ltr' id='par_1_115' title="bbox 2435 5684 4014 5759">
     <span class='ocr_line' id='line_1_115' title="bbox 2435 5684 4014 5759; baseline -0.003 -18"><span class='ocrx_word' id='word_1_844' title='bbox 2435 5689 2495 5741; x_wconf 81' lang='lat' dir='ltr'><strong>Oi</strong></span> <span class='ocrx_word' id='word_1_845' title='bbox 2528 5686 2672 5757; x_wconf 66' lang='grc' dir='ltr'>ἅγιοι</span> <span class='ocrx_word' id='word_1_846' title='bbox 2706 5684 2864 5743; x_wconf 77' lang='grc' dir='ltr'>εἶπον</span> <span class='ocrx_word' id='word_1_847' title='bbox 2895 5686 2972 5759; x_wconf 81' lang='grc' dir='ltr'><strong>τῷ</strong></span> <span class='ocrx_word' id='word_1_848' title='bbox 3005 5686 3255 5759; x_wconf 79' lang='grc' dir='ltr'>τυράννῳ</span> <span class='ocrx_word' id='word_1_849' title='bbox 3278 5702 3293 5719; x_wconf 75' lang='grc' dir='ltr'><strong>ο</strong></span> <span class='ocrx_word' id='word_1_850' title='bbox 3340 5684 3467 5742; x_wconf 74' lang='grc' dir='ltr'>Ἐὰν</span> <span class='ocrx_word' id='word_1_851' title='bbox 3496 5685 3628 5757; x_wconf 77' lang='grc' dir='ltr'>ιχῃς</span> <span class='ocrx_word' id='word_1_852' title='bbox 3656 5685 3893 5755; x_wconf 82' lang='grc' dir='ltr'>γνῶσιν,</span> <span class='ocrx_word' id='word_1_853' title='bbox 3918 5686 4014 5738; x_wconf 74' lang='lat' dir='ltr'><strong>im-</strong></span> 
     </span>
    </p>
   </div>
  </div>
