4180 6484
188 420 290 482 365

1179 427 1354 486 VITA
1398 427 1499 488 SS.
1538 425 1904 486 MAURlTlI
1937 426 2032 485 ET
2071 426 2480 487 SOCIORUM.

3337 429 3440 492 365

184 533 350 602 ουργὲ
399 531 511 585 τῶν
560 533 892 604 ἀκαθάρτων
923 534 1210 605 δαιμόνων,
1241 537 1572 607 μεμάθηκας
1621 538 1763 608 παρὰ

1876 535 2116 591 Sceleste
2142 547 2197 593 et
2230 534 2555 594 administer
2588 539 2994 594 immundorum
3021 540 3357 605 daemonum.
3398 545 3443 598 si

184 628 459 680 Φωτεινοῦ
508 630 610 697 τὴν
638 629 915 700 ἡμετέραν
946 629 1126 698 ίσχύν⁶
1164 631 1212 682 εί
1259 629 1367 701 γὰρ
1402 633 1605 695 ἐκεῖνος
1651 632 1768 694 νέος

184 723 453 791 ὑπαργων
486 723 587 792 τὴν
614 723 831 792 ἡλικίαν
862 721 1197 792 κατῄσχυνέν
1227 740 1317 776 σου
1351 724 1450 794 τὴν
1479 724 1648 793 ἀσεϐῆ
1674 722 1768 776 καὶ

181 814 516 885 ἀναίσθητον
559 814 789 884 γνώμην
836 811 925 865 διὰ
972 813 1071 882 τῆς
1110 813 1440 884 εἰλικρινοῦς
1471 813 1636 867 αὐτοῦ
1683 814 1768 866 πί-

182 923 358 969 στεως
410 908 506 960 καὶ
544 908 642 977 τῆς
673 908 754 968 είς
782 905 1024 975 Χριστὸν
1063 905 1339 972 γνώσεως,
1371 907 1522 977 πόσῳ
1570 906 1769 976 μᾶλλον

177 1001 341 1068 ἡμεῖς
373 997 724 1069 αἱρησόμεθα
756 997 936 1058 πάσας
966 997 1234 1067 βασάνους
1274 999 1594 1068 ὑποστῆναι,
1620 999 1770 1060 ὅπως

176 1091 644 1160 καταισχύνωμεν
669 1089 760 1141 τὸν
813 1089 1030 1158 πατέρα
1077 1105 1191 1152 σου,
1229 1090 1319 1144 τὸν
1354 1090 1628 1156 διάϐολον,
1676 1090 1769 1143 καὶ

177 1185 653 1254 εὐαρεστήσωμεν
695 1180 776 1251 τῷ
820 1183 1087 1252 Χριστῷ;
1119 1182 1251 1237 Τότε
1293 1180 1568 1250 θυμωθεὶς
1601 1182 1630 1234 ὀ
1674 1182 1769 1235 τύ-

175 1295 372 1348 ραννος
405 1277 701 1330 ἐκέλευσεν
724 1276 1035 1330 τύπτεσθαι
1071 1277 1198 1339 τοὺς
1235 1277 1421 1344 ἁγίους
1454 1276 1768 1348 βουνεύροις

173 1369 348 1438 ὠμοῖς
380 1384 394 1397 ’
431 1369 526 1421 καὶ
559 1369 792 1438 ἧρξαντο
839 1370 888 1422 οί
941 1368 1215 1439 ὑπηρέται
1267 1369 1494 1421 τύπτειν
1545 1368 1765 1433 αὐτοὺς,

173 1460 277 1520 ἕως
305 1451 369 1511 οῦ
400 1457 701 1530 διέρῤαξαν
743 1459 844 1521 τὰς
881 1458 1094 1527 σάρκας
1125 1457 1328 1525 αὐτῶν,
1358 1457 1569 1512 καὶτοῦ
1601 1459 1768 1530 αἷμα-

170 1566 260 1613 τος
288 1550 480 1604 αὐτῶν
516 1551 768 1619 σφοδρῶς
802 1551 1134 1619 φερομένου,
1165 1549 1216 1601 οί
1251 1549 1397 1617 ἅγιοι
1435 1552 1515 1612 εἰς
1550 1549 1642 1605 τὸν
1670 1551 1764 1604 ού-

171 1645 339 1715 ρανὸν
392 1643 800 1712 ἀναϐλέψαντες
860 1644 1032 1695 ἐϐόων
1077 1643 1320 1714 Χριστὸν
1350 1643 1442 1696 τὸν
1483 1643 1614 1697 Θεὸν
1658 1646 1768 1698 ἱκε-

168 1737 423 1800 τεύοντες
458 1736 741 1805 ὲνισχύσαι
773 1735 968 1797 αὐτοὺς
999 1734 1096 1787 καὶ
1130 1735 1245 1787 τῶν
1280 1736 1457 1788 πόνων
1479 1734 1766 1804 ἐπικουφί-

169 1844 301 1881 σαι·
344 1828 407 1891 ὃς
437 1826 754 1889 ἐπακούσας
782 1828 882 1895 τῆς
907 1826 1092 1880 αὐτῶν
1124 1825 1381 1888 ὲκτενοῦς
1428 1826 1763 1895 προσευχῆς,

1872 629 2002 699 quid
2032 631 2236 700 ingenii
2277 633 2481 688 habeas
2524 641 2620 685 aut
2664 633 2928 696 scientim,
2966 634 3205 689 didicisti
3238 651 3266 689 a
3300 637 3446 692 Plio-

1873 725 1988 776 tino
2012 732 2255 778 nostram
2288 723 2450 780 ﬁdem
2493 726 2717 781 etvires
2768 736 3006 782 nostras.
3055 728 3110 782 Si
3150 729 3300 784 enim
3332 732 3442 792 ille.

1871 829 1993 868 cum
2019 815 2090 869 sit
2118 825 2280 872 atate
2307 817 2548 887 juvenis,
2579 819 2792 888 pudore
2829 819 3015 874 aﬂ'ecit
3046 819 3264 889 impiam
3293 830 3442 875 tuam

1873 916 2110 962 mentem
2156 917 2210 962 et
2246 911 2397 964 nullo
2443 927 2606 965 sensu
2663 911 2970 980 praeditam,
3021 928 3120 982 per
3168 913 3440 967 sinceram

1873 1012 2026 1051 suam
2068 998 2226 1052 fidem
2270 1007 2326 1052 et
2371 1000 2577 1054 Christi
2609 1001 2999 1070 cognitionem,
3031 1010 3238 1072 quanto
3269 1004 3442 1072 magis

1872 1102 1976 1142 nos
2026 1089 2426 1146 contendamus
2481 1101 2754 1146 tormenta
2805 1093 2985 1146 omnia
3034 1095 3331 1158 sustinere,
3382 1105 3443 1149 ut

1872 1180 2082 1250 pudore
2139 1181 2436 1238 adiciamus
2464 1194 2675 1252 patrem
2703 1193 2858 1239 tuum
2894 1184 3193 1251 diabolum,
3224 1195 3280 1241 et
3321 1186 3439 1255 pla-

1870 1287 2094 1328 ceamus
2109 1271 2328 1328 Christo
2353 1281 2540 1332 nostro
2555 1285 2609 1330 et
2636 1278 2782 1332 Deo?
2803 1277 2958 1333 Tunc
2980 1278 3151 1333 iratus
3173 1287 3442 1350 tyrannus

1865 1365 2032 1433 jussit
2077 1375 2299 1420 sanctos
2341 1367 2617 1422 verberari
2667 1370 2857 1424 crudis
2901 1369 3066 1424 boum
3124 1374 3345 1425 nervis:
3383 1379 3441 1426 et

1869 1467 2157 1525 cmperunt
2175 1459 2413 1513 ministri
2434 1475 2530 1514 eos
2576 1461 2808 1526 caedere,
2837 1463 3012 1520 donec
3033 1481 3226 1520 carnes
3250 1480 3442 1518 eorum

1869 1547 2330 1618 discerpserunt:
2401 1559 2612 1606 etcum
2675 1553 2834 1609 valde
2890 1563 3175 1609 emanaret
3251 1571 3442 1608 eorum

1870 1640 2114 1708 sanguis,
2153 1643 2328 1695 sancti
2362 1657 2585 1698 sursum
2625 1643 2957 1715 aspiciﬂes
2994 1649 3045 1702 in
3080 1648 3302 1711 caelum,
3327 1647 3443 1700 cla-

1873 1728 2095 1782 mabant
2124 1728 2343 1784 Christo
2394 1733 2792 1800 supplicantes,
2832 1738 2990 1791 uteis
3017 1738 3166 1792 vires
3217 1737 3445 1791 adderet

1872 1821 2161 1874 etlevaret
2198 1835 2390 1875 eorum
2447 1823 2686 1879 labores.
2742 1827 2846 1891 Qui
2881 1843 3005 1880 cum
3053 1828 3321 1883 audiisset
3357 1830 3444 1883 in—

167 1920 381 1989 ἑπέστη
425 1919 614 1980 αὐτοῖς
656 1918 732 1986 τῷ
776 1918 991 1985 ἀοράτῳ
1041 1915 1210 1967 αὑτοῦ
1259 1915 1488 1985 δυνάμει
1534 1917 1630 1967 καὶ
1657 1915 1763 1966 τῶν

1873 1919 2083 1964 tensam
2129 1927 2321 1967 eorum
2360 1916 2757 1984 precationem,
2788 1917 2854 1972 ad
2910 1933 3003 1972 eos
3053 1921 3287 1973 accessit
3346 1935 3445 1988 po-

168 2015 354 2068 πόνων
410 2011 518 2064 τῶν
571 2010 822 2079 βασάνων
863 2008 1064 2069 αὐτοὺς
1108 2006 1478 2075 ἐπεκούφισεν
1530 2007 1624 2060 καίΙ
1666 2005 1765 2069 τὰς

168 2101 408 2171 καρδίας
471 2099 656 2153 αὐτῶν
724 2100 782 2150 ἐν
845 2099 913 2166 τῇ
979 2096 1119 2164 πρὸς
1178 2096 1342 2150 αὐτὸν
1402 2097 1773 2170 ὲπεστήριξεν,

166 2195 387 2264 ἀγάπῃ.

240 2287 299 2341 ιο.
349 2287 768 2356 Ἀτονησάντων
808 2286 864 2339 δὲ
898 2283 1266 2358 βασανιστῶν,
1305 2279 1462 2339 εἶπεν
1495 2285 1524 2338 δ
1566 2284 1766 2356 τύρανο

165 2399 254 2444 νος
288 2383 404 2444 τοῖς
439 2381 650 2449 ἁγίοις·
689 2381 929 2447 Ἔγνωτε
961 2379 1076 2445 οὖν,
1103 2375 1148 2434 ὦ
1182 2379 1468 2447 τολμηταὶ,
1533 2379 1608 2441 ὡς
1671 2378 1767 2450 ρᾲ-

165 2477 276 2530 διόν
307 2492 403 2544 μοι
425 2475 738 2540 καθέστηκε
761 2475 858 2542 τὴν
885 2473 1033 2541 ζωὴν
1060 2471 1216 2540 ὑμῶν
1238 2469 1536 2523 ἀπολέσαι·
1563 2470 1765 2522 θύσατε

167 2568 260 2621 οὖν
293 2569 412 2628 τοῖς
445 2565 612 2626 θεοῖς,
646 2565 732 2616 ἴνα
763 2563 836 2633 μὴ
869 2563 1214 2633 πικροτέρων
1253 2562 1558 2633 πειριυθῆτε
1593 2561 1763 2631 βασά-

169 2677 299 2712 νων.
344 2654 766 2724 Ἀποκριθέντες
813 2654 869 2708 δὲ
910 2656 960 2707 οἱ
1001 2655 1147 2722 ἆγιοι
1180 2654 1258 2725 τῷ
1289 2655 1533 2725 τυράννῳ
1578 2649 1760 2707 εἷπον·

169 2751 344 2803 Τοῦτο
377 2747 643 2817 γίνωσκε,
678 2749 1015 2801 ἀσεϐέστατε
1049 2752 1143 2800 καὶ
1168 2747 1416 2815 ἀλλότριε
1450 2746 1545 2800 τοῦ
1571 2746 1763 2816 ἀληθι-

169 2841 264 2895 νοῦ
290 2841 455 2913 ἡμῶν
487 2840 647 2906 Θεοῦ,
671 2842 777 2906 ὅτι,
803 2841 990 2911 ὥσπερ
1020 2841 1084 2893 σὺ
1115 2841 1216 2893 οὐκ
1246 2840 1477 2910 αἰσθάνῃ
1506 2839 1602 2906 τῆς
1629 2841 1765 2907 ἀγά-

170 2957 281 3010 πης
311 2939 411 2993 τοῦ
445 2937 689 3009 Χριστοῦ
742 2938 834 2989 καί⁸
875 2937 972 3005 τῆς
1027 2936 1413 3006 λαμπρότητος
1445 2933 1633 3000 αὐτοῦ,
1673 2933 1764 2987 διά

169 3031 263 3085 τὸν
295 3027 776 3098 περικαλύπτοντα
809 3027 908 3096 τὴν
936 3026 1175 3078 διάνοιάν
1202 3043 1294 3078 σου
1327 3028 1389 3079 ἐκ
1426 3029 1524 3096 τῆς
1557 3025 1764 3095 πλάνης

169 3121 279 3176 τῶν
310 3119 589 3187 δαιμόνων
621 3118 833 3181 σκότον,
860 3117 1030 3180 οὕτως
1056 3116 1175 3168 οὐδὲ
1205 3118 1362 3186 ἡμεῖς
1382 3117 1488 3168 τῶν
1513 3117 1764 3184 βασάνων

1869 2008 2068 2055 testate
2091 2018 2214 2071 qua:
2254 2021 2360 2060 non
2409 2008 2564 2063 cadit
2595 2009 2698 2064 sub
2740 2021 3049 2079 aspectum,
3085 2020 3142 2066 et
3185 2012 3445 2066 allevavit

1868 2091 2087 2147 labores
2122 2101 2549 2161 tormentorum,
2581 2109 2637 2154 et
2687 2103 3032 2157 conﬁrmavit
3059 2104 3225 2158 corda
3251 2119 3444 2159 eorum

1870 2182 1923 2236 in
1951 2184 2220 2241 charitate
2245 2187 2299 2241 in
2336 2187 2538 2256 ipsum.

1939 2275 2008 2329 Χ.
2039 2277 2177 2332 Cum
2234 2277 2437 2341 defessi
2475 2288 2661 2336 autem
2686 2289 2870 2337 essent
2895 2289 3153 2349 tortores,
3179 2294 3444 2357 tyrannus

1869 2364 2007 2421 dixit
2055 2369 2261 2424 sanctis
2295 2387 2308 2424 :
2349 2371 2718 2440 Cognovistis,
2744 2388 2776 2426 ο
2812 2373 3049 2430 audaces
3098 2376 3348 2432 homines
3389 2385 3446 2432 et

1871 2462 2170 2525 temerarii,
2195 2479 2359 2532 quam
2386 2465 2455 2518 sit
2481 2465 2612 2519 mihi
2639 2467 2800 2522 facile
2821 2468 2989 2522 vitam
3036 2479 3275 2524 vestram
3321 2488 3447 2541 per-

1868 2552 2037 2606 dere?
2065 2555 2138 2607 De
2169 2565 2367 2609 caetero
2397 2574 2528 2626 ergo
2563 2558 2672 2612 diis
2697 2562 3022 2622 sacrificate,
3055 2577 3124 2615 ne
3159 2565 3444 2618 acerbiora

1868 2655 2142 2701 tormenta
2212 2650 2484 2706 sentiatis.
2550 2651 2736 2706 Sancti
2815 2669 2946 2707 vero
3024 2657 3440 2726 respondentes.

1866 2738 2123 2794 dixerunt
2143 2750 2374 2811 tyranno
2395 2742 2714 2813 imperatori
2741 2762 2754 2798 :
2783 2744 2893 2800 Hoc
2914 2762 3202 2816 cognosce,
3223 2765 3254 2804 ο
3278 2749 3443 2821 impie

1867 2842 1922 2888 et
1951 2835 2130 2889 aliene
2170 2850 2199 2888 a
2241 2850 2371 2889 vero
2415 2835 2526 2890 Deo
2584 2847 2794 2901 nostro,
2837 2840 2984 2907 quod
3040 2842 3316 2910 quomodo
3382 2851 3440 2896 tu

1865 2919 2068 2980 Christi
2101 2928 2428 2981 charitatem
2461 2945 2572 2984 non
2609 2933 2782 2985 sentis
2808 2944 2863 2986 et
2906 2934 3024 3002 ejus
3070 2934 3442 3003 splendorem.

1864 3026 2094 3086 propter
2126 3018 2387 3070 tenebras
2417 3034 2542 3087 quae
2589 3031 2827 3074 mentem
2864 3031 3013 3076 tuam
3060 3027 3319 3093 aperiunt
3374 3043 3443 3081 ex

1867 3127 2053 3165 errore
2076 3110 2412 3177 daemonum,
2443 3111 2518 3166 ita
2549 3128 2726 3182 neque
2751 3129 2854 3169 nos
2887 3122 3160 3172 tormenta
3195 3126 3288 3173 tua
3313 3134 3442 3175 sen-

170 3232 266 3268 σου
305 3211 709 3282 αἰσθανόμεθα,
741 3209 829 3264 διά
857 3209 917 3262 τὸ
947 3207 1286 3284 πεφωτίσθαι
1330 3207 1486 3278 ἡμῶν
1519 3205 1615 3274 τὴν
1646 3207 1760 3258 διά-

1871 3197 2060 3262 timus,
2097 3209 2385 3269 propterea
2417 3201 2566 3270 quod
2606 3219 2761 3258 mens
2797 3215 2986 3260 nostra
3023 3207 3094 3262 sit
3134 3207 3443 3265 illuminata

169 3303 324 3360 νοιαν
358 3307 425 3359 ὲκ
457 3304 558 3372 τῆς
597 3304 832 3365 πίστεως
867 3304 960 3354 καὶ
987 3302 1209 3369 ἀγάπης
1235 3300 1470 3371 Χριστοῦ
1497 3298 1591 3354 τοῦ
1623 3299 1760 3356 Θεοῦ

170 3399 354 3470 ἡμῶν.
392 3397 638 3451 ’Ἑπινόει
685 3393 862 3445 τοίνυν
903 3393 1096 3463 ἐτέρας
1133 3393 1380 3462 μηχανάς
1429 3393 1761 3463 βασανιστη-

173 3491 309 3564 ρίων
367 3488 763 3553 καινοπρεπεῖς
815 3485 938 3538 καθ’
966 3483 1160 3554 ήμῶνο
1212 3484 1340 3554 διψᾷ
1374 3485 1480 3556 γάρ
1527 3485 1683 3555 ἡμῶν
1730 3486 1760 3556 ἡ

170 3585 383 3636 διάνοια
406 3580 501 3632 καὶ
524 3579 784 3648 ἐπιθυμεῖ
805 3581 836 3647 ἠ
863 3579 1001 3631 κατά
1023 3579 1260 3653 Χριστὸν
1281 3578 1437 3648 ἡμῶν
1464 3577 1650 3650 ἀγάπη
1674 3579 1761 3631 διὰ

169 3674 271 3741 τῆς
300 3673 404 3740 σῆς
433 3670 561 3724 καθ’
586 3670 742 3740 ἡμῶν
763 3668 1113 3736 ἀποφάσεως,
1148 3666 1425 3734 θεωρῆσαι
1454 3665 1548 3718 τὸν
1582 3666 1759 3728 ζῶντα

170 3766 306 3818 Θεὸν
332 3766 431 3818 καὶ
462 3761 822 3832 βασιλεύοντα
857 3760 934 3817 είς
965 3758 1090 3818 τοὺς
1122 3756 1347 3818 αἰῶνας.
1379 3756 1567 3812 Ταῦτα
1597 3756 1761 3810 ἀκού-

172 3876 272 3925 σας
315 3861 345 3911 δ
375 3858 642 3925 τύραννος
674 3851 766 3906 καὶ
799 3851 1092 3921 θυμωθεὶς,
1137 3849 1346 3905 κελεύει
1390 3853 1569 3922 πυρὰν
1608 3869 1758 3921 παμ-

173 3952 383 4024 μεγέθη
423 3947 681 4017 γενέσθαι
717 3948 809 4000 καὶ
836 3947 892 4000 ὲν
918 3945 1052 4014 αὐτῇ
1080 3945 1271 4014 στῆναι
1290 3946 1415 4008 τοὺς
1444 3945 1726 4014 μάρτυρας
1744 3961 1756 3975 ·

169 4041 281 4095 τῶν
347 4039 408 4091 δὲ
462 4038 783 4108 δορυφόρων
845 4035 1252 4106 πληρωσάντων
1296 4034 1462 4087 αὑτοῦ
1502 4034 1601 4104 τὴν
1648 4036 1759 4088 ἀπο

169 4133 466 4204 ἄνθρωπον
497 4131 771 4194 κέλευσιν,
796 4128 1058 4190 ἑκουσίως
1098 4131 1146 4182 oi
1179 4129 1323 4198 ἆγιοι
1361 4129 1665 4199 ὲπήρχοντο
1693 4131 1759 4196 τῇ

168 4227 444 4299 πυρκαῖᾷ,
479 4223 555 4286 ὼς
613 4222 766 4275 ὕδατι
807 4221 882 4289 τῷ
925 4223 1058 4289 πυρὶ
1107 4220 1458 4288 προσομιλεῖν
1507 4220 1759 4288 ἀλλήλοις

167 4319 728 4392 παρακελευόμενοι·
769 4314 861 4366 καὶ
891 4313 1048 4382 λόγον
1092 4313 1281 4366 οὐδένα
1324 4314 1420 4384 τῆς
1466 4312 1616 4383 παρὰ
1650 4312 1760 4366 τῶν

166 4414 471 4484 ἀνθράκων
505 4408 821 4476 ποιούμενοι
848 4405 1115 4467 καύσεως,
1157 4406 1491 4475 μεγαλοφυεῖ
1521 4405 1596 4474 τῷ
1631 4422 1762 4475 φρο-

170 4509 383 4576 νήματι
415 4501 557 4573 πρὸς
592 4499 681 4553 τὸν
716 4499 976 4569 τύραννον
1013 4498 1284 4564 ἔφασκον⁸
1336 4497 1546 4564 Ἡμεῖς,
1583 4497 1758 4560 Μαξι-

174 4600 364 4672 μιανὲ,
394 4597 500 4668 τὴν
532 4594 808 4663 τύφλωσιν
836 4592 932 4661 τῆς
964 4591 1062 4660 σῆς
1085 4587 1442 4658 ἀναισθησίας
1476 4587 1762 4657 λογιζόμε-

167 4709 273 4756 νοι,
308 4686 663 4757 οίκτείρομέν
704 4701 763 4736 σε
795 4683 896 4752 τῆς
924 4682 1134 4753 λιθίνης
1176 4681 1406 4751 καρδίας
1436 4681 1643 4742 ἕνεκεν,
1678 4681 1758 4733 ὅτι

165 4784 462 4854 ὑπηρέτης
520 4779 755 4849 γέγονας
809 4776 911 4845 τῆς
965 4775 1072 4828 τῶν
1120 4775 1445 4844 ἀκαθάρτων
1495 4773 1761 4842 δαιμόνων

168 4877 409 4944 πλάνης,
443 4874 520 4945 μὴ
549 4871 848 4941 δυνάμενος
879 4869 1150 4938 ἀνανῆψαι
1189 4868 1322 4939 μηδὲ
1361 4866 1654 4935 ἐπιγνῶναι
1687 4865 1762 4927 ὡς

167 4969 358 5022 πᾶσαν
384 4965 743 5036 ἀνθρωπίνην
779 4961 1156 5033 ὑπερϐέϐηκεν
1189 4961 1436 5032 ἀνδρείαν
1463 4961 1494 5029 η
1525 4957 1760 5027 τοσαύτη

163 5064 270 5133 τῆς
299 5057 611 5132 καρτερίας
636 5056 900 5125 ὑπομονὴ.
929 5056 1022 5116 Τίς
1046 5055 1154 5123 γὰρ
1185 5051 1353 5122 χωρὶς
1381 5052 1529 5114 θείας
1557 5051 1763 5118 ἀναψύ-

167 5155 308 5216 ξεως
335 5148 603 5204 τοσοῦτον
649 5148 789 5199 κατὰ
825 5145 1124 5214 παμφάγου
1158 5143 1352 5211 φλογὸς
1397 5142 1761 5210 άγωνίσοιτος

168 5246 234 5296 Οί
267 5244 326 5296 δδ
344 5242 430 5312 τῷ
459 5237 737 5306 πνεύματι
768 5237 975 5300 ζέοντες
1009 5235 1098 5287 καὶ
1132 5235 1224 5288 τὸν
1254 5236 1384 5287 Θεὸν
1411 5233 1762 5304 ἐνδυσάμενοι

168 5335 288 5405 πῦρ
347 5330 758 5386 καταναλίσκον
804 5330 928 5390 τοὺς
978 5327 1117 5380 κατὰ
1168 5327 1228 5379 σε
1276 5326 1551 5387 δυσσεϐεῖς
1581 5325 1761 5388 ὄντας,

163 5427 429 5496 οὐδαμῶς
470 5423 678 5492 βλάψαι
703 5422 829 5482 τοὺς
856 5419 1102 5482 εὐσεϐεῖς
1129 5418 1418 5488 δυνήσεται
1446 5432 1460 5448 ’
1495 5416 1626 5485 φλὸξ
1655 5419 1763 5486 γὰρ

165 5521 275 5573 ὑπὸ
325 5516 537 5587 φλογὸς
575 5513 916 5584 προσκαίρου
968 5528 1025 5564 τε
1085 5514 1179 5563 καὶ
1228 5511 1474 5580 φθαρτῆς
1520 5510 1620 5560 οὐκ
1651 5509 1762 5577 ἔχει

166 5614 335 5680 φύσιν
377 5605 908 5664 καταναλίσκεσθαι.
939 5605 1132 5672 Μάτην
1166 5600 1256 5654 οὖν
1289 5602 1531 5671 μοχθεῖς,
1569 5602 1762 5670 ἀνόητε

163 5704 428 5776 τύραννε,
491 5701 624 5760 τοὺς
669 5697 1098 5766 πεπυρωμένους
1153 5695 1302 5765 ἡμᾶς
1335 5697 1398 5766 τῇ
1442 5693 1632 5764 ἀγάπῃ
1670 5692 1781 5750 τοῦ⁴

164 5794 411 5870 Χριστοῦ
466 5793 610 5861 πυρὶ
658 5789 1004 5858 δαπανῆσθαι
1059 5787 1420 5858 φιλονιικὼν’
1482 5786 1764 5854 έπύρωσεν

162 5891 272 5960 γάρ
307 5888 491 5961 ἡμᾶς,
520 5884 599 5946 ὡς
629 5881 898 5952 πυροῦται
926 5881 985 5932 τὸ
1015 5879 1299 5950 ἀργύριον.

1871 3306 1898 3342 a
1924 3288 2028 3344 ﬁde
2053 3293 2394 3345 etcharitate
2417 3293 2624 3348 Christi
2657 3296 2748 3350 Dei
2773 3298 2965 3351 nostri.
2991 3300 3251 3368 Excogita
3291 3318 3444 3373 ergo,

1869 3398 1902 3436 ο
1926 3390 2154 3454 tyranne
2195 3393 2249 3438 et
2286 3384 2472 3441 insane
2495 3388 2672 3450 canis,
2706 3389 2840 3444 alias
2883 3389 2937 3444 in
2967 3406 3067 3446 nos
3114 3408 3286 3448 novas
3327 3410 3445 3449 ma-

1871 3476 2063 3530 chinas
2096 3486 2516 3533 tormentorum.
2551 3480 2681 3535 Sitit
2729 3482 2875 3537 enim
2925 3499 3080 3539 mens
3135 3496 3344 3551 nostra,
3390 3497 3447 3542 et

1871 3569 2167 3634 desiderat,
2231 3587 2350 3639 quae
2375 3581 2547 3624 estex
2583 3573 2825 3640 Christo,
2868 3575 3128 3643 Charitas,
3165 3594 3260 3645 per
3295 3588 3443 3634 tuam

1869 3661 1922 3715 in
1974 3677 2072 3714 nos
2108 3663 2461 3726 sententiam,
2505 3669 2869 3736 contemplari
2925 3670 3096 3725 Deum
3149 3672 3335 3726 vivum
3391 3686 3447 3729 et

1871 3763 2189 3824 regnantem
2220 3755 2272 3808 in
2306 3756 2524 3810 saecula.
2562 3759 2683 3812 llam
2729 3776 2850 3813 cum
2885 3762 3150 3816 audiisset
3183 3772 3446 3833 tyrannus

1870 3857 1924 3899 et
1960 3849 2114 3903 valde
2142 3847 2336 3902 fuisset
2384 3848 2578 3912 iratus,
2603 3851 2757 3920 jubet
2783 3852 3006 3905 accendi
3044 3868 3234 3923 rogum
3271 3857 3447 3909 maxi-

1870 3955 2018 3992 mum
2051 3949 2104 3993 et
2138 3940 2190 3992 in
2236 3955 2359 3993 eum
2380 3940 2486 4010 jaci
2545 3954 2767 3996 sanctos
2821 3954 3106 4016 martyres.
3149 3946 3286 4000 Cum
3339 3949 3445 4001 im-

1871 4032 2116 4100 plessent
2169 4046 2298 4084 vero
2335 4032 2602 4088 satellites
2659 4036 2917 4088 acerbum
2973 4046 3029 4091 et
3085 4037 3445 4092 inhumanum

1869 4127 1988 4194 ejus
2041 4127 2273 4196 jussum,
2320 4127 2494 4180 sancti
2551 4143 2647 4182 sua
2715 4140 2911 4197 sponte
2969 4139 3323 4185 accesserunt
3377 4135 3445 4185 ad

1871 4232 2082 4285 rogum,
2113 4233 2169 4270 se
2214 4219 2445 4270 invicem
2493 4218 2878 4282 adhortantes,
2913 4223 3059 4275 utad
3102 4223 3279 4291 ignem
3330 4230 3448 4276 tan-

1869 4323 2031 4378 quam
2055 4309 2120 4364 ad
2157 4324 2352 4379 aquam
2381 4308 2709 4364 accederent
2740 4328 2753 4364 :
2778 4326 2960 4381 neque
2987 4313 3152 4367 ullam
3180 4314 3446 4369 ducentes

1871 4399 2140 4454 rationem
2207 4401 2511 4454 carbonum
2571 4404 2908 4468 exustionis,
2946 4420 3144 4476 magno
3205 4414 3264 4460 et
3316 4422 3452 4461 con-

1867 4491 2030 4545 stanti
2069 4491 2265 4560 spiritu
2299 4492 2559 4545 dixerunt
2601 4503 2834 4564 tyranno
2869 4512 2882 4546 :
2916 4497 3046 4561 Nos,
3071 4511 3104 4548 ο
3129 4497 3449 4564 imperator,

1791 4577 1839 4635 D
1866 4583 2276 4638 considerantes
2316 4584 2614 4638 caecitatem
2650 4597 2796 4640 tuam
2821 4593 2875 4638 et
2897 4601 3098 4641 sensus
3122 4595 3446 4657 egestatem,

1867 4675 2067 4744 Iapidei
2103 4677 2177 4728 tui
2215 4676 2399 4730 cordis
2428 4678 2779 4743 miseremur,
2812 4679 2961 4747 quod
2993 4679 3164 4734 fueris
3197 4679 3448 4734 minister

1863 4767 2066 4821 erroris
2117 4769 2490 4835 improborum
2525 4778 2580 4821 et
2633 4770 3047 4825 iminundorum
3107 4773 3439 4836 daemonum,

1866 4875 1973 4914 non
2003 4860 2188 4912 valens
2223 4859 2567 4929 resipiscere,
2602 4874 2697 4916 aut
2736 4877 3070 4932 cognoscere
3106 4863 3274 4920 Deum
3312 4867 3437 4921 cmli

1865 4963 1920 5007 et
1947 4962 2125 5017 terrae,
2162 4954 2254 5021 qui
2293 4961 2498 5006 tantam
2560 4956 2719 5010 nobis
2744 4956 3137 5011 fortitudinem
3196 4959 3350 5013 dedit
3382 4969 3438 5013 et

1868 5045 2240 5098 tolerantiam.
2275 5043 2409 5108 Quis
2462 5046 2606 5100 enim
2665 5047 2870 5115 absque
2903 5049 3087 5103 divina
3143 5048 3440 5118 refrigeraa

1868 5138 2037 5199 tione,
2065 5134 2328 5188 adversus
2362 5138 2543 5189 omnia
2576 5138 2900 5191 exedentem
2947 5139 3220 5193 flammam
3246 5141 3438 5194 decer-

1869 5226 2114 5281 taverit?
2163 5227 2266 5291 Qui
2312 5237 2494 5281 autem
2528 5229 2724 5298 spiritu
2777 5230 2990 5284 fervent
3053 5240 3108 5284 et
3149 5232 3320 5286 Deum
3357 5233 3441 5287 in-

1865 5317 2130 5380 duerunt,
2171 5316 2310 5384 ignis
2357 5331 2690 5372 consumens
2724 5318 2868 5382 illos,
2911 5321 3005 5388 qui
3031 5321 3176 5374 sicut
3221 5331 3278 5375 tu
3309 5333 3437 5377 sunt

1867 5407 2021 5478 impii
2076 5423 2420 5477 nequaquam
2473 5409 2593 5480 pios
2649 5410 2848 5465 lardere
2894 5413 3115 5480 poterit.
3182 5413 3435 5467 Flamma:

1865 5501 2010 5556 enim
2039 5515 2145 5554 non
2179 5511 2262 5554 est
2288 5518 2316 5555 a
2343 5513 2536 5557 natura
2565 5503 2967 5572 ingeneratum,
2994 5515 3053 5559 ut
3077 5516 3436 5561 consumatur

1866 5609 1894 5646 a
1931 5592 2168 5656 ﬂamina,
2208 5609 2329 5663 qua:
2367 5603 2450 5647 est
2481 5595 2548 5649 ad
2584 5603 2819 5664 tempus,
2856 5606 2911 5649 et
2943 5597 2996 5650 in
3062 5601 3226 5667 quam
3288 5599 3438 5653 cadit

1868 5688 2144 5742 interitus.
2181 5687 2550 5751 Quamobrem
2602 5687 2800 5743 frustra
2873 5691 3113 5757 laboras,
3148 5707 3180 5745 ο
3237 5691 3436 5745 stolide

1868 5789 2114 5849 tyranne,
2151 5781 2242 5848 qui
2304 5794 2424 5838 nos.
2461 5779 2554 5848 qui
2598 5778 2800 5834 Christi
2852 5783 3278 5855 conflagramus~
3306 5783 3436 5836 cha-

1871 5876 2052 5930 ritate.
2089 5874 2211 5942 igne
2243 5873 2530 5927 contendis
2585 5888 2933 5932 consumere.
2973 5877 3077 5930 Nos
3105 5878 3252 5931 enim
3293 5874 3436 5946 ignis

1874 5965 2196 6031 candefecit,
2229 5966 2371 6019 sicut
2396 5966 2630 6021 candelit
2665 5974 2973 6035 argentum.
