4180 6510
698 440 802 504 367

770 561 865 619 ιι.
889 560 1026 615 Cum
1050 569 1245 615 omnes
1265 561 1449 609 autem
1473 545 1569 620 qui
1595 540 1900 601 audiebant
1918 543 2140 607 prapter
2164 533 2280 586 hmc
2311 538 2352 594 Α

703 653 870 710 verba
910 649 1343 711 admirarentur,
1375 651 1661 714 tyrannus,
1694 632 1788 704 qui
1847 628 1916 683 ab
1969 625 2128 682 initio
2155 630 2278 678 erat

704 765 799 804 vas
834 745 1111 806 interitus,
1158 733 1532 810 perseveravit
1561 730 1703 785 velle
1752 730 1974 780 sanctos
2024 717 2277 790 perdere,

681 852 760 898 -et
790 853 970 909 neque
1022 845 1316 906 persuasus
1344 829 1449 885 fuit
1490 822 1676 878 verbis
1720 817 2086 890 gloriosorum
2128 825 2278 865 mar-

708 950 908 1010 tyrum,
935 901 1111 1000 neque
1134 927 1302 982 rebus
1343 921 1479 992 ipsis
1498 918 1602 974 fuit
1624 901 2058 982 obstupefactus.
2083 905 2283 970 Quam-

706 995 904 1085 o'brem'
918 995 1076 1097 jubet
1092 1023 1175 1076 eis
1195 1031 1384 1073 rursus
1407 1013 1545 1084 palis
1568 1007 1763 1069 aiiixis,
1785 1001 1983 1058 ferreis
2008 995 2287 1069 unguibus

710 1125 886 1178 latera
917 1117 1136 1173 fortiter
1181 1109 1337 1166 credi.
1377 1105 1514 1161 Cum
1549 1116 1680 1172 ergo
1711 1095 1888 1153 sancti
1922 1103 1979 1149 et
2029 1087 2284 1166 generosi

711 1224 980 1283 martyres
1013 1207 1120 1262 hoc
1154 1214 1374 1273 quoque
1428 1203 1709 1251 certamen
1749 1198 1974 1244 strenue
2035 1183 2286 1237 decerta-

712 1314 857 1370 rent,
890 1311 947 1358 et
967 1313 1159 1356 omnes
1188 1295 1594 1350 admirarentur
1621 1276 1970 1353 imperatoris
1992 1270 2286 1327 amentiam

712 1405 770 1454 ct
833 1395 1098 1452 furorem,
1152 1384 1448 1457 praeclarus
1511 1385 1718 1444 martyr
1788 1366 2083 1424 Mauricius
2151 1359 2292 1417 dixit

716 1501 954 1562 tyranno
986 1501 1000 1540 :
1041 1454 1168 1536 Non
1218 1474 1397 1533 sentis
1429 1481 1577 1526 tuam
1614 1463 2050 1522 imbecillitatem
2086 1465 2143 1511 et
2189 1454 2292 1509 mi-

714 1545 941 1641 seriam,
971 1592 1004 1630 ο
1035 1568 1318 1628 immunda
1353 1574 1411 1620 et
1436 1560 1662 1634 profane
1696 1567 1948 1629 tyranne,
1979 1547 2127 1619 quod
2152 1545 2295 1599 Pho-

719 1678 870 1731 tinus
914 1682 1120 1741 parvus
1175 1645 1631 1716 hitﬂdolescens
1679 1649 1757 1702 tui
1809 1641 2026 1713 imperii
2067 1635 2297 1707 fregerit

717 1733 1045 1824 audaciam?
1075 1757 1228 1812 Talia
1263 1751 1412 1807 enim
1443 1756 1501 1802 et
1531 1754 1640 1798 tam
1676 1739 1850 1794 multa
1899 1733 2134 1790 subiisse
2184 1739 2296 1783 tor-

721 1864 930 1920 menta,
980 1857 1063 1905 est
1129 1846 1209 1901 tui
1267 1833 1634 1896 crudelissimi
1702 1825 1920 1896 imperii
1971 1817 2293 1877 confractio.

723 1944 1010 2017 Quomodo
1056 1953 1190 2010 ergo
1277 1933 1595 1989 universam
1667 1932 1915 1978 nostram
1967 1915 2296 1987 phalangem

724 2002 972 2110 frangere
1005 2002 1237 2106 pote'ris,
1269 2026 1363 2098 qui
1398 2039 1428 2078 a
1465 2018 1681 2077 tantillo
1745 2012 2096 2071 adolescente
2129 2002 2302 2058 fueris

729 2127 1059 2203 superatus?
1106 2125 1340 2191 Propter
1363 2117 1480 2170 haec
1525 2109 1691 2164 verba
1716 2106 1797 2159 ira
1845 2099 2091 2174 percitus
2132 2094 2304 2151 scele-

729 2233 882 2280 ratus
917 2215 1304 2276 Maximianus,
1330 2217 1387 2265 et
1417 2202 1742 2261 ardentibus
1771 2212 1900 2252 eum
1933 2194 2151 2246 intuens
2171 2202 2306 2242 ocu-

726 2318 817 2381 lis,
851 2324 909 2370 et
940 2310 1182 2368 stridens
1214 2306 1268 2359 in
1295 2316 1423 2358 eum
1448 2295 1734 2356 dentibus,
1753 2298 1809 2345 et
1831 2286 2026 2344 volens
2049 2287 2304 2337 sanctum

729 2418 787 2462 et
809 2407 1032 2459 beatum
1076 2395 1283 2453 Christi
1307 2400 1604 2460 martyrem
1635 2379 1960 2437 Mauricium
2001 2372 2198 2428 acerbe
2224 2368 2308 2422 ul-

733 2497 887 2561 cisci,
917 2495 1078 2567 jubet
1101 2483 1443 2561 spiculatori,
1473 2486 1532 2535 ut
1560 2484 1688 2532 ante
1718 2471 1911 2528 oculos
1931 2464 2105 2538 patris
2131 2463 2306 2518 filium

734 2555 990 2644 conficiat
1014 2593 1076 2638 .et
1102 2555 1340 2635 occidat.
1372 2573 1452 2628 Eo
1490 2571 1674 2638 itaque
1723 2565 2094 2633 praesente,et
2137 2555 2307 2608 ﬁlium

737 2676 1058 2749 aspiciente,
1083 2671 1204 2741 ejus
1237 2672 1402 2736 caput
1433 2657 1671 2718 abscidit
1704 2651 2024 2725 spiculator.

808 2853 928 2908 XII.
955 2851 1091 2906 Cum
1119 2858 1250 2916 ergo
1267 2843 1374 2897 hoc
1397 2837 1560 2909 modo
1579 2827 1887 2889 beatissimi
1907 2821 2132 2880 Pbotini
2150 2829 2317 2888 caput

740 2941 1120 3000 venerandum
1155 2913 1352 2989 fuisset
1378 2934 1746 2998 amputatum,
1773 2921 1932 2990 isque
1983 2913 2216 2988 pulchre
2258 2918 2316 2966 et.

742 3035 978 3110 gloriose
1022 3030 1312 3100 migrasset
1361 3022 1430 3077 ad
1489 3016 1804 3080 Dominum,
1842 3010 1980 3066 dixit
2018 3006 2317 3079 praeclarus

743 3099 1038 3186 ilauricius
1063 3141 1078 3178 :
1108 3099 1363 3176 Nostrum
1417 3110 1756 3169 desiderium
1799 3099 2120 3172 implevisti,
2163 3111 2196 3150 o
2237 3105 2318 3165 ty-

2014 417 2303 481 MENSIS
2341 417 2640 480 IULIUS.

3855 393 3966 459 368

2456 530 2558 584 lA'.
2593 527 2819 583 Πάντων
2859 516 2952 579 οὖν
3001 518 3096 578 ἐπὶ
3123 517 3238 582 τοῖς
3269 514 3534 576 τοιούτοις
3568 509 3971 582 θαυμαζόντων

2385 623 2644 692 ῥήμασιν,
2675 616 2868 679 σκεῦος
2895 613 3157 684 ὑπάρχων
3188 611 3290 678 τῆς
3325 604 3603 666 ἀπωλείας
3637 604 3665 656 ό
3699 601 3974 672 τύραννος

2381 713 2651 782 διέμεινεν
2674 708 3032 777 ἐνιστάμενος
3061 703 3156 756 τοῦ
3187 700 3456 756 ἀπολέσαι
3493 697 3620 758 τοὺς
3641 695 3859 764 ἀγίους,
3881 695 3974 747 καὶ

2382 802 2508 856 οὔτε
2537 803 2650 862 τοῖς
2688 799 2867 866 λόγοις
2914 794 3165 849 ἐπείθετο
3193 790 3306 844 τῶν
3347 786 3611 856 ἀοιδίμων
3640 783 3974 854 μαρτύρων,

2384 896 2510 951 οὕτε
2535 898 2650 958 τοῖς
2673 893 2995 964 πράγμασιν
3021 886 3386 954 ἐξεπλήττετο
3411 896 3424 909 ·
3457 880 3552 931 καὶ
3595 876 3814 929 κελεύει
3837 877 3974 928 ἀνα-

2388 963 2866 1045 σκολωπισθέντας
2925 980 3054 1041 τοὺς
3095 975 3303 1044 ἀγίους
3363 970 3608 1041 σιδηροῖς
3651 966 3838 1031 ὄνυξιν
3879 963 3980 1026 τὰς

2387 1080 2627 1148 πλευράς
2684 1074 2864 1129 αὑτῶν
2925 1070 3158 1130 εὐτόνως
3223 1064 3477 1132 ξέεσθαι.
3521 1060 3645 1115 Τῶν
3678 1055 3775 1112 οὖν
3801 1057 3983 1124 ἁγίων

2393 1171 2687 1245 μαρτύρων
2733 1167 2828 1219 καὶ
2887 1163 3093 1217 τούτων
3155 1156 3394 1228 ίσχυρῶς
3457 1149 3832 1207 διαθλούντων
3887 1147 3982 1200 τδν

2391 1238 2600 1328 ἀγῶνα,
2629 1261 2725 1315 καὶ
2764 1258 2985 1311 πάντων
3020 1249 3419 1320 θαυμαζόντων
3447 1245 3547 1313 τὴν
3579 1241 3676 1295 τοῦ
3705 1238 3985 1309 βασιλέως

2393 1327 2600 1419 ἄνοιαν,
2627 1351 2956 1420 Μαυρίκιος,
2987 1348 3015 1399 ό
3041 1343 3286 1409 ἀοίδιμος
3328 1337 3562 1408 μάρτυς,
3601 1333 3740 1403 πρὸς
3770 1329 3868 1383 τὸν
3890 1327 3988 1381 τύ-

2399 1416 2594 1522 ραννον*
2617 1445 2719 1514 ἐφη
2742 1416 2902 1494 ο-Οὑκ
2929 1437 3165 1508 αἰσθάνῃ
3191 1433 3289 1503 τῆς
3325 1430 3423 1499 σῆς
3450 1424 3758 1489 ἀσθενείας,
3789 1416 3838 1477 ὦ
3864 1421 3987 1491 βδε-

2396 1516 2676 1613 λυρώτατε
2739 1534 3016 1606 τύραννε,
3045 1531 3128 1584 ὃτι
3181 1524 3474 1588 Φωτεινδς,
3521 1520 3580 1572 τὸ
3618 1519 3798 1590 βραχὺ
3825 1516 3990 1569 τοῦτο

2403 1609 2715 1705 μειράκιον,
2751 1627 3053 1680 κατέλυσεν
3075 1621 3174 1691 τὴν
3208 1617 3524 1690 βασιλείανς
3557 1613 3618 1666 τὸ
3647 1611 3756 1680 γὰρ
3788 1609 3992 1663 τοσαύ-

2401 1743 2501 1788 τας
2535 1723 2630 1776 καὶ
2664 1716 3000 1790 τηλικαύτας
3021 1713 3324 1781 ὑποστῆναι
3356 1709 3645 1779 βασάνους,
3683 1703 3993 1763 κατάλυσις

2400 1820 2500 1888 τῆς
2526 1816 2624 1885 σῆς
2657 1812 2950 1882 ὠμότατης
2983 1804 3259 1876 βασιλείας
3290 1800 3438 1854 ἐστίν
3465 1817 3478 1830 ⁸
3505 1800 3624 1862 πῶς
3655 1797 3847 1850 τοίνυν
3882 1792 3997 1847 πά-

2405 1886 2504 1962 σαν
2532 1905 2691 1977 ἡμῶν
2724 1899 3039 1974 διαρῥήξεις
3077 1896 3175 1966 τὴν
3209 1892 3490 1963 φάλαγγα,
3519 1887 3856 1948 τοσαυτάκις
3890 1886 3994 1938 ὑπὸ

2407 1974 2798 2072 μειρακυλλίου
2832 1989 3153 2062 τηλικούτου
3179 1983 3512 2039 καταπεσών
3535 1998 3550 2046 ;
3577 1979 3876 2048 Θυμωθεὶς
3902 1974 3995 2031 οὑν

2405 2069 2639 2150 ἐπὶντοῖς
2682 2083 2950 2144 τοιούτοις
2995 2076 3344 2148 Μαξιμιανὸς
3380 2075 3408 2125 ό
3446 2069 3774 2142 παμμιαρδς
3815 2069 4000 2140 ῥήμα-

2408 2199 2513 2245 σιν,
2547 2177 2642 2231 καὶ
2677 2175 2923 2244 πυρίνοις
2957 2169 3121 2223 αὑτὸν
3147 2163 3626 2236 περιϐλεψάμενος
3657 2158 3994 2229 όφθαλμοίς,

2408 2268 2609 2339 τρίζων
2640 2263 2758 2316 κατ’
2790 2259 2957 2315 αὑτοῦ
2982 2259 3110 2319 τοὺς
3142 2256 3365 2316 ὀδόντας
3414 2254 3508 2305 καὶ
3542 2251 3891 2320 βουλόμενος-
3907 2249 4000 2316 δῆ-

2412 2356 2504 2410 θεν
2527 2355 2618 2408 τὸν
2673 2349 3078 2424 τρισμακάριον
3114 2343 3429 2413 Μαυρίκιον
3483 2341 3700 2410 πικρῶς
3734 2339 4000 2406 ἀνταμεί-

2411 2447 2640 2518 ψασθαι,
2676 2441 2893 2499 κελεύει
2943 2439 3022 2509 τῷ
3057 2435 3471 2504 σπεκουλάτωρι
3506 2430 3627 2484 κατ’
3681 2428 4001 2498 ὀφθαλμοὺς

2410 2541 2505 2595 τοὺ
2532 2541 2739 2610 πατρδς
2771 2530 3214 2606 διαχειρίσασθαι
3240 2529 3331 2583 τὸν
3358 2526 3562 2588 παῖδα,
3596 2523 3692 2578 καὶ
3728 2521 4000 2592 παρόντος

2413 2631 2579 2687 αὑτοῦ
2637 2630 2735 2682 καὶ
2759 2626 3038 2695 θεωμένου
3086 2622 3176 2676 τὸν
3235 2621 3350 2674 υίδν
3383 2619 3483 2689 τὴν
3511 2615 3705 2670 τούτου
3740 2612 3992 2684 κεφαλὴν

2416 2723 2582 2779 ἀποτε
2594 2723 2736 2791 μεῖν.

2490 2814 2589 2866 lB’.
2640 2808 2827 2878 Τούτῳ
2864 2805 3046 2860 τοίνυν
3093 2802 3181 2887 τῷ.
3201 2800 3389 2872 τρόπῳ
3415 2797 3684 2851 Φωτεινοῦ
3717 2796 3818 2848 τοῦ
3850 2812 3999 2865 τρισ-

2421 2903 2696 2980 μακαρίου
2737 2901 2836 2972 τὴν
2872 2898 3120 2967 κεφαλὴν
3152 2891 3566 2963 ἀποτμηθέντος
3588 2889 3682 2942 καὶ
3705 2887 3805 2959 τὴν
3834 2887 4002 2956 καλὴν

2419 2999 2688 3068 ἐκδημίαν
2722 2994 2858 3065 πρὸς
2920 2991 3054 3044 Θεὸν
3111 2989 3547 3058 ἐκδημήσαντος,
3606 2981 4003 3050 Μαυρίκιος,ο

2420 3091 2687 3159 ἀοίδιμος,
2741 3086 2882 3156 ἔφη’
2949 3082 3308 3152 Ἐπλήρωσας
3345 3077 3504 3148 ἡμῶν
3550 3077 3649 3146 τὴν
3676 3073 4000 3142 ἐπιθυμίαν,

746 3234 940 3280 ranne,
963 3225 1020 3270 et
1064 3214 1132 3266 de
1182 3217 1380 3263 caatero
1415 3204 1633 3257 firmum
1663 3206 1718 3252 et
1766 3193 2021 3250 stabilem
2053 3191 2313 3244 habemus

2423 3182 2674 3254 τύραννε,
2710 3179 2802 3233 καὶ
2829 3177 3016 3230 λοιπὸν
3057 3174 3277 3244 βέὸαιον
3305 3169 3661 3240 ἐκτησάμεθα
3711 3167 3804 3219 τὸν
3838 3167 4003 3236 οὐρά-

746 3327 971 3370 cursum
1002 3306 1303 3363 caelestem.
1327 3298 1462 3366 Quis
1483 3294 1629 3351 enim
1657 3307 1725 3348 ex
1751 3295 1941 3345 nostra
1965 3280 2320 3340 multitudine

748 3405 1044 3468 sustinebit
1093 3397 1343 3470 superari
1381 3411 1410 3449 a
1460 3391 1696 3449 Photino
1731 3384 1938 3444 Christi
1976 3381 2172 3444 milite,
2225 3377 2322 3447 qui

749 3501 1004 3572 migravit
1035 3497 1087 3550 in
1108 3493 1330 3553 cmlum,
1364 3496 1421 3542 et
1445 3483 1654 3555 pudore
1677 3479 1866 3534 aﬂecit
1921 3484 2133 3546 patrem
2165 3481 2323 3525 tuum

752 3561 1076 3646 diabolum?
1124 3581 1204 3637 Ad
1247 3579 1364 3633 haec
1414 3571 1610 3645 majori
1649 3567 1838 3626 studio
1882 3572 1938 3620 et
1965 3561 2327 3618 contentione

755 3690 1155 3741 tormentorum
1187 3675 1245 3728 in
1276 3686 1376 3726 nos
1428 3665 1681 3736 excogita
1712 3659 2012 3720 cruciatus,
2041 3663 2096 3711 et
2123 3653 2261 3709 nihil
2294 3666 2324 3706 a

755 3785 808 3832 te
837 3769 1292 3844 praetermittatur
1326 3775 1521 3816 eorum
1573 3771 1694 3828 quae
1726 3752 1965 3826 probant
1991 3765 2061 3804 an
2113 3749 2327 3801 firmam

753 3877 810 3924 et
865 3863 1200 3920 immobilem
1253 3856 1414 3910 fidem
1479 3850 1702 3907 Christo
1747 3855 2052 3899 servemus.
2101 3835 2332 3902 Quando

735 3952 939 4014 'autem
981 3953 1119 4007 vidit
1172 3945 1538 4002 Maximianus
1575 3949 1794 3995 sanctos
1823 3932 2030 3991 Christi
2063 3939 2333 3998 martyres

757 4058 1015 4124 prompto
1045 4053 1100 4100 et
1143 4039 1310 4096 alacri
1346 4036 1532 4092 animo
1589 4030 1985 4104 perpetientcs,
2023 4031 2078 4078 ct
2125 4031 2331 4075 rectam

757 4156 911 4198 suam
943 4139 1101 4192 fidem
1120 4149 1228 4187 non
1254 4132 1597 4186 deserentes,
1616 4126 1920 4176 convocato
1946 4130 2046 4171 suo
2088 4113 2333 4166 belluino

760 4243 816 4288 ct
845 4231 1142 4284 inhumano
1175 4227 1391 4282 senatu,
1418 4230 1542 4272 cum
1603 4212 1684 4268 eis
1734 4205 2104 4269 consultabat,
2138 4215 2334 4273 quem-

761 4321 1054 4380 admodum
1115 4322 1336 4371 sanctos
1389 4317 1659 4378 martyres
1695 4311 1871 4357 morte
1913 4298 2155 4353 alliceret
2178 4309 2338 4349 acer-

762 4415 1008 4472 bissima,
1036 4424 1131 4478 per
1156 4419 1296 4476 quos
1319 4412 1589 4456 terrorem
1621 4393 1846 4449 aﬂ‘crret
1872 4387 2226 4450 Christianis,
2244 4385 2338 4452 qui

763 4512 920 4563 crant
953 4502 1006 4555 iu
1043 4506 1157 4554 toto
1174 4473 1320 4549 vorbe
1354 4501 1649 4548 terrarum,
1682 4493 1738 4538 et
1785 4481 2050 4543 efliceret,
2103 4487 2164 4531 ut
2206 4473 2338 4528 delia

2423 3293 2534 3330 νιον
2562 3273 2763 3344 δρόμον
2783 3287 2796 3301 ·
2832 3271 2913 3332 τίς
2937 3268 3048 3336 γὰρ
3075 3267 3140 3318 ἐκ
3162 3264 3262 3333 τῆς
3286 3261 3560 3333 ἡμετέρας
3584 3257 3839 3323 ἀνέξεται
3871 3258 4007 3326 πλη-

2424 3368 2549 3428 θύος
2572 3362 2734 3436 ἦττον
2759 3361 2998 3430 φανῆναι
3033 3356 3128 3408 τοῦ
3168 3354 3406 3424 Χριστοῦ
3433 3350 3770 3422 στρατιώτου
3803 3350 3998 3401 Φωτειο

2424 3457 2541 3522 νοῦ,
2598 3454 2692 3508 τοῦ
2729 3452 2866 3523 πρὸς
2913 3449 3148 3520 ούρανὸν
3188 3444 3599 3513 ἐκδημήσαντος
3661 3448 3758 3496 καὶ
3791 3442 3887 3494 τὸν
3919 3439 4006 3492 σὸν

2427 3548 2642 3619 πατέρα
2673 3542 3143 3613 καταισχύναντος
3176 3536 3458 3601 διάϐολονς
3484 3535 3626 3604 Πρὸς
3649 3532 3828 3586 ταῦτα
3859 3533 4007 3601 φιλο-

2427 3643 2621 3714 τίμους
2678 3639 2788 3692 τῶν
2847 3629 3293 3708 βασανιστηρίων
3333 3625 3541 3682 ἐπινόει
3574 3622 3696 3677 καθ’
3723 3624 3884 3691 ημῶν
3917 3623 4010 3683 τὰς

2429 3736 2682 3796 κολάσεις
2712 3732 2809 3786 καὶ
2848 3729 3019 3801 μηδέν
3054 3744 3141 3781 σοι
3177 3719 3603 3796 παραλελείφθω
3641 3715 3752 3769 τῶν
3779 3717 4010 3784 δοκιμα-

2434 3827 2636 3891 ζόντων
2669 3825 2815 3892 ἡμᾶς
2842 3825 2891 3874 εί
2920 3819 3150 3889 βεϐαίαν
3176 3818 3253 3888 τῷ
3296 3814 3523 3886 Χριστῷ
3573 3812 3668 3866 καὶ
3711 3808 4010 3864 ἀσάλευτον

2433 3919 2534 3988 τὴν
2567 3916 2749 3970 πίστιν
2779 3911 3302 3982 παραφυλάττομεν.
3339 3909 3466 3959 Ὅτε
3489 3902 3581 3959 οὖν
3604 3901 3746 3957 είδεν
3777 3903 3806 3954 ό
3842 3899 4013 3964 Μαξιο

2439 4009 2630 4082 μιανδς
2684 4007 2811 4069 τοὺς
2867 4003 3057 4073 ἁγίους
3088 3999 3183 4052 τοὺ
3215 3993 3456 4068 Χριστοῦ
3496 3995 3786 4063 μάρτυρας
3844 3995 3902 4044 ἐν
3930 3990 4012 4060 βιο

2437 4103 2576 4172 ὁσίῳ
2604 4098 3008 4170 καρτερούντας
3031 4095 3126 4148 καὶ
3156 4093 3253 4160 τῆς
3276 4087 3456 4143 αὑτῶν
3480 4085 3647 4156 ὀρθῆς
3670 4086 3732 4136 οὑ
3761 4085 4016 4152 μεθιστα-

2443 4197 2637 4266 μένους
2675 4191 2934 4252 πίστεως,
2992 4184 3476 4256 συγκαλεσάμενος
3508 4175 3677 4233 αὑτοῦ
3715 4175 3815 4245 τὴν
3853 4177 4016 4227 and».

2440 4293 2658 4361 θρωπον
2685 4286 3011 4356 σύγκλητον,
3039 4281 3356 4336 ἐϐουλεύετο
3382 4276 3501 4349 μετ’
3527 4273 3728 4334 αὑτῶν.
3759 4271 3880 4334 πῶς
3900 4272 4016 4331 τοὺς

2446 4386 2642 4452 ἁγίους
2674 4381 2892 4447 θανάτῳ
2926 4374 3244 4445 πικροτάτῳ
3270 4371 3527 4432 διάθοιτο,
3547 4369 3616 4423 δι’
3637 4361 3712 4421 ῶν
3751 4367 3883 4428 τοὺς
3922 4363 4018 4417 ἀνά

2446 4481 2627 4533 πᾶσαν
2661 4477 2761 4544 τὴν
2784 4472 3118 4543 οίκουμένην
3140 4465 3505 4539 Χριστιανοὺς
3535 4461 3901 4532 ἐκφοϐήσειεν
3932 4460 4020 4514 καὶ

765 4602 950 4654 cercnt
977 4608 1005 4646 a
1039 4597 1227 4645 sancta
1271 4595 1329 4639 et
1359 4581 1493 4637 nulli
1528 4575 1672 4632 alIini
1731 4568 2151 4642 reprehensioni
2207 4565 2308 4620 reli

2415 4575 2416 4584 ‘
2443 4575 2542 4641 τῆς
2559 4569 2861 4640 ἀμωμήτου
2880 4562 3178 4637 θρησκείας
3195 4561 3504 4628 ἀποστῆσαι
3523 4557 4020 4620 παρασκευάσειεν.

766 4691 925 4761 ιῑυηε
951 4680 1415 4739 Christianorum.
1445 4671 1602 4725 Tunc
1636 4681 1758 4721 cum
1790 4664 1892 4734 ipsi
1913 4660 2082 4715 multa
2112 4656 2335 4712 consul-

769 4747 996 4837 tassent,
1024 4781 1079 4826 et
1127 4769 1268 4822 alius
1298 4765 1402 4818 alia
1449 4761 1716 4814 dixissent
1749 4776 1762 4812 :
1795 4754 2017 4826 quidam
2044 4765 2110 4805 ex
2140 4749 2208 4803 iis
2241 4747 2336 4816 qui

768 4873 824 4926 in
847 4865 1512 4925 senatumconvenerant,
1545 4851 1636 4922 qui
1670 4860 1790 4906 erat
1817 4849 1972 4902 radix
1993 4842 2329 4904 acerbitatis.

768 4971 824 5015 et
857 4961 1069 5013 fructus
1106 4950 1386 5021 nequitia,
1420 4956 1475 5001 et
1502 4943 1747 5014 cujusvis
1779 4941 2010 4996 alterius
2039 4937 2260 4992 malitia!
2284 4941 2341 4989 et

771 5047 1053 5121 injustitire
1111 5042 1276 5096 arbor
1327 5035 1685 5092 feracissima.
1743 5029 2027 5084 consuluit
2083 5034 2339 5097 tyranno,

773 5145 964 5197 dicens
994 5157 1006 5192 :
1041 5138 1363 5204 lmperator,
1398 5129 1488 5182 hic
1524 5125 1725 5180 mensis
1755 5130 1839 5178 est
1875 5132 2089 5190 tempus
2119 5116 2340 5172 maximi

775 5245 941 5290 aestus
969 5233 1109 5301 (erat
1137 5227 1282 5282 enim
1316 5232 1445 5277 tunc
1473 5217 1677 5273 mensis
1701 5214 1925 5283 Julius),
1951 5213 2089 5266 situs
2110 5220 2194 5266 est
2213 5222 2344 5262 vero

775 5340 926 5384 extra
957 5323 1233 5380 civitatem
1269 5329 1460 5371 versus
1489 5310 1835 5367 occidentem
1867 5306 2010 5361 inter
2055 5305 2214 5365 duos,
2249 5300 2344 5371 qui

777 5425 1002 5489 propter
1050 5427 1170 5466 eam
1202 5408 1292 5464 siti
1314 5414 1463 5468 sunt,
1496 5403 1692 5457 fluvios
1718 5409 1773 5455 et
1817 5399 2016 5458 lacum.
2047 5398 2200 5451 locus
2244 5408 2344 5463 po-

778 5510 949 5565 situra
977 5502 1200 5576 quidem
1222 5501 1441 5571 planus,
1473 5495 1598 5550 fcno
1626 5503 1806 5546 autem
1828 5490 2023 5559 plenus
2053 5496 2108 5542 et
2134 5484 2347 5539 infinita

780 5695 1007 5764 Rogam,
1031 5697 1322 5761 propterea
1351 5681 1496 5752 quod
1523 5679 1595 5735 sit
1619 5687 1906 5746 vesparum
1925 5685 1988 5725 ac
2013 5669 2347 5723 crabronum

782 5761 1038 5852 acerbum
1068 5778 1462 5836 habitaculum,
1501 5784 1640 5841 quos
1675 5764 1906 5821 meridie
1939 5779 2006 5818 ne
2031 5762 2189 5816 facile
2217 5761 2344 5831 qui-

788 5881 908 5935 dem
935 5871 1331 5950 polestaliquis
1355 5865 1588 5924 transire
1614 5861 1733 5917 sine
1754 5856 2024 5929 periculo.
2056 5854 2191 5910 lube
2223 5867 2353 5923 ergo

2447 4659 2540 4727 Εἷς
2571 4662 2663 4716 οὑν
2697 4661 2806 4714 τῶν
2843 4657 3208 4737 συνελθόντων
3238 4657 3295 4709 ἐν
3320 4657 3385 4726 τῇ
3427 4651 3744 4722 συγκλήτῳ,
3781 4649 3910 4720 ῥίζα
3943 4664 4023 4698 πι-

2451 4755 2612 4824 κρίας
2663 4750 2927 4818 ὑπάρχων
2979 4734 3086 4801 καὶ⁷
3128 4745 3396 4816 πονηρίας
3448 4741 3682 4813 καρπὸς,
3717 4738 3818 4792 καὶ
3849 4734 4022 4803 πάσης

2451 4844 2666 4906 ἀδικίας
2693 4839 3144 4911 πολυφορὼτατον
3173 4837 3414 4906 δένδρον,
3444 4831 3799 4886 συνεϐούλευε
3829 4827 3910 4898 τῷ
3932 4843 4019 4879 τυ-

2456 4937 2633 5010 ράννῳ
2658 4934 2834 5002 λέγων
2856 4950 2867 4963 ·
2921 4932 2978 4986 '0
3011 4933 3122 5001 μὴν
3146 4923 3305 4990 οὗτος
3332 4924 3615 4987 καύσωνός
3652 4924 3771 4976 ἐστι
3803 4919 4020 4991 καιρός·

2457 5029 2702 5097 πάνεμος
2735 5027 2844 5096 γάρ
2875 5024 2981 5095 μὴν
3012 5019 3316 5092 τηνικαῦτα
3354 5015 3726 5082 καθέστηκεν
3762 5013 4025 5080 παράχει·

2454 5135 2546 5172 ται
2590 5117 2646 5170 δέ
2707 5116 2811 5180 ἐξω
2844 5118 2943 5186 τῆς
2982 5113 3195 5171 πόλεως
3250 5109 3393 5165 κατά
3447 5108 3509 5160 τὸ
3542 5105 3766 5158 δυτικδν
3818 5101 4021 5171 κλῆμα,

2463 5208 2664 5279 μεταξὺ
2705 5207 2811 5261 τῶν
2846 5202 3268 5276 προσκειμένων
3295 5200 3499 5270 ταύτην
3520 5197 3615 5252 δύο
3639 5195 3906 5265 ποταμῶν
3937 5195 4025 5247 καὶ

2460 5302 2560 5369 τῆς
2598 5300 2812 5368 λίμνης,
2875 5297 3040 5359 τόπος
3073 5295 3273 5366 δμαλος
3311 5293 3411 5364 μὲν
3435 5293 3500 5361 τῇ
3537 5290 3713 5350 θέσει,
3749 5286 3945 5357 χόρτου
3973 5284 4023 5338 δὲ

2462 5391 2559 5446 καὶ
2601 5390 2764 5459 λυτῆς
2801 5389 2930 5456 ὑλης
2987 5387 3217 5456 ἀπείρου
3254 5383 3468 5455 μεστὸς,
3499 5380 3557 5433 δν
3587 5380 3635 5431 οί
3667 5378 3912 5432 ἐντόπιοι
3942 5375 4025 5446 ῥό-

2467 5502 2572 5555 γαν
2603 5480 3035 5551 ἐπονομάζουσιν
3067 5481 3154 5533 διὰ
3180 5479 3240 5532 τό
3270 5475 3498 5547 σφηκῶν
3546 5473 3640 5526 καὶ
3683 5472 4025 5542 χαλκομυῐῶν

2463 5577 2658 5646 πικρὸν
2687 5570 3030 5640 καταγώγιον
3061 5572 3344 5641 ὑπάρχων,
3373 5566 3652 5620 κωνώπων
3683 5581 3744 5618 τε
3773 5564 3872 5617 καὶ
3892 5580 4028 5617 σκνι-

2463 5667 2581 5722 πῶν
2637 5664 3070 5734 πεπληρωμένον
3127 5661 3352 5732 χωρίον,
3397 5659 3490 5723 οὓς
3555 5657 3676 5710 οὑδέ
3741 5656 4028 5730 παρελθεῖν

2461 5779 2583 5815 τινα
2632 5759 2933 5821 ἀκινδύνως
2981 5759 3038 5809 ἐν
3082 5754 3402 5826 μεσημϐρία
3442 5752 3788 5822 καθέστηκεν
3820 5750 4023 5821 ῥᾴδιον·

2461 5854 2718 5918 κέλευσον
2748 5850 2837 5904 οὑν
2863 5848 3152 5918 χρισθῆναι
3195 5845 3318 5917 μέλι
3369 5846 3437 5900 τά
3463 5843 3692 5916 σώματα
3727 5842 3914 5896 αὐτῶν
3941 5849 4028 5903 καὶ
