4180 6522
181 500 288 567 369

1158 488 1329 548 VlTA
1368 488 1472 549 SS.
1520 483 1895 546 MAURITII
1930 484 2027 545 ET
2059 485 2475 547 SOClOllUM.

3330 486 3437 548 370

174 616 229 668 ἐν
258 613 414 683 αύτῷ
444 607 814 681 δεσμευθῆναι
861 606 1144 675 ζωῦφίοις,
1182 606 1275 659 καὶ
1300 607 1356 657 ἐν
1396 602 1569 673 ταύτῃ
1596 618 1759 656 κατα-

1866 614 2057 655 eorum
2092 617 2324 671 corpora
2383 600 2508 670 ungi
2543 599 2722 664 melle,
2754 607 2809 652 et
2865 598 2916 652 in
2968 612 3036 652 eo
3068 598 3443 670 alligabuntur

170 707 437 775 λήψονται
459 704 679 758 πάντων
701 700 807 754 τῶν
826 697 1209 769 προλαϐουσῶν
1235 695 1487 767 βασάνων
1516 693 1758 762 ἀλγεινό-

172 814 329 869 τερον
359 796 619 865 ὄλεθρον,
666 794 757 847 καὶ
790 790 1094 859 γνώσονται
1132 789 1209 859 μὴ
1258 786 1599 858 βλασφημεῖν
1632 786 1759 847 τοὺς

170 892 431 954 αἰωνίους
462 889 627 960 ὴμῶν
668 887 848 948 θεοὺς,
894 884 987 938 καὶ
1028 883 1078 936 τί
1106 883 1169 935 τὸ
1212 880 1449 951 βαδίζειν
1477 878 1573 949 τὴν
1606 881 1759 931 ἐναν-

166 982 292 1038 τίαν
321 986 443 1045 τοῖς
472 978 781 1051 βασιλεῦσιν
804 976 922 1028 ὁδὸν
951 974 1079 1037 τοὺς
1108 972 1487 1043 τολμήσαντας
1518 968 1755 1037 ὤνησαν.

239 1071 345 1128 ll”.
382 1073 498 1125 Kal.
553 1070 746 1139 ἤρεσεν
796 1066 858 1118 τὸ
889 1064 1041 1135 ῥῆμα
1082 1063 1177 1115 καὶ
1206 1064 1240 1132 ἡ
1293 1060 1458 1131 βουλὴ
1513 1058 1651 1128 αῦτη
1679 1056 1758 1128 τῷ

172 1164 388 1234 βασιλεῖ
415 1162 515 1214 καὶ
547 1159 694 1228 πάσῃ
717 1159 780 1228 τῇ
816 1154 1108 1225 συγκλήτῳ
1127 1168 1141 1182 '
1186 1151 1282 1205 καὶ
1308 1150 1519 1204 κελεύει
1547 1151 1574 1203 ό
1600 1148 1757 1219 βασι-

168 1255 297 1316 λεὺς
326 1251 509 1320 ταύτῃ
534 1251 600 1320 τῇ
632 1248 877 1318 τιμωρίᾳ
904 1245 1102 1307 αὐτοὺς
1142 1241 1545 1312 παραδοθῆναι.
1591 1241 1656 1294 Ol
1697 1239 1754 1292 δὲ

168 1346 264 1415 τῆς
290 1343 513 1407 ἀδικίας
546 1341 821 1413 ὑπηρέται
845 1338 947 1408 τὴν
971 1334 1325 1407 μεσημϐρίαν
1364 1334 1757 1402 σκοπήσαντες,

168 1440 261 1491 καὶ
292 1436 493 1508 καιρὸν
517 1434 752 1505 ἠρεμίας
785 1429 1236 1499 ἐπιτηρήσαντες,
1268 1427 1327 1479 ἐν
1355 1418 1398 1493 ᾧ
1427 1425 1594 1493 πνοῆς
1624 1424 1754 1477 ἀνέ-

172 1548 289 1602 μων
315 1526 658 1600 ἀμοιροῦντα
681 1524 788 1578 τῶν
819 1522 1079 1591 ζωῦφίων
1108 1519 1176 1571 τὰ
1207 1517 1385 1588 πλήθη
1428 1516 1756 1584 τυγχάνουσι

167 1624 282 1686 τοῖς
313 1619 771 1691 παρεμπίπτουσι
808 1614 1025 1684 σώμασι
1063 1611 1282 1683 βαθεῖαν
1315 1608 1415 1681 τὴν
1446 1608 1638 1680 τρῆσιν
1661 1606 1756 1660 καὶ

165 1714 456 1767 ἐπώδυνον
530 1710 967 1781 ἀπεργάζονται·
1023 1704 1290 1775 δήσαντες
1344 1700 1567 1755 ἁλύσεσι
1632 1703 1759 1765 τοὺς

164 1804 362 1872 ἁγίους
396 1801 714 1873 κατήγαγον
742 1801 822 1861 εἰς
842 1797 936 1849 τδν
964 1795 1129 1848 τόπον
1165 1795 1259 1845 καὶ
1291 1792 1511 1861 δίυγρον
1538 1790 1759 1857 ἐκλεξά-

167 1913 323 1964 μενοι
357 1896 550 1959 τόπον,
606 1890 817 1958 ἁεννάῳ
870 1890 1025 1957 πηγῇ
1085 1885 1518 1954 παρακείμενον,
1581 1883 1641 1948 ἐξ
1691 1878 1760 1954 ἧς

1869 692 2220 758 animalcula,
2256 703 2316 748 ut
2346 692 2401 746 in
2454 692 2559 747 hoc
2589 691 2839 747 cruciatu
2874 690 3116 745 sentiant
3152 691 3442 747 interitum

1869 784 2175 855 graviorem
2200 783 2493 839 tormentis
2534 783 2816 846 omnibus,
2844 797 2965 851 qua:
3012 794 3438 851 prmcesserunt,

1869 886 1926 930 et
1976 886 2330 946 cognoscant,
2380 891 2490 930 non
2536 889 2657 929 esse
2714 873 3028 930 maledictis
3091 873 3449 932 incessendos

1870 967 2106 1022 invictos
2146 978 2368 1023 nostros
2386 977 2441 1022 et
2464 976 2703 1022 :eternos
2727 966 2884 1023 deos.

1942 1060 2080 1115 Xlll.
2113 1058 2239 1115 Haec
2267 1075 2400 1130 ergo
2433 1074 2558 1114 cum
2613 1059 2843 1115 dixisset
2869 1060 3144 1127 pessimus
3189 1068 3246 1114 et
3271 1061 3441 1117 scele-

1870 1152 2180 1209 ratissimus
2210 1153 2299 1207 ille
2333 1160 2580 1219 senator,
2612 1153 2733 1223 ejus
2775 1152 3066 1207 consilium
3095 1153 3304 1224 placuit
3339 1152 3447 1207 im-

1868 1246 2105 1317 peratori
2127 1255 2181 1300 et
2212 1246 2473 1302 universo
2500 1245 2736 1308 senatui,
2759 1256 2816 1301 et
2836 1245 2996 1316 jubet
3026 1246 3327 1315 imperator
3347 1260 3442 1303 eos

1867 1339 2004 1394 tradi
2037 1339 2166 1394 huic
2186 1338 2474 1408 supplicio.
2507 1338 2644 1391 Cum
2674 1337 2861 1409 itaque
2902 1338 3192 1393 meridiem
3244 1338 3446 1392 obser-

1868 1442 2091 1486 vassent
2136 1431 2371 1485 ministri
2404 1429 2736 1499 iniquitatis,
2758 1440 2817 1484 et
2860 1439 3077 1500 tempus
3100 1429 3441 1500 quietum,in

1869 1538 2002 1592 quo,
2033 1522 2165 1577 ﬂatu
2188 1530 2477 1577 ventorum
2509 1520 2753 1575 carentia
2778 1522 3059 1587 animalia,
3088 1520 3447 1591 corporibus,

1869 1628 1993 1683 qua:
2050 1613 2324 1678 incidunt,
2356 1627 2576 1685 gravem
2601 1621 2657 1667 et
2697 1612 2983 1668 molestam
3023 1612 3267 1668 elIiciunt
3316 1629 3443 1683 per-

1868 1705 2220 1769 foratiouem,
2246 1704 2462 1760 catenis
2483 1706 2704 1760 vinctos
2755 1704 3107 1759 deduxerunt
3136 1712 3355 1759 sanctos
3387 1702 3443 1759 in

1870 1796 2024 1867 prius
2043 1796 2253 1851 dictum
2275 1797 2457 1851 locum
2490 1815 2503 1851 :
2545 1806 2746 1853 etcum
2779 1796 3047 1852 obiissent
3070 1805 3125 1852 et
3148 1795 3445 1866 elegissent

1870 1890 2052 1945 locum
2094 1888 2402 1951 humidum,
2435 1889 2603 1943 situm
2628 1903 2801 1959 prope
2826 1889 3031 1943 fotttem
3061 1903 3361 1959 perennem
3385 1897 3444 1942 et

414 1945 662 2053 τέλματα
694 1945 909 2048 πέφυκε
936 1945 1208 2046 γίνεσθαί,
1243 1968 1304 2028 οῦ
1332 1945 1435 2028 οιαὶ
1460 1945 1759 2044 ἐπιχωριάἐ

1869 1982 2147 2046 limosum,
2181 1996 2248 2036 ex
2285 1995 2394 2050 quo
2431 1980 2616 2059 enasci
2649 1981 2833 2037 solent
2887 1980 3098 2035 limosae
3127 1980 3338 2035 lacuna:
3387 1990 3457 2035 et.
3521 2030 3524 2033 Α

163 2078 282 2142 ζειν
325 2075 481 2144 φιλεῖ
516 2075 549 2143 ὴ
602 2070 712 2123 τῶν
768 2066 1197 2139 προρρηθέντων
1236 2064 1491 2135 ζωῦφίων
1524 2064 1756 2133 πληθὺς,

163 2172 389 2241 χρίουσι
426 2169 525 2234 μὲν
554 2167 664 2218 τῶν
714 2162 888 2227 ἁγίων
927 2160 1049 2231 μέλι
1080 2157 1149 2214 τὰ
1196 2163 1355 2230 τίμια
1385 2159 1636 2229 σώματα,
1671 2158 1758 2212 δε·-

164 2262 371 2332 σμοῦσι
396 2259 452 2311 δὲ
493 2256 683 2327 βιαίως
716 2254 895 2323 ξύλοις
942 2253 1084 2307 κατὰ
1106 2253 1195 2307 τὸν
1247 2253 1410 2307 αὑτὸν
1453 2255 1635 2317 τόπον,
1670 2252 1756 2322 ῥί-

160 2353 372 2421 ψαντες
399 2349 498 2400 καὶ
532 2346 595 2399 τδ
635 2345 816 2417 τίμιον
858 2342 1019 2415 σῶμα
1052 2342 1347 2405 Φωτεινοῦ,
1372 2344 1467 2397 τοῦ
1502 2343 1753 2414 ἀοιδίμου

165 2445 478 2515 μάρτυρος,
506 2438 612 2511 πρὸ
645 2438 943 2511 προσώπου
968 2435 1062 2490 τοῦ
1090 2435 1257 2489 αὑτοῦ
1291 2438 1498 2509 πατρὸς
1538 2438 1756 2507 Μαυρι-

162 2533 285 2585 κίου
325 2531 427 2586 τοῦ
456 2529 841 2598 πανευφήμου,
876 2525 1102 2596 μείζονα
1149 2524 1423 2595 τιμωρίαν
1470 2527 1534 2579 ἐκ
1565 2526 1754 2580 τούτου

164 2622 479 2694 προσάγειν
512 2618 663 2688 αὐτῷ
709 2614 1070 2684 λογιζόμενοι.
1121 2613 1293 2667 Τοῦτο
1324 2614 1628 2684 πράξαντες
1658 2618 1756 2687 τὴν

161 2715 438 2783 ταχίστην
470 2709 845 2780 ἀνεχώρησαν,
868 2706 947 2777 μὴ
989 2707 1248 2778 φέροντες
1270 2706 1369 2777 τὴν
1393 2706 1500 2760 τῶν
1531 2708 1755 2763 ίοϐόλων

165 2804 435 2873 ζωῦφίων
475 2798 806 2874 προσϐολήν.
836 2799 1379 2870 Διακαρτερήσαντες
1405 2796 1498 2855 οὖν
1526 2802 1577 2855 oi
1610 2800 1758 2870 ἅγιοι

164 2898 387 2967 ἡμέρας
428 2910 491 2947 τε
539 2892 630 2946 καὶ⁵
676 2892 882 2955 νύκτας
926 2890 1079 2954 δέκα,
1111 2892 1179 2960 τῇ
1229 2893 1405 2961 πικρᾷ
1446 2891 1623 2964 ταύτῃ
1662 2893 1759 2945 καὶ

161 2986 493 3055 ἁνοποίστῳ
523 2984 760 3054 βασάνῳ,
793 2980 1176 3044 ἀνατείναντες
1218 2980 1281 3033 τὸ
1316 2979 1474 3051 δμμα
1504 2983 1640 3052 πρὸς
1664 2984 1756 3035 τὸν

160 3079 321 3144 Θεδν,
366 3076 610 3147 ηὔξαντο
656 3074 944 3142 λέγοντες’
1001 3072 1177 3143 Κύριε
1205 3111 1220 3137 ,
1273 3073 1301 3126 ό
1336 3072 1469 3136 Θεὸς
1521 3073 1701 3144 ἡμῶν,
1729 3076 1757 3126 ό

162 3172 369 3234 κτίσας
395 3171 549 3240 ἡμᾶς
582 3166 703 3220 κατ’
734 3166 918 3220 εἰκόνα
959 3165 1059 3236 σὴν
1089 3166 1184 3218 καὶ
1219 3163 1503 3234 ὁμοίωσιν,
1534 3169 1630 3219 καὶ
1667 3166 1753 3219 ὁδε

1867 2072 2179 2143 voragines,
2216 2072 2311 2127 ubi
2340 2072 2507 2128 etiam
2537 2073 2679 2129 solet
2727 2073 2930 2145 degere
2967 2071 3262 2128 multitudo
3291 2073 3444 2143 ejus-

1866 2158 2014 2212 modi
2046 2160 2531 2223 animalculorum,
2565 2163 2726 2217 Melle
2758 2163 2983 2233 quidem
3051 2170 3265 2233 ungunt
3315 2175 3448 2216 san-

1865 2262 2077 2307 ctorum
2106 2250 2418 2306 veneranda
2444 2268 2680 2323 corpora
2705 2271 2718 2307 :
2756 2254 2922 2321 lignis
2947 2263 3130 2309 autem
3156 2268 3255 2308 eos
3277 2256 3446 2314 velte-

1866 2354 2080 2400 menter
2138 2342 2365 2416 alligant
2394 2343 2447 2397 in
2487 2358 2556 2399 eo
2581 2344 2724 2409 loco,
2744 2344 3018 2415 jacientes
3055 2345 3222 2399 etiam
3270 2359 3445 2399 vene-

1868 2438 2099 2494 randum
2121 2452 2323 2508 corpus
2355 2435 2547 2508 inclyti
2574 2436 2832 2508 martyris
2857 2436 3076 2492 letini
3095 2445 3222 2492 ante
3246 2435 3451 2492 faciem-

1868 2531 2039 2602 patris
2070 2529 2154 2585 sui
2211 2528 2489 2584 benedicti
2524 2528 2787 2592 Mauritii,
2823 2538 3143 2599 reputantes
3197 2543 3255 2583 se
3285 2543 3351 2583 ex
3375 2543 3443 2584 eo

1864 2624 1917 2677 ei
1955 2624 2129 2692 majus
2170 2623 2435 2675 allaturos
2489 2622 2845 2691 supplicium.
2897 2620 3024 2676 Haec
3052 2635 3181 2692 ergo
3205 2636 3330 2676 cum
3366 2621 3446 2675 fe-

1866 2714 2089 2777 cissent,
2120 2728 2282 2782 quam
2320 2713 2558 2781 primum
2592 2720 2962 2777 recesserunt,
2991 2722 3051 2766 ut
3089 2714 3181 2781 qui
3210 2726 3444 2766 venena-

1864 2817 2048 2861 torum
2087 2805 2550 2861 animalculorum
2608 2803 2838 2858 minime
2894 2807 3103 2859 ferrent
3152 2798 3440 2874 impetum.

1864 2896 2000 2953 Cum
2034 2897 2217 2965 itaque
2283 2895 2456 2950 sancti
2494 2894 2685 2950 decem
2720 2894 2837 2950 dies
2876 2903 2931 2949 et
2970 2903 3159 2949 noctes
3202 2894 3308 2949 hoc
3355 2894 3442 2948 in-

1869 2987 2155 3042 tolerabile
2222 2998 2278 3042 et
2327 2986 2591 3041 acerbum
2655 2987 3019 3057 pertulissent
3085 2987 3442 3057 supplicium,

1868 3079 2100 3135 sublatis
2134 3080 2199 3131 ad
2248 3079 2421 3132 Deum
2472 3079 2672 3142 oculis,
2700 3080 2992 3134 Dominum
3038 3079 3244 3149 precati
3292 3089 3445 3143 sunt,

1869 3170 2115 3225 dicentes
2145 3189 2157 3223 ;
2188 3168 2415 3224 Domine
2459 3169 2608 3225 Deus
2636 3177 2844 3235 noster,
2863 3170 2957 3240 qui
3006 3184 3105 3236 nqs
3147 3169 3344 3223 creasti
3375 3170 3445 3224 ad

159 3267 384 3334 ηγὴσις
420 3260 570 3330 ἡμᾶς
627 3259 764 3329 πρὸς
786 3259 883 3327 τὴν
912 3257 1205 3325 ἐπίγνωσιν
1230 3256 1329 3325 τῆς
1370 3257 1469 3326 σῆς
1505 3255 1759 3326 ἀληθείας

1868 3262 2163 3333 imaginem
2185 3270 2241 3317 et
2284 3262 2710 3318 similitudinem
2747 3272 2919 3326 tuam,
2944 3270 3002 3317 et
3030 3260 3309 3317 deduxisti
3343 3273 3445 3315 nos

158 3358 258 3408 καὶ
284 3354 578 3422 θεότητος,
600 3352 693 3404 καὶ
729 3349 824 3404 τοῦ
857 3348 1181 3420 μονογενοῦς
1229 3365 1322 3402 σου
1361 3350 1518 3415 Υίοῦ,
1540 3350 1635 3403 καὶ
1666 3350 1760 3403 τοῦ

161 3445 445 3514 παναγίου
468 3443 609 3497 Πνεύ
619 3460 805 3514 ματος,
826 3444 910 3498 σοὶ
933 3442 1494 3512 παρακατατιθέμεθα
1517 3443 1613 3507 τὰς
1628 3445 1763 3514 ἡμε-

1864 3353 1933 3407 ad
1958 3354 2292 3422 agnitionem
2336 3364 2442 3407 tua:
2467 3354 2717 3410 veritatis
2739 3364 2796 3409 et
2816 3354 3144 3419 divinitatis,
3163 3362 3219 3407 et
3244 3352 3445 3423 unige-

1865 3445 1964 3501 uiti
1995 3446 2073 3499 tui
2102 3446 2245 3511 Filii,
2270 3444 2679 3501 etsanctissimi
2706 3454 2762 3501 et
2785 3446 2987 3502 vivifici
3015 3446 3275 3515 Spiritus,
3301 3444 3445 3515 apud

165 3537 341 3608 τέρας
395 3536 584 3607 ψυχάς
621 3536 715 3589 καὶ
768 3534 1201 3605 παρακαλοῦμεν
1257 3533 1560 3599 κατατάξαι
1593 3535 1759 3598 αὑτὰς

1866 3550 1919 3596 te
1968 3550 2183 3595 nostras
2232 3539 2443 3594 animas
2491 3537 2843 3609 deponimus,
2875 3546 2932 3593 et
2962 3552 3219 3607 rogamus
3268 3546 3327 3591 ut
3352 3551 3446 3591 eas

169 3629 314 3699 μετὰ
353 3630 582 3681 πάντων
626 3626 735 3678 τῶν
784 3624 880 3678 ἀπ’
912 3624 1111 3687 αίῶνος
1160 3624 1644 3695 εὐαρεστησάντων
1680 3643 1759 3679 σοι

1866 3632 2099 3688 colloces
2125 3647 2248 3687 cum
2277 3630 2536 3686 omnibus
2557 3630 2781 3698 sanctis,
2812 3631 2909 3701 qui
2937 3630 3035 3687 tibi
3061 3630 3391 3700 placuerunt
3413 3644 3446 3683 ε

163 3722 366 3788 ἁγίων.
413 3716 531 3772 Καὶ
554 3716 986 3788 προσευξάμενοι
1009 3716 1337 3788 παρέδωκαν
1366 3718 1424 3769 ἐν
1450 3718 1643 3790 εἰρήνῃ
1665 3719 1759 3783 τὰς

1867 3725 2085 3781 saeculo.
2122 3723 2389 3790 Quoniam
2420 3732 2472 3777 te
2489 3722 2808 3785 dileximus,
2830 3732 2887 3777 et
2917 3733 2966 3777 te
2998 3722 3448 3779 desideravimus

164 3810 346 3882 ψυχάς
375 3807 566 3863 αὐτῶν
598 3808 674 3879 τῷ
700 3808 841 3879 Θεῷ,
872 3808 1097 3862 καὶτῶν
1137 3808 1419 3878 στεφάνων
1452 3808 1764 3879 ἠξιώθησαν

165 3905 265 3970 τῆς
295 3904 614 3973 ἀθλήσεως.

1870 3832 1939 3871 ει
1966 3824 2081 3870 toto
2109 3815 2295 3869 animo
2320 3824 2533 3877 nostro,
2554 3824 2609 3870 et
2634 3828 2733 3884 pro
2766 3822 2817 3868 te
2842 3814 3091 3884 nosipsos
3111 3813 3177 3867 ad
3212 3822 3445 3867 mortem

1873 3908 2221 3964 tradidimus.
2255 3908 2337 3963 Tu
2356 3923 2414 3963 es
2443 3906 2595 3962 enim
2622 3908 2765 3963 Deus
2798 3908 2947 3962 solus
2972 3908 3243 3977 benignus
3263 3907 3447 3961 etcle-

166 4014 345 4078 mens,
369 4006 500 4051 ette
520 3994 678 4051 decet
710 3994 883 4066 gloria
905 3993 958 4048 in
983 3992 1205 4048 saecula.
1257 3995 1454 4049 Amen.
1518 3993 1646 4050 Haec
1698 4011 1827 4053 cum
1866 3999 2155 4067 dixissent,
2200 3997 2314 4051 Deo
2352 3990 2936 4073 'tradideruntibeatas
2964 4006 3020 4051 et
3065 3995 3281 4054 divinas
3327 3999 3445 4054 ani-

165 4110 304 4157 mas,
339 4099 400 4146 et
430 4090 518 4144 sic
544 4088 749 4159 dignati
788 4088 1013 4141 fuerunt
1064 4090 1287 4141 coronls
1325 4085 1742 4143 decertationis.

235 4189 337 4243 ω’,
383 4187 454 4239 '0
490 4184 549 4237 δέ
591 4181 914 4253 παμμιαρδς
970 4179 1226 4249 βασιλεὺς
1280 4180 1628 4250 Μαξιμιανδς
1672 4184 1768 4237 καὶ

164 4282 305 4351 μετὰ
324 4279 575 4333 θάνατον
601 4277 711 4337 τοῖς
733 4274 818 4326 ἀεὶ
834 4272 971 4336 ζῶσι
995 4271 1341 4343 θυμούμενος
1373 4274 1610 4346 μάρτυσι
1626 4275 1768 4347 (Θεῷ

159 4374 271 4444 γάρ
325 4371 509 4435 ζῶσιν
544 4367 591 4419 oi
628 4365 768 4418 κατὰ
802 4366 935 4417 Θεδν
971 4362 1387 4432 ἐκδημήσαντες
1421 4365 1525 4417 κᾶν
1557 4366 1767 4419 ἐνθένδε

159 4458 599 4529 ἀπαλλαγῶσιν)
620 4498 634 4522 ,
683 4456 925 4519 ἀκούσας
967 4457 1049 4509 ὅτι
1080 4452 1410 4523 παρέδωκαν
1434 4455 1533 4518 τὰς
1564 4456 1761 4528 ψυχὰς,

159 4556 386 4611 κελεύει
419 4554 543 4615 τοῖς
597 4550 915 4621 δορυφόροις
943 4547 1043 4609 τάς
1084 4546 1283 4616 τιμίων
1310 4546 1490 4602 αὐτῶν
1523 4550 1767 4620 κεφαλὰς

160 4649 434 4718 ἐκτεμεῖν
466 4644 563 4697 καὶ
597 4644 750 4713 ῥίψαι
774 4628 917 4693 πατὰ
946 4640 1037 4694 τὸν
1068 4640 1230 4694 αὐτὸν
1253 4641 1441 4696 τόπον.
1459 4643 1523 4695 Οί
1551 4642 1609 4696 δέ
1633 4660 1761 4697 κατ-

161 4741 484 4809 αγαγόντες
529 4734 639 4787 άπδ
675 4732 784 4788 τῶν
811 4732 984 4798 ξύλων
1007 4733 1076 4787 τὰ
1102 4732 1287 4800 ἔνδοξα
1315 4733 1496 4789 αὐτῶν
1514 4736 1765 4806 λείψανα,

163 4834 266 4885 οὐκ
321 4829 648 4899 ἐνάρκησαν
701 4824 800 4888 τὰς
834 4822 1168 4894 σεϐασμίους
1224 4822 1408 4877 αὐτῶν
1465 4826 1765 4894 ἀποτεμεῖν

169 4922 449 4994 κεφαλὰς,
493 4916 883 4979 ἀλλάοταύτας
925 4914 1283 4983 ἐκκόψαντες,
1333 4915 1586 4985 πανταχῆ
1622 4916 1765 4969 κατὰ

168 5018 267 5087 τὴν
316 5014 462 5083 ὕλην
528 5008 748 5080 ἐκείνην
788 5006 1201 5077 διεσκόρπισαν.
1265 5005 1420 5070 Τινὲς
1475 5005 1534 5058 δὲ
1582 5006 1766 5059 πιστοὶ

171 5109 417 5178 ἀδελφοὶ,
452 5102 654 5165 νυκτὸς
684 5101 821 5172 μετὰ
854 5097 1056 5153 πολλοῦ
1100 5097 1267 5167 φόϐου
1300 5097 1762 5169 παραγενόμενοι,

174 5196 599 5267 συνέλεξανπάς
620 5194 807 5264 τιμίας
837 5192 1017 5247 αὐτῶν
1046 5190 1287 5259 κεφαλὰς
1310 5191 1405 5245 καὶ
1432 5190 1501 5242 τά
1524 5190 1766 5259 πανάγια

172 5292 354 5346 αὐτῶν
385 5288 650 5359 σώματα,
685 5284 778 5337 καὶ
812 5282 952 5354 μετά
981 5283 1152 5352 τιμῆς
1180 5283 1273 5333 καὶ
1305 5279 1535 5342 εὐωδίας
1567 5279 1766 5349 πολλῆς

173 5386 265 5436 καὶ
295 5377 637 5452 ψαλμῳδιας
658 5375 840 5429 ἐνθέου
877 5375 972 5428 καὶ
993 5373 1159 5443 εὐχῆς
1190 5371 1443 5434 ἐκτενοῦς
1466 5369 1766 5441 ὀρύξαντες

172 5480 235 5546 τῇ
268 5478 339 5544 γῇ
371 5472 559 5525 ταῦτα
586 5468 879 5522 κατέθεντο
914 5470 972 5520 ἐν
1009 5464 1163 5535 αὐτῷ
1192 5464 1271 5533 τῷ
1312 5464 1464 5533 τόπῳ
1512 5461 1641 5516 ἔνθα
1667 5464 1765 5516 καὶ

175 5570 526 5642 ηγωνίσαντο
550 5563 601 5614 οί
636 5563 873 5630 γενναῖοι
907 5557 999 5612 τοῦ
1039 5556 1280 5623 Χριστοῦ
1313 5554 1667 5625 στρατιῶται,
1707 5555 1767 5608 ἐν

175 5654 218 5728 ᾇ
243 5661 337 5713 καὶ
364 5654 757 5723 ἐπιφαίνονται
783 5653 857 5714 ὡς
888 5649 1177 5719 φωστῆρες
1200 5649 1256 5699 ἐν
1279 5647 1490 5717 κόσμῳ.
1515 5647 1760 5717 Εὐφραί-

176 5768 261 5803 νου
302 5750 518 5808 τοίνυν,
548 5743 846 5811 Ἀπάμεια,
885 5742 1154 5808 στέφανον
1178 5737 1573 5806 ,ἀναδησαμένη
1598 5754 1762 5789 πνευ-

180 5842 435 5913 ματικδν,
470 5838 538 5889 ἐκ
556 5833 830 5903 διαφόρων
852 5830 1015 5883 λίθων
1038 5827 1349 5895 πολυτίμων
1380 5826 1763 5895 συγκείμενον,

173 5934 266 5989 καὶ
293 5931 430 6003 μίαν
486 5924 758 5996 ἁρμονίαν
805 5918 1110 5992 θεοπρεποῦ
1171 5918 1492 5986 ἐλλάμψεως
1517 5918 1763 5987 ἀπεργα.

1937 4182 2077 4239 XIV.
2125 4182 2437 4238 Sceleratus
2466 4188 2648 4235 autem
2683 4190 2737 4234 et
2786 4177 3105 4251 tyrannicus
3148 4176 3445 4247 imperator

1866 4274 2243 4339 Maximianus,
2282 4275 2449 4326 etiam
2500 4282 2623 4339 post
2664 4280 2896 4324 mortem
2931 4269 3176 4323 irascens
3224 4282 3445 4337 semper

1864 4358 2183 4421 viventibus
2238 4361 2570 4435 martyribus
2638 4360 2774 4432 (Deo
2799 4361 2948 4415 enim
2998 4359 3211 4423 vivunt,
3256 4358 3351 4429 qui
3379 4372 3441 4413 ex

1872 4456 1985 4511 Deo
2023 4456 2386 4526 emigrarunt,
2446 4452 2660 4508 etiamsi
2701 4452 2830 4507 hinc
2878 4452 3264 4524 excesserint),
3318 4466 3446 4506 cum

1871 4547 2173 4603 audivisset
2211 4562 2307 4602 eos
2341 4545 2592 4602 emisisse
2626 4545 2858 4612 animas,
2887 4544 3049 4615 jubet
3080 4544 3328 4598 abscindi
3354 4559 3448 4598 ve-

1806 4629 1842 4679 ο
1873 4637 2115 4692 neranda
2134 4647 2190 4691 et
2213 4645 2401 4691 saneta
2439 4648 2630 4690 eorum
2665 4634 2871 4703 capita,
2895 4640 2950 4685 et
2973 4631 3082 4701 jaci
3112 4630 3166 4684 in
3186 4630 3447 4685 eumdem

1868 4729 2069 4785 locum.
2103 4728 2333 4784 Pessimi
2360 4740 2491 4781 vero
2520 4724 2762 4780 ministri
2784 4723 3040 4779 scelerati
3066 4721 3445 4792 imperatoris,

1868 4835 1992 4874 cum
2022 4833 2053 4873 e
2083 4819 2232 4889 ligno
2263 4815 2648 4888 deposuissent
2701 4807 3047 4871 venerandas
3068 4821 3124 4869 et
3177 4814 3447 4884 gloriosas

1864 4923 2055 4963 eorum
2076 4907 2359 4976 reliquias,
2405 4920 2516 4960 non
2542 4905 2705 4960 veriti
2730 4915 2859 4961 sunt
2900 4914 3191 4975 amputare
3209 4903 3444 4959 colenda

1866 5016 2057 5056 eorum
2079 5000 2280 5069 capita.
2312 4997 2447 5053 Cum
2474 5012 2537 5053 ea
2571 5006 2756 5052 autem
2790 4996 3182 5061 abscidissent,
3238 4996 3444 5062 ultique

1868 5108 1966 5161 per
1990 5091 2139 5145 illam
2175 5091 2368 5146 silvam
2409 5090 2767 5159 proiecerunt
2805 5103 2870 5145 ac
2905 5088 3269 5157 dissiparunt.
3304 5086 3443 5153 Qui-

1869 5183 1994 5237 dam
2031 5195 2163 5237 vero
2194 5180 2396 5235 fratres
2426 5178 2637 5243 ﬁdeles,
2660 5188 2826 5233 noctu
2860 5193 2989 5232 cum
3018 5192 3214 5245 magno
3244 5177 3443 5232 timore

1868 5272 2218 5338 accedentes,
2265 5272 2613 5341 collegerunt
2646 5268 2957 5325 veneranda
3012 5284 3207 5323 eorum
3261 5269 3444 5337 capita

1866 5376 1921 5421 et
1950 5364 2294 5436 sanctissima
2333 5371 2389 5418 et
2459 5362 2784 5417 honoranda
2841 5376 3035 5416 eorum
3090 5375 3347 5429 corpora,
3385 5370 3443 5413 et

1868 5473 1992 5511 cum
2020 5470 2246 5525 e9,quo
2278 5469 2376 5524 par
2427 5462 2532 5517 est,
2590 5453 2821 5517 honore,
2870 5461 2928 5506 et
2975 5452 3148 5506 multo
3171 5467 3235 5506 ac
3287 5452 3441 5504 suavi

1867 5550 2057 5614 odore,
2091 5549 2387 5617 divinaque
2424 5545 2746 5615 psalmodia,
2802 5553 2856 5598 et
2892 5542 3122 5597 iutcnsis
3161 5543 3439 5611 precibus,

1868 5643 1924 5698 in
1955 5651 2097 5697 terra
2133 5640 2432 5704 fodientes,
2452 5638 2829 5709 deposuerunt
2852 5637 2969 5709 ipsa
2996 5636 3049 5688 in
3072 5649 3138 5689 eo
3174 5636 3318 5698 loco,
3343 5634 3437 5687 ubi

1867 5733 2293 5789 decertaverunt
2332 5722 2577 5802 praeclari
2612 5740 2668 5783 et
2722 5728 2895 5781 fortes
2945 5725 3151 5780 Christi
3212 5718 3438 5782 milites.

1868 5827 1928 5881 ln
1948 5840 2057 5895 quo
2072 5826 2236 5880 etiam
2258 5832 2524 5893 apparent
2543 5832 2800 5891 tanquam
2821 5819 3113 5873 luminaria
3138 5818 3190 5871 in
3207 5819 3435 5872 mundo.

1874 5919 2117 5985 Quorum
2141 5930 2239 5971 nos
2280 5930 2499 5986 quoque
2529 5927 2719 5968 omnes
2742 5912 3032 5983 dignemur
3060 5926 3181 5967 esse
3203 5906 3439 5967 celebris
