4180 6476
775 467 874 529 3Ἶ1
2068 466 2346 525 MENSIS
2388 463 2660 527 JL'LlUS

3915 463 4025 523 37‘.)

772 587 1075 631 comentus
1104 578 1397 647 participes
1420 588 1473 631 et
1500 578 1707 646 gratim,
1748 591 1857 629 uno
1895 577 2078 629 animo
2113 585 2167 628 et
2204 591 2338 628 con-

2443 576 2688 643 ζόμενον,
2742 572 3012 642 Θησαυρὸν
3038 570 3284 641 οὐράνιον
3325 572 3544 642 ἔχουσα,
3591 574 3890 643 διαφόρους
3924 575 4027 642 μὲν

771 685 934 724 sensu
957 670 1221 733 (ruentes,
1248 685 1368 739 quae
1391 671 1458 722 ab
1477 669 1557 724 eis
1589 667 1976 738 proﬁciscitur,
1998 668 2284 721 curatione
2321 685 2333 719 :

769 758 824 812 in
852 759 1072 813 Christo
1104 759 1231 813 Jesu
1268 760 1500 813 Domino
1547 768 1760 824 nostro,
1815 758 1901 811 cui
1933 757 2104 828 gloria
2137 766 2192 810 et
2238 771 2339 826 po-

771 852 959 915 tentia,
1002 868 1125 906 cum
1171 853 1332 906 Patre
1357 863 1411 905 et
1447 861 1636 905 sancto
1671 851 1880 921 Spiritu
1916 867 2062 905 nunc
2099 861 2154 904 et
2198 866 2340 905 sem-

768 956 887 1007 per,
912 951 966 994 et
990 941 1042 994 in
1079 942 1279 995 saecula
1316 942 1665 995 smculorum.
1709 942 1908 994 Amen.

2450 665 2794 736 μαργαρίτας
2825 664 3054 716 πλούτου
3089 666 3456 733 ἐκλάμποντα,
3499 667 3632 734 πρὸς
3675 667 3812 737 μίαν
3843 667 3898 719 δὲ
3933 669 4029 720 καὶ

2444 757 2540 827 τὴν
2564 758 2734 825 αὐτὴν
2764 757 2859 825 τῆς
2895 757 3148 809 ἁῖιτίστου
3181 757 3407 827 Τριάδος
3451 759 3897 824 φωταγωγοῦντα
3930 759 4026 809 πίσ-

2447 867 2583 911 στιν,
2608 851 2836 920 οὐρανὸς
2856 851 3167 918 ἀγάλλεται,
3193 851 3264 920 γῆ
3297 851 3369 920 τῷ
3387 852 3479 920 τῆς
3502 849 3855 920 δικαιοσύνης
3886 851 4026 921 ἡλίῳ

2447 942 2788 1010 φωτιζομένη
2843 945 2936 994 καὶ
2970 943 3356 1011 παμποικίλοις
3405 943 3624 1011 ἄστροις
3657 942 4023 1012 ἐκλάμπουσι

765 1038 876 1098 τοῖς
906 1038 1108 1107 ἑϐδομή
1122 1055 1280 1091 κοντα
1309 1038 1576 1108 μάρτυσιν
1601 1037 1698 1104 τὴν
1729 1037 1885 1100 δόξαν
1915 1035 2009 1089 τοῦ
2028 1036 2160 1090 Θεοῦ
2185 1038 2613 1106 διαγγέλλουσιν,
2649 1032 2724 1090 ὧν
2757 1040 2850 1091 καὶ
2912 1041 3069 1108 ἡμεῖς
3127 1038 3494 1108 ἀξιωθείημεν
3549 1040 3802 1092 κοινωνοὶ
3870 1038 4025 1104 γενέ-

768 1129 891 1182 σθαι
922 1131 1021 1199 τῆς
1052 1132 1411 1201 πανηγύρεως
1440 1136 1533 1185 καὶ
1572 1132 1672 1202 τῆς
1707 1138 1927 1203 χάριτος
1969 1135 2207 1202 μέτοχοι.
2276 1136 2370 1186 καὶ
2407 1134 2506 1202 τῆς
2574 1135 2768 1205 ἑορτῆς
2821 1135 3203 1205 ὁμογνώμονες
3261 1138 3358 1206 τῆς
3412 1137 3538 1207 παρ’
3577 1136 3760 1188 αὐτῶν
3822 1135 4022 1197 ίάσεως

765 1221 1149 1287 ἀπολαύοντες,
1180 1226 1236 1277 ὲν
1267 1225 1485 1294 Χριστῷ
1511 1225 1688 1296 Ἰησοῦ
1719 1227 1795 1296 τῷ
1836 1228 2026 1298 Κυρίῳ
2066 1228 2244 1299 ἡμῶν,
2284 1220 2327 1296 ᾧ
2368 1230 2398 1298 ἡ
2440 1227 2563 1293 δόξα
2610 1231 2706 1282 καὶ
2752 1230 2812 1282 τὸ
2857 1231 3056 1299 κράτος
3117 1231 3212 1283 σὺν
3270 1231 3347 1302 τῷ
3405 1230 3578 1302 Πατρὶ
3637 1230 3732 1283 καὶ
3767 1232 3848 1300 τῷ
3881 1230 4025 1300 ἁγίῳ

768 1315 1064 1386 ιῐνεύματι,
1113 1318 1208 1372 νῦν
1267 1322 1360 1374 καὶ
1417 1322 1527 1386 ἀεὶ,
1574 1323 1668 1374 καὶ
1697 1326 1774 1385 εἰς
1829 1325 1954 1387 τοὺς
1992 1324 2196 1386 αἰῶνας
2226 1325 2333 1378 τῶν
2376 1326 2607 1379 αἰώνων.
2647 1326 2836 1396 Ἀμήν.

817 1475 1137 1488 ν*-

770 1486 866 1489 ..η
911 1486 920 1487 κ
985 1486 1050 1487 W,

3337 1503 3440 1511 ’.ο-

1924 1674 2125 1783 ΥΠ
2139 1669 2835 1787 ΟΜΝΗΜΑ

1021 2043 1367 2180 ΤΟΝ
1444 2041 2010 2176 ΜΕΓΑΝ
2103 2044 3054 2178 ΠΡΟΦΗΤΗΝ
3139 2045 3772 2182 ΔΑΝΙΗΛ

1953 2285 2045 2336 xui.
2071 2283 2198 2346 τοὺς
2222 2285 2415 2352 ἁγίους
2440 2289 2589 2356 τρεῖς
2625 2287 2824 2347 παῖδας

1601 2447 2118 2539 ANANJAN,
2200 2449 2697 2537 AZAPIAN.
2781 2449 3244 2536 ΜΙΣΑΗΛ.

1873 2799 2910 2905 COMMENTARIUS

975 3201 1714 3360 SANCTO
1827 3208 2856 3362 PBOPHETA
2951 3207 3538 3367 DANIE
3567 3214 3792 3364 LE

1907 3477 1994 3532 ET
2037 3477 2123 3532 DE
2157 3474 2257 3533 SS.
2303 3477 2559 3536 TRIBUS
2587 3476 2842 3532 PUERIS

1434 3647 1926 3754 ANANIA,
2005 3649 2427 3738 AZARIA
2503 3650 2652 3738 ET
2727 3651 3278 3743 MISAELE.

757 3846 954 3910 (Latine
982 3845 1107 3906 apud
1130 3844 1329 3892 Surium
1354 3843 1414 3890 ad
1436 3843 1566 3891 diem
1589 3842 1642 3890 2|
1661 3841 1807 3899 Julii;
1833 3843 2034 3892 Gnaeus
2064 3851 2232 3892 textus
2257 3856 2387 3894 nunc
2409 3848 2617 3906 primum
2638 3845 2881 3894 editurex
2905 3847 3014 3894 cod.
3039 3859 3128 3894 ms.
3157 3844 3310 3895 Paris.
3340 3843 3604 3907 1490,saec.
3635 3860 3702 3894 xl.
3726 3847 3811 3895 En.
3835 3849 4003 3908 l'nn.)

825 4149 864 4202 1.
887 4147 1022 4203 Cum
1042 4143 1549 4200 Nabuchodonosor
1571 4159 1665 4198 rex
1684 4143 2033 4214 Assyriorum
2055 4143 2332 4197 civitatem

2509 4147 2586 4198 A'.
2621 4145 3296 4216 'Aptt-NaGouxooovdcop
3338 4149 3365 4200 ὁ
3401 4145 3656 4216 βασιλεὺς
3701 4147 4006 4220 Ἀσσυρίων

753 4240 1052 4295 Jerusalem
1079 4237 1224 4294 bello
1275 4237 1532 4307 cepisset,
1556 4249 1612 4290 et
1640 4251 1888 4304 magnam
1916 4235 2066 4288 illinc
2090 4235 2328 4303 praedam

755 4333 979 4404 egisset,
1023 4340 1079 4388 et
1131 4331 1397 4400 plurimos
1447 4328 1771 4384 abduxisset
1824 4327 1971 4382 bello
2027 4335 2239 4396 captos,
2274 4339 2329 4381 et

756 4428 1042 4499 splendide
1089 4443 1154 4480 ac
1190 4425 1475 4496 magniﬁce
1500 4440 1752 4480 reversus
1783 4433 1929 4479 esset
1974 4424 2328 4496 Babylonem.

755 4538 841 4576 sui
873 4521 1085 4591 imperii
1115 4520 1324 4584 sedem,
1360 4518 1738 4573 nobilissimos
1766 4533 1970 4587 pueros
2016 4518 2330 4572 Iudaeorum

754 4615 976 4684 delegit,
996 4624 1052 4668 et
1075 4612 1179 4667 sibi
1203 4613 1270 4666 ad
1298 4627 1458 4666 suum
1493 4612 1746 4664 attribuit
1770 4611 2163 4666 ministerium.
2184 4611 2332 4665 Inter

755 4719 894 4772 quos
923 4710 1083 4758 erant
1110 4701 1274 4755 etiam
1302 4707 1544 4770 quatuor
1568 4714 1634 4753 cx
1669 4698 1758 4759 iis.
1791 4699 1884 4767 qui
1910 4715 1940 4752 a
1967 4715 2093 4769 rege
2126 4699 2329 4753 Davidc

753 4795 1032 4850 ducebant
1084 4793 1396 4862 originem:
1458 4791 1674 4861 pulchri
1730 4791 1951 4860 quidem
1988 4793 2173 4860 specie
2205 4807 2326 4845 cor-

754 4887 925 4954 poris,
978 4885 1194 4954 pulchri
1229 4893 1412 4937 autem
1450 4884 1633 4950 specie
1678 4898 1896 4951 quoque
1926 4885 2144 4945 animae,
2173 4885 2326 4952 inge-

754 4996 1034 5048 nuumque
1052 4989 1105 5033 et
1127 4979 1410 5031 liberalem
1435 4986 1716 5046 aspectum
1742 4977 1968 5047 pulchre
1990 4993 2054 5031 ex
2081 4977 2327 5046 utrisque

753 5070 1110 5126 ostendentes
1145 5089 1156 5122 :
1189 5071 1280 5137 qui
1330 5070 1494 5124 etiam
1553 5068 1618 5122 ad
1681 5069 1968 5122 Ezecltiam
2007 5079 2063 5123 et
2122 5070 2325 5123 Josiam

749 5163 1258 5233 \‘irosjustissimos
1309 5177 1484 5231 genus
1508 5162 1754 5231 proxime
1804 5161 2137 5214 referebant.
2188 5159 2324 5214 Cum

750 5257 874 5310 illos
921 5271 1052 5324 ergo
1111 5255 1430 5319 excidisset,
1470 5267 1525 5310 et
1578 5254 1911 5324 providisset
1942 5263 1999 5306 ut
2031 5270 2094 5306 ex
2132 5269 2318 5307 mensa

749 5351 896 5421 regia
928 5351 1224 5412 alerentur,
1275 5349 1447 5402 tradit
1498 5350 1825 5420 pmdagogis,
1884 5359 1940 5402 ut
1999 5350 2051 5401 in
2097 5359 2322 5402 externa

2438 4238 2536 4306 τὴν
2579 4235 2933 4308 Ἰερουσαλὴμ
2961 4238 3183 4307 πολέμῳ
3223 4242 3734 4310 κατακτησάμενος,
3756 4242 3910 4298 λείαν
3950 4262 4007 4297 τε

2439 4325 2642 4396 πολλὴν
2668 4326 2880 4380 ἐκεῖθεν
2907 4327 3108 4392 ἐλάσας
3138 4330 3231 4382 καὶ
3249 4329 3584 4395 δορυαλώτος
3613 4331 3688 4394 ὡς
3721 4333 4008 4396 πλείστους

2436 4419 2642 4485 λαϐὼν,
2679 4420 2948 4491 λαμπρῶς
2979 4439 3037 4474 τε
3062 4423 3140 4485 εἰς
3165 4421 3462 4476 Βαϐυλῶνα
3488 4423 3651 4477 πάλιν
3681 4424 3782 4496 τὴν
3805 4427 4008 4480 οίκείαν

2435 4513 2609 4582 ἀρχὴν
2635 4513 2958 4574 ἀναζεύξας,
2988 4515 3112 4575 τοὺς
3144 4510 3561 4581 εύγένεστάτους
3590 4518 3700 4570 τῶν
3737 4519 4006 4573 Ἰουδαίων

2436 4583 2640 4665 παῖδας
2693 4603 3121 4675 ἀπολεξάμενος,
3179 4606 3258 4670 είς
3328 4607 3635 4675 ὑπουργίαν
3701 4610 4005 4678 ἀπένειμεν

2435 4695 2635 4765 ἑαυτῷ,
2668 4697 2723 4749 ἐν
2763 4689 2843 4759 οἷς
2870 4697 2963 4750 καὶ
2992 4697 3258 4769 τέσσαρες
3302 4696 3442 4770 ἦσαν
3483 4700 3592 4752 τῶν
3619 4698 3714 4753 τοῦ
3743 4700 4006 4771 βασιλέως

2434 4789 2595 4842 Δαυῒδ
2635 4790 2938 4858 ἀπογόνων,
2973 4792 3132 4847 καλοὶ
3162 4794 3262 4864 μὲν
3286 4794 3384 4864 τὴν
3416 4792 3511 4846 τοῦ
3546 4793 3800 4858 σώματος
3837 4795 4000 4866 ὥραν,

2433 4886 2588 4938 καλοὶ
2624 4885 2678 4936 δὲ
2707 4887 2799 4937 καὶ
2823 4885 2923 4955 τὴν
2965 4887 3062 4954 τῆς
3081 4886 3288 4957 ψυχῆς,
3321 4889 3411 4937 καὶ
3434 4886 3567 4938 πολὺ
3602 4887 3664 4938 τὸ
3692 4888 3914 4954 εὐγενὲς
3945 4889 4000 4950 ἐξ

2432 4978 2756 5048 ἀμφοτέρων
2804 4977 3267 5049 ἐπιδεικνύμενοι,
3291 4980 3338 5033 οἳ
3373 4979 3467 5031 καὶ
3500 4979 3582 5043 είς
3626 4978 3878 5043 Ἐζεκίαν
3911 4982 4001 5033 καὶ

2445 5069 2656 5123 Ἰωσίαν
2698 5071 2825 5133 τοὺς
2863 5071 3240 5136 δικαιοτάτους
3288 5072 3568 5143 προσεχῶς
3615 5073 3676 5123 τὸ
3709 5072 3866 5138 γένος
3911 5075 3996 5124 ἀν-

2432 5163 2625 5231 έφερον
2647 5179 2660 5192 ·
2690 5162 2915 5225 τούτους
2949 5157 3041 5215 οὖν
3073 5165 3281 5227 ἐκεῖνος
3331 5162 3592 5232 ἐκτομίας
3635 5165 3869 5234 ποιήσας
3909 5168 3996 5218 καὶ

2431 5254 2782 5324 χορηγεῖσθαι
2821 5255 3003 5316 αὐτοῖς
3049 5259 3185 5324 τάγε
3223 5256 3356 5327 πρὸς
3397 5257 3603 5328 τροφὴν
3633 5257 3741 5311 ἀπὸ
3774 5258 3876 5326 τῆς
3908 5257 3997 5328 βα-

2432 5347 2642 5416 σιλικῆς
2677 5348 2961 5418 τραπέζης
3003 5350 3391 5420 οἰκονομήσας,
3423 5350 3793 5419 παιδαγωγοῖς
3830 5367 3998 5420 παρα-

749 5443 1013 5512 sapienlia
1037 5449 1092 5493 et
1115 5441 1227 5510 ipsa
1252 5441 1634 5495 Chaldaeorum
1661 5441 1912 5494 doctrina
1941 5439 2167 5510 pulchre
2195 5455 2321 5493 eru-
2352 5438 2369 5494 1

2439 5439 2666 5502 εἴδωσιν,
2704 5440 2778 5503 ὠς
2816 5442 2881 5493 ἂν
2934 5443 3033 5509 τήν
3078 5460 3137 5494 τε
3193 5443 3426 5514 θύραθεν
3480 5443 3672 5511 σοφίαν
3719 5445 3812 5496 καὶ
3866 5445 3994 5496 αὐτὰ

748 5534 1001 5588 direntur
1029 5564 1033 5567 -
1061 5532 1136 5586 Ex
1171 5533 1257 5586 bis
1285 5547 1431 5586 unus
1461 5532 1684 5602 quidem
1746 5534 2046 5586 vocabatur
2080 5531 2268 5587 Daniel
2306 5550 2317 5585 :

745 5626 838 5696 qui
901 5625 1078 5694 ipsum
1134 5638 1266 5676 vero
1320 5624 1680 5693 sequebatur,
1713 5624 1958 5676 Ananias
1987 5639 2000 5676 :
2035 5631 2091 5674 et
2122 5623 2320 5677 tertius

743 5715 987 5781 Azarias,
1017 5726 1070 5770 et
1095 5715 1235 5772 alius
1269 5713 1475 5769 Misael.
1507 5715 1728 5770 Mutatis
1761 5726 1944 5772 autem
1977 5730 2169 5769 eorum
2218 5729 2317 5770 no-

743 5811 1006 5874 minibus,
1043 5809 1324 5864 Daniclem
1379 5811 1601 5879 quidem
1633 5820 1792 5865 vocat
1839 5810 2141 5874 Baltassar,
2171 5811 2318 5864 Ana—

743 5907 890 5963 niam
923 5902 1173 5968 Sidrach,
1206 5901 1459 5960 Azariam
1508 5918 1636 5959 vero
1678 5903 1905 5973 Misach,
1940 5912 1992 5958 et
2043 5901 2320 5960 Misaelem

2433 5533 2634 5602 ἄριστα
2677 5533 3010 5588 παιδευθῶσι
3053 5535 3122 5588 τὰ
3167 5538 3276 5590 τῶν
3308 5535 3612 5590 Χαλδαίων.
3657 5535 3878 5589 Τούτων
3907 5538 3995 5604 μιν

2433 5625 2628 5693 Δανιὴλ
2691 5625 2966 5677 ἐκαλεῖτο·
3015 5628 3041 5679 ὁ
3087 5629 3206 5698 μετ’
3251 5629 3408 5681 αὑτὸν
3444 5626 3490 5680 δ’
3533 5625 3804 5693 Ἀνανίας,
3851 5629 3994 5692 Ἄζα-

2431 5719 2548 5788 ρίας
2590 5736 2649 5770 τε
2699 5721 2724 5771 ὸ
2775 5719 2959 5788 τρίτος
3009 5722 3103 5772 καὶ
3155 5724 3184 5773 ὁ
3222 5722 3400 5783 λοιπὸς
3435 5720 3990 5790 Μισαήλοδιαμείψας

2429 5811 2485 5864 δὲ
2539 5811 2724 5874 αὐτοῖς
2779 5811 2845 5864 τὰ
2892 5812 3156 5882 ὀνόματα,
3195 5816 3287 5868 τὸν
3336 5815 3437 5885 μὲν
3474 5813 3672 5884 Δανιὴλ
3720 5813 3987 5879 Βαλτὰσαρ

2433 5904 2610 5970 καλεῖ,
2657 5905 2863 5976 Σεδράχ
2899 5907 2954 5961 ὁὶ
2998 5906 3088 5959 τὸν
3129 5908 3397 5978 Ἀνανίαν,
3445 5907 3535 5963 τὸν
3594 5905 3851 5983 Ἀζαρίαν
3895 5905 3985 5959 Μι-
