4180 6516
203 436 311 500 373

1252 436 1421 496 VlTA
1465 438 1527 496 S.
1572 434 1996 495 PRPOHETIE
2036 436 2421 502 DANIELIS.

3363 441 3469 505 3H

200 556 328 617 σὰκ,
364 552 463 609 καὶ
513 549 826 620 ’Δϐδεναγὼ
859 550 952 603 τὸν
986 549 1206 621 Μισαὴλ
1239 546 1532 617 ὀνομάζειο
1562 545 1655 611 οὒς
1689 547 1778 618 δή-

1896 548 2144 604 uo‘minat
2192 550 2513 621 Abdenago.
2535 552 2684 619 Quos
2702 557 2926 627 quidem
2952 568 3006 614 et
3036 573 3127 613 rex
3153 556 3393 621 amabat,
3417 567 3474 613 et

201 662 303 697 που
332 645 431 697 καὶ
460 643 641 712 ἐφίλει
692 645 720 697 ὁ
763 642 1023 713 βασιλεὺς
1072 643 1165 696 καὶ
1207 641 1328 694 λίαν
1366 640 1597 713 εὐμενὲς
1649 640 1788 711 πρὸς

199 735 404 799 αὐτοὺς
423 733 649 800 ἔϐλεπε,
683 736 783 805 τῆς
819 734 1102 805 ἀγχινοίας
1133 734 1555 803 ἀποδεχόμενος,
1582 735 1676 787 καὶ
1696 734 1788 806 ,δτι

203 828 279 897 μὴ
331 827 499 897 μόνον
551 827 769 897 εὐφυῶς
813 827 1081 881 διέκειντο
1145 830 1274 898 περὶ
1332 830 1405 880 τά
1461 826 1785 898 μαθήματα,

200 919 337 973 ἀλλα
365 923 463 974 καὶ
494 919 666 987 πολλή
697 937 783 983 τις
808 921 1124 989 ἑπέπρεπεν
1146 920 1330 982 αὐτοῖς
1360 918 1578 982 σύνεσίς
1610 935 1666 971 τε
1695 921 1789 973 καὶ

200 1012 531 1081 κοσμιότης.
561 1010 706 1065 Ἀλλ’
734 1008 908 1074 οὕτως
931 1011 1032 1081 μὲν
1070 1011 1209 1081 πρὸς
1240 1012 1369 1076 τοὺς
1403 1012 1599 1075 παῖδας
1627 1013 1655 1065 ό
1687 1010 1787 1072 βαρ

203 1105 413 1168 σιλεύς.

274 1196 350 1253 15⁸.
379 1197 583 1267 Δανιὴλ
618 1197 673 1250 δὲ
713 1198 741 1249 δ
778 1195 1087 1266 Θαυμάσιος
1131 1196 1231 1249 οὐκ
1272 1194 1568 1263 ἐπαινέτης
1625 1195 1787 1269 μόνον

198 1290 298 1358 τῆς
330 1290 539 1359 ἀρετῆς
564 1285 652 1360 ἦν,
677 1289 817 1343 ἀλλὰ
864 1292 961 1342 καὶ
1001 1289 1192 1359 μετῄει
1231 1288 1436 1357 ταύτην
1471 1289 1782 1358 ὲπιμελῶςο

200 1385 293 1435 καὶ
323 1382 417 1435 δια
449 1380 609 1433 τοῦτο
655 1380 1110 1451 σκληραγωγίαις
1147 1396 1207 1431 τε
1239 1378 1476 1445 ἐξεδίδου
1504 1380 1565 1433 τὸ
1598 1380 1781 1450 σῶμα,

199 1476 295 1527 καὶ
325 1472 437 1525 άπδ
464 1472 567 1541 τῆς
598 1472 893 1543 βασιλικῆς
922 1472 1203 1541 τραπέζης
1243 1473 1560 1543 ἐδεσμάτων
1590 1473 1652 1526 ού
1685 1474 1785 1543 μόο

199 1582 289 1617 νον
322 1562 493 1627 αὐτὸς
530 1565 830 1635 παρῃτεῖτο
873 1562 1338 1634 μεταλαμϐάνειν,
1365 1563 1504 1617 ἀλλὰ
1546 1566 1643 1619 καὶ
1675 1568 1788 1630 τοῖς

198 1658 413 1729 ἑτέροις
462 1657 558 1710 καὶ
593 1656 911 1724 συγγενέσι,
948 1658 1063 1719 τοῖς
1096 1656 1245 1726 τρισὶ
1274 1655 1420 1723 λέγω
1457 1657 1667 1724 παισὶν,
1695 1656 1788 1710 οὗ·

196 1770 274 1807 τω
305 1756 487 1806 ποιεῖν
531 1751 857 1823 παρηγγύα.
905 1751 1075 1818 Δόξαν
1113 1750 1214 1804 οὖν
1250 1751 1610 1822 ἀμφοτέροις,
1648 1752 1785 1807 καθ-

195 1844 319 1897 όλου
352 1844 579 1899 πάντων
606 1842 715 1896 τῶν
748 1840 1014 1911 ἐμψύχων
1044 1841 1343 1910 ἀπέχεσθαι
1376 1843 1472 1896 καὶ
1505 1843 1786 1915 σπέρμασι

197 1938 386 2007 μόνοις
418 1938 517 1988 καὶ
549 1935 805 2004 λαχάνοις
839 1933 1127 2000 σιτεῖσθαι,
1154 1935 1548 2005 προσελθόντες
1588 1938 1787 2009 Ἀσχά-

196 2026 260 2099 νη
298 2029 378 2098 τῷ
413 2029 516 2097 τὴν
540 2025 864 2096 ἐπιμέλειαν
907 2026 1091 2081 αὐτῶν
1122 2029 1589 2104 ἐπιτετραμμένῳ
1618 2035 1780 2104 άρχιο

195 2124 463 2189 ευνούχῳ,
495 2119 566 2171 τά
613 2118 713 2188 μὲν
744 2119 896 2191 παρὰ
916 2118 1010 2172 τοῦ
1043 2120 1311 2190 βασιλέως
1341 2124 1525 2187 αὐτοῖς
1557 2126 1784 2193 κομιζό-

196 2230 333 2283 μενα
357 2210 549 2283 ἠξίουν
578 2210 741 2265 αὐτὸν
766 2210 1117 2282 λαμϐάνοντα
1142 2213 1482 2279 ἀναλίσκειν,
1516 2218 1782 2287 παρέχειν

194 2308 250 2361 ει
280 2306 400 2361 ἀντ’
433 2307 615 2360 αὐτῶν
635 2305 839 2376 δσπριά
863 2322 923 2359 τε
947 2304 1042 2359 καὶ
1073 2307 1320 2376 φοίνικας
1347 2310 1427 2371 είς
1458 2309 1780 2379 διατροφὴν,

196 2402 291 2454 καὶ
313 2401 368 2454 εί
388 2418 442 2453 τι
471 2402 580 2454 τῶν
622 2399 851 2471 ἀψύχων
880 2399 1071 2472 ἕτερον
1105 2402 1263 2455 αὐτοὶ
1293 2401 1570 2471 βούλοιντο
1592 2418 1605 2432 ’
1642 2403 1781 2472 πρὸς

196 2494 303 2563 γὰρ
331 2491 434 2563 τὴν
472 2492 733 2561 τοιαύτην
771 2492 1007 2559 δίαιταν,
1041 2492 1249 2558 ἔλεγον,
1282 2494 1340 2560 ἐξ
1364 2497 1540 2565 ἀρχῆς
1567 2496 1783 2549 κεκονί-

197 2586 343 2647 σθαι,
375 2586 479 2655 τῆς
503 2585 559 2638 δὲ
582 2585 775 2653 ἑτέρας
806 2583 1193 2655 όλιγωρεῖν.⁹0
1227 2584 1284 2639 δὲ
1326 2581 1466 2639 εἶναι
1507 2588 1609 2656 μὲν
1642 2590 1783 2641 ἓτοιυ

198 2695 299 2748 μος
326 2679 536 2744 ἔλεγεν,
568 2676 864 2746 ὑπηρετεῖν
895 2676 1077 2731 αὐτῶν
1102 2680 1165 2750 τῇ
1196 2677 1437 2750 θελήσει,
1472 2668 1779 2752 ύιρορᾶσθαι

194 2772 248 2825 δὲ
293 2772 370 2842 μὴ
412 2770 705 2841 κατάδηλοι
746 2772 824 2843 τῷ
866 2771 1079 2842 βασιλεῖ
1120 2773 1446 2843 γενηθέντες
1479 2773 1541 2828 ἔκ
1570 2793 1629 2828 τε
1679 2775 1782 2843 τῆς

195 2866 306 2919 τῶν
342 2866 616 2936 σωμάτων
656 2866 969 2936 ἰσχνότητος
1027 2866 1120 2918 καὶ
1173 2865 1273 2935 τῆς
1316 2866 1626 2936 ὠχρότητος
1669 2868 1782 2922 τῶν

198 2960 550 3029 προσώπωνσ
595 2958 1070 3029 συμμεταϐάλλειν
1100 2958 1210 3031 γάρ
1242 2959 1429 3021 αὐτοῖς
1458 2958 1673 3030 ἀνάγκη
1711 2961 1780 3013 τὰ

200 3052 435 3122 σώματα
469 3052 565 3103 καὶ
593 3052 693 3114 τὰς
721 3051 891 3121 χρόας
926 3050 1044 3120 ἅμα
1071 3054 1137 3121 τῇ
1171 3050 1373 3121 διαίτῃ,
1405 3051 1499 3104 καὶ
1542 3052 1780 3122 μάλιστα

198 3144 307 3197 τῶν
370 3143 553 3196 ἄλλων
604 3141 812 3194 παίδων
865 3141 1271 3204 εὐπαθούντων,
1313 3145 1476 3197 αἴτιοι
1530 3145 1780 3199 κινδύνου

1893 642 2128 715 benigne
2152 645 2449 702 admodum
2484 665 2581 705 eos
2636 650 2965 721 aspiciebat.
3000 667 3192 708 eorum
3241 650 3475 706 laudans

1895 735 2176 792 indolem:
2215 748 2271 794 et
2302 741 2448 809 quod
2486 757 2598 797 non
2657 743 2835 798 solum
2869 743 3120 797 valebant
3156 742 3375 816 ingenio
3406 744 3475 801 ad

1891 826 2229 898 disciplinas,
2265 831 2361 886 sed
2398 833 2479 888 eis
2507 850 2731 905 quoque
2795 851 3051 906 magnum
3084 833 3357 889 all'erebat
3380 848 3475 887 or-

1892 931 2210 976 namentum
2274 919 2497 983 solertia
2528 935 2586 981 et
2617 927 2907 983 modestia.
2963 926 3068 981 Sed
3103 927 3181 982 sic
3246 925 3473 996 quidem

1890 1025 2012 1068 erat
2038 1030 2129 1069 rex
2159 1016 2388 1077 all‘ectus
2418 1018 2471 1073 in
2501 1035 2723 1089 pueros.

1961 1194 2027 1249 ll.
2064 1194 2293 1250 Divinus
2328 1206 2510 1251 autem
2562 1197 2750 1252 Daniel
2792 1214 2901 1252 non
2962 1198 3138 1253 solum
3184 1208 3305 1253 erat
3353 1198 3472 1254 lau-

1890 1287 2050 1340 dator
2078 1289 2312 1351 virtutis.
2343 1290 2437 1343 sed
2475 1305 2596 1343 eam
2622 1291 2788 1345 etiam
2816 1292 3110 1361 diligenter
3156 1294 3470 1348 exercebat.

1889 1378 1956 1431 Et
1989 1378 2112 1432 ideo
2134 1379 2429 1449 asperitate
2451 1380 2575 1434 vita:
2602 1397 2804 1450 corpus
2822 1382 3116 1450 allligebat,
3140 1392 3195 1437 et
3217 1382 3470 1440 ciborum

1888 1483 2091 1524 mensa:
2118 1471 2280 1540 regia:
2316 1486 2421 1525 non
2452 1472 2631 1526 solum
2669 1473 2961 1527 recusabat
3010 1489 3133 1528 esse
3171 1476 3469 1546 particeps,

1889 1562 1985 1617 sed
2042 1563 2164 1617 aliis
2213 1564 2380 1618 etiam
2442 1567 2711 1634 cognatis,
2751 1567 2948 1631 tribus,
2988 1566 3235 1637 inquam,
3283 1571 3471 1639 pueris

1890 1654 1973 1710 sic
2003 1655 2176 1710 suasit
2208 1664 2269 1708 ut
2317 1656 2586 1711 facerent.
2640 1656 2777 1712 Cum
2814 1660 3065 1727 utrisque
3099 1674 3229 1727 ergo
3292 1660 3471 1714 visum

1889 1756 2054 1810 esset,
2079 1747 2147 1801 ab
2165 1747 2423 1802 omnibus
2440 1747 2721 1803 abstinere.
2746 1749 3027 1813 animatis,
3050 1762 3102 1805 et
3126 1751 3269 1805 vesci
3295 1752 3472 1807 solum

1889 1838 2198 1894 seminibus
2223 1850 2277 1894 et
2305 1841 2575 1906 oleribus,
2612 1842 2941 1897 accedentes
2994 1842 3061 1897 ad
3104 1842 3475 1899 Asclianetem

1895 1933 2391 1996 archieunuclium,
2426 1935 2514 1988 cui
2546 1944 2665 1989 erat
2699 1936 2993 1989 commissa
3028 1951 3220 1991 eorum
3278 1952 3408 1990 cura
3443 1952 3475 1992 a

1898 2040 2046 2094 rege,
2080 2040 2204 2079 eum
2242 2036 2528 2097 rogarunt.
2569 2036 2626 2079 ut
2656 2042 2779 2095 qua:
2828 2027 2897 2080 ab
2934 2027 3052 2097 ipso
3083 2043 3212 2099 rege
3270 2028 3336 2087 ad
3378 2045 3476 2084 eos

1897 2118 2245 2181 aﬂ'errentur,
2292 2119 2407 2187 ipse
2461 2119 2740 2188 accipiens
2784 2130 3177 2174 consumeret:
3242 2136 3342 2190 pro
3394 2122 3477 2175 eis

1890 2219 2073 2264 autem
2101 2212 2366 2278 praeberet
2388 2211 2664 2276 legumina
2701 2222 2756 2265 et
2778 2208 3022 2281 dactylos
3042 2211 3109 2265 ad
3161 2213 3473 2265 nutrimen-

1895 2311 2033 2362 tum.
2067 2303 2192 2357 etsi
2244 2302 2376 2372 quid
2409 2302 2561 2357 aliud
2594 2303 2759 2358 vellet
2816 2320 2881 2358 ex
2938 2304 3213 2359 inanimis.
3256 2305 3314 2358 ln
3369 2305 3472 2359 hac

1892 2394 2040 2449 enim
2096 2395 2219 2449 vitae
2260 2396 2473 2450 ratione
2531 2396 2787 2453 dicebant
2824 2412 2883 2450 se
2941 2412 3063 2451 esse
3109 2397 3372 2451 educatos
3401 2395 3474 2451 ab

1894 2487 2075 2552 initio,
2130 2489 2291 2541 aliain
2327 2503 2455 2541 vero
2495 2489 2799 2558 despicere.
2834 2489 2927 2543 Ille
2953 2500 3135 2544 autem
3164 2489 3387 2544 dicebat
3414 2503 3474 2544 se

1888 2596 2011 2637 esse
2050 2582 2274 2651 quidem
2307 2591 2559 2652 paratum
2595 2583 2862 2638 inservire
2898 2579 3091 2639 earum
3153 2584 3422 2638 voluntati
3452 2600 3469 2640 :

1895 2674 1990 2728 sed
2022 2674 2235 2737 timere,
2257 2691 2327 2728 ne
2364 2674 2415 2727 id
2446 2689 2543 2728 rex
2576 2676 2899 2733 rescisceret
2941 2692 3004 2734 ex
3038 2690 3331 2746 corporum
3351 2691 3474 2745 gra-

1896 2765 2106 2820 cilitate
2170 2774 2225 2821 et
2290 2766 2476 2820 vultus
2525 2767 2750 2835 pallore.
2783 2767 3017 2829 Necesse
3049 2768 3196 2821 enim
3239 2782 3380 2829 esse,
3411 2776 3473 2821 ut

1895 2858 1978 2913 eis
2007 2858 2171 2914 simul
2202 2866 2485 2913 mutentur
2519 2874 2751 2929 corpora
2787 2860 3081 2915 etcolorcs
3114 2875 3236 2913 cum
3261 2860 3476 2915 ratione

1896 2953 2113 3005 victus:
2144 2962 2198 3006 et
2252 2951 2507 3015 maxime,
2550 2969 2620 3007 ne
2657 2968 2779 3006 cum
2814 2953 2905 3007 alii
2956 2952 3112 3023 pueri
3171 2953 3283 3007 sint
3314 2951 3471 3007 bonae

1898 3042 2263 3107 habitudinis,
2311 3044 2415 3112 ipsi
2448 3044 2558 3098 sint
2580 3046 2812 3098 eieausa
2848 3044 3074 3113 periculi
3107 3054 3163 3099 et
3187 3044 3470 3114 supplicii.

1894 3133 2031 3190 Cum
2069 3134 2253 3203 itaque
2291 3135 2547 3189 cautione
2584 3134 2687 3190 liae
2719 3133 2771 3188 in
2807 3151 2862 3188 re
2896 3144 3145 3191 uteretur
3168 3136 3471 3201 Asclianes,

199 3231 296 3281 καὶ
330 3230 608 3298 τιμωρίας
636 3227 783 3299 αὐτῷ
825 3228 1193 3289 καταστῶσιν.
1222 3232 1457 3301 Ἐχοντα
1503 3229 1598 3284 οὖν
1647 3234 1787 3304 πρὸς

1895 3228 1943 3282 ei
1975 3228 2310 3297 persuadent
2343 3228 2495 3297 pueri
2526 3229 2601 3281 illi
2642 3229 2870 3298 egregii,
2903 3237 2959 3282 ut
2999 3229 3188 3283 decem
3219 3229 3333 3284 dies
3360 3230 3476 3285 hac

198 3319 358 3373 τοῦτο
392 3318 640 3383 εὐλαϐῶς
670 3320 761 3372 τὴν
806 3319 1098 3391 Ἀσχάνην,
1138 3317 1422 3376 πείθουσιν
1463 3324 1512 3376 οἱ
1545 3328 1787 3392 γενναῖοι

199 3415 293 3467 ἰπὶ
340 3412 478 3466 δέκα
516 3413 731 3482 ἡμέρας
776 3411 951 3467 ταῦτα
999 3416 1303 3486 παρασχεῖν
1352 3417 1538 3481 αὑτοῖς
1587 3418 1789 3489 πείρας

200 3508 390 3569 ἕνεκα,
444 3507 542 3559 καὶ
593 3504 667 3572 μὴ
713 3504 1136 3577 μεταϐαλούσης
1184 3508 1282 3577 μὲν
1322 3508 1507 3571 αὐτοῖς
1550 3510 1650 3578 τῆς
1678 3511 1790 3565 τῶν

203 3599 484 3668 σωμάτιον
514 3597 701 3659 ἕξεως,
738 3597 835 3649 ἑὰν
865 3601 981 3661 τοῖς
1010 3600 1198 3664 αὐτοῖς
1221 3601 1505 3672 ἐπιμένειν
1529 3601 1605 3664 ὠς
1635 3600 1791 3656 οὐδὲν

201 3693 278 3743 ἱτι
312 3688 761 3760 βλαϐησομένους
786 3706 798 3719 ·
849 3690 901 3742 εἰ
941 3690 999 3742 δὲ
1037 3693 1376 3761 μειωθέντας
1425 3695 1523 3748 τδοι
1554 3696 1651 3749 καὶ
1681 3695 1792 3750 τῶν

202 3783 385 3836 ἄλλων
422 3782 770 3853 ἀειδέστερον
812 3782 1058 3852 ἔχοντας,
1095 3782 1190 3837 ἐπὶ
1232 3783 1334 3853 τὴν
1379 3786 1655 3856 προτέραν
1693 3788 1792 3840 αὖ·

199 3880 329 3940 τοὺς
358 3876 519 3946 άγειν
549 3877 760 3930 δίαιταν
790 3878 886 3930 καὶ
923 3875 1067 3929 κατὰ
1095 3876 1164 3931 τὰ
1196 3876 1541 3949 κελευομένα
1589 3882 1784 3933 ποιεῖν.

214 3971 302 4033 Ὠς
330 3969 390 4023 δὲ
428 3970 493 4022 ού
542 3970 704 4037 μόνον
757 3968 912 4022 οὐδὲν
955 3969 1155 4032 αὐτοὺς
1199 3968 1392 4023 ἐλύπει
1445 3971 1543 4042 τὴν
1584 3972 1791 4043 τροφὴν

205 4063 431 4130 ἰκεένην
464 4061 946 4130 προσφερομένης,
970 4060 1106 4113 ἀλλὰ
1129 4062 1223 4114 καὶ
1253 4061 1365 4113 τῶν
1380 4054 1566 4115 Γάλλων
1597 4066 1792 4132 εὐτρα-

203 4151 463 4217 φέστεροι
497 4147 566 4200 τὰ
607 4147 839 4217 σώματα
884 4148 982 4200 καὶ
1020 4147 1178 4203 καλοὶ
1220 4149 1322 4221 τὴν
1358 4149 1483 4221 δψιν
1527 4152 1790 4221 ἐγίνοντο,

207 4239 299 4306 Ὠς
324 4241 455 4305 τοὺς
486 4240 726 4311 δρῶντας
748 4239 877 4305 τοὺς
912 4240 1014 4312 μὲν
1044 4256 1107 4295 πε
1116 4242 1172 4313 ρὶ
1192 4243 1283 4296 τὸν
1308 4244 1508 4315 Δανιὴλ
1539 4246 1713 4300 δοκεῖν
1738 4249 1797 4302 ὲν

205 4333 447 4404 ἀφθονία
480 4334 576 4386 καὶ
610 4336 792 4405 τρυφῇ
822 4337 885 4405 τῇ
916 4334 1067 4405 πάσῃ
1106 4333 1277 4403 βιοῦν,
1304 4335 1435 4398 τοὺς
1476 4338 1699 4406 ἑτέρους
1734 4339 1792 4392 δὲ

208 4425 313 4479 τῶν
334 4424 552 4477 παίδων
575 4424 917 4494 ἐνδεέστερον
939 4422 1209 4477 σιτεῖσθαι
1237 4424 1333 4478 καὶ
1351 4422 1426 4494 μὴ
1443 4426 1581 4479 κατὰ
1604 4426 1794 4496 χρείαν

206 4516 514 4572 ἀπολαύειν
545 4514 658 4569 τῶν
688 4514 1009 4585 διδομένων.

276 4610 354 4664 Ρ.
396 4609 490 4677 Ἐξ
533 4610 747 4664 ἐκείνου
786 4610 925 4680 μετὰ
964 4608 1150 4673 ἁδείας
1190 4610 1218 4664 6
1255 4612 1527 4683 τΑσχάνης
1558 4612 1659 4666 ὅσα
1696 4614 1796 4681 μὲν
1827 4610 1871 4667 D

207 4703 319 4757 άπὸ
355 4702 458 4755 τοῦ
486 4702 710 4754 δείπνου
733 4702 854 4755 καθ’
883 4703 1098 4772 ἡμέραν
1129 4702 1376 4771 συνήθως
1419 4704 1637 4771 ἔπεμπε
1666 4704 1794 4757 τού-

204 4810 321 4857 τοις
364 4794 395 4845 δ
430 4790 901 4860 βασιλεὺς.αὺτ)ις
938 4789 1267 4859 ἐλάμϐανεν,
1304 4790 1565 4860 ἐχορήγει
1609 4790 1665 4846 δὲ
1699 4792 1798 4845 αὖ-

206 4889 319 4950 τοῖς
346 4884 419 4938 τά
443 4882 827 4954 προειρημένα
844 4900 857 4913 ·
893 4884 940 4935 oi
961 4883 1018 4936 δὲ
1045 4883 1121 4946 ὡς
1151 4883 1244 4936 καὶ
1268 4883 1377 4936 τῶν
1402 4882 1590 4954 ψυχῶν
1615 4885 1798 4948 αὐτοῖς

208 4980 297 5032 διὰ
330 4978 496 5030 τοῦτο
544 4973 806 5045 καθαρῶν
845 4976 943 5028 καὶ
980 4976 1118 5044 πρὸς
1166 4976 1266 5044 τὴν
1309 4976 1417 5028 τῶν
1454 4976 1797 5047 μαθημάτων

210 5065 487 5137 ἀνάληψιν
513 5065 833 5135 ἐπιτηδείων
863 5067 927 5118 ἐκ
951 5064 1145 5119 τούτου
1177 5068 1581 5136 γεγενημένων,
1614 5070 1798 5121 πᾶσαν

209 5161 452 5232 ἑτοίμως
487 5155 761 5229 εξέμαθον
800 5161 901 5228 τὴν
942 5140 1217 5223 παιδείαν,
1254 5159 1377 5229 ἥτις
1426 5154 1496 5230 ἦν
1540 5160 1693 5229 παρά
1736 5177 1795 5212 τε

204 5248 320 5318 τοῖς
365 5252 649 5322 Ἑϐραίοις
694 5250 787 5303 καὶ
824 5252 937 5314 τοῖς
974 5250 1288 5315 Χαλδαίοις,
1329 5250 1563 5320 μάλιστα
1596 5251 1650 5304 δὲ
1691 5253 1795 5303 Δα-

211 5342 355 5413 νιὴλ,
388 5341 450 5400 ὃς
487 5340 675 5403 ἱκανὸς
697 5338 799 5410 ἤδη
836 5338 968 5407 περὶ
991 5338 1088 5409 τὴν
1125 5337 1406 5391 παίδευσιν
1440 5337 1678 5405 γεγονὼς
1708 5339 1799 5390 καὶ

212 5440 342 5508 περὶ
361 5435 605 5505 κρίσεως
630 5433 855 5504 ὀνείρων
885 5432 1234 5496 ἐσπουδάκει,
1254 5430 1350 5483 καὶ
1374 5431 1433 5483 τὸ
1465 5430 1618 5482 Θεῖον
1649 5430 1798 5500 αὐτῷ

214 5527 459 5599 φανερὸν
490 5526 734 5592 ἐγίνετοο
758 5527 849 5579 ὑπ’
881 5523 1047 5577 αὑτοῦ
1081 5542 1141 5577 τε
1170 5523 1509 5594 τυπούμενος
1549 5524 1648 5592 τὴν
1678 5524 1799 5577 διά-

212 5637 384 5679 νοιαν.
420 5616 600 5671 πολλὰ
632 5617 742 5671 τῶν
776 5617 1077 5687 μελλόντων
1120 5615 1367 5686 ἐναργῶς
1403 5616 1793 5686 προηγόρευεν.

211 5715 487 5785 Δεύτερον
520 5712 799 5781 παρῆλθεν
837 5713 954 5776 ἔτος
976 5712 1073 5782 τῆς
1103 5711 1211 5764 τῶν
1244 5709 1635 5783 Ἰεροσολύμων
1663 5712 1798 5768 aita-

212 5825 375 5871 σεως,
413 5806 513 5858 καὶ
545 5807 576 5861 ὁ
604 5804 856 5872 βασιλεὺς
886 5803 1359 5875 Ναϐουχθδονόσορ
1386 5802 1520 5871 δναρ
1538 5805 1638 5874 ἀρᾷ
1670 5806 1800 5856 θα’⁴’

212 5898 447 5967 μαστὸν,
476 5893 539 5953 οὗ
574 5898 673 5963 τὴν
698 5897 920 5950 ἔκϐασιν
955 5916 1020 5951 κα
1037 5902 1093 5949 τὰ
1129 5896 1249 5960 τοὺς
1282 5894 1481 5958 ὕπνους
1510 5895 1669 5958 αὐτὸς
1698 5895 1799 5949 αὐ-

1894 3320 2003 3372 illis
2026 3318 2633 3388 prmberetexperiendi
2657 3335 2821 3374 causa
2854 3321 3002 3375 :etsi
3028 3335 3137 3374 non
3169 3331 3475 3375 mutaretur

1894 3412 2115 3482 quidem
2148 3410 2232 3466 eis
2270 3426 2565 3482 corporum
2610 3412 2847 3475 habitus,
2882 3415 3087 3468 sineret
3123 3415 3177 3467 in
3212 3415 3293 3468 eis
3344 3430 3471 3482 pcr—

1895 3521 2169 3563 severare.
2204 3505 2297 3561 Sin
2350 3515 2533 3561 autem
2564 3505 2765 3560 viderit
2795 3505 3123 3571 diminutas,
3177 3518 3233 3561 et
3261 3507 3383 3562 aliis
3414 3522 3473 3560 se

1896 3600 2166 3656 habentes
2193 3600 2458 3664 deterius,
2496 3614 2591 3655 eos
2626 3599 2693 3653 ad
2731 3598 2972 3669 priorem
3011 3599 3190 3654 vietus
3243 3597 3473 3653 reducat

1896 3690 2187 3754 rationem,
2214 3703 2269 3746 et
2302 3693 2464 3746 faciat
2492 3702 2550 3745 ut
2573 3691 2676 3744 fuit
2706 3692 2757 3743 ei
2793 3690 3139 3759 imperatum.
3165 3690 3301 3744 Cum
3344 3705 3476 3744 vero

1894 3797 1963 3838 eo
2004 3780 2270 3835 alimento
2321 3788 2541 3836 utentes
2605 3780 2743 3835 nihil
2806 3779 3243 3844 oll’endercntur,
3284 3779 3376 3834 sed
3419 3788 3476 3834 et

1895 3889 2128 3942 corpora
2171 3890 2361 3931 eorum
2395 3873 2643 3928 melioris
2683 3882 2869 3927 essent
2904 3871 3268 3933 habitudinis,
3307 3886 3472 3941 quam

1896 3967 2152 4031 aliorum,
2197 3977 2254 4020 et
2308 3979 2531 4036 aspectu
2571 3966 2910 4035 pulchriora,
2950 3965 3090 4020 adeo
3138 3974 3198 4020 ut
3255 3967 3347 4036 qui
3381 3982 3477 4021 eos

1898 4061 2178 4124 videbant,
2220 4070 2477 4131 putarent
2514 4058 2792 4115 Danielem
2833 4060 3057 4129 quidem
3090 4070 3145 4114 et
3175 4070 3288 4114 tres
3338 4059 3477 4114 alios

1896 4156 2082 4210 vivere
2115 4156 2169 4209 in
2195 4154 2453 4209 oumibus
2482 4155 2716 4209 lautitiis
2749 4165 2807 4209 et
2835 4153 3050 4209 deliciis
3078 4171 3092 4207 :
3125 4152 3263 4207 alios
3286 4162 3471 4206 autem

1898 4261 2100 4316 pueros
2150 4248 2293 4300 vesci
2329 4249 2571 4315 parcius,
2606 4261 2706 4299 nec
2760 4247 2841 4301 eis
2872 4254 3168 4314 suppetere
3220 4261 3303 4308 ea,
3355 4260 3477 4315 qua

1897 4345 2026 4391 sunt
2058 4335 2126 4390 ad
2158 4350 2317 4390 usum
2342 4336 2674 4390 necessaria.

1971 4610 2061 4665 ΙΙΙ.
2115 4610 2189 4663 Ει
2228 4609 2319 4661 illo
2364 4616 2632 4677 tempore,
2660 4624 2785 4663 cum
2833 4607 3166 4666 reverentia.
3199 4607 3479 4662 Asclianes

1897 4716 2237 4771 quaecunque
2272 4701 2495 4771 quidem
2520 4716 2550 4755 e
2583 4717 2679 4756 sua
2712 4717 2888 4765 coma,
2920 4710 2978 4754 ut
3006 4700 3238 4763 solebat,
3263 4700 3331 4753 ad
3348 4716 3476 4754 eum

1897 4793 2149 4849 mittebat
2169 4811 2261 4850 rex
2280 4796 2394 4865 ipse
2412 4794 2715 4865 accipiebat
2735 4810 2885 4861 :qua:
2904 4793 3158 4864 praedicta
3173 4804 3302 4847 sunt
3318 4809 3472 4856 vero,

1897 4886 1979 4943 eis
2000 4887 2410 4957 suppeditabat.
2437 4887 2514 4939 llli
2537 4896 2742 4950 autem,
2786 4895 2974 4955 utpote
2995 4886 3141 4956 quod
3165 4887 3246 4940 eis
3278 4886 3476 4939 anima:

1898 4991 2188 5051 propterea
2210 4988 2504 5034 evaserant
2524 4978 2742 5034 mundae
2766 4991 2821 5033 et
2849 4978 3067 5048 aptaaad
3092 4978 3477 5047 suscipiendas

1900 5071 2241 5141 disciplinas,
2272 5087 2491 5125 omnem
2542 5072 2653 5126 cito
2703 5071 2948 5124 didicere
3003 5069 3333 5134 doctrinam,
3364 5079 3472 5123 tam

1901 5182 2023 5235 quae
2082 5175 2201 5218 erat
2247 5164 2391 5234 apud
2444 5164 2723 5227 Hebraeos,
2780 5178 2943 5233 quam
2983 5177 3103 5232 qua:
3138 5162 3280 5231 apud
3313 5161 3475 5215 Chal-

1900 5257 2045 5310 daeos
2082 5271 2096 5307 :
2142 5256 2373 5308 maxime
2414 5270 2545 5308 vero
2586 5254 2800 5315 Daniel,
2854 5254 2945 5321 qui
2996 5268 3118 5305 cum
3154 5252 3268 5321 jam
3326 5259 3475 5304 esset

1901 5352 2035 5401 satis
2085 5345 2337 5401 doctrina
2379 5355 2691 5416 provectus,
2722 5344 2964 5400 studium
3014 5358 3234 5412 quoque
3268 5358 3473 5412 posue-

1904 5449 1986 5492 rat
2035 5439 2088 5492 in
2139 5438 2351 5508 judicio
2385 5438 2725 5493 somniorum
2758 5437 2960 5505 :eique
2997 5434 3141 5490 Deus
3180 5434 3471 5489 manifeste

1901 5530 2237 5601 apparebat:
2273 5545 2302 5583 a
2336 5545 2446 5598 quo
2471 5545 2594 5582 eum
2630 5530 2749 5599 ejus
2778 5542 2933 5580 mens
2968 5526 3379 5589 informarelur,
3404 5541 3474 5580 es

1902 5622 2102 5676 futuris
2128 5622 2297 5675 multa
2337 5621 2623 5674 evidenter
2664 5619 2937 5688 praedixit.
2974 5617 3260 5675 Secundus
3295 5631 3475 5671 annus

1904 5715 2262 5784 pra‘terierat,
2300 5729 2365 5766 ex
2410 5729 2517 5781 quo
2572 5721 2728 5780 (apta
2794 5712 3011 5765 fuerant
3069 5709 3470 5779 Hierosolyma,

1903 5815 1956 5857 et
1984 5822 2073 5858 rex
2111 5792 2619 5857 Nabuchodonosor
2639 5814 2911 5855 somnium
2946 5802 3090 5855 videt
3127 5796 3467 5852 admirabile.

1904 5895 2061 5964 cuius
2092 5903 2348 5950 eventum
2377 5891 2658 5947 insunmis
2702 5891 2815 5961 ipse
2849 5890 2993 5946 Deus
3033 5892 3082 5946 ei
3114 5889 3473 5959 signiﬁcavit,
