4180 6468
714 400 818 461 375

2014 391 2301 452 MENSlS
2341 386 2640 452 JULlUS.

3859 369 3960 434 316

716 512 809 566 Ille
835 520 1015 562 autem
1039 523 1160 560 cum
1182 508 1510 561 surrexisset
1536 523 1564 561 e
1586 506 1780 571 cubili,
1806 517 1861 560 ct
1887 505 2060 575 ipsius
2084 502 2282 558 somnii

2411 500 2465 569 ςῷ
2503 499 2773 567 ἐδήλωσεν
2806 499 2833 550 ό
2864 496 3033 559 Θεόςο
3072 498 3099 547 ό
3152 494 3209 548 δὲ
3259 494 3357 560 τῆς
3412 491 3596 557 κοίτης
3641 487 3958 575 διαναστας.

716 610 802 657 est
835 603 1058 665 oblitus,
1084 612 1140 655 et
1176 601 1342 663 illius,
1375 616 1536 669 quam
1574 615 1604 652 a
1660 602 1767 653 Deo
1824 598 2040 662 habuit,
2089 599 2280 665 conje-

718 704 908 750 cturae.
943 693 1214 748 Chaldaeis
1246 708 1379 763 ergo
1413 694 1665 759 protinus
1705 692 2007 753 accersitis,
2048 699 2155 744 tam
2188 689 2281 759 qui

715 795 875 838 erant
911 785 1056 838 inter
1094 798 1282 852 magos
1314 784 1521 846 eximii,
1557 797 1721 851 quam
1750 781 1844 849 qui
1881 780 2041 849 periti
2066 779 2284 832 divina-

718 874 906 937 tionis,
936 873 1078 926 dixit
1112 873 1194 925 eis
1222 887 1280 925 se
1312 872 1511 926 vidisse
1533 873 1834 931 somnium,
1862 879 1916 924 et
1950 869 2080 939 quid
2112 868 2287 939 signi-

719 964 968 1017 ﬁcaverit
998 981 1009 1015 :
1033 977 1199 1029 porro
1224 962 1518 1026 accidisse,
1545 970 1603 1014 ut
1624 975 1814 1015 eorum
1838 961 2284 1023 oblivisceretur,

718 1068 839 1121 qua!
879 1053 1091 1108 viderat
1124 1072 1136 1108 :
1171 1054 1588 1123 etjubebateos
1618 1053 1800 1107 dicere
1824 1054 2101 1122 quodnam
2144 1061 2289 1106 esset

719 1145 1017 1206 somnium,
1054 1155 1109 1198 et
1169 1162 1416 1215 quzenam
1448 1155 1595 1201 esset
1629 1145 1974 1213 signiﬁcatio.
2024 1144 2135 1199 Illis
2160 1158 2290 1196 vero

720 1229 1033 1288 dicentibus
1068 1234 1184 1288 ﬁeri
1235 1251 1344 1287 non
1383 1251 1541 1304 posse
1588 1234 1656 1288 ab
1706 1236 2045 1299 hominibus,
2076 1245 2134 1287 ut
2184 1234 2289 1287 nisi

642 1334 645 1335 '
722 1324 838 1395 ipse
890 1328 1237 1396 exposuisset
1306 1328 1598 1391 visionem,
1631 1329 2004 1397 conjecturam
2038 1329 2293 1381 enuntia-

723 1428 894 1473 rent:
928 1421 1046 1489 ipse
1089 1430 1325 1474 mortem
1370 1421 1612 1474 minatus
1663 1429 1746 1476 est
1789 1420 2153 1490 sapientibus,
2186 1419 2301 1474 nisi

722 1509 774 1562 ei
802 1518 857 1563 et
892 1511 1158 1564 visionem
1196 1522 1516 1566 revocarent
1550 1512 1602 1566 in
1644 1513 1985 1577 memoriam,
2025 1523 2081 1567 et
2106 1514 2295 1583 conje-

725 1612 937 1655 cturam
990 1603 1153 1657 simul
1201 1606 1572 1659 enuntiarent.
1631 1606 1699 1659 Et
1747 1607 1932 1660 statim
1983 1607 2148 1675 jussit
2200 1620 2297 1659 eos

725 1708 916 1749 omnes
946 1695 1215 1762 interimi,
1243 1713 1365 1751 cum
1431 1698 1883 1767 pronuntiassent
1918 1714 1975 1753 se
2009 1713 2116 1753 non
2137 1714 2296 1769 posse

726 1785 904 1840 facere
930 1788 1007 1849 id,
1036 1790 1183 1859 quod
1212 1792 1348 1860 jussi
1376 1792 1610 1845 fuerant.

2386 589 2551 643 αὐτοῦ
2591 606 2646 642 τε
2675 588 2770 641 τοῦ
2798 589 3078 657 ὀνείρατος
3107 584 3277 656 λήθην
3312 583 3437 652 ἔσχε
3460 583 3554 633 καὶ
3588 575 3654 651 ἧς
3683 578 3847 644 ἔτυχε
3872 573 3961 639 δή·

2388 698 2491 733 που
2514 681 2664 751 παρὰ
2692 679 2827 732 Θεοῦ
2858 682 2953 748 τῆς
2984 678 3296 747 συγκρίσεω
3332 714 3345 730 .
3371 673 3509 735 Τοὺς
3536 669 3629 723 οὖν
3660 664 3963 723 Χαλδαίους

2388 776 2588 831 αὐτίκα
2614 770 3138 843 μεταμεμψάμενος,
3171 769 3284 821 ὅσοι
3307 782 3366 817 τε
3392 762 3501 817 τῶν
3531 763 3725 830 μάγων
3753 755 3966 823 ἐξαίρε-

2388 886 2469 921 τοι
2517 866 2608 919 καὶ
2638 866 2752 918 ὅσοι
2781 862 2879 933 τὴν
2914 860 3181 930 μαντικὴν
3212 858 3487 929 ἔμπειροι,
3517 853 3593 912 ὡς
3624 851 3709 919 εἴη
3744 864 3805 900 τε
3833 847 3964 912 ὄναρ

2391 958 2654 1030 ἑωρακὼς
2686 957 2871 1018 αὐτοῖς
2901 955 3084 1020 ἔλεγεν
3111 953 3206 1004 καὶ
3234 952 3294 1004 τὸ
3322 945 3666 1019 συμϐεϐηκὸς
3701 939 3837 1008 περὶ
3868 939 3963 1030 τήν

2390 1052 2563 1121 λήθην
2593 1049 2666 1111 ὡς
2699 1044 2840 1100 εἶδεν
2871 1041 3245 1114 ἀπήγγελλεν·
3292 1036 3507 1092 ἐκέλευέ
3551 1050 3608 1087 τε
3648 1032 3832 1098 λέγειν
3878 1026 3969 1080 αύο

2392 1150 2538 1210 τοὺς.
2578 1146 2605 1199 ὅ
2626 1162 2678 1199 τι
2710 1164 2769 1198 τε
2798 1141 2866 1217 ἦν
2896 1145 2957 1197 τὸ
2984 1144 3117 1211 ὄναρ
3145 1140 3241 1193 καὶ
3262 1138 3345 1200 τίς
3380 1138 3414 1205 ὴ
3460 1133 3689 1204 δήλωσις
3714 1143 3731 1160 ·
3763 1127 3876 1180 τῶν
3917 1124 3970 1176 δὲ

2394 1241 2656 1294 ἀδύνατον
2698 1236 2840 1292 εἶναι
2889 1237 3159 1304 λεγόντων
3190 1229 3519 1301 ἀνθρώποις,
3562 1226 3609 1278 εί
3658 1222 3735 1293 μὴ
3764 1222 3835 1274 τὰ
3871 1218 3971 1287 τῆς

2393 1335 2639 1405 ὁράσεως
2662 1334 2846 1393 αὐτοῖς
2860 1330 3092 1391 ἔκθοιτο,
3121 1326 3221 1396 τὴν
3251 1323 3541 1391 σύγκρισιν
3568 1314 3971 1383 ἀπαγγέλλειν*

2397 1404 2559 1486 αὐτὸς
2587 1423 2815 1477 θάνατον
2840 1419 3057 1491 ἠπείλει
3079 1419 3192 1481 τοίς
3221 1432 3285 1468 πε
3297 1414 3349 1484 pl.
3374 1412 3547 1467 ταῦτα
3575 1409 3781 1475 σοφοῖς,
3817 1407 3869 1457 εί
3904 1404 3975 1473 μὴ

2402 1518 2495 1570 καὶ
2520 1515 2616 1585 τὴν
2638 1512 2946 1582 ἀνάμνησιν
2979 1509 3129 1578 αύτῷ
3157 1506 3249 1559 τοῦ
3272 1506 3551 1575 ὁράματος
3582 1499 3680 1553 καὶ
3710 1498 3814 1568 τὴν
3846 1499 3973 1562 σύγ·

2400 1624 2580 1678 κρίσιν
2595 1604 2730 1675 όμοῦ
2754 1602 3129 1672 διαγγείλωσι,
3166 1600 3262 1652 καὶ
3287 1596 3449 1658 εὐθὺς
3478 1592 3817 1664 προσέταττε
3842 1591 3979 1643 πάν-

2400 1715 2500 1761 τας
2522 1696 2721 1759 αὐτοὺς
2742 1693 3097 1766 ἀναιρεθῆναι
3124 1687 3261 1761 πρὸς
3294 1688 3353 1740 τὸ
3378 1684 3667 1739 κελευσθὲν
3696 1681 3978 1742 ﬂuvida»;

2403 1790 2551 1862 ἔχειν
2582 1787 3099 1858 ἀπαγορεύσαντας.

798 1879 884 1932 IV.
917 1878 1053 1935 Cum
1090 1882 1193 1937 hoc
1226 1884 1585 1938 intellexisset
1619 1885 1826 1947 Daniel,
1855 1884 2085 1954 jnssisse
2111 1899 2292 1954 regem

2434 1857 2548 1939 ΗΔΖ
2582 1880 2754 1936 Τοῦτο
2776 1857 2967 1950 μαθὼν
2991 1876 3215 1945 Δανιὴλ,
3246 1874 3329 1928 ὅτι
3359 1868 3681 1942 προστάξειε
3714 1865 3927 1925 πάντας
3952 1862 3981 1913 ό

728 1985 921 2024 omnes
952 1973 1131 2028 occidi
1156 1976 1457 2044 sapientes,
1485 1977 1627 2031 inter
1660 1977 1761 2030 hos
1788 1988 1968 2032 autem
1997 1993 2055 2030 se
2078 1991 2297 2046 quoque

729 2078 853 2115 cum
873 2067 1120 2133 cognatis
1145 2066 1400 2120 venirein
1422 2068 1747 2136 periculum,
1774 2070 1987 2122 accedit
2009 2070 2073 2122 ad
2101 2068 2297 2122 Ariocb

734 2170 904 2208 unum
932 2170 999 2210 ex
1054 2157 1198 2227 regis
1230 2158 1580 2224 satellitibus,
1632 2170 1689 2213 et
1741 2169 1914 2230 rogat,
1963 2169 2022 2213 ut
2050 2162 2099 2213 ei
2154 2159 2302 2213 dicat

733 2260 975 2311 causam,
1003 2256 1230 2318 propter
1259 2266 1423 2318 quam
1457 2267 1550 2305 rex
1602 2262 1709 2306 tam
1745 2252 1994 2320 improbe
2045 2251 2302 2322 jussisset

731 2336 910 2391 occidi
945 2354 1138 2394 omnes
1192 2343 1468 2409 sapientes
1516 2342 1800 2398 Chaldaeos
1833 2354 1887 2398 et
1923 2357 2130 2411 magos.
2163 2344 2301 2397 Cum

734 2442 865 2483 vero
900 2429 967 2482 de
1001 2433 1215 2486 somnio
1251 2447 1316 2486 ex
1347 2447 1413 2487 eo
1454 2434 1838 2498 intellexisset,
1867 2443 1923 2488 et
1963 2435 2109 2503 quod
2164 2434 2303 2502 jussi

733 2534 763 2572 a
796 2536 923 2591 rege
948 2522 1050 2576 hoc
1072 2523 1121 2577 ei
1154 2524 1454 2591 declarare,
1476 2528 1567 2596 qui
1594 2527 1771 2581 fuerat
1799 2528 2028 2597 oblitus,
2050 2528 2307 2582 dixerunt

736 2626 795 2665 se
847 2630 956 2667 non
991 2630 1152 2685 posse
1187 2633 1201 2669 :
1234 2626 1289 2671 et
1333 2627 1621 2687 propterea
1672 2635 1765 2673 rex
1823 2620 1903 2673 ira
1961 2630 2179 2685 motus,
2208 2634 2305 2672 eos

738 2709 913 2754 morte
945 2701 1271 2757 damnavit:
1334 2705 1545 2773 rogavit
1582 2705 1801 2770 Ariocli,
1840 2716 1899 2761 ut
1950 2706 2179 2760 intraret
2236 2704 2305 2758 ad

738 2806 944 2862 regem,
978 2803 1034 2848 et
1086 2803 1300 2863 peteret
1332 2797 1504 2867 magis
1560 2813 1722 2851 unam
1760 2808 1995 2861 noctem,
2026 2807 2083 2852 et
2137 2798 2189 2849 in
2243 2811 2308 2850 ea

739 2881 881 2938 hanc
932 2883 1183 2940 diﬂ‘erret
1218 2886 1717 2957 interemplionem.
1787 2889 2016 2942 Dicebat
2066 2889 2213 2942 enim
2250 2902 2310 2943 se

738 2986 962 3043 sperare
1010 2978 1127 3031 fore
1156 2989 1215 3032 ut
1244 2994 1367 3032 cum
1396 2980 1450 3032 in
1474 2996 1536 3034 ea
1562 2982 1734 3035 Deum
1768 2990 1999 3045 orasset,
2029 2982 2307 3036 somnium

739 3077 1117 3135 cognosceret.
1144 3068 1210 3122 Et
1245 3069 1334 3124 ille
1355 3070 1576 3140 quidem
1609 3073 1724 3128 bzec
1748 3075 1860 3143 regi
1883 3091 2043 3144 quam
2072 3075 2307 3145 primum

744 3157 1104 3214 renuntiavit.
1158 3160 1254 3215 llle
1299 3172 1482 3217 autem
1537 3165 1768 3233 cupiens
1830 3168 1996 3232 scire,
2054 3182 2305 3236 quaenam

738 3257 886 3303 esset
916 3250 1075 3315 visio,
1107 3263 1162 3307 et
1185 3269 1434 3322 quanam
1469 3266 1617 3312 esset
1642 3258 1761 3327 ejus
1783 3256 2132 3328 signiﬁcatio,
2155 3258 2314 3330 jubet

740 3340 1001 3395 sustineri
1044 3357 1327 3412 magorum
1354 3346 1853 3420 interemptionem,
1898 3351 2074 3408 donec
2123 3356 2314 3419 sciret,

744 3432 1007 3501 quidnam
1036 3434 1284 3492 dicturus
1331 3451 1475 3495 esset
1530 3443 1741 3509 Daniel,
1781 3455 1836 3499 et
1867 3462 2116 3514 quaenam
2169 3455 2317 3500 esset

743 3525 864 3595 ejus
914 3526 1109 3583 virtus.
1148 3528 1248 3585 Hic
1287 3546 1417 3603 ergo
1448 3532 1642 3589 beatus
1677 3550 1800 3590 cum
1836 3546 1948 3590 tota
1997 3546 2158 3592 nocte
2190 3553 2314 3591 cum

745 3619 991 3688 cognatis
1014 3621 1080 3676 ad
1119 3637 1177 3677 se
1209 3626 1549 3693 secessisset,
1584 3637 1696 3684 tota
1752 3640 1913 3684 nocte
1947 3629 2059 3686 Deo
2110 3632 2320 3702 suppli-

745 3712 913 3776 cavit,
947 3723 1006 3766 ut
1028 3731 1213 3785 magos
1240 3730 1487 3774 servaret
1508 3730 1563 3773 et
1614 3723 1921 3787 Chaldaeos,
1950 3740 2076 3779 cum
2116 3727 2319 3795 quibus

748 3802 865 3871 ipse
893 3819 1112 3875 quoque
1153 3798 1315 3863 simul
1345 3820 1464 3865 erat
1498 3813 1798 3881 periturus,
1849 3824 1905 3867 ct
1950 3815 2210 3869 liberaret
2251 3816 2319 3869 ab

748 3893 827 3948 ira
894 3899 1058 3967 regis,
1116 3902 1414 3970 aperiendo
1436 3905 1487 3958 ei
1541 3905 1831 3969 visionem,
1865 3906 2023 3976 cujus
2068 3922 2159 3961 rex
2203 3917 2321 3962 erat

749 3989 975 4044 oblitus.
1013 3991 1155 4045 Deus
1194 4003 1377 4047 autem
1404 3996 1565 4049 simul
1608 4009 1659 4052 et
1694 4000 1955 4053 misertus
1979 4015 2171 4053 eorum
2223 4002 2315 4069 qui

749 4091 908 4135 erant
938 4082 993 4135 in
1028 4084 1293 4150 periculo,
1323 4096 1377 4139 et
1409 4087 1601 4142 volens
1638 4104 1798 4143 suum
1830 4090 2153 4158 prOpbetam
2199 4090 2323 4143 red-

752 4170 883 4228 dere
919 4172 1242 4243 gloriosum,
1278 4177 1327 4231 ei
1382 4178 1654 4249 signiﬁcat
1705 4182 2002 4245 somnium,
2044 4190 2100 4237 et
2146 4182 2323 4253 aperit

751 4264 1124 4333 conjecturam
1160 4285 1171 4320 :
1214 4278 1269 4323 et
1298 4277 1422 4322 cum
1457 4271 1709 4338 protinus
1750 4272 1936 4326 Daniel
1973 4272 2088 4327 haec
2115 4274 2322 4328 Azariaa

753 4355 1045 4409 elcaateris
1091 4358 1417 4424 aperuisset,
1447 4374 1562 4425 eos,
1593 4363 1687 4429 qui
1718 4364 1843 4414 vitae
1892 4378 2044 4431 spem
2100 4354 2321 4434 abjéce-

754 4458 899 4511 rant,
922 4455 978 4502 et
1008 4447 1063 4503 in
1102 4452 1336 4505 mortem
1371 4466 1522 4506 suam
1578 4453 1882 4509 deﬁxerant
1914 4456 2321 4524 cogitationem,

755 4540 1011 4599 immutat
1055 4552 1110 4597 et
1151 4544 1329 4598 reddit
1389 4545 1625 4600 hctiores
1654 4555 1708 4599 et
1770 4547 1955 4603 animo
1997 4538 2322 4603 alacriores.

829 4814 893 4868 Υ.
921 4811 1058 4867 Cum
1084 4812 1196 4865 Deo
1231 4821 1413 4867 autem
1457 4830 1581 4868 cum
1616 4815 1699 4867 eis
1734 4813 1935 4884 egisset
1981 4814 2205 4885 gratias,
2236 4815 2329 4884 qui

760 4907 1020 4960 misertus
1049 4904 1230 4959 fuerat
1258 4920 1448 4960 eorum
1480 4906 1681 4969 artatis,
1706 4917 1762 4961 et
1790 4917 1937 4960 esset
1958 4908 2094 4970 dies.
2119 4907 2332 4963 accedit

760 4999 829 5054 ad
854 4999 1084 5065 Arioch,
1108 5010 1162 5054 et
1186 5009 1356 5070 rogat,
1395 5011 1453 5055 ut
1480 5017 1607 5055 eum
1643 5001 1807 5056 ducat
1836 5001 1902 5055 ad
1940 5015 2143 5069 regem.
2188 5001 2334 5054 Dixit

761 5092 930 5157 enim,
957 5107 1015 5148 se
1040 5092 1091 5148 ei
1120 5094 1256 5146 velle
1288 5096 1562 5148 somnium
1595 5094 1926 5163 signiﬁcare,
1963 5094 2107 5162 quod
2145 5093 2194 5149 ei
2244 5108 2334 5146 ac-

763 5187 979 5242 cidit‘ut
1027 5198 1190 5245 nocte
1240 5187 1447 5242 videret
1496 5188 1793 5256 pneterita.
1855 5188 2135 5256 Ingressus
2181 5204 2330 5251 vero,

766 5284 999 5351 primum
1037 5297 1096 5338 se
1130 5286 1431 5347 excusavit,
1466 5282 1662 5335 nolens
1694 5283 1815 5335 aliis
1846 5282 2123 5339 Chaldzeis
2161 5282 2332 5337 videri

764 5377 1068 5443 sapientior
1100 5392 1111 5429 :
1147 5384 1201 5429 et
1244 5374 1389 5444 quod
1424 5390 1547 5428 cum
1584 5372 1770 5427 nullus
1819 5375 2033 5427 illorum
2069 5373 2336 5442 potuisset

765 5468 1012 5522 invenire
1037 5468 1334 5531 somnium,
1358 5468 1471 5536 ipse
1498 5466 1550 5519 id
1582 5474 1727 5519 e3set
1756 5466 2021 5518 dicturus.
2048 5466 2164 5519 Non
2189 5464 2335 5517 enim

765 5576 863 5631 per
890 5560 1307 5630 experientiam,
1334 5575 1505 5628 neque
1538 5557 1686 5629 quod
1722 5558 1791 5610 sit
1820 5557 2127 5611 subtilioris
2171 5566 2225 5611 et
2250 5572 2332 5611 so.

766 5653 1006 5707 lertioris
1064 5652 1289 5721 ingenii,
1330 5651 1433 5704 hoc
1478 5649 1682 5706 accidit
1715 5667 1725 5702 :
1759 5649 1849 5702 sed
1909 5648 2103 5711 nostri,
2140 5651 2335 5717 inquit,

766 5742 1022 5803 misertus
1045 5745 1209 5808 Deus.
1235 5748 1327 5817 qui
1354 5758 1683 5799 veneramus
1713 5745 1763 5796 in
1795 5740 1986 5795 mortis
2011 5743 2335 5810 perieulum,

769 5820 901 5899 mihi
940 5856 1034 5914 pro
1080 5856 1201 5899 mea
1251 5840 1433 5899 anima
1464 5849 1765 5904 eteorum,
1799 5840 1892 5905 qui
1920 5847 2043 5893 sunt
2090 5836 2336 5907 ejusdem

2406 1974 2659 2045 βασιλεὺς
2691 1971 2986 2026 ἀποθανεῖν
3025 1970 3153 2033 τοὺς
3191 1965 3409 2035 σοφοὺς,
3449 1965 3506 2017 ἐν
3531 1960 3746 2021 τούτοις
3784 1957 3843 2010 δὲ
3890 1954 3982 2008 καὶ

2403 2067 2565 2120 αὑτὸν
2607 2064 2747 2135 μετὰ
2797 2063 2907 2117 τῶν
2966 2059 3246 2135 συγγενῶν
3303 2052 3657 2114 κινδυνεύειν,
3693 2049 3983 2118 πρόσεισιν

2418 2158 2616 2229 Ἀριὼχ
2645 2157 2724 2227 τῷ
2760 2157 2855 2210 τοῦ
2892 2152 3160 2225 βασιλέως
3205 2146 3634 2219 σωματοφύλακι
3672 2142 3769 2194 καὶ
3812 2140 3982 2192 δεῖται

2405 2251 2535 2322 παρ’
2563 2247 2727 2303 αὐτοῦ
2761 2248 2860 2317 τὴν
2894 2245 3077 2300 αἰτίαν
3116 2242 3328 2312 μαθεῖν,
3365 2237 3432 2291 δι’
3459 2239 3525 2307 ἢν
3560 2235 3704 2288 οὓτω
3740 2231 3930 2293 κακῶς
3956 2233 3984 2284 ό

2409 2340 2664 2411 βασιλεὺς
2694 2341 2905 2398 πάντας
2930 2336 3015 2404 είη
3082 2330 3346 2393 κελεύσας
3367 2327 3719 2400 ἀναιρεθῆναι
3746 2323 3873 2383 τοὺς
3899 2338 3985 2374 σος

2409 2429 2543 2501 (ρούς
2574 2446 2634 2482 τε
2671 2429 2768 2482 xa‘t
2794 2424 3098 2486 Χαλδαίους
3132 2423 3228 2475 καὶ
3261 2420 3472 2490 μάγους
3495 2434 3509 2447 ⁸
3544 2417 3638 2470 καὶ
3685 2412 3878 2485 μαθὼν
3916 2412 3984 2463 τὰ

2409 2524 2540 2594 περὶ
2579 2521 2672 2575 τοῦ
2708 2518 2961 2575 ἐνυπνίου
3018 2515 3114 2570 καὶ
3160 2517 3242 2568 ὅτι
3303 2510 3691 2570 κελευσθέντες
3739 2505 3848 2560 ὑπὸ
3892 2502 3984 2554 τοῦ

2410 2615 2673 2687 βασιλέως
2704 2612 2848 2665 τοῦτ’
2873 2609 3021 2679 αὑτῷ
3045 2606 3238 2677 δηλοῦν
3267 2600 3695 2673 ἐπιλελησμένον
3722 2598 3803 2666 μὴ
3826 2596 3981 2687 δύνασ

2412 2684 2538 2761 σθαι
2564 2702 2751 2760 εἷπον·
2782 2703 2877 2754 καὶ
2903 2701 2991 2752 διὰ
3013 2698 3188 2749 ταῦτα
3220 2698 3356 2765 προς
3389 2694 3560 2764 ὀργὴν
3592 2689 3862 2758 κινηθεὶς,
3891 2684 3983 2738 θάο

2412 2817 2571 2853 νατον
2603 2795 2781 2850 αὐτῶν
2814 2792 3158 2861 κατακρίνοι,
3180 2790 3333 2856 ἠξίου
3360 2786 3450 2838 τὸν
3488 2782 3693 2853 ’Δριὼχ
3720 2778 3988 2832 είσελθόνο

2410 2910 2480 2947 τα
2509 2890 2645 2961 πρὸς
2674 2888 2765 2941 τὸν
2795 2884 3022 2956 βασιλέα
3053 2882 3179 2953 μίαν
3196 2876 3522 2949 αἰτήσασθαι
3542 2875 3715 2946 νύκτα
3734 2874 3847 2934 τοῖς
3883 2871 3987 2940 μά-

2412 3003 2532 3056 γοις
2562 2981 2847 3051 καὶταύτῃ
2869 2978 2968 3048 τὴν
2993 2976 3271 3046 ἀναίρεσιν
3296 2972 3540 3041 ἐπισχεῖν
3557 2984 3569 3000 ο
3601 2965 3848 3027 ἐλπίζειν
3881 2966 3985 3034 γὰρ

2412 3080 2501 3132 διὰ
2527 3076 2755 3143 ταύτην,
2783 3072 3011 3140 ἔφασκε,
3042 3066 3253 3138 δεηθεὶς
3285 3062 3379 3118 τοῦ
3400 3060 3556 3124 Θεοῦ,
3589 3058 3899 3128 γνώσεσθαι
3930 3059 3987 3109 τὸ

2417 3168 2699 3222 ἐνύπνιονο
2728 3163 2819 3217 καὶ
2853 3163 2881 3214 ό
2922 3159 3020 3230 μὲν
3066 3158 3207 3211 κατὰ
3247 3157 3409 3225 τάχος
3453 3150 3769 3222 ἀπήγγελλε
3818 3148 3988 3203 ταῦτα⁵

2419 3260 2497 3330 τῷ
2526 3257 2770 3329 βασιλεῖ’
2800 3257 2826 3307 ὁ
2863 3255 2919 3308 δὲ
2952 3251 3146 3322 μαθεῖν
3178 3251 3282 3319 ἄρα
3308 3247 3650 3317 γλιχόμενος,
3685 3242 3769 3305 τίς
3811 3244 3846 3311 ή
3873 3241 3991 3307 hinc

2420 3355 2515 3409 καὶ
2542 3352 2623 3415 τίς
2654 3349 2857 3417 ταύτης
2900 3350 2933 3416 ή
2972 3344 3282 3411 σύγκρισις,
3325 3339 3535 3391 κελεύει
3582 3337 3683 3405 τὴν
3714 3334 3991 3405 ἀναίρεσιν

2418 3444 2529 3497 τῶν
2590 3441 2780 3511 μάγων
2832 3434 3212 3505 ἐπισχεθῆναι,
3245 3431 3347 3494 ἓως
3385 3429 3518 3498 γνῷ,
3561 3428 3703 3488 τίνες
3754 3428 3804 3478 οἱ
3847 3426 3991 3492 λόγοι

2422 3534 2514 3587 τοῦ
2539 3531 2758 3601 Δανιὴλ,
2784 3531 2874 3582 καὶ
2908 3529 2988 3591 τίς
3017 3527 3082 3580 ἂν
3116 3528 3148 3596 ἡ
3184 3525 3314 3594 παρ’
3346 3524 3528 3584 αὐτοῖς
3554 3522 3637 3591 εἴη
3655 3519 3909 3588 δύναμις.
3937 3516 3995 3572 Ὀ

2424 3626 2691 3697 μακάριος
2729 3617 2881 3685 οὗτος
2920 3622 3099 3674 τοίνυν
3136 3618 3272 3683 μετὰ
3309 3615 3417 3670 τῶν
3455 3613 3735 3683 συγγενῶν
3779 3614 3991 3682 ὑποχωο

2423 3722 2594 3791 ρὴσας
2630 3716 2766 3787 πρὸς
2796 3715 3007 3778 ἐαυτὸν,
3042 3713 3110 3766 δι’
3141 3713 3268 3776 ὅλης
3305 3710 3515 3761 ἱκέτευε
3554 3708 3651 3773 τῆς
3680 3706 3879 3791 νυκτὸς
3907 3705 3994 3754 τὸν

2423 3810 2579 3871 θεὸν,
2617 3806 2786 3857 σῶσαι
2815 3806 2910 3855 καὶ
2947 3803 3075 3860 τοὺς
3119 3798 3326 3866 μάγους
3373 3795 3468 3845 καὶ
3516 3794 3639 3851 τοὺς
3673 3790 3994 3849 Χαλδαίους,

2423 3894 2505 3964 οἷς
2541 3899 2606 3968 δὴ
2638 3897 2731 3950 καὶ⁸
2761 3893 2922 3955 αὐτὸς
2954 3890 3138 3962 μέλλει
3165 3885 3582 3949 συναπολέσθαι,
3602 3882 3696 3936 καὶ
3731 3878 3995 3968 ῥύσασθαι

2422 3996 2520 4062 τῆς
2555 3967 2648 4045 τοῦ
2674 3986 2939 4060 βασιλέως
2961 3983 3131 4054 ὀργῆς
3157 3979 3536 4052 ἐμφανίσαντα
3569 3974 3667 4044 τὴν
3696 3972 3821 4042 όψιν
3854 3967 3998 4040 αὐτῷ

2426 4084 2520 4137 καὶ
2551 4085 2853 4151 ποιήσαντα
2878 4077 3064 4147 δήλην,
3100 4073 3167 4147 ἧς
3209 4075 3238 4126 ό
3282 4071 3533 4141 βασιλεὺς
3582 4066 3939 4134 ἐπιλέληστο*
3972 4064 3999 4114 ὁ

2426 4176 2482 4230 δὲ
2517 4173 2649 4235 Θεὸς
2686 4171 2805 4239 ἅμα
2837 4171 2963 4230 τούς
2996 4184 3054 4219 τε
3087 4164 3496 4221 κινδυνεύοντας
3525 4159 3755 4227 ἐλεήσας
3788 4157 3887 4208 καὶ
3913 4154 4000 4209 τὸν

2428 4266 2593 4323 αὐτοῦ
2627 4263 2914 4336 προφήτην
2949 4258 3170 4325 δοξάσαι
3202 4255 3544 4327 βουλόμενος,
3567 4249 3629 4303 τό
3653 4265 3711 4301 τε
3734 4249 3872 4318 ὄναρ
3901 4248 3998 4299 ab-

2429 4361 2503 4430 τῷ
2525 4358 2782 4428 γνωρίζει
2807 4356 2899 4424 καὶ
2927 4354 2996 4406 τὰ
3023 4352 3122 4421 τῆς
3160 4348 3499 4419 συγκρίσεως
3523 4342 3655 4413 δῆλα
3679 4342 3998 4411 παρίστησι·

2430 4454 2522 4505 καὶ
2546 4448 2740 4518 Δανιὴλ
2769 4447 2930 4508 εὐθὺς
2969 4443 3143 4496 ταῦτα
3170 4445 3282 4502 τοῖς
3316 4438 3443 4507 περὶ
3484 4436 3743 4503 Ἀζαρίαν
3774 4429 4004 4486 ἐκκαλύο

2364 4551 2402 4603 D
2432 4545 2564 4613 ψας,
2595 4540 2722 4601 τοὺς
2757 4537 2857 4607 μὲν
2884 4531 3274 4601 ἀπεγνωκότας
3315 4527 3416 4599 ήδη
3460 4525 3553 4579 τοῦ
3596 4526 3695 4593 ζῇν
3739 4525 3836 4576 καὶ
3871 4522 4003 4613 πρὸς

2436 4612 2497 4688 τὸ
2527 4631 2782 4687 τεθνάναι
2815 4628 2912 4699 τὴν
2945 4625 3185 4680 διάνοιαν
3226 4622 3459 4691 ἔχοντες,
3495 4618 3575 4680 είς
3609 4614 3671 4670 τὸ
3706 4612 4002 4684 εὐθυμότε-

2442 4744 2532 4799 ρον
2565 4743 2629 4794 με
2638 4722 2914 4777 ταϐἀλλει.

2508 4818 2583 4873 E'.
2625 4816 3040 4885 Εύχαριστήσας
3088 4809 3145 4861 δέ
3195 4807 3274 4877 τῷ
3316 4803 3434 4873 Θεῷ
3487 4797 3815 4873 μετάὖτῶν
3863 4796 4008 4849 ἔλεον

2436 4910 2652 4964 λαὸόντι
2672 4906 2768 4975 τῆς
2792 4906 3008 4975 ἡλικίας
3038 4899 3238 4963 αὐτῶν,
3262 4894 3557 4966 γενομένης
3578 4889 3794 4963 ἡμέρας
3827 4906 4005 4957 παρι-

2438 5006 2647 5071 γίνεται
2708 4999 2841 5067 πρὸς
2888 4997 2978 5049 τὸν
3019 4991 3221 5064 Ἀριὼχ
3279 4990 3374 5042 καὶ
3433 4988 3585 5053 ἄγειν
3639 4982 3803 5036 αὐτὸν
3860 4980 4009 5049 ἠξίου

2442 5097 2573 5167 πρὸς
2615 5090 2837 5165 βασιλέα
2858 5107 2869 5120 ·
2904 5088 3141 5157 δηλῶσαι
3176 5082 3282 5151 γὰρ
3317 5079 3467 5148 αὐτῷ
3512 5073 3801 5167 βούλεσθαι
3834 5075 3897 5127 τὸ
3928 5076 4009 5167 ἐν·

2443 5163 2628 5239 seum
2678 5184 2804 5249 ἔφη,
2850 5181 2987 5249 ὅπερ
3044 5175 3169 5231 ἰδεῖν
3225 5172 3325 5239 τῆς
3379 5166 3760 5241 παρελθούσης
3819 5163 4011 5225 νυκτὸς

2442 5280 2613 5346 τούτῳ
2645 5273 3012 5344 συμϐέϐηκεν.
3037 5263 3308 5322 Εἰσελθὼν
3334 5263 3390 5317 δὲ
3430 5261 3727 5332 παρῃτεῖτο
3761 5255 3831 5307 τὰ
3860 5254 4008 5322 πρῶ-

2441 5390 2527 5434 τα,
2567 5368 2639 5438 μὴ
2675 5365 2980 5434 σοφώτερον
3010 5362 3174 5415 αὑτὸν
3206 5358 3353 5421 δόξαι
3386 5354 3496 5407 τῶν
3528 5351 3703 5405 ἄλλων
3725 5348 4010 5402 Χαλδαίων

2446 5464 2788 5533 βουλόμενος,
2823 5457 2916 5524 καὶ⁸
2947 5458 3030 5508 ὅτι
3064 5452 3287 5521 μηδενὸς
3319 5448 3542 5501 ἐκείνων
3567 5443 3626 5497 τὸ
3655 5444 3793 5511 όναρ
3832 5442 4010 5509 εὑρεῖν

2443 5530 2779 5625 δυνηθέντος,
2812 5550 2973 5610 aint;
3002 5546 3131 5600 αὐτὸ
3163 5544 3346 5611 μέλλοι
3386 5541 3599 5607 λέγειν·
3637 5538 3697 5588 ού
3730 5536 3839 5603 γὰρ
3892 5530 4010 5585 κατ’

2446 5648 2760 5719 ἐμπειρίαν,
2795 5641 2901 5695 οὐδ’
2931 5642 3012 5693 ὅτι
3042 5638 3140 5709 τὴν
3177 5636 3416 5687 διάνοιαν
3463 5632 3640 5684 αὐτῶν
3688 5626 3895 5696 μᾶλλον
3923 5625 4009 5676 ix-

2448 5742 2771 5808 πεπόνηται,
2830 5731 2989 5787 τοῦτο
3042 5731 3269 5798 γίνεται,
3319 5725 3434 5778 ἀλλ’
3470 5724 3717 5791 ἐλεήσας,
3776 5718 3933 5787 φησὶ,
3992 5719 4028 5764 ὁ·

2450 5831 2576 5893 Θιὲς
2614 5823 3019 5887 “Montio/ra;
3051 5818 3362 5880 αποθανιίν.
3400 5814 3642 5885 δεηθέντι
3668 5810 3797 5882 περί
3828 5826 3883 5862 τε
3920 5826 4011 5878 της
