4180 6506
158 427 261 493 377

1187 440 1364 501 VITA
1409 440 1469 501 S.
1514 439 1938 501 PROPHETAZ
1981 442 2370 504 DANJELIS.

3323 442 3431 504 378

161 544 300 613 ἐμῆς
340 542 529 614 ψυχῆς
584 543 677 599 καὶ
728 546 837 599 τῶν
890 546 1183 618 ὁμοεθνῶν,
1229 552 1325 602 καὶ
1368 549 1431 602 τὸ
1473 549 1607 621 θναρ
1656 552 1752 603 καὶ

1859 552 2052 621 gentis,
2087 551 2355 622 precanti,
2393 558 2449 607 et
2473 551 2749 606 somnium
2778 550 2997 621 aperuit
3025 561 3083 607 et
3111 553 3232 623 ejus
3260 569 3433 623 expo-

158 637 255 707 τήν
311 636 608 708 σύγκρισιν
671 638 835 692 αὑτοῦ
922 644 1162 709 φανερὰν
1243 642 1533 710 ἐποίησεν
1652 643 1748 711 οὐχ

159 724 321 797 ἦττον
352 730 463 797 γὰρ
495 732 593 798 τῆς
621 731 707 800 ἐφ’
738 733 871 800 ἡμῖν
902 732 1078 802 λύπης
1110 733 1141 803 ἢ
1177 732 1307 803 περὶ
1338 733 1435 802 τῆς
1470 733 1566 803 σῆς
1592 734 1752 804 δόξης

162 822 507 891 ἰφρόντεζον,
544 818 587 877 ὦ
621 821 862 892 βασιλεῦ,
896 824 1097 887 ἀδίκως
1127 824 1299 888 οὕτως
1324 826 1525 895 ἄνδρας
1550 826 1751 889 καλούς

162 929 220 964 τε
255 914 353 965 καὶ
390 914 635 980 ἀγαθοὺς
668 914 961 967 ἀποθανεῖν
1002 917 1413 985 ἐπιτρέψαντος,
1458 917 1516 981 ἐξ
1550 910 1625 971 ὧν
1655 919 1749 971 ού-

162 1007 252 1058 δὲν
300 1009 405 1077 μὲν
447 1010 796 1079 ἀνθρωπίνης
833 1012 1025 1080 σοφίας
1064 1012 1323 1081 ἐχόμενον
1356 1014 1583 1084 ᾔτησας,
1631 1015 1658 1067 ὃ
1693 1015 1749 1068 δὲ

161 1094 225 1168 ἦν
264 1099 436 1169 ἔργον
466 1102 630 1170 μόνου
666 1100 799 1153 Θεοῦ
834 1102 1142 1171 ἐπεζήτεις.
1178 1105 1265 1157 Σοὶ
1291 1106 1491 1166 τοίνυν,
1523 1098 1567 1157 ὧ
1600 1108 1749 1176 βασι-

160 1192 278 1255 λεῦ,
324 1194 674 1261 φροντίζοντι
734 1195 864 1265 περὶ
916 1194 1010 1248 τοῦ
1058 1197 1142 1258 τίς
1193 1197 1346 1264 ἄρξει
1396 1196 1490 1249 τοῦ
1541 1200 1745 1266 κόσμου

162 1285 368 1346 παντὸς
425 1285 564 1353 μετὰ
609 1284 700 1348 σὲ,
750 1284 1074 1353 βουλόμενος
1123 1286 1362 1355 δηλῶσαι
1410 1287 1560 1351 Θεὸς,
1616 1290 1748 1361 ὄναρ

162 1376 517 1429 ύποδεικνύει
549 1377 789 1430 rato-310v
810 1395 823 1407 ·
848 1378 1074 1443 Ἔδοξας
1104 1379 1236 1450 ὀρᾷν
1257 1380 1547 1449 ἀνδριάντα
1581 1382 1749 1451 μέγαν

163 1466 405 1531 ἑστῶτα,
440 1460 504 1519 οὗ
532 1466 629 1535 τὴν
668 1468 765 1536 μὲν
798 1468 1043 1544 κεφαλὴν
1089 1468 1400 1522 συνέϐαινεν
1443 1467 1583 1524 εἶναι
1616 1489 1749 1542 χρυ-

160 1560 284 1627 σήν,
324 1560 459 1621 τοὺς
500 1559 557 1612 δὲ
590 1559 777 1628 ὡμους
816 1561 908 1613 καὶ
948 1561 1074 1623 τοὺς
1123 1561 1414 1633 βραχίονας
1454 1563 1747 1633 ἀργυροῦς,

158 1651 267 1702 ἀπὸ
301 1650 511 1719 χαλκοῦ
541 1652 594 1703 δὲ
620 1654 717 1720 τὴν
742 1652 986 1721 γαστέρα
1009 1654 1103 1705 καὶ
1127 1653 1249 1715 τοὺς
1270 1656 1501 1725 μηροϋς,
1534 1657 1748 1726 κνήμας

160 1744 253 1796 καὶ
303 1744 475 1804 πόδας
528 1744 815 1813 σιδηροῦςο
860 1743 1052 1797 ἔπειτα
1098 1745 1246 1797 λίθον
1304 1742 1442 1809 εἶδες
1484 1748 1539 1813 ἐξ
1590 1748 1749 1817 ὅρους

158 1837 563 1906 ἀπορραγέντα
596 1836 859 1901 ἐμπεσεῖν
896 1852 954 1887 τε
1007 1835 1085 1904 τῷ
1117 1836 1394 1905 ἀνδριάντι
1438 1840 1531 1891 καὶ
1559 1840 1749 1891 τοῦτον

160 1924 549 1977 καταϐαλόντα
579 1924 869 1993 συντρίψαι
906 1925 1003 1979 ’καὶ
1038 1926 1202 1996 μηδὲν
1235 1928 1397 1981 αὑτοῦ
1431 1930 1595 1997 μέρος
1631 1930 1751 1980 d16-

161 2014 369 2081 κληρον
399 2014 643 2080 ἀφεῖναι,
675 2014 767 2066 τὸν
808 2015 863 2066 δὲ
906 2016 1106 2085 χρυσον
1133 2019 1226 2069 καὶ
1256 2017 1344 2071 τὸν
1368 2019 1610 2088 ἄργυρον
1654 2020 1750 2072 καὶ

159 2107 249 2157 τὶν
281 2106 493 2175 χαλκὸν
530 2109 624 2158 καὶ
659 2106 749 2159 τὸν
776 2106 998 2175 σίδηρον
1028 2108 1353 2179 λεπτότερον
1379 2112 1630 2178 γενέσθαι
1661 2114 1754 2165 καὶ

163 2199 371 2260 κὸνεως
399 2216 411 2226 ·
447 2198 542 2251 καὶ
574 2198 664 2251 τὸν
708 2200 807 2267 μὲν
854 2200 1060 2267 ἀνέμου
1116 2200 1452 2264 πνεύσαντος
1488 2206 1566 2264 είς
1614 2205 1753 2273 ἀέρα

160 2288 561 2358 διασπαρῆναι,
591 2290 683 2341 τὸν
708 2290 764 2341 δὲ
787 2291 933 2341 λίθον
964 2290 1197 2358 αὐξῆσαι
1231 2291 1485 2345 τοσοῦτον
1511 2294 1587 2355 ὠς
1616 2295 1751 2347 ἃπα-

162 2394 264 2430 σαν
296 2378 485 2431 δοκεῖν
509 2380 607 2447 τὴν
634 2378 736 2448 γῆν
774 2380 866 2432 ὑπ’
894 2380 1058 2434 αὑτοῦ
1092 2383 1509 2452 πεπληρῶσθαι.
1543 2385 1615 2437 Τὸ
1654 2387 1754 2455 μὲν

161 2470 319 2540 θναρ,
358 2472 502 2538 ὅπερ
527 2473 687 2533 αὐτὸς
721 2466 883 2536 εἶδες,
917 2472 1115 2526 τοιόνδε
1138 2489 1152 2503 ο
1186 2476 1215 2544 ή
1248 2476 1535 2545 σύγκρισις
1571 2476 1625 2530 δὲ
1659 2478 1755 2530 αύ-

164 2561 255 2614 τοῦ
286 2562 488 2616 τοῦτον
516 2565 627 2632 ἔχει
660 2563 750 2616 τὸν
782 2564 980 2636 τρόπον
1002 2582 1016 2596 ·
1045 2568 1077 2636 ή
1108 2566 1208 2635 μὲν
1235 2568 1413 2637 χρυσῆ
1448 2570 1661 2640 κεφαλὴ
1695 2569 1755 2623 σέ

160 2672 219 2707 τε
256 2656 456 2725 ἐδήλου
491 2658 585 2708 καὶ
616 2658 744 2720 τοὺς
784 2656 892 2727 πρὸ
924 2658 1015 2711 σού
1066 2659 1322 2728 βασιλέας
1382 2662 1754 2725 Βαϐυλωνίους

162 2750 217 2799 αξ
252 2747 351 2800 δύο
383 2748 441 2799 δὲ
472 2750 652 2817 χεῖρες
683 2749 774 2802 καὶ
794 2752 843 2802 οἱ
865 2743 1007 2819 ὦμοι
1031 2752 1135 2804 ὑπὸ
1164 2752 1257 2806 δύο
1283 2754 1756 2824 καταλυθήσεσθαι

165 2840 444 2907 βασιλέων
497 2840 595 2911 τὴν
642 2843 947 2913 ἡγεμονίαν
993 2843 1170 2915 ὑμῶν,
1218 2846 1434 2915 Πέρσας
1481 2844 1620 2903 εἶναι
1661 2850 1756 2902 καὶ

164 2934 390 3001 Μήδους
424 2933 648 2996 τούτους
704 2936 879 3006 φημίυ
929 2935 1029 3006 τὴν
1088 2935 1145 2988 δὲ
1189 2936 1416 2991 ἐκείνων
1446 2939 1632 3008 ἕτερός
1674 2956 1756 3003 τις

164 3024 272 3075 ἀπὸ
325 3025 431 3090 τῆς
477 3026 683 3088 δύσεως
748 3025 1072 3098 καθαιρήσει
1102 3028 1304 3098 χαλκὸν
1350 3031 1752 3101 ἠμφιεσμένος.

177 3115 540 3185 Ἀλέξανδρος
590 3113 743 3181 οὗτος
786 3122 815 3171 ὁ
865 3120 1174 3176 Μακεδών’
1223 3122 1318 3176 καὶ⁸
1365 3122 1571 3193 ταύτην
1618 3122 1753 3196 ἄλλη

1855 643 2131 699 sitionem.
2171 643 2292 697 Non
2341 642 2607 697 minorem
2636 641 2783 697 enim
2805 643 2977 699 nostri
3010 644 3238 710 doloris,
3265 659 3433 714 quam

1856 745 1962 791 tua:
1986 735 2171 805 gloria:
2217 751 2406 791 curam
2449 735 2728 806 gerebam,
2762 751 2795 790 ο
2820 750 2935 801 rex,
2965 737 3057 804 qui
3110 736 3256 791 viros
3316 746 3427 789 tam

1856 828 2033 882 honos
2064 840 2120 882 et
2151 838 2259 882 tam
2301 830 2581 893 honestos,
2617 829 2803 897 inique
2836 829 2973 882 mori
3003 830 3267 899 jusseras,
3301 843 3431 882 cum

1855 920 1991 974 nihil
2026 920 2302 989 petiisses,
2332 920 2481 989 quod
2521 930 2669 975 esset
2700 921 2953 975 humana:
2983 922 3304 987 sapientiae:
3338 920 3435 974 sed

1857 1015 1960 1068 hoc
2006 1013 2075 1067 ab
2106 1013 2190 1068 eis
2227 1012 2525 1083 exegisses,
2558 1012 2705 1081 quod
2746 1022 2867 1067 erat
2909 1013 3077 1066 solius
3138 1012 3231 1064 Dei
3268 1027 3432 1079 opus.

1855 1106 2191 1177 Tibiergo,o
2220 1121 2333 1169 rex,
2360 1104 2643 1174 cogitanti.
2675 1106 2799 1173 quis
2829 1113 2951 1173 post
2981 1113 3031 1158 te
3063 1113 3208 1157 esset
3230 1102 3435 1157 munde

1854 1200 2250 1267 imperaturus.
2286 1197 2474 1250 volens
2504 1195 2646 1249 Deus
2682 1194 3010 1263 significare.
3052 1195 3159 1247 tale
3194 1193 3437 1247 ostendit

1852 1290 2150 1345 somnium.
2184 1288 2349 1341 Visus
2393 1302 2456 1344 es
2498 1286 2597 1340 tibi
2658 1285 2846 1339 videre
2894 1299 3144 1354 magnam
3194 1286 3431 1336 statuam

1852 1391 2117 1444 stantem,
2142 1379 2299 1448 cujus
2326 1386 2492 1446 caput
2519 1377 2743 1446 quidem
2763 1376 2992 1445 contigit
3017 1380 3139 1429 esse
3163 1388 3430 1426 aureum:

1855 1474 2117 1531 humeros
2144 1481 2325 1525 autem
2356 1480 2410 1524 et
2437 1470 2686 1530 brachia,
2715 1478 2974 1538 argentea
3007 1485 3019 1521 :
3058 1482 3120 1521 ex
3146 1482 3253 1520 aere
3275 1480 3431 1527 vero,

1854 1573 2102 1618 ventrem
2130 1572 2184 1617 et
2214 1560 2445 1625 femora,
2467 1560 2625 1615 tibias
2648 1570 2703 1613 et
2740 1561 2906 1625 pedes
2964 1558 3194 1613 ferreos.
3227 1555 3435 1611 Deinde

1854 1657 2090 1725 lapidem
2118 1655 2302 1709 vidisti
2329 1655 2627 1723 abruptum
2660 1668 2688 1706 a
2716 1661 2924 1717 monte,
2964 1651 3209 1706 incidere
3241 1650 3291 1702 in
3318 1659 3434 1702 sta-

1858 1758 2005 1802 tuam
2047 1769 2059 1803 :
2100 1757 2157 1802 et
2204 1762 2326 1801 eam
2373 1744 2845 1815 comprehendere
2903 1758 2967 1797 ac
3029 1751 3336 1805 conterere,
3378 1750 3435 1795 et

1859 1841 2062 1894 nullam
2095 1840 2215 1907 ejus
2262 1846 2474 1906 partem
2521 1839 2831 1905 relinquere
2876 1836 3196 1904 integram:
3233 1848 3431 1885 aurum

1857 1942 2040 1985 autem
2099 1939 2153 1983 et
2211 1938 2496 2000 argentum
2527 1938 2583 1983 et
2620 1942 2693 1981 aes
2738 1936 2795 1981 et
2836 1926 3045 1980 ferrum
3090 1924 3175 1977 vel
3204 1924 3433 1991 pulvere

1859 2022 1976 2075 fieri
2008 2022 2268 2076 subtilius
2312 2040 2324 2074 :
2362 2030 2417 2073 et
2455 2030 2689 2075 statuam
2738 2017 2962 2088 quidem
2995 2026 3163 2071 vento
3192 2016 3436 2083 spirante

1859 2116 2165 2183 dispersam
2218 2113 2389 2168 fuisse
2444 2113 2499 2167 in
2541 2127 2768 2167 aerem:
2826 2110 3061 2179 lapidem
3111 2125 3244 2162 vero
3295 2108 3436 2161 adeo

1858 2208 2119 2270 crevisse,
2149 2214 2207 2259 ut
2240 2206 2522 2262 videretur
2554 2204 2808 2257 universa
2841 2212 2985 2254 terra
3044 2201 3110 2253 ab
3149 2214 3216 2254 eo
3264 2200 3436 2253 fuisse

1860 2302 2087 2370 repleta.
2114 2300 2291 2366 Atque
2318 2312 2593 2352 somnium
2625 2296 2869 2365 quidem,
2900 2294 3045 2363 quod
3081 2295 3193 2363 ipse
3222 2292 3435 2355 vidisti,

1858 2392 1962 2445 fuit
1988 2392 2113 2446 tale.
2135 2391 2266 2462 Ejus
2284 2399 2467 2444 autem
2490 2391 2806 2459 conjectura
2828 2388 2932 2442 hoc
2957 2386 3117 2441 modo
3148 2400 3205 2441 se
3230 2384 3394 2438 habet
3418 2400 3433 2437 :

1858 2486 2103 2537 Aureum
2145 2483 2366 2552 quidem
2408 2490 2595 2551 caput,
2628 2491 2679 2535 te
2710 2479 3072 2550 significabat,
3102 2488 3156 2531 et
3180 2477 3271 2546 qui
3309 2484 3438 2529 ante

1861 2583 1911 2627 te
1944 2572 2192 2635 fuerunt,
2223 2587 2381 2641 reges
2432 2572 2781 2641 Babylonios.
2810 2572 2938 2623 Duae
2990 2586 3121 2623 vero
3156 2582 3351 2621 manus
3378 2575 3437 2620 et

1859 2666 2097 2729 humeri,
2116 2681 2146 2719 a
2163 2664 2376 2718 duobus
2395 2664 2618 2733 regibus
2632 2661 3039 2717 dissolvendum
3054 2674 3174 2715 esse
3193 2667 3438 2713 vestrum

1859 2758 2248 2828 principatum,
2282 2771 2312 2808 a
2354 2756 2559 2819 Persis,
2598 2756 2842 2823 inquam,
2873 2763 2929 2808 et
2958 2752 3149 2806 Medis.
3204 2751 3436 2805 Illorum

1859 2859 2041 2903 autem
2074 2848 2446 2917 principatum
2476 2847 2728 2901 destruet
2765 2845 2987 2913 quidam
3023 2845 3164 2897 alius
3192 2859 3258 2896 ex
3287 2840 3437 2895 occi-

1858 2941 2044 3001 dente,
2066 2954 2173 2994 rere
2201 2939 2447 2993 indutus.
2476 2937 2528 2993 ιε
2549 2948 2631 2993 est
2655 2935 2964 2992 Alexander
2982 2934 3204 2990 Macedo
3229 2942 3285 2986 et
3309 2948 3438 2987 eum

1858 3031 2021 3086 faciet
2050 3031 2190 3085 alius
2216 3045 2453 3093 cessare,
2481 3031 2697 3085 viribus
2722 3030 2869 3085 ferro
2895 3029 3111 3083 similis.
3143 3018 3442 3096 Superahit

1859 3134 2043 3180 autem
2078 3125 2301 3179 omnino
2334 3136 2562 3194 prepter
2594 3123 2725 3177 ferri
2755 3132 3009 3175 naturam
3041 3140 3055 3186 ;
3091 3131 3175 3174 est
3206 3120 3354 3173 enim
3395 3118 3441 3171 is

168 3210 397 3269 παύσει,
435 3209 537 3279 τὴν
577 3210 731 3278 ίσχὺν
759 3212 923 3280 ὁμοία
968 3213 1046 3282 τῷ
1077 3213 1284 3284 σιδήρῳ
1307 3232 1320 3245 ·
1364 3216 1459 3269 καὶ
1495 3218 1753 3288 κρατήσει

1864 3217 2061 3273 fortior
2094 3232 2249 3283 auro,
2282 3225 2512 3286 argento
2544 3225 2600 3270 et
2628 3230 2733 3270 aere
2766 3233 2779 3268 :
2809 3205 2904 3268 est
2921 3228 3053 3267 vero
3087 3210 3140 3265 id
3176 3210 3441 3281 potentis-

167 3304 264 3372 μὲι
298 3290 384 3365 είς
424 3303 574 3356 ἆπαν
608 3302 694 3357 διὰ
719 3303 816 3375 τὴν
845 3302 941 3357 τοῦ
981 3304 1200 3375 σιδήρου
1232 3304 1396 3373 φύσιν
1419 3320 1432 3335 ·
1466 3302 1606 3358 εἶναι
1639 3308 1749 3378 γὰρ

164 3393 338 3464 αὐτὴν
364 3393 735 3465 στερροτέραν
767 3395 868 3465 τῆς
903 3392 997 3448 τοῦ
1035 3395 1236 3465 χρυσοῦ
1264 3395 1356 3449 καὶ
1386 3394 1481 3447 τοῦ
1508 3394 1754 3465 ἀργύρου

164 3488 257 3538 καὶ
289 3486 387 3539 τοῦ
414 3486 708 3555 χαλκοῦ·ή
740 3487 848 3539 τῶν
891 3487 1176 3556 Ῥωμαίων
1210 3487 1349 3558 αὕτη
1386 3486 1756 3555 μεγαλοδύνα-

164 3595 264 3648 μος
304 3579 584 3646 βασιλεία.
622 3578 889 3650 Ἐδήλωσε
918 3581 976 3633 δὲ
1010 3580 1158 3651 αὐτῷ
1185 3581 1280 3635 καὶ
1310 3582 1440 3651 περὶ
1472 3581 1568 3635 τοῦ
1604 3581 1753 3635 λίθου

163 3670 218 3721 λέ
234 3687 342 3736 γων
368 3686 380 3699 ’
412 3670 501 3720 ὅτι
536 3669 595 3721 '0
629 3668 773 3731 λίθος
814 3670 842 3721 ὁ
870 3670 1104 3736 τμηθεὶς
1134 3670 1263 3723 ἄνευ
1298 3671 1522 3740 χειρῶν,
1556 3673 1583 3722 ὁ
1612 3673 1752 3740 Χρι-

1859 3310 2060 3362 simum
2104 3308 2474 3361 Romanorum
2534 3307 2847 3376 imperium.
2879 3304 3217 3375 Significavit
3254 3312 3440 3356 autem

1864 3402 1914 3453 ei
1938 3406 2105 3455 etiam
2142 3400 2211 3453 de
2256 3398 2460 3469 lapide,
2495 3398 2726 3453 dicens:
2752 3398 2917 3466 Lapis
2966 3398 3058 3466 qui
3088 3396 3192 3449 fuit
3235 3396 3443 3448 scissus

1864 3493 1983 3547 sine
2034 3492 2306 3555 manibus,
2334 3502 2419 3547 est
2454 3490 2734 3545 Christus.
2773 3489 2913 3545 Illud
2942 3504 3098 3545 vero.
3158 3487 3288 3541 Sine
3324 3501 3444 3537 rna-

1866 3585 2051 3647 nibus,
2075 3583 2326 3654 praedixit
2354 3597 2481 3637 eum
2512 3585 2633 3637 sine
2672 3583 2821 3637 coitu
2862 3596 2982 3635 esse
3013 3578 3351 3633 nasciturum
3376 3589 3443 3629 ex

1866 3686 2023 3729 utero
2049 3691 2076 3728 a
2107 3677 2228 3728 labe
2258 3676 2459 3729 alieno.

166 3765 289 3827 στάς
323 3766 486 3817 ἐστι·
555 3762 613 3815 τὸ
688 3762 747 3817 δὲ
788 3762 990 3835 χειρῶν
1028 3762 1157 3817 ἄνευ
1206 3764 1267 3818 τὸ
1315 3762 1485 3836 χωρὶς
1539 3765 1829 3831 συνουσίας
1871 3771 1934 3821 ἑκ
1982 3771 2083 3839 τῆς
2125 3768 2359 3839 ἀμώμου
2403 3768 2669 3839 τεχθῆναι
2714 3766 2952 3835 γαστρὸς
2996 3761 3157 3816 αὑτὸν
3196 3758 3442 3832 προειιδεή⁴

160 3874 383 3913 τευσεν.

234 3953 330 4017 ς’.
380 3952 441 4001 '0
472 3949 528 4001 δὲ
554 3949 807 4017 βασιλεὺς
822 3949 1297 4022 Ναϐουχοδονόσορ
1315 3953 1567 4024 ἀκηκοὼς
1586 3955 1760 4007 ταῦτα

161 4044 256 4095 καὶ
292 4040 446 4093 τοῦτ’
471 4040 607 4092 αὐτὸ
637 4034 775 4091 εἶναι
806 4043 867 4090 τὸ
895 4041 1059 4107 φανὲν
1087 4040 1220 4108 ὗναρ
1251 4044 1453 4103 συνεὶς,
1480 4042 1755 4111 ἐξεπλάγη

164 4136 253 4187 τὸν
276 4131 494 4202 Δανιὴλ
516 4129 611 4183 τοῦ
642 4131 930 4199 μεγαλείου
959 4130 1061 4200 τῆς
1088 4132 1325 4201 φύσεως,
1354 4136 1447 4186 καὶ
1476 4137 1763 4205 παραχρῇ-

165 4245 244 4297 μα
281 4226 471 4296 μικρὰ
494 4224 677 4278 πάντα
704 4226 797 4277 καὶ
833 4222 1114 4294 βασιλείαν
1141 4226 1314 4294 αὐτὴν
1346 4228 1438 4280 καὶ
1469 4227 1633 4295 ὄγκον
1660 4229 1759 4297 τῆς

163 4320 341 4390 ἀρχῆς
368 4317 627 4386 θέμενος,
654 4316 747 4369 τοῦ
773 4314 965 4385 θρόνου
1000 4331 1058 4367 τε
1101 4314 1450 4379 ἐξανίσταται
1501 4318 1594 4367 καὶ
1643 4321 1755 4369 ίσο-

164 4411 312 4471 θέσις
347 4411 567 4462 ἐκεῖνον
597 4407 761 4473 ὲτίμα
783 4409 1004 4475 τιμαίς⁶
1034 4406 1114 4459 ἔτι
1143 4406 1199 4459 δὲ
1234 4405 1329 4459 καὶ
1360 4405 1458 4476 τήν
1484 4421 1762 4475 προσηγο-

168 4506 290 4573 ρίαν
318 4498 500 4556 αὑτοῦ
551 4496 647 4549 τοῦ
683 4497 812 4550 ίδίου
854 4497 995 4550 Θεοῦ
1039 4498 1285 4569 θέμενος,
1334 4499 1551 4568 ἁπάσης
1595 4499 1758 4552 αὑτὸν

1934 3952 2019 4005 Vl.
2051 3950 2567 4005 Nabuchodonosor
2597 3960 2783 4003 autem
2812 3963 2935 4001 cum
2964 3947 3079 3999 haec
3118 3943 3442 4007 audivisset,

1862 4056 1916 4102 et
1938 4046 2042 4101 hoc
2072 4062 2191 4101 esse
2218 4044 2363 4116 quod
2385 4045 2435 4098 ei
2463 4053 2817 4115 apparuerat,
2841 4029 3114 4095 somnium
3142 4036 3444 4091 intellexiso

1834 4150 1964 4205 set,
2015 4141 2226 4207 stupuit
2280 4138 2524 4193 Danielis
2584 4137 2787 4207 ingenii
2856 4131 3334 4205 magnitudinem:
3387 4137 3445 4182 et

1858 4229 2113 4302 protinus
2140 4243 2306 4296 parva
2330 4228 2541 4289 omnia,
2564 4234 2619 4277 ct
2660 4226 2839 4293 ipsum
2869 4236 3116 4291 regnum,
3145 4229 3202 4272 et
3228 4217 3443 4286 imperii

1864 4321 2298 4392 magnitudinem
2319 4332 2442 4373 esse
2474 4318 2707 4380 ducens,
2739 4315 2970 4385 surgite
3001 4314 3221 4375 throno,
3256 4320 3311 4364 et
3332 4310 3444 4363 Deo

1868 4415 2093 4488 paribus
2130 4413 2281 4467 illum
2318 4411 2483 4466 afficit
2519 4408 2848 4463 honoribus.
2915 4408 3189 4461 Praeterea
3229 4419 3362 4457 vero
3390 4402 3442 4457 ei

1867 4504 2212 4575 quoque,sui
2244 4503 2329 4555 dei
2374 4502 2629 4569 imposita
2657 4498 3050 4568 appellatione,
3086 4510 3212 4549 eum
3273 4494 3443 4546 totius

165 4598 475 4663 ἐπίτροπον
499 4588 598 4659 τῆς
634 4586 915 4659 βασιλείας
948 4589 1203 4657 εποίησεν
1225 4604 1237 4618 ·
1271 4590 1331 4641 οὐ
1368 4591 1475 4657 μὴν
1506 4591 1641 4642 ἀλλὰ
1663 4591 1753 4644 καὶ

1866 4601 2019 4670 regni
2036 4614 2157 4653 esse
2181 4595 2366 4650 effecit
2392 4602 2726 4647 curatorem.
2747 4591 2890 4657 Quin
2918 4590 3087 4646 etiam
3110 4591 3228 4658 ejus
3244 4601 3443 4652 cogna-

163 4692 290 4753 τοὺς
326 4685 628 4754 συγγενεῖς
665 4681 816 4753 αὐτῷ
860 4682 957 4736 καὶ
1008 4681 1110 4751 τὴν
1153 4682 1356 4752 ἀρετὴν
1394 4683 1757 4751 ὁμοτρόπους,

168 4783 288 4845 τοὺς
348 4780 490 4850 περὶ
547 4776 808 4847 Ἀζαρίαν
857 4776 1021 4845 φημὶ,
1078 4776 1344 4845 ἄρχοντας
1406 4774 1760 4829 ἀναδείκνυσι

168 4874 527 4936 Βαϐυλῶνος,
550 4868 648 4931 οὓς
684 4868 800 4938 μετ’
832 4868 1013 4935 ὀλίγον
1046 4869 1153 4921 ὑπὸ
1190 4868 1387 4936 φθόνου
1431 4868 1525 4921 καὶ
1552 4868 1761 4938 βασκα-

165 4967 282 5025 νίας
318 4966 407 5022 ei;
446 4960 695 5011 κίνδυνον
722 4959 985 5026 ἐμπεσεῖν
1016 4956 1320 5029 συνέϐη,τῷ
1351 4955 1561 5027 βασιλεί
1594 4973 1762 5025 προσ-

165 5052 525 5126 κρούσαντας
563 5047 623 5115 ἐξ
656 5049 835 5112 αἰτίας
868 5046 1129 5127 τοιαύτης
1157 5065 1171 5080 ·
1212 5054 1239 5102 ο
1269 5045 1611 5109 Βαόυλώνιος
1663 5049 1758 5116 βα-

166 5150 355 5213 σιλεὺς
386 5147 604 5208 ἐκεῖνος
633 5147 755 5208 ταῖς
782 5148 923 5199 κατά
944 5146 1036 5197 τὸν
1062 5145 1177 5215 βίον
1207 5145 1490 5214 εὐθηνίαις
1513 5145 1593 5207 είς
1622 5144 1759 5195 ὰπόο

164 5262 317 5297 νοιαν
350 5237 649 5309 ὶπαρθεὶς,
673 5236 751 5289 [rt
789 5237 845 5289 δὲ
879 5239 974 5291 καὶ
1003 5238 1078 5308 τῷ
1104 5225 1372 5308 ἀμυθήτῳ
1411 5237 1624 5303 πλούτῳ
1666 5236 1760 5297 καὶ

165 5338 239 5407 τῷ
263 5332 476 5405 πλήθει
501 5332 613 5384 τῶν
650 5330 1035 5397 ὑποταγέντων
1067 5331 1237 5383 ἐθνῶν
1272 5331 1363 5382 ἐπὶ
1396 5330 1538 5397 μέγα
1570 5346 1628 5381 τε
1657 5346 1759 5397 φυ·

164 5425 360 5495 σηθεὶς
417 5420 518 5475 καὶ
571 5419 771 5489 μικροῦ
818 5420 911 5473 καὶ
953 5419 1085 5483 Θεὸς
1136 5416 1277 5474 εῐναι
1325 5420 1411 5472 διὰ
1446 5421 1759 5489 κουφότητα

165 5513 537 5586 φαντασθεὶς,
573 5514 859 5583 μονονουχὶ
887 5514 982 5565 καὶ
1012 5514 1167 5577 θεοὺς
1200 5514 1460 5567 πλάττειν
1508 5512 1757 5583 αύθήμερ

166 5626 257 5676 ρον
311 5606 463 5678 ᾤετο
504 5602 601 5657 καὶ
652 5604 721 5654 τὰ
770 5606 949 5657 οἰκεῖα
1001 5605 1112 5658 τῶν
1159 5605 1323 5658 αὐτοῦ
1376 5604 1581 5676 χειρῶν
1620 5605 1757 5675 ἔργα

165 5703 319 5763 θεοὺς
350 5695 646 5760 ἀποδεῖξαι
669 5695 777 5747 δεῖν
799 5694 1059 5749 ἔσπευδεν
1081 5713 1093 5727 ο
1118 5697 1371 5749 ἐντεῦθεν
1398 5699 1491 5750 καὶ
1521 5698 1756 5765 χρυσοῦν

164 5793 476 5862 ανδριὰντα
514 5787 959 5850 κατασκευάσας,
996 5791 1187 5860 πηχῶν
1222 5790 1283 5843 τὸ
1331 5790 1432 5858 μὲν
1467 5788 1597 5855 bdo;
1636 5789 1755 5859 ἐξή-

164 5897 355 5949 κοντα,
392 5879 455 5933 τὸ
500 5876 704 5941 πλάτος
739 5878 793 5931 δὲ
824 5876 899 5943 ΞΕ,
942 5880 1134 5949 ἔστησε
1170 5880 1355 5935 τοῦτον
1389 5882 1445 5935 ὲν
1478 5879 1628 5949 μέσῳ
1660 5880 1752 5933 τοῦ

1868 4698 1973 4748 tos.
1992 4690 2081 4756 qui
2109 4694 2267 4740 erant
2299 4685 2349 4739 ei
2382 4687 2583 4739 virtute
2605 4698 2788 4751 pares,
2813 4683 3089 4740 Azariam,
3111 4681 3357 4747 inquam,
3383 4687 3439 4731 et

1863 4790 2115 4843 cazteros,
2157 4787 2307 4831 creat
2354 4774 2634 4845 principes
2692 4773 3031 4845 Babylonis:
3079 4786 3220 4842 quos
3270 4770 3436 4839 paulo

1864 4882 1989 4944 post
2009 4872 2236 4941 contigit
2256 4882 2478 4940 propter
2496 4868 2753 4923 invidiam
2774 4869 3017 4922 incidere
3036 4871 3089 4921 in
3109 4865 3437 4937 periculum,

1864 4978 1988 5017 cum
2022 4978 2201 5029 regem
2231 4960 2589 5014 offendissent
2622 4960 2724 5010 hac
2754 4958 2822 5011 de
2845 4973 3009 5012 causa
3043 4974 3054 5008 :
3089 4972 3183 5009 rex
3216 4955 3303 5007 ille
3336 4954 3437 5006 Da—

1864 5054 2099 5126 bylonis,
2131 5053 2275 5106 felici
2312 5066 2491 5105 rerum
2532 5065 2814 5112 successu,
2840 5060 2895 5101 et
2928 5047 3156 5100 infinitis
3205 5044 3435 5111 divitiis,

1863 5155 1917 5199 et
1950 5142 2299 5198 multitudine
2334 5158 2521 5196 earum
2568 5154 2705 5210 quas
2771 5138 3129 5209 subjunxerat
3167 5137 3436 5207 gentium,

1866 5238 1919 5290 in
1943 5236 2257 5305 superbiam
2289 5235 2466 5289 elatus
2497 5240 2551 5286 et
2578 5230 2734 5285 valde
2792 5230 3031 5289 inﬂatus.
3063 5242 3116 5281 et
3145 5242 3435 5297 propemo-

1862 5327 1991 5381 dum
2024 5336 2246 5395 proptcr
2269 5325 2547 5379 levitatem
2572 5340 2629 5377 se
2655 5324 2818 5377 deum
2843 5335 2965 5375 esse
2994 5320 3205 5374 visione
3233 5334 3437 5388 appre-

1862 5417 2543 5488 hendens,propetnodutn
2572 5432 2629 5471 se
2656 5417 2739 5469 vel
2760 5415 2893 5470 deos
2922 5430 2990 5467 eo
3017 5414 3134 5481 ipso
3160 5415 3247 5467 die
3279 5422 3434 5482 puta-

1862 5513 1951 5568 bat
1976 5525 2133 5579 posse
2170 5510 2394 5579 fingere,
2424 5519 2481 5564 et
2526 5525 2749 5563 suarum
2792 5522 3052 5561 manuum
3086 5490 3251 5575 opera
3298 5504 3434 5558 deos

1860 5604 2228 5659 contendebat
2260 5602 2494 5657 efﬁcere.
2538 5601 2677 5656 Hinc
2710 5601 2910 5655 factum
2942 5611 3045 5663 est,
3081 5612 3139 5656 ut
3166 5614 3289 5653 cum
3329 5613 3430 5652 au-

1861 5710 2008 5749 ream
2076 5697 2473 5750 construxisset
2546 5702 2803 5757 statuam,
2862 5691 3143 5762 sexaginta
3203 5689 3429 5759 quidem

1860 5788 2174 5841 cubitorum
2232 5787 2541 5852 altitudinc,
2578 5801 2671 5841 sex
2731 5797 2913 5841 autem
2952 5785 3259 5849 latitudine,
3309 5798 3429 5838 eam

1859 5880 2109 5936 statuerit
2143 5881 2200 5936 in
2229 5879 2411 5936 medio
2456 5895 2647 5952 campo
2705 5878 3017 5949 Babylonis,
3071 5879 3164 5947 qui
3200 5885 3428 5932 vocatur
