4180 6478
741 417 847 478 379

2045 413 2330 476 MENSlS
2370 413 2663 476 IULIUS.

3887 416 3996 477 380

742 529 933 582 Deera.
966 525 1028 579 Et
1056 542 1178 579 cum
1232 538 1374 581 esset
1406 543 1526 581 eam
1583 539 2024 589 consecraturus,
2070 543 2136 580 ex
2194 536 2305 579 tota

2423 525 2598 578 πεδίου
2643 524 2960 588 Βαϐυλῶνος
3013 525 3196 596 Δεηρὰ
3249 526 3581 596 καλουμένου
3634 529 3730 581 καὶ
3778 527 3997 596 μέλλων

745 627 909 682 terra,
941 617 1023 670 cui
1053 615 1376 685 imperabat,
1411 617 1736 672 convocavit
1775 617 1982 686 primos
2039 626 2308 684 satrapas.

742 709 974 763 Dederat
1007 723 1141 761 vero
1191 710 1272 761 eis
1321 725 1538 778 quoque
1566 709 1804 778 signum,
1839 719 1896 762 ut
1931 725 2037 761 non
2092 718 2197 762 tam
2231 717 2311 761 te-

742 817 916 861 mere,
948 816 1048 854 nec
1091 800 1296 869 absque
1342 800 1519 869 aliqua
1562 802 1772 854 ratione
1810 803 1858 854 ei
1901 800 2166 854 honorem
2211 801 2309 852 tri-

741 893 1023 946 buerent:
1069 891 1163 945 sed
1231 901 1490 960 tanquam
1554 891 1709 960 signo
1779 891 1910 944 dato
1966 891 2309 950 accedentes,

740 997 864 1037 cum
906 997 1102 1051 magno
1134 990 1280 1034 metu
1315 981 1630 1034 adorarent.
1668 980 1791 1034 Fuit
1833 989 2015 1034 autem
2072 979 2175 1030 tale
2228 980 2305 1031 si-

740 1091 903 1144 gnum
940 1093 951 1124 :
987 1074 1235 1138 Quando,
1272 1073 1468 1141 inquit,
1505 1074 1777 1125 audierint
1807 1073 2015 1134 tubam,
2052 1070 2154 1124 hoc
2202 1086 2315 1124 ma-

741 1184 844 1240 gna
883 1183 1012 1220 voce
1041 1167 1455 1235 significantem,
1486 1175 1614 1219 tunc
1645 1175 1882 1233 Oportet,
1930 1165 2129 1232 inquit,
2189 1177 2314 1232 pro-

742 1259 983 1312 cidentes
1017 1259 1245 1310 adorare
1282 1268 1514 1310 statuam
1552 1276 1563 1308 :
1599 1274 1694 1311 eos
1718 1273 1871 1318 vero,
1915 1259 2007 1325 qui
2061 1256 2163 1312 hoc
2205 1271 2311 1307 non

743 1351 988 1414 fecerint,
1017 1352 1278 1403 continuo
1318 1351 1465 1418 injici
1495 1351 1547 1402 in
1573 1349 1850 1403 fornacem
1880 1349 2017 1418 ignis
2045 1347 2311 1400 ardentis.

743 1440 811 1495 Ut
845 1441 991 1492 enim
1027 1449 1172 1492 esset
1205 1442 1255 1492 ei
1315 1441 1489 1510 majus
1525 1450 1579 1492 et
1631 1439 1834 1492 clarius
1885 1447 2160 1490 certamen
2214 1451 2315 1506 pro

741 1531 1123 1600 statua,jubet
1186 1530 1465 1584 fornacem
1529 1548 1597 1586 ex
1655 1530 1927 1584 diametro
1998 1529 2312 1593 distantem,

741 1626 880 1692 pice,
905 1624 1219 1680 sarmentis.
1240 1624 1476 1692 naphtha
1505 1633 1558 1676 et
1579 1634 1772 1691 stuppa
1795 1623 2018 1677 accendi
2044 1639 2070 1674 e
2093 1623 2315 1691 regione

741 1725 933 1768 statua:
963 1733 975 1769 :
1007 1726 1065 1768 ut
1096 1717 1138 1770 si
1176 1718 1298 1784 quis
1339 1717 1761 1768 convinceretur
1814 1714 1990 1781 jnssui
2029 1715 2171 1784 regis
2207 1729 2314 1766 non

743 1807 1063 1870 assentiens,
1091 1807 1144 1860 in
1176 1806 1453 1861 fornacem
1497 1807 1678 1860 statim
1710 1806 2101 1876 conjiceretur.

815 2082 927 2139 Vll.
953 2084 1088 2138 Cum
1126 2100 1317 2138 omnes
1346 2099 1497 2151 ergo,
1528 2093 1582 2135 ut
1606 2082 1740 2152 jnssi
1776 2080 2011 2141 fuerant,
2036 2077 2147 2146 jam
2174 2092 2320 2131 reso-

746 2186 909 2229 nante
941 2178 1092 2237 tuba,
1133 2176 1427 2229 adorarent
1455 2184 1710 2232 statuam,
1745 2171 1795 2224 hi
1819 2181 1927 2225 tres
1957 2171 2056 2224 soli
2099 2185 2319 2223 recusa-

749 2277 876 2320 runt
904 2267 1005 2320 hoc
1034 2266 1236 2328 facere,
1275 2274 1331 2316 ut
1387 2280 1539 2319 sacra
1576 2263 1775 2316 docent
1815 2261 2042 2330 Eloquia
2077 2277 2089 2312 :
2129 2270 2188 2312 ut
2225 2259 2319 2326 qui

747 2360 953 2428 patrias
1008 2358 1150 2429 leges
1209 2357 1514 2427 transgredi
1581 2356 1805 2408 minimc
1865 2354 2230 2414 sustinerent,
2260 2355 2318 2401 et

748 2449 918 2504 Deum
943 2448 1212 2500 dedecore
1240 2447 1477 2506 allii-ere,
1501 2455 1556 2498 et
1587 2445 1881 2497 simulacro
1921 2440 2121 2494 offerre
2181 2438 2319 2492 ado-

751 2537 1036 2590 rationem.
1069 2535 1205 2589 llinc
1239 2535 1438 2588 factum
1463 2543 1547 2588 est
1603 2543 1661 2586 ut
1685 2532 1826 2602 apud
1864 2531 2112 2599 iniquum
2139 2543 2321 2598 regem

748 2636 1156 2684 accusarentur.
1190 2627 1530 2682 Accedentes
1556 2636 1760 2686 autem,
1817 2627 1910 2696 qui
1958 2640 2054 2680 eos
2090 2639 2320 2679 accusa-

748 2721 882 2775 bant
919 2739 931 2772 :
967 2722 1102 2784 ltex,
1142 2721 1420 2783 dixerunt,
1455 2719 1512 2777 ii.
1566 2718 1772 2788 quibus
1807 2735 1835 2771 a
1871 2728 1921 2772 te
1977 2719 2164 2772 datum
2236 2727 2323 2772 est

751 2813 1043 2882 imperium
1088 2813 1349 2882 regionis,
1393 2811 1647 2876 Sidrach,
1702 2813 1946 2880 inquam,
1984 2811 2095 2871 hic,
2136 2811 2322 2870 Misac.

749 2917 803 2960 et
833 2905 1148 2976 Abdenago,
1177 2921 1355 2976 neque
1380 2906 1605 2958 omnino
1631 2904 1908 2958 sustinent
1933 2902 2162 2957 adorare
2187 2903 2323 2956 ima-

750 2998 953 3065 ginem,
988 3012 1164 3065 neque
1216 2997 1322 3050 tuis
1353 2995 1520 3066 jussis
1552 2995 1840 3050 obediunt.
1893 2994 2017 3048 llzec
2073 3011 2195 3049 cum
2246 2995 2321 3050 illi

752 3081 1039 3153 dixissent,
1071 3089 1105 3142 ii
1133 3089 1316 3142 statim
1348 3089 1600 3157 producti
1636 3098 1763 3142 sunt
1791 3098 1917 3141 ante
1951 3086 2187 3141 tribunal
2237 3101 2322 3139 re-

2416 615 2705 685 καθιεροῦν
2757 617 2952 681 αὐτὸνι
2983 618 3341 670 συνεκάλεσεν
3387 619 3444 684 ἐξ
3480 620 3698 688 ἀπάσης
3741 615 3812 687 ἧς
3849 614 3995 688 ἦρχε

2417 709 2519 777 γῆς
2563 709 2690 770 τοὺς
2733 709 2983 776 πρώτους
3020 711 3128 762 τῶν
3170 710 3488 778 σατραπῶν,
3518 710 3741 762 δεδώκει
3783 710 3841 763 δὲ
3897 712 3996 762 καὶ

2419 801 2646 867 σημεῖον
2677 801 2882 863 αὐτοῖς,
2909 801 2994 852 ῖνα
3025 802 3098 871 μὴ
3129 801 3314 864 ἁπλῶς
3347 800 3490 853 οὕτω
3517 800 3638 868 μηδ’
3667 801 3800 853 ἄνευ
3828 800 3997 867 λόγου

2414 898 2559 954 τινὸς
2595 892 2655 944 τὸ
2688 892 2849 955 σέϐας
2899 896 3048 966 αὐτῷ
3083 897 3317 964 νέμοιεν,
3363 894 3476 946 ἀλλ’
3514 892 3701 961 ῶσπερ
3754 896 3821 945 ἐκ
3877 910 4001 944 cov-

2417 980 2660 1051 θήματος
2711 984 3032 1052 προσιόντας
3085 987 3179 1038 σὺν
3223 987 3372 1054 φόϐῳ
3418 984 3595 1055 πολλῷ
3635 988 3998 1053 προσκυνεῖν.

2417 1077 2524 1128 Καὶ
2545 1076 2600 1126 τὸ
2621 1079 2842 1143 σημεῖον
2866 1076 3088 1141 τοιόνδε,
3137 1078 3351 1140 Ἢνῖκα,
3394 1081 3581 1145 φησιν,
3608 1077 3998 1143 σημαινούσης

2418 1165 2714 1217 ἀκούσουσι
2757 1166 2899 1235 μέγα
2931 1167 3026 1234 τῆς
3064 1167 3383 1232 σάλπιγγος,
3416 1168 3559 1229 τότε,
3601 1168 3758 1234 φησί,
3804 1166 4001 1216 πεσόν.

2417 1271 2515 1317 τας
2549 1262 2878 1324 προσκυνεῖν
2917 1257 3006 1309 τὸν
3035 1256 3358 1324 ἀνδριάντα·
3412 1258 3537 1318 τοὺς
3579 1256 3636 1308 δὲ
3699 1257 3777 1324 μὴ
3837 1256 4001 1306 τοῦτο

2419 1344 2704 1408 ποιοῦντας
2733 1346 2932 1407 εὐθέως
2961 1350 3027 1415 τῇ
3051 1346 3142 1398 τοῦ
3177 1347 3345 1417 πλρὸς
3374 1345 3714 1416 ἐμϐληθῆναι
3747 1346 4000 1412 καμίνῳ.

2421 1437 2539 1488 Ἴνα
2573 1437 2679 1505 γάρ
2726 1436 2928 1504 μείζων
2977 1439 3254 1506 αὐτῷκαὶ
3276 1441 3739 1508 περιφανέστερος
3785 1439 3815 1488 ό
3859 1439 4002 1507 ὑπὲρ

2418 1528 2513 1581 τοῦ
2548 1528 2863 1596 ἀνδριάντος
2897 1529 3047 1594 ἀγὼν
3076 1533 3340 1599 καταστῇ,
3375 1531 3467 1582 καὶ
3499 1533 3730 1599 κάμινον
3781 1532 3848 1580 ἐκ
3880 1529 3999 1579 δια-

2424 1623 2624 1691 μέτρου
2659 1622 2940 1673 κατέναντι
2977 1624 3072 1689 τῆς
3111 1622 3317 1682 είκόνος
3358 1623 3622 1690 ἐκκαῆναι
3662 1623 4002 1691 προστάττει

2420 1717 2590 1786 πίσσῃ
2634 1717 2727 1768 καὶ
2764 1715 3073 1784 κληματίδι,
3109 1715 3242 1782 πρὸς
3277 1714 3331 1765 δὲ
3377 1713 3471 1765 καὶ
3515 1715 3693 1784 νάφθῃ
3739 1715 3841 1766 καὶ
3875 1731 4004 1765 στυ-

2421 1811 2558 1878 πείῳ
2614 1811 2850 1879 ἰσχυρῶς
2889 1811 3251 1878 τρεφομένην,
3287 1811 3352 1859 ἵν’
3397 1811 3546 1870 ὅστις
3600 1808 3886 1878 ἐλέγχοιτο
3927 1808 4003 1877 τῷ

2349 1877 2390 1931 Β
2426 1903 2689 1971 βασιλικῴ
2713 1902 2943 1969 δόγματι
2979 1903 3052 1970 μὴ
3089 1901 3536 1970 κατατιθέμενος,
3577 1902 3779 1954 αὐτίκα
3818 1918 4003 1970 παρα⁴

2423 1993 2644 2046 διδῶται
2667 1997 2731 2064 τῇ
2764 1995 3001 2063 καμίνῳ.

2493 2086 2565 2139 Z'.
2601 2086 2825 2138 Πάντων
2866 2082 2960 2138 οὖν
2995 2084 3137 2137 κατά
3161 2084 3221 2137 τὸ
3248 2083 3538 2136 κελευσθὲν
3561 2085 3624 2136 ἐκ
3651 2083 4004 2153 συνθήματος

2423 2177 2661 2246 meam;
2702 2176 2800 2245 ἥδη
2830 2178 2927 2244 τῆς
2961 2175 3257 2240 σάλπιγγος
3294 2173 3744 2243 προσκυνούντων
3789 2175 3884 2225 τὸν
3912 2175 4004 2224 ἀνα

2424 2268 2668 2337 δριάντα,
2702 2269 2749 2317 οῖ
2778 2269 2926 2334 τρεῖς
2964 2261 3107 2318 οὗτοι
3144 2265 3293 2333 μόνοι
3336 2266 3490 2317 τοῦτο
3521 2266 3728 2334 πρᾶξαι
3762 2266 4003 2334 ἠπείθη-

2428 2376 2548 2421 σαν,
2595 2358 2668 2420 ῶς
2714 2357 2808 2408 καὶ
2852 2359 2918 2407 τά
2963 2355 3082 2423 ἱερά
3131 2355 3442 2407 διδάσκουσι
3491 2357 3683 2422 Δόγια,
3725 2356 3824 2408 an
3878 2357 4005 2416 τοὺς

2426 2447 2710 2519 πατρῴους
2759 2447 2956 2515 νόμους
3002 2443 3319 2512 παραδῆναι
3365 2443 3439 2512 μὴ
3489 2445 3859 2511 ἀνασχόμενοι
3907 2444 4005 2496 καὶ

2424 2541 2516 2594 τὸν
2571 2539 2792 2609 ὕψιστον
2840 2537 2972 2590 Θεὸν
3013 2537 3282 2606 ἀτιμάσαι
3319 2535 3412 2587 καὶ
3449 2533 3653 2604 εἰδώλῳ
3700 2550 4005 2600 προσενεγ-

2426 2637 2543 2695 κεῖν
2578 2633 2675 2702 τὴν
2705 2630 3078 2701 προσκύνησιν
3104 2646 3120 2660 ο
3167 2629 3342 2701 ταύτῃ
3381 2645 3459 2680 τοι
3507 2628 3600 2680 καὶ
3654 2627 3734 2697 τῷ
3778 2627 4006 2695 πονηρῷ

2427 2724 2805 2779 διαϐάλλονται
2841 2721 3087 2790 βασιλεῖ’
3127 2723 3221 2774 καὶ
3262 2723 3652 2790 προσελθόντες
3692 2723 3742 2774 oi
3779 2721 4006 2775 διαϐάλ-

2429 2818 2612 2878 λοντες
2655 2813 2886 2877 αὐτούς’
2921 2811 3175 2876 Βασιλεῖ),
3225 2811 3453 2880 ἔφησαν,
3500 2815 3550 2864 οῖ
3583 2813 3736 2882 ποιρά
3779 2813 3877 2865 σοῦ
3908 2813 4000 2878 τῆς

2428 2910 2610 2981 χώρας
2637 2909 2827 2978 ἄρχειν
2851 2907 3129 2975 λαχόντες,
3161 2904 3367 2972 Σεδράκ
3389 2898 3541 2964 οὗτος
3571 2905 3666 2955 καὶ
3691 2905 3880 2956 Μισάκ
3912 2906 4003 2958 καὶ

2443 3000 2771 3068 Ἀὁδεναγὼ,
2794 2999 2914 3052 οὔτε
2948 3003 3014 3069 τῇ
3051 2999 3220 3050 εἰκόνι
3253 2999 3581 3067 προσκυνεῖν
3607 2996 3745 3058 ὅλως
3781 2999 4005 3066 ἀνέχονο

2430 3109 2540 3156 ται,
2583 3091 2706 3143 οὔτε
2757 3092 2863 3160 μὴν
2906 3093 3020 3153 τοῖς
3067 3092 3178 3151 σοῖς
3231 3089 3565 3160 διατάγμασι
3622 3089 4000 3159 πειθαρχοῦσι.

750 3180 919 3251 Βίυῖη·
980 3179 1120 3246 Ουίά
1163 3195 1294 3249 θτεο
1345 3180 1606 3246 deinceps
1644 3189 1728 3232 εει
1782 3177 2184 3230 εοιιδοευιυῐηῗ
2231 3176 2324 3230 me
2353 3211 2395 3269 ο
2431 3185 2618 3241 Ταῦτα
2647 3180 2801 3237 εἷπον
2832 3186 3053 3248 ἐκεῖνοι,
3091 3184 3182 3236 καὶ
3214 3183 3582 3254 ταχυτούτους
3609 3184 3688 3245 εἰς
3723 3183 4007 3249 παράστα-

753 3273 977 3342 quidem
1014 3271 1244 3340 rogavit,
1292 3286 1359 3322 an
1393 3285 1519 3322 vera
1546 3275 1758 3332 essent,
1783 3279 1839 3322 et
1871 3268 2077 3322 nollent
2099 3284 2319 3323 auream

753 3371 991 3417 statuam
1030 3361 1261 3415 adorare
1306 3376 1429 3415 cum
1471 3360 1611 3414 aliis.
1664 3360 1890 3415 Dicebat
1919 3360 2064 3414 enim
2095 3376 2152 3415 se
2217 3377 2326 3414 non

753 3455 981 3510 credere
1014 3455 1127 3510 haec
1148 3470 1266 3508 esse
1309 3471 1456 3509 vera.
1486 3455 1566 3508 Illi
1613 3471 1740 3508 vero
1776 3469 1972 3523 magno
2004 3462 2060 3506 et
2105 3454 2326 3506 excelso

755 3548 941 3601 animo
974 3547 1311 3598 dixeruntse
1341 3549 1548 3599 nullum
1585 3547 1751 3598 alium
1802 3546 2031 3605 habere.
2087 3545 2190 3598 nisi
2244 3560 2335 3597 so-

756 3639 870 3692 lum
899 3637 1067 3692 Deum
1104 3637 1157 3690 in
1189 3637 1341 3692 caelis
1379 3654 1392 3691 :
1425 3637 1518 3706 qui
1557 3652 1657 3690 nos
1679 3645 1883 3704 potest,
1918 3651 1948 3688 0
1977 3652 2090 3700 rex,
2113 3635 2330 3704 eripere

755 3748 820 3786 ex
859 3731 962 3785 hac
988 3729 1209 3784 fornace
1246 3730 1493 3790 ardente,
1531 3738 1585 3781 et
1614 3745 1678 3782 ex
1703 3730 1808 3782 tuis
1832 3728 2108 3781 manibus.
2164 3725 2330 3782 Certo

756 3825 902 3877 enim
956 3825 1119 3883 scias,
1176 3822 1321 3888 quod
1357 3837 1454 3873 nos
1500 3822 1632 3873 deos
1669 3829 1790 3872 tuos
1837 3836 1945 3872 non
1991 3823 2253 3882 colemus,
2280 3828 2333 3870 et

759 3928 1004 3972 auream,
1039 3927 1201 3980 quam
1232 3910 1484 3979 posuisti,
1529 3921 1760 3967 statuant
1803 3926 1911 3964 non
1953 3909 2332 3963 adorabimus.

761 4008 1140 4076 llistyrannus
1175 4021 1284 4060 non
1315 4009 1495 4058 minus
1527 4006 1605 4057 ira
1634 4018 1922 4063 accensus,
1949 4019 2113 4072 quant
2139 4002 2327 4055 fornax

759 4101 1153 4170 ardens,jnbet
1188 4101 1359 4152 iratus
1395 4101 1546 4153 viros
1592 4099 1870 4161 robustos,
1916 4097 2166 4149 Azariam
2210 4111 2335 4149 cum

759 4197 992 4257 caeteris,
1026 4196 1237 4248 vinctos
1260 4208 1383 4246 cum
1436 4193 1681 4246 vestibus
1734 4201 1789 4243 et
1826 4190 2125 4255 tibialibus,
2174 4188 2248 4242 ita
2278 4196 2338 4242 ut

759 4298 937 4351 erant,
976 4287 1030 4340 iu
1063 4287 1340 4339 fornacem
1379 4283 1627 4352 injicere.
1657 4282 1724 4337 Et
1761 4281 1843 4335 illi.
1880 4281 2100 4352 quidem
2150 4281 2335 4334 statim

761 4383 815 4436 in
851 4382 1030 4452 ignem
1067 4378 1274 4447 iniecti,
1305 4377 1489 4430 divina
1545 4375 1893 4445 providentia
1939 4381 2338 4427 conservantur

761 4473 940 4534 illesi,
973 4480 1028 4524 et
1052 4469 1449 4522 admirabiliter
1478 4484 1542 4521 ac
1563 4478 1754 4521 contra
1792 4466 2108 4536 opinionem
2161 4465 2337 4518 mani-

2434 3299 2518 3334 σιν
2550 3279 2610 3332 τὸ
2641 3279 2921 3344 βασιλικὸν
2947 3278 3160 3348 ἐδέχετο
3195 3277 3374 3347 βῆμα·
3407 3277 3459 3327 τί
3487 3275 3580 3329 οὖν
3611 3276 3671 3326 τὸ
3708 3275 4001 3338 ἰ·ιτεῦθεν;

2439 3371 2498 3424 Ὀ
2531 3371 2631 3440 μὲν
2655 3373 2702 3422 εί
2732 3369 2907 3440 ἀληθῆ
2944 3369 3118 3422 ταῦτα
3161 3369 3545 3421 διεπυνθάνετο
3590 3365 3683 3416 καὶ
3721 3368 3788 3432 τῇ
3831 3369 4000 3434 χρυσῇ

2429 3460 2597 3512 είκόνι
2630 3457 2768 3525 μετὰ
2793 3457 2900 3506 τῶν
2929 3456 3102 3508 ἄλλων
3137 3457 3198 3506 οὗ
3237 3455 3561 3521 προσκυνεῖν
3589 3451 3871 3520 βούλοιντο
3891 3467 3904 3480 ⁸
3934 3456 4003 3523 μὴ

2429 3546 2486 3598 δὲ
2515 3545 2623 3612 γὰρ
2656 3543 2937 3596 πιστεύειν
2961 3543 3149 3611 ἔλεγεν
3181 3543 3437 3612 ἀληθείας
3459 3541 3678 3610 ἔχεσθαι
3708 3543 3887 3596 ταῦτα
3909 3560 3921 3572 ·
3959 3547 4004 3596 οῖ

2430 3638 2486 3690 δὲ
2524 3636 2895 3706 μεγαλόφρονι
2934 3636 3143 3705 διανοίᾳ
3173 3635 3324 3688 οὐδὲν
3365 3635 3550 3703 ἕτερον
3586 3633 3617 3702 ἢ
3663 3633 3811 3701 ἔχειν
3849 3637 4005 3703 μόνον

2431 3730 2563 3783 Θεὸν
2595 3733 2651 3782 ὲν
2679 3731 2929 3800 οὐρανοῖς
2962 3729 3304 3798 ἐφαπκονῶς
3337 3728 3621 3794 ἐξελέσθαι
3655 3730 3806 3796 ημᾶς
3849 3728 4004 3782 δυνα·

2431 3837 2524 3870 ται
2558 3820 2652 3887 τῆς
2690 3821 2925 3886 καμίνου
2953 3819 3158 3885 ταύτης
3193 3820 3292 3889 τῆς
3328 3825 3621 3891 καιομένης
3647 3822 3740 3872 καὶ
3769 3820 3879 3872 τῶν
3905 3821 4012 3873 σῶν

2435 3911 2656 3981 χειρῶν,
2687 3904 2731 3963 ὦ
2763 3908 3005 3979 βασιλεῦ.
3043 3910 3288 3962 Γνωστὸν
3331 3913 3438 3982 γάρ
3469 3913 3686 3985 ἀληθῶς
3729 3913 3874 3966 ἔστω
3907 3931 4004 3977 σοι,

2437 4005 2513 4056 ὅτι
2547 4004 2660 4066 τοῖς
2690 4000 2834 4064 θεοῖς
2877 4016 2972 4052 σου
3011 3999 3069 4051 οὐ
3104 3997 3443 4070 λατρεύομεν
3485 4005 3580 4055 καὶ
3623 4006 3688 4072 τῇ
3723 4005 3896 4056 εῖκόνι
3946 4007 4006 4074 τῇ

2435 4095 2610 4162 χρυσῇ
2697 4093 2938 4162 ἔστησας
2961 4091 3021 4144 οὗ
3045 4092 3490 4163 προσκυνοῦμεν.
3519 4092 3743 4152 Τούτοις
3769 4093 3797 4143 δ
3817 4092 4009 4160 τύρανο

2437 4200 2524 4246 νος
2549 4184 2703 4234 οὐδὲν
2729 4200 2891 4252 ηττον
2927 4185 3023 4250 τῆς
3055 4185 3390 4253 ἀναφθείσης
3420 4185 3654 4251 καμίνου
3695 4183 4008 4246 διακαυθεὶς

2439 4273 2640 4342 ἄνδρας
2665 4273 2918 4343 ἰσχυροὺς
2950 4273 3007 4322 ὲν
3033 4273 3171 4342 ὀργῇ
3205 4271 3414 4324 κελεύει
3441 4273 3568 4332 τοὺς
3593 4273 3719 4339 περὶ
3755 4274 4007 4340 Ἀζαρίαν

2439 4367 2633 4430 αὑταῖς
2665 4365 2880 4428 στολαῖς
2907 4366 3001 4418 καὶ
3037 4366 3430 4434 περικνημῖσιν
3460 4363 3536 4427 ὡς
3565 4359 3710 4432 εἶχον
3749 4364 4011 4431 πεδήσαν-

2439 4479 2553 4524 τες,
2591 4462 2853 4528 ἐμϐαλεῖν
2887 4463 2966 4525 είς
3006 4460 3103 4532 τὴν
3141 4461 3410 4529 κάμινον·
3456 4460 3549 4513 καὶ
3596 4459 3645 4512 οἱ
3691 4460 3791 4529 μὲν
3833 4461 3914 4520 είς
3955 4458 4010 4509 τὸ

761 4562 959 4617 festum
985 4559 1256 4629 eﬂugiunt
1283 4557 1612 4627 perlculum.
1653 4556 1770 4610 Non
1803 4557 1951 4611 enim
1983 4571 2080 4609 eos
2114 4555 2329 4609 omnino

2446 4553 2558 4621 πῦρ
2589 4553 2791 4614 εὐθέως
2824 4553 3144 4623 βληθέντες,
3172 4552 3237 4603 ὲκ
3281 4551 3535 4620 προνοίας
3568 4551 3716 4612 θείας
3756 4548 4010 4610 ἀδλαδεῖς

762 4654 905 4723 ignis
938 4652 1138 4722 attigit,
1195 4666 1375 4719 neque
1411 4665 1506 4703 eos
1537 4650 1648 4703 ulla
1681 4649 1864 4702 affecit
1897 4647 2170 4701 molestia.
2232 4645 2339 4701 Sed

762 4759 887 4798 cum
920 4758 1026 4796 una
1059 4758 1182 4801 cum
1220 4745 1301 4796 eis
1331 4743 1708 4796 descendisset
1738 4752 1792 4794 et
1832 4742 2090 4811 Angelus,
2151 4741 2339 4794 statim

765 4829 990 4899 quidem
1015 4845 1044 4882 a
1086 4831 1497 4898 circumpositis
1529 4831 1847 4883 relaxantur
1900 4831 2134 4884 vinculis
2162 4849 2172 4881 :
2208 4845 2341 4883 aura

770 4929 951 4977 autem
983 4936 1108 4975 rore
1158 4936 1473 4992 aspergens,
1499 4923 1578 4976 eis
1603 4924 1780 4975 evasit
1807 4921 1967 4992 ignis,
1999 4933 2053 4976 et
2078 4933 2338 4992 tanquam

769 5015 821 5066 in
886 5015 1124 5073 thalamo
1176 5015 1228 5068 in
1286 5015 1467 5068 media
1500 5015 1718 5068 flamma
1765 5024 1995 5075 stantes,
2049 5015 2345 5066 laudabant

769 5106 939 5162 Deum
981 5107 1367 5161 universorum
1406 5124 1419 5159 :
1452 5107 1782 5162 Benedictus
1823 5124 1904 5170 es,
1936 5108 2206 5170 dicentes,
2241 5106 2346 5159 Do-

773 5205 941 5270 mine,
981 5204 1124 5258 Deus
1151 5213 1368 5273 patrum
1404 5213 1740 5266 nostrorum,
1771 5213 1826 5258 et
1855 5203 2128 5257 laudabile
2155 5210 2209 5256 ct
2233 5200 2347 5271 glo-

776 5296 982 5350 riosum
1010 5306 1095 5351 est
1122 5311 1321 5351 nomen
1360 5307 1511 5350 tuum
1562 5299 1617 5351 in
1659 5298 1893 5351 saecula:
1924 5306 1979 5350 et
2037 5312 2159 5364 quae
2191 5294 2349 5348 dein-

771 5402 901 5456 ceps
951 5397 1259 5456 setiuuntur
1313 5389 1367 5442 in
1425 5390 1661 5442 cantico.
1720 5388 1826 5442 Eos
1868 5403 1997 5441 vero
2057 5387 2153 5456 qui
2199 5387 2348 5455 ipsos

772 5474 1125 5542 accusabant,
1149 5479 1453 5540 Chaldaeos.
1485 5489 1540 5532 et
1571 5477 1774 5530 multos
1818 5479 1953 5531 alios
1989 5495 2054 5530 ex
2089 5476 2346 5548 Assyriis,

777 5571 916 5639 ignis
941 5585 1239 5624 excurrens
1264 5569 1505 5639 perdidit
1535 5577 1589 5624 et
1620 5567 1920 5622 interemit.
1977 5569 2068 5622 Sic
2089 5569 2264 5638 gloria
2295 5577 2352 5622 et

776 5665 985 5718 honore
1015 5678 1276 5718 coronare
1306 5664 1463 5717 novit
1484 5663 1630 5716 Deus
1654 5675 1770 5722 eos,
1796 5664 1890 5731 qui
1921 5678 2112 5716 revera
2148 5675 2348 5716 nomen

780 5757 929 5811 illius
955 5756 1280 5827 glorificant.
1312 5756 1403 5810 Sic
1433 5754 1535 5808 fide
1585 5754 1786 5821 dignus
1813 5765 1918 5818 est,
1951 5755 2042 5824 qui
2074 5754 2348 5825 promisit,

776 5849 918 5921 quod
992 5849 1205 5905 etiamsi
1243 5866 1340 5919 per
1381 5848 1557 5915 ignem
1603 5847 1812 5910 venias,
1846 5863 1951 5902 non
1987 5849 2351 5909 combureris,

2443 4643 2800 4706 διασώζονται
2841 4644 2934 4695 καὶ
2972 4643 3292 4710 παραδόξως
3347 4642 3437 4694 τὸν
3469 4642 3721 4712 προσανῆ
3770 4642 4010 4694 κίνδυνον

2445 4734 2886 4802 ὑποφεύγουσιν·
2921 4735 2982 4786 οὐ
3011 4735 3116 4804 γάρ
3153 4734 3332 4804 ἥψατο
3362 4732 3546 4786 αὐτῶν
3590 4732 3649 4785 τὸ
3693 4732 3924 4785 καθόλου
3956 4735 4012 4785 τὸ

2447 4827 2557 4896 πῦρ
2589 4827 2714 4880 οὐδὲ
2749 4826 2856 4898 μὴν
2891 4825 3129 4896 ἐλύπησε
3161 4829 3221 4878 τὸ
3252 4827 3530 4895 παράπαν,
3565 4823 3701 4877 ἀλλά
3743 4841 4014 4892 συγκαταο

2448 4919 2644 4981 ὀάντος
2670 4922 2852 4980 αὐτοῖς
2884 4920 3140 4987 ἀγγέλου,
3165 4919 3404 4971 ἀνίενται
3432 4917 3530 4987 μὲν
3564 4917 3672 4969 τῶν
3700 4919 4015 4986 περικειμί·

2449 5032 2554 5067 νων
2591 5015 2788 5066 αὐτίκα
2822 5013 3038 5080 δεσμῶν
3064 5027 3079 5045 ⁶
3109 5011 3250 5081 αὖρα
3281 5010 3336 5062 δὲ
3372 5008 3694 5078 δροσίζουσα
3715 5009 3776 5060 τὸ
3800 5009 3909 5077 πῦρ
3930 5010 4015 5060 αὑο

2449 5109 2562 5168 τοῖς
2603 5108 2872 5174 ἐγεγόνει,
2905 5104 3002 5158 καὶ
3043 5103 3117 5165 ὼς
3163 5105 3221 5155 ἐν
3263 5100 3495 5154 παστάδι
3546 5103 3612 5170 τῇ
3652 5099 3814 5166 φλογὶ
3861 5101 4016 5159 μέσον

2453 5198 2684 5260 ἑστῶτες
2706 5200 2794 5251 τὸν
2820 5198 2910 5250 ἐπὶ
2933 5197 3150 5248 πάντων
3177 5193 3382 5262 ὕμνουν
3413 5193 3546 5244 Θεόν
3563 5208 3578 5224 ο
3605 5191 3916 5261 Εὐλογητὸς
3948 5189 4013 5255 si,

2454 5290 2648 5359 Κύριε,
2680 5290 2950 5356 λέγοντες,
2981 5291 3009 5340 ό
3038 5287 3170 5348 Θεὸς
3188 5287 3295 5339 τῶν
3323 5283 3575 5353 πατέρων
3599 5282 3776 5351 ἡμῶν,
3813 5286 3903 5336 καὶ
3936 5285 4016 5332 ai-

2453 5381 2604 5434 νετὸν
2630 5382 2723 5433 καὶ
2745 5378 3128 5447 δεδοξασμένον
3154 5377 3212 5429 τὸ
3235 5374 3404 5443 δνομά
3424 5389 3515 5425 σου
3543 5375 3620 5434 είς
3647 5373 3776 5434 τοὺς
3799 5372 4014 5433 αἰῶνας.

2455 5475 2548 5526 καὶ
2581 5473 2648 5526 τὰ
2678 5473 2804 5540 ἑξῆς
2834 5470 2933 5538 τῆς
2966 5469 3134 5539 ᾠδῆς·
3175 5469 3300 5529 τοὺς
3328 5466 3383 5517 δὲ
3423 5461 3777 5524 διαϐαλόντας
3828 5462 4014 5522 αὐτους

2457 5565 2758 5626 Χαλδαίους
2783 5564 2878 5617 καί
2901 5561 3130 5623 πολλοὺς
3154 5559 3342 5618 ἄλλους
3371 5555 3477 5608 τῶν
3510 5555 3812 5624 ’Δσσυρίων
3833 5556 3892 5606 τὸ
3913 5553 4014 5622 πῦρ

2457 5657 2729 5727 ὲκδραμὸν
2763 5654 3037 5724 διέφθειρέ
3069 5670 3128 5704 τε
3157 5651 3251 5704 καὶ
3285 5650 3366 5711 εἰς
3389 5649 3540 5708 τέλος
3563 5646 3846 5699 ἀπώλεσεν
3872 5683 3888 5701 .
3918 5642 4016 5699 06-

2459 5769 2534 5802 τω
2571 5748 2699 5820 δόξῃ
2729 5750 2822 5800 καὶ
2854 5749 2982 5816 τιμῇ
3015 5743 3315 5810 στεφανοῦν
3347 5737 3452 5794 οἶδε
3485 5739 3616 5802 Θεὸς
3637 5741 3762 5800 τοὺς
3795 5739 3936 5809 ἔργῳ
3959 5739 4012 5790 τὸ

2457 5843 2670 5898 ἑκείνου
2706 5840 3029 5907 δοξάζοντας
3081 5839 3251 5907 ὄνομα
3275 5852 3286 5864 ’
3324 5834 3466 5890 οὕτω
3496 5834 3681 5894 πιστὸς
3708 5836 3735 5885 ο
3764 5835 4010 5899 ἑπαγγει-
