4180 6486
204 459 303 522 381

1243 455 1415 519 νΙΤΑ
1459 454 1520 516 8.
1578 446 2004 511 ΡΒΟΡΗΕΤιΈ
2040 442 2425 506 DANIELIS.

3370 433 3477 495 382

209 576 471 643 λαμενος,
525 574 607 626 ὅτι
640 572 758 625 Κᾶν
796 569 884 623 διὰ
929 571 1095 637 πυρὸς
1134 568 1372 638 διέλθῃς,
1410 566 1470 619 οὗ
1511 565 1584 635 μὴ
1620 579 1793 617 κατα-

1915 574 2074 629 teque
2107 555 2347 610 ardebis.
2384 552 2568 621 Atque
2602 549 2718 603 haec
2753 544 2976 617 quidem
3013 542 3093 600 sic
3141 540 3479 600 habuerunt,

216 664 422 734 καυθῇς
452 664 580 716 οὐδὲ
621 662 695 733 μὴ
732 660 1074 731 συμπρλεγῇς.
1104 656 1231 729 Εἶχε
1269 658 1367 727 μὲν
1408 656 1553 710 οὕτω
1585 654 1791 708 ταῦτα·

219 756 312 809 καὶ
336 756 387 808 οί
418 757 573 825 τρεῖς
602 753 787 815 παῖδες
811 754 868 805 ὲν
889 753 955 823 τῇ
981 751 1195 821 καμίνῳ
1228 750 1440 820 διῆγον,
1475 749 1553 801 ἔτι
1584 748 1674 801 τὸν
1703 747 1795 800 ἐπὶ

222 851 441 902 πάντων
475 847 758 907 αἰνοῦντες
783 844 935 897 Θεόν.

294 939 374 994 H’.
419 941 479 994 '0
514 937 864 1008 βασιλεῦς⁴δὲ
915 936 975 988 τὸ
1014 935 1247 1005 πρᾶγμα
1279 932 1368 986 διὰ
1399 931 1673 999 θαύματος
1707 928 1796 981 θέο

225 1047 411 1097 μῖνος,
442 1028 539 1081 τοῦ
576 1028 765 1095 θρόνου
806 1023 903 1093 μὲν
933 1022 1095 1086 εὐθὺς
1118 1025 1493 1088 ὲξανίσταταν
1526 1017 1799 1085 διαπορῶν

222 1122 279 1172 δὲ
309 1116 399 1189 ἦν,
438 1118 558 1179 πῶς
600 1117 708 1186 ἄρα
750 1116 897 1186 τρεῖς
940 1114 1069 1184 παρ’
1104 1112 1270 1165 αὐτοῦ
1315 1114 1382 1182 τῇ
1417 1111 1633 1180 καμίνῳ
1671 1108 1801 1178 βληο

224 1210 412 1272 θέντες
449 1208 716 1274 τέσσαρες
750 1201 1256 1273 ἄρτικαθορῶνται,
1296 1202 1461 1272 μηδὲν
1492 1201 1735 1270 λυπηρὸν
1766 1201 1797 1270 ἢ

224 1299 388 1366 ἀηδὲς
415 1297 553 1357 ὅλως
602 1294 844 1363 ἔχοντεςο
892 1293 925 1363 ἡ
971 1288 1067 1343 τοῦ
1105 1291 1369 1359 τετάρτου
1406 1290 1459 1339 δὲ
1491 1288 1609 1356 ὄψις
1636 1287 1799 1356 ὁμοία

228 1390 345 1460 Υίῷ
380 1388 542 1452 θεοῦ,
571 1388 663 1440 καὶ
697 1385 894 1438 αὐτίκα
940 1383 1078 1453 πρὸς
1118 1386 1182 1452 τῇ
1230 1381 1367 1452 θύρα
1420 1380 1515 1433 τοῦ
1564 1381 1797 1448 καμίνου

228 1486 525 1553 γενόμενος
549 1500 563 1515 ·
597 1480 819 1550 Σεδρὰχ,
852 1479 977 1549 ἔφη,
1005 1479 1097 1529 καὶ
1128 1477 1315 1530 Μισὰκ
1344 1478 1437 1529 καὶ
1468 1474 1798 1543 Ἀὁδεναγὼ,

227 1577 279 1628 oi
306 1574 487 1628 δοῦλοι
512 1572 605 1625 τοῦ
634 1571 768 1624 Θεοῦ
812 1570 906 1621 τοῦ
951 1568 1202 1636 ὑψίστου,
1226 1566 1468 1631 ὲξέλθετε
1498 1568 1590 1619 καὶ
1617 1566 1796 1619 δεῦτε’

222 1668 275 1719 οί
305 1666 362 1719 δὲ
391 1663 619 1733 ἐξῆλθον
648 1662 773 1715 σῶοι
821 1660 912 1714 καὶ
941 1659 1173 1724 ἄθικτοι,
1216 1658 1347 1728 μηδὲ
1390 1659 1572 1728 τριχὸς
1620 1658 1800 1712 αὐτῶν

221 1759 318 1812 τοῦ
347 1759 523 1828 πυρὸς
549 1755 963 1827 κυριεύσαντος.
992 1754 1179 1807 Ταῦτα
1201 1753 1277 1817 ὼς
1312 1747 1451 1806 εἶδεν
1471 1755 1497 1805 ὁ
1526 1752 1799 1822 βασιλεὺς,

221 1851 323 1923 τὴν
352 1849 666 1920 ὑπερϐολὴν
689 1847 781 1900 τοῦ
816 1847 1117 1911 θαύματος,
1146 1846 1347 1915 μᾶλλον
1377 1845 1433 1898 δὲ
1459 1846 1567 1898 τῶν
1592 1846 1803 1914 θαυμά-

222 1959 334 1994 των
362 1938 759 2005 καταπλαγεὶς,
794 1936 875 1989 ὅτι
901 1953 959 1987 τε
992 1935 1273 2003 κρείττους
1301 1932 1565 2001 ὤφθησαν
1594 1934 1799 1986 τοιοῦδε

223 2031 421 2101 πυρὸς,
453 2030 549 2082 καὶ
579 2028 660 2081 ὅτι
695 2026 769 2097 μὴ
799 2023 985 2086 ἁπλῶς
1012 2020 1321 2094 κρείττους,
1345 2022 1481 2074 ἀλλὰ
1514 2022 1649 2091 μηδὲ
1681 2021 1803 2091 θρὶξ

222 2121 407 2175 αὐτῶν
435 2122 496 2173 τὸ
517 2116 993 2188 εὑμαραντότατον
1014 2113 1254 2185 τοσαύτῃ
1285 2114 1572 2184 παρερρύη
1603 2114 1762 2183 φλογί
1784 2129 1798 2143 °

221 2232 364 2286 προς
408 2214 625 2276 τούτοις
658 2213 738 2266 ὅτι
772 2210 1050 2280 δεδεμένοι
1091 2207 1241 2272 ὄντες
1264 2207 1425 2271 εὐθὺς
1476 2208 1793 2278 ἀνείθησαν,

222 2308 320 2360 καὶ
358 2310 553 2375 οτιπερ
597 2306 655 2357 ὲν
706 2306 773 2373 τῇ
823 2303 1042 2373 καμίνῳ
1084 2301 1354 2371 παρόντες
1400 2300 1478 2353 ἔτι
1519 2300 1613 2354 καὶ
1658 2300 1804 2371 ᾄδειν

222 2397 510 2467 ἠκούοντο,
540 2395 567 2447 ὃ
598 2397 709 2459 τοῖς
755 2398 812 2448 ἐν
852 2393 1013 2463 φλογὶ
1045 2392 1279 2445 θάνατον
1312 2392 1478 2456 ὀξέως
1526 2386 1669 2445 οἶδεν
1703 2393 1806 2445 ὲπ⁴

222 2492 381 2559 ἁγειν
433 2488 573 2557 αὐτῇ
610 2487 955 2557 παραχρῆμα
986 2484 1336 2556 τῇιδίανοίξει
1374 2485 1468 2537 τοῦ
1513 2485 1804 2555 στόματος,

223 2580 320 2634 καὶ
360 2580 445 2633 ὅτι
488 2579 549 2632 τὸ
590 2577 700 2647 πῦρ
742 2579 922 2630 ἐκεῖνο
953 2576 1101 2645 ὂτῆς
1128 2576 1337 2637 οἰκείας
1383 2576 1440 2627 ἐν
1470 2575 1681 2637 τούτοις
1721 2577 1806 2641 ἐξα

223 2674 457 2733 ελάθετο
513 2671 753 2741 φύσεως,
797 2670 856 2722 ὲν
898 2672 1009 2726 τοῖς
1066 2668 1197 2736 περὶ
1251 2667 1350 2738 τὴν
1415 2666 1645 2738 κάμινον
1687 2663 1806 2721 οὖσι

225 2765 523 2827 Χαλδαίοις
557 2761 667 2833 πῦρ
697 2760 925 2824 ἀκριϐὲς
955 2756 1021 2830 ἦν
1051 2760 1144 2813 καὶ
1173 2760 1298 2813 οὐδὲ
1331 2760 1473 2815 κατὰ
1498 2758 1681 2830 χώραν
1711 2759 1808 2829 μὲ-

229 2873 346 2919 νον,
376 2855 494 2908 ἀλλ’
522 2853 667 2919 ἐξιὰν
708 2851 801 2905 καὶ
831 2852 1127 2922 ἁλλόμενον
1168 2850 1262 2902 καὶ
1307 2851 1435 2912 τοὺς
1484 2848 1669 2913 ἀξίους
1716 2849 1807 2901 εύ-

231 2947 556 3018 μαρέστατα
598 2944 963 3011 κατα·ρλέγον’
1022 2942 1196 2995 ταῦτα
1253 2941 1432 2994 πάντα
1482 2941 1689 3003 ἐκεῖνος
1735 2940 1810 3002 ὡς

229 3036 392 3104 εἶδεν,
428 3039 511 3100 είς
542 3036 645 3105 γῆν
685 3052 745 3086 τε
793 3033 956 3095 εὐθὺς
976 3033 1172 3087 ἔπιπτε
1222 3032 1348 3097 καὶ,
1389 3031 1691 3101 Εύλόγητος
1736 3025 1807 3099 εἴ,

230 3132 429 3201 Κύριε,
460 3127 673 3199 μεγάλῃ
695 3124 898 3195 ἐκραζε
928 3127 994 3195 τῇ
1025 3128 1200 3196 φωνῇ,
1234 3125 1262 3177 ὀ
1284 3124 1417 3187 Θεὸς
1443 3122 1536 3175 τοῦ
1578 3123 1807 3193 Σεδρὰχ,

1899 664 1954 709 et
1990 664 2097 707 tres
2132 648 2290 719 pueri
2327 646 2599 716 degebant
2647 643 2700 697 in
2727 640 2951 695 fornace
2979 635 3269 691 laudantes
3304 634 3476 686 Deum

1905 744 2307 799 universorum.

1975 924 2111 979 VIII.
2144 922 2258 975 Rex
2286 927 2469 973 autem
2513 930 2628 969 rem
2661 911 2989 976 admiratus,
3020 905 3204 962 statim
3255 903 3477 974 quidem

1903 1018 2079 1085 surgit
2120 1031 2151 1068 e
2186 1013 2383 1066 throno
2422 1026 2435 1062 :
2471 1005 2762 1061 dubitabat
2809 1010 3017 1063 autem,
3054 997 3330 1067 quomodo
3364 1005 3480 1049 tres

1904 1112 1972 1162 ab
1994 1124 2059 1162 co
2096 1104 2329 1174 COIIjeCl-l
2365 1101 2416 1154 in
2472 1100 2777 1157 fornacem,
2804 1109 2954 1147 nunc
2986 1098 3287 1146 cernantur
3339 1102 3479 1156 qua-

1907 1210 2052 1259 tuor.
2078 1197 2172 1266 qui
2203 1193 2341 1248 nihil
2368 1190 2597 1245 omnino
2620 1202 2783 1258 grave
2803 1195 2896 1239 aut
2921 1184 3208 1236 molestum
3233 1192 3479 1234 sensere.

1906 1295 2176 1362 Aspcctus
2207 1302 2340 1343 vero
2384 1285 2567 1355 quarti
2615 1289 2700 1336 est
2723 1280 2921 1336 similis
2954 1278 3093 1332 Filio
3122 1275 3238 1330 Dei.
3266 1272 3335 1327 Et
3370 1282 3480 1326 sta-

1909 1388 2002 1441 tim
2038 1382 2306 1438 accedens
2338 1378 2405 1433 ad
2436 1378 2640 1432 ostium
2662 1373 2920 1437 fornacis,
2958 1369 3230 1427 Sedrach.
3278 1368 3478 1435 inquit,

1904 1486 1961 1533 et
1995 1477 2182 1536 Misac.
2210 1481 2264 1527 et
2296 1471 2618 1540 Abdenago,
2654 1467 2799 1523 servi
2835 1464 2929 1519 Dei
2962 1461 3233 1523 altissimi,
3268 1458 3412 1512 exite
3428 1463 3485 1510 et

1905 1570 2106 1624 venite.
2169 1566 2247 1621 Illi
2302 1572 2487 1617 autem
2527 1560 2663 1615 salvi
2719 1556 2926 1629 egressi
2986 1562 3211 1610 suntet
3264 1550 3482 1611 intacti.

1908 1675 2032 1715 cum
2065 1673 2133 1711 ne
2178 1657 2232 1710 in
2265 1667 2433 1707 unum
2469 1650 2698 1719 quidem
2733 1648 2905 1717 pilum
2942 1642 3281 1697 dominatum
3343 1637 3488 1691 obti-

1910 1752 2122 1807 nuisset
2150 1747 2310 1817 ignis.
2336 1744 2462 1798 Haec
2495 1741 2888 1798 cum-vidisset
2936 1753 3055 1798 rex,
3096 1729 3350 1787 miraculi
3396 1727 3485 1783 vel

1913 1843 2096 1915 potius
2122 1838 2516 1896 miraculorum
2557 1847 2827 1889 summam
2873 1838 3101 1899 stupens
3150 1822 3486 1895 magnitudi-

1909 1951 2057 2001 nem,
2097 1949 2295 2003 nempe
2333 1930 2482 2000 quod
2513 1939 2569 1985 et
2617 1928 2711 1981 tali
2760 1929 2885 1996 igne
2915 1924 3120 1980 fuerint
3145 1918 3484 1991 superiores,

1906 2033 1962 2079 et
1990 2022 2138 2093 quod
2170 2037 2280 2075 non
2307 2021 2482 2074 solum
2510 2018 2848 2087 superiores,
2885 2014 2980 2069 sed
3005 2028 3106 2067 nec
3130 2024 3328 2065 eorum
3356 2006 3485 2077 qui‘

1908 2120 2032 2174 dem
2061 2117 2228 2188 pilus,
2259 2131 2369 2179 res,
2401 2128 2523 2183 qua:
2560 2110 2819 2170 facillime
2848 2106 3123 2163 flaccescit
3181 2113 3240 2158 et
3276 2115 3487 2156 marce-

1908 2210 2031 2276 scit,
2072 2217 2221 2263 tanta
2259 2206 2476 2260 flamma
2531 2203 2849 2258 efﬂuxerit:
2893 2210 2950 2256 et
3007 2209 3294 2268 praeterea,
3339 2193 3487 2262 qUOd

1909 2316 2034 2358 cum
2066 2308 2254 2355 essent
2282 2295 2473 2359 vincti,
2524 2293 2791 2347 continuo
2826 2290 2980 2345 fuere
3010 2289 3173 2343 soluti
3208 2295 3305 2340 :et
3335 2283 3484 2354 quod

1909 2409 2034 2450 cum
2068 2389 2248 2446 adhuc
2276 2395 2462 2443 essent
2498 2385 2551 2438 in
2597 2382 2842 2446 fornace,
2874 2379 3048 2436 auditi
3088 2385 3217 2434 sunt
3268 2390 3481 2432 canen-

1912 2495 2036 2540 tes:
2074 2481 2219 2553 quod
2259 2479 2485 2549 quidem
2530 2475 2617 2541 iis,
2675 2473 2769 2544 qui
2806 2482 2936 2528 sunt
2964 2473 3018 2526 in
3074 2470 3314 2533 ﬂamma,
3367 2467 3486 2537 ipsa

1908 2575 2093 2631 statim
2133 2572 2248 2626 oris
2279 2568 2564 2638 apertione
2612 2574 2846 2620 mortem
2896 2565 3038 2619 solet
3074 2562 3273 2616 allerre
3312 2559 3487 2630 proti-

1908 2682 2013 2721 nus
2050 2684 2062 2718 :
2097 2673 2151 2718 et
2214 2661 2361 2731 quod
2395 2660 2485 2714 ille
2542 2657 2707 2728 ignis,
2742 2657 2836 2726 qui
2900 2657 2954 2709 in
2986 2657 3068 2709 eis
3128 2653 3366 2722 proprie
3402 2658 3488 2704 est

1910 2759 2112 2815 oblitus
2166 2763 2394 2817 naturae,
2438 2751 2495 2806 in
2533 2748 2829 2815 Chaldaeis,
2859 2747 2953 2818 qui
2984 2755 3144 2802 erant
3187 2745 3334 2798 circa
3375 2744 3490 2795 for-

1913 2866 2129 2915 nacem,
2165 2849 2268 2903 fuit
2294 2861 2459 2903 verus
2483 2853 2539 2899 et
2566 2842 2843 2914 perfectus
2880 2840 3043 2911 ignis,
3065 2847 3120 2893 et
3145 2852 3245 2891 nec
3285 2834 3487 2890 inloco

1914 2948 2137 3019 quidem
2166 2956 2416 3006 manens,
2451 2937 2546 2993 sed
2584 2934 2876 3008 egrediens
2914 2942 2971 2989 et
3016 2930 3241 2995 saliens,
3277 2935 3336 2983 et
3368 2942 3485 2988 eos.

1915 3042 2007 3109 qui
2057 3039 2204 3108 digni
2250 3044 2426 3098 erant,
2482 3033 2819 3088 comburens
2870 3026 3146 3082 facillime.
3190 3024 3490 3090 Postquam

1917 3134 2008 3190 ille
2036 3130 2171 3184 vidit
2198 3128 2313 3182 haec
2346 3125 2552 3189 omnia,
2584 3121 2770 3178 statim
2802 3119 2956 3174 humi
2982 3115 3203 3179 cecidit,
3230 3125 3285 3168 et
3318 3114 3490 3166 Bene-

232 3220 421 3276 Μισὰκ
464 3219 562 3270 καὶ
598 3212 935 3280 Ἀδδεναγὼ,
976 3212 1034 3274 δς
1080 3211 1369 3265 ἀπέστειλε
1430 3211 1521 3262 τὸν
1570 3208 1806 3275 ἄγγελον

1915 3222 2095 3279 dictus
2120 3234 2201 3283 es,
2222 3216 2473 3281 Domine,
2505 3228 2701 3283 magna
2726 3226 2860 3266 voce
2898 3207 3179 3269 clamavit,
3214 3205 3360 3259 Deus
3400 3201 3490 3256 Si-

231 3307 397 3363 αὐτοῦ
420 3308 518 3360 καὶ
545 3304 813 3380 ἐρρύσατο
839 3305 968 3365 τοὺς
993 3302 1174 3365 ὁσίους
1201 3301 1368 3355 αὑτοῦ
1397 3301 1590 3363 παῖδας
1618 3300 1682 3353 ὲκ
1713 3298 1806 3352 τοῦ

232 3401 406 3472 πυρὸς
438 3399 537 3452 καὶ
569 3397 759 3453 κακῶν
787 3397 1023 3460 ἀπαθεῖς
1049 3395 1405 3466 διετήρησενο
1442 3390 1561 3447 εἶτα
1592 3392 1689 3446 καὶ
1721 3391 1808 3445 δό-

230 3512 348 3565 γμα
388 3492 694 3561 ἐκτίθησιν,
719 3492 835 3553 Πᾶς
871 3490 1041 3553 ὅστις,
1070 3488 1266 3556 λέγων,
1292 3486 1353 3539 οὐ
1389 3487 1690 3557 προσκυνεῖ
1718 3484 1811 3537 τὸν

230 3587 362 3640 Θεὸν
404 3584 639 3654 Σεδρὰχ,
670 3580 858 3635 Μισὰκ
908 3578 1000 3631 καὶ
1043 3577 1373 3645 Ἀϐδεναγὼ,
1414 3578 1496 3635 είς
1530 3576 1812 3630 ἀπώλειαν

231 3680 387 3733 ἔσται
416 3678 516 3731 καὶ
544 3675 613 3727 τὰ
643 3672 856 3725 ἐκείνου
899 3670 1080 3723 πάντα
1123 3672 1203 3735 είς
1245 3669 1528 3741 προνομήν
1554 3684 1568 3699 ’
1613 3667 1812 3729 αὐτοὺς

230 3773 283 3827 δὲ
313 3771 444 3832 τοὺς
477 3765 782 3838 μακαρίους
829 3763 1029 3825 παῖδας
1077 3761 1239 3831 νῦνῆ
1284 3761 1552 3831 πρότερον
1599 3755 1813 3829 μείζοσι

229 3862 474 3931 δοξάσας’
508 3861 720 3930 τιμαῖς,
756 3857 947 3929 ἄρχειν
997 3856 1094 3908 καί¹
1138 3855 1247 3907 τῶν
1293 3852 1566 3907 Ἰουδαίων
1609 3852 1814 3921 αίχμα-

231 3952 423 4005 λὼτων
454 3950 788 4017 ἐπέτρεπεν.

301 4045 377 4097 9'.
410 4040 597 4111 Βραχὺ
618 4041 676 4092 τὸ
713 4038 853 4109 μετὰ
879 4036 1074 4102 ταῦτα,
1108 4037 1201 4090 καὶ
1240 4035 1404 4088 πάλιν
1435 4035 1627 4105 ὅρασις
1652 4034 1815 4102 ἑτέρα

231 4139 378 4194 κατὰ.
404 4137 535 4200 τοὺς
562 4135 761 4196 ὕπνους
782 4133 859 4204 τῷ
885 4131 1099 4203 βασιλεῖ
1123 4130 1424 4195 δείκνυται,
1450 4128 1544 4182 καὶ
1569 4129 1602 4199 ἡ
1625 4127 1817 4196 ὅρασις

231 4230 416 4285 τοιάδε
441 4243 456 4259 ’
489 4226 705 4295 δένδρον
730 4225 867 4296 ὁρᾷν
890 4223 1069 4276 ἐδόκει
1104 4221 1249 4293 μέγα
1270 4238 1329 4273 τε
1361 4221 1455 4274 καὶ
1486 4220 1814 4291 θαυμάσιον,

232 4326 261 4377 ὃ
300 4321 582 4396 ὲρῤίζωτο
614 4318 712 4386 μὲν
747 4318 841 4369 ἐπὶ
869 4315 997 4384 γῆς,
1025 4313 1371 4381 ἐμεγαλύνθη
1402 4312 1459 4364 δὲ
1500 4313 1595 4363 καὶ
1628 4308 1817 4377 τσχυσε

238 4418 409 4489 μέγα,
438 4415 533 4467 καὶ
550 4413 613 4464 τδ
636 4411 767 4479 ὕψος
794 4407 963 4462 αὑτοῦ
995 4406 1315 4475 κατειλήφει
1345 4404 1435 4457 τὸν
1464 4403 1692 4475 οὐρανὶν
1727 4401 1820 4454 καὶ

233 4508 461 4579 φύλλοις
491 4502 715 4574 ὡραίοις
744 4499 921 4569 ἐκόμα
943 4498 1037 4551 καὶ
1067 4497 1251 4568 ἐόριθε
1281 4495 1461 4565 πολλῷ
1491 4495 1568 4566 τῷ
1592 4493 1814 4565 καρπῷ,

1914 3315 2107 3377 dracti,
2169 3313 2335 3367 uisae
2366 3318 2421 3364 et
2482 3308 2832 3376 Abdenago:
2887 3302 2979 3375 qui
3028 3300 3179 3356 misit
3232 3296 3489 3369 angelum

1913 3421 2096 3471 suum,
2121 3402 2454 3459 etliberavit
2486 3408 2709 3454 sanctos
2746 3413 2875 3452 suos
2914 3410 3117 3465 pueros
3146 3393 3214 3446 ab
3251 3392 3396 3460 igne,
3433 3397 3492 3443 et

1915 3515 1944 3554 a
1966 3496 2125 3552 malis
2163 3491 2509 3548 conservavit
2539 3489 2760 3543 illaesos.
2801 3484 3010 3540 Deinde
3046 3483 3215 3537 etiam
3251 3479 3366 3535 edit
3398 3476 3494 3531 de-

1915 3587 2528 3655 cretum,Quicunqde,
2576 3582 2790 3643 dicens,
2839 3594 2948 3633 non
3003 3575 3261 3630 adorabit
3319 3573 3491 3634 Deum

1918 3681 2172 3745 Sidracli,
2230 3679 2397 3733 Misac
2444 3685 2500 3731 et
2550 3671 2871 3739 Abdenago,
2930 3666 3200 3729 interibit,
3230 3673 3287 3718 et
3344 3663 3493 3726 illius

1917 3774 2060 3828 bona
2094 3770 2278 3827 omnia
2304 3766 2498 3838 praeda:
2529 3770 2715 3819 erunt.
2746 3761 2902 3831 Ipsos
2926 3768 3111 3813 autem
3146 3755 3337 3810 beatos
3356 3767 3494 3823 pue-

1918 3884 2009 3923 ros
2039 3867 2253 3937 majori,
2282 3879 2445 3934 quam
2476 3861 2648 3932 prius,
2680 3859 2893 3913 honore
2922 3854 3182 3917 afﬁciens,
3202 3852 3368 3922 jussit
3391 3847 3494 3903 Ju-

1918 3962 2049 4020 daeis
2077 3957 2309 4027 captivis
2335 3966 2592 4024 praeesse.

1989 4049 2081 4105 IX.
2113 4049 2233 4104 Non
2266 4047 2500 4101 multum
2536 4038 2849 4098 intercessit
2886 4036 3175 4107 temporis,
3199 4043 3256 4087 et
3297 4045 3494 4087 rursus

1920 4143 2026 4198 alia
2055 4142 2196 4196 visio
2231 4138 2344 4207 regi
2379 4142 2609 4205 apparet
2642 4133 2696 4187 in
2756 4132 2985 4185 somnis.
3020 4126 3325 4182 Videbatur
3383 4122 3493 4178 sibi

1920 4234 2108 4288 videre
2138 4231 2396 4286 arborem
2447 4240 2696 4297 magnam
2726 4220 3199 4283 etadmirabilem,
3235 4231 3357 4287 quae
3404 4229 3494 4268 ra-

1921 4324 2070 4379 dices
2136 4323 2358 4392 quidem
2412 4326 2601 4389 egerat
2660 4316 2715 4369 in
2774 4325 2917 4369 terra
2956 4309 3168 4366 :crevit
3222 4318 3407 4361 autem
3439 4312 3497 4356 et

1922 4415 2076 4469 valde
2099 4413 2256 4467 fortis
2277 4411 2471 4474 evasit,
2505 4416 2563 4463 et
2591 4404 2824 4461 altitudo
2850 4406 2971 4474 ejus
3010 4400 3212 4455 caelum
3255 4396 3495 4465 attinge-

1924 4510 2037 4571 bat,
2070 4517 2125 4562 et
2152 4504 2416 4575 speciosis
2446 4509 2568 4557 erat
2607 4510 2823 4555 comata
2855 4497 3023 4559 foliis,
3072 4502 3127 4549 et
3180 4491 3338 4562 plena
3376 4496 3499 4543 erat

232 4600 303 4655 τὰ
332 4598 506 4670 θηρία
540 4612 602 4649 τε
642 4594 737 4648 τοῦ
776 4591 953 4664 ἀγροῦ
995 4591 1176 4643 πάντα
1218 4589 1311 4641 καὶ
1347 4588 1417 4640 τὰ
1453 4587 1675 4641 πετεινὰ
1720 4583 1808 4638 τοῦ

1924 4600 2094 4655 multo
2119 4597 2301 4652 fructu
2338 4612 2351 4649 :
2390 4607 2583 4649 omnes
2615 4604 2748 4646 vero
2778 4589 2969 4643 bestias
2998 4586 3112 4655 agri
3145 4593 3202 4638 et
3243 4582 3498 4635 volucres

232 4692 471 4767 ούρανοῦ
506 4693 565 4742 ἒν
595 4690 770 4757 τούτῳ
791 4685 1030 4754 κατῴκει
1056 4699 1069 4711 ·
1103 4679 1222 4735 εἷτα
1251 4683 1346 4734 καὶ
1379 4681 1533 4750 φωνή
1565 4698 1649 4743 τις
1671 4680 1813 4731 ἄνω-

235 4789 327 4842 θεν
374 4781 553 4854 ἀθρόα
601 4780 796 4851 προῄει
823 4778 1076 4845 ἐκτεμεῖν
1121 4776 1183 4828 τδ
1228 4774 1448 4844 δένδρον
1494 4772 1819 4837 κελεύουσα,

240 4879 413 4950 μόνην
450 4873 512 4928 δὲ
546 4872 644 4943 τὴν
668 4871 763 4938 τῆς
807 4868 967 4939 ῥίζης
1008 4867 1234 4936 ὲαθῆναι
1278 4866 1456 4934 φυήν·
1500 4865 1593 4917 καὶ
1624 4864 1688 4934 δὴ
1724 4864 1819 4915 καὶ

236 4973 502 5038 ἐτέμνετο
549 4965 648 5016 καὶ
691 4963 760 5013 τὰ
799 4959 977 5029 φύλλα
1005 4958 1160 5011 τοῦδε
1186 4955 1537 5025 παραχρῆμα
1572 4954 1822 5025 ἐξερροί-

238 5075 423 5123 σκετο,
463 5055 558 5109 καὶ
594 5054 663 5106 τὰ
690 5054 746 5105 ὲν
778 5049 1122 5119 αὑτῷπάντα
1155 5048 1270 5111 ζῶα
1304 5047 1399 5100 καὶ
1432 5046 1653 5097 πετεινὰ
1685 5045 1818 5098 θᾶτ-

236 5168 329 5204 τον
357 5145 733 5217 ἁφίστατο.”υ
766 5142 866 5214 μὲν
912 5142 1121 5211 ὄνειρος
1170 5134 1359 5204 οὗτος·
1396 5140 1423 5191 ὁ
1467 5138 1522 5190 δὲ
1566 5136 1820 5207 βασιλεὺς

236 5243 332 5297 τοῦ
362 5242 540 5294 ὕπνου
570 5236 861 5297 διαναστὰς
912 5236 1006 5288 καὶ
1040 5234 1204 5287 πάλιν
1236 5233 1364 5294 τοὺς
1410 5233 1619 5300 μάγους
1657 5229 1821 5283 καλέ·-

242 5352 366 5397 σας,
401 5329 610 5400 διεξῄει
641 5327 701 5380 τὸ
734 5326 924 5380 θεαθὲν
969 5326 1060 5379 καὶ
1096 5325 1213 5394 ᾇμα
1251 5323 1305 5376 τί
1344 5322 1606 5393 σημαίνοι
1642 5323 1820 5387 λέγειν

240 5424 431 5497 ὴξίου’
469 5418 793 5493 παραυτίκα
839 5418 949 5470 τῶν
999 5417 1097 5486 μὲν
1134 5416 1312 5469 ἄλλων
1360 5414 1535 5477 οὐδεὶς
1586 5411 1818 5481 ἐδυνήθη

239 5522 338 5590 τὴν
368 5514 567 5568 τούτου
596 5512 831 5581 δήλωσιν
856 5512 1109 5579 ἒφευρείν
1139 5509 1231 5561 καὶ
1255 5509 1317 5560 τὸ
1354 5507 1546 5576 μέλλον
1584 5506 1822 5576 ἐμφανί-

245 5627 337 5665 σαι
365 5607 447 5678 τῷ
483 5604 720 5675 βασιλεῖ,
759 5602 959 5672 Δανιὴλ
998 5602 1054 5653 δὲ
1089 5601 1249 5671 μόνος
1292 5602 1386 5652 καὶ
1426 5597 1570 5651 τοῦτ’
1604 5598 1823 5669 ἔκρινεν

241 5705 334 5756 καὶ
362 5697 552 5760 καθὼς
581 5700 733 5773 οὗτος
765 5697 1046 5768 προεῖπεν,
1066 5692 1246 5763 ἁπέὁη
1265 5710 1277 5722 ·
1327 5691 1517 5762 εἴρηκε
1548 5692 1677 5761 γὰρ,
1737 5692 1821 5743 ὅτι

240 5794 310 5851 Σὺ
335 5789 391 5848 εἴ
414 5792 480 5847 τὸ
510 5789 750 5859 δένδρον,
782 5790 919 5859 ὅπερ
950 5782 1110 5851 εἶδες,
1132 5779 1176 5839 ὦ
1198 5784 1441 5856 βασιλεῦ,
1475 5784 1567 5837 καὶ
1595 5785 1655 5836 οὐ
1685 5784 1822 5852 μετὰ

240 5888 418 5959 βραχὺ
450 5886 549 5956 τῆς
576 5883 749 5959 ἀρχῆς
785 5882 993 5951 ὲκπεσῇ
1018 5895 1029 5908 ·
1064 5879 1223 5933 τοῦτο
1252 5877 1409 5948 γὰρὴ
1445 5875 1583 5947 τομὴ
1607 5876 1813 5960 ἐδήλουο

1918 4695 1976 4749 ἱη
2008 4708 2069 4747 ea
2106 4688 2452 4744 habitabant.
2491 4682 2699 4738 Deinde
2731 4696 2835 4734 vox
2869 4687 3093 4748 quoque
3124 4674 3374 4745 quaedam
3408 4688 3499 4727 re-

1919 4794 2083 4857 pente
2110 4798 2177 4838 ex
2204 4782 2313 4835 alto
2345 4778 2578 4843 exstitit,
2599 4790 2720 4846 qua:
2747 4772 2976 4844 jubebat
3000 4770 3252 4825 arborem
3277 4766 3497 4821 exscin-

1923 4881 2075 4942 dere,
2107 4876 2282 4932 soluni
2317 4881 2499 4927 autem
2550 4869 2753 4924 dimitti
2812 4880 3039 4937 germen
3109 4862 3332 4917 radicis.
3370 4857 3501 4913 Fuit

1922 4974 2107 5041 itaque
2133 4968 2338 5028 excisa,
2361 4976 2418 5020 et
2457 4965 2579 5035 ejus
2620 4961 2749 5017 folia
2779 4966 3003 5027 repente
3043 4954 3374 5009 eilluxerunt
3399 4966 3412 5001 :
3442 4956 3501 5002 et

1924 5080 2047 5135 quae
2097 5070 2256 5117 erant
2289 5062 2344 5114 in
2377 5073 2464 5121 ea,
2499 5070 2693 5110 omnes
2746 5052 3055 5107 animantes
3101 5060 3158 5101 et
3218 5043 3496 5105 volucres,

1924 5159 2035 5212 cito
2065 5158 2431 5211 recesserunt.
2463 5149 2642 5219 Atque
2675 5148 2779 5201 fuit
2811 5144 3034 5213 quidem
3068 5141 3173 5194 Iioc
3200 5137 3499 5193 somnium.

1927 5254 2043 5307 Rex
2081 5258 2262 5305 autem
2294 5262 2324 5301 e
2354 5260 2550 5301 somno
2581 5243 2873 5303 excitatus,
2906 5238 3073 5305 Magis
3106 5246 3298 5287 rursus
3333 5242 3497 5283 voca-
3575 5299 3577 5301 ι

1927 5344 1998 5397 tis
2029 5346 2209 5395 narrat
2233 5338 2311 5402 id,
2345 5334 2491 5407 quod
2517 5334 2695 5388 visum
2715 5330 2895 5386 fuerat
2926 5346 2939 5381 :
2980 5337 3037 5381 et
3067 5324 3230 5379 simul
3267 5319 3503 5390 rogavit,

1930 5443 1991 5487 ut
2016 5431 2285 5492 dicerent,
2323 5426 2587 5497 quidnam
2622 5421 2978 5494 significaret.
3034 5417 3211 5486 Atque
3265 5414 3507 5466 aliorum

1930 5521 2152 5592 quidem
2188 5520 2370 5572 nullus
2399 5517 2577 5587 potuit
2613 5514 2796 5569 statim
2836 5511 3084 5565 invenire
3130 5502 3497 5577 significatio-

1931 5590 2079 5671 nem,
2109 5616 2165 5662 et
2198 5605 2414 5675 aperire
2441 5606 2552 5675 regi
2578 5603 2838 5674 quidnam
2880 5607 3026 5656 esset
3068 5597 3313 5652 futurum
3350 5610 3362 5647 :
3391 5590 3501 5645 Da-

1932 5701 2041 5754 niel
2099 5714 2230 5752 vero
2259 5699 2411 5753 solus
2473 5698 2578 5752 hoc
2623 5695 2858 5765 conjecit
2890 5710 2903 5747 :
2940 5703 2995 5747 et
3046 5690 3249 5750 evenit.
3281 5686 3425 5742 sicut
3456 5682 3505 5735 is

1932 5790 2276 5858 praedixerat.
2296 5788 2441 5842 Dixit
2473 5789 2617 5841 enim
2655 5804 2667 5838 :
2700 5784 2781 5839 Tu
2813 5799 2873 5838 es
2895 5783 3061 5837 arbor
3087 5794 3249 5851 quam
3290 5772 3501 5836 vidisti,

1931 5900 1962 5935 ο
1997 5899 2108 5937 rex.
2144 5882 2261 5937 Non
2294 5883 2465 5939 multo
2499 5889 2617 5951 post
2649 5888 2829 5935 autem
2866 5878 3085 5934 excides
3115 5875 3183 5931 ab
3240 5870 3498 5941 imperio-
