4180 6498
684 428 791 493 383

1984 424 2267 487 MENSIS
2311 420 2602 490 JULlUS.

3844 428 3952 491 εει

686 544 791 598 hoc
828 543 974 596 enim
998 543 1342 615 signiﬁcabat
1376 544 1569 601 sectio.
1610 545 1814 601 Deinde
1866 542 2033 599 etiam
2094 543 2262 597 vitam

2389 539 2488 596 ,ἶτα
2520 544 2613 595 καὶ
2642 543 2851 613 οηρίοις
2885 543 2986 614 ἔσῃ
3023 544 3474 613 συνδιαιτώμενος
3512 543 3603 598 καὶ
3643 545 3845 614 χόρτον
3879 544 3957 599 ὡς

686 651 813 705 ages
846 637 1008 691 simul
1041 654 1166 691 cum
1200 639 1353 702 feris,
1385 649 1441 694 et
1471 641 1600 694 feno
1640 639 1885 709 pasceris
1942 638 2087 693 sicut
2117 636 2258 691 bos:

686 741 923 797 cumque
981 729 1060 783 sic
1085 740 1294 799 septem
1319 732 1480 785 annis
1505 731 1704 787 vixeris
1737 732 1789 784 in
1815 728 2138 789 solitudine,
2161 729 2265 783 im-

690 819 903 888 perium
960 837 1152 877 rursus
1207 823 1461 892 accipies.
1498 822 1612 879 Hoc
1675 824 1819 878 enim
1862 822 1969 878 sibi
2010 822 2127 875 vult
2161 837 2263 874 vox

691 909 803 973 illa,
842 910 937 965 sed
984 927 1208 982 germen
1250 913 1496 967 radicum
1544 914 1826 968 dimittite.
1872 915 2197 982 Propterea,
2231 926 2265 965 o

690 1016 808 1067 rex,
841 1004 939 1057 tibi
1008 1019 1189 1058 meum
1255 1006 1465 1075 placeat
1499 1008 1815 1072 consilium,
1848 1017 1904 1061 et
1942 1006 2267 1075 iniquitates

692 1103 817 1149 tuas
872 1097 1235 1168 eleemosynis
1269 1099 1499 1163 redime,
1529 1109 1585 1153 et
1623 1109 1845 1169 peccata
1880 1109 1971 1153 tua
2012 1100 2067 1153 in
2105 1098 2269 1152 mise-

694 1188 1004 1243 rationibus
1038 1204 1343 1258 paupernm
1376 1208 1388 1242 :
1427 1202 1482 1245 et
1515 1190 1747 1247 fortasse
1791 1193 1845 1246 in
1900 1190 2012 1247 tuis
2054 1190 2271 1245 delictis

693 1278 1046 1332 exercebitur
1072 1280 1270 1335 lenitas
1298 1290 1353 1335 et
1379 1282 1666 1351 patientia.

768 1368 832 1425 Χ.
861 1371 1037 1440 Atque
1059 1371 1173 1427 haec
1196 1374 1417 1442 quidem
1447 1383 1634 1441 poslea
1657 1382 1979 1437 evenerunt,
2009 1383 2065 1429 et
2106 1372 2270 1429 linem

696 1471 1052 1530 acceperunt,
1079 1464 1223 1518 sicut
1250 1464 1465 1519 dixerat
1499 1465 1711 1521 Daniel.
1735 1466 1872 1523 Cum
1902 1468 2048 1523 enim
2095 1468 2274 1524 dictos

699 1563 910 1621 septem
952 1570 1127 1611 annos
1164 1566 1417 1612 versatus
1445 1567 1593 1614 esset
1615 1575 1708 1614 rex
1737 1558 1791 1614 in
1821 1561 2142 1624 solitudine.
2173 1576 2275 1616 ne-

699 1660 806 1714 que
832 1648 975 1701 ullus
999 1659 1146 1704 esset
1190 1665 1361 1704 ausus
1397 1666 1626 1720 regnum
1657 1653 1903 1723 aggredi,
1942 1651 2115 1708 Deum
2145 1667 2274 1722 pre-

700 1748 876 1801 catus.
916 1749 974 1793 ut
1002 1757 1163 1796 suum
1194 1758 1421 1813 regnum
1444 1744 1739 1813 reciperet,
1762 1759 1888 1799 cum
1920 1744 2273 1799 successione

702 1835 962 1900 potentiae
992 1836 1263 1892 excelsam
1304 1853 1496 1892 rursus
1544 1847 1783 1892 mentem
1826 1838 2079 1901 induens,
2114 1836 2169 1890 in
2192 1851 2279 1891 re-

702 1940 868 1993 gnum
926 1928 1224 1984 revertitur
1259 1947 1273 1984 :
1324 1940 1377 1985 et
1412 1946 1537 1985 cum
1576 1938 1860 1997 regnasset
1909 1929 2277 2005 quadraginta

706 2025 817 2071 tres
849 2034 1042 2081 annos,
1082 2020 1300 2074 excedit
1336 2036 1366 2075 e
1401 2022 1511 2074 vita
1540 2038 1555 2074 :
1586 2020 1670 2074 vir
1704 2020 1758 2074 in
1811 2019 1978 2075 rebus
2022 2018 2279 2089 gerendis

704 2120 831 2158 acer
854 2116 909 2160 et
942 2108 1258 2169 vehemens.
1288 2120 1342 2162 et
1369 2124 1586 2173 eorum,
1624 2110 1715 2178 qui
1748 2111 1930 2178 ipsum
1991 2122 2282 2177 praecesse-

706 2206 857 2259 runt.
895 2213 1122 2269 regnum
1184 2200 1346 2271 longe
1406 2201 1780 2256 felicissimus.
1816 2201 1945 2256 Post
1992 2200 2279 2254 decessum

704 2300 888 2343 autem
924 2291 1506 2357 Nabuchodonosoris,
1541 2295 1658 2364 ejus
1692 2292 1837 2348 illius
1868 2308 2093 2363 regnum
2160 2308 2280 2347 sus-

704 2384 839 2452 cipit
873 2385 1004 2452 :qui
1068 2387 1253 2439 statim
1290 2388 1608 2440 Jechoniam
1652 2402 1833 2455 regem
1880 2386 2281 2455 Hierosolymo-

706 2492 850 2537 rum,
881 2491 1043 2545 quem
1084 2487 1239 2545 paler
1261 2478 1772 2533 Nabuchodonosor
1799 2478 2072 2547 captivum
2117 2477 2283 2532 duxe-

716 2574 799 2617 rat
828 2565 1244 2637 HierOsolymis,
1290 2568 1509 2623 solvens
1538 2584 1569 2623 e
1610 2569 1864 2631 vinculis.
1900 2568 2090 2623 habuit
2138 2569 2283 2623 inter

707 2654 915 2708 amicos
947 2657 1180 2711 maxime
1210 2660 1554 2713 necessarios
1587 2662 1673 2713 :ei
1712 2660 1925 2714 donans
1962 2662 2133 2713 multa
2160 2678 2283 2713 mu-

709 2759 865 2807 nera,
902 2754 957 2799 et
1007 2747 1217 2800 honore
1276 2748 1518 2802 alliciens
1564 2749 1709 2802 inter
1736 2764 1854 2812 eos,
1902 2750 1996 2818 qui
2036 2759 2190 2803 erant
2225 2750 2279 2803 in

711 2850 879 2903 regno
940 2837 1386 2908 Babyloniorum.
1448 2839 1780 2895 Nihil'enim
1824 2841 1953 2894 boni
2004 2841 2283 2895 Jechonize

707 2930 936 2984 omnino
989 2932 1309 2985 ostenderat
1364 2944 1520 3001 pater
1578 2933 2130 2989 Nabuchodonosor:
2189 2934 2283 2993 sed

709 3035 835 3072 eum
863 3021 917 3075 in
954 3023 1185 3079 vinculis
1221 3024 1440 3077 tenebat
1477 3035 1532 3078 et
1582 3024 1875 3095 aﬂligebat,
1910 3026 2035 3080 etsi
2084 3024 2286 3080 Jecho-

713 3113 831 3165 nias
858 3113 1065 3167 fecerat
1100 3131 1212 3168 rem
1243 3117 1718 3181 humanissimam,
1746 3129 1802 3173 et
1836 3119 2056 3190 dignam
2096 3120 2287 3175 multis

2373 636 2501 707 βοῦν
2523 636 2798 707 ψωμιοῦσί
2830 655 2888 690 σε
2914 654 2926 667 ·
2958 639 3053 691 καὶ
3080 638 3339 706 διαζήσας
3369 636 3540 699 οὕτως
3570 638 3661 690 ἐπὶ
3692 636 3797 705 τῆς
3826 638 3956 706 ἔρη-

2375 729 2498 798 μίας
2526 729 2749 798 χρόνους
2782 729 2940 795 ὲττά,
2971 727 3127 791 αὖθις
3152 728 3247 795 τὴν
3268 729 3443 799 ἀρχὴν
3474 728 3731 802 ἀπολήψῃ
3751 744 3766 758 ⁸
3793 725 3959 780 τοῦτο

2371 821 2480 890 γὰρ
2516 821 2547 889 ἡ
2578 822 2760 889 φωνή·
2796 820 2940 889 Πλὴν
2973 819 3070 890 τὴν
3099 821 3235 891 φυὴν
3259 820 3369 873 τῶν
3406 820 3569 890 ρἱων
3596 821 3819 873 ἐάσατε.
3863 821 3960 872 Διά

2371 912 2551 977 τοῦτο,
2575 906 2618 964 ὦ
2643 911 2941 983 βασιλεῦ,ή
2977 896 3137 982 βουλή
3173 931 3273 982 μου
3304 914 3557 983 ἀρεσάτω
3588 929 3694 976 σοι,
3732 914 3827 964 καὶ
3858 913 3958 976 τὰς

2376 1004 2599 1071 ἀνομίας
2626 1017 2720 1054 σου
2745 1004 2801 1054 ὲν
2824 1002 3215 1071 ἐλεημοσύναις
3240 1003 3513 1073 λύτρωσαι
3542 1002 3634 1055 καὶ
3655 1003 3757 1064 τὰς
3782 1002 3961 1069 ἀμαρ-

2372 1092 2495 1154 τίας
2529 1108 2624 1145 σου
2662 1093 2718 1142 ὲν
2753 1092 3056 1161 οἰκτιρμοῖς
3086 1095 3335 1163 πενήτων
3360 1110 3373 1124 ·
3412 1095 3539 1157 ἴσως
3568 1093 3722 1146 ἔσται
3754 1109 3963 1162 μακροο

2378 1181 2543 1252 θυμία
2574 1184 2687 1245 τοῖς
2719 1184 3129 1254 παραπτώμασί
3154 1201 3267 1239 σου.

2449 1368 2508 1421 Ρ.
2562 1366 2749 1438 Ἐξέϐη
2786 1366 2885 1436 μὶν
2917 1366 3145 1436 ὕστερον
3187 1366 3357 1421 ταῦτα
3384 1368 3475 1420 καὶ
3514 1367 3665 1429 τέλος
3706 1366 3960 1436 εἴληφεν,

2377 1457 2451 1522 ὡς
2475 1459 2503 1511 6
2534 1460 2732 1531 Δανιὴλ
2758 1460 2974 1530 εἰρήκει
2993 1472 3007 1487 ·
3040 1457 3323 1528 διατρίψας
3352 1458 3458 1527 γὰρ
3484 1457 3574 1510 ἐπὶ
3597 1457 3697 1523 τῆς
3722 1456 3963 1525 ἐρημίας

2380 1554 2408 1606 6
2451 1551 2703 1623 βασιλεὺς
2741 1552 2832 1605 τὸν
2869 1550 3160 1622 είρημένον
3204 1550 3442 1620 ἐπτεστῆ
3496 1549 3711 1621 χρόνον,
3744 1550 3964 1613 οὐδενος

2379 1644 2750 1714 τολμήσαντος
2786 1642 3070 1696 ἐπιθέσθαι
3111 1644 3224 1705 τοῖς
3262 1642 3567 1710 πράγμασι,
3598 1646 3690 1695 καὶ
3731 1641 3953 1713 δεηθεὶς

2380 1736 2475 1789 τοῦ
2515 1735 2649 1788 Θεοῦ
2684 1738 2783 1804 τὴν
2821 1735 3097 1805 βασιλείαν
3135 1734 3289 1798 αὖθις
3333 1735 3651 1799 ἀπολαϐεῖν,
3706 1731 3832 1789 εἶτα
3875 1736 3966 1787 καὶ

2384 1829 2475 1881 τὸν
2501 1827 2850 1898 ὑψηλόφρονα
2880 1827 3005 1880 νοῦν
3076 1830 3140 1897 τῇ
3172 1827 3391 1897 διαδοχῇ
3421 1827 3514 1880 τοῦ
3550 1829 3790 1897 κράτους
3841 1845 3967 1880 συν-

2383 1917 2607 1982 αποδὺς,
2651 1918 2813 1969 πάλιν
2859 1919 2940 1978 εἰς
2982 1917 3154 1986 αὐτὴν
3185 1917 3544 1988 ἐπανέρχεται
3577 1916 3672 1970 καὶ
3705 1917 3804 1985 ἔτη
3842 1918 3968 1986 τρία

2383 2012 2479 2063 καὶ
2532 2009 2939 2077 τεσσαράκοντα
2993 2009 3341 2077 βασιλεύσας,
3392 2009 3618 2079 τελευτᾷ
3670 2010 3770 2062 τὸν
3831 2009 3967 2080 βίον,

2381 2100 2521 2172 ἀνὴρ
2552 2102 2883 2171 δραστήριος
2916 2103 3009 2153 καὶ
3040 2100 3150 2153 τῶν
3178 2101 3281 2171 πρὸ
3308 2100 3473 2153 αὐτοῦ
3508 2100 3776 2170 βασιλέων
3819 2102 3970 2169 γενό-

2385 2208 2545 2262 μενος
2590 2192 3004 2261 εὐτυχέστατος.
3043 2192 3197 2245 Μετὰ
3227 2192 3284 2245 δὲ
3331 2192 3431 2261 τὴν
3460 2191 3722 2262 τελευτὴν
3752 2194 3973 2246 Ναϐου-

2382 2281 2687 2351 χοδονόσορ,
2715 2283 2743 2334 6
2785 2285 2914 2344 παῖς
2944 2280 3113 2334 αὐτοῦ
3141 2283 3239 2351 τὴν
3272 2281 3552 2350 βασιλείαν
3588 2283 3967 2353 παραλαμϐἀο

2384 2389 2488 2437 νει,
2506 2374 2563 2435 ὃς
2583 2373 2744 2435 εὐθὺς
2767 2374 2863 2425 τὸν
2878 2374 2987 2426 τῶν
3016 2373 3405 2443 Ἰεροσολύμων
3428 2374 3653 2444 βασιλέα
3679 2377 3967 2446 Ἰεχονίαν,

2383 2464 2442 2517 ὃν
2472 2466 2499 2516 6
2527 2466 2708 2536 πατὴρ
2738 2463 3208 2535 Ναϐουχοδονόσορ
3237 2466 3581 2536 αίχμάλωτον
3620 2468 3835 2539 ᾗγαγεν
3861 2472 3970 2523 ἀπὸ

2383 2561 2481 2628 τῆς
2524 2557 2902 2628 Ἰερουσαλὴμ,
2934 2558 3045 2610 τῶν
3088 2559 3305 2628 δεσμῶν
3346 2560 3516 2623 ἀνεὶς,
3543 2562 3598 2613 ἐν
3644 2565 3758 2624 τοῖς
3799 2564 3970 2625 ἀναγ-

2386 2651 2693 2712 καιοτάτοις
2723 2650 2831 2701 τῶν
2856 2651 3023 2718 φίλων
3051 2646 3183 2720 εἶχε,
3210 2652 3407 2715 πολλάς
3431 2653 3578 2721 αὐτῷ
3601 2653 3817 2722 δωρεάς
3847 2656 3970 2717 δοὺς

2388 2742 2481 2795 καὶ
2516 2745 2747 2813 ποιήσας
2820 2743 3037 2812 ἔντιμον
3068 2745 3159 2796 ἐπὶ
3186 2743 3294 2797 τῶν
3330 2746 3389 2798 ὲν
3423 2748 3487 2816 τῇ
3516 2745 3840 2817 Βαϐυλωνία
3872 2748 3971 2815 βα-

2388 2835 2613 2909 σιλέων·
2651 2836 2750 2887 οὐκ
2781 2830 2849 2906 ἦν
2884 2836 2991 2906 γὰρ
3026 2836 3161 2899 ὅλως
3192 2837 3395 2906 ἀγαθόν
3433 2855 3485 2891 τι
3522 2838 3658 2908 πρὸς
3712 2838 3971 2909 Ἰεχονίαν

2388 2928 2761 2997 ἐνδειξάμενος
2785 2931 2812 2981 6
2839 2929 3027 2981 τούτου
3056 2930 3237 3000 πατὴρ
3262 2930 3755 3002 Ναϐουχοδονόσορ,
3778 2932 3896 2984 ἀλλ’
3919 2936 3973 2985 ἐν

2387 3018 2609 3087 δεσμοῖς
2642 3015 2789 3089 εῖχεν
2821 3022 2985 3074 αὑτὸν
3011 3023 3103 3073 καὶ
3135 3025 3197 3091 τῇ
3238 3022 3372 3091 ἄλλῃ
3402 3022 3664 3085 κακώσει,
3696 3026 3881 3076 καίτοι
3911 3041 3972 3087 γε

2404 3110 2653 3180 Ἰεχονίου
2724 3112 2959 3181 πρᾶγμα
3008 3112 3526 3182 φιλανθρωπότατον
3590 3115 3685 3167 καὶ
3758 3115 3973 3181 πολλῷν

714 3203 991 3270 laudibus,
1017 3215 1073 3259 ut
1106 3207 1198 3276 qui
1228 3209 1471 3279 seipsum
1533 3211 1835 3266 tradiderat
1867 3228 1990 3267 cum
2028 3215 2284 3269 uxoribus

2394 3204 2541 3270 ἀξιον
2568 3207 2805 3259 ἐπαίνων
2842 3207 3241 3278 ἐργασαμένου,
3277 3207 3351 3270 ὡς
3383 3206 3448 3259 ἂν
3475 3207 3667 3259 ἑαυτὸν
3695 3207 3975 3277 παραδόν-

712 3304 767 3349 ει
800 3295 1014 3360 liberis,
1046 3308 1099 3351 et
1139 3308 1255 3353 toto
1301 3317 1502 3371 genere
1536 3304 1791 3359 manibus
1828 3304 2283 3377 Babyloniorum,

714 3404 785 3443 ne
846 3390 981 3445 urbs
1026 3391 1095 3447 ab
1148 3393 1405 3449 hostibus
1438 3408 1595 3466 capta
1637 3408 2029 3455 everteretur:
2084 3408 2144 3456 ut
2174 3403 2290 3457 haec

714 3480 863 3549 leges
892 3482 1035 3550 apud
1072 3484 1371 3553 Josephum
1404 3499 1725 3542 narrantem
1758 3491 2096 3560 singulatim.
2151 3491 2289 3547 Cum

714 3585 900 3626 autem
940 3576 983 3627 is
1013 3590 1231 3645 quoque
1260 3592 1291 3630 e
1325 3578 1433 3631 vita
1489 3580 1835 3641 decessisset.
1880 3592 2168 3653 postquam
2200 3600 2291 3640 re-

715 3675 932 3731 gnasset
960 3667 1267 3721 octodecim
1308 3685 1503 3732 annos,
1539 3670 1660 3739 ejus
1706 3672 1852 3725 filius
1883 3672 1933 3727 ei
1963 3673 2211 3728 succedit
2234 3675 2291 3729 in

719 3757 953 3824 imperio
988 3776 999 3809 :
1028 3760 1175 3825 quod
1209 3776 1335 3813 cum
1365 3764 1637 3816 tenuisset
1696 3765 2057 3833 quadraginta
2095 3782 2289 3833 annos,

718 3864 750 3903 c
782 3850 891 3903 vita
922 3850 1155 3905 excedit.
1191 3852 1397 3907 Deinde
1437 3853 1721 3908 Balthasar
1752 3872 1970 3926 quoque
2014 3858 2134 3926 ejus
2194 3873 2292 3911 ne—

722 3955 821 4007 pos
886 3940 945 3994 fit
1011 3943 1183 3998 haeres
1238 3946 1475 4012 imperii.
1510 3947 1628 3999 Non
1693 3948 1926 4001 multum
1985 3950 2295 4003 intercessit

723 4033 1012 4100 temporis,
1044 4046 1097 4087 et
1134 4034 1307 4104 Cyrus
1337 4051 1430 4089 rex
1459 4035 1770 4097 Persarum.
1800 4048 1856 4091 et
1886 4039 2080 4094 Darius
2116 4040 2295 4094 Medo—

725 4140 867 4185 rum,
921 4124 1327 4192 expeditionem
1382 4129 1693 4195 suscipiunt
1754 4130 2018 4185 adversus
2068 4130 2299 4202 Babylo~

724 4230 872 4267 nem.
910 4214 1175 4269 Cancrum
1208 4232 1585 4287 cumreguum
1624 4222 1928 4289 accepisset
1990 4223 2295 4289 Ballhasar,

723 4322 779 4365 et
824 4309 1025 4363 accidit
1057 4324 1260 4363 novum
1293 4312 1553 4381 quidnam
1587 4323 1642 4366 et
1671 4313 2079 4384 prodigiosum.

797 4490 889 4548 XI.
932 4490 1305 4545 Accumbcbat
1344 4493 1456 4557 ille,
1502 4508 1726 4547 cmnans
1769 4492 1821 4548 in
1866 4510 2055 4564 magna
2110 4494 2295 4556 domo,

2392 3313 2483 3358 τος
2531 3298 2628 3350 σὺν
2658 3297 2772 3367 ἅμα
2808 3296 3029 3364 γυναιξὶ
3060 3297 3152 3349 καὶ
3181 3297 3388 3358 τέκνοις
3440 3296 3533 3349 καὶ
3570 3296 3679 3363 ὅλῳ
3706 3297 3786 3365 τῷ
3822 3300 3973 3363 γένει

2392 3388 2549 3456 χερσὶ
2572 3387 2681 3440 τῶν
2710 3388 3090 3451 Βαϐυλωνίων,
3120 3388 3206 3440 ἵνα
3252 3387 3326 3458 μὴ
3354 3387 3537 3457 ἐκείνη
3586 3389 3971 3458 κατασκαφείη

2388 3479 2655 3549 ληφθεῖσα
2708 3480 2813 3533 ὑπὸ
2850 3481 2958 3533 τῶν
3008 3481 3304 3551 πολεμίων,
3338 3480 3413 3545 ὡς
3459 3480 3750 3552 Ἰωσήππῳ
3802 3482 3972 3535 ταῦτα

2394 3570 2536 3623 κατὰ
2574 3572 2738 3641 μέρος
2774 3572 3003 3644 ἐντεύξῃ
3028 3572 3393 3643 διηγουμένῳ.
3431 3571 3872 3643 Τελευτήσαντος
3918 3575 3972 3627 δὲ

2393 3665 2484 3715 καί
2524 3662 2714 3714 τούτου
2750 3664 2888 3732 μετά
2918 3665 3009 3731 ἔτη
3044 3665 3417 3718 ὀκτωκαίδεκα
3459 3666 3553 3735 τῆς
3602 3666 3906 3734 βασιλείας,
3950 3670 3977 3719 6

2394 3757 2523 3818 παῖς
2556 3753 2721 3807 αὐτοῦ
2759 3756 2859 3825 τὴν
2890 3756 3068 3825 ἀρχὴν
3095 3756 3399 3825 διαδέχεται
3439 3758 3530 3809 καὶ
3564 3757 3862 3827 κατασχὼν
3884 3761 3974 3812 αύ-

2392 3848 2490 3914 τὴν
2524 3849 2613 3901 ἐπὶ
2645 3848 3054 3919 τεσσαράκοντα
3099 3848 3215 3915 ἐτη,
3248 3848 3611 3917 καταστρέφει
3662 3848 3755 3901 τὸν
3828 3851 3973 3922 βίον·

2397 3937 2513 3993 εἶτα
2540 3942 2633 3993 καὶ
2653 3940 2941 4009 Βαλτάσαρ
2966 3943 2991 3994 6
3013 3940 3204 3994 τούτου
3227 3942 3489 4008 ἀπόγονος
3518 3942 3858 4012 κληρονόμος
3883 3945 3976 4011 τῆς

2396 4035 2573 4102 ἀρχῆς
2623 4032 2869 4100 γίνεται·
2904 4033 2964 4085 οὐ
3020 4034 3188 4097 πολὺς
3209 4034 3358 4104 ιρρει
3404 4034 3465 4085 τὸ
3493 4034 3699 4101 μεταξὺ
3749 4038 3972 4105 χρόνος,

2399 4128 2494 4176 καὶ
2526 4126 2708 4194 Κύρος
2737 4127 2763 4176 6
2792 4124 3011 4195 Περσῶν
3040 4125 3287 4195 βασιλεὺς
3320 4125 3413 4177 καὶ
3456 4125 3677 4192 Δαρεῖος
3724 4125 3753 4175 6
3778 4125 3978 4194 Μήδων

2400 4216 2857 4287 ἐπιστρατεύουσι
2891 4218 3033 4268 κατά
3060 4215 3378 4279 Βαϐυλῶνος
3398 4231 3414 4247 ·
3444 4215 3582 4283 πλὴν
3607 4214 3744 4267 ἀλλὰ
3774 4217 3971 4268 Balti-

2402 4324 2505 4379 σαρ
2544 4308 2641 4379 τὴν
2666 4307 2940 4378 βασιλείαν
2967 4306 3396 4378 παραλαϐόντος,
3426 4304 3609 4359 καινόν
3650 4322 3704 4359 τι
3755 4310 3853 4361 καὶ⁵
3890 4326 3973 4363 τε·

2404 4417 2626 4469 ραστιον
2655 4394 2766 4452 οἷον
2799 4400 3139 4469 συμϐέϐηκε.

2473 4490 2577 4546 lA'.
2601 4493 2910 4547 -Κατέκειτο
2930 4493 3030 4564 μὲν
3064 4493 3174 4563 γάρ
3211 4494 3415 4559 ἐκεῖνος
3450 4497 3705 4563 δειπνῶν,
3749 4501 3809 4551 ὲν
3850 4500 3980 4569 οίκῳ

726 4593 782 4637 et
811 4586 950 4637 facta
994 4584 1058 4637 ad
1092 4586 1343 4639 convivia
1373 4585 1594 4653 regalia,
1642 4601 1765 4639 cum
1814 4588 1929 4642 suis
1974 4588 2284 4642 concubinis

2413 4584 2632 4655 μεγάλῳ
2659 4588 2747 4638 καὶ
2785 4587 2922 4655 πρὸς
2961 4588 3233 4649 ἑστιάσεις
3274 4591 3623 4658 πεποιημένῳ
3666 4565 3980 4658 βασιλικάς,

727 4682 783 4727 et
816 4673 1031 4727 amicis.
1060 4672 1180 4741 Ipse
1204 4685 1411 4737 autem,
1439 4690 1563 4729 cum
1588 4675 1667 4730 sic
1697 4676 1747 4728 ei
1782 4676 1958 4730 visum
1991 4687 2157 4741 esset,
2189 4693 2300 4746 pra:

731 4782 923 4835 magna
973 4768 1281 4836 arrogantia
1322 4769 1475 4837 jubet
1503 4784 1533 4823 e
1578 4784 1678 4823 suo
1710 4770 1911 4839 templo
1954 4768 2138 4825 afferri
2171 4786 2297 4824 vasa

733 4860 851 4921 Dei,
883 4875 1003 4927 quae
1036 4860 1546 4915 Nabuchodonosor
1575 4865 1695 4933 ejus
1721 4880 1855 4917 avus
1876 4880 1999 4918 cum
2030 4864 2303 4934 rapuisset

736 4948 1146 5019 Hierosolymis,
1192 4950 1258 5005 iis
1307 4967 1651 5023 nequaquam
1698 4970 1829 5008 usus
1876 4954 2075 5019 fuerat,
2104 4957 2196 5009 sed
2248 4956 2304 5008 in

736 5056 836 5092 suo
877 5042 1081 5109 templo
1128 5043 1215 5110 pie
1262 5042 1613 5112 deposuerat.
1663 5045 1762 5099 llic
1807 5062 1937 5101 vero
1992 5048 2306 5103 inconside-

739 5142 854 5185 rata
913 5142 969 5186 et
1018 5148 1046 5186 a
1091 5136 1303 5191 ratione
1357 5137 1537 5191 aliena
1610 5137 1866 5193 inductus
1919 5139 2167 5203 audacia,
2226 5140 2307 5194 eis

740 5225 1028 5289 utebatur;
1076 5235 1131 5281 et
1163 5230 1292 5281 dum
1342 5228 1556 5283 biberet
1602 5237 1657 5285 et
1691 5230 2011 5285 maledicam
2062 5231 2303 5300 linguam

740 5326 986 5371 moveret
1027 5318 1290 5375 adversus
1320 5320 1628 5387 Excelsum,
1658 5338 1725 5377 ex
1759 5324 1970 5390 pariete
2005 5323 2154 5378 videt
2191 5337 2303 5375 ma-

739 5425 871 5462 num
935 5411 1347 5479 procedentem,
1409 5425 1465 5469 et
1510 5415 1561 5468 in
1619 5431 1777 5470 muro
1830 5408 2063 5486 syllabas
2115 5414 2307 5469 inscri-

744 5499 981 5553 bentem.
1025 5500 1396 5557 Conturbatus
1437 5519 1564 5558 vero
1598 5519 1627 5557 a
1659 5504 1893 5564 visione.
1923 5504 2104 5572 Magos
2138 5502 2302 5555 simul

742 5600 797 5643 et
837 5590 1140 5658 Chaldaeos,
1198 5602 1252 5647 et
1307 5590 1579 5664 quotquot
1650 5606 1810 5650 erant
1859 5595 2131 5665 Babylone
2185 5596 2306 5667 ejus

742 5684 979 5750 generis,
1018 5685 1112 5753 qui
1161 5696 1415 5754 peterant
1465 5686 1618 5757 signa
1669 5697 1724 5746 et
1770 5687 1956 5741 futura
2007 5689 2302 5757 conjicere,

816 5870 889 5935 (1)
924 5869 1333 5930 livilnmrodaclt
1371 5873 1612 5926 nomine.

2411 4680 2545 4747 μετά
2583 4681 2693 4732 τῶν
2737 4678 3074 4731 παλλακίδων
3114 4679 3277 4731 αὐτοῦ
3309 4682 3403 4734 καὶ
3441 4681 3548 4734 τῶν
3589 4682 3791 4749 φίλωνο
3822 4684 3980 4745 αύτδς

2406 4772 2462 4824 δὲ
2489 4772 2631 4823 οὕτω
2653 4771 2807 4835 δόξαν
2834 4774 2896 4824 ὲκ
2922 4771 3121 4837 πολλῆς
3148 4773 3403 4841 ἀπονοίας
3420 4774 3750 4842 κομισθῆναι
3769 4776 3981 4829 κελεύει

2408 4862 2500 4914 τοῦ
2530 4861 2657 4914 ίδίου
2692 4862 2818 4914 ναοῦ
2841 4862 2909 4914 τά
2938 4860 3031 4914 τοῦ
3058 4860 3195 4913 Θεοῦ
3224 4866 3417 4932 σκεύη,
3444 4861 3479 4916 ἀ
3505 4862 3982 4935 Ναϐουχοδονόσορ

2408 4954 2436 5006 6
2466 4954 2657 5007 τούτου
2685 4958 2903 5018 πάππος
2946 4955 3181 5025 συλήσας
3212 4956 3275 5008 ἐκ
3302 4956 3409 5009 τῶν
3442 4954 3861 5027 Ἰεροσολύμων,
3887 4958 3981 5010 οὐκ

2410 5049 2607 5118 ἐχρῆτο
2634 5049 2752 5117 μὲν,
2784 5052 2862 5109 είς
2887 5049 2942 5101 δὲ
2972 5048 3062 5101 τὸν
3096 5048 3262 5102 αὐτοῦ
3291 5048 3415 5102 ναδν
3450 5048 3697 5111 εὐλαϐῶς
3746 5048 3981 5102 κατατέ-

2408 5141 2589 5193 θεικεν
2607 5157 2622 5173 ·
2650 5132 2803 5202 οὗτος
2835 5138 2889 5191 δὲ
2916 5138 3105 5209 Θράσει
3138 5139 3430 5210 προαχθεὶς
3460 5138 3641 5210 ἀλόγῳ
3669 5140 3870 5209 ἐχρῆτο
3894 5141 3979 5192 καὶ

2414 5232 2618 5300 μεταξὺ
2679 5231 2847 5283 πίνων
2891 5234 2984 5283 καὶ
3039 5230 3361 5301 βλάσφημον
3394 5230 3644 5299 γλῶτταν
3695 5232 3840 5283 κατά
3890 5229 3978 5283 τοῦ

2414 5322 2679 5391 ’Υψίστου
2707 5322 2894 5386 κινῶν,
2925 5323 2986 5374 ὲκ
3009 5322 3101 5374 τοῦ
3130 5323 3345 5391 τείχους
3370 5323 3470 5392 ὁρᾷ
3501 5322 3656 5391 χεῖρα
3686 5320 3979 5391 προϊοῦσαν

2413 5415 2506 5468 καὶ
2544 5414 2621 5485 τῷ
2652 5415 2813 5485 τοίχῳ
2841 5415 2993 5479 τινὰς
3030 5414 3304 5478 συλλαϐάς
3348 5415 3754 5484 ἐγγράφουσαν.
3802 5415 3979 5485 Ταρα-

2406 5506 2561 5575 .χοεὶς
2592 5507 2646 5559 δὲ
2683 5508 2787 5561 ὑπὸ
2818 5506 2913 5576 τῆ;
2941 5506 3135 5575 ὅψεως,
3169 5507 3379 5574 μάγους
3406 5505 3521 5575 ἃμα
3558 5504 3650 5557 καὶ
3681 5504 3978 5567 Χαλδαίους

2414 5599 2510 5651 καὶ
2549 5600 2657 5652 πᾶν
2706 5599 2865 5651 τοῦτο
2907 5599 2972 5650 τὸ
3005 5599 3181 5666 γένος,
3221 5599 3347 5650 ὅσον
3390 5593 3458 5669 ἦν
3508 5599 3567 5649 ὲν
3616 5596 3977 5658 Βαϐυλωνίοις

2416 5692 2619 5762 σημεῖά
2641 5709 2697 5745 τε
2729 5691 2820 5744 καὶ
2850 5690 3101 5760 ὀνείρατα
3132 5690 3341 5760 κρίνειν
3370 5689 3529 5754 είδὸς,
3562 5688 3723 5751 εὐθὺς
3747 5687 3974 5740 συνεκά-
