4180 6490
219 405 323 469 385

1261 411 1444 472 VlTA
1483 413 1544 475 S.
1583 413 2008 477 PROPHETA!
2051 417 2434 479 DANIELIS.

3376 428 3482 490 386

211 516 312 579 λει,
353 512 547 584 μαθεῖν
589 514 659 570 τά
702 516 1070 589 γεγραμμένα
1103 521 1236 593 παρ’
1268 523 1495 578 ἐκείνων
1547 524 1776 596 βουλόμε

1904 526 2090 582 statim
2131 529 2478 596 convocavit,
2510 544 2580 586 ex
2609 528 2721 585 illis
2767 529 2959 584 volens
3005 529 3222 587 discere
3265 548 3329 588 ea
3359 550 3481 604 qua:

209 624 297 670 νος
323 621 339 636 ο
374 606 483 659 τῶν
517 606 575 659 δέ
609 607 804 677 μάγων
834 610 992 664 οὐδὲν
1013 613 1071 666 ἐν
1103 612 1314 677 τούτοις
1345 617 1587 670 συνεῖναι
1614 617 1796 685 λεγόν-

207 701 336 764 των,
371 699 479 755 ὑπὸ
529 700 776 770 μεγάλης
819 703 1058 770 ἀγωνίας
1087 705 1116 758 ὁ
1155 703 1410 774 βασιλεὺς
1459 709 1555 761 καὶ
1591 709 1794 780 πολλῆς

205 790 308 859 τῆς
351 790 446 844 ἐπὶ
497 790 577 860 τῷ
624 792 919 863 παραδόξῳ
963 794 1140 865 λύπης
1187 797 1520 867 ἐπισχεθεὶς,
1555 801 1792 872 ἐκήρυξε

205 881 350 934 κατά
381 883 569 936 πᾶσαν
597 886 655 937 ἐν
697 885 893 954 βραχεῖ
922 876 1022 955 τῆν
1049 887 1257 956 χώραν,
1283 891 1360 960 τῷ
1390 891 1456 945 τά
1487 893 1794 964 γράμματα

203 969 381 1023 ταῦτα
406 973 503 1024 καὶ
532 975 633 1042 τὴν
673 973 768 1027 ὑπ’
795 975 976 1028 αὐτῶν
999 976 1338 1050 δηλουμένην
1367 982 1609 1035 διάνοιαν
1644 984 1791 1054 σαφῆ

204 1065 607 1133 καταστήσοντι
653 1065 849 1120 δώσειν
891 1068 1368 1140 ἐπαγγελλόμενος
1415 1075 1686 1144 στρεπτόν
1732 1092 1791 1128 τε

203 1158 597 1226 περιαυχένιον
624 1159 860 1228 χρύσεον
889 1163 986 1214 καὶ
1017 1165 1307 1234 πορφυρᾶν
1338 1165 1542 1235 ἐσθῆτα
1580 1171 1789 1237 φορεῖν,

203 1241 398 1312 ὥσπερ
432 1246 483 1298 ot
520 1246 628 1299 τῶν
658 1249 945 1304 Χαλδαίων
985 1251 1208 1305 εἰώθασι
1246 1252 1506 1323 βασιλεῖς,
1546 1257 1683 1325 πρὸς
1735 1256 1792 1309 δὲ

203 1335 300 1388 καὶ
352 1336 411 1387 τὸ
447 1336 631 1405 τρίτον
666 1340 834 1410 μέρος
884 1343 984 1410 τῆς
1029 1343 1165 1409 ιδίας
1216 1345 1424 1415 ἀρχῆςο
1473 1345 1649 1410 οὕτως
1699 1349 1792 1401 ἐκ·

199 1423 473 1493 δηλότατα
503 1427 892 1500 διακηρυχθέν,
924 1433 1004 1486 ἐτι
1043 1435 1142 1505 μὲν
1174 1438 1339 1489 πλέον
1373 1438 1423 1491 oi
1470 1439 1634 1507 μάγοι
1671 1457 1796 1492 συν-

201 1518 446 1588 έδραμὸν
494 1538 552 1573 τε
598 1523 692 1575 καὶ
742 1521 884 1595 πρὸς
933 1526 1033 1598 τὴν
1078 1527 1298 1601 εὕρεσιν
1332 1531 1794 1602 ἐφιλοτιμήσαντο

201 1611 316 1662 τῶν
380 1613 767 1682 γραμμάτων,
821 1617 975 1672 οὐδὲν
1035 1621 1092 1674 δέ
1161 1622 1385 1678 ἔλαττον
1453 1623 1792 1691 ἀποροῦντες

199 1702 532 1772 ἑστήκεσαν.

270 1794 370 1847 IB'.
410 1799 498 1848 Ἐν
522 1801 696 1870 τούτῳ
724 1801 816 1856 τὸν
853 1802 1082 1872 βασιλέα
1125 1805 1323 1875 μέστδν
1345 1805 1588 1878 ἀθυμίας
1641 1812 1789 1878 γενό-

200 1902 368 1952 μενον
403 1891 433 1957 ή
463 1889 629 1943 αὑτοῦ
677 1892 881 1964 μάμμη
916 1895 1251 1966 θεασαμένη,
1291 1899 1696 1968 ἀναλαμϐάνειν
1726 1920 1785 1955 τε

196 1973 404 2044 ἤρξατο
433 1980 528 2031 καὶ
561 1981 626 2034 τὰ
659 1985 788 2051 περὶ
830 1985 926 2039 τοῦ
965 1989 1250 2059 προφήτου
1291 1993 1492 2063 Δανιὴλ
1534 1995 1789 2066 γνώριμα

196 2067 494 2141 καθιστᾷν,
530 2073 631 2127 ὅσα
663 2076 749 2150 τῷ,
776 2078 992 2131 ἐκείνου
1016 2081 1250 2150 πάππῳ,
1281 2083 1357 2152 τῷ
1385 2085 1787 2155 Ναϐουχοδονό-

197 2177 297 2229 σορ
327 2164 495 2234 φημὶ,
529 2168 616 2234 ἐφ’
641 2165 722 2231 οἷς
749 2168 994 2240 ἑώρακεν
1018 2172 1378 2244 ἀπορρήτοις,
1404 2177 1566 2240 αὐτὸς
1600 2179 1784 2233 διεσά-

196 2268 373 2319 φησεν
401 2271 412 2284 ·
453 2251 609 2307 Ἐστι
635 2274 737 2320 τις,
767 2259 1023 2326 λέγουσα,
1051 2262 1158 2314 ἀπὸ
1194 2264 1290 2333 τῆς
1326 2263 1589 2333 Ἰουδαίας
1618 2271 1787 2340 αἰχμη-

199 2343 413 2406 άλωτος
463 2347 700 2402 ἐνταῦθα
739 2351 930 2420 ἀχθεὶς
962 2353 1182 2424 (Δανιὴλ
1218 2356 1366 2426 αὐτῷ
1389 2358 1606 2430 ὄνομα),
1649 2363 1785 2434 ἀνὴρ

192 2434 368 2497 δεινὸς
401 2437 588 2510 εὑρεῖν
627 2441 695 2494 τά
729 2444 1023 2514 ἀπόρρητα
1061 2450 1155 2500 καὶ
1179 2447 1296 2517 Θεῷ
1330 2450 1582 2522 γνώριμα
1615 2457 1782 2524 μόνῳ,

193 2527 252 2590 ὃς
287 2529 766 2603 Ναϐουχοδονόσορ
795 2537 873 2604 τῷ
900 2536 1131 2603 βασιλεῖ,
1159 2538 1387 2606 μηδενὸς
1416 2543 1579 2596 ἄλλου
1611 2546 1738 2616 δυνη
1758 2577 1780 2587 -

194 2618 380 2684 θέντος
409 2624 589 2676 εἰπεῖν
615 2627 742 2695 περὶ
761 2620 835 2679 ὦν
867 2628 1039 2680 ἐδεῖτο
1069 2629 1283 2698 μαθεῖν,
1313 2633 1575 2704 ἐγνώρισε
1606 2640 1784 2693 πάντα

190 2709 376 2801 καλῶς
407 2712 618 2801 καὶ-εἱς
661 2715 776 2782 φώς
811 2717 989 2786 ῆγαγε
1017 2719 1086 2771 τά
1117 2719 1430 2792 ζητούμενα
1451 2740 1464 2756 ο
1498 2745 1784 2801 μεταπεμ-

189 2799 437 2869 ψάμενος
461 2798 556 2856 οὖν
585 2805 747 2860 αὐτὸν
777 2808 1037 2879 εὑρήσεις
1061 2811 1264 2874 εὐθέως
1286 2813 1314 2864 δ
1337 2817 1540 2881 γνῶναι
1577 2798 1782 2890 ζητεῖς.

191 2894 305 2946 Καὶ
340 2895 397 2957 ὃς
431 2896 662 2965 τάχιστα
689 2900 880 2954 τοῦτον
937 2907 1293 2972 μετεκαλεῖτο
1344 2911 1440 2961 καὶ
1477 2910 1781 2983 διαλεχθεὶς

192 2985 295 3038 ὃσα
331 2986 562 3040 πύθοιτο
606 2993 730 3059 περὶ
763 2995 928 3048 αὑτοῦ
971 2999 1062 3050 καὶ
1096 2994 1164 3070 ἧς
1200 2999 1312 3068 ἔχει
1346 3004 1538 3070 σοφίας
1581 3006 1671 3060 καὶ
1707 3007 1784 3072 ὡς

188 3076 250 3128 τὸ
286 3076 432 3128 θεῖον
483 3079 630 3148 αὐτῷ
681 3083 905 3152 Πνεῦμα
955 3089 1300 3156 συμπάρεστι
1349 3097 1443 3145 καὶ
1495 3095 1655 3163 μόνος
1695 3098 1782 3162 ἐξ·

1899 617 2100 689 scripta
2126 621 2366 687 fuerant,
2396 622 2720 678 Dicentibus
2744 627 2928 680 autem
2961 627 3155 695 magis.
3189 641 3248 681 se
3285 641 3478 680 eorum

1897 709 2032 762 nihil
2061 711 2390 782 intelligere.
2423 714 2538 768 Rex
2564 713 2722 769 valde
2766 718 2986 784 anxius,
3011 729 3067 773 et
3089 733 3283 788 magno
3307 718 3476 772 animi

1894 801 2083 856 dolore
2132 818 2451 874 oppressus.
2505 816 2729 877 propter
2776 809 2918 864 hanc
2963 827 3080 865 rem
3141 811 3476 879 inopinatam

1893 903 1950 946 et
1980 893 2136 949 valde
2181 895 2585 963 admirabilem,
2612 899 2836 968 publico
2888 904 3163 970 praeconio
3186 902 3476 957 hreviedi-

1896 982 1974 1036 xit
2021 999 2120 1053 per
2166 994 2336 1040 totam
2384 989 2685 1059 regionem,
2718 1005 2776 1045 se
2808 991 2880 1057 ei,
2915 995 3008 1062 qui
3056 993 3154 1047 has
3180 994 3394 1047 litteras
3423 1002 3479 1046 et

1893 1075 2158 1143 quidnam
2203 1078 2602 1147 signiﬁcarent,
2661 1092 2808 1137 esset
2855 1084 3270 1162 declaraturus;
3311 1086 3476 1154 polli—

1893 1182 2027 1222 ccns
2049 1183 2171 1224 esse
2211 1169 2466 1224 daturum
2513 1181 2764 1241 torquem
2794 1189 3046 1237 aureum,
3071 1185 3124 1230 et
3152 1179 3356 1229 vestem
3383 1191 3477 1248 ge-

1895 1260 2149 1313 standam
2189 1277 2546 1330 purpuream,
2581 1265 2724 1318 sicut
2754 1265 2931 1318 solent
2966 1266 3111 1320 ferre
3140 1281 3292 1336 reges
3317 1264 3479 1320 Chal-

1894 1350 2160 1418 daeorum,
2193 1363 2247 1406 et
2290 1362 2556 1423 praeterea
2593 1357 2810 1410 tertiam
2856 1365 3062 1427 partem
3103 1358 3188 1410 sui
3235 1356 3474 1426 imperii.

1893 1445 2029 1502 Cum
2068 1448 2172 1502 hoc
2203 1449 2426 1518 publico
2468 1450 2748 1518 praeconio
2780 1451 2860 1507 sic
2903 1451 3097 1506 fuisset
3148 1451 3475 1521 promulga-

1897 1548 2035 1604 tum,
2071 1541 2254 1594 adhuc
2305 1541 2526 1609 quidem
2575 1542 2748 1612 magis
2777 1544 3185 1598 concurrebant
3221 1545 3382 1613 magi,
3421 1553 3477 1598 et

1896 1629 2314 1684 contendebant
2357 1630 2630 1694 invenire,
2674 1631 2804 1700 quid
2848 1631 3204 1686 sibi‘vellent
3251 1633 3472 1687 litterae.

1892 1720 2268 1774 Nihilominus
2304 1731 2487 1775 autem
2538 1723 2754 1778 stabant
2784 1724 3123 1778 dubitantes.

1981 1813 2101 1867 XII.
2134 1814 2350 1868 Interea
2387 1830 2570 1884 regem
2599 1831 2799 1885 angore
2831 1817 2998 1870 animi
3029 1817 3250 1885 plenum
3287 1817 3475 1871 videns

1825 1880 1867 1934 Β
1897 1907 2017 1976 ejus
2062 1907 2205 1963 avia.
2240 1907 2407 1976 cmpit
2447 1880 2719 1975 repetere,
2753 1917 2808 1962 et
2841 1908 2906 1962 de
2950 1880 3172 1962 Daniele
3208 1910 3475 1977 propheta

1890 1998 1940 2050 ei
1989 1997 2316 2066 signiticare,
2361 2013 2484 2067 quae
2529 1998 2675 2052 illius
2731 2015 2870 2063 avo,
2915 1999 3470 2063 Nabuchodonosori,

1894 2087 2142 2156 inquam,
2194 2098 2421 2158 propter
2477 2103 2541 2142 ea
2573 2104 2694 2158 qua:
2728 2090 2942 2148 viderat
2969 2106 3188 2154 arcana,
3221 2091 3271 2143 ei
3302 2105 3474 2159 expoo

1889 2188 2094 2240 suerat,
2142 2180 2240 2232 Est
2270 2180 2516 2248 quidam,
2546 2182 2758 2247 dicens,
2800 2184 2894 2251 qui
2939 2183 3040 2236 fuit
3070 2182 3270 2238 ductus
3303 2182 3408 2237 huc
3441 2199 3471 2237 e

1888 2267 2072 2322 Judaea
2122 2267 2395 2335 captivus,
2440 2269 2664 2323 nomine
2707 2271 2916 2334 Daniel,
2969 2273 3056 2325 vir
3101 2273 3358 2342 egregius
3400 2274 3468 2326 ad

1891 2358 2225 2411 invenienda
2266 2372 2492 2421 arcana,
2529 2367 2584 2413 et
2612 2375 2732 2428 qua:
2759 2369 2889 2414 sunt
2922 2360 3021 2414 soli
3054 2359 3165 2415 Deo
3200 2362 3418 2432 cognita
3452 2379 3465 2415 :

1887 2451 1982 2520 qui
2031 2451 2142 2520 regi
2167 2450 2721 2513 Nabuchodonosori,
2752 2467 2876 2506 cum
2905 2453 3090 2506 nullus
3121 2452 3261 2506 alius
3285 2463 3468 2521 posset

1893 2543 2078 2597 dicere
2112 2545 2180 2598 de
2217 2543 2285 2597 iis
2312 2559 2432 2612 qua:
2476 2543 2780 2612 quaerebat.
2813 2544 2994 2599 omnia
3027 2543 3257 2613 pulchre
3297 2545 3469 2614 signi-

1891 2631 2099 2698 ﬁcavit,
2127 2644 2182 2687 et
2210 2634 2386 2688 edidit
2420 2636 2473 2687 in
2507 2637 2683 2688 lucem
2715 2649 2778 2688 ea
2812 2650 2931 2703 qum
2960 2637 3375 2702 quaerebantur.
3410 2636 3468 2689 Si

1886 2739 2015 2779 eum
2055 2741 2187 2795 ergo
2238 2725 2621 2791 accersivei-is,
2666 2727 2716 2781 id
2754 2726 2900 2796 quod
2946 2727 3085 2781 scire
3126 2727 3303 2796 Cupis,
3341 2743 3464 2782 mox

1892 2815 2167 2870 invenies.
2217 2815 2309 2868 Ille
2355 2831 2488 2868 vero
2534 2831 2659 2868 eum
2721 2816 3011 2870 celerrime
3058 2818 3314 2871 accersiit
3355 2834 3370 2870 :
3411 2826 3468 2872 et

1886 2922 2012 2962 cum
2065 2908 2316 2971 dixisset,
2359 2924 2480 2977 quae
2535 2908 2603 2961 de
2656 2909 2774 2977 ipso
2819 2916 2876 2962 et
2927 2908 2995 2963 de
3038 2909 3160 2978 ejus
3211 2909 3468 2963 audiebat

1883 2999 2175 3068 sapientia,
2226 3008 2280 3052 et
2313 3000 2443 3068 quid
2475 3000 2696 3054 divinus
2737 3001 2807 3053 sit
2842 3015 2965 3054 cum
3005 3016 3071 3055 eo
3102 3000 3379 3069 Spiritus;
3409 3011 3467 3056 et

1886 3092 2048 3148 sitad
2095 3093 2487 3146 inveniendum
2536 3092 2688 3145 solus
2736 3092 2821 3147 vel
2871 3094 3107 3147 maxime
3138 3095 3370 3148 idoneus
3399 3109 3463 3148 ea

191 3167 376 3236 ευρεῖν
443 3166 799 3233 ικανώτατος,
848 3169 885 3224 ἀ
937 3172 1011 3241 μὴ
1053 3177 1164 3236 τοῖς
1195 3176 1372 3239 ἀλλοις
1425 3182 1503 3242 είς
1535 3183 1776 3237 ἐπίνοιαν

1885 3201 2008 3255 quae
2055 3200 2167 3239 non
2209 3184 2444 3238 veniunt
2474 3184 2597 3238 aliis
2627 3185 2682 3238 in
2727 3190 2996 3251 mentem,
3043 3186 3270 3256 rogabat
3317 3196 3375 3240 ut
3411 3187 3464 3242 ei

191 3259 438 3330 ἔρχεται,
470 3262 698 3332 φράζειν
729 3263 878 3333 αὑτῷ
903 3263 970 3316 τά
1001 3269 1366 3338 γεγραμμένα
1407 3274 1500 3323 καὶ
1542 3273 1776 3329 διαλύειν

1884 3278 2094 3332 diceret
2117 3288 2174 3333 et
2209 3279 2450 3333 solveret
2469 3294 2556 3342 ea,
2585 3295 2707 3348 qua:
2739 3280 2941 3349 scripta
2974 3280 3190 3334 fuerant
3214 3300 3228 3346 ;
3248 3282 3462 3337 etiamsi

189 3353 370 3421 ἠξίου,
414 3352 518 3405 κᾶν
567 3354 893 3422 σκυθρωπὸν
939 3349 997 3428 ᾖ,
1038 3358 1223 3427 φησὶν,
1259 3357 1318 3410 τὸ
1370 3360 1475 3412 ὑπὸ
1513 3361 1647 3414 Θεοῦ
1685 3382 1781 3433 ση-

191 3443 559 3510 μαινόμενον·
604 3445 761 3499 τοῦτο
802 3445 918 3517 γὰρ
964 3450 1252 3517 ποιήσαντι
1292 3451 1578 3524 πορφύραν
1624 3454 1780 3510 δώσω

188 3533 517 3586 ἐνδύσασθαι
564 3537 656 3586 καὶ
701 3542 938 3605 χρύσεον
973 3542 1105 3610 περὶ
1143 3540 1236 3599 τὸν
1274 3543 1478 3612 αὐχένα
1513 3548 1779 3617 στρεπτὸν

188 3625 282 3676 καὶ
311 3623 368 3675 τὸ
393 3625 577 3694 τρίτον
607 3627 704 3694 τῆς
731 3629 908 3698 ἀρχῆς
937 3632 1126 3699 μέρος,
1165 3633 1333 3700 τιμὴν
1361 3637 1455 3687 καὶ
1482 3640 1645 3707 γέρας
1678 3641 1778 3709 τῆς

187 3716 384 3782 σοφίας
446 3717 729 3786 ἐσόμενον,
785 3719 859 3781 ὡς
915 3719 981 3773 ἂν
1034 3720 1094 3784 ἐξ
1144 3720 1324 3776 αὐτῶν
1373 3724 1775 3798 ἐπισημότατος

185 3807 362 3861 ἀπασι
387 3810 568 3875 γένοιο
598 3813 692 3863 καὶ
723 3811 1110 3883 περίϐλεπτος.

258 3900 358 3952 ΙΓ.
393 3903 593 3972 Δανιὴλ
617 3903 672 3954 δὲ
699 3905 796 3967 τάς
830 3907 931 3975 μὲν
956 3908 1164 3976 δωρεὰς
1202 3912 1368 3966 αὑτὸν
1405 3914 1553 3985 ἔχειν
1583 3916 1770 3988 ὴξίουσ

181 3988 274 4041 τὸν
307 3992 418 4059 γάρ
451 3993 616 4058 σοφὸν
649 3995 742 4045 καὶ
773 3995 914 4046 θεῖον
951 3998 1146 4066 δώροις
1174 4003 1272 4072 οὐχ
1314 4005 1590 4075 ἁλώσιμον
1631 4006 1772 4062 εἶναι

180 4081 297 4132 δεῖ·
338 4084 542 4149 προῖκα
577 4083 634 4134 δὲ
679 4085 803 4148 τοὺς
843 4085 1133 4157 δεομένους
1168 4092 1404 4167 ώφελείν
1448 4096 1768 4169 βούλεσθαι⁶

185 4171 416 4244 μηνύειν
446 4171 502 4223 δὲ
531 4171 680 4261 αύτιῖι
706 4190 772 4225 τοι
801 4181 1168 4247 γεγραμμένα
1197 4185 1288 4236 τοῦ
1315 4185 1430 4255 βίου
1464 4206 1771 4261 καταστρο-

185 4263 315 4335 φὴν,
348 4265 436 4317 ὅτι
467 4264 603 4334 μηδὲ
633 4259 711 4328 οἷς
745 4266 774 4318 ὁ
810 4268 1076 4336 πρόγονος
1107 4273 1273 4324 αὑτοῦ
1304 4259 1771 4352 Ναϐουχοδονόσορ

179 4355 268 4410 διὰ
327 4357 428 4418 τὰς
484 4359 566 4419 είς
615 4358 746 4411 Θεὸν
803 4360 993 4431 ὕϐρεις
1043 4363 1336 4437 ἐκολάσθη,
1369 4368 1578 4433 τούτοις
1608 4374 1770 4438 αὐτὸς

179 4447 390 4518 ἐμαθεν
422 4449 671 4501 εύσεσείν
703 4453 798 4502 καὶ
831 4452 1003 4520 μηδὲν
1041 4455 1140 4524 τῆς
1175 4458 1526 4531 ἀνθρωπίνης
1556 4463 1769 4530 φύσεως

1882 3367 1973 3429 sit,
1991 3368 2192 3437 inquit,
2211 3369 2567 3438 injucundum
2583 3380 2901 3439 etasperum
2919 3373 3065 3442 quod
3081 3389 3110 3427 a
3131 3374 3241 3427 Deo
3265 3374 3465 3444 signiti-

1881 3469 2062 3513 catur.
2080 3460 2190 3514 Hoc
2206 3475 2337 3530 ergo
2354 3460 2398 3514 si
2417 3460 2636 3523 feceris.
2654 3462 2796 3517 dabo
2822 3463 2922 3516 tibi
2948 3481 3383 3537 pttrpttram,qua
3411 3479 3463 3523 te

1881 3551 2082 3608 induas
2100 3570 2113 3606 :
2133 3561 2188 3608 et
2204 3562 2456 3625 torquem
2475 3571 2893 3626 aureum,quem
2911 3557 3050 3611 collo
3071 3565 3165 3612 tuo
3187 3559 3457 3629 imponas,

1879 3654 1936 3700 et
1959 3645 2177 3700 tertiam
2199 3656 2406 3716 partem
2432 3650 2535 3700 mei
2556 3647 2792 3715 imperii,
2814 3648 3054 3704 futuram
3093 3653 3376 3719 praemium
3405 3663 3460 3710 ct

1879 3737 2147 3819 honorem
2187 3747 2293 3792 tuae
2335 3741 2623 3808 sapientia:
2653 3759 2666 3794 :
2698 3750 2759 3795 ut
2796 3753 2862 3796 ex
2905 3741 3039 3812 ipsis
3065 3745 3269 3800 evadas
3295 3747 3458 3819 longe

1876 3802 2239 3892 clarissimus,
2272 3840 2329 3884 et
2355 3830 2424 3884 ab
2453 3833 2712 3886 omnibus
2746 3835 3157 3904 suspiciendus.

1951 3920 2088 3978 Xlll.
2133 3923 2322 3978 Daniel
2352 3933 2538 3979 autem
2573 3925 2799 3996 rogabat
2840 3929 3090 3996 quidem,
3126 3939 3186 3984 ut
3217 3933 3323 3987 sibi
3357 3950 3455 3990 sua

1879 4012 2111 4069 haberet
2186 4030 2438 4077 munera,
2488 4015 2670 4068 virum
2717 4016 2864 4069 enim
2911 4015 3214 4085 sapientem
3265 4029 3320 4072 et
3368 4021 3452 4074 di-

1874 4103 2063 4156 vinum
2103 4119 2208 4156 non
2258 4120 2378 4158 esse
2427 4105 2758 4173 capiendum
2808 4108 3132 4162 muneribus
3175 4125 3280 4163 :se
3324 4127 3456 4165 vero

1872 4196 2043 4264 gratis
2071 4196 2208 4249 velle
2252 4197 2446 4266 juvare
2469 4212 2565 4250 eos
2595 4200 2687 4265 qui
2730 4214 2869 4267 opus
2911 4199 3166 4255 habeant.
3208 4203 3454 4262 Declarat

1873 4296 2060 4342 autem
2093 4288 2142 4343 ei
2193 4303 2254 4343 ea
2285 4305 2405 4358 quae
2438 4289 2644 4357 scripta
2674 4288 2911 4348 fuerant.
2947 4305 3143 4359 nempe
3177 4294 3299 4347 vitae
3340 4295 3452 4348 exi-

1873 4389 1986 4433 tum
2011 4398 2025 4433 :
2047 4381 2190 4448 quod
2225 4396 2326 4434 nec
2357 4383 2424 4434 iis
2446 4381 2692 4448 quidem,
2713 4396 2833 4451 quae
2861 4396 2994 4436 avus
3018 4383 3136 4452 ejus
3155 4384 3450 4445 Nabucho-

1872 4468 2118 4524 donosor
2168 4485 2361 4540 passus
2409 4478 2548 4538 erat,
2617 4473 2901 4541 suppliciis
2951 4485 3175 4543 propter
3218 4492 3345 4531 suas
3394 4480 3448 4533 in

181 4540 330 4610 πέρα
378 4540 629 4609 φρονεῖν’
682 4538 798 4593 ἀλλ’
830 4541 914 4592 ὅτι
949 4543 1044 4593 καὶ
1075 4545 1558 4620 Ναϐουχοδονόσορ
1598 4571 1767 4621 μεταο

1879 4563 2047 4616 Dcum
2104 4564 2496 4628 contumelias,
2553 4565 2670 4633 ipse
2719 4565 2990 4631 didicerat,
3031 4580 3151 4617 esse
3186 4567 3355 4634 pium,
3392 4581 3448 4624 et

182 4631 517 4695 πλασθέντος
575 4633 654 4695 είς
701 4631 906 4703 θηρίων
955 4632 1232 4705 διαγωγὴν
1266 4638 1352 4704 ἐφ’
1391 4635 1470 4702 οἷς
1505 4643 1765 4710 ησέόησε,

180 4727 274 4778 καὶ
325 4725 468 4795 μετά
517 4724 718 4787 πολλὰς
774 4723 982 4788 ἱκεσίας
1031 4728 1123 4780 καὶ
1169 4727 1382 4799 δεήσεις
1429 4731 1762 4800 ἐλεηθέντος,

177 4818 320 4872 ὥστε
347 4817 514 4870 πάλιν
543 4815 859 4868 ἐπανελθεῖν
904 4817 984 4878 είς
1017 4819 1106 4870 τὸν
1139 4820 1480 4888 ἀνθρώπινον
1511 4823 1625 4892 βίον
1672 4827 1765 4878 καὶ

173 4911 274 4978 τὴν
297 4909 589 4979 βασιλείαν
624 4907 795 4977 αὐτὴν
821 4907 918 4961 καὶ
945 4908 1032 4961 διὰ
1068 4910 1242 4962 ταῦτα
1273 4913 1364 4964 τὸν
1399 4914 1531 4966 Θεὸν
1559 4916 1632 4980 ὼς
1666 4918 1764 4988 τὴν

177 5001 401 5055 ἃπασαν
467 4999 662 5069 ἔχοντα
733 5000 966 5070 δύναμιν
1031 5002 1124 5057 καὶ
1190 5003 1592 5075 προνοούμενον
1654 5010 1763 5062 τῶν

175 5094 508 5164 ἀνθρώπων,
535 5091 662 5161 ἄχρι
697 5094 788 5143 καὶ
813 5094 1386 5165 τελευτῆςομνοῦντος
1408 5097 1578 5169 λήθην
1601 5100 1761 5165 αὐτὸς

175 5187 334 5240 ἔλασε
381 5185 593 5238 τούτων
642 5183 735 5237 καὶ
778 5186 949 5239 πολλά
991 5187 1092 5255 μὶν
1125 5188 1560 5261 ἐϐλασφήμησεν,
1591 5195 1670 5255 εἰς
1699 5193 1761 5247 τὸ

176 5280 353 5341 Θείον,
392 5279 507 5340 τοῖς
538 5277 596 5329 δέ
627 5276 876 5329 σκεύεσιν
906 5280 1073 5332 αὑτοῦ
1107 5280 1246 5349 μετά
1276 5283 1384 5335 τών
1418 5284 1759 5340 παλλακίδων

176 5371 515 5440 διηκονεῖτο⁸
547 5368 719 5421 ταῦτα
761 5363 854 5422 οὖν
886 5370 1097 5438 ὁρῶντα
1130 5373 1218 5424 τὸν
1249 5373 1401 5437 Θεὸν,
1433 5375 1756 5449 ὀργισθῆναι

176 5462 324 5531 αὐτῷ
371 5461 467 5514 καὶ
512 5459 599 5512 διά
644 5461 748 5510 τῶν
786 5463 1192 5529 γεγραμμένων
1229 5468 1751 5536 προκαταγγέλλειν,

172 5551 248 5613 είς
276 5545 394 5602 οἷον
421 5549 586 5602 αὑτὸν
616 5550 989 5619 καταστρέψαι
1020 5552 1101 5602 δεῖ
1140 5553 1290 5617 τέλος
1311 5573 1323 5585 ·
1365 5555 1551 5623 ἐδήλου
1593 5558 1647 5612 δέ
1686 5561 1754 5613 τὰ

171 5644 487 5713 γράμματα
501 5642 660 5693 τάδε·
679 5640 861 5711 μάνη,
897 5642 1092 5708 θέκελ,
1113 5649 1298 5714 φαρές
1319 5664 1333 5677 ο
1363 5649 1519 5700 τοῦτο
1547 5649 1602 5701 δὲ
1634 5652 1752 5704 ἐλε-

167 5750 272 5810 γενο
296 5733 517 5786 Ἐλλάδι
555 5732 779 5808 γλώσσῃ
817 5737 1124 5805 σημαίνειν,
1177 5739 1260 5791 ὅτι
1321 5741 1430 5793 Τὸν
1461 5739 1568 5807 τῆς
1600 5741 1752 5809 ζωῆς

163 5841 276 5881 σου
303 5829 540 5896 χρόνον
566 5826 893 5897 ἠρίθμηκεν
915 5832 947 5882 ό
979 5830 1122 5894 Θεὸς
1149 5831 1244 5885 καὶ
1279 5831 1520 5902 σταθμῷ
1560 5837 1750 5903 περιέ-

1873 4653 2011 4705 ultra
2037 4653 2257 4706 modum
2289 4654 2539 4707 humana:
2566 4665 2777 4707 naturae
2799 4669 2906 4708 non
2935 4670 3152 4709 sumere
3177 4659 3442 4725 spiritus:

1868 4742 1964 4798 sed
1983 4745 2128 4812 quod
2155 4745 2322 4798 etiam
2349 4760 2472 4799 cum
2496 4744 3005 4801 Nabuchodonosor
3027 4758 3268 4803 mutatus
3300 4762 3447 4805 esset

1869 4834 1926 4889 in
1976 4836 2136 4889 vitam
2199 4837 2428 4889 ferinam
2476 4846 2764 4903 propterea
2793 4854 2916 4906 qua:
2966 4841 3130 4907 iMpie
3180 4853 3444 4909 gesserat,

1866 4934 1921 4979 et
1955 4935 2075 4994 post
2108 4926 2306 4978 multas
2334 4940 2528 4995 preces
2555 4935 2611 4980 et
2665 4929 3094 4997 supplicationes
3126 4931 3443 4986 miseric0r-

1866 5015 2012 5070 diam
2037 5026 2182 5070 esset
2203 5028 2554 5078 consecutus,
2586 5026 2639 5070 et
2670 5018 2924 5070 rediisset
2955 5017 3024 5070 ad
3050 5018 3216 5072 vitam
3245 5019 3441 5074 huma-

1864 5124 1992 5163 nam
2045 5119 2101 5162 et
2150 5109 2327 5177 ipsum
2376 5122 2648 5178 regnum:
2691 5117 2748 5163 et
2786 5117 3076 5178 propterea
3124 5111 3320 5172 Deum,
3381 5125 3441 5166 ut

1862 5201 1956 5270 qui
1983 5214 2204 5254 omnem
2241 5199 2470 5254 haberet
2500 5201 2822 5270 potentiam,
2852 5209 2908 5252 et
2938 5200 3220 5254 hominum
3247 5217 3434 5257 curam

1861 5301 2099 5364 gereret,
2146 5308 2323 5363 usque
2354 5292 2422 5346 ad
2473 5303 2704 5347 mortem
2756 5291 3028 5357 laudaret,
3083 5293 3197 5361 ipse
3241 5309 3434 5349 eorum

1861 5395 1945 5437 est
1975 5383 2179 5438 oblitus
2209 5401 2222 5436 :
2257 5393 2313 5438 et
2346 5383 2517 5438 Deum
2549 5383 2773 5454 quidem
2804 5383 2994 5437 multis
3025 5383 3325 5438 insectatus
3349 5397 3434 5441 est

1862 5476 2196 5542 maledictis,
2226 5476 2376 5529 vasis
2406 5486 2589 5530 autem
2615 5477 2735 5547 ejus
2779 5486 2837 5529 ut
2860 5475 2966 5528 sibi
2996 5475 3427 5539 ministraretur,

1856 5566 2041 5621 ell‘ecit
2086 5567 2250 5620 simul
2297 5582 2422 5620 cum
2458 5567 2768 5637 pellicibus.
2805 5563 2930 5620 Haec
2969 5581 3102 5636 ergo
3148 5565 3425 5619 videntem

1856 5659 2024 5712 Deum
2052 5659 2101 5713 ei
2123 5674 2242 5713 esse
2278 5659 2497 5724 iratum,
2517 5670 2572 5716 ct
2604 5674 2701 5729 per
2727 5673 2790 5712 ea
2815 5674 2936 5729 quae
2969 5659 3171 5729 scripta
3203 5667 3352 5720 sunt,
3373 5659 3426 5714 ei

1855 5751 2300 5821 prmsigntticare,
2344 5751 2522 5819 qualis
2552 5752 2622 5806 sit
2664 5750 2885 5805 futurus
2936 5752 3060 5804 vita:
3101 5750 3300 5804 exitus.
3339 5748 3424 5802 Si-

1852 5842 2181 5907 gniﬁcahant
2217 5850 2400 5897 autem
2446 5842 2529 5896 ha:
2565 5842 2784 5906 littera,
2822 5840 2996 5905 Mane,
3041 5838 3240 5906 Τίθει-εί,
3281 5837 3420 5893 Plia-
