4180 6506
673 437 779 500 383

1972 433 2253 496 MENSIS
2299 429 2590 498 JULIUS.

3825 436 3927 499 εει

675 552 780 606 hoe
817 552 962 604 enim
987 552 1330 623 significabat
1365 553 1556 609 sectio.
1599 554 1801 608 Deinde
1854 551 2020 607 etiam
2083 552 2249 606 vitam

2379 549 2476 604 Ita.
2508 552 2601 603 καὶ
2631 552 2839 621 Θηρίοις
2873 553 2973 623 ἔσῃ
3010 553 3461 622 συνδιαιτώμενος
3499 553 3589 607 καὶ
3629 553 3825 622 χόρτον
3859 552 3932 606 ὡς

675 659 801 713 ages
834 645 996 699 simul
1030 662 1154 700 cum
1190 648 1340 711 feris,
1373 658 1428 702 et
1459 650 1587 703 feno
1628 648 1872 717 pasceris
1929 647 2074 701 sicut
2105 645 2244 699 bos:

675 750 912 804 cumque
970 738 1048 791 sic
1074 749 1282 808 septem
1307 741 1468 794 annis
1494 741 1691 795 vixeris
1725 741 1777 794 in
1803 738 2125 798 solitudine,
2148 738 2251 791 im-

678 828 892 896 perium
948 846 1140 885 rursus
1197 833 1450 900 accipies.
1486 832 1600 887 Hoc
1663 833 1807 886 enim
1850 832 1956 886 sibi
1997 831 2114 884 vult
2148 846 2250 882 vox

679 917 792 982 illa,
830 920 925 974 sed
973 936 1196 990 germen
1238 922 1484 976 radicum
1533 924 1813 977 dimittite.
1859 924 2184 990 Propterea,
2219 935 2251 974 ο

678 1026 795 1075 rex,
830 1012 928 1066 tibi
997 1028 1177 1067 meum
1244 1015 1453 1084 placeat
1488 1017 1803 1080 consilium,
1836 1026 1892 1070 et
1930 1016 2253 1084 iniquitates

680 1112 805 1157 tuas
860 1106 1222 1176 eleemosynis
1258 1109 1487 1172 redime,
1518 1118 1573 1162 et
1612 1118 1832 1178 peccata
1868 1118 1959 1162 tua
2000 1109 2054 1162 in
2092 1108 2256 1161 mise-

682 1197 992 1251 rationibus
1028 1213 1331 1267 pauperum
1365 1218 1376 1251 :
1415 1212 1470 1254 et
1503 1199 1734 1255 fortasse
1779 1203 1834 1255 in
1889 1201 2000 1256 tuis
2041 1199 2258 1254 delictis

682 1288 1034 1340 exercebitur
1061 1289 1259 1343 lenitas
1287 1299 1341 1343 et
1367 1292 1654 1359 patientia.

758 1377 820 1433 x.
851 1380 1026 1448 Atque
1049 1379 1162 1436 [nec
1186 1383 1404 1449 quidem
1435 1393 1622 1450 postea
1646 1391 1966 1446 evenerunt,
1997 1392 2052 1438 et
2094 1382 2257 1438 finem

685 1479 1042 1538 acceperunt,
1069 1472 1213 1526 sicut
1241 1473 1453 1527 dixerat
1487 1475 1700 1530 Daniel.
1723 1476 1858 1532 Cum
1890 1477 2035 1532 enim
2083 1477 2261 1533 dictos

688 1571 899 1628 septem
942 1579 1116 1618 annos
1155 1576 1405 1621 versatus
1433 1578 1580 1623 esset
1604 1585 1696 1622 rex
1726 1569 1778 1623 in
1809 1570 2129 1633 solitudine,
2161 1585 2262 1625 ne-

688 1668 794 1721 que
821 1656 964 1708 ullus
988 1667 1134 1712 esset
1180 1674 1349 1713 ausus
1386 1675 1614 1729 regnum
1645 1663 1890 1731 aggredi,
1931 1662 2102 1716 Deum
2132 1676 2262 1731 pre-

688 1757 864 1808 catus,
905 1758 962 1801 ut
992 1765 1151 1804 suum
1182 1767 1409 1820 regnum
1433 1753 1726 1822 reciperet,
1751 1769 1875 1808 cum
1909 1753 2261 1808 successione

691 1843 950 1907 potentiae
981 1845 1252 1900 excelsam
1294 1862 1484 1900 rursus
1532 1857 1770 1900 mentem
1814 1847 2066 1909 induens,
2101 1845 2268 1900 inre-

689 1948 857 2001 gnum
915 1937 1212 1992 revertitur
1248 1956 1262 1992 :
1313 1949 1365 1993 et
1401 1955 1525 1992 cum
1563 1947 1848 2005 regnasset
1897 1939 2264 2014 quadraginta

695 2033 805 2078 tres
838 2042 1030 2089 annos,
1072 2029 1288 2082 excedit
1325 2045 1354 2083 e
1389 2030 1500 2082 vita
1529 2047 1541 2082 :
1574 2029 1657 2082 vir
1692 2029 1745 2082 in
1799 2029 1965 2083 rebus
2010 2028 2267 2097 gerendis

693 2129 819 2166 acer
843 2125 897 2168 et
931 2116 1246 2177 vehemens,
1277 2129 1330 2170 et
1357 2133 1574 2182 eorum,
1612 2120 1702 2186 qui
1736 2121 1917 2186 ipsum
1979 2131 2270 2186 praecesse-

694 2214 845 2268 runt,
884 2222 1110 2277 regnum
1173 2209 1335 2280 longe
1395 2210 1767 2264 felicissimus.
1804 2210 1932 2264 Post
1981 2210 2267 2264 decessum

693 2309 876 2351 autem
913 2300 1493 2366 Nabuchodonosoris.
1529 2304 1645 2372 ejus
1680 2301 1824 2356 illius
1856 2318 2080 2372 regnum
2149 2317 2267 2356 sus-

693 2393 826 2460 cipit
861 2394 992 2460 :qui
1057 2396 1240 2447 statim
1278 2396 1596 2448 Jechoniam
1641 2411 1820 2463 regem
1868 2395 2270 2464 Hierosolymo-

695 2500 838 2545 rum,
870 2501 1032 2553 quem
1072 2496 1226 2554 pater
1249 2487 1760 2541 Nabuchodonosor
1787 2488 2060 2556 captivum
2105 2487 2271 2540 duxe-

704 2583 786 2625 rat
818 2574 1232 2644 llieromlymis,
1278 2577 1497 2631 solvens
1527 2594 1556 2632 e
1599 2579 1851 2639 vinculis,
1888 2578 2078 2631 habuit
2127 2579 2271 2631 inter

696 2663 903 2716 amicos
935 2666 1168 2720 maxime
1199 2669 1542 2722 necessarios
1575 2671 1661 2722 :ei
1700 2669 1912 2723 donans
1950 2671 2121 2722 multa
2149 2687 2270 2722 mu-

697 2767 852 2815 nera,
890 2763 944 2806 et
995 2755 1204 2808 honore
1265 2757 1505 2811 alliciens
1552 2758 1696 2811 inter
1723 2773 1841 2820 eos,
1890 2759 1984 2827 qui
2024 2769 2178 2812 erant
2214 2759 2268 2811 in

699 2859 866 2911 regno
929 2845 1373 2916 Babyloniorum.
1435 2849 1767 2904 Nihil'enim
1813 2851 1941 2903 boni
1992 2850 2271 2904 Jcchonice

695 2939 924 2991 omnino
977 2941 1296 2994 ostenderat
1352 2952 1508 3010 pater
1566 2942 2117 2998 Nabuchodonosor:
2176 2944 2270 3002 Sed

697 3044 823 3081 eum
852 3029 905 3083 in
942 3032 1173 3087 vinculis
1210 3033 1428 3086 tenebat
1465 3043 1520 3086 et
1571 3033 1862 3103 afﬂigebat,
1898 3036 2022 3089 etsi
2071 3035 2273 3089 Jecho-

701 3122 819 3174 nias
847 3122 1053 3175 fecerat
1089 3139 1199 3177 rem
1233 3126 1705 3191 humanissimam,
1734 3139 1789 3182 et
1823 3129 2043 3199 dignam
2083 3130 2274 3185 multis

2362 645 2489 716 βοῦν
2511 646 2786 715 ψωμιοῦσί
2819 665 2876 698 σε
2902 663 2914 674 '
2946 648 3040 699 καὶ
3067 647 3326 714 διαζήσας
3357 645 3526 708 οὕτως
3557 647 3646 698 ἐπὶ
3677 645 3779 714 τῆς
3809 646 3934 713 ἐρη-

2363 738 2486 806 μίας
2515 738 2736 806 χρόνους
2769 738 2927 803 ἑπτὰ,
2959 737 3114 800 αὖθις
3140 737 3235 804 τὴν
3257 738 3430 808 ἀρχὴν
3462 738 3714 810 ἀπολήψῃ
3735 753 3748 766 ⁸
3775 734 3937 788 τοῦτο

2360 830 2468 898 γὰρ
2505 830 2535 898 ἡ
2567 830 2749 897 φωνή’
2785 829 2927 898 Πλὴν
2961 829 3057 899 τὴν
3087 831 3223 900 φυὴν
3248 830 3356 882 τῶν
3394 829 3555 899 ῥίζιον
3583 829 3801 881 ἐάσατε.
3845 829 3939 880 Διὰ

2359 921 2539 986 τοῦτο,
2564 915 2606 974 ὦ
2632 921 2929 991 βασιλεῦ,ή
2965 921 3124 991 βουλή
3162 940 3261 991 μου
3293 924 3544 992 ἁρεσάτω
3575 937 3678 984 σοι,
3717 923 3809 972 καὶ
3841 920 3938 984 τὰς

2365 1013 2587 1080 ἀνομίας
2615 1027 2707 1062 σου
2734 1013 2789 1062 ὲν
2813 1012 3203 1080 ὲλεημοσύναις
3229 1013 3500 1082 λύτρωσαι
3530 1011 3740 1071 καὶτὰς
3765 1011 3942 1077 ἁμαρ-

2360 1101 2483 1163 τίας
2518 1117 2613 1154 σου
2651 1103 2705 1151 ὲν
2741 1102 3043 1170 οἰκτιρμοτς
3074 1104 3321 1172 πενήτων
3347 1119 3360 1132 ο
3400 1105 3526 1164 ἴσως
3556 1103 3706 1154 ἔσται
3737 1118 3945 1170 μακροο

2366 1191 2531 1261 θυμία
2563 1194 2676 1254 τοῖς
2708 1193 3117 1263 παραπτώμασί
3143 1210 3256 1248 σου.

2439 1378 2496 1430 l'.
2550 1375 2737 1446 Ἐξέϐη
2775 1376 2873 1445 μὲν
2906 1375 3133 1444 ὕστερον
3176 1376 3344 1429 ταῦτα
3371 1378 3462 1428 καὶ
3502 1376 3651 1438 τέλος
3691 1375 3943 1444 εἴληφεν,

2365 1467 2438 1531 ὡς
2464 1469 2492 1520 6
2524 1469 2721 1539 Δανιὴλ
2747 1469 2962 1539 εἰρήκει
2982 1481 2995 1496 ⁸
3027 1467 3310 1537 διατρίψας
3340 1467 3445 1536 γὰρ
3472 1467 3560 1518 ἐπὶ
3584 1466 3682 1530 τῆς
3707 1465 3947 1534 ἐρημίας

2368 1563 2396 1615 6
2440 1561 2691 1631 βασιλεὺς
2730 1562 2820 1614 τὸν
2857 1560 3148 1630 εἰρημένον
3193 1559 3430 1628 ὲπτεστῆ
3483 1558 3696 1630 χρόνον,
3730 1559 3948 1621 οὐδενος

2367 1655 2738 1723 τολμήσαντος
2775 1652 3056 1705 ἐπιθέσθαι
3099 1654 3212 1714 τοῖς
3252 1652 3554 1719 πράγμασι,
3585 1655 3675 1703 καὶ
3717 1651 3937 1721 δεηθεὶς

2369 1745 2462 1798 τοῦ
2504 1744 2636 1797 Θεοῦ
2673 1747 2770 1813 τὴν
2809 1745 3084 1814 βασιλείαν
3122 1744 3277 1808 αὖθις
3321 1745 3638 1808 ἀπολαϐεῖν,
3692 1741 3815 1798 εἶτα
3859 1746 3951 1796 καὶ

2373 1838 2463 1890 τὸν
2489 1837 2837 1908 ὑψηλοφρονα
2868 1837 2992 1890 νοῦν
3063 1840 3127 1907 τῇ
3161 1837 3378 1906 διαδοχῇ
3409 1837 3501 1889 τοῦ
3538 1839 3773 1906 κράτους
3825 1855 3951 1888 συν-

2372 1927 2594 1991 αποδὺς,
2640 1927 2800 1979 πάλιν
2847 1929 2927 1987 εἰς
2970 1927 3141 1995 αὐτὴν
3173 1927 3531 1998 ἐπανέρχεται
3565 1927 3658 1978 καὶ
3691 1927 3787 1995 ἔτη
3826 1927 3953 1995 τρία

2372 2020 2466 2072 καὶ
2520 2019 2927 2086 τεσσαράκοντα
2981 2019 3328 2086 βασιλεύσας,
3380 2018 3605 2088 τελευτᾷ
3657 2019 3754 2071 τὸν
3814 2019 3952 2089 βίον,

2371 2110 2509 2181 ἀνὴρ
2541 2111 2870 2180 δραστήριος
2903 2113 2995 2163 καὶ
3027 2110 3136 2162 τῶν
3165 2111 3268 2180 πρὸ
3296 2111 3461 2162 αὐτοῦ
3496 2110 3760 2180 βασιλέων
3802 2111 3954 2178 γενό-

2375 2218 2533 2271 μενος
2578 2202 2990 2270 εὐτυχέστατος.
3029 2201 3183 2254 Μετὰ
3215 2202 3271 2254 δὲ
3319 2202 3418 2270 τὴν
3448 2201 3706 2272 τελευτὴν
3737 2203 3956 2254 Ναϐου-

2371 2290 2674 2360 χοδονόσορ,
2703 2293 2730 2343 6
2773 2294 2901 2353 παῖς
2932 2291 3099 2344 αὑτοῦ
3127 2293 3226 2360 τὴν
3259 2290 3539 2359 βασιλείαν
3576 2292 3950 2361 παραλαμϐά-

2373 2399 2475 2446 νει,
2495 2384 2550 2444 ὃς
2570 2383 2731 2444 εὐθὺς
2755 2383 2849 2434 τὸν
2866 2385 2974 2435 τῶν
3003 2383 3391 2452 Ἰεροσολύμων
3415 2383 3640 2453 βασιλέα
3667 2387 3950 2454 Ἰεχονίαν,

2372 2473 2430 2525 ὃν
2460 2476 2486 2526 6
2514 2475 2695 2546 πατὴρ
2726 2473 3194 2545 Ναϐουχοδονόσορ
3223 2475 3568 2545 αἰχμάλωτον
3608 2477 3818 2547 ᾖγαγεν
3846 2480 3954 2530 ἀπὸ

2371 2571 2469 2637 τῆς
2511 2567 2888 2637 Ἱερθυσαὶὴμ.
2922 2568 3030 2620 τῶν
3074 2569 3290 2637 δεσμῶν
3333 2569 3503 2632 ἀνεὶς,
3530 2571 3585 2622 ἐν
3631 2575 3742 2632 τοῖς
3783 2573 3954 2633 ἀναγ-

2374 2661 2680 2721 καιοτάτοις
2711 2660 2817 2710 τῶν
2843 2661 3009 2726 φίλων
3037 2655 3169 2729 εἶχε,
3196 2661 3393 2724 πολλὰς
3418 2662 3565 2730 αὑτῷ
3588 2662 3800 2731 δωρεὰς
3831 2664 3953 2725 δοὺς

2374 2752 2467 2804 καὶ
2503 2754 2733 2820 ποιήσας
2807 2753 3022 2821 ἔντιμον
3054 2754 3145 2804 ἐπὶ
3173 2753 3280 2806 τῶν
3317 2756 3374 2806 ὲν
3409 2758 3473 2824 τῇ
3503 2754 3823 2826 Βαϐυλωνία
3856 2757 3955 2824 βα-

2375 2844 2600 2918 σιλέων·
2639 2845 2737 2896 οὐκ
2768 2840 2835 2915 ἦν
2871 2846 2978 2915 γὰρ
3013 2846 3146 2908 ὅλως
3179 2847 3381 2914 ἀγαθόν
3420 2865 3472 2900 τι
3509 2847 3644 2917 πρὶς
3698 2847 3956 2918 Ἰεχονίαν

2375 2937 2748 3006 ἐνδειξάμενος
2772 2941 2799 2990 6
2827 2939 3013 2991 τούτου
3043 2940 3224 3008 πατὴρ
3250 2940 3740 3010 Ναϐουχοῖονόσορ,
3763 2941 3879 2992 ἀλλ’
3903 2945 3957 2993 ἐν

2375 3028 2596 3096 δεσμοῖς
2630 3025 2776 3098 εἶχεν
2808 3032 2971 3083 αὑτὸν
2998 3032 3089 3082 καὶ
3121 3034 3183 3100 τῇ
3225 3031 3359 3101 ἄλλῃ
3389 3032 3650 3093 κακώσει,
3683 3035 3864 3085 καίτοι
3896 3050 3958 3096 γε

2392 3119 2640 3189 Ἰεχονίου
2712 3122 2945 3190 πρᾶγμα
2995 3121 3514 3191 φιλανθρωπότατον
3579 3125 3672 3176 καὶ
3743 3124 3958 3189 πολλῴν

702 3213 979 3278 laudibus,
1006 3224 1061 3268 ut
1095 3217 1186 3284 qui
1217 3218 1459 3286 scipsutn
1521 3221 1823 3274 tradiderat
1854 3237 1978 3276 cum
2016 3224 2272 3278 uxoribus

2382 3214 2528 3279 ἀξιον
2556 3217 2792 3268 ἐπαίνων
2829 3217 3228 3286 ἐργασαμένου,
3264 3217 3338 3278 ὡς
3371 3216 3436 3267 ἂν
3463 3217 3654 3269 ἑαυτὸν
3683 3217 3962 3286 παραδόν-

701 3313 755 3357 et
789 3304 1003 3368 liberis,
1035 3317 1088 3360 et
1127 3317 1243 3362 toto
1290 3326 1490 3378 genere
1524 3313 1778 3367 manibus
1816 3313 2270 3385 Babyloniorum,

702 3413 773 3452 ne
835 3399 969 3454 urbs
1014 3400 1083 3455 ab
1137 3402 1393 3458 hostibus
1427 3417 1583 3475 capta
1626 3417 2017 3463 everteretur:
2073 3419 2132 3464 ut
2162 3413 2276 3466 haec

703 3489 852 3558 leges
881 3492 1022 3559 apud
1061 3493 1359 3562 Josephum
1393 3508 1713 3550 narrantem
1746 3499 2084 3568 singulatim.
2139 3501 2275 3556 Cum

703 3594 888 3635 autem
928 3585 972 3635 is
1001 3600 1219 3654 quoque
1249 3602 1278 3638 e
1314 3587 1421 3639 vita
1479 3588 1823 3649 decessisset,
1869 3601 2155 3660 postquam
2187 3609 2277 3649 rc-

703 3685 920 3739 gnasset
949 3677 1255 3730 octodecim
1297 3694 1490 3741 annos,
1528 3680 1648 3747 ejus
1695 3681 1842 3733 filius
1873 3681 1922 3734 ei
1954 3683 2199 3736 succedit
2223 3685 2278 3738 in

708 3766 941 3832 imperio
977 3785 987 3818 :
1017 3769 1164 3832 quod
1198 3785 1323 3822 cum
1354 3772 1624 3824 tenuisset
1685 3773 2046 3840 quadraginta
2084 3791 2277 3841 annos,

707 3872 738 3910 e
771 3859 880 3911 vita
910 3859 1144 3913 excedit.
1180 3861 1386 3916 Deinde
1427 3863 1708 3916 Balthasar
1740 3880 1960 3933 quoque
2004 3866 2122 3933 ejus
2184 3882 2280 3919 ne-

711 3964 809 4015 pos
875 3950 932 4002 fit
998 3952 1172 4006 haeres
1228 3955 1465 4019 imperii.
1500 3956 1617 4007 Non
1683 3957 1915 4008 multum
1975 3958 2284 4011 intercessit

712 4042 1000 4108 temporis,
1032 4055 1085 4095 et
1122 4043 1297 4112 Cyrus
1328 4059 1420 4096 rex
1449 4043 1758 4105 Persarum,
1789 4057 1844 4098 et
1876 4047 2068 4101 Darius
2105 4049 2284 4101 Medo-

714 4148 855 4192 rum,
910 4133 1317 4200 expeditionem
1373 4136 1682 4202 suscipiunt
1743 4138 2007 4192 adversus
2057 4139 2287 4209 Babylo--

713 4238 860 4275 nem.
898 4223 1164 4277 CiBlCl'lllll
1199 4241 1322 4278 cum
1350 4242 1575 4295 regnum
1615 4229 1916 4296 accepisset
1979 4231 2283 4297 Balthasar,

713 4330 768 4373 et
813 4319 1013 4371 accidit
1046 4334 1250 4371 novum
1283 4320 1542 4389 quidnam
1577 4331 1631 4374 et
1661 4321 2067 4391 prodigiosum.

786 4499 877 4557 XI.
921 4499 1294 4553 Accumbebat
1334 4501 1445 4565 ille,
1492 4516 1715 4555 cmnans
1758 4501 1810 4555 in
1855 4518 2044 4570 n'tagna
2099 4502 2282 4563 domo,

2379 3323 2470 3367 τος
2519 3308 2615 3359 σὺν
2646 3307 2759 3376 ἅμα
2795 3306 3015 3373 γυναιξὶ
3047 3307 3138 3358 καὶ
3168 3307 3374 3367 τέκνοις
3429 3305 3521 3358 καὶ
3558 3305 3666 3372 ὅλῳ
3695 3307 3771 3374 τῷ
3807 3309 3960 3372 γένει

2379 3398 2536 3465 χερσὶ
2559 3396 2668 3449 τῶν
2698 3398 3076 3460 Βαϐυλωνίων,
3107 3398 3192 3449 ἵνα
3241 3397 3313 3467 μὴ
3342 3397 3525 3466 ἐκείνη
3575 3399 3958 3467 κατασκαφείη

2376 3489 2643 3558 ληφθεῖσα
2696 3489 2800 3542 ὑπὸ
2837 3491 2944 3542 τῶν
2995 3489 3291 3560 πολεμίων,
3326 3489 3399 3553 ὡς
3447 3490 3736 3561 ἰωσήππῳ
3787 3492 3960 3543 ταῦτα

2381 3579 2523 3632 κατά
2561 3581 2725 3650 μέρος
2762 3582 2990 3653 ἐντεύξῃ
3015 3582 3380 3652 διηγουμένῳ.
3419 3581 3856 3652 Τελευτήσαντος
3904 3584 3959 3636 δὲ

2381 3675 2472 3724 καί
2512 3672 2701 3723 τούτου
2739 3673 2875 3741 μετὰ
2906 3675 2996 3741 ἔτη
3031 3675 3405 3727 ὀκτωκαίδεκα
3447 3676 3541 3744 τῆς
3591 3675 3890 3743 βασιλείας,
3936 3679 3965 3728 6

2383 3767 2510 3827 παῖς
2544 3763 2708 3816 αὐτοῦ
2747 3765 2846 3833 τὴν
2879 3765 3054 3834 ἀρχὴν
3082 3766 3385 3834 διαδέχεται
3427 3767 3520 3817 καὶ
3553 3767 3846 3836 κατασχὼν
3870 3770 3962 3820 αὑ-

2380 3858 2477 3922 τὴν
2512 3858 2600 3910 ἐπὶ
2633 3857 3041 3928 τεσσαράκοντα
3087 3857 3201 3923 ἐτη,
3235 3858 3601 3926 καταστρέφει
3652 3858 3742 3909 τὸν
3815 3860 3961 3930 βίον·

2385 3946 2500 4001 εἶτα
2528 3951 2620 4001 καὶ
2642 3950 2929 4018 Βαλτάσαρ
2954 3953 2979 4004 6
3001 3950 3190 4003 τούτου
3215 3951 3478 4017 ἀπόγονος
3508 3952 3843 4021 κληρονόμος
3869 3954 3965 4020 τῆς

2385 4044 2560 4110 ἀρχῆς
2611 4042 2856 4109 γίνεται·
2892 4042 2951 4094 οὺ
3008 4043 3174 4105 πολὺς
3197 4044 3346 4113 ἔρρει
3392 4044 3453 4094 τὸ
3483 4045 3687 4110 μεταιξὺ
3737 4047 3960 4114 χρόνίιςν

2388 4137 2482 4185 καὶ
2515 4134 2695 4202 Κύρος
2725 4136 2751 4184 6
2779 4134 2999 4204 Περσῶν
3028 4135 3274 4204 βασιλεὺς
3309 4135 3401 4186 καὶ
3446 4134 3666 4201 Δαρεῖος
3713 4134 3740 4184 ὁ
3765 4135 3967 4203 Μήδων

2389 4225 2844 4295 ἐπιστρατεύουσι
2879 4228 3020 4277 κατὰ.
3048 4225 3365 4287 Βαϐυλῶνος
3386 4240 3401 4256 ο
3433 4224 3572 4292 πλὴν
3597 4223 3732 4275 ἀλλὰ
3762 4226 3959 4277 θα).τά-

2390 4335 2493 4387 σαρ
2533 4317 2628 4387 τὴν
2654 4316 2927 4386 βασιλείαν
2955 4316 3384 4387 παραλαϐόντος,
3414 4314 3598 4368 καινόν
3641 4332 3694 4368 τι
3744 4319 3838 4370 καὶ
3876 4335 3967 4371 τεο

2392 4426 2614 4478 ραστιον
2643 4404 2753 4461 οἷον
2787 4410 3126 4478 συμϐέϐηκε.

2461 4499 2565 4554 lA'.
2589 4502 2897 4555 ’Κατέκειτο
2918 4503 3018 4573 μὲν
3053 4503 3162 4572 γὰρ
3198 4503 3402 4568 ἐκεῖνος
3439 4507 3694 4572 δειπνῶν,
3739 4511 3796 4560 ὲν
3837 4508 3970 4578 οἴκῳ

715 4603 771 4646 et
801 4595 939 4646 facta
984 4593 1047 4646 ad
1081 4595 1332 4647 convivia
1363 4594 1582 4662 regalia,
1632 4610 1754 4647 cum
1803 4595 1918 4649 suis
1963 4596 2272 4650 concubini:

2401 4593 2620 4663 μεγάλῳ
2647 4598 2734 4647 καὶ
2773 4597 2910 4664 πρὸς
2949 4598 3220 4657 ἑστιάσεις
3261 4601 3612 4667 πεποιημένῳ
3656 4573 3970 4668 βασιλικας,

716 4691 771 4736 et
805 4683 1019 4736 amicis.
1049 4682 1169 4750 Ipse
1195 4693 1399 4744 autem,
1428 4699 1552 4737 cum
1577 4683 1655 4737 sic
1686 4684 1735 4736 ci
1771 4684 1946 4737 visum
1980 4695 2145 4748 esset,
2179 4701 2288 4753 prie

720 4792 911 4844 magna
962 4777 1270 4844 arrogantia
1311 4777 1462 4845 jubet
1491 4793 1521 4830 e
1567 4792 1666 4830 suo
1699 4779 1898 4846 templo
1943 4775 2126 4832 afferri
2160 4793 2286 4832 vasa

719 4869 836 4929 Dei,
869 4885 991 4936 quae
1023 4869 1534 4923 Nabuchodonosor
1564 4873 1683 4940 ejus
1711 4888 1844 4925 avus
1864 4888 1988 4925 cum
2019 4872 2291 4942 rapuisset

718 4957 1133 5029 Hierosolymis,
1181 4960 1246 5014 iis
1296 4976 1638 5030 nequaquam
1687 4977 1818 5015 usus
1865 4961 2063 5026 fuerat,
2093 4965 2185 5016 sed
2238 4963 2293 5016 in

717 5065 818 5101 suo
862 5052 1068 5118 templo
1116 5053 1203 5118 pie
1251 5050 1601 5120 deposuerat.
1652 5053 1751 5106 llic
1797 5070 1925 5108 vero
1981 5055 2294 5111 inconside-

719 5152 836 5194 rata
898 5153 955 5197 et
1005 5158 1032 5196 a
1079 5145 1291 5198 ratione
1346 5145 1525 5198 aliena
1599 5145 1855 5200 inductus
1908 5147 2155 5212 audacia,
2215 5149 2295 5203 eis

721 5235 1014 5298 utebatur;
1064 5245 1119 5289 et
1151 5239 1281 5289 dum
1331 5236 1544 5290 biberet
1591 5245 1645 5291 et
1680 5238 2000 5292 maledicam
2051 5239 2290 5309 linguam

720 5337 972 5381 mmeret
1014 5328 1278 5382 adversus
1310 5327 1616 5394 Excelsum,
1647 5346 1712 5384 ex
1748 5331 1957 5397 pariete
1993 5332 2141 5387 videt
2179 5346 2292 5384 ma-

720 5433 853 5471 num
920 5420 1336 5488 procedentem,
1398 5433 1454 5476 et
1499 5423 1550 5475 in
1608 5439 1764 5476 muro
1819 5423 2052 5494 syllabas
2103 5425 2295 5478 inscri-

727 5509 967 5562 bentem.
1013 5508 1385 5564 Conturbatus
1426 5527 1552 5566 vero
1588 5527 1615 5564 a
1647 5512 1880 5572 visione,
1912 5512 2091 5581 Magos
2126 5513 2290 5566 simul

728 5610 783 5651 ct
824 5599 1128 5665 Chaldaeos,
1187 5609 1241 5653 et
1297 5599 1568 5670 quotquot
1638 5614 1798 5658 erant
1846 5604 2118 5675 Babylone
2173 5607 2293 5677 ejus

729 5693 966 5759 generis,
1007 5692 1100 5759 qui
1150 5703 1404 5761 poterant
1455 5694 1605 5766 signa
1657 5707 1712 5755 et
1758 5697 1942 5751 futura
1995 5700 2288 5768 conjicere,

804 5880 877 5943 tt)
913 5877 1322 5936 liinliiierodach
1361 5881 1599 5936 nomine.

2399 4689 2533 4756 μετὰ
2571 4689 2680 4740 τῶν
2725 4689 3062 4741 παλλακίδων
3102 4689 3264 4740 αὑτοῦ
3297 4691 3390 4742 καὶ
3429 4691 3537 4743 τῶν
3580 4692 3778 4759 φίλων·
3809 4693 3971 4754 αὐτὸς

2395 4781 2450 4833 δὲ
2477 4781 2618 4831 οὕτω
2641 4780 2794 4844 δόξαν
2822 4784 2883 4833 ἐκ
2910 4781 3108 4847 πολλῆς
3136 4782 3390 4850 ἀπονοίας
3409 4784 3738 4852 κομισθῆναι
3758 4785 3972 4838 κελεύει

2397 4872 2488 4923 τοῦ
2518 4870 2644 4923 ιδίου
2679 4871 2804 4923 ναοῦ
2829 4873 2896 4923 τὰ
2927 4871 3018 4924 τοῦ
3047 4870 3182 4923 Θεοῦ
3212 4875 3404 4940 σκεύη,
3432 4871 3468 4925 ἃ.
3495 4872 3973 4943 Ναϐουχοδονόσορ

2397 4964 2424 5015 6
2455 4963 2645 5016 τούτου
2673 4969 2890 5027 πάππος
2934 4965 3168 5034 συλήσας
3199 4966 3262 5017 ἐκ
3290 4965 3397 5017 τῶν
3431 4965 3846 5037 Ἰεροσολύμων,
3874 4967 3974 5018 οὐκ

2399 5059 2595 5128 ἐχρῆτο
2623 5059 2739 5125 μὲν,
2772 5061 2849 5118 είς
2876 5059 2929 5110 δὲ
2960 5059 3050 5111 τὸν
3084 5057 3249 5111 αὑτοῦ
3279 5057 3402 5111 ναὸν
3439 5058 3685 5120 εὐλαϐῶς
3734 5057 3972 5110 κατατέ-

2397 5151 2576 5203 θεικεν
2596 5167 2610 5182 ο
2639 5142 2791 5210 οὗτος
2823 5148 2877 5201 δὲ
2905 5148 3092 5218 θράσει
3127 5149 3417 5220 προαχθεὶς
3449 5149 3630 5219 ἀλόγῳ
3658 5149 3858 5218 ἐχρῆτο
3881 5150 3971 5200 καὶ

2403 5241 2606 5310 μεταξὺ
2668 5241 2834 5292 πίνων
2879 5245 2972 5292 καὶ
3027 5241 3347 5310 βλάσφημον
3381 5239 3633 5308 γλῶτταν
3684 5241 3827 5291 κατὰ
3878 5239 3971 5292 τοῦ

2402 5332 2666 5401 ’Υψίστου
2696 5332 2881 5395 κινῶν,
2914 5333 2973 5383 ὲκ
2997 5332 3089 5384 τοῦ
3118 5333 3331 5400 τείχους
3357 5333 3459 5400 ὁρᾷ
3491 5332 3644 5400 χεῖρα
3675 5329 3973 5400 προϊοῦσαν

2401 5426 2493 5478 καὶ
2533 5424 2609 5494 τῷ
2641 5425 2801 5494 τοίχῳ
2829 5425 2981 5488 τινὰς
3019 5425 3291 5486 συλλαϐὰς
3335 5425 3741 5492 ἐγγράφουσαν.
3789 5424 3972 5492 Ταρα-

2394 5517 2549 5585 .χθεὶς
2581 5517 2633 5568 δὲ
2671 5517 2774 5570 ὑπὸ
2806 5516 2901 5585 τῆς
2930 5516 3123 5584 ὅψεως,
3157 5516 3365 5583 μάγους
3393 5514 3510 5583 ἅμα
3547 5513 3638 5567 καὶ
3669 5513 3972 5575 Χαλδαίους

2401 5611 2496 5662 καὶ
2537 5610 2644 5661 πᾶν
2695 5609 2853 5660 τοῦτο
2896 5608 2959 5659 τὸ
2994 5609 3168 5674 γένος,
3208 5607 3332 5658 ὅσον
3377 5601 3444 5677 ἦν
3497 5608 3556 5658 ὲν
3605 5605 3972 5667 Βαϐυλωνίοις

2403 5703 2606 5773 σημεῖα
2628 5719 2685 5754 τε
2717 5701 2808 5753 κοιλ⁸
2838 5700 3089 5769 ὀνείρατα
3121 5698 3326 5769 κρίνειν
3357 5698 3516 5762 είδδς,
3552 5698 3710 5760 εὐθὺς
3735 5696 3968 5749 συνεκαο
