4180 6488
199 431 305 494 385

1242 430 1428 491 VITA
1468 431 1529 492 S.
1567 429 1996 494 PROPHETAE
2039 430 2423 492 DANIELIS.

3368 433 3474 496 386

192 541 293 603 λιι,
335 537 528 610 μαθεῖν
569 536 638 592 τὰ
682 537 1050 611 γεγραμμένα
1082 541 1217 613 παρ’
1250 542 1480 597 ἐκείνων
1533 541 1781 613 βουλόμε-

1891 541 2078 596 statim
2120 541 2469 608 convocavit,
2501 556 2570 597 ex
2601 539 2712 596 illis
2759 538 2952 594 volens
2997 537 3214 594 discere
3257 555 3322 595 ea
3353 556 3474 610 qua:

193 649 277 694 νος
304 645 320 661 ο
356 629 466 684 τῶν
500 630 556 682 δὲ
589 630 785 700 μάγων
815 632 972 685 οὐδὲν
993 634 1052 687 έν
1083 632 1297 696 τούτοις
1329 635 1573 689 συνεῖναι
1600 633 1784 701 λεγόν-

191 725 318 787 των,
353 723 463 778 ὑπὸ
511 723 758 792 μεγάλης
802 724 1040 792 ἀγωνίας
1069 727 1097 778 ὁ
1136 723 1394 794 βασιλεὺς
1445 726 1541 778 καὶ
1578 725 1782 796 πολλῆς

189 815 287 882 τῆς
332 815 429 868 ἐπὶ
480 813 559 883 τῷ
607 814 902 884 παραδόξῳ
946 815 1123 886 λύπης
1169 817 1506 886 ἑπισχεθεὶς,
1542 817 1780 888 ἐκήρυξε

189 906 332 959 κατὰ
364 907 552 960 πᾶσαν
580 909 638 960 έν
681 907 877 977 βραχεῖ
906 897 1006 976 τήν
1033 907 1242 977 χώραν,
1267 910 1346 978 τῷ
1375 910 1442 963 τὰ
1473 909 1782 980 γράμματα

186 993 364 1047 ταῦτα
389 997 488 1048 καὶ
517 998 618 1066 τήν
658 995 752 1049 ὑπ’
779 997 961 1049 αὐτῶν
984 997 1324 1069 δηλουμένην
1353 1000 1598 1053 διάνοιαν
1633 1000 1781 1069 σαφῆ

186 1088 592 1157 καταστήσοντι
638 1087 834 1142 δώσειν
877 1089 1355 1159 ἐπαγγελλόμενος
1403 1092 1675 1160 στρεπτόν
1721 1107 1782 1144 τε

186 1182 583 1250 περιαυχένιον
610 1181 846 1250 χρύσεον
876 1183 973 1234 καὶ
1003 1184 1294 1253 πορφυρᾶν
1325 1183 1531 1252 ἐσθῆτα
1570 1186 1780 1253 φορεῖν,

187 1266 383 1336 ὥσπερ
418 1269 470 1322 οἱ
506 1269 615 1321 τῶν
645 1271 930 1325 Χαλδαίων
970 1271 1195 1324 εἰώθασι
1233 1271 1496 1341 βασιλεῖς,
1535 1273 1673 1342 πρὸς
1726 1272 1784 1325 δὲ

188 1359 283 1413 καὶ
336 1360 398 1411 τὸ
435 1359 619 1428 τριτον
655 1362 822 1431 μέρος
872 1363 970 1431 τῆς
1015 1363 1150 1427 ιδίας
1204 1364 1414 1433 ἀρχῆςο
1463 1362 1640 1426 οὕτως
1691 1365 1784 1416 ὲκ-

187 1447 462 1517 δηλότατα
491 1450 880 1522 διακηρυχθὲν,
911 1453 992 1506 ἔτι
1030 1454 1128 1524 μὲν
1160 1456 1328 1507 πλέον
1363 1456 1413 1508 οῖ
1461 1456 1626 1524 μάγοι
1664 1472 1789 1508 συν-

189 1543 434 1612 έδραμόν
483 1561 541 1596 τε
587 1545 684 1597 κα)⁸
732 1543 872 1616 πρὸς
921 1547 1020 1618 τὴν
1066 1547 1288 1620 εὓρεσιν
1323 1549 1787 1619 ὲφιλοτιμήσαντο

190 1635 302 1686 τῶν
368 1636 758 1705 γραμμάτων,
813 1638 964 1692 οὐδὲν
1025 1641 1082 1694 δὲ
1151 1641 1376 1695 ἔλαττον
1444 1639 1786 1708 ἀποροῦντες

191 1726 524 1795 ἑστήκεσαν.

259 1817 360 1871 IB'.
401 1822 490 1871 Ἑν
514 1823 689 1892 τούτῳ
717 1822 809 1877 τὸν
846 1823 1074 1893 βασιλέα
1117 1823 1314 1894 μεστὸν
1337 1823 1582 1895 ἀθυμίας
1635 1828 1785 1894 γενό·

1887 633 2090 704 scripta
2115 635 2358 699 fuerant,
2387 634 2713 689 Dicentibus
2737 634 2921 688 autem
2955 634 3148 703 magis.
3181 647 3241 688 se
3278 647 3472 687 eorum

1885 724 2022 777 nihil
2051 725 2383 795 intelligere.
2415 725 2530 778 Rex
2557 724 2715 779 valde
2760 727 2980 792 anxius,
3005 737 3060 781 et
3083 739 3277 795 magno
3301 723 3470 785 animi

1883 815 2075 870 dolore
2123 832 2446 887 oppressus.
2499 827 2724 888 propter
2770 819 2912 872 hanc
2957 834 3074 873 rem
3135 818 3470 886 inopinatam

1883 917 1940 961 et
1971 907 2130 962 valde
2174 908 2580 973 admirabilem,
2607 909 2831 979 publico
2883 911 3158 980 praeconio
3181 909 3332 964 brevi
3353 908 3470 962 edi-

1887 995 1968 1050 xit
2015 1013 2114 1066 per
2160 1007 2332 1053 totam
2379 1001 2680 1071 regionem,
2714 1015 2772 1055 se
2803 1000 2875 1065 ei,
2909 1003 3002 1070 qui
3051 1000 3148 1054 bas
3176 1001 3389 1054 litteras
3417 1007 3474 1052 et

1884 1089 2153 1157 quidnam
2199 1089 2598 1159 significarent,
2656 1101 2804 1147 esset
2850 1093 3265 1170 declaraturus:
3306 1091 3471 1160 polli-

1885 1196 2020 1236 cens
2043 1196 2166 1237 esse
2207 1182 2462 1236 daturum
2509 1193 2760 1252 torquem
2789 1199 3041 1245 aureum,
3066 1192 3121 1237 et
3147 1186 3351 1236 vestem
3378 1197 3472 1254 ge-

1887 1274 2144 1326 standam
2185 1289 2541 1343 purpuream,
2577 1275 2719 1328 sicut
2750 1273 2927 1328 solent
2962 1274 3107 1328 ferre
3135 1287 3288 1343 reges
3312 1270 3475 1327 Chal-

1887 1365 2156 1431 daeorum,
2188 1375 2243 1419 et
2286 1374 2552 1436 praeterea
2588 1367 2807 1422 tertiam
2853 1374 3059 1436 partem
3099 1365 3184 1418 sui
3231 1362 3470 1432 imperii.

1886 1460 2024 1517 Cum
2063 1462 2168 1516 hoc
2199 1461 2423 1532 publico
2464 1461 2745 1530 przeconio
2777 1460 2856 1516 sic
2899 1459 3094 1515 fuisset
3145 1457 3471 1528 promulga-

1890 1563 2030 1617 tum,
2067 1554 2251 1608 adhuc
2301 1553 2523 1622 quidem
2571 1552 2745 1622 magis
2775 1552 3182 1607 concurrebant
3219 1551 3379 1619 magi,
3417 1558 3474 1604 et

1891 1643 2311 1696 contendebant
2355 1643 2628 1704 invenire,
2672 1640 2802 1710 quid
2845 1639 3201 1695 sibi‘vellent
3248 1639 3469 1692 litterae.

1887 1735 2265 1789 Nihilominus
2302 1744 2485 1787 autem
2536 1734 2752 1788 stabant
2781 1733 3121 1787 dubitantes.

1977 1828 2099 1881 XII.
2133 1827 2349 1882 Interea
2385 1841 2568 1896 regem
2597 1840 2797 1895 angore
2829 1825 2997 1878 animi
3027 1825 3249 1893 plenum
3285 1823 3473 1877 videns

193 1926 358 1977 μενον
394 1914 426 1980 ή
455 1912 622 1965 αύτοῦ
671 1914 873 1985 μάμμη
907 1915 1243 1986 θεασαμένη,
1283 1917 1690 1986 ἀναλαμῦάνειν
1721 1936 1781 1971 τε

1894 1921 2015 1991 ejus
2060 1921 2205 1977 avia.
2239 1920 2406 1988 cmpit
2447 1895 2718 1986 repetere,
2752 1927 2808 1972 et
2839 1917 2906 1970 de
2949 1915 3171 1970 Daniele
3207 1915 3472 1984 propheta

189 1997 396 2068 ἧρξατο
425 2003 521 2054 καὶ
554 2003 619 2056 τὰ
653 2007 782 2073 περὶ
824 2006 917 2059 τοῦ
957 2009 1243 2079 προφήτου
1283 2010 1486 2080 Δανιὴλ
1528 2012 1786 2082 γνώριμα

191 2091 488 2165 καθιστᾷν,
523 2096 626 2150 ὅσα
657 2097 744 2172 τῷ.
771 2099 984 2151 ἐκείνου
1008 2101 1244 2169 πάππῳ,
1273 2101 1350 2170 τῷ
1379 2102 1785 2172 Ναϐουχοδονό-

192 2200 290 2254 σορ
319 2187 490 2257 φημὶ,
524 2190 611 2257 ἐφ’
636 2187 717 2252 οἷς
745 2189 987 2260 ἑώρακεν
1011 2191 1372 2264 ἀπορρήτοις,
1399 2194 1562 2257 αύτὸς
1595 2196 1782 2249 διεσάο

192 2291 367 2343 φησεν
395 2295 406 2306 ·
448 2274 604 2329 Ἐστι
630 2296 733 2342 τις,
763 2280 1016 2347 λέγουσα,
1044 2281 1151 2333 άπὸ
1188 2283 1284 2352 τῆς
1320 2281 1585 2349 Ἰουδαίας
1614 2287 1785 2356 αἰχμ-

193 2367 408 2430 άλωτος
459 2369 698 2424 ἐνταῦθα
736 2371 923 2442 ἀχθεὶς
955 2373 1176 2444 (Δανιὴλ
1213 2374 1360 2444 αὐτῷ
1384 2377 1602 2447 ὄνομα),
1645 2379 1784 2450 ἀνὴρ

189 2458 362 2520 δεινὸς
397 2461 584 2536 εὑρεῖν
623 2463 693 2516 τὰ
726 2465 1018 2536 ἀπόρρητα
1056 2469 1150 2520 καὶ
1174 2467 1292 2536 Θεῷ
1326 2468 1579 2540 γνώριμα
1611 2473 1781 2540 μόνῳ,

190 2551 247 2615 ὃς
279 2553 764 2624 Ναϐουχοδονόσορ
793 2558 869 2625 τῷ
895 2556 1126 2624 βασιλεῖ,
1154 2557 1382 2626 μηδενὸς
1413 2561 1576 2613 άλλου
1607 2563 1736 2632 δυνη
1756 2593 1780 2603 -

192 2643 377 2708 θέντος
405 2647 587 2700 εἰπεῖν
612 2649 741 2716 περὶ
760 2641 834 2700 ὦν
865 2649 1034 2702 ἐδεῖτο
1065 2649 1279 2718 μαθεῖν,
1309 2651 1572 2722 ἐγνώρισε
1603 2657 1784 2709 πάντα

189 2732 373 2797 καλῶς
405 2735 499 2788 καὶ
535 2738 616 2798 εἰς
660 2737 775 2805 φῶς
811 2737 985 2807 ἤγαγε
1014 2739 1082 2792 τὰ
1113 2739 1428 2811 ζητούμενα
1448 2759 1462 2773 ·
1496 2762 1784 2818 μεταπεμο

189 2823 435 2893 ψάμενος
459 2821 555 2879 οὖν
583 2827 747 2882 αὑτὸν
777 2830 1034 2901 εὑρήσεις
1059 2832 1262 2894 εὐθέως
1285 2832 1311 2884 δ
1335 2835 1539 2900 γνῶναι
1576 2836 1782 2906 ζητεῖς.

191 2919 301 2970 Καὶ
338 2919 396 2981 ὃς
429 2919 662 2988 τάχιστα
689 2922 880 2976 τοῦτον
935 2926 1292 2992 μετεκαλεῖτο
1343 2929 1439 2980 καὶ
1477 2928 1782 3000 διαλεχθεὶς

193 3010 292 3062 ὅσα
329 3009 562 3064 πύθοιτο
606 3015 732 3081 περὶ
764 3017 927 3070 αὑτοῦ
969 3019 1062 3070 καὶ
1095 3014 1162 3091 ἦς
1199 3018 1312 3087 ἔχει
1346 3021 1539 3089 σοφίας
1581 3023 1672 3076 καὶ
1708 3023 1786 3088 ὡς

189 3101 248 3152 τὸ
284 3100 433 3152 θεῖον
482 3102 632 3170 αὐτῷ
683 3105 904 3173 Πνεῦμα
954 3109 1300 3176 συμπάρεστι
1349 3115 1444 3164 καὶ
1496 3112 1656 3181 μόνος
1697 3114 1785 3178 έξ·

191 3192 376 3261 ευρεῖν
443 3190 802 3255 ικανώτατος,
850 3191 886 3246 δ.
937 3193 1011 3262 μὴ
1052 3197 1164 3256 τοῖς
1195 3195 1374 3258 ἄλλοις
1425 3200 1505 3259 εις
1537 3199 1783 3253 ἐπίνοιαν

191 3284 439 3354 ἔρχεται,
471 3284 702 3356 φράζειν
733 3285 880 3354 αὐτῷ
904 3285 971 3337 τά
1003 3288 1369 3358 γεγραμμένα
1410 3292 1504 3341 καῖ.
1546 3290 1784 3344 διαλύειν

229 3377 371 3441 ξίου,
415 3375 520 3428 κᾶν
569 3376 896 3445 σκυθρωπὸν
941 3370 999 3449 ᾖ,
1041 3378 1226 3447 φησὶν,
1262 3377 1322 3430 τὸ
1375 3378 1480 3431 ὑπὸ
1518 3378 1652 3431 Θεοῦ
1691 3398 1788 3450 ση-

193 3467 562 3535 μαινόμενον·
608 3467 766 3520 τοῦτο
807 3467 920 3538 γὰρ
967 3471 1256 3538 ποιήσαντι
1295 3469 1584 3542 πορφύραν
1630 3471 1788 3525 δώσω

190 3556 521 3609 ἐνδύσασθαι
568 3559 662 3608 καὶ
707 3564 941 3626 χρύσιον
977 3562 1109 3631 περὶ
1147 3560 1241 3620 τὸν
1279 3561 1484 3630 αὐχένα
1521 3564 1788 3634 στρεπτὸν

191 3650 282 3700 καὶ
310 3647 370 3698 τὸ
395 3648 582 3718 τρίτον
613 3648 710 3716 τῆς
737 3651 912 3720 ἀρχῆς
941 3653 1131 3719 μέρος,
1170 3652 1340 3720 τιμὴν
1368 3654 1462 3706 καὶ
1489 3657 1653 3724 γέρας
1686 3657 1787 3725 τῆς

191 3739 387 3807 σοφίας
450 3740 736 3808 ἐσόμενον,
791 3740 864 3802 ὡς
919 3740 986 3795 ἂν
1039 3741 1100 3805 ἐξ
1149 3740 1331 3796 αὐτῶν
1381 3742 1785 3814 ἐπισημότατος

191 3831 365 3884 άπασι
390 3833 574 3898 γένοιο
603 3834 699 3884 καὶ
731 3832 1116 3905 περίϐλεπτος.

262 3923 361 3975 1Γ¹.
397 3925 600 3993 Δανιὴλ
624 3925 680 3976 δὲ
706 3926 804 3988 τὰς
838 3928 936 3996 μὲν
962 3928 1171 3996 δωρεὰς
1209 3931 1377 3985 αὑτὸν
1414 3932 1562 4003 ἔχειν
1593 3933 1781 4004 ἠξίουο

188 4012 277 4065 τὸν
309 4015 421 4081 γὰρ
455 4015 623 4080 σοφὸν
657 4016 750 4066 καὶ
780 4017 920 4068 θεῖον
957 4018 1153 4086 δώροις
1182 4022 1280 4090 οὐχ
1323 4023 1600 4092 ἁλώσιμον
1642 4023 1784 4078 εἶναι

186 4105 300 4156 Gai."
340 4106 548 4172 προῖκα
585 4104 641 4155 δὲ
687 4105 810 4168 τοὺς
851 4106 1141 4177 δεομένους
1176 4111 1414 4185 ῥφελεῖν
1459 4113 1781 4186 βούλεσθαι⁸

191 4194 420 4268 μηνύειν
451 4193 508 4246 δὲ
538 4193 688 4261 αύτῴ
714 4211 780 4246 τοι
808 4201 1176 4267 γεγραμμένα
1205 4205 1297 4255 τού
1324 4203 1441 4273 βίου
1475 4223 1784 4278 καταστρο-

192 4287 317 4358 φήν,
352 4288 440 4340 ὅτι
472 4286 610 4356 μηδὲ
641 4280 719 4349 οἷς
754 4286 781 4338 ὁ
817 4290 1084 4357 πρόγονος
1115 4292 1282 4344 αὐτοῦ
1313 4294 1784 4368 Ναϐουχοδονόσορ

187 4379 272 4433 διὰ
329 4381 432 4441 τὰς
489 4381 572 4441 εἰς
623 4379 754 4433 Θεὸν
811 4380 1000 4452 ὕϐρεις
1050 4383 1347 4456 ἐκολάσθη,
1380 4386 1590 4450 τούτοις
1620 4391 1784 4453 αὐτὸς

187 4471 392 4541 ιμαθεν
425 4471 678 4524 εὐσεϐεῖν
710 4474 806 4522 καὶ
839 4474 1011 4542 μηδὲν
1048 4476 1149 4544 τῆς
1184 4478 1538 4549 ἀνθρωπίνης
1567 4479 1782 4547 φύσεως

190 4563 332 4634 πέρα
381 4562 637 4632 φρονεῖν’
690 4559 805 4614 ἀλλ’
838 4562 919 4614 ὃτι
958 4564 1051 4614 καὶ
1084 4565 1570 4638 Ναϐουχοδονόσορ
1610 4587 1781 4638 μετα-

190 4655 524 4718 πλασθέντος
581 4655 662 4717 εἰς
709 4652 912 4725 θηρίων
962 4652 1242 4726 διαγωγὴν
1275 4657 1363 4724 ἐφ’
1402 4654 1482 4720 οἷς
1517 4660 1780 4728 ἠσέϐησε,

189 4751 278 4802 καὶ
327 4748 473 4819 μετὰ
523 4746 726 4808 πολλὰς
782 4745 991 4809 ἱκεσίας
1040 4748 1132 4800 καὶ
1178 4747 1393 4820 δεήσεις
1441 4748 1777 4818 ἐλεηθέντος,

186 4841 322 4895 ὥστε
349 4841 520 4895 πάλιν
551 4836 866 4890 ἐπανελθεῖν
910 4838 992 4899 εις
1026 4840 1115 4891 τὸν
1149 4839 1493 4908 ἀνθρώπινον
1524 4841 1639 4910 βίον
1686 4844 1781 4897 καὶ

184 4935 278 5002 τὴν
300 4933 598 5003 βασιλείαν
634 4928 804 4999 αὐτὴν
830 4930 928 4983 καὶ
955 4929 1042 4983 διὰ
1078 4930 1251 4982 ταῦτα
1283 4932 1375 4982 τὸν
1411 4933 1544 4984 Θεὸν
1572 4933 1647 4998 ὡς
1680 4937 1780 5007 τὴν

187 5026 405 5081 ἃπασαν
473 5023 673 5093 ἔχοντα
744 5022 976 5092 δύναμιν
1042 5023 1135 5078 καὶ
1199 5022 1606 5094 προνοούμενον
1669 5029 1779 5080 τῶν

185 5119 517 5190 ἀνθρώπων,
545 5114 673 5185 ἄχρι
708 5117 801 5166 καὶ
826 5115 1082 5186 τελευτῆς
1098 5116 1398 5183 ομνοῦντος
1420 5115 1592 5188 λήθην
1615 5119 1778 5183 αὐτὸς

184 5213 338 5267 ἔλασε
385 5210 604 5264 τούτων
654 5207 748 5260 καὶ
791 5208 960 5261 πολλά
1002 5209 1102 5277 μὶν
1136 5208 1574 5280 ἐϐλασφήμησεν.
1605 5213 1685 5274 εἰς
1714 5211 1778 5266 τὸ

184 5306 358 5367 Θεῐον,
396 5304 518 5365 τοῖς
551 5301 608 5353 δὲ
640 5299 889 5353 σκεύεσιν
918 5300 1085 5354 αὑτοῦ
1118 5300 1254 5370 μετὰ
1285 5301 1396 5353 τῶν
1430 5302 1777 5359 παλλακίδων

183 5397 492 5466 διηκονεῖτο
512 5409 527 5423 ·
560 5391 732 5445 ταῦτα
774 5387 867 5445 οὗν
899 5393 1107 5461 δρῶντα
1139 5394 1227 5444 τὸν
1258 5391 1414 5457 Θεὸν,
1445 5395 1774 5468 ὀργισθῆναι

186 5489 332 5557 αὐτῷ
379 5487 479 5540 καὶ
524 5484 614 5536 διὰ
657 5484 763 5533 τῶν
800 5484 1200 5552 γεγραμμένων
1238 5487 1770 5556 προκαταγγέλλειν,

185 5578 259 5640 εἰς
287 5571 402 5629 οἷον
431 5574 600 5626 αὑτὸν
631 5573 1000 5642 καταστρέψαι
1031 5573 1111 5623 δεῖ
1149 5575 1299 5638 τέλος
1321 5593 1333 5604 ο
1377 5575 1566 5643 ἐδήλου
1610 5577 1664 5632 δὲ
1703 5581 1773 5632 τὰ

185 5671 499 5740 γράμματα
514 5666 674 5717 τάδε’
694 5663 874 5734 μάνη,
909 5665 1100 5730 θέκελ,
1122 5670 1308 5735 φαρές
1330 5683 1344 5696 ⁸
1374 5668 1534 5720 τοῦτο
1563 5668 1619 5720 δὲ
1651 5671 1772 5724 ἐλι-

181 5778 282 5836 γέν⁹
307 5759 530 5812 Ἑλλάδι
569 5756 792 5832 γλώσσῃ
830 5759 1133 5827 σημαίνειν,
1185 5760 1267 5812 ὅτι
1331 5760 1443 5813 Τὸν
1475 5757 1584 5825 τῆς
1617 5760 1772 5830 ζωῆς

177 5868 288 5908 σου
314 5856 556 5923 χρόνον
581 5851 905 5920 ἠρίθμηκεν
925 5854 958 5906 0'
989 5851 1130 5916 Θεὸς
1158 5853 1252 5906 καὶ
1287 5849 1535 5922 σταθμῴ
1577 5857 1770 5923 περιέ-

1888 2013 1937 2065 ei
1987 2011 2316 2080 signiﬁcare,
2361 2025 2483 2079 quae
2529 2009 2674 2062 illius
2731 2024 2870 2072 avo,
2914 2005 3469 2068 Nabuchodonosori,

1892 2102 2143 2170 inquam,
2194 2111 2422 2170 propter
2477 2114 2540 2153 ea
2573 2113 2695 2168 qua:
2729 2099 2942 2156 viderat
2969 2113 3188 2161 arcana,
3221 2097 3270 2149 ei
3302 2111 3474 2164 expo-

1887 2202 2094 2254 suerat,
2143 2194 2240 2246 Est
2270 2192 2516 2260 quidam,
2547 2193 2758 2256 dicens,
2800 2193 2894 2260 qui
2939 2190 3040 2244 fuit
3070 2190 3270 2244 ductus
3303 2188 3408 2243 huc
3441 2203 3472 2242 e

1887 2281 2072 2336 Judaea
2123 2280 2397 2348 captivus,
2441 2280 2665 2333 nomine
2708 2279 2917 2343 Daniel,
2970 2280 3056 2332 vir
3101 2279 3358 2348 egregius
3401 2279 3469 2331 ad

1891 2371 2226 2426 invenienda
2268 2383 2494 2432 arcana,
2530 2377 2585 2422 et
2613 2384 2734 2438 quae
2761 2377 2890 2423 sunt
2923 2368 3022 2422 soli
3055 2365 3166 2423 Deo
3201 2367 3420 2438 cognita
3453 2384 3466 2420 :

1887 2464 1982 2534 qui
2031 2464 2144 2533 regi
2169 2461 2723 2522 Nabuchodonosori,
2754 2476 2878 2515 cum
2907 2461 3091 2513 nullus
3123 2459 3262 2513 alius
3287 2467 3470 2528 posset

1893 2557 2079 2611 dicere
2113 2557 2182 2610 de
2219 2555 2287 2608 iis
2315 2570 2434 2623 qua:
2478 2553 2782 2622 quaerebat,
2815 2553 2996 2608 omnia
3029 2551 3259 2621 pulchre
3299 2550 3470 2620 signi-

1891 2646 2099 2710 ﬁcavit,
2128 2656 2183 2700 et
2213 2645 2388 2699 edidit
2422 2647 2476 2698 in
2511 2647 2687 2698 lucem
2719 2659 2782 2698 ca
2815 2659 2934 2713 qua:
2963 2645 3378 2711 qtizcrebantur.
3413 2641 3471 2694 Si

1887 2753 2016 2793 eum
2055 2754 2189 2808 ergo
2240 2736 2626 2800 accersiveiis,
2670 2736 2721 2790 id
2758 2735 2904 2805 quod
2950 2735 3089 2789 scire
3130 2733 3307 2803 cupis,
3344 2748 3468 2787 mox

1893 2828 2169 2884 invenies.
2220 2827 2313 2880 Ille
2359 2842 2492 2880 vero
2539 2841 2664 2878 eum
2726 2825 3015 2880 celerrime
3062 2824 3317 2878 accersiit
3359 2839 3374 2875 :
3415 2831 3472 2877 et

1888 2936 2013 2975 cum
2067 2921 2320 2982 dixisSet,
2363 2935 2485 2989 quae
2541 2919 2609 2972 de
2661 2920 2779 2987 ipso
2825 2925 2881 2972 et
2933 2917 3000 2972 de
3043 2917 3166 2986 ejus
3215 2915 3473 2970 audiebat

1886 3012 2178 3082 sapientia,
2229 3020 2284 3064 et
2317 3011 2448 3080 quid
2480 3010 2702 3064 divinus
2743 3011 2813 3064 sit
2848 3025 2971 3063 cum
3011 3024 3077 3063 eo
3107 3007 3384 3077 Spiritus;
3415 3015 3472 3060 et

1889 3107 1964 3162 sit
1986 3105 2050 3159 ad
2098 3104 2494 3159 inveniendum
2543 3103 2694 3156 solus
2743 3103 2828 3157 vel
2878 3102 3113 3155 maxime
3145 3102 3377 3154 idoneus
3405 3113 3469 3152 ea

1889 3214 2012 3269 qua:
2059 3213 2172 3252 non
2214 3195 2448 3251 veniunt
2481 3196 2604 3263 aliis
2635 3197 2688 3249 in
2734 3199 3004 3259 mentem,
3050 3193 3277 3264 rogabat
3323 3201 3382 3245 ut
3419 3191 3472 3245 ei

1890 3292 2100 3344 diceret
2124 3299 2181 3345 et
2216 3291 2457 3344 solveret
2477 3306 2564 3353 ea,
2593 3305 2715 3359 qua:
2746 3290 2949 3358 scripta
2982 3289 3198 3342 fuerant
3222 3306 3236 3352 ;
3256 3285 3470 3342 etiamsi

1888 3381 1980 3442 sit,
1998 3381 2199 3450 inquit,
2218 3381 2575 3450 injucundum
2591 3391 2910 3449 etasperum
2928 3381 3074 3450 quod
3090 3397 3120 3434 a
3141 3381 3250 3434 Deo
3274 3378 3474 3448 signiﬁ-

1889 3483 2069 3527 catur.
2087 3473 2198 3527 lloc
2215 3487 2345 3542 ergo
2362 3472 2406 3526 si
2426 3471 2644 3534 feceris.
2663 3472 2805 3527 dabo
2831 3472 2931 3526 tibi
2957 3489 3394 3542 purpuram,qua
3421 3482 3472 3526 te

1890 3565 2091 3621 induas
2109 3583 2122 3619 :
2143 3574 2198 3620 et
2213 3574 2465 3637 torquem
2484 3581 2903 3635 aureum,quem
2921 3565 3061 3619 collo
3082 3573 3176 3618 tuo
3198 3566 3468 3634 imponas,

1889 3668 1946 3713 et
1969 3659 2187 3712 tertiam
2209 3668 2417 3728 partem
2441 3660 2545 3711 mei
2566 3658 2803 3725 imperii,
2824 3657 3066 3712 futuram
3104 3659 3388 3726 praemium
3417 3665 3472 3713 et

1889 3752 2158 3843 bonor‘em
2197 3760 2302 3803 tua:
2344 3752 2633 3819 sapientia
2664 3768 2677 3804 :
2708 3759 2770 3804 ut
2807 3763 2873 3805 ex
2917 3750 3052 3820 ipsis
3078 3751 3282 3806 evadas
3308 3752 3470 3823 longe

1888 3841 2248 3904 clarissimus,
2282 3841 2434 3895 etab
2464 3843 2724 3896 omnibus
2759 3843 3170 3913 suspiciendus.

1961 3933 2098 3990 Xlll.
2144 3934 2333 3990 Daniel
2363 3944 2550 3990 autem
2585 3933 2812 4005 rogabat
2854 3936 3106 4004 quidem,
3140 3945 3201 3989 ut
3232 3937 3338 3991 sibi
3373 3954 3471 3992 sua

1890 4026 2122 4081 haberet
2197 4041 2450 4087 munera,
2500 4025 2683 4077 virum
2732 4024 2878 4078 enim
2926 4022 3230 4092 sapientem
3282 4033 3337 4076 et
3385 4025 3468 4075 di-

1886 4117 2075 4170 vinum
2115 4131 2220 4168 non
2270 4130 2391 4169 esse
2441 4115 2774 4183 capiendum
2823 4114 3149 4168 muneribus
3192 4129 3298 4167 :se
3342 4128 3474 4166 vero

1885 4209 2056 4279 gratis
2085 4207 2221 4260 velle
2266 4208 2459 4276 juvare
2483 4222 2580 4258 eos
2610 4209 2704 4274 qui
2746 4222 2886 4275 Opus
2928 4206 3186 4260 habeant.
3228 4207 3475 4264 Declarat

1887 4311 2074 4356 autem
2107 4300 2156 4355 ei
2207 4315 2269 4355 ea
2299 4315 2419 4369 quae
2453 4298 2661 4367 scripta
2691 4297 2930 4355 fuerant,
2966 4311 3164 4364 nempe
3199 4298 3320 4350 vitae
3361 4297 3474 4349 exi-

1887 4403 2002 4447 tum
2027 4411 2040 4446 :
2062 4393 2205 4460 quod
2241 4407 2343 4445 nec
2373 4393 2439 4445 iis
2461 4391 2710 4457 quidem,
2731 4404 2852 4459 quae
2881 4403 3015 4443 avus
3039 4388 3159 4458 ejus
3177 4389 3472 4446 Nahucho~

1887 4483 2133 4538 donosor
2183 4496 2378 4553 passus
2425 4487 2568 4546 erat,
2635 4481 2922 4550 suppliciis
2974 4490 3197 4548 propter
3241 4496 3368 4534 snas
3417 4482 3471 4534 in

1821 4579 1863 4632 D
1890 4578 2064 4632 Deum
2120 4574 2516 4636 contumelias,
2573 4574 2692 4642 ipse
2741 4572 3010 4626 didicerat
3054 4585 3174 4623 esse
3209 4571 3378 4639 pium,
3415 4583 3472 4625 et

1889 4668 2029 4721 ultra
2054 4666 2276 4719 modum
2309 4666 2560 4716 humana:
2587 4674 2798 4717 natura:
2821 4677 2930 4716 non
2959 4676 3176 4736 sumere
3201 4663 3466 4729 spiritus:

1885 4758 1982 4814 sed
2001 4759 2146 4828 quod
2174 4757 2342 4814 etiam
2369 4771 2493 4810 cum
2517 4752 3030 4810 Nabuchodonosor
3051 4762 3292 4807 mutatus
3324 4764 3471 4808 esset

1886 4851 1943 4905 in
1994 4852 2154 4904 vitam
2218 4850 2448 4903 ferinam
2497 4856 2786 4914 propterea
2816 4862 2938 4915 quae
2988 4847 3153 4914 impie
3202 4856 3465 4915 gesserat,

1883 4950 1939 4994 et
1972 4949 2092 5010 post
2126 4939 2325 4992 multas
2354 4952 2548 5007 preces
2575 4945 2631 4991 et
2685 4937 3115 5006 supplicationes
3147 4937 3463 4991 misericor-

1883 5031 2030 5086 diam
2054 5040 2200 5085 esset
2222 5040 2573 5088 consecutus,
2605 5036 2659 5080 et
2690 5027 2944 5080 rediisset
2975 5025 3044 5078 ad
3071 5025 3235 5079 vitam
3265 5025 3460 5080 huma-

1882 5140 2009 5179 nam
2063 5133 2120 5178 et
2169 5123 2346 5190 ipsum
2395 5132 2668 5190 regnum:
2711 5127 2767 5173 et
2806 5125 3096 5187 propterea
3144 5118 3340 5178 Deum,
3401 5130 3460 5171 ut

1880 5216 1974 5286 qui
2002 5228 2224 5269 omnem
2261 5212 2490 5287 haberet
2521 5211 2842 5281 potentiam,
2873 5217 2928 5261 et
2959 5209 3240 5261 hominum
3267 5223 3454 5262 curam

1879 5315 2120 5380 gereret,
2166 5320 2343 5376 usque
2375 5304 2442 5357 ad
2492 5314 2725 5357 mortem
2776 5300 3049 5365 laudaret,
3104 5301 3216 5368 ipse
3261 5315 3453 5354 eorum

1879 5411 1965 5454 est
1995 5397 2200 5454 oblitus
2229 5415 2242 5450 :
2277 5405 2334 5450 et
2366 5395 2537 5449 Deum
2570 5393 2794 5464 quidem
2825 5391 3016 5446 multis
3046 5391 3345 5444 insectatus
3369 5402 3454 5446 est

1880 5491 2217 5556 maledictis,
2248 5488 2397 5543 vasis
2427 5497 2610 5542 autem
2636 5488 2756 5557 ejus
2801 5495 2858 5538 ut
2881 5483 2987 5538 sibi
3017 5483 3448 5545 ministraretur,

1876 5583 2062 5638 eﬂ‘ecit
2108 5581 2271 5635 simul
2318 5595 2444 5634 cum
2479 5579 2790 5649 pellicibus.
2827 5573 2953 5630 Haec
2991 5588 3124 5644 ergo
3169 5572 3446 5624 videntem

1877 5676 2046 5728 Deum
2074 5675 2122 5728 ei
2145 5689 2264 5728 esse
2300 5673 2594 5736 iratum,ct
2627 5685 2724 5740 per
2750 5683 2813 5722 ea
2839 5683 2959 5738 quae
2992 5666 3193 5736 scripta
3225 5673 3374 5726 sunt,
3394 5664 3449 5719 ei

1876 5767 2322 5836 prmsignlﬁcare,
2366 5764 2544 5832 qualis
2575 5763 2646 5817 sit
2689 5761 2909 5817 futurus
2960 5760 3084 5814 vita:
3125 5756 3323 5811 exitus.
3362 5754 3447 5807 Si-

1875 5857 2204 5923 gniﬁcabant
2241 5864 2422 5912 autem
2469 5854 2552 5908 hac
2587 5853 2808 5917 littera,
2846 5849 3021 5914 Hane,
3066 5845 3263 5912 Tliecel,
3304 5843 3444 5898 Plia-
