4180 6468
713 439 815 503 387

2034 412 2321 475 MENSIS
2360 409 2656 472 IULIUS.

3864 397 3971 460 388

714 554 964 616 τεε,1ιοο
996 563 1128 603 vero
1179 543 1400 598 dicebat
1452 540 1639 609 lingua
1688 536 1880 590 Latina
1933 528 2289 600 signiﬁcare:

2419 540 2590 590 rencs
2623 525 2720 577 καί
2764 521 3054 591 περιελών
3083 538 3197 575 σου
3233 519 3346 588 τὴν
3385 517 3714 583 ,Βασιλείαν
3749 515 3976 582 Μήδοις

717 651 940 710 Tempus
973 644 1088 696 vita:
1121 649 1224 692 tua:
1257 635 1555 689 numeravit
1589 632 1746 693 Deus,
1779 636 1826 680 et
1856 627 1910 679 in
1937 625 2071 677 libra
2102 636 2298 690 appen-

2419 615 2590 679 n’nhr
2614 616 2709 667 καὶ
2735 615 2996 683 Πέρσαις
3017 612 3302 682 διανεμεῖ.
3323 611 3478 664 Οὕτω
3492 610 3686 680 Δανιὴλ
3704 609 3881 664 ταῦτα
3899 609 3976 679 τῷ

715 743 822 798 ἀει,
849 749 896 792 et
944 733 1180 789 ablatum
1219 744 1437 798 regnum
1478 735 1627 776 tuum
1665 721 1852 773 dividet
1885 716 2048 771 Medis
2076 721 2122 766 et
2162 711 2290 764 Per-

715 836 808 888 sis.
857 831 992 886 Cum
1045 830 1155 898 regi
1193 829 1262 880 sit
1300 825 1531 878 dixisset
1565 818 1788 882 Daniel,
1825 827 2071 884 quaenam
2127 807 2294 876 signi-

722 926 947 980 ficarent
1008 923 1092 975 hae
1154 920 1207 972 in
1261 933 1419 970 muro
1473 915 1703 973 litterae,
1761 907 2005 961 Baltasar
2069 900 2292 969 quidem

720 1032 926 1084 angore
975 1023 1031 1067 et
1085 1010 1252 1064 animi
1307 1007 1495 1062 dolore
1569 1004 1670 1057 fuit
1724 1010 2019 1069 oppressus
2073 999 2298 1060 prapter

721 1083 913 1178 aspera
937 1107 1027 1159 illa
1052 1113 1106 1158 et
1141 1101 1339 1163 tristia,
1370 1114 1491 1168 qua:
1528 1096 1575 1149 ei
1602 1090 2070 1164 significabantur.
2107 1083 2298 1149 Neque

724 1175 906 1256 tamen
944 1199 992 1253 ei
1029 1206 1288 1265 tanquam
1322 1191 1603 1262 prOphetse
1637 1185 1932 1242 malorum,
1963 1193 2072 1232 non
2106 1175 2197 1227 dat
2233 1186 2298 1227 ea

723 1306 975 1355 munera,
1007 1305 1128 1358 qua
1175 1287 1354 1341 fuerat
1408 1281 1705 1352 pollicitus,
1733 1276 1825 1330 sed
1857 1270 2089 1342 praebuit
2117 1265 2300 1320 omnia

724 1401 888 1456 quam
931 1383 1178 1437 minatus
1228 1378 1450 1448 quidem
1487 1383 1606 1426 erat
1639 1368 1788 1438 regni
1825 1364 2135 1424 eversione,
2169 1357 2305 1412 defl-

724 1477 854 1530 nita:
888 1490 1008 1529 esse
1061 1467 1424 1527 necessitatis,
1456 1464 1551 1520 sed
1587 1477 1696 1515 non
1729 1461 1847 1529 ejus
1888 1456 1981 1525 qui
2033 1447 2303 1523 praedixit,

727 1660 979 1729 implere,
1007 1656 1136 1710 boni
1169 1669 1288 1708 esse
1313 1651 1420 1704 viri
1454 1647 1730 1719 judicans,
1762 1641 2010 1712 justique
2036 1644 2092 1690 et
2131 1633 2266 1688 veri.

797 1728 933 1806 Χιν.
989 1745 1348 1805 Praeterfluxit
1413 1743 1574 1795 breve
1631 1736 1865 1805 spatium
1912 1728 2194 1800 temporis.
2252 1735 2308 1781 et

730 1856 922 1911 captus
954 1842 1054 1894 fuit
1087 1841 1202 1907 ipse
1233 1845 1288 1890 et
1319 1833 1543 1892 civitas,
1603 1829 1745 1882 sicut
1778 1823 2099 1893 praedictum
2131 1821 2309 1872 fuerat

2399 708 2607 776 βασιλεῖ
2632 707 2917 776 σημαίνειν
2947 707 3255 776 φράσαντος
3285 706 3350 756 τὰ
3379 706 3434 756 ὲν
3463 702 3625 772 τοίχῳ
3651 702 3973 772 γράμματα,

2395 801 2487 852 τὸν
2526 801 2625 869 μὲν
2664 800 2949 869 Βαλτάσαρ
2977 793 3086 851 οἷον
3133 799 3278 861 είκὸς
3308 795 3552 867 ὲφόῦτω
3577 795 3834 864 χαλεποῖς
3867 796 3977 856 τοῖς

2397 891 2791 958 δεδηλωμένοις
2816 889 2959 959 λύπη
2999 890 3094 941 xui
3126 888 3382 958 aupwpd
3412 885 3735 949 κατέλαϐεν,
3770 887 3831 936 οὐ
3875 885 3980 954 μὴν

2400 982 2473 1043 ὡς
2506 983 2761 1051 προφήτῃ
2788 980 2975 1034 κακῶν
3006 979 3155 1050 αὐτῷ
3183 979 3462 1049 γενομένῳ
3485 977 3561 1048 τῷ
3592 982 3848 1048 προφήτῃ
3885 979 3980 1039 τὰς

2400 1073 2606 1143 δωρεὰς
2641 1072 2705 1136 ἀς
2737 1073 3004 1141 ὑπέσχετο
3037 1071 3250 1134 δώσειν,
3283 1073 3344 1123 οὐ
3369 1071 3604 1134 δίδωσιν,
3630 1070 3766 1123 ἀλλὰ
3798 1070 3981 1132 πάσας

2404 1165 2732 1236 παρέσχετο,
2797 1164 2897 1236 τὴν
2958 1163 3058 1234 μὲν
3104 1163 3477 1233 ἠπειλημένην
3537 1163 3637 1233 τῆς
3701 1160 3983 1231 βασιλείας

2402 1258 2724 1324 καθαίρεσιν
2766 1257 2862 1325 τῆς
2901 1255 3214 1326 ὁρισθείσης
3254 1254 3519 1323 ἀνάγκης,
3571 1252 3685 1305 ἀλλ’
3715 1252 3838 1321 οὐχὶ
3885 1250 3980 1304 τοῦ

2406 1348 2888 1419 προφητεύσαντος
2923 1345 3062 1400 εἶναι
3107 1345 3485 1414 λογισάμενος,
3514 1343 3612 1415 τὴν
3639 1343 3695 1397 δὲ
3744 1344 3857 1394 τῶν
3889 1343 3984 1394 ἑπ-

2405 1441 2760 1512 ηγγελμένων
2804 1441 3153 1510 ἐκπλήρωσιν
3195 1439 3385 1508 ἀνδρὸς
3422 1435 3626 1505 ἀγαθοῦ
3653 1437 3855 1509 κρίνων
3890 1433 3984 1487 καὶ

2406 1534 2619 1588 δικαίου
2645 1534 2743 1587 ,καὶ
2777 1531 3061 1600 ἀψευδοῦς.

2481 1713 2782 1784 1Δ’.Βραχὺ
2814 1712 2993 1781 διῆλθε
3021 1712 3079 1764 τὸ
3109 1711 3336 1781 μεταξὺ,
3367 1711 3461 1764 καὶ
3493 1711 3653 1774 αὐτός
3678 1728 3737 1763 τε
3775 1712 3986 1782 ἐλήφθη

2411 1809 2507 1860 καὶ
2564 1808 2597 1876 η
2654 1805 2830 1867 πόλις,
2867 1803 2942 1865 ὼς
2973 1801 3049 1871 τῷ
3079 1803 3276 1870 Δανιὴλ
3333 1802 3756 1871 προηγόρευται,
3799 1801 3987 1870 Κύρου

732 1953 761 1989 a
797 1934 1038 1994 Daniele,
1085 1943 1208 1983 cum
1257 1926 1367 1978 ilex
1414 1924 1702 1977 Persarum
1748 1917 1800 1970 in
1836 1916 2013 1983 ipsum
2060 1911 2306 1966 duxisset

2419 1901 2516 1951 τῶν
2556 1897 2780 1965 Περσῶν
2819 1896 3079 1964 βασιλέως
3111 1895 3639 1962 ἐπιστρατεύσαντος
3667 1894 3755 1947 ἐπ’
3790 1895 3986 1948 αὐτόν·

730 2025 1054 2080 exercitum.
1081 2020 1184 2076 Sed
1213 2019 1486 2071 Baltassar
1511 2010 1733 2081 quidem
1761 2009 1840 2063 sic
1864 2022 1893 2061 e
1916 2006 2026 2060 vita
2048 2001 2301 2059 excedit:

735 2115 930 2168 Darius
976 2127 1130 2171 vero,
1185 2109 1277 2176 qui
1340 2103 1761 2172 Babyloniorum
1799 2097 2047 2151 dissolvit
2097 2093 2303 2163 princi-

735 2212 946 2271 patum,
985 2199 1076 2269 qui
1106 2206 1224 2251 erat
1254 2195 1418 2248 etiam
1463 2193 1607 2245 filius
1648 2188 1915 2259 Astyagis,
1957 2186 2105 2255 regni
2142 2199 2304 2240 sexa-

735 2294 1007 2364 gesimum
1061 2287 1368 2344 secundum
1420 2299 1626 2337 annum
1675 2288 2036 2348 transegerat,
2087 2275 2308 2346 quando

738 2383 886 2452 cepit
907 2381 1257 2451 Babylmiem.
1287 2377 1390 2441 Qui
1418 2375 1582 2428 etiam
1610 2371 1989 2425 admirabilem
2017 2369 2164 2421 hunc
2193 2381 2313 2435 pro-

738 2474 960 2545 phetam
1025 2485 1215 2524 secum
1267 2467 1568 2535 accipiens,
1623 2471 1882 2530 tanquam
1922 2476 2035 2512 rem
2063 2458 2306 2527 aliquam

741 2580 992 2636 magnam
1027 2572 1078 2618 et
1111 2559 1588 2631 pretiosissimam,
1620 2555 1780 2609 duxit
1820 2555 1872 2607 in
1916 2551 2168 2613 Mediam,
2199 2566 2312 2605 ma-

742 2672 906 2727 gnum
952 2668 1112 2707 suum
1154 2653 1208 2704 in
1243 2667 1367 2704 eum
1410 2649 1653 2703 studium
1686 2644 1984 2701 ostendens
2029 2653 2083 2698 et
2122 2642 2314 2697 obser-

741 2748 1006 2802 vantiam.
1041 2743 1227 2796 Daniel
1256 2757 1386 2810 ergo
1414 2755 1539 2794 cum
1567 2749 1715 2792 cssct
1749 2739 1801 2789 in
1838 2747 1986 2790 tanto
2017 2734 2226 2788 honore
2260 2741 2316 2786 et

742 2835 1183 2893 cxsistiniatione
1223 2832 1363 2902 apud
1395 2832 1640 2893 Darium,
1673 2837 1727 2882 et
1756 2830 1869 2896 ipse
1896 2828 2016 2894 ejus
2036 2838 2318 2878 sermones

747 2931 1046 2996 acciperet,
1103 2933 1162 2978 ut
1207 2926 1301 2993 qui
1353 2922 1622 2974 haberent
1666 2917 1869 2986 aliquid
1943 2915 2210 2977 divinum,
2262 2914 2317 2968 in

741 3036 871 3076 eum
905 3033 1124 3088 quoque
1156 3016 1390 3070 excitata
1420 3021 1504 3065 est
1540 3011 1742 3064 invidia
1787 3009 1856 3062 ab
1889 3009 1956 3063 iis
1987 3009 2079 3078 qui
2114 3010 2318 3078 primas

748 3123 932 3183 partes
973 3109 1226 3163 ferebant
1277 3107 1333 3160 in
1381 3105 1575 3159 Media.
1606 3090 1820 3157 Etenim
1878 3101 2198 3155 invidebant
2236 3115 2322 3153 sa-

2410 1993 2548 2046 ἀλλα
2581 1989 2870 2057 Βαλτάσαρ
2911 1987 3008 2055 μὲν
3039 1987 3182 2038 οὕτω
3225 1986 3314 2038 τὸν
3357 1985 3468 2054 βίον
3505 1986 3742 2055 ἀμείϐει.
3777 1987 3990 2055 Δαρείῳ

2408 2086 2464 2138 δὲ
2491 2086 2565 2154 τῷ
2589 2080 2954 2136 καταλύσαντι
2982 2079 3079 2156 τὴν
3129 2080 3200 2130 Ba
3213 2078 3471 2130 ϐυλώνιον
3497 2079 3813 2149 ἡγεμονίαν,
3841 2079 3900 2142 ὃς
3927 2077 3991 2148 δὴ

2410 2180 2503 2233 καὶ
2534 2178 2859 2242 Ἀστυάγους
2895 2173 3014 2236 υίὸς
3040 2170 3129 2244 ἦν,
3153 2173 3270 2235 ἔτος
3301 2171 3588 2240 ἑξηκοστὸν
3619 2173 3714 2224 καὶ
3737 2171 3992 2241 δεύτερον

2410 2273 2505 2340 τῆς
2526 2269 2800 2338 βασιλείας
2824 2264 3037 2335 ηνύετο,
3063 2266 3224 2335 ἡνίκα
3250 2265 3350 2336 τὴν
3381 2261 3669 2315 Βαϐυλῶνα
3705 2257 3855 2315 εἷλεν
3876 2279 3889 2292 ·
3933 2264 3999 2333 ὃς,

2413 2363 2508 2414 καὶ
2536 2362 2625 2412 τὸν
2648 2359 2952 2430 θαυμάσιον
2979 2358 3190 2410 τουτονὶ
3217 2359 3500 2426 προφήτην
3525 2357 3643 2427 μεθ’
3673 2355 3875 2410 ἑαυτοῦ
3903 2358 3995 2410 λα-

2416 2453 2528 2506 ϐὼν
2561 2452 2636 2515 ὡς
2672 2452 2815 2522 μέγα
2858 2468 2910 2504 τι
2945 2449 3136 2520 χρῆμα
3190 2450 3284 2501 καὶ
3324 2448 3622 2516 ἀξιότιμον,
3663 2450 3874 2518 ἢγαγεν
3915 2450 3995 2513 είς

2414 2546 2513 2616 τὴν
2562 2543 2834 2613 Μηδικὴν,
2889 2542 3092 2613 πολλὴν
3145 2541 3244 2611 τὴν
3291 2541 3419 2609 περὶ
3467 2533 3631 2593 αὐτὸν
3693 2538 3994 2616 θεραπεία-ν

2418 2638 2748 2699 ἐπιδεικνύς.
2791 2633 2990 2703 Δανιὴλ
3024 2635 3202 2687 τοίνυν
3247 2634 3321 2686 ὢν
3361 2636 3417 2687 ὲν
3450 2633 3674 2704 τοιαύτῃ
3714 2637 3850 2704 τιμῇ
3905 2612 3994 2689 καὶ

2417 2730 2645 2799 λαμπρᾷ
2677 2727 2884 2798 σπουδῇ
2915 2726 3066 2796 παρὰ
3097 2726 3173 2795 τῷ
3203 2729 3436 2794 Δαρείῳ,
3476 2727 3634 2796 μόνος
3660 2744 3720 2779 τε
3753 2726 3995 2795 σύμϐου-

2418 2823 2506 2884 λος
2540 2821 2688 2892 αὐτῴ
2721 2819 3081 2891 ἐχρημάτισε,
3115 2822 3210 2876 καὶ
3243 2821 3369 2882 τοὺς
3400 2818 3565 2870 αὐτοῦ
3597 2819 3789 2885 λόγους
3829 2819 3905 2881 ὥς
3946 2836 3995 2871 τι

2422 2915 2562 2968 Θεῑον
2590 2914 2813 2984 ἔχοντας
2852 2916 2879 2966 ὁ
2922 2913 3171 2982 βασιλεὺς
3203 2911 3600 2982 ἀποδεχόμενος
3644 2905 3730 2980 ἦν.
3775 2911 3996 2981 Ἀμέλει

2422 3010 2512 3061 καὶ
2545 3007 2738 3076 φθόνος
2783 3006 2933 3074 αὐτῷ
2964 3008 3197 3074 ὐφεῖριιε
3233 3006 3382 3073 παρὰ
3424 3006 3530 3056 τῶν
3565 3003 3631 3056 τὰ
3667 3005 3861 3074 πρῶτα
3903 3021 3998 3072 τρε·

2430 3105 2631 3174 ρύντων
2657 3105 2712 3154 ὲν
2745 3102 2960 3172 Μηδικῇ
2989 3118 3002 3132 ·
3038 3101 3363 3154 ἐϐάσκαινον
3407 3101 3515 3170 γὰρ
3539 3098 3688 3168 αὐτῷ
3717 3102 3765 3152 οί
3799 3102 4001 3170 σατράο

748 3215 939 3274 ιττιρω,
966 3204 1217 3258 videntes
1236 3215 1361 3255 cum
1390 3214 1510 3254 esse
1542 3199 1595 3250 in
1630 3197 1838 3264 majore
1872 3193 2319 3275 exsistimatione

2436 3213 2534 3248 παι
2593 3192 3095 3265 παρευδοκιμοῦντα
3143 3192 3376 3263 δρῶντες
3419 3191 3512 3244 καὶ
3545 3192 3786 3254 πλείονος
3814 3193 4000 3259 esteo-

746 3309 804 3354 ct
837 3315 954 3351 esse
988 3299 1164 3366 majus
1208 3297 1262 3348 in
1294 3308 1422 3348 eum
1463 3292 1605 3361 regis
1643 3290 1908 3352 studium,
1956 3297 2011 3342 et
2040 3289 2230 3343 haberi
2264 3289 2318 3344 in

751 3391 940 3461 majori
971 3388 1113 3458 apud
1141 3402 1264 3440 eum
1298 3386 1528 3439 honore.
1560 3383 1881 3450 Quaerentcs
1901 3390 2084 3436 autem
2115 3383 2322 3436 calum-

751 3490 858 3540 niae
902 3481 1246 3538 occasionem
1277 3487 1332 3533 et
1373 3478 1760 3540 accusationis,
1808 3475 2032 3528 minime
2075 3475 2321 3529 invenie-

753 3581 920 3643 bant;
960 3577 1164 3630 nullam
1193 3573 1336 3626 enim
1367 3571 1446 3624 cis
1473 3569 1753 3638 prtebebat
1777 3582 2020 3627 causam,
2060 3583 2182 3618 nam
2228 3582 2324 3620 ne-

755 3689 862 3742 que
897 3688 924 3725 a
962 3668 1212 3739 pecuniis
1246 3667 1388 3720 vinci
1439 3671 1679 3734 poterat,
1712 3670 1772 3715 et
1792 3674 2011 3713 omnem
2055 3667 2323 3728 quaestum

756 3764 1112 3832 despiciebat.
1153 3761 1291 3813 Hinc
1335 3759 1538 3810 factum
1564 3767 1668 3812 est,
1698 3765 1759 3806 ut
1783 3769 1905 3807 eum
1939 3752 2073 3805 nihil
2106 3759 2329 3820 possent

760 3855 1035 3916 invenire,
1094 3851 1242 3922 quod
1301 3850 1368 3904 de
1399 3865 1465 3902 eo
1513 3847 1761 3901 dicentes
1808 3845 1952 3914 apud
1999 3860 2201 3912 regem,
2260 3844 2327 3896 de

761 3953 879 4019 ejus
915 3948 1126 4001 honore
1160 3952 1379 4014 possent
1412 3939 1618 4010 aliquid
1657 3937 1974 3998 detrahere,
2013 3935 2180 3988 alium
2213 3950 2330 3988 mo-

760 4043 892 4094 dum
937 4045 1267 4107 quaererent,
1296 4050 1405 4103 quo
1435 4049 1560 4085 eum
1596 4031 1936 4099 depellerent
1988 4043 2017 4082 a
2058 4027 2203 4097 regis
2230 4027 2328 4079 be-

762 4128 1095 4187 nevolentia.
1159 4125 1423 4181 Videntes
1475 4137 1604 4192 ergo
1659 4120 1939 4175 Danielem
1999 4127 2082 4174 ter
2136 4118 2190 4171 in
2242 4116 2330 4170 die

764 4230 1102 4291 precantem,
1131 4216 1381 4271 arbitrati
1406 4223 1532 4268 sunt
1566 4229 1623 4268 se
1656 4212 1930 4267 invenisse
1959 4210 2328 4269 occasionem.

763 4330 860 4384 per
884 4327 1046 4381 quam
1077 4311 1186 4364 sint
1212 4309 1259 4362 ei
1289 4306 1509 4360 allaturi
1539 4305 1768 4358 exitium
1794 4322 1806 4356 :
1828 4312 1884 4357 et
1914 4302 2241 4354 accedentes
2266 4302 2330 4352 ad

767 4406 1015 4466 Darium,
1065 4403 1114 4456 ei
1155 4400 1494 4462 renuntiant,
1544 4398 1718 4452 visum
1755 4413 1875 4454 esse
1923 4395 2182 4450 omnibus
2214 4395 2333 4463 ejus

763 4497 1000 4563 satrapis
1029 4506 1083 4548 et
1115 4493 1479 4564 principibus,
1523 4500 1581 4545 ut
1616 4491 1798 4543 nullus
1828 4506 1892 4544 ex
1924 4489 2185 4540 omnibus
2211 4501 2332 4552 spa-

2437 3310 2595 3360 μενον
2617 3291 2713 3360 τῆς
2746 3292 2808 3342 ἐκ
2837 3288 3099 3356 βασιλέως
3134 3287 3432 3359 θεραπείας
3471 3304 3528 3339 τε
3557 3287 3651 3338 καὶ
3674 3290 3839 3356 τιμῆς
3859 3304 3875 3320 ο
3909 3289 4001 3360 καὶ

2428 3351 2715 3450 ξητοῦντές
2773 3351 3022 3447 διαϐολῆς
3063 3351 3318 3448 ἀφορμὴν
3369 3379 3462 3430 καὶ
3510 3351 3865 3449 κατηγορίας,
3907 3351 4000 3451 οὐχ

2427 3473 2707 3542 εὖρισκοψ
2746 3472 2977 3541 παρεῖχε
3022 3469 3131 3540 γὰρ
3152 3469 3328 3522 αἰτίαν
3358 3469 3614 3541 οὐδεμίαν
3645 3472 3851 3534 αὐτοῖς,
3883 3472 4002 3524 ἐπεὶ

2427 3570 2521 3620 καλ⁸
2570 3565 2864 3637 χρημάτων
2912 3563 3184 3633 ἀνώτερος
3230 3558 3298 3635 ἦν
3348 3565 3442 3618 καὶ
3479 3565 3676 3625 παντὸς
3713 3564 4002 3634 λήμματος

2430 3659 2743 3727 ὑπερόπτης
2766 3673 2778 3686 '
2814 3655 3064 3708 ἐντεῦθεν
3107 3655 3182 3715 ὡς
3227 3656 3379 3707 οὐδὲν
3425 3653 3567 3725 εἶχον
3595 3657 3775 3725 εὑρεῖν
3810 3657 3838 3708 ὃ
3870 3675 4002 3708 κατι

2430 3753 2672 3813 ειπόντες
2699 3751 2862 3804 αὐτοῦ
2901 3751 3034 3818 πρὸς
3067 3749 3156 3801 τὸν
3181 3748 3406 3818 βασιλέα
3436 3747 3810 3819 ζημιώσουσιν
3842 3752 4002 3804 αὐτὸν

2432 3849 2511 3909 είς
2560 3846 2660 3915 τὴν
2700 3843 2830 3915 παρ’
2873 3842 3037 3896 αὐτοῦ
3088 3842 3275 3914 τιμὴν,
3310 3844 3508 3916 τρόπον
3551 3845 3709 3899 ἄλλον
3738 3844 4001 3916 ἐζήτουν,

2433 3943 2556 3997 καθ’
2577 3943 2635 3995 ὃν
2663 3940 2826 3993 αὐτὸν
2855 3940 2953 4008 τῆς
2990 3937 3278 4008 βασιλικῆς
3308 3936 3667 4006 ὲκστήσουσιν
3694 3936 4001 4006 εὐμενείας.

2445 4037 2711 4108 Ὀρῶντες
2741 4031 2834 4085 οῦν
2852 4032 2942 4083 τὸν
2973 4030 3172 4096 Δανιὴλ
3193 4031 3313 4098 τρὶς
3339 4029 3437 4096 τῆς
3464 4028 3678 4096 ἡμέρας
3705 4033 4000 4099 προσευχό.

2439 4145 2596 4196 μενον
2627 4125 2704 4193 τῷ
2732 4122 2873 4190 Θεῷ,
2904 4121 3178 4191 πρόφασιν
3212 4120 3454 4187 ἔγνωσαν
3491 4118 3809 4189 εὑρηκέναι,
3850 4119 3915 4172 δι’
3943 4115 4005 4189 ἦς

2436 4215 2584 4286 αὐτῷ
2643 4215 3042 4268 συσκευάσουσι
3098 4213 3198 4279 τὴν
3247 4211 3558 4265 ἀπώλειαν·
3603 4211 3699 4262 καὶ
3754 4211 3893 4278 πρὸς
3920 4211 4006 4263 τὸν

2435 4310 2659 4378 Δαρεῖον
2709 4305 2957 4367 ἐλθόντες
3007 4303 3379 4370 ἀπήγγελλον,
3419 4301 3496 4363 ὡς
3544 4301 3657 4361 τοῖς
3702 4303 4006 4369 σατράπαις

2436 4398 2602 4454 αὐτοῦ
2637 4400 2770 4451 πᾶσι
2818 4397 2910 4447 καὶ
2940 4394 3175 4465 ἡγεμόσι
3206 4394 3426 4459 δόξειεν,
3459 4393 3552 4446 ἐπὶ
3581 4392 3800 4463 ἡμέρας
3855 4394 4008 4461 τριά-

2438 4509 2604 4545 κοντα
2662 4490 2867 4560 μηδένα
2922 4488 3031 4542 τῶν
3081 4490 3298 4542 πάντων
3352 4487 3679 4557 αἰτήσασθαί
3728 4504 3780 4538 τι
3846 4487 4010 4557 μηδὲν

767 4590 842 4645 ιίο
865 4588 1087 4658 triginta
1117 4587 1330 4639 dierum
1377 4584 1544 4636 ullam
1567 4582 1790 4635 omnino
1817 4589 1964 4647 petat
1990 4577 2310 4648 petitionem

2442 4586 2672 4654 αἴτημα,
2709 4583 2844 4652 μήτε
2875 4581 3190 4652 παρά.Θεοῦ
3223 4582 3359 4650 μήτε
3401 4578 3551 4649 παρὰ
3587 4577 3906 4648 ἀνθρώπου,
3934 4579 4011 4630 ὅτι

770 4694 950 4749 neque
977 4694 1005 4732 a
1044 4678 1154 4732 Deo
1184 4692 1361 4745 neque
1395 4675 1464 4728 ab
1498 4673 1745 4737 homine,
1789 4671 1893 4726 nisi
1926 4671 1994 4725 ab
2036 4671 2154 4739 ipso
2190 4686 2336 4740 rege.

763 4771 868 4835 Qui
898 4771 1036 4823 hanc
1060 4777 1240 4820 autem
1262 4768 1436 4834 legem
1464 4766 1631 4818 fuerit
1658 4775 2050 4834 transgressus,
2081 4765 2132 4816 in
2158 4763 2337 4816 lacum

768 4863 990 4914 leonum
1032 4859 1345 4929 injiciatur.

840 4953 956 5006 XV.
998 4952 1109 5004 Rex
1159 4967 1287 5004 vero
1335 4965 1442 5004 non
1495 4949 1806 5019 intelligens
1849 4963 2042 5002 eorum
2091 4947 2341 5016 maligni-

771 5054 962 5107 tatem,
1001 5059 1100 5098 nec
1156 5043 1440 5114 su5picans
1498 5058 1596 5097 eos
1651 5043 1766 5097 haec
1822 5055 1942 5095 esse
2001 5039 2343 5093 machinatos

772 5136 1037 5187 adversus
1074 5133 1374 5194 Danielem.
1419 5133 1587 5187 cessit
1639 5147 1829 5185 eorum
1874 5128 2245 5183 sermonibus.
2280 5125 2343 5181 Et

774 5225 866 5280 alii
904 5223 1122 5293 quidem
1171 5239 1360 5278 omnes
1406 5231 1685 5288 caventes,
1722 5238 1790 5275 ne
1823 5219 2344 5290 transgrederentur

780 5335 844 5374 ca
886 5332 1005 5388 qua:
1041 5319 1118 5372 eis
1158 5317 1421 5388 imperata
1451 5305 1691 5379 ﬁierant,
1723 5314 2122 5385 quiescebant:
2154 5310 2343 5364 Daniel

774 5421 954 5465 autem
990 5414 1094 5464 hoc
1122 5410 1345 5463 minime
1375 5409 1603 5463 curabat
1633 5425 1648 5462 :
1677 5407 1796 5471 sed,
1819 5407 1964 5459 sicut
1987 5404 2036 5458 ei
2067 5419 2184 5455 mos
2207 5410 2344 5465 erat,

774 5516 930 5560 stans
961 5505 1171 5558 orabat.
1194 5503 1334 5557 Hinc
1362 5518 1486 5556 cum
1518 5517 1645 5555 eum
1677 5500 2062 5553 observassent
2091 5505 2344 5562 satrapm,

773 5607 834 5651 et
870 5596 1214 5666 apparuisset
1243 5612 1330 5658 ea,
1371 5609 1534 5665 quam
1567 5593 1623 5644 in
1652 5594 1830 5660 ipsum
1875 5587 2170 5641 studebant
2204 5586 2347 5638 acci-

775 5704 927 5759 pere,
976 5692 1211 5754 occasio,
1238 5689 1420 5743 statim
1451 5693 1743 5746 venerunt,
1777 5680 1843 5736 ad
1875 5696 2075 5749 regem,
2101 5690 2153 5732 et
2185 5692 2348 5732 accu-

773 5789 966 5836 sarunt
1024 5782 1324 5848 Danielem,
1360 5789 1421 5834 ut
1477 5779 1571 5850 qui
1635 5777 1784 5831 solus
1865 5772 2349 5844 transgredcrctur

769 5891 833 5930 ea
859 5892 976 5946 quae
1004 5877 1220 5932 fuerant
1249 5877 1536 5946 imperata.
1560 5871 1695 5926 Nam
1723 5885 1847 5925 eum
1873 5868 2080 5932 nullus,
2105 5866 2346 5928 aiebant,

2445 4678 2519 4748 μὴ
2558 4678 2717 4746 μόνον
2745 4677 2896 4746 παρά
2931 4673 3049 4735 σοῦ,
3080 4669 3324 4741 βασιλεῦ,
3348 4669 3435 4723 τὸν
3449 4671 3504 4723 δὲ
3532 4671 3623 4724 τὸν
3649 4670 3814 4740 νόμον
3839 4688 4013 4741 παρα-

2443 4770 2714 4838 ϐεϐηκότα
2744 4768 2932 4818 τοῦτον
2968 4767 3046 4826 εἰς
3075 4764 3165 4817 τὸν
3191 4764 3393 4816 λάκκον
3423 4762 3731 4833 ὲμϐληθήσε
3745 4763 3871 4813 σθαι
3909 4763 4012 4816 τῶν

2442 4859 2697 4913 λεόντων.

2515 4952 2614 5004 1Ε⁸.
2653 4949 2714 5002 ’0
2761 4949 2817 5001 δὲ
2860 4946 3111 5016 βασιλεὺς
3146 4946 3203 4998 οὐ
3241 4944 3466 4999 συνιδὼν
3517 4945 3616 5013 τὴν
3672 4947 4012 5019 κακουργίαν

2446 5041 2645 5104 αὐτῶν,
2678 5037 2784 5090 οὐδ’
2813 5038 2904 5088 ἐπὶ
2941 5038 3031 5088 τὸν
3060 5035 3258 5103 Δανιὴλ
3290 5036 3461 5087 ταῦτα
3494 5039 4013 5103 συσκευασαμένους

2447 5132 2776 5198 ὑπονοήσας,
2822 5123 2930 5190 εἶξε
2979 5129 3090 5189 τοῖς
3133 5125 3310 5178 αὐτῶν
3352 5125 3534 5192 λόγοις
3582 5127 3676 5178 καὶ
3719 5127 4012 5196 προτίθησι

2451 5225 2799 5293 πρόγραμμα
2829 5218 3027 5291 δηλοῦν
3060 5218 3137 5286 τῷ
3171 5217 3362 5289 πλήθει
3404 5219 3472 5271 τὰ
3502 5219 3728 5284 δόξαντα
3777 5222 3892 5281 τοῖς
3925 5235 4012 5273 σα-

2449 5316 2714 5386 τράπαις·
2749 5313 2845 5366 καὶ
2873 5315 2921 5365 οἱ
2955 5313 3054 5382 μὲν
3085 5311 3234 5364 ἄλλοι
3270 5311 3474 5373 πάντες
3516 5305 3919 5380 φυλαττόμενοι
3951 5313 4014 5364 τὰ

2450 5407 2905 5477 προστεταγμένα
2957 5405 3032 5474 μὴ
3071 5403 3655 5475 παραϐἧναιὴρέμουν,
3697 5401 3777 5469 τῷ
3821 5402 4014 5472 Δανιὴλ

2449 5498 2506 5550 δὲ
2546 5497 2752 5550 τούτων
2796 5494 3015 5566 φροντὶς
3055 5495 3305 5564 οὐδεμία,
3350 5493 3463 5545 ἀλλ’
3490 5493 3677 5561 ὥσπερ
3709 5493 3831 5556 ἔθος
3873 5494 4014 5546 ἱστά-

2456 5606 2615 5660 μενος
2652 5588 2886 5659 ηῠχετο·
2919 5587 3069 5639 ἔνθεν
3105 5605 3185 5640 τοι
3218 5587 3309 5640 καὶ
3334 5586 3829 5657 παρατηρήσαντες
3857 5583 4013 5639 αὐτὸν

2449 5682 2498 5734 οἱ
2558 5683 2859 5751 σατράπαι,
2894 5678 2993 5748 τῆς
3032 5678 3310 5747 ἀφορμῆς,
3348 5679 3414 5746 ἢν
3458 5675 3791 5740 ἐσπούδαζον
3836 5673 4017 5727 λαϐεῖν

2450 5774 2710 5828 ἰπάὐτὸν
2732 5772 2917 5842 ὥσπερ
2947 5770 3383 5840 παραφανείσης,
3412 5768 3571 5830 εὐθὺς
3601 5764 3735 5840 ἦκον
3764 5768 3899 5837 πρὸς
3923 5765 4014 5836 βα-

2452 5864 2602 5917 σιλέα
2633 5866 2727 5916 καὶ
2758 5861 3100 5934 κατηγόρουν
3148 5862 3222 5923 ὡς
3257 5859 3681 5930 παραϐαίνοντος
3724 5857 3889 5929 μόνου
3923 5857 4008 5912 τοῦ
