4180 6490
180 418 286 484 389
1229 425 1407 487 VITA
1455 424 1513 484 S.
1556 422 1982 484 PROPHET/E
2026 422 2409 482 DANIELIS.
3335 417 3443 481 390

181 533 382 605 Δανιὴλ
415 534 489 590 τὰ
525 534 1014 607 προστεταγμέναε
1048 535 1290 608 binosqu
1313 537 1444 606 γὰρ,
1477 535 1632 606 φησὶ,
1667 536 1774 589 τῶν

1892 534 2018 588 Ilius
2051 533 2279 588 auderet
2305 533 2437 588 deos
2469 547 2664 598 orare;
2695 530 2883 586 Daniel
2945 530 3049 586 hoc
3077 548 3188 588 non
3223 535 3342 592 vult
3370 536 3451 592 fa-

182 630 361 685 ιλλων
392 629 706 698 τολμῶντος
737 627 1136 699 προσεύχεσθαι
1170 631 1282 692 τοῖς
1318 628 1480 694 θεοῖς,
1515 629 1543 682 ὁ
1570 629 1772 699 Δανιὴλ

1892 642 1998 681 τετε
2034 643 2046 679 :
2078 635 2133 680 et
2158 627 2322 680 simul
2348 638 2606 694 tanquam
2630 625 2765 694 legis
2791 633 3274 696 transgressorem,
3300 629 3454 686 vole-

183 721 341 776 τοῦτο
364 722 634 793 πράττειν
655 721 717 774 οὐ
753 721 1028 791 βούλεται,
1054 723 1145 773 καὶ
1179 721 1296 790 ἅμα
1327 721 1401 786 ὡς
1441 722 1772 793 παραϐάτην

1892 727 2004 773 ›;ιιιι
2031 734 2156 772 eum
2190 735 2258 773 ex
2287 720 2406 789 lege
2429 719 2536 789 jaci
2575 718 2630 771 in
2671 719 2850 772 lacum
2883 718 3126 774 leonum.
3154 719 3457 778 Conﬁdens

184 809 354 878 νόμου
383 808 576 878 ἠξίουν
606 809 746 861 κατὰ
776 811 865 861 τὸν
894 811 1055 876 νόμον
1090 811 1170 869 είς
1204 811 1295 862 τὸν
1325 808 1529 864 λάκκον
1563 812 1772 882 ἐμϐλη-

1892 820 2056 865 ιυιεῐη
2089 813 2281 867 Darius
2327 811 2444 866 fore
2473 821 2533 865 ut
2558 812 2699 866 Deus
2725 827 2850 865 eum
2877 812 3142 879 eriperet,
3173 823 3228 868 et
3265 830 3295 868 a
3321 815 3456 872 ieris

183 900 341 971 θῆναι
383 903 496 954 τῶν
535 901 789 955 λεόντων.
820 901 1117 971 Θαρρήσας
1149 902 1204 954 δὲ
1225 903 1254 954 ὀ
1287 904 1534 972 Δαρεῖος,
1561 905 1644 956 ὅτι
1671 904 1768 976 ῥύ-

1892 906 2016 958 nihil
2068 921 2236 975 grave
2289 914 2593 975 pateretur,
2647 906 2813 974 jussit
2859 921 2986 959 eum
3039 906 3207 960 alacri
3267 909 3455 961 animo

183 1009 338 1047 σεται
390 994 455 1046 τὸ
486 993 643 1047 Θεῖον
684 995 847 1047 αὐτὸν
877 996 970 1046 καὶ
1001 996 1151 1047 οὐδὲν
1181 997 1244 1048 ού
1277 997 1438 1049 πάθοι
1463 997 1635 1050 δεινὸν
1668 998 1772 1050 ὑπὸ

1892 997 2021 1052 'erre
2053 997 2199 1066 quod
2230 997 2508 1052 acciderat
2536 1015 2550 1053 :
2581 1008 2634 1050 et
2655 997 2708 1050 in
2747 997 2926 1052 lacum
2962 999 3165 1068 injecto
3205 1000 3453 1058 Daniele.

180 1084 292 1136 τῶν
343 1085 575 1155 Θηρίων,
626 1087 910 1139 ἐκέλευσεν
949 1087 1113 1140 αὑτὸν
1158 1086 1410 1155 εὐθύμως
1451 1088 1513 1141 τὸ
1555 1088 1770 1157 συμϐὰν

1892 1104 2003 1144 :um
2046 1091 2390 1158 obsignasset
2436 1104 2533 1142 rex
2585 1088 2846 1157 lapidem,
2905 1090 2998 1158 qui
3046 1098 3168 1144 erat
3212 1089 3345 1144 litus
3402 1091 3456 1146 in

183 1177 410 1246 φερειν·
444 1179 539 1230 καὶ
571 1177 865 1246 βληθέντος
924 1182 1003 1243 εις
1056 1179 1150 1233 τὸν
1180 1180 1381 1234 λάκκον
1418 1179 1513 1234 τοῦ
1553 1183 1773 1252 Δανιὴλ,

1892 1182 2030 1235 Iditu
2061 1181 2182 1235 loco
2215 1179 2366 1245 ostii,
2416 1180 2666 1242 recessit,
2722 1188 2889 1234 totam
2928 1191 3149 1236 noctem
3189 1183 3459 1239 insomnis

185 1268 502 1336 σφραγίσας
541 1269 632 1320 τὸν
677 1270 772 1322 επὶ
803 1270 900 1323 τοῦ
941 1273 1168 1342 στομίου
1215 1273 1469 1344 κείμενον
1514 1274 1637 1328 ἀντὶ
1680 1273 1779 1327 θύ-

1892 1273 2215 1343 Lransigens,
2246 1281 2309 1332 ut
2335 1274 2429 1344 qui
2459 1281 2812 1343 premeretur
2847 1288 2980 1326 cura
3015 1274 3082 1327 de
3108 1273 3359 1328 Daniele.

187 1375 285 1431 ρας
333 1359 486 1412 λίθον
535 1363 564 1415 ὁ
594 1360 872 1430 βασιλεὺς,
917 1365 1283 1438 ἀνεχώρησεν,
1317 1367 1450 1440 ὃλην
1473 1367 1572 1441 τὴν
1606 1367 1775 1422 νύκτα
1814 1366 2091 1434 διαγαγὼν
2155 1368 2382 1429 ἄϋπνος,
2418 1365 2664 1436 φροντίδι
2693 1367 2757 1436 τῇ
2788 1365 2916 1435 περὶ
2943 1365 3036 1417 τὸν
3100 1366 3298 1437 Δανιὴλ
3335 1383 3458 1420 συν-

184 1455 474 1521 σχόμενος.

258 1543 378 1612 ις’.
417 1546 558 1600 Μεθ’
592 1549 807 1620 ἡμέραν
860 1551 918 1606 δὲ
976 1553 1236 1619 ἀναστὰς,
1280 1555 1373 1608 ἐπὶ
1431 1555 1523 1610 τὸν
1572 1557 1794 1610 λάκκον·

184 1631 315 1708 ἦλθε
360 1641 457 1693 καὶ
486 1643 804 1715 σωζομένην
853 1648 953 1717 τὴν
982 1648 1259 1716 σφραγῖδα
1290 1648 1488 1720 εὑρὼν,
1522 1644 1556 1722 ᾖ
1597 1667 1777 1720 σημη-

189 1729 423 1798 νάμενος
470 1734 567 1787 τὸν
601 1735 748 1787 λίθον
791 1739 1198 1802 καταλελοίπει,
1245 1740 1465 1805 ἀνοίξας
1513 1739 1774 1810 ὀνομαστί

186 1837 245 1873 τε
275 1824 368 1877 τὸν
395 1825 596 1896 Δανιὴλ
627 1828 814 1881 ἐκάλει
841 1818 956 1883 καῖ
975 1830 1363 1884 διεπυνθάνετο
1393 1834 1509 1899 εἴγε
1553 1834 1646 1886 καὶ
1679 1830 1775 1884 νῦν

189 1912 420 1979 σώζοιτο
445 1932 460 1946 ο
504 1917 598 1969 τού
629 1919 686 1970 δὲ
733 1921 980 1975 κάτωθεν
1010 1923 1424 1986 ὑπακούσαντος
1470 1925 1564 1978 καὶ
1605 1924 1774 1996 μηδὲν

188 2005 386 2058 παθεῖν
430 2009 682 2072 εἰπόντος
725 2013 973 2082 ἀνιαρὸν,
1005 2014 1293 2066 ἐκέλευσεν
1337 2015 1500 2068 αὑτὸν
1541 2017 1774 2069 ἀνελκυ-

193 2098 390 2167 σθῆναι
420 2099 516 2151 τοῦ
549 2099 755 2154 λάκκου
774 2117 790 2134 ο
821 2105 870 2155 oi
896 2102 953 2156 δὲ
982 2104 1165 2174 ἐχθροὶ
1191 2106 1519 2175 θεασάμενοι
1550 2105 1642 2159 τὸν
1672 2109 1775 2159 Aa-

189 2190 311 2260 νιὴλ
349 2192 523 2261 μηδὲν
555 2195 861 2248 πεπονθότα
893 2196 1089 2260 δεινὸν.
1116 2197 1193 2253 Οὐ
1223 2200 1324 2268 μὲν
1349 2195 1465 2263 οὖν,
1497 2200 1705 2269 ελεγον,
1730 2194 1775 2254 ὧ

185 2280 438 2352 βασιλεῦ,
468 2284 558 2337 διὰ
585 2285 646 2338 τὸ
675 2286 830 2341 Οεῖον
867 2290 964 2342 καὶ
987 2293 1087 2362 τὴν
1123 2292 1314 2346 τούτου
1338 2294 1596 2364 πρόνοιαν
1620 2287 1776 2358 οὗτος

191 2377 492 2439 σέσωσται,
525 2378 662 2434 ἀλλὰ
690 2380 769 2452 τῷ
798 2381 927 2446 τοὺς
957 2382 1178 2447 λέοντας
1206 2388 1642 2456 κεκορεσμένους
1676 2389 1778 2440 ὑπ-

186 2471 381 2540 άρχειν
408 2472 644 2541 τροφῆς.
703 2474 876 2527 Τοῦτο
933 2477 1134 2530 ἐκεῖνοι
1191 2479 1292 2546 μὲν
1341 2478 1422 2531 ἔτι
1474 2479 1777 2547 βασκανίας

189 2561 492 2631 ἡττημένοι
522 2559 700 2619 εἶπον.
755 2566 812 2618 '0
846 2565 1104 2634 βασιλεὺς
1126 2565 1182 2618 δὲ
1209 2568 1446 2637 μισήσας
1475 2569 1574 2637 τῆς
1605 2587 1777 2639 πονη-

191 2653 314 2725 ρίας
350 2656 578 2718 αὐτοὺς,
611 2655 1034 2725 παραϐληθῆναι
1066 2657 1164 2725 μὲν
1200 2655 1370 2710 πολλὰ
1412 2657 1622 2710 κελεύει
1663 2661 1777 2722 τοῖς

191 2745 380 2797 λέουσι
442 2749 606 2813 κρέα,
663 2747 1046 2814 κορασθέντων
1084 2747 1141 2800 δδ
1176 2748 1379 2807 αὐτῶν,
1413 2749 1494 2811 είς
1523 2749 1613 2802 τὸν
1643 2749 1778 2802 λάκ-

192 2853 285 2889 κον
315 2837 808 2908 ὲμϐληθῆναιτοὺς
841 2840 932 2893 διὰ
964 2843 1153 2910 μίσους
1183 2841 1273 2894 τὸν
1303 2841 1501 2914 Δανιὴλ
1528 2842 1776 2913 ἔχοντας,

192 2929 340 2991 ὅπως
372 2931 423 2980 εί
453 2930 542 2984 διά
571 2931 732 3000 κόρον
761 2932 945 2994 αὐτοῖς
972 2933 1036 2986 οὐ
1078 2934 1439 3005 προσέξουσιν
1473 2936 1523 2988 οἱ
1564 2936 1779 2999 λέοντες

195 3021 379 3090 μάθοι.
407 3023 591 3091 Σαφὲς
619 3024 673 3076 δὲ
707 3024 926 3091 ἐγένετο
980 3025 1060 3092 τῷ
1104 3027 1342 3096 Δαρείῳ,
1368 3028 1453 3082 δτι
1487 3027 1607 3082 θεία
1657 3028 1779 3102 χεὶρ

1962 1553 2098 1608 XVI.
2143 1551 2280 1608 Cum
2308 1559 2516 1615 autem,
2546 1559 2834 1620 postquam
2858 1549 2976 1605 dies
3000 1559 3167 1613 esset,
3187 1551 3460 1606 surrexis-

1883 1656 1988 1704 set,
2011 1644 2161 1697 venit
2179 1644 2246 1696 ad
2269 1643 2446 1696 lacum
2472 1658 2485 1693 :
2512 1650 2567 1696 et
2585 1655 2710 1696 cum
2728 1640 2935 1694 salvum
2960 1640 3258 1693 invenisset
3274 1640 3459 1708 signa-

1880 1735 2086 1797 culum,
2106 1749 2216 1802 quo
2239 1734 2542 1800 reliquerat
2563 1732 2907 1802 obsignatum
2932 1731 3164 1801 lapidem
3185 1731 3461 1802 aperiens.

1882 1826 2211 1880 nominatim
2262 1825 2479 1878 vocavit
2542 1824 2847 1884 Danielem,
2877 1832 2932 1875 et
2975 1823 3205 1892 rogavit,
3239 1838 3308 1876 an
3364 1823 3464 1876 ad-

1887 1917 1996 1970 huc
2035 1923 2184 1970 esset
2217 1914 2420 1969 salvus.
2457 1915 2597 1968 Cum
2632 1913 2725 1967 ille
2760 1928 2892 1966 vero
2925 1912 3139 1966 inferne
3173 1913 3462 1975 audiisset,

1883 2019 1940 2063 ct
1975 2009 2207 2064 dixisset
2240 2023 2299 2062 se
2334 2006 2473 2060 nihil
2516 2005 2812 2060 molestum
2857 2020 2978 2060 esse
3025 2021 3272 2074 passum,
3301 2005 3465 2075 jussit

1881 2115 2008 2152 eum
2040 2099 2257 2152 extrahi
2293 2113 2323 2151 e
2357 2098 2500 2152 lacu.
2542 2097 2678 2151 Cum
2725 2097 3004 2152 vidissent
3031 2107 3216 2152 autem
3250 2098 3464 2153 inimici

1882 2187 2168 2242 Dauielem
2201 2187 2339 2240 nihil
2370 2186 2497 2241 mali
2531 2186 2703 2242 fuisse
2727 2203 2971 2257 passum.
3009 2189 3128 2242 Non
3160 2186 3287 2252 luit,
3314 2190 3467 2244 dice—

1884 2279 2038 2345 bant,
2060 2280 2160 2335 iste
2187 2289 2554 2334 conservatus
2581 2289 2806 2349 propter
2825 2281 2997 2334 Deum
3022 2289 3077 2334 et
3104 2291 3329 2350 propter
3344 2282 3465 2349 ejus

1886 2372 2257 2444 providentia,
2293 2373 2388 2428 sed
2435 2374 2582 2444 quod
2612 2375 2802 2432 leones
2844 2383 3032 2428 essent
3075 2363 3202 2427 cibo
3253 2373 3462 2428 satiati.

1888 2466 2002 2521 Hac
2030 2467 2108 2520 illi
2135 2467 2356 2536 quidem
2383 2467 2662 2531 dicebant,
2682 2467 2816 2521 victi
2848 2467 2916 2521 ab
2942 2467 3163 2521 invidia.
3186 2465 3302 2520 Rex
3333 2482 3466 2521 vero

1885 2560 2015 2614 odio
2063 2559 2274 2614 habens
2320 2576 2513 2614 eorum
2562 2561 2999 2629 improbitatem,
3043 2562 3201 2631 jubet
3236 2561 3465 2629 quidem

1887 2652 2090 2704 multas
2120 2665 2316 2705 carnes
2358 2653 2523 2720 objici
2559 2653 2814 2706 leonibus
2840 2669 2855 2704 :
2886 2666 3010 2705 cum
3047 2653 3083 2704 ii
3115 2662 3297 2705 autem
3331 2653 3466 2705 fuis-

1884 2755 2006 2800 sent
2037 2747 2243 2813 satiati,
2270 2761 2366 2800 eos
2393 2746 2449 2800 in
2476 2747 2655 2800 lacum
2685 2746 2858 2818 injici,
2907 2746 3000 2816 qui
3028 2747 3157 2801 odio
3187 2747 3467 2802 habebant

1885 2838 2190 2904 Danielem,
2227 2850 2290 2894 ut
2318 2841 2507 2905 sciret,
2538 2856 2605 2894 an
2637 2849 2866 2910 pr0pter
2893 2839 3204 2895 satietatem
3232 2855 3328 2895 eos
3353 2855 3466 2896 non

1888 2942 2181 3002 tangerent
2223 2933 2432 2988 leones.
2479 2932 2712 2987 Planum
2750 2947 2884 2987 vero
2917 2932 3122 2985 factum
3154 2940 3239 2985 est
3280 2930 3463 2996 Dario,

1885 3023 2057 3078 fuisse
2108 3023 2351 3077 divinam
2414 3039 2657 3085 manum,
2695 3041 2818 3093 quae
2863 3024 3106 3079 servavit
3161 3025 3468 3086 Daniclem,

192 3110 258 3185 ἦν
299 3118 332 3186 η
367 3116 462 3167 τὸν
503 3116 707 3184 Δανιὴλ
751 3113 999 3183 σώσασα,
1026 3110 1494 3189 παραϐληθέντων
1528 3122 1627 3192 ἥδη
1668 3125 1780 3184 τοῖς

1892 3134 2017 3174 cum
2063 3118 2251 3189 iujecti
2289 3116 2526 3172 fuissent
2560 3129 2830 3186 satrapae;
2887 3118 3023 3170 nulli
3074 3118 3222 3171 enim
3271 3133 3468 3171 eorum

196 3206 409 3274 θηρίοις
441 3207 550 3258 τῶν
576 3208 874 3276 σατραπῶν
895 3223 908 3238 ⁸
940 3209 1153 3273 οὐδενὸς
1180 3212 1287 3281 γὰρ
1307 3211 1488 3265 αὐτῶν
1511 3212 1572 3264 τὺ
1605 3214 1782 3283 παρά-

197 3317 303 3353 παν
335 3300 645 3368 ἐφείσαντο.
682 3299 819 3354 άλλά
852 3303 1062 3364 πάντας
1093 3302 1294 3367 αὐτοὺς
1321 3303 1471 3368 ὄνυξι
1505 3304 1599 3357 καὶ
1629 3304 1782 3359 ὀδοῦ-

199 3410 281 3445 σιν
330 3394 496 3455 εύθὺς
562 3393 934 3465 διεσπάραξάν
985 3414 1044 3453 τε
1073 3399 1166 3450 καὶ
1219 3397 1387 3466 βοράν
1426 3399 1780 3470 ἐποιήσαντο,

197 3484 451 3555 καθάπερ
495 3483 576 3556 τῷ
604 3485 750 3555 λιμῴ
788 3492 1091 3555 κάμνοντες
1123 3490 1215 3539 καὶ
1239 3488 1447 3558 τροφῆς
1487 3486 1784 3557 ἀστοχοῦν-

197 3591 306 3638 τες.
345 3579 775 3644 Διαφθαρέντων
823 3574 918 3629 οὑν
948 3577 1090 3629 οὓτω
1145 3576 1253 3630 τῶν
1284 3579 1788 3631 ἐπιϐουλευσάντων

197 3687 272 3739 τῳ
303 3672 530 3740 Δανιὴλ,
562 3672 589 3721 ὁ
625 3670 882 3739 βασιλεὺς
913 3671 1141 3738 Δαρεῖος
1173 3668 1343 3738 ἄνδρα
1373 3672 1637 3738 φρόνιμον
1661 3670 1787 3722 ἑαυ-

197 3765 287 3816 τὸν
316 3764 540 3824 δεικνὺς
587 3763 683 3814 καὶ
727 3761 1052 3829 πειθόμενον
1096 3759 1348 3833 ἀληθείᾳ,
1383 3760 1673 3831 πράγμασι
1725 3778 1788 3815 τε

197 3860 462 3927 φανεροῖς
508 3855 607 3907 καὶ
642 3855 1086 3924 ἁναντιρῤἠτ.ις,
1115 3854 1236 3906 καθ’
1267 3856 1399 3923 ὃλην
1436 3854 1653 3923 ἔπεμψε
1686 3855 1788 3924 τὴν

197 3955 384 4022 χώραν
418 3952 663 4003 ἐπαινῶν
693 3952 777 4004 τὸν
805 3948 1034 4011 Θεὸν,ὃν
1063 3949 1092 4001 6
1116 3947 1316 4018 Δανιηλ
1344 3952 1664 4019 προσκυνεῖ,
1693 3949 1791 4001 καὶ

200 4048 365 4113 μόνον
418 4045 586 4094 αὐτὸν
636 4037 777 4093 εἶναι
832 4041 1022 4109 ἔλεγεν
1075 4040 1252 4110 ἀληθῆ
1311 4041 1405 4094 καὶ
1436 4040 1520 4093 ,τὸ
1572 4041 1790 4095 πάντων

195 4140 392 4205 εχοντα
447 4137 651 4204 κράτος
686 4150 699 4162 ·
732 4134 858 4204 ἔσχε
912 4131 967 4185 δὲ
1013 4135 1109 4187 καὶ
1151 4131 1244 4184 τὸν
1275 4132 1471 4201 Δανιῆλ
1506 4132 1593 4183 διὰ
1619 4130 1789 4200 τιμῆς

193 4231 374 4285 οὐδενὶ
405 4229 558 4299 ἄλλῳ
598 4226 1014 4297 παραπλησίας,
1044 4226 1261 4293 πρῶτον
1302 4223 1465 4275 αὐτὸν
1493 4222 1785 4286 ἀποδείξας

193 4325 304 4374 τῶν
349 4321 569 4390 φίλων⁸
629 4316 874 4383 συνῆσαν
923 4313 980 4364 δὲ
1029 4312 1178 4382 αὑτῴ
1230 4313 1324 4382 καὶ
1356 4315 1403 4366 οἱ
1440 4314 1645 4381 ἑταῖροι
1694 4314 1792 4364 καὶ

197 4415 528 4482 συγγενεῖς,
589 4409 640 4460 oi
706 4408 838 4476 περὶ
911 4404 1173 4476 Ἀζαρίαν
1234 4405 1422 4474 φημὶ,
1482 4403 1577 4454 καὶ
1634 4402 1791 4455 αὐτοὶ

1887 3214 2116 3268 omnino
2161 3220 2569 3282 pepercerunt:
2608 3211 2702 3268 sed
2736 3225 2832 3264 eos
2875 3223 3069 3263 omnes
3099 3210 3383 3280 unguibus
3411 3218 3469 3264 et

1887 3304 2154 3359 dentibus
2187 3306 2449 3372 protinus
2483 3305 2904 3375 discerpserunt
2937 3313 2994 3358 et
3036 3306 3470 3369 devoraverunt,

1888 3396 2123 3468 perinde
2159 3411 2224 3450 ac
2243 3397 2287 3450 si
2317 3396 2461 3450 fame
2494 3397 2811 3450 laborarent
2845 3407 2900 3450 et
2928 3397 3187 3450 alimento
3216 3407 3468 3467 egerent.

1887 3488 2026 3544 Cum
2069 3489 2106 3543 ii
2154 3503 2283 3560 ergo
2328 3488 2705 3555 interiissent,
2754 3487 2848 3559 qui
2891 3487 3102 3542 Danicli
3140 3503 3471 3559 paraverant

1890 3583 2142 3648 insidias,
2201 3585 2315 3638 Rex
2371 3583 2571 3637 Darius
2623 3581 2863 3651 scipsnm
2934 3583 3236 3636 ostendens
3289 3583 3471 3636 virum

1890 3674 2224 3742 prudentem
2261 3683 2315 3727 et
2356 3679 2639 3741 parentem
2673 3673 2917 3735 veritati,
2949 3676 3226 3742 rebusque
3266 3675 3474 3742 apertis

1891 3774 1947 3820 et
1975 3773 2166 3819 contra
2215 3778 2352 3833 quas
2380 3764 2516 3815 nihil
2563 3763 2671 3816 dici
2709 3771 2939 3831 poterat,
2977 3762 3126 3816 misit
3174 3777 3273 3830 per
3300 3766 3474 3816 totam

1894 3857 2199 3928 regionem,
2232 3856 2463 3910 laudans
2489 3855 2683 3918 Deum,
2716 3869 2880 3923 quem
2925 3853 3118 3907 adorat
3160 3854 3387 3910 Daniel:
3415 3865 3472 3909 ct

1894 3967 2021 4005 eum
2069 3951 2250 4004 solum
2299 3949 2522 4003 dicebat
2554 3964 2678 4003 esse
2716 3964 2931 4013 verum,
2970 3958 3025 4002 et
3053 3949 3146 4018 qui
3194 3949 3246 4002 in
3282 3963 3479 4003 omnes

1896 4042 2112 4097 obtinet
2159 4043 2524 4096 dominatum.
2572 4041 2820 4094 Habebat
2865 4050 3046 4094 autem
3097 4041 3372 4094 Danielem
3418 4043 3475 4094 in

1897 4136 2093 4206 majori
2123 4135 2355 4199 honore,
2393 4147 2558 4202 quam
2590 4132 2761 4187 ullum
2797 4131 2987 4197 alium,
3022 4132 3320 4188 ostendens
3346 4148 3474 4186 eum

1895 4243 2016 4284 esse
2056 4229 2295 4298 primum
2330 4244 2399 4284 ex
2428 4228 2640 4282 amicis.
2682 4228 2857 4281 Simul
2890 4243 3022 4281 vero
3063 4243 3188 4280 cum
3223 4243 3290 4281 eo
3317 4235 3480 4281 erant

1894 4322 2060 4377 etiam
2094 4322 2311 4389 cognati
2358 4338 2371 4372 :
2417 4320 2664 4382 Azarias,
2705 4321 2951 4387 inquam,
2985 4334 3109 4371 cum
3147 4321 3382 4381 caeteris,
3419 4317 3473 4370 in

1895 4428 2035 4483 quos
2087 4420 2144 4467 et
2192 4426 2291 4480 par
2337 4419 2457 4465 erat
2498 4411 2744 4465 studium
2795 4410 2959 4479 regis,
3006 4420 3063 4464 et
3109 4409 3166 4463 in
3209 4411 3327 4479 pari
3379 4425 3476 4467 eos

194 4511 399 4574 ὁμοίως
422 4505 532 4571 τῆς
572 4502 698 4570 ίοης
732 4499 884 4571 αὐτῷ
912 4500 1008 4552 καὶ
1040 4497 1298 4565 προνοίας
1328 4497 1421 4548 καὶ
1448 4497 1612 4566 τιμῆς
1657 4497 1785 4548 άπο·

1903 4506 2113 4561 honore
2153 4503 2414 4558 habebat.

198 4612 486 4658 Ααυοντες.

270 4689 372 4746 ιζ’.
409 4691 508 4741 Ὧν
535 4687 592 4740 δι
617 4685 789 4748 οὕτως
827 4683 1100 4752 ἐπίσημος
1147 4682 1243 4734 καὶ
1283 4680 1554 4750 λαμπρὸς,
1589 4679 1790 4750 ᾠκοδό.

203 4804 378 4859 μησεν
408 4788 471 4838 tv
513 4780 868 4841 Ἐκϐατάνοις
904 4781 1015 4839 τοῖς
1058 4776 1318 4847 Μηδικοῖς
1366 4774 1460 4826 καὶ
1507 4775 1667 4845 βᾶριν
1699 4776 1791 4827 ικ-

201 4874 598 4950 πρεπὲστατόν
626 4888 680 4925 τι
732 4870 1174 4937 κατασκεύασμα
1206 4871 1300 4919 καὶ
1339 4869 1658 4937 θαυμασίως
1693 4884 1792 4920 πε-

201 4972 536 5041 ποιημένον,
586 4967 621 5035 ἧ
657 4967 816 5034 μέχρι
855 4962 1017 5033 δεῦρο
1074 4963 1173 5026 μὲν
1222 4960 1340 5012 εστι
1394 4959 1490 5012 καὶ
1519 4958 1787 5022 σώζεταιο

200 5071 309 5130 τοῖς
339 5065 401 5119 δὲ
445 5061 621 5132 ὁρῶσι
659 5059 808 5111 δοκεῖ
841 5056 1172 5127 προσφάτως
1214 5053 1660 5106 κατεσκευάσθαι
1694 5052 1790 5106 καὶ

201 5163 285 5217 ἔπ’
313 5161 493 5230 αὐτῆς
523 5155 762 5225 ἡμέρας,
794 5146 862 5223 ἧς
904 5151 1137 5211 ἕκαστος
1175 5147 1351 5218 αὐτὴν
1381 5148 1588 5218 ἱστορεῖ
1607 5163 1622 5179 ο
1650 5146 1795 5200 οὕτω

205 5252 611 5325 νεαρὸνιαὺτῆς
653 5247 716 5302 τδ
745 5244 942 5308 κάλλος
973 5244 1067 5298 καὶ
1101 5241 1356 5315 μηδαμοῦ
1396 5240 1709 5314 γεγηρακὸς
1734 5239 1794 5293 δν

208 5351 312 5406 ὑπὸ
341 5346 442 5401 τοῦ
473 5343 736 5398 τοσούτου
767 5339 963 5413 χρόνον
985 5336 1264 5407 φαίνεται.
1299 5335 1615 5388 Θάπτονται
1652 5334 1709 5387 δὲ
1736 5335 1796 5386 εν

205 5446 271 5516 τῇ
317 5442 484 5516 βάρει
525 5436 707 5507 ταύτῃ
734 5436 787 5489 οῖ
812 5449 872 5488 τε
907 5431 1107 5502 Μήδων
1142 5431 1238 5484 καὶ⁸
1265 5427 1492 5499 Περσῶν
1529 5426 1793 5498 βασιλεῖς,

207 5541 301 5592 καὶ
323 5538 354 5591 ὁ
385 5533 605 5602 ταύτην
643 5526 1083 5598 πεπιστευμένος
1125 5524 1379 5586 Ἰουδαῖός
1414 5523 1567 5575 ἐστιν
1595 5520 1794 5593 ἱερεύς.

218 5630 521 5701 Ἰωσήππφ
569 5623 668 5678 καὶ
714 5623 888 5675 ταῦτα
917 5619 1052 5692 πρὸς
1093 5617 1241 5682 λέξιν
1277 5616 1356 5677 τῶ
1399 5615 1640 5687 Ἰουδαίῳ
1672 5633 1800 5670 συν-

203 5725 496 5780 τέτακται.
533 5715 693 5773 Ἐπεὶ
737 5713 794 5767 δὲ
827 5713 890 5767 ού
919 5710 1235 5784 θαυμαστὸς
1287 5711 1451 5782 μόνον
1482 5709 1732 5780 ὑπῆρχεν
1771 5712 1798 5763 ὁ

201 5817 404 5892 Δανιὴλ
450 5813 666 5884 ἑτάρων
722 5805 967 5863 ἐπιλύειν
1013 5807 1278 5876 ὀνείρους,
1312 5804 1450 5858 ἀλλὰ
1491 5805 1585 5858 καὶ
1615 5803 1798 5874 πολλῷ

205 5916 415 5987 μαλλον
465 5902 946 5977 θαυμασιώτερος,
989 5900 1077 5969 εφ“
1109 5893 1190 5962 οἷς
1219 5899 1382 5961 αὐτὸς
1426 5900 1637 5958 ἐκεῖνος
1658 5896 1801 5968 ὀρῶν

1967 4686 2134 4742 XVII.
2159 4685 2297 4740 Cum
2330 4683 2377 4737 is
2401 4690 2584 4736 autem
2609 4687 2757 4734 esset
2785 4677 3016 4748 insignis
3043 4684 3098 4731 et
3124 4676 3476 4746 splendidus,

1903 4780 2179 4835 exstruxit
2212 4779 2266 4831 in
2298 4776 2526 4832 Medicis
2561 4775 2877 4836 Ecbatanis,
2917 4773 3135 4837 turrim,
3170 4773 3476 4842 pulcherri-

1900 4889 2050 4928 mum
2085 4871 2361 4940 quoddam
2398 4869 2692 4922 editicium
2723 4874 2781 4920 et
2811 4867 3014 4920 factum
3055 4864 3476 4929 admirabiliter,

1900 4983 2022 5039 qua:
2067 4968 2119 5020 in
2155 4966 2486 5018 hodiernum
2525 4976 2697 5031 usque
2733 4960 2877 5014 diem
2928 4969 3291 5011 conservatur
3332 4974 3346 5019 ;
3406 4957 3476 5009 iis

1899 5071 2083 5114 autem
2116 5057 2210 5127 qui
2243 5056 2450 5114 vident.
2479 5056 2698 5109 videtur
2728 5068 2905 5123 nuper
2932 5053 3102 5108 fuisse
3127 5062 3475 5115 constructa,

1901 5163 2069 5222 atque
2115 5151 2253 5204 adeo
2299 5161 2368 5202 eo
2414 5147 2536 5218 ipso
2566 5147 2676 5211 die,
2721 5162 2832 5216 quo
2864 5148 3010 5200 illam
3064 5147 3260 5216 aspicit
3306 5163 3479 5201 unus-

1903 5245 2175 5317 quisque,
2228 5239 2340 5296 lam
2395 5256 2589 5295 recens
2639 5241 2760 5310 ejus
2810 5239 3202 5308 pulchritudo,
3251 5247 3308 5293 et
3356 5255 3482 5308 qua:

1904 5339 2134 5394 minime
2169 5333 2464 5390 consenuit
2511 5342 2662 5387 tanto
2701 5341 2971 5402 tempore,
3001 5332 3270 5385 cernitur.
3312 5329 3485 5401 Sepe-

1902 5430 2116 5485 liuntur
2139 5442 2273 5482 vero
2342 5426 2398 5478 in
2429 5424 2534 5480 hac
2558 5434 2710 5478 turre
2759 5439 2917 5494 reges
2943 5422 3224 5477 Medorum
3256 5431 3310 5476 et
3345 5423 3481 5476 Per-

1906 5539 2092 5580 sarum
2126 5529 2224 5577 :et
2258 5520 2304 5573 is
2351 5518 2441 5573 cui
2496 5534 2560 5573 ea
2610 5526 2696 5572 est
2764 5515 3078 5580 commissa,
3129 5521 3213 5567 est
3259 5512 3488 5569 Judaeus

1907 5615 2183 5673 sacerdos.
2232 5611 2357 5668 Hac
2393 5614 2462 5669 ab
2495 5611 2699 5681 Ioseph
2739 5607 2929 5665 Iudaeo
2971 5607 3039 5662 ad
3071 5606 3300 5661 verbum
3344 5621 3480 5660 con-

1906 5712 2112 5781 scripta
2170 5714 2320 5762 sunt.
2394 5705 2666 5771 Quoniam
2720 5712 2902 5757 autem
2955 5716 3064 5756 non
3131 5699 3309 5754 solum
3376 5698 3486 5753 fuit

1907 5799 2256 5859 admirabilis
2309 5799 2366 5853 in
2421 5796 2702 5852 solvendis
2764 5795 3004 5849 aliorum
3068 5792 3335 5856 somniis,
3385 5790 3485 5845 sed

1912 5898 2074 5966 longe
2146 5890 2526 5948 admirabilior
2584 5887 2638 5942 in
2694 5887 2761 5941 iis
2811 5901 2946 5954 qua:
2995 5885 3085 5940 ille
3156 5884 3271 5954 ipse
3324 5881 3484 5946 vidit,
