4180 6482
715 409 812 476 391

2013 388 2300 451 MENSIS
2339 382 2640 447 IULIUS.

3877 384 3976 449 392

705 538 888 596 operte
922 517 1161 591 pretium
1189 523 1276 568 est
1322 511 1413 566 hic
1435 522 1659 579 quoque
1708 519 1897 562 eorum
1949 501 2288 564 meminisse,

2423 496 2716 564 τύγχανεν,
2748 493 2899 557 ἀξιον
2920 491 3156 547 ἐνταῦθα
3183 491 3278 545 καὶ
3309 491 3437 563 περὶ
3461 492 3643 548 αὐτῶν
3669 497 3975 569 μνησθῆναι

706 595 764 672 et
793 612 1104 674 ostendere,
1155 621 1321 679 quam
1367 612 1514 658 esset
1543 603 1664 674 ejus
1703 613 1860 654 mens
1904 612 2042 668 pura
2076 603 2133 651 et
2174 595 2288 648 Deo

708 711 892 779 digna.

779 797 967 854 XVIII.
999 793 1042 848 Α
1072 806 1270 862 magno
1302 789 1406 842 hoc
1439 784 1732 856 propheta,
1763 798 1886 837 cum
1914 781 2095 835 adhuc
2122 780 2289 850 dege-

711 903 795 946 ret
840 889 1082 943 Baltasar
1151 885 1202 937 in
1249 893 1394 936 terra
1439 875 1974 936 Cliald:eorum,visi
2007 884 2292 942 suntqua-

711 993 837 1036 tuor
869 981 1018 1030 venti
1047 974 1170 1028 cwli
1202 975 1252 1024 in
1285 986 1435 1025 mare
1465 971 1702 1029 irruere,
1735 974 1791 1020 et
1818 975 2058 1034 quatuor
2083 978 2291 1032 magna:

711 1073 899 1128 bestia:
933 1086 996 1124 ex
1029 1083 1096 1121 eo
1133 1067 1456 1128 ascendere,
1493 1077 1613 1132 qua‘.
1641 1058 2028 1130 signiﬁcabant
2055 1067 2292 1126 quatuor

713 1182 908 1235 magna
956 1176 1140 1232 regna.
1189 1159 1432 1225 Quarum
1468 1171 1575 1210 una
1610 1155 1835 1225 quidem
1867 1154 1984 1208 visa
2039 1152 2142 1205 fuit
2174 1160 2293 1204 tan-

715 1273 879 1327 quam
923 1257 1116 1317 lerena,
1155 1263 1210 1306 et
1241 1252 1362 1322 ejus
1411 1264 1603 1319 pennae
1655 1257 1914 1318 tanquam
1961 1246 2179 1315 aquilae.
2221 1247 2293 1300 Ea

713 1348 1068 1420 significabat
1141 1359 1372 1415 regnum
1433 1341 1858 1415 Chaldaeorum.’
1900 1340 2036 1395 Ursa
2111 1347 2292 1392 autem

716 1437 978 1496 secunda,
1026 1449 1146 1503 quae
1181 1435 1234 1486 in
1270 1448 1364 1486 ore
1400 1432 1503 1486 tria
1548 1432 1789 1485 habebat
1820 1431 2033 1484 latera:
2062 1429 2155 1482 cui
2193 1445 2295 1483 vox

717 1545 934 1600 quoque
963 1527 1314 1589 audiebatur,
1347 1527 1540 1580 dicens
1569 1545 1581 1580 :
1610 1524 1808 1593 Surge,
1843 1523 2070 1578 comede
2104 1538 2297 1577 carnes

717 1620 939 1679 multas,
979 1633 1042 1672 ea
1076 1615 1419 1684 signilicabat
1468 1628 1697 1682 regnum
1733 1612 2014 1666 Medorum
2063 1619 2121 1665 et
2169 1612 2300 1665 Per-

717 1727 924 1765 sarum.
967 1711 1034 1763 Et
1062 1709 1246 1769 tertia,
1276 1707 1482 1778 pardus
1508 1722 1522 1758 :
1548 1720 1669 1775 qua:
1696 1704 1859 1758 etiam
1900 1703 2298 1757 ostendebatur

720 1803 933 1856 habens
969 1810 1209 1870 quatuor
1257 1812 1466 1868 pennas
1509 1797 1750 1850 volucris
1793 1811 1955 1864 supra
2003 1796 2174 1864 ipsam
2204 1815 2215 1847 :
2244 1803 2300 1849 et

2396 587 2492 640 καὶ
2517 587 2681 650 δεῖξαι
2717 588 2816 654 τῆς
2845 584 2940 638 τοῦ
2975 585 3170 657 ἀνδρὸς
3202 585 3446 648 διανοίας
3479 585 3540 638 τὸ
3582 587 3975 658 καθαρώτατόν

2397 695 2455 730 τε
2493 679 2584 730 καὶ
2612 677 2874 742 ἁξιόθεον.

2471 765 2578 822 lH'.
2611 766 2815 822 Ὧπται
2842 770 2916 839 τῷ
2945 769 3167 840 μεγάλῳ
3182 769 3356 838 τούτῳ
3386 773 3664 844 προφήτῃ,
3690 773 3979 846 Βαλτάσαρ

2399 862 2481 914 ἔτι
2539 864 2597 914 ἐν
2637 864 2701 930 τῇ
2727 861 2836 912 τῶν
2889 861 3174 914 Χαλδαίων
3223 862 3523 930 διάγοντος,
3552 866 3677 926 τοὺς
3707 868 3980 934 τέσσαρας

2400 956 2638 1024 ἀνέμους
2667 953 2764 1006 τοῦ
2793 953 3023 1021 οὐρανοῦ
3067 955 3475 1024 προσϐαλόντας
3507 959 3570 1026 τῇ
3607 957 3858 1029 θαλάσσῃ
3893 961 3981 1011 καὶ

2400 1050 2641 1116 τέσσαρα
2693 1047 2856 1116 θηρία
2905 1045 3119 1116 μεγάλα
3171 1047 3266 1099 ἀπ’
3299 1048 3472 1117 αὐτῆς
3526 1049 3918 1114 ἀναϐαίνοντα,
3950 1050 3982 1103 ἀ

2403 1139 2624 1204 καὶτὰς
2674 1140 2918 1209 μεγάλας
2975 1141 3249 1208 τέσσαρας
3303 1139 3588 1208 βασιλείας
3630 1143 3982 1209 αίνιττὸμενα

2404 1232 2494 1304 ἦν,
2526 1231 2600 1287 ὦν
2628 1235 2726 1303 τὴν
2769 1234 2869 1301 μὲν
2890 1233 3024 1287 ὡσεὶ
3059 1233 3282 1286 λέαιναν
3311 1229 3514 1304 ὦφθαι,
3549 1239 3639 1290 καὶ
3670 1238 3853 1306 πτερά
3887 1238 3985 1290 αὒ-

2401 1334 2500 1397 τῆς
2524 1329 2654 1381 ὡσεὶ
2697 1328 2857 1381 ἀετοῦ
2880 1345 2893 1357 ·
2925 1330 3034 1380 τῶν
3068 1329 3349 1382 Χαλδαίων
3381 1330 3520 1400 αῦτη
3573 1332 3671 1402 τὴν
3707 1331 3987 1401 βασιλείαν

2407 1424 2805 1492 ὑπογράφουσα
2862 1417 2955 1492 ἦν·
3017 1422 3188 1493 ἄρκον
3245 1424 3301 1475 δὲ
3354 1424 3454 1494 τὴν
3512 1424 3794 1493 δευτέραν,
3863 1428 3987 1495 τρία

2406 1516 2618 1584 πλευρά
2641 1515 2872 1585 ἔχουσαν
2925 1517 2982 1568 ὲν
3033 1517 3110 1585 τῷ
3143 1518 3393 1586 στόματι,
3430 1519 3566 1586 πρὸς
3596 1520 3662 1589 ῆν
3707 1520 3806 1572 καὶ
3837 1520 3988 1589 φωνὴ

2407 1611 2639 1676 λέγουσα
2672 1609 2954 1677 διηκούετο
2977 1621 2995 1637 ⁸
3033 1609 3344 1676 Ἀνάστηθι,
3375 1611 3516 1676 φάγε
3546 1611 3756 1678 σάρκας
3786 1611 3992 1673 πολλὰς

2405 1733 2475 1742 —
2499 1703 2636 1771 αὕτη
2674 1703 2772 1770 τὴν
2808 1703 3011 1771 Μήδων
3035 1701 3128 1754 καὶ
3156 1703 3264 1754 τῶν
3303 1702 3530 1772 Περσῶν
3561 1703 3869 1772 διῃνίττετο
3892 1706 3989 1774 βαο

2411 1796 2617 1847 σιλείαν
2642 1809 2657 1825 ·
2685 1794 2780 1847 καὶ
2811 1795 3079 1862 πάρδαλιν
3112 1793 3210 1862 τὴν
3241 1794 3459 1864 τρίτην,
3493 1794 3617 1863 ἦτις
3661 1795 3757 1847 κα)⁵
3815 1798 3990 1865 πτερᾶ

718 1895 775 1950 in
807 1909 871 1948 ea
910 1909 1132 1964 quoque
1181 1891 1356 1945 bestia
1401 1889 1774 1945 cernebantur
1812 1898 2050 1957 quatuor
2096 1888 2293 1956 capita.

2422 1889 2650 1958 τέσσαρα
2679 1886 2928 1939 πετεινοῦ
2961 1888 3219 1957 ὑπεράνω
3245 1887 3416 1956 αὐτῆς
3444 1887 3717 1940 ἐδείκνυτο
3748 1887 3949 1956 ἔχουσα
3974 1903 3991 1920 ·

721 1987 972 2056 Regnum
1012 1983 1330 2037 Graecorum
1367 1996 1466 2050 per
1499 1995 1619 2034 eam
1669 1979 2102 2048 signiﬁcabatur.
2150 1976 2300 2042 Quo-

721 2096 840 2133 rmn
869 2077 1282 2145 potentissimos
1308 2089 1464 2143 reges
1495 2072 1633 2126 vidit
1657 2081 1845 2140 postea
1875 2072 1928 2123 in
1956 2070 2132 2123 forma
2157 2071 2300 2124 arie-

721 2173 792 2226 tis
825 2180 882 2223 et
933 2169 1096 2222 hirci.
1131 2169 1354 2222 Darium
1399 2165 1625 2235 quidem
1660 2173 1919 2232 tanquam
1952 2163 2204 2228 arietem,
2247 2163 2301 2217 in

723 2261 984 2314 omnibus
1019 2270 1177 2314 terra:
1207 2259 1462 2328 partibus
1489 2272 1658 2310 cornu
1706 2264 2014 2324 petentem;
2065 2254 2302 2308 Alexan-

721 2352 884 2407 drum
917 2367 1050 2406 vero
1098 2361 1355 2420 tanquam
1402 2350 1618 2405 hircum
1650 2349 1704 2402 in
1745 2363 1872 2401 eum
1906 2349 2303 2415 insurgentem,

722 2452 778 2498 et
811 2443 1022 2496 viribus
1053 2458 1115 2496 ac
1161 2441 1366 2510 impetu
1421 2438 1836 2491 conculcantem
1866 2445 1921 2489 et
1951 2444 2306 2504 prosternen-

725 2541 858 2590 tem.
912 2536 1174 2603 Quartam
1224 2544 1406 2589 autem
1456 2532 1688 2587 bestiam
1729 2532 1867 2586 vidit
1915 2532 2214 2586 terribilem
2251 2543 2305 2587 ct

728 2626 1083 2698 stupendam,
1112 2635 1168 2681 et
1193 2626 1504 2680 mirandum
1531 2626 1586 2678 in
1626 2624 1848 2678 modum
1878 2625 2073 2678 fortem
2109 2643 2121 2678 :
2148 2626 2306 2696 cujus

724 2721 888 2775 ferrei
915 2721 1136 2790 quidem
1165 2721 1377 2783 dentes,
1410 2734 1622 2788 ungues
1649 2727 1832 2771 autem
1880 2718 2042 2771 aenei.
2071 2718 2146 2770 Ea
2174 2733 2306 2770 vero

727 2813 1024 2880 superabat
1044 2828 1258 2876 omnes,
1289 2828 1409 2879 qure
1438 2812 1612 2879 ipsam
1643 2819 2064 2878 pra'cesserant,
2091 2808 2306 2862 viribus

726 2913 782 2958 et
814 2904 1042 2958 audacia
1073 2920 1086 2957 :
1112 2903 1521 2971 excedebatque
1553 2909 1608 2956 et
1639 2901 2070 2965 comminuehat,
2096 2907 2152 2954 et
2179 2900 2308 2953 reli-

729 3010 867 3062 quas
898 2995 1261 3049 conculcabat
1307 2995 1558 3063 pedibus.
1584 2995 1685 3048 Per
1716 2994 1830 3048 haec
1858 2998 2062 3048 docens
2085 3009 2306 3048 manum

733 3089 1132 3148 Romanorum,
1161 3101 1280 3154 qua:
1303 3087 1514 3154 jamdiu
1543 3095 1694 3139 tenet
1725 3086 2040 3153 imperium.
2070 3086 2129 3138 In
2154 3087 2312 3153 cujus

735 3173 915 3240 capite
960 3173 1345 3239 animadverti,
1393 3173 1570 3243 inquit
1616 3173 1906 3244 propheta,
1954 3174 2144 3228 decem
2190 3190 2305 3230 cor-

738 3277 845 3315 nua
879 3272 934 3316 et
965 3263 1112 3317 aliud
1145 3279 1364 3334 quoque
1391 3281 1643 3334 parvum,
1680 3265 1825 3334 quod
1856 3266 2001 3320 inter
2031 3282 2094 3320 ea
2126 3281 2315 3322 nasce-

739 3355 924 3417 batur,
955 3366 1010 3409 et
1046 3357 1149 3409 tria
1183 3372 1247 3408 ex
1286 3357 1567 3426 prioribus
1597 3358 1872 3412 evellebat
1898 3358 2317 3414 radicitusJam

740 3446 889 3498 enim
923 3446 974 3496 in
1007 3445 1124 3515 ipso
1157 3445 1262 3500 ﬁne
1293 3446 1523 3501 Romani
1560 3448 1802 3518 imperii,
1834 3449 1982 3517 quod
2009 3461 2231 3503 secatur
2264 3450 2319 3501 in

744 3536 948 3590 multos
996 3537 1358 3606 principatus,
1399 3537 1536 3589 dicit
1588 3536 1812 3603 quidem
1864 3536 1980 3589 fore
2027 3545 2088 3589 ut
2131 3537 2319 3589 decem

744 3644 902 3699 reges
930 3628 1093 3681 simul
1126 3637 1441 3698 exsurgant.
1475 3628 1588 3681 Hoc
1630 3627 1776 3680 enim
1809 3625 2154 3696 signiﬁcabat
2185 3627 2323 3681 visio

742 3718 933 3771 decem
983 3734 1275 3782 cornuum,
1321 3718 1426 3771 tria
1457 3727 1639 3772 autem
1671 3732 1733 3771 ex
1768 3715 1851 3770 his
1883 3719 2066 3789 regnis
2094 3734 2122 3771 a
2155 3735 2322 3788 parvo

744 3809 839 3862 illo
866 3824 1041 3864 cornu
1075 3808 1325 3873 dissolvi,
1376 3810 1519 3880 quod
1569 3811 1832 3865 cernebat
1882 3810 2084 3862 habere
2133 3813 2324 3866 oculos

746 3903 1011 3968 hominis,
1047 3912 1104 3956 et
1140 3919 1201 3957 os
1228 3904 1666 3972 magniloquum,
1699 3909 1753 3954 ct
1788 3909 2176 3970 superaturum
2207 3917 2326 3956 esse

744 3997 943 4048 vitium
975 3994 1223 4046 omnium
1254 3993 1534 4056 vitiorum,
1560 4007 1679 4061 qua:
1713 3991 1868 4046 fuere
1893 4006 1922 4045 a
1953 3991 2173 4058 saeculo,
2206 4007 2328 4064 quae

750 4087 973 4159 quidem
1004 4095 1190 4156 aperte
1225 4083 1537 4156 signiﬁcant
1569 4085 1993 4140 Antichristum.

817 4183 955 4238 XIX.
992 4182 1130 4236 Cum
1166 4183 1245 4234 sic
1278 4197 1408 4249 ergo
1449 4182 1504 4231 in
1537 4181 1748 4233 visione
1796 4181 1953 4235 valde
1984 4181 2182 4236 fuisset
2229 4181 2327 4236 ad-

753 4276 1030 4330 mirabilis
1073 4272 1363 4343 pr0plieta,
1411 4271 1547 4326 vidit
1591 4273 1754 4326 etiam
1789 4273 2057 4344 quosdam
2099 4274 2329 4330 thronos

755 4370 1128 4439 intelligentes
1171 4367 1380 4436 positos
1412 4377 1467 4421 et
1508 4369 2029 4436 supramundanos:
2068 4378 2125 4424 et
2156 4370 2329 4425 Deum

759 4462 968 4532 gloriar,
1002 4471 1261 4528 tanquam
1301 4461 1594 4528 Antiquum
1635 4460 1873 4522 dierum,
1902 4461 2327 4529 praesidentem:

2406 1983 2498 2033 καὶ
2530 1981 2796 2049 τέσσαρες
2815 1981 2870 2032 δὲ
2903 1979 3010 2031 τῶν
3041 1980 3244 2048 θηρίων
3278 1980 3516 2045 κεφαλαὶ
3556 1981 3916 2050 καθωρῶντο·
3959 1983 3990 2049 ἡ

2419 2073 2690 2144 Ἑλλήνων
2736 2072 2986 2142 βασιλεία
3019 2072 3086 2124 δι’
3114 2074 3287 2138 αὐτῆς
3318 2072 3590 2142 ἐδηλοῦτο·
3625 2068 3698 2125 ὧν
3735 2075 3867 2137 τοὺς
3906 2076 3995 2127 δυ-

2405 2169 2747 2228 νατωτάτους
2783 2167 3037 2234 βασιλέας
3086 2168 3143 2218 ὲν
3181 2165 3335 2234 κριοῦ
3372 2167 3465 2218 καὶ
3520 2165 3722 2235 τράγου
3783 2171 3990 2235 μορφῇ·

2406 2262 2632 2327 Δαρεῖον
2664 2262 2761 2326 μὲν
2784 2255 2870 2311 οἶα
2903 2258 3057 2328 κριὸν
3088 2258 3229 2310 κατὰ
3262 2260 3438 2310 πάντα
3473 2260 3537 2309 τά
3576 2258 3717 2328 μέρη
3749 2259 3853 2325 τῆς
3885 2261 3986 2328 γῆς

2409 2351 2769 2420 κυρίττοντα·
2819 2348 2970 2419 αὑτῷ
3019 2351 3074 2403 δὲ
3128 2350 3220 2427 τὸν
3255 2350 3605 2419 Ἀλέξανδρον
3652 2349 3738 2404 οία
3780 2355 3987 2422 τράγον

2409 2444 2843 2511 ἐπανιστάμενον
2897 2447 2991 2494 καὶ
3023 2444 3167 2512 ὁρμῇ
3225 2442 3403 2513 ἰσχύος
3450 2443 3840 2512 συμπατοῦντα
3898 2445 3992 2497 καὶ

2409 2534 2849 2588 καταϐάλλοντα·
2881 2534 2940 2586 τὸ
2979 2535 3241 2602 τέταρτον
3285 2535 3341 2587 δὲ
3378 2533 3568 2603 θηρίον
3609 2535 3845 2603 φοϐερὸν
3887 2531 3994 2588 εἶδε

2411 2629 2507 2680 καὶ
2532 2625 2812 2694 ἐκθαμδον
2845 2626 2940 2679 καὶ
2982 2626 3205 2697 ίσχυρδν
3239 2626 3494 2696 περιττὰ,
3536 2618 3596 2677 οὗ
3641 2626 3860 2694 σιδηροὶ
3898 2628 3998 2694 μὲν

2410 2720 2458 2769 οἱ
2483 2717 2716 2784 ὀδόντες,
2753 2719 2800 2770 οί
2827 2717 3011 2787 ὄνυχες
3043 2720 3097 2771 δὲ
3121 2719 3228 2770 ἀπὸ
3257 2717 3482 2785 χαλκοῦ·
3512 2717 3791 2769 καὶτοῦτο
3824 2719 3998 2788 ὑπερ-

2413 2809 2634 2864 ϐάλλειν
2686 2811 2832 2878 ίσχύῖ
2861 2811 2937 2860 τὰ
2983 2811 3088 2876 πρὸ
3130 2807 3296 2859 αὑτοῦ
3331 2809 3507 2860 πάντα
3550 2808 3644 2860 καὶ
3681 2809 3996 2881 ίταμότητι,

2413 2904 2593 2958 ὲσθίον
2619 2904 2714 2954 καῖ
2747 2901 3011 2954 λεπτύνον
3035 2904 3128 2954 καὶ
3160 2903 3228 2954 τά
3264 2903 3522 2982 ἐπίλοιπα
3555 2906 3666 2967 τοῖς
3699 2906 3826 2958 ποσὶ
3849 2923 3996 2982 gutt-

2415 2992 2653 3048 πατοῦν·
2685 2995 2786 3063 τὴν
2817 2993 2940 3063 ἄρτι
2968 2974 3306 3064 κατέχουσαν
3336 2998 3495 3065 χεῖρα
3523 2997 3612 3050 διὰ
3637 2997 3828 3051 τούτου
3852 2974 4002 3053 διδα-

2421 3089 2687 3158 σκόμενος
2742 3088 2852 3140 τῶν
2888 3087 3216 3158 Ῥωμαίων·
3266 3082 3326 3141 οῦ
3376 3089 3513 3157 πρὸς
3554 3093 3620 3162 τῇ
3664 3091 3877 3163 κεφαλῇ
3907 3091 4003 3144 καὶ

2419 3183 2551 3235 δέκα
2601 3183 2808 3249 κέρατα
2855 3181 3208 3249 προσενόουν,
3238 3181 3406 3252 φησὶν
3446 3184 3473 3233 ό
3521 3185 3854 3253 προφήτης·
3907 3185 4003 3239 καὶ

2425 3275 2622 3345 μικρὸν
2647 3273 2776 3327 ἀλλο
2828 3274 3034 3343 μεταξὺ
3069 3281 3275 3325 τούτων
3306 3273 3574 3340 φυόμενον
3615 3274 3708 3326 καὶ
3729 3274 3860 3344 τρία
3891 3275 4000 3328 τῶν

2425 3367 2705 3434 προτέρων
2739 3363 2994 3431 ὲκριζοῦν
3017 3378 3033 3394 ⁸
3064 3363 3165 3433 ήδη
3198 3365 3307 3432 γὰρ
3329 3365 3418 3415 ἐπ’
3443 3364 3590 3433 αὐτῷ
3619 3365 3697 3433 τῷ
3723 3365 3869 3419 τέλει
3904 3369 4002 3437 τῆς

2437 3449 2726 3516 Ῥωμαίων
2760 3449 2936 3520 ἀρχῆς
2987 3452 3064 3512 εἰς
3091 3451 3431 3522 πολυαρχίαν
3471 3457 3962 3527 κατατεμνομένης
3984 3497 4001 3524 ,

2424 3541 2556 3596 δέκα
2590 3544 2688 3612 μὲν
2721 3543 3127 3614 ἀναστήσεσθαι
3175 3544 3417 3614 βασιλεῖς
3463 3546 3598 3616 ὁμοῦ
3642 3548 3810 3614 λέγει·
3845 3550 4007 3604 τοῦτο

2426 3637 2537 3705 γάρ
2569 3637 2600 3703 ἡ
2631 3635 2740 3690 τῶν
2768 3635 2900 3690 δέκα
2932 3640 3181 3707 κεράτων
3215 3639 3341 3708 δψις
3375 3639 3565 3711 ἐδήλου
3591 3657 3605 3670 ·
3633 3643 3782 3710 τρεῖς
3809 3641 3867 3695 δὲ
3897 3643 4005 3695 τῶν

2425 3730 2687 3782 τοιούτων
2715 3730 3006 3796 βασιλειῶν
3045 3731 3149 3781 ὑπὸ
3178 3731 3270 3783 τοῦ
3305 3733 3503 3802 μικροῦ
3531 3733 3760 3804 κέρατος
3791 3737 4006 3790 ἐκείνου

2429 3820 2825 3887 καταλυθῆναι,
2859 3819 2886 3871 δ
2917 3821 3010 3872 καὶ
3047 3821 3360 3887 ὀφθαλμοὺς
3390 3822 3536 3890 ἔχειν
3566 3824 3863 3892 ἀνθρώπου
3912 3829 4005 3881 καὶ

2432 3907 2610 3978 στόμα
2633 3907 2832 3960 λαλοῦν
2861 3909 3079 3979 μεγάλα
3119 3911 3214 3960 καὶ
3235 3909 3333 3978 τὴν
3357 3911 3557 3963 κακίαν
3587 3912 3812 3967 πάντων
3838 3917 4008 3986 ὑπερι

2430 3997 2600 4054 οίσειν
2626 3999 2736 4053 τῶν
2758 3998 2852 4052 ἀπ’
2878 3999 3074 4063 αίῶνος
3098 4000 3288 4054 κακῶν
3309 4000 3478 4071 ἑώρα,
3510 4002 3604 4055 τοῦ
3637 4002 4008 4076 Ἀντιχρίστον

2432 4093 2609 4147 ταῦτα
2640 4095 2921 4163 προδήλως
2954 4097 3288 4162 ημαντικά.

2506 4177 2608 4233 ΙΘ’.
2641 4173 2767 4231 Ὧδε
2798 4182 3088 4250 τοιγαροῦν
3119 4183 3218 4251 τῆς
3247 4183 3703 4253 ὑπερφνεστάτης
3729 4188 3851 4250 ὅλος
3880 4188 4013 4259 sps.

2438 4289 2578 4336 σεως
2636 4270 2878 4341 γεγονὼς
2933 4273 2962 4324 6
3018 4275 3328 4342 προφήτης,
3365 4274 3589 4345 ἐθεώρει
3637 4276 3732 4329 καὶ
3788 4278 4015 4347 θρόνους

2437 4361 2660 4435 νοερούς
2688 4379 2840 4422 τινας
2880 4361 2975 4414 καὶ
3006 4363 3411 4434 ὑπερκοσμίους
3446 4367 3766 4437 τιθεμένους
3801 4373 3898 4423 καὶ
3926 4374 4016 4425 τδν

2433 4456 2568 4509 Θεὸν
2599 4455 2698 4524 τῆς
2724 4454 2882 4524 δόξης
2918 4449 3006 4507 οἷα
3053 4455 3289 4510 Παλαιὸν
3321 4460 3542 4531 ἡμερῶν
3567 4461 4014 4532 προκαθήμενον,

754 4555 850 4623 qui
881 4567 968 4616 eo,
1002 4551 1146 4622 quod
1177 4554 1247 4606 sit
1297 4561 1424 4606 ante
1459 4553 1678 4618 szecula,
1713 4553 1792 4606 sic
1822 4552 2032 4607 videnti
2092 4554 2313 4608 volueril

2432 4547 2508 4616 τῷ
2546 4545 2871 4614 προαιώνιον
2903 4547 3066 4600 αὐτὸν
3102 4544 3261 4612 εἶναι,
3293 4551 3465 4614 οὕτως
3507 4553 3740 4624 ὀφθῆναι
3770 4555 3850 4627 τῷ
3893 4555 4014 4626 βλέ-

756 4647 931 4701 videri
958 4664 972 4700 ;
998 4649 1156 4717 cujus
1177 4647 1346 4701 etiam
1377 4646 1762 4701 indumentum
1795 4655 1914 4700 erat
1939 4647 2150 4711 album,
2186 4647 2333 4701 sicut

761 4745 853 4793 nix
901 4756 916 4793 :
958 4749 1014 4793 et
1066 4739 1297 4807 capillus
1347 4740 1468 4806 ejus
1518 4740 1852 4794 cernebatur
1901 4749 2162 4809 tanquam
2213 4740 2335 4794 lana

769 4846 929 4902 pura.
967 4831 1111 4885 Nihil
1147 4831 1292 4885 enim
1322 4831 1642 4893 obscurum,
1671 4831 1806 4884 nihil
1842 4832 2018 4895 triste,
2051 4832 2190 4886 nihil
2217 4847 2336 4885 sor-

759 4926 949 4980 didum
997 4926 1139 4995 apud
1171 4942 1356 4980 veram
1393 4933 1452 4979 et
1496 4940 1745 4995 magnam
1776 4935 1831 4979 et
1862 4925 2094 4995 primam
2128 4925 2332 4979 lucem.

761 5017 902 5083 Quin
937 5017 1101 5070 etiam
1127 5017 1387 5071 thronum
1421 5033 1644 5086 quoque
1672 5017 1792 5086 ejus
1824 5016 1960 5070 dicit
1988 5015 2337 5086 apparuisse,

765 5118 1022 5178 tanquam
1048 5110 1320 5160 ﬂammam
1364 5109 1524 5177 ignis,
1555 5119 1608 5162 et
1659 5121 1807 5164 rotas
1850 5109 2031 5179 ignem
2071 5109 2332 5163 emitten-

763 5213 867 5267 tes,
912 5210 968 5256 et
1002 5200 1225 5254 ﬂuvium
1280 5200 1421 5271 ignis
1466 5210 1590 5254 ante
1635 5217 1761 5255 eum
1813 5201 2176 5267 ﬁuentem,et
2210 5201 2339 5254 lior-

764 5293 938 5347 renda
984 5293 1168 5346 omnia
1202 5301 1256 5346 et
1301 5274 1591 5354 terribilia,
1638 5302 1693 5345 et
1738 5291 2086 5346 admirabilia
2130 5292 2336 5353 omnia,

762 5393 817 5437 et
853 5399 972 5453 qum
1006 5385 1175 5437 Deum
1223 5384 1510 5438 decebant.
1554 5384 1694 5437 Mille
1728 5385 1874 5437 enim
1909 5383 2099 5446 millia,
2135 5383 2338 5451 inquit,

765 5485 824 5528 et
854 5474 1038 5527 decies
1067 5475 1214 5527 mille
1250 5474 1422 5527 millia
1456 5476 1508 5527 ei
1544 5475 1887 5538 assistentes,
1924 5475 2009 5544 pie
2039 5473 2337 5528 admodum

772 5563 1177 5617 minisrrabaut.
1208 5564 1411 5617 Deinde
1434 5579 1557 5618 cum
1581 5565 1823 5618 nubibus
1867 5576 2122 5634 tanquam
2144 5563 2342 5618 Filium

2438 4657 2595 4692 ποντι
2629 4637 2980 4708 βουληθέντα,
3035 4635 3096 4694 οῦ
3146 4643 3240 4694 καὶ
3291 4642 3352 4694 τὸ
3382 4642 3587 4714 ἔνδυμα
3625 4645 3842 4714 λευκὸν,
3883 4648 4015 4703 ὡσεὶ

2439 4731 2572 4803 χιὼν
2602 4733 2695 4785 καὶ
2721 4735 2817 4803 τὴν
2843 4734 3008 4802 τρίχα
3033 4733 3132 4800 τῆς
3165 4735 3407 4805 κεφαλῆς
3429 4738 3563 4789 ὡσεὶ
3592 4739 3738 4809 ἔριον
3769 4741 4015 4812 καθαρὸν

2437 4823 2704 4894 ὁρᾶσθαι·
2746 4823 3033 4895 οὐδὲνγὰρ
3060 4824 3333 4895 ἀλαμπὲς,
3393 4827 3549 4882 οὐδὲν
3598 4830 3845 4901 κατηφὶς
3893 4833 4015 4887 οὑδὶ

2442 4915 2632 4988 ῥυπῶν
2669 4916 2823 4984 παρὰ
2855 4917 2932 4986 τῷ
2975 4920 3198 4989 μεγάλῳ
3245 4921 3340 4973 καὶ
3383 4919 3626 4993 ἀληθινῷ
3670 4927 3763 4978 καὶ
3815 4928 4017 4997 πρώτῳ

2442 5008 2617 5078 φωτί·
2651 5007 2785 5061 ἀλλὰ
2812 5009 2904 5060 καὶ
2930 5010 3021 5062 τὸν
3051 5011 3239 5079 θρόνον
3262 5009 3425 5063 αὑτοῦ
3452 5012 3525 5076 ὡς
3556 5015 3726 5083 πυρὸς
3746 5011 3869 5068 εἶπε
3895 5018 4022 5086 φαί-

2443 5101 2630 5155 νεσθαι
2667 5100 2839 5167 φλόγα
2875 5102 2968 5154 καὶ
3003 5101 3234 5172 τροχοὺς
3264 5102 3374 5174 πῦρ
3405 5104 3667 5174 ἀφιέντας
3707 5110 3803 5158 καὶ
3851 5125 4020 5163 ποτα-

2447 5193 2546 5261 μὸν
2576 5191 2746 5258 πυρὸς
2776 5191 3088 5261 ἔμπροσθεν
3119 5193 3314 5262 ῥέοντα
3345 5195 3440 5247 καὶ
3465 5195 3641 5248 πάντα
3681 5196 3893 5268 φοϐερὰ
3925 5202 4018 5252 καὶ

2446 5282 2649 5352 φρικτά
2696 5284 2787 5335 καὶ
2819 5284 2995 5336 πάντα
3036 5282 3328 5350 θαυμαστά
3371 5286 3464 5337 καὶ⁵
3492 5285 3804 5356 θεοπρεπῆ·
3848 5289 4018 5357 χίλιαι

2445 5379 2552 5448 γὰρ
2578 5376 2839 5445 χιλιάδες,
2869 5377 3021 5444 φησὶ,
3056 5377 3148 5430 καὶ
3181 5379 3373 5447 μυρίαι
3397 5379 3662 5448 μυριάδες
3692 5381 3844 5450 αὐτῷ
3876 5399 4017 5451 παρ-

2447 5470 2683 5522 εστῶσαι
2736 5468 3090 5531 πανευλαόὠς
3124 5469 3520 5539 ἐλειτούργουν.
3560 5466 3693 5523 Εἶτα
3726 5475 3868 5541 μετά
3911 5474 4020 5527 τῶν

2449 5562 2685 5629 νεφελῶν
2729 5565 2802 5626 ὡς
2833 5563 2960 5615 Υἰὸν
2995 5562 3286 5632 ἀνθρώπου
3315 5561 3405 5615 τὸν
3437 5562 3565 5615 Υίδν
3591 5562 3892 5633 ἐρχόμενον
3926 5561 4018 5616 τοῦ

769 5655 1027 5718 hominis,
1068 5655 1263 5709 Filium
1296 5655 1387 5708 Dei
1417 5657 1554 5710 dixit
1587 5671 1645 5711 se
1681 5657 1884 5710 vidisse
1917 5658 2251 5720 venientem,
2289 5671 2313 5709 e

2447 5655 2584 5710 Θεοῦ
2625 5653 2777 5709 εἶπεν
2806 5655 2939 5725 όρᾷν
2985 5657 3080 5707 καὶ
3112 5652 3298 5707 τοῦτον
3325 5654 3452 5726 ἀχρι
3493 5651 3584 5706 τοῦ
3628 5653 3842 5720 Πατρδς
3877 5654 4020 5707 ίόντα

770 5763 897 5800 eum
931 5749 995 5801 ad
1046 5749 1261 5805 Patrem
1310 5765 1482 5818 usque
1513 5759 1762 5814 euntem,
1797 5757 1852 5803 et
1889 5758 2145 5820 tanquam
2179 5749 2247 5804 ab
2280 5763 2346 5802 eo

774 5841 1063 5909 dilectum,
1108 5859 1232 5898 cum
1268 5859 1334 5900 eo
1371 5841 1671 5898 honoriﬁce
1717 5841 2018 5907 sedentem,
2051 5843 2186 5898 etei
2223 5841 2338 5897 uni-

2450 5752 2545 5803 καὶ
2595 5748 2670 5812 ὡς
2714 5748 2999 5817 ἀγαπητὸν
3031 5746 3177 5816 αὑτῷ
3209 5749 3441 5818 ἐντίμως
3481 5747 3905 5816 συνεδριάζοντα
3930 5750 4019 5801 καὶ

2451 5842 2621 5913 τούτῳ
2648 5845 2746 5912 τὴν
2771 5843 2898 5909 ὅλην
2921 5835 3167 5907 ἐξουσίαν
3200 5842 3295 5896 καὶ
3315 5843 3412 5911 τὴν
3439 5842 3719 5909 βασιλείαν
3747 5841 3860 5898 τῶν
3887 5843 4020 5895 πάν-
