4180 6482
176 429 279 493 333

1255 438 1428 499 νΙΤΑ
1470 431 1972 500 5.ΡΒΟΡΗΕΤΕ
2013 430 2392 492 DANIELIS.

3343 427 3448 492 394

181 566 289 600 των
328 549 624 619 διδομένην
663 549 755 603 καὶ
788 548 888 620 τὴν
915 551 1089 620 τιμήν
1114 562 1126 580 ⁸
1166 552 1227 604 οὗ
1267 551 1378 619 μὴν
1409 551 1544 603 ἀλλά
1572 550 1665 603 καὶ
1702 548 1780 619 βί-

1892 558 2096 597 versam
2154 549 2479 612 potestatem
2534 549 2587 594 et
2639 555 2866 612 regnum
2923 541 3168 595 omnium
3225 539 3340 595 dari
3391 549 3450 596 et

179 639 342 700 ϐελους
387 641 757 711 ἀνοιγομένας
812 644 905 695 καὶ
969 642 1176 714 κρύφια
1243 642 1624 712 φανερούμενα
1686 642 1778 694 καὶ

182 734 364 785 πάντα
400 734 592 802 γυμνὰ
654 733 730 804 τῷ
785 737 948 804 κριτῇ
1011 733 1104 786 καὶ
1134 734 1610 804 τετραχηλισμένα
1641 751 1780 803 παρ-

184 824 399 877 εστῶτα
445 826 675 878 καὶτῶν
709 827 807 894 μὲν
839 825 1018 880 ἄλλων
1055 825 1154 896 τὴν
1189 826 1440 891 ἐξουσίαν
1470 843 1778 896 καταργου-

188 917 364 984 μένην
412 919 508 971 καὶ
569 920 669 988 τὴν
705 920 903 987 ἀρχήνο
956 920 1132 970 ἐκεῖνο
1193 918 1250 970 δὲ
1300 919 1360 970 τὸ
1409 919 1779 988 πονηρότατον

183 1007 378 1077 θηρίον
426 1011 518 1064 καὶ
558 1011 656 1082 τὴν
684 1011 882 1063 κακίαν
920 1010 1288 1078 ἀσύγκριτον,
1318 1010 1347 1063 ὃ
1383 1013 1477 1063 καὶ
1514 1012 1602 1063 τὸν
1641 1008 1779 1080 μετά

183 1099 297 1153 τῶν
329 1101 504 1169 ἁγίων
537 1104 807 1171 ἐτόλμησε
844 1101 1090 1171 πόλεμον.
1110 1104 1206 1154 καὶ
1233 1103 1409 1172 στόμα
1436 1103 1631 1156 λαλοῦν
1663 1099 1777 1172 εἶχε

181 1192 408 1258 μεγάλα
439 1192 896 1266 ἐξαναιρούμενον
927 1194 1025 1247 καὶ
1058 1195 1138 1256 είς
1178 1193 1373 1247 καῦσιν
1406 1198 1577 1265 πυρὸς
1614 1196 1779 1250 ἄσϐε-

186 1301 318 1335 στον
377 1287 898 1356 παραπεμπόμενον
921 1303 936 1318 ο
970 1285 1222 1338 ἐντεῦθεν
1245 1286 1301 1339 δὲ
1331 1287 1430 1357 τὴν
1468 1287 1776 1355 μεγαλοσύ-

183 1392 287 1443 νην
343 1376 438 1428 καὶ
491 1378 594 1447 τὴν
653 1378 762 1430 τῶν
812 1379 947 1431 ὅλων
1001 1377 1282 1448 βασιλείαν
1315 1380 1395 1442 είς
1432 1379 1636 1442 αἰῶνας
1664 1382 1777 1442 τοῖς

181 1467 366 1533 ἁγίοις
397 1469 610 1541 δεδωρη
621 1471 807 1541 μένην.

262 1557 348 1614 K'.
381 1562 492 1614 Καὶ
535 1564 596 1615 οὐ
639 1563 812 1620 ταῦτα
850 1564 1013 1633 μόνον
1041 1562 1107 1632 (ὣ
1149 1562 1428 1634 μακαρίας
1462 1563 1661 1633 ὅψεως)
1693 1579 1780 1617 τε-

189 1651 382 1706 θέαται
408 1656 630 1726 Δανιὴλ,
657 1657 792 1711 ἀλλὰ
820 1657 913 1710 καὶ
946 1658 1392 1728 προσευχόμενος
1427 1659 1564 1726 μετὰ
1603 1659 1777 1711 ταῦτα

187 1747 281 1797 καὶ
309 1747 558 1816 ῥήμασιν
589 1751 1027 1820 ὲξομολογὴσεως
1055 1751 1142 1803 τὸν
1174 1752 1526 1820 ύπεράγαθον
1553 1753 1779 1818 ἐξευμε-

188 1837 471 1906 νιζόμενος
505 1858 520 1872 ο
558 1841 765 1910 Ἦμην,
824 1843 978 1910 φησὶ,
1037 1844 1096 1894 τὸ
1140 1841 1266 1909 ἑξῆς
1323 1843 1382 1894 ὲν
1438 1840 1659 1904 Σούτοις
1707 1843 1772 1910 τῇ

1881 637 2167 692 honorem.
2189 637 2332 705 Quin
2365 637 2529 692 etiam
2567 635 2739 691 libros
2766 636 2814 690 ei
2845 651 2964 690 esse
3000 647 3239 706 apertos,
3274 647 3329 691 et
3356 653 3448 695 oc-

1882 731 2027 785 culta
2067 731 2114 785 ei
2147 746 2266 786 esse
2313 730 2623 792 manifesta,
2657 740 2714 784 et
2744 731 2930 785 omnia
2963 732 3178 785 adstare
3211 731 3355 786 nuda
3393 741 3448 785 et

1882 821 2095 878 detecta
2123 841 2137 876 :
2164 833 2220 877 et
2257 823 2490 877 aliorum
2530 823 2751 893 quidem
2802 823 3008 877 aboleri
3041 831 3364 889 potestatem
3391 835 3448 878 et

1882 911 2174 980 imperium
2216 929 2228 964 :
2273 913 2418 965 illam
2463 922 2646 967 autem
2678 914 2968 983 pessimam
3004 913 3232 967 bestiam
3262 924 3316 967 et
3343 915 3446 966 im-

1883 1004 2156 1073 probitate
2203 1005 2716 1074 incomparabilem,
2749 1021 2869 1076 qum
2913 1007 3081 1059 movit
3116 1005 3318 1060 bellum
3351 1006 3448 1060 ad-

1882 1112 2076 1151 versus
2138 1107 2380 1159 sanctos,
2441 1107 2496 1151 et
2553 1113 2614 1150 os
2666 1098 2881 1162 habuit,
2941 1097 3087 1167 quod
3145 1114 3337 1167 magna
3393 1108 3452 1152 et

1881 1189 2121 1258 superba
2172 1189 2522 1258 loquebatur,
2574 1190 2812 1246 deletam
2850 1201 2906 1244 et
2969 1191 3344 1246 transmissam
3380 1191 3446 1244 ad

1883 1281 2026 1351 ignis
2068 1281 2580 1353 conﬂagrationem,
2615 1285 2708 1355 qui
2743 1299 3025 1354 nunquam
3056 1284 3448 1353 exstinguitur.

1879 1373 2088 1430 Deinde
2145 1390 2275 1431 vero
2327 1379 2667 1447 majestatem
2698 1387 2754 1433 et
2800 1377 3183 1432 universorum
3221 1393 3452 1447 regnum

1881 1464 2072 1520 datum
2114 1468 2320 1523 Sanctis
2360 1469 2414 1522 in
2451 1479 2740 1524 mternum.

1953 1558 2070 1612 XX.
2110 1560 2298 1630 Neque
2324 1577 2456 1616 vero
2482 1562 2596 1617 haec
2620 1564 2793 1618 solum
2821 1562 2875 1634 (ο
2914 1565 3129 1619 beatam
3158 1565 3456 1626 visionem)

1881 1651 2018 1706 vidit
2049 1651 2236 1706 Daniel
2271 1669 2283 1705 :
2323 1653 2416 1708 sed
2471 1669 2636 1709 orans
2669 1671 2888 1726 quoque
2933 1666 3143 1726 postea,
3181 1665 3235 1710 ct
3267 1657 3455 1711 verbis

1881 1740 2247 1797 confessionis
2275 1745 2496 1814 placans
2543 1761 2668 1800 eum
2717 1747 2812 1816 qui
2859 1755 2943 1801 est
2978 1763 3191 1802 summe
3228 1748 3406 1802 bonus
3437 1767 3449 1800 :

1884 1832 2066 1896 Eram,
2105 1834 2303 1903 inquit,
2342 1838 2625 1908 deinceps,
2660 1839 2835 1902 Susis,
2880 1856 3001 1910 qum
3023 1850 3106 1896 est
3137 1842 3456 1911 metropolis

191 1930 538 1996 μητροπόλει
575 1931 858 2001 Περσίδος,
895 1930 991 1984 καὶ
1019 1931 1091 1994 ti);
1125 1930 1350 1998 ἐξῆλθον
1378 1931 1459 1993 είς
1492 1931 1554 1982 τὸ
1587 1930 1774 1984 πεδίον

1892 1921 2145 1989 Persidis,
2195 1936 2250 1980 et
2302 1936 2589 1998 postquam
2643 1944 2898 2000 egressus
2945 1947 3065 1986 sum
3113 1933 3166 1987 in
3203 1947 3454 2000 campum

190 2020 327 2088 μετά
359 2022 458 2074 καὶ
496 2021 607 2077 τῶν
640 2023 893 2095 ἑταίρων,
926 2024 1034 2077 ἰδοὺ
1067 2024 1290 2093 σεισμὸς
1320 2022 1491 2093 μέγας
1519 2023 1739 2091 ἐγένετο
1761 2040 1773 2053 ⁸

188 2119 280 2168 καὶ
329 2119 626 2186 φυγόντων
675 2120 784 2173 τῶν
834 2122 930 2173 σὺν
974 2122 1120 2190 ἐμοὶ,
1175 2120 1335 2190 μόνος
1376 2120 1778 2190 ἀπολέλειμμαι

190 2207 337 2259 κατά
387 2209 572 2279 στόμα
635 2210 839 2272 πεσών.
876 2211 984 2264 Καὶ
1030 2211 1137 2264 ίδού
1179 2228 1262 2273 τις
1315 2210 1561 2280 ἑστηκὼς
1600 2212 1780 2280 ἣψατό

199 2316 299 2367 μου
332 2301 430 2354 καὶ
454 2293 732 2371 ’ἀνέστησε
761 2304 857 2356 καὶ
885 2307 951 2356 τὰ
981 2303 1244 2372 μέλλοντα
1270 2302 1644 2372 συμϐήσεσθαι
1667 2306 1781 2367 τοῖς

195 2393 447 2456 πολίταις
482 2396 628 2462 μετα
660 2397 862 2461 πολλὰς
911 2398 1043 2460 ὅσας
1077 2395 1514 2468 ἐμυσταγώγησε
1563 2399 1780 2465 γενεάς.

198 2484 324 2536 Ὄδε
360 2487 475 2555 ἄρα
505 2481 662 2551 οὗτος
708 2484 776 2559 ἦν
819 2492 848 2543 ό
884 2491 1058 2560 μέγας
1089 2492 1184 2545 καὶ
1213 2491 1520 2562 πρώτιστος
1553 2490 1661 2545 τῶν
1692 2491 1783 2544 ob.

197 2581 403 2648 ρανίων
437 2582 730 2652 δυνάμεων
759 2584 1022 2654 Γαϐριὴλ,
1055 2586 1114 2647 δς
1164 2585 1258 2636 καὶ
1304 2585 1602 2638 ἀναστάντι
1634 2584 1786 2654 αύτῷ

194 2674 484 2744 δειχθῆναι
536 2679 692 2743 κριὸν
729 2677 992 2744 ἐσήμαινε
1033 2676 1233 2745 μέγανξ
1267 2676 1441 2728 πολλὰ
1473 2675 1572 2746 μὲν
1618 2678 1787 2729 ἐκπε-

197 2767 416 2833 φυκάτα
450 2765 684 2834 κέρατα,
711 2766 1024 2821 τελευταῖον
1065 2769 1121 2821 δὲ
1157 2767 1322 2822 αὑτὸν
1359 2768 1416 2822 ἓν
1452 2769 1786 2840 ὑψηλότερον

197 2856 393 2927 ἔχοντα
423 2873 440 2888 ·
488 2857 686 2910 ἔπειτα
716 2858 1026 2930 ἀναϐλέψας
1062 2861 1162 2930 μὲν
1203 2864 1282 2924 εἰς
1310 2861 1412 2931 τὴν
1442 2862 1627 2926 Δύσιν,
1662 2861 1789 2914 θεά-

198 2949 402 3002 σασθαι
453 2949 658 3019 τράγον
698 2951 801 3022 ἔφη
840 2953 934 3005 ἀπ’
963 2953 1134 3022 αὐτῆς
1161 2953 1228 3005 δι’
1265 2953 1426 3022 ἀέρος
1461 2954 1782 3024 φερόμενονο

201 3043 553 3112 συρράξαντα
585 3044 642 3096 δέ
682 3043 763 3113 τῷ
794 3045 935 3114 κριῷ
967 3048 1059 3098 καὶ
1086 3047 1198 3108 τοῖς
1235 3047 1430 3117 κέρασι
1465 3047 1786 3118 κυρίξαντα,

197 3133 279 3195 δὶς
302 3135 641 3188 καταϐαλεῖν
661 3137 825 3188 αὑτὸν
851 3140 943 3189 ἐπὶ
979 3141 1082 3208 γῆν
1114 3141 1206 3211 καὶ
1237 3142 1480 3209 πατῆσαι
1504 3157 1520 3174 ο
1549 3136 1668 3193 εἶτα
1698 3139 1788 3192 τὸν

200 3225 405 3291 τράγον
450 3225 582 3277 ίδετν
639 3226 703 3277 ἐκ
741 3225 833 3278 τοῦ
871 3227 1126 3297 μετώπου
1183 3230 1448 3298 μέγιστον
1503 3229 1788 3298 ἀναφύντα

1883 2028 2012 2067 cum
2065 2014 2449 2078 familiaribus.
2497 2037 2626 2076 ecce
2657 2021 2832 2077 factus
2883 2032 2966 2078 est
3015 2039 3244 2093 magnus
3299 2034 3459 2080 terra:

1884 2115 2092 2172 motus,
2130 2119 2185 2164 et
2219 2111 2556 2182 fugientibus
2592 2114 2661 2169 iis
2710 2117 2804 2185 qui
2854 2132 3069 2173 mecum
3106 2129 3286 2182 erant,
3329 2120 3458 2174 reli-

1883 2210 2007 2253 Ctus
2034 2215 2154 2255 sum
2195 2204 2362 2259 solus.
2393 2206 2456 2260 Et
2475 2221 2604 2261 ecce
2636 2208 2858 2278 quidam
2891 2219 3043 2266 stans
3073 2227 3160 2266 me
3193 2200 3462 2282 tetigi't,et

1884 2287 2018 2343 fecit
2049 2307 2277 2363 surgere
2309 2314 2323 2349 :
2351 2306 2564 2366 etquae
2592 2301 2807 2355 civibus
2837 2312 2994 2356 erant
3027 2313 3293 2358 eventura
3337 2313 3464 2373 post

1886 2382 2089 2438 multas
2143 2389 2529 2456 generationes
2574 2393 2800 2464 mystice
2842 2395 3141 2450 enarravit.
3186 2397 3237 2452 ις
3277 2406 3464 2453 autem

1886 2483 2008 2527 erat
2044 2490 2274 2548 magnus
2314 2480 2405 2536 ille
2436 2493 2494 2536 et
2539 2486 2751 2553 primus
2787 2488 3094 2542 caelestium
3131 2493 3466 2559 potestatum

1890 2565 2136 2625 Gabriel.
2174 2571 2279 2638 Qui
2327 2577 2498 2631 etiam
2531 2567 2658 2644 sibi,
2703 2597 2828 2636 cum
2865 2583 3223 2653 surrexisset,
3259 2585 3472 2655 signifi-

1889 2658 2037 2711 cavit
2061 2658 2234 2716 fuisse
2277 2679 2536 2734 magnum
2569 2677 2853 2723 ostensum
2884 2671 3138 2734 arietem,
3173 2672 3260 2726 cui
3301 2673 3471 2726 multa

1889 2748 2114 2816 quidem
2145 2765 2304 2808 enata
2335 2767 2494 2813 erant
2528 2775 2771 2829 cornua;
2805 2762 3047 2820 habebat
3082 2777 3266 2821 autem
3300 2783 3470 2821 unum

1891 2835 2076 2892 altius.
2127 2841 2195 2895 Et
2241 2842 2358 2899 haec
2425 2848 2649 2916 quidem
2698 2866 2823 2906 cum
2885 2856 3215 2924 aspexisset,
3278 2858 3358 2911 ait
3412 2873 3472 2912 se

1892 2929 2100 2987 vidisse
2153 2934 2208 2989 in
2277 2936 2582 2996 Occidente
2614 2943 2853 3010 hircum,
2888 2948 2980 3017 qui
3015 2947 3142 3004 inde
3189 2948 3476 3004 ferebatur

1893 3035 1994 3090 per
2033 3038 2217 3080 aerem
2261 3046 2276 3081 :
2330 3031 2716 3104 conﬂigentem
2754 3052 2887 3092 vero
2917 3056 3040 3095 cum
3073 3043 3272 3108 ariete,
3303 3052 3358 3098 et
3396 3044 3479 3098 bis

1895 3125 2068 3168 cornu
2106 3128 2410 3186 petentem,
2437 3123 2617 3201 ipsum
2657 3127 2811 3183 humi
2845 3134 3209 3199 prostravisse
3245 3144 3302 3188 et
3345 3151 3480 3189 con-

1896 3203 2166 3262 culcasse.
2229 3210 2437 3269 Deinde
2496 3217 2702 3273 vidisse
2764 3221 3004 3287 hircum,
3066 3225 3156 3278 cui
3215 3241 3478 3296 magnum

203 3318 394 3387 κέρας,
427 3312 491 3372 οὗ
529 3312 879 3385 κλασθέντος,
914 3322 1324 3394 ἀναϐλαστῆσαι
1359 3323 1624 3394 τέσσαρα,
1663 3322 1786 3376 καθ’

1896 3309 2069 3351 cornu
2105 3304 2441 3360 nascebatur
2493 3309 2549 3363 in
2603 3310 2785 3367 fronte
2817 3330 2830 3365 :
2859 3329 2970 3384 quo
3019 3315 3217 3380 fracto.
3273 3320 3479 3390 germi-

201 3410 436 3464 ἐκαστον
487 3411 602 3463 τῶν
645 3413 866 3483 ἀνέμων
899 3414 1324 3484 ἐκτετραμμένα
1351 3432 1364 3444 ·
1422 3414 1481 3479 ἐξ
1515 3412 1698 3467 αὐτῶν
1730 3411 1788 3464 δέ

201 3507 462 3572 ἀνασχεῖν
493 3505 590 3557 καὶ
617 3505 746 3559 ἄλλο
777 3505 1138 3576 βραχύτερον,
1168 3507 1196 3558 δ
1225 3508 1316 3558 καὶ
1337 3507 1571 3576 αὐξῆσαι
1603 3507 1790 3575 ἔλεγεν

203 3598 233 3649 δ
265 3595 442 3648 ταῦτα
472 3596 692 3658 δεικνὺς
719 3599 813 3649 καὶ
843 3599 1184 3669 πολεμήσειν
1216 3599 1382 3654 αὑτοῦ
1421 3601 1483 3652 τὸ
1514 3600 1666 3662 ἔθνος
1698 3600 1792 3652 καὶ

202 3691 302 3760 τὴν
332 3691 494 3744 πόλιν
520 3691 750 3760 αίρῆσαι
772 3690 877 3745 ἀνὰ
905 3695 1108 3762 κράτος
1146 3696 1240 3748 καὶ
1268 3698 1448 3750 πάντα
1480 3695 1548 3750 τὰ
1577 3696 1668 3750 τοῦ
1701 3697 1790 3750 v6-

207 3801 309 3854 μου
345 3783 628 3852 περιελεῖν
654 3800 668 3814 ο
721 3785 818 3838 καὶ
871 3784 1047 3838 ταῦτα
1096 3787 1188 3838 ἐπὶ
1219 3788 1435 3858 ἡμέρας
1477 3788 1657 3857 χιλίας
1698 3789 1792 3842 καὶ

200 3877 486 3940 διακοσίας
541 3879 866 3948 ἐνενήκοντα
909 3878 997 3943 ἐξ.
1051 3879 1239 3933 Ταῦτα
1295 3882 1392 3949 μὲν
1448 3880 1576 3934 tam
1621 3884 1678 3936 ἐν
1712 3883 1787 3951 τῷ

202 3971 373 4039 πεδίῳ
421 3970 502 4038 τῷ
550 3973 609 4022 ἐν
665 3971 885 4034 Σούτοις
928 3972 957 4024 δ
983 3972 1202 4043 ,Δανιὴλ
1240 3973 1446 4045 ἔγραψε
1471 3990 1486 4007 ⁸
1523 3977 1706 4048 κρῖναι
1731 3975 1790 4028 δέ

202 4060 352 4129 αύτῷ
408 4059 513 4130 τὴν
563 4059 687 4128 δψιν
725 4061 832 4112 τῶν
865 4064 1215 4132 όρασθέντων
1261 4067 1449 4136 ἐδήλου
1511 4068 1604 4120 τὸν
1658 4069 1790 4121 Θεὸν

200 4153 374 4216 οὕτως
401 4170 417 4185 °
446 4155 542 4206 τὸν
580 4151 681 4223 μὲν
709 4154 818 4222 γὰρ
850 4155 1003 4223 κριὸν
1032 4156 1312 4224 βασιλείας
1341 4158 1439 4219 τὰς
1466 4160 1666 4225 Μήδων
1698 4163 1792 4212 καὶ

204 4248 432 4319 Περσῶν
467 4248 759 4319 σημαίνειν
793 4247 944 4316 αὐτῷ
973 4249 1203 4316 ἔφασκε,
1227 4252 1293 4301 τὰ
1332 4249 1388 4310 δὲ
1423 4252 1630 4320 κέρατα
1663 4255 1790 4314 τοὺς

205 4343 505 4412 μέλλοντας
543 4341 873 4411 βασιλεύειν.
910 4342 1055 4396 Αὐτὸ
1083 4343 1142 4395 δὲ
1176 4343 1236 4395 τὸ
1265 4345 1435 4412 κέρας
1470 4344 1532 4396 τὸ
1559 4345 1789 4415 ἔσχατον

203 4433 364 4486 αὐτὸν
417 4433 713 4500 σημαίνειν
759 4433 851 4486 τὸν
885 4434 1112 4503 ἔσχατον
1145 4435 1369 4504 βασιλέα
1398 4452 1410 4466 ·
1457 4434 1645 4488 τοῦτον
1679 4436 1788 4506 γὰρ

202 4527 294 4576 καὶ
326 4523 558 4576 διοίσειν
594 4522 748 4589 ἔλεγε
799 4524 908 4575 τῶν
943 4524 1168 4587 λοιπῶν,
1206 4525 1420 4594 πλούτῳ
1447 4543 1504 4578 τε
1538 4527 1630 4579 καὶ
1663 4527 1788 4597 δόξῃ

201 4616 293 4668 καὶ
333 4617 400 4682 τῇ
433 4614 571 4684 ἄλλῃ
606 4615 937 4683 περιφανεία
960 4629 973 4643 ·
1027 4617 1118 4667 τὸν
1145 4615 1200 4666 δὲ
1227 4617 1426 4683 τράγον
1459 4617 1677 4684 δηλοῦν,
1713 4621 1785 4680 ob;

202 4708 308 4759 τῶν
353 4707 629 4778 Ἑλλήνων
687 4725 770 4770 τις
823 4705 1126 4778 βασιλεύων
1180 4707 1355 4769 ἔσται,
1387 4706 1444 4769 δς
1486 4707 1564 4774 τῷ
1602 4710 1790 4779 Πέρσῃ

203 4801 501 4870 συμϐαλὼν
545 4799 629 4863 δὶς
677 4805 942 4868 κρατήσει
979 4803 1044 4870 τῇ
1080 4800 1228 4872 μάχῃ
1271 4799 1366 4852 καὶ
1399 4799 1793 4872 παραλήψεται

200 4895 294 4963 τὴν
323 4895 625 4961 ἡγεμονίαν
658 4891 895 4946 ἃπασαν.
936 4893 1242 4960 Δηλοῦσθαι
1298 4893 1355 4946 δέ
1408 4895 1513 4946 ὑπὸ
1565 4895 1660 4947 τοῦ
1696 4914 1791 4965 με-

202 4985 368 5050 γάλου
402 4984 638 5051 κέρατος
696 4981 788 5035 τοῦ
828 4985 882 5035 ἐν
910 4982 989 5048 τῷ
1024 4984 1262 5052 μετώπῳ
1310 4983 1404 5034 τοῦ
1437 4985 1646 5052 τράγου
1699 4986 1788 5038 τὸν

203 5076 418 5146 πρῶτον
449 5073 697 5142 βασιλέα.
731 5072 862 5128 Εἶτα
917 5077 1011 5127 καὶ
1065 5076 1164 5144 τὴν
1199 5075 1306 5128 τῶν
1336 5079 1616 5144 τεσσάρων
1658 5080 1791 5130 ἀναο

203 5170 501 5239 ϐλάστησιν
525 5165 791 5234 βασιλέων
824 5147 1157 5228 ἐκπεσόντος
1182 5168 1388 5219 ἐκείνου
1421 5183 1438 5201 ·
1474 5171 1539 5238 τῇ
1567 5167 1622 5220 δέ
1653 5169 1790 5238 πρὸς

202 5261 267 5310 τὰ
321 5261 571 5328 τέσσαρα
621 5257 862 5324 κλίματα
914 5257 1015 5324 τῆς
1071 5258 1178 5326 γῆς
1234 5258 1414 5309 αὐτῶν
1467 5259 1788 5330 ἀποστροφῇ

201 5346 432 5398 ἑκάστου
456 5345 583 5406 τοὺς
603 5343 874 5412 διαδόχους
907 5347 1052 5414 μετᾶ
1074 5348 1166 5400 τὸν
1191 5348 1422 5399 θάνατον
1446 5349 1536 5400 τοῦ
1569 5348 1788 5419 πρώτου

202 5439 468 5508 βασιλέως
494 5438 942 5502 ὲξεικονίζεσθαι,
974 5439 1064 5491 καὶ
1096 5439 1186 5491 τον
1216 5441 1295 5501 είς
1319 5439 1516 5502 αὐτοὺς
1545 5441 1701 5510 διαμε
1715 5461 1801 5513 pt-

202 5534 336 5602 σμδν
364 5529 702 5602 δηλοῦσθαι*
759 5531 1017 5600 γενέσθαι
1071 5536 1127 5587 δὲ
1178 5534 1271 5587 καί
1328 5551 1450 5586 τινα
1482 5536 1672 5606 ἕτερον
1729 5539 1793 5589 ἐκ

199 5627 404 5678 τούτων
457 5621 702 5693 βασιλέα,
753 5625 946 5692 ἀναιδῆ
993 5627 1093 5694 μὲν
1136 5627 1212 5695 τῷ
1252 5627 1549 5697 προσώπῳ,
1612 5629 1793 5681 ἱκανὸν

201 5715 253 5768 δέ
309 5716 560 5768 συνιέναι
624 5713 1017 5784 προϐλήματα,
1057 5717 1116 5777 ὃς
1179 5719 1274 5766 καὶ
1322 5704 1457 5786 δόλῳ
1512 5717 1796 5788 διαφθερεῖ

204 5809 429 5870 πολλοὺς
487 5808 580 5859 καὶ
637 5809 731 5860 ἐπὶ
779 5809 1031 5882 ἀπωλείᾳ
1059 5809 1271 5864 πολλῶν
1308 5813 1567 5879 στήσεται
1593 5826 1606 5838 ·
1641 5812 1798 5864 πολε-

202 5903 360 5972 μήσει
391 5918 454 5954 τε
491 5901 554 5953 τὸ
587 5901 736 5964 ἔθνος
787 5905 878 5956 καὶ
917 5911 1047 5965 τοὺς
1079 5905 1281 5971 νόμους
1321 5903 1504 5960 αὐτῶν
1558 5905 1799 5977 ἰσχυρῶς

517 5999 786 6061 PATROL.
839 6001 959 6060 (in.
1014 5997 1160 6058 CXV

1897 3403 2060 3444 nasse
2089 3404 2354 3462 quatuor,
2391 3414 2551 3454 versa
2595 3403 2662 3456 ad
2691 3405 2940 3474 singulos
2975 3419 3192 3463 ventos.
3228 3409 3306 3464 Ex
3342 3411 3480 3480 ipsis

1897 3491 2082 3537 autem
2126 3498 2380 3542 exortum
2413 3506 2537 3547 esse
2568 3494 2714 3548 aliud
2751 3513 2975 3566 quoque
3009 3500 3279 3556 brevius:
3330 3504 3480 3572 quod

1897 3577 1944 3630 is
1967 3578 2059 3645 qui
2087 3578 2436 3648 ostendebat,
2474 3583 2694 3640 dicebat
2720 3585 2837 3642 fore
2863 3597 2920 3641 ut
2948 3599 3246 3655 cresceret,
3273 3600 3329 3647 et
3362 3595 3485 3664 ejus

1895 3671 2114 3735 gentem
2147 3670 2290 3724 bello
2317 3672 2626 3738 invaderet,
2659 3687 2715 3731 et
2741 3678 3026 3735 civitatem
3056 3683 3109 3736 vi
3141 3695 3385 3753 caperet,
3428 3695 3487 3743 et

1895 3774 2243 3831 quazcunque
2312 3774 2442 3818 sunt
2501 3766 2657 3838 legis,
2718 3771 2940 3825 tolleret
2994 3789 3006 3825 :
3063 3774 3230 3843 idque
3287 3775 3489 3831 diebus

1895 3853 2045 3908 mille
2085 3855 2339 3914 ducentis
2387 3869 2446 3914 et
2493 3863 2791 3932 nonaginta
2827 3881 2945 3920 sex.
2979 3866 3107 3921 Haec
3156 3869 3379 3938 quidem
3429 3886 3489 3927 se

1897 3943 2105 3998 vidisse
2133 3945 2188 3998 in
2226 3963 2446 4018 campo,
2487 3953 2581 4020 qui
2633 3960 2720 4006 est
2774 3954 2950 4021 Susis,
2997 3958 3220 4025 scripsit
3255 3959 3440 4012 Daniel
3473 3976 3488 4013 :

1896 4033 2066 4087 Deum
2123 4047 2309 4092 autem
2368 4055 2591 4104 eorum,
2639 4059 2760 4112 quae
2805 4044 3162 4114 adspexerat,
3217 4045 3491 4099 visionem

1894 4127 2114 4182 dicebat
2144 4131 2231 4185 sic
2281 4131 2388 4186 sibi
2442 4135 2778 4191 declarasse.
2818 4138 2955 4190 Nam
2999 4139 3230 4194 arietem
3263 4139 3494 4210 quidem
3550 4155 3558 4164 ·

1895 4220 2116 4272 diccbat
2153 4223 2471 4291 significare
2501 4243 2668 4296 regna
2711 4228 2998 4285 Medorum
3042 4237 3097 4283 et
3139 4230 3434 4284 Persarum
3472 4248 3486 4291 ;

1894 4325 2109 4364 cornua
2147 4324 2360 4380 autem,
2422 4334 2522 4373 eos
2578 4320 2675 4388 qui
2735 4323 2899 4372 erant
2951 4324 3254 4390 regnaturi.
3313 4323 3495 4391 Ipsum

1895 4419 2032 4459 vero
2063 4421 2239 4462 cornu
2275 4409 2558 4473 ultimum,
2591 4411 2868 4482 significat
2897 4412 3076 4484 ipsum
3113 4414 3372 4468 ultitnum
3412 4430 3498 4467 re-

1899 4514 2049 4568 gem.
2085 4500 2317 4556 Dicebat
2355 4503 2507 4557 enim
2545 4501 2686 4569 fore,
2727 4514 2787 4560 ut
2821 4505 2866 4558 is
2926 4516 3213 4576 praestaret
3260 4508 3498 4568 caeteris,

1901 4605 1960 4650 et
1991 4596 2206 4653 divitiis
2244 4608 2300 4652 et
2339 4600 2518 4668 gloria
2553 4611 2608 4655 et
2640 4603 2752 4658 alio
2781 4604 3099 4670 splendore.
3134 4603 3359 4657 Hircum
3397 4621 3496 4658 au-

1901 4697 2035 4754 tem,
2074 4691 2392 4761 significare
2429 4694 2677 4747 futurum
2724 4711 2790 4748 ex
2826 4694 3035 4749 Graecis
3082 4711 3264 4765 regem
3302 4713 3500 4765 quent-

1898 4782 2052 4844 dam,
2123 4786 2219 4851 qui
2274 4784 2359 4836 bis
2417 4801 2542 4839 cum
2575 4785 2741 4842 Persa
2786 4785 3110 4859 confligens,
3153 4800 3278 4842 eum
3313 4806 3491 4863 pugna

1897 4876 2170 4941 vinceret,
2224 4883 2281 4929 et
2329 4880 2650 4934 universum
2706 4893 3015 4938 assumeret
3064 4886 3486 4956 principatum:

1897 4969 2204 5036 significari
2243 4986 2374 5024 vero
2411 4987 2437 5025 a
2475 4989 2673 5043 magno
2699 4991 2894 5038 cornu,
2930 4978 3076 5044 quod
3103 4989 3186 5032 est
3219 4981 3271 5032 in
3305 4981 3482 5036 fronte

1896 5061 2061 5124 hirci,
2109 5061 2349 5129 primum
2416 5080 2615 5134 regem.
2663 5069 2872 5121 Deinde
2919 5071 3084 5124 etiam
3119 5081 3302 5126 ortum
3341 5090 3479 5144 qua-

1897 5161 2023 5207 tuor
2059 5169 2272 5222 regum,
2316 5170 2441 5210 cum
2507 5157 2595 5214 ille
2625 5161 2998 5222 excessisset:
3040 5165 3479 5234 uniuscujusque

1895 5259 2080 5301 autem
2147 5265 2340 5303 eorum
2404 5253 2765 5308 conversione
2830 5255 2896 5325 ad
2956 5264 3195 5324 quatuor
3258 5259 3480 5312 climata

1895 5350 2056 5397 terra:
2086 5343 2326 5400 describi
2359 5362 2713 5403 successores
2747 5361 2869 5418 post
2904 5362 3138 5406 mortem
3193 5355 3352 5421 primi
3394 5371 3480 5410 re-

1895 5439 1998 5507 gis,
2019 5449 2073 5492 et
2097 5436 2394 5506 significari
2422 5437 2616 5492 factam
2646 5442 2713 5493 ab
2729 5441 2810 5493 eis
2836 5441 3181 5497 divisionem.
3209 5444 3475 5499 Futurum

1896 5541 2078 5588 aurem
2107 5531 2276 5583 alium
2306 5547 2524 5601 quoque
2553 5534 2846 5600 quemdam
2877 5551 2942 5587 ex
2975 5537 3040 5590 iis
3071 5553 3283 5606 regem,
3316 5540 3471 5592 vultu

1897 5621 2120 5689 quidem
2178 5621 2600 5688 impudentem;
2634 5623 2892 5676 idoneum
2952 5641 3083 5678 vero
3141 5627 3206 5679 ad
3271 5627 3476 5680 intelli-

1901 5702 2076 5783 gentia
2125 5713 2464 5782 problemata
2518 5717 2652 5784 :qui
2685 5725 2739 5770 et
2771 5716 2899 5771 dolo
2937 5719 3138 5772 multos
3178 5719 3478 5785 interimet,

1903 5815 1956 5858 et
1996 5806 2162 5859 stabit
2196 5807 2262 5860 ad
2321 5807 2605 5862 interitqu
2641 5810 2943 5864 multorum
2994 5830 3006 5864 ;
3037 5811 3262 5866 bellabit
3294 5823 3478 5868 autem

1906 5901 2174 5955 adversus
2213 5909 2454 5972 gentem,
2500 5911 2555 5957 et
2594 5916 2788 5959 eorum
2820 5903 2968 5974 leges
3017 5905 3233 5958 fortiter
3283 5899 3482 5963 dissol-

3086 5999 3155 6060 13
