4180 6474
698 433 803 496 395

1995 422 2277 482 MENSIS
2308 404 2603 485 IULIUS.

3852 417 3957 478 396

698 552 790 597 vet
823 560 834 595 :
866 542 997 611 quin
1037 540 1201 595 etiam
1242 537 1506 606 templum
1529 549 1747 604 quoque
1777 531 2053 603 spoliabit,
2085 539 2140 584 et
2183 529 2277 582 de-

2392 531 2719 584 καταλύσει·
2780 531 2859 583 ἔτι
2919 548 2979 599 γε
3051 530 3156 601 μὴν
3225 530 3448 599 συλήσει
3505 530 3601 582 καὶ
3664 527 3756 581 τὸν
3810 528 3958 581 ναὸν·

698 634 832 689 lebit
862 630 1276 701 rempublicam.
1327 637 1383 682 et
1426 624 1747 696 prohibebit
1791 633 1904 677 tres
1937 636 2110 697 annos
2150 617 2270 671 ﬂeri

697 706 987 783 sacriﬁcia.
1026 723 1149 777 llaec
1176 735 1396 793 quoque
1423 720 1507 773 sic
1550 718 1689 773 facta
1736 725 1865 770 sunt
1906 722 1963 770 et
2017 712 2084 768 ad
2133 712 2271 767 effe-

699 826 848 872 ctum
905 820 1301 885 pervenerunt,
1353 809 1627 864 Antiocho
1680 807 1935 861 videlicet
1983 814 2271 875 regnante,

700 912 790 980 qui
828 910 929 962 fuit
970 906 1386 979 cognominatus
1414 901 1755 971 Epiphanes.

772 1001 914 1055 XXI.
972 999 1231 1054 Prmdixit
1284 1006 1469 1052 autem
1510 994 1628 1064 ipsa
1685 992 1873 1047 Daniel
1922 990 2110 1049 multis
2150 1001 2275 1044 ante

699 1092 1176 1165 generationibus,
1211 1105 1334 1143 cum
1375 1090 1516 1142 Deus
1555 1086 1605 1141 ei
1634 1102 1696 1140 ca
1740 1084 2094 1147 ostendisset,
2127 1092 2183 1136 et
2217 1091 2278 1135 ut

703 1189 981 1244 scriberet
1026 1184 1305 1239 eﬂ‘ecisset
1338 1200 1349 1235 :
1382 1192 1442 1235 ut
1470 1188 1525 1235 et
1558 1182 1648 1247 qui
1681 1194 1743 1233 ea
1772 1178 1984 1246 legunt,
2013 1185 2068 1230 et
2089 1176 2278 1237 ,consi-

701 1281 899 1333 derant
931 1293 993 1332 ea
1048 1292 1170 1346 quae
1197 1275 1481 1337 eveniunt,
1513 1281 1568 1327 et
1612 1271 1894 1325 Danielem
1933 1268 2280 1323 admirentur

700 1382 927 1443 prepter
958 1371 1254 1433 honorem,
1305 1384 1416 1437 quo
1447 1367 1551 1421 fuit
1597 1364 1796 1434 dignus
1838 1378 1867 1416 a
1908 1363 2019 1416 Deo
2060 1359 2278 1432 judica-

703 1476 812 1528 tus,
839 1474 895 1519 et
925 1464 1210 1518 inveniant
1261 1460 1556 1529 Epicureos
1595 1458 1698 1511 hac
1724 1457 1777 1509 in
1806 1470 1865 1508 re
1890 1454 2049 1508 valde
2073 1465 2279 1514 errare,

699 1557 793 1627 qui
844 1566 900 1610 et
957 1552 1363 1625 providentiam
1414 1566 1445 1606 e
1478 1550 1592 1604 vita
1638 1547 1944 1618 expellunt,
2001 1554 2059 1599 et
2109 1545 2278 1598 Deum

701 1666 811 1704 non
864 1658 1093 1703 οειιεθιιι
1144 1660 1330 1701 rerum
1388 1644 1754 1697 humanarum
1804 1650 1990 1692 curam
2047 1648 2279 1705 gerere:

701 1758 879 1812 neque
918 1758 945 1795 a
998 1741 1158 1795 beata
1206 1736 1471 1799 essentia,
1529 1742 1584 1787 et
1649 1732 1704 1785 in
1754 1744 1918 1801 quam
1967 1742 2077 1781 non
2136 1723 2283 1779 cadit

700 1834 982 1898 interitus,
1023 1831 1089 1887 ad
1141 1830 1246 1884 hoc
1285 1837 1345 1881 ut
1395 1825 1651 1880 universa
1682 1826 2044 1893 permaneant
2079 1816 2282 1887 guber-

2362 625 2599 691 ἀφανιεί
2640 641 2696 676 τε
2730 624 2826 694 τὴν
2871 625 3149 677 πολιτείαν
3180 624 3399 685 καὶτὰς
3433 622 3622 685 θυσίας
3656 623 3750 674 ἐπὶ
3782 622 3961 691 τρισὶν

2380 717 2558 769 ἐτεσιν
2597 717 2847 789 ἀπείρξει
2878 718 3172 771 τελεῖσθαι.
3208 716 3406 785 Γέγονε
3439 717 3537 787 μὲν
3594 718 3738 770 οὕτω
3788 716 3961 770 ταῦτα

2379 806 2473 857 καὶ
2503 806 2581 867 είς
2613 807 2769 875 ἔργον
2799 807 2981 877 ἐξέϐη,
3022 808 3297 879 Ἀντιόχου
3324 808 3461 877 δῆτα
3492 808 3585 861 τοῦ
3626 808 3961 875 Ἐπιφανοῦς

2381 896 2796 967 βασιλεύοντος.
3001 924 3004 929 ~
3270 958 3279 966 _

2453 992 2582 1044 ΚΝ.
2623 991 2861 1061 Προείπε
2887 991 2941 1043 δὲ
2969 989 3105 1042 αὐτὰ
3126 988 3327 1059 Δανιὴλ
3356 990 3582 1053 πολλαῖς
3610 990 3718 1059 ἄρα
3746 991 3961 1056 γενεαῖς

2383 1084 2676 1156 πρότερον,
2709 1083 2802 1135 τοῦ
2833 1082 2970 1135 Θεοῦ
3000 1081 3275 1147 δείξαντος
3311 1082 3462 1151 αὑτῷ
3497 1082 3669 1135 ταῦτα
3695 1084 3791 1135 καὶ
3828 1082 3966 1151 γράο

2380 1176 2481 1245 ψαι
2533 1174 3078 1244 παρασκευάσαντος,
3125 1173 3267 1226 ὥστε
3297 1175 3422 1237 τοὺς
3448 1175 3965 1242 ἀναγιγνώσκοντας

2383 1267 2477 1319 καὶ
2522 1266 2587 1319 τά
2637 1266 3012 1335 συμϐαίνοντα
3066 1262 3407 1327 σκοποῦντας
3450 1264 3756 1333 θαυμάζειν
3786 1280 3846 1317 τε
3878 1264 3966 1316 τὸν

2382 1358 2583 1427 Δανιὴλ.
2610 1358 2709 1427 τῆς
2731 1356 2921 1426 τιμῆς,
2953 1352 3021 1426 ἧς
3046 1355 3195 1420 ἄξιος
3223 1355 3415 1424 ἐκρίθη
3442 1357 3589 1425 παρὰ
3619 1354 3778 1421 Θεοῦ,
3811 1354 3967 1425 εὑρί-

2384 1467 2538 1503 σκειν
2583 1467 2640 1501 τε
2685 1456 2809 1511 τοὺς
2852 1448 3265 1517 Ἐπικουρείους
3296 1446 3549 1500 ἐντεῦθεν
3590 1447 3789 1518 κομιδῆ
3830 1446 3969 1499 πλα-

2384 1541 2683 1609 νωμένους,
2715 1539 2764 1592 οἳ
2792 1540 2892 1609 τήν
2919 1556 2975 1592 τε
3008 1538 3268 1608 πρόνοιαν
3323 1537 3646 1591 ἐκϐάλλουσι
3700 1538 3798 1591 τοῦ
3850 1537 3965 1608 βίου

2386 1635 2479 1687 καὶ
2512 1633 2645 1686 Θεὸν
2668 1633 2768 1697 οὐκ
2799 1625 3011 1698 ἀξιοῦσι
3038 1630 3144 1683 τῶν
3176 1633 3521 1702 πραγμάτων
3552 1631 3966 1701 ἐπιτροπεύειν,

2384 1724 2507 1777 οὐδὲ
2539 1724 2645 1777 ὑπὸ
2674 1721 2774 1791 τῆς
2818 1721 3100 1792 μακαρίας
3131 1722 3226 1772 καὶ
3260 1720 3791 1789 ἀφθάρτονιφύσεως
3832 1718 3969 1788 πρὸς

2386 1817 2652 1887 διαμονὴν
2718 1815 2827 1867 τῶν
2886 1814 3026 1867 ὅλων
3089 1811 3461 1882 κυϐερνᾶσθαι
3518 1810 3587 1862 τά
3651 1809 3967 1878 σύμπαντα,

703 1927 821 1981 nari
869 1926 1078 1989 omnia,
1117 1921 1364 1977 carentia
1399 1918 1587 1988 auriga
1615 1925 1671 1971 et
1705 1922 1983 1971 curatore.
2016 1909 2279 1965 Mundum

2392 1910 2619 1981 ἄμοιρον
2642 1907 2697 1960 δὲ
2723 1908 2939 1977 ἡνιόχου
2966 1907 3060 1958 καὶ
3088 1902 3432 1976 φροντιστοῦ.
3456 1901 3558 1953 Τὸν
3578 1902 3787 1969 κόσμον
3812 1900 3974 1952 αύτο-

704 2028 885 2074 autem
949 2017 1269 2071 universum
1322 2010 1516 2066 dicunt
1555 2022 1654 2063 sua
1707 2014 1902 2077 sponte
1954 2000 2085 2058 ferri
2135 2019 2148 2055 :
2199 1999 2282 2054 sic

705 2112 846 2166 male
897 2108 1204 2165 sentientes
1247 2114 1300 2160 et
1334 2104 1585 2158 dicentes
1628 2109 1817 2170 aperte
1851 2096 2036 2152 stolidi
2084 2102 2141 2150 et
2187 2108 2283 2148 ne-

701 2201 963 2261 scientes,
1002 2194 1152 2265 quod
1185 2207 1255 2247 ne
1296 2191 1453 2245 navis
1481 2188 1706 2258 quidem
1758 2186 1813 2241 in
1858 2193 2023 2254 portu
2069 2179 2283 2238 servari

700 2288 966 2361 potuerit,
1006 2284 1219 2341 defecta
1259 2281 1629 2353 gubernatore
1674 2284 1730 2334 et
1775 2276 1977 2331 nautis.
2004 2274 2113 2330 Sed
2159 2272 2284 2344 quis

703 2381 759 2436 in
804 2379 972 2433 rebus
1014 2373 1265 2430 honestis
1305 2372 1473 2427 fuerit
1512 2370 1652 2425 adeo
1692 2383 1887 2425 socors
1929 2377 1986 2421 et
2030 2366 2281 2435 ignavus,

704 2479 800 2525 aut
839 2461 1126 2522 auditores
1151 2472 1323 2518 tanta!
1365 2460 1647 2515 damnarit
1682 2457 2032 2528 negligentiae
2056 2464 2112 2509 et
2142 2469 2287 2509 som-

704 2559 989 2623 nolentize,
1021 2567 1083 2612 ut
1128 2570 1238 2610 non
1284 2553 1519 2607 aliorum
1577 2550 1745 2605 etiam
1790 2546 2106 2603 meminerit
2161 2561 2287 2616 pro-

702 2652 882 2723 phetae
920 2651 1085 2721 hujus
1118 2645 1485 2712 admirabilis,
1519 2659 1641 2714 quae
1686 2652 1742 2699 et
1793 2650 2026 2712 possunt
2058 2639 2274 2694 allicere

705 2742 1096 2807 admiratione,
1122 2748 1180 2795 et
1224 2752 1479 2809 magnam
1522 2736 1720 2791 all'erre
1769 2734 2062 2789 utilitatem
2088 2731 2288 2786 animis

707 2834 1027 2887 auditorum
1055 2830 1078 2883 ?

777 2924 946 2979 XXII.
981 2923 1113 2978 Erat
1144 2921 1295 2976 enim
1330 2928 1463 2974 tunc
1491 2917 1637 2985 apud
1666 2913 1998 2985 Babylonios
2059 2911 2290 2965 simula-

706 3031 887 3082 crum,
909 3012 1053 3083 quod
1085 3014 1139 3067 in
1172 3024 1371 3080 magno
1401 3007 1710 3061 habebatur
1734 3005 1964 3059 honore.
1992 3002 2051 3058 Ei
2085 3016 2288 3056 nomen

707 3115 830 3164 erat
859 3107 950 3161 Bel
976 3123 989 3160 :
1019 3103 1106 3159 cui
1128 3101 1297 3157 etiam
1331 3110 1591 3169 tanquam
1634 3098 1738 3153 deo
1769 3103 2151 3152 constructum
2172 3100 2292 3148 erat

714 3198 981 3269 templum
1010 3205 1067 3251 et
1097 3210 1215 3255 ara,
1278 3192 1443 3261 eique
1474 3188 1811 3259 suppeditati
1861 3186 2083 3240 fuerant
2145 3181 2281 3251 largi

711 3299 1002 3360 sumptus:
1037 3294 1093 3339 et
1117 3286 1264 3338 circa
1294 3283 1450 3335 illum
1485 3289 1607 3333 erat
1636 3279 1899 3347 frequens
1928 3276 2089 3330 turba
2115 3289 2289 3331 sacer-

710 3383 923 3437 dotum.
959 3378 1224 3446 Sumptus
1254 3387 1388 3429 vero
1418 3371 1601 3442 specie
1651 3370 1871 3441 quidem
1917 3384 1982 3424 ac
2023 3374 2288 3439 praetextu

710 3471 1210 3545 suppeditabantur
1263 3465 1450 3520 idolo:
1482 3479 1675 3519 revera
1728 3472 1912 3516 autem
1946 3461 2016 3514 ab
2058 3460 2179 3530 ejus
2203 3473 2291 3512 sa-

714 3562 1035 3621 cerdotibus
1060 3560 1294 3611 latenter
1318 3554 1808 3609 consumebantur.
1842 3552 1899 3607 Id
1934 3550 2048 3621 ipse
2072 3563 2292 3618 quoque
2334 3550 2337 3551 ⁷

713 3671 810 3709 rex
842 3650 1079 3708 colebat.
1125 3648 1177 3703 Is
1211 3653 1331 3701 erat
1360 3644 1557 3715 Cyrus,
1601 3642 1693 3712 qui
1732 3641 1894 3694 Dario
1925 3644 2288 3693 successerat.

666 3804 671 3805 γ
712 3746 818 3813 Qui
877 3743 1066 3803 etiam,
1097 3737 1359 3794 similiter
1396 3746 1563 3804 atque
1608 3734 1828 3793 Darius,
1862 3731 2127 3783 honorem
2157 3742 2293 3781 ροη-

715 3849 945 3893 servans
972 3834 1027 3885 in
1059 3828 1363 3889 Danielem,
1391 3840 1517 3879 eum
1570 3822 1810 3877 habebat
1837 3821 2213 3876 convictorem
2238 3826 2295 3873 et

713 3922 1171 3999 gloriosissimum
1217 3916 1464 3973 omnium
1516 3929 1740 3967 suorum
1781 3912 2103 3967 amicorum.
2157 3911 2295 3964 Hinc

714 4020 879 4074 etiam
908 4018 1111 4070 factum
1143 4020 1244 4074 est,
1275 4018 1335 4063 ut
1356 4009 1405 4064 ei
1433 4006 1691 4063 suaderet
1723 4014 1783 4055 ut
1819 4003 1911 4054 Bel
1939 4003 2149 4055 coleret
2175 4009 2296 4054 tan-

718 4126 881 4185 quam
922 4111 1082 4172 deum
1105 4106 1403 4159 viventem.
1433 4103 1514 4152 An
1544 4113 1653 4150 non
1682 4095 1858 4161 vides,
1912 4095 2115 4167 inquit,
2148 4092 2297 4166 quod

717 4201 914 4258 similae
950 4196 1175 4268 quidem
1227 4192 1459 4249 Artabas
1507 4189 1798 4247 duodecim
1838 4189 2110 4260 quotidie,
2162 4203 2294 4243 oves

718 4304 902 4350 autem
937 4305 1048 4345 non
1082 4286 1375 4359 pauciores
1402 4299 1566 4354 quam
1595 4280 1959 4351 quadraginta
1998 4280 2297 4335 comedat?

714 4387 835 4441 .vini
862 4397 996 4438 vero
1030 4395 1126 4435 sex
1152 4386 1294 4431 totas
1322 4375 1511 4430 ebibat
1541 4373 1838 4430 metretas?
1871 4374 1965 4429 Est
1996 4373 2102 4427 hoc
2131 4387 2293 4427 error

722 4473 1047 4530 manifestus
1078 4479 1136 4524 et
1181 4479 1371 4538 aperte
1421 4465 1692 4537 deceptio,
1731 4466 1806 4519 ait
1861 4465 1958 4519 Dei
2002 4464 2294 4534 propheta.

2389 2003 2574 2071 μάτως
2622 1999 2840 2054 ἅπαντα
2877 1996 3149 2068 φέρεσθαι
3191 1994 3434 2063 λέγουσι,
3467 1993 3651 2057 κακῶς
3678 1991 3825 2046 οὕτω
3880 1994 3975 2045 καὶ

2386 2090 2711 2162 φρονοῦντες
2757 2089 2851 2144 καὶ
2884 2089 3134 2157 λέγοντες
3174 2085 3224 2141 οί
3270 2085 3564 2159 προφανῶς
3608 2085 3833 2152 ἀνόητοι
3883 2084 3974 2137 καὶ

2384 2184 2486 2238 οὐκ
2538 2184 2763 2247 εἰδότες,
2812 2183 2888 2247 ὡς
2944 2183 3067 2235 οὐδὲ
3126 2180 3260 2244 ναῦς
3320 2180 3378 2233 ἐν
3432 2179 3612 2248 λιμένι
3673 2176 3973 2245 διασωθείη

2384 2274 2722 2345 κυϐερνήτου
2763 2273 2856 2325 καὶ
2881 2272 3097 2327 ναυτῶν
3128 2271 3357 2339 ἔρημος.
3407 2268 3570 2322 Ἀλλὰ
3594 2267 3678 2330 τίς
3710 2268 3778 2321 ἂν
3807 2268 3975 2337 ῤ’ᾴθυ-

2399 2383 2514 2435 μως
2552 2365 2694 2418 οῦτω
2734 2363 2862 2432 περὶ
2896 2363 2967 2415 τά
3021 2361 3160 2414 καλά
3208 2360 3420 2428 γένοιτο
3459 2358 3491 2429 ἢ
3528 2358 3634 2411 τῶν
3678 2358 3974 2428 ἀκροωμέ-

2387 2473 2492 2510 νων
2535 2455 2809 2526 ῥᾳθυμίαν
2838 2453 3109 2523 τοσαύτην
3157 2452 3250 2505 καὶ
3288 2451 3456 2504 ῦπνον
3490 2449 3875 2519 κατεγνωκὼς.
3902 2450 3975 2514 ὡς

2390 2547 2464 2619 μὴ
2498 2551 2590 2600 καὶ
2617 2546 2725 2599 τῶν
2754 2545 2932 2600 ἄλλων
2972 2545 3069 2598 τοῦ
3106 2540 3427 2612 θαυμαστοῦ
3460 2543 3648 2595 τούτου
3691 2544 3975 2611 προφήτου

2388 2638 2798 2707 ἐπιμνησθῆναι
2828 2638 3112 2704 θαυμάσαι
3140 2653 3197 2687 τε
3230 2634 3432 2687 ἱκανῶν
3455 2634 3622 2686 ὅντων
3646 2635 3741 2685 καὶ
3772 2630 3975 2696 πολλὴν

2387 2730 2655 2799 ὠφέλειαν
2683 2730 2801 2788 ταῖς
2829 2727 2937 2779 τῶν
2978 2712 3269 2794 ἀκροατῶν
3302 2724 3500 2792 ψυχαῖς
3523 2719 3783 2790 ἐμϐαλεῖν
3813 2718 3973 2771 δυνα-

2370 2820 2607 2897 ,μένων;

2446 2908 2590 2975 ,ΚΒἎ
2617 2904 2727 2959 Ἦν
2763 2905 2869 2976 γάρ
2897 2906 3018 2959 τότε
3048 2904 3160 2968 τοῖς
3184 2903 3547 2965 Βαϐυλωνίοις
3586 2901 3729 2956 πάνυ
3764 2900 3974 2970 σφόδρα

2390 2999 2702 3070 τιμώμενον
2736 2984 2984 3050 εἴδωλον·
3013 2996 3187 3067 ὄνομα
3244 2994 3421 3064 τούτῳ
3473 2993 3603 3064 Βὴλ,
3651 2985 3696 3061 ᾦ
3750 2992 3848 3046 καὶ
3885 2986 3973 3045 οἷα

2392 3091 2499 3161 θεῷ
2546 3090 2673 3153 ναὸς
2718 3088 3124 3143 κατεσκεύαστο
3159 3088 3254 3141 καὶ
3298 3087 3481 3156 βωμὸς
3514 3084 3749 3139 δαπάναι
3792 3101 3851 3137 τε
3885 3101 3974 3138 κε·

2397 3180 2705 3249 χορήγηντο
2750 3178 2990 3248 δαψιλεῖς
3017 3192 3032 3207 ο
3093 3179 3188 3231 καὶ
3236 3176 3390 3247 ὖχλος
3430 3178 3623 3247 ἱερέων
3665 3172 3808 3247 ἦσαν
3842 3176 3975 3244 περὶ⁵

2394 3271 2604 3326 ἐκείνου
2636 3271 2828 3339 συχνός
2857 3286 2870 3301 ·
2901 3270 2956 3324 αί
2987 3270 3227 3325 δαπάναι
3264 3270 3319 3323 δὲ
3353 3270 3629 3338 πρόφασιν
3665 3268 3766 3336 μὲν
3793 3267 3871 3335 τῷ
3900 3270 3976 3317 εί-

2392 3352 2542 3433 δὼλῳ
2572 3363 2995 3433 χορηγούμεναι,
3016 3362 3075 3414 τὸ
3103 3362 3160 3413 δὲ
3190 3361 3390 3429 ἀληθὲς
3415 3362 3525 3421 τοῖς
3552 3356 3786 3427 ἱερεῦσιν
3807 3356 3974 3411 αὐτοῦ

2393 3456 2535 3507 κατά
2562 3454 2624 3506 τὸ
2654 3452 2877 3520 λεληθὸς
2912 3450 3304 3519 δαπανώμεναι
3336 3466 3349 3479 ·
3391 3448 3550 3501 τοῦτο
3596 3448 3819 3499 ἐσέϐετο
3882 3448 3975 3500 καὶ

2394 3548 2557 3610 αὐτὸς
2585 3544 2862 3616 βασιλεὺς.
2888 3545 3069 3615 Κύρος
3100 3538 3168 3615 ἦν
3202 3538 3376 3607 οὗτος,
3411 3544 3438 3595 6
3473 3544 3561 3596 τὸν
3590 3545 3819 3612 Δαρεῖον
3859 3540 3981 3595 δια-

2394 3639 2711 3708 δεξάμενος,
2744 3638 2802 3700 ὃς
2829 3640 2939 3707 ἄρα
2984 3636 3077 3695 καὶ¹
3110 3637 3246 3709 πρὸς
3275 3638 3365 3690 τὸν
3397 3634 3595 3707 Δανιὴλ
3639 3635 3738 3707 τὴν
3785 3634 3976 3707 ὁμοίαν

2395 3729 2603 3800 Δαρείῳ
2626 3728 2908 3793 διασώζων
2931 3728 3118 3798 τιμὴν,
3148 3728 3466 3799 συμϐιώτην
3497 3744 3556 3779 τε
3587 3722 3699 3796 εἶχε
3740 3729 3837 3779 καὶ
3864 3726 3975 3778 τῶν

2395 3820 2559 3875 αὑτοῦ
2596 3822 2767 3890 φίλων
2796 3821 3197 3884 ἐπιδοξότατον.
3227 3819 3422 3870 Ἔνθεν
3472 3834 3554 3869 τοι
3605 3817 3699 3867 καὶ
3743 3816 3976 3885 παρῄνει

2397 3914 2546 3981 αὐτῷ
2577 3914 2830 3979 καθάπερ
2867 3911 2973 3978 θεῴ
3004 3910 3165 3971 ζῶντι
3195 3910 3484 3978 προσέχειν
3513 3906 3589 3977 τῷ
3623 3906 3752 3976 Βήλ.
3776 3908 3849 3959 Ἦ
3878 3910 3976 3978 οὐχ

2397 4004 2550 4073 ὁρᾷς,
2590 4003 2777 4071 φησιν,
2823 3999 2897 4063 ὡς
2933 4000 3201 4069 Ἀρτάϐας
3245 4000 3346 4070 μὲν
3378 3999 3711 4069 σεμιδάλεως
3736 3998 3978 4069 ἑκάστης

2403 4092 2617 4164 ἡμέρας
2640 4090 2991 4156 δυοκαίδεκα,
3023 4089 3270 4162 πρόϐατα
3296 4089 3432 4143 δὲού
3462 4091 3671 4161 μεῖονῆ
3708 4090 3981 4163 τεσσαρά-

2399 4203 2563 4239 κοντα
2589 4184 2781 4250 ἐσθίει,
2807 4184 2952 4238 οἴνου
2986 4182 3040 4236 δὲ
3072 4182 3131 4249 ἒξ
3159 4182 3283 4245 τοῦς
3314 4186 3527 4243 πάντας
3566 4182 3851 4252 μετρητάς
3885 4186 3979 4235 ὲκ-

2401 4278 2619 4342 πίνειν;
2658 4276 2841 4345 Ιιλάνη
2881 4275 3041 4329 τοῦτο
3078 4276 3259 4344 σαφὴς
3312 4275 3405 4326 καὶ
3435 4274 3698 4341 ἀντικρὺς
3734 4272 3980 4342 παραλο-

2404 4369 2621 4441 γισμὸς,
2649 4371 2677 4422 6
2708 4369 2801 4422 τοῦ
2832 4368 2967 4421 Θεοῦ
3001 4367 3105 4435 ἔφη
3136 4366 3425 4437 προφήτης
3449 4380 3465 4397 ·
3500 4368 3528 4418 6
3557 4367 3666 4434 γάρ
3696 4363 3849 4418 ἔνδον
3876 4364 3978 4434 μὲν

2407 4462 2597 4532 πηλὸς,
2636 4461 2835 4523 ἔξωθεν
2864 4460 2921 4513 δὲ
2972 4459 3173 4529 χαλκὸς
3214 4459 3311 4526 ὢν,
3342 4460 3458 4512 οὐτ’
3483 4460 3685 4512 ἐσθίειν
3727 4456 3852 4511 οὔτε
3889 4459 3980 4509 πί-

721 4572 858 4625 Nam
875 4564 1022 4636 quod
1040 4566 1189 4618 intus
1203 4560 1446 4629 quidem,
1471 4567 1553 4612 est
1578 4559 1778 4623 lutum,
1799 4572 1874 4612 aes
1891 4566 2073 4611 autem
2093 4558 2291 4613 extrin-

2406 4572 2518 4607 νειν
2551 4552 2795 4615 δυνατῶς
2854 4552 2989 4624 ἔχει.
3024 4551 3337 4621 Ὀργίζεται
3394 4555 3420 4607 6
3471 4552 3651 4622 Κύρος
3694 4551 3975 4615 ἀκούσας·

721 4676 904 4725 secus,
941 4670 1120 4725 neque
1150 4660 1330 4722 potest
1364 4665 1508 4716 esse,
1562 4665 1741 4718 neque
1788 4649 2003 4704 bibere.
2035 4648 2297 4703 Irascitur

724 4758 840 4811 haec
882 4753 1115 4808 audiens
1140 4748 1317 4820 Cyrus
1340 4755 1395 4801 et
1422 4745 1606 4800 statim
1642 4752 1801 4798 vocat
1831 4740 2155 4797 sacerdotes
2186 4741 2298 4795 mi-

722 4855 996 4913 naturque
1014 4854 1272 4903 mortem,
1288 4838 1392 4890 nisi
1418 4836 1507 4890 Bel
1524 4835 1907 4891 comedentem
1928 4833 2295 4889 ostenderint.

723 4940 806 4993 llli
836 4951 987 5001 vero,
1022 4932 1222 4989 Mensa:
1255 4929 1433 4989 cibos,
1464 4929 1639 4988 aiunt,
1670 4941 1924 4997 appone;
1955 4940 2057 4978 nos
2111 4932 2299 4976 autem

721 5028 1093 5100 egrediemur,
1121 5031 1178 5078 et
1213 5020 1463 5077 clavibus
1506 5032 1571 5073 ac
1608 5016 1906 5087 signaculis
1940 5016 2193 5070 obserata
2216 5014 2302 5084 .ja-

726 5136 854 5181 nua,
886 5117 1001 5171 redi
1036 5115 1126 5169 die
1174 5110 1424 5181 sequenti
1462 5128 1475 5163 :
1512 5118 1568 5164 et
1592 5109 1696 5163 nisi
1738 5108 1928 5161 omnia
1975 5111 2299 5173 consumpta

727 5209 1024 5270 inveneris,
1074 5220 1176 5259 nos
1212 5202 1361 5272 digni
1394 5202 1600 5254 erimus
1635 5199 1941 5268 supplicio;
1982 5197 2065 5250 sin
2098 5197 2299 5259 minus,

727 5298 940 5362 Daniel,
968 5295 1059 5366 qui
1091 5293 1231 5347 etde
1258 5289 1596 5354 nobis,etde
1622 5288 1740 5358 ipso
1773 5288 1876 5341 deo
1906 5295 1991 5341 est
2016 5286 2299 5339 mentitus.

728 5397 905 5460 Atque
931 5388 1105 5460 Cyrus
1134 5383 1358 5455 quidem
1399 5384 1606 5446 statim,
1644 5384 1787 5435 sicut
1844 5380 2117 5441 dixerant,
2149 5377 2304 5429 cibos

730 5483 982 5554 apposuit
1014 5498 1026 5533 :
1059 5478 1470 5536 Danielautem,
1494 5476 1575 5531 eis
1608 5472 2074 5543 imprudentibus,
2116 5470 2303 5523 cinere

732 5574 919 5642 templi
950 5572 1123 5627 solum
1153 5567 1464 5637 censpersit
1495 5586 1509 5622 :
1538 5578 1741 5622 etcum
1766 5565 1845 5619 sic
1872 5564 2036 5619 ambo
2070 5562 2304 5617 clausis-

728 5673 850 5718 seut
877 5672 932 5719 et
985 5664 1388 5732 obsignassent,
1428 5668 1801 5715 recesserunt.
1847 5656 2113 5725 Sequenti
2170 5671 2305 5709 vero

731 5758 818 5811 die
853 5756 1195 5820 accedentes,
1240 5752 1430 5805 vident
1465 5751 1693 5821 vestigia
1724 5749 2016 5803 mulierum
2069 5757 2124 5801 ct
2156 5748 2304 5801 viro-

734 5862 853 5902 rum
889 5854 942 5903 et
971 5859 1268 5917 puerorum
1297 5842 1352 5897 in
1380 5840 1587 5898 cinere.
1613 5839 1717 5909 Qui
1740 5840 1903 5895 etiam
1933 5838 2099 5907 capti,
2123 5848 2308 5893 osten-

2406 4645 2563 4701 καλεῖ
2606 4646 2922 4716 παραυτίκα
2982 4648 3109 4706 τοὺς
3160 4646 3347 4715 ἱερεῖς,
3388 4643 3601 4696 ἀπειλεί
3638 4643 3897 4707 θάνατον,
3929 4644 3980 4695 εί

2409 4739 2483 4809 μὴ
2511 4738 2851 4804 ἀποδείξαιεν
2877 4737 3123 4790 ἐσθίοντα
3152 4737 3245 4788 τὸν
3273 4736 3387 4806 Βήλ
3408 4736 3482 4787 ·οί
3509 4736 3597 4787 δέ·
3635 4736 3712 4804 Τῇ
3734 4737 3983 4806 τραπέζῃ

2406 4831 2671 4901 παράθες,
2704 4831 2935 4898 ἔφασαν,
2972 4828 3041 4881 τὰ
3084 4828 3374 4900 βρώματα,
3410 4826 3670 4898 βασιλεῦ’
3709 4827 3899 4896 ἔξιμεν
3924 4825 3983 4879 δὲ

2408 4923 2716 4993 ἡμεῖς,καὶ
2775 4921 2937 4985 αὐτὸς
2987 4920 3165 4977 κλεισὶ
3213 4924 3307 4975 καὶ
3352 4923 3616 4991 σφραγῖσι
3663 4918 3763 4990 τὴν
3808 4919 3981 4989 θύραν

2408 5014 2875 5084 ἀσφαλισάμενος,
2896 5016 3006 5084 “τὴν
3041 5013 3168 5084 ἑξῆς
3213 5013 3312 5077 ῐθι,
3346 5012 3440 5064 καὶ
3468 5013 3515 5063 εί
3549 5011 3625 5079 μὴ
3654 5010 3982 5071 καταλάϐοις

2409 5107 2734 5176 ἀνηλωμένα
2771 5109 2973 5171 πάντα,
3003 5106 3146 5171 ἄξιοι
3180 5104 3450 5175 τιμωρίας
3481 5104 3645 5173 ἡμεῖς
3667 5114 3681 5129 ·
3717 5104 3766 5155 εί
3796 5100 3840 5153 δ’
3864 5100 3976 5164 οὖν,

2408 5200 2545 5252 ἀλλὰ
2571 5197 2767 5267 Δανιὴλ
2801 5199 3037 5260 πάντως,
3072 5200 3099 5250 6
3146 5198 3244 5251 καὶ
3289 5195 3454 5250 αὑτοῦ
3512 5194 3637 5248 θεοῦ
3689 5210 3753 5261 γε
3810 5207 3981 5245 κατι-

2409 5290 2752 5358 ψευσάμενος
2782 5290 2876 5342 καὶ
2908 5288 3088 5357 ἡμῶν.
3132 5288 3314 5358 Κύρος
3348 5288 3443 5357 μὲν
3475 5284 3569 5340 οὖν
3600 5285 3741 5337 κατά
3769 5284 3860 5337 τὸν
3890 5285 3979 5336 λό-

2411 5396 2507 5446 γον
2537 5380 2644 5431 τῶν
2690 5378 2996 5449 βρωμάτων
3026 5379 3184 5440 εὐθὺς
3217 5377 3482 5448 πεποίηκε
3509 5378 3607 5446 τὴν
3634 5376 3937 5446 παράθεσιν
3964 5390 3976 5402 ·

2412 5471 2608 5543 Δανιὴλ
2640 5472 2695 5523 δὲ
2724 5470 2945 5533 τούτους
2976 5470 3173 5532 λαθὼν,
3212 5470 3408 5540 σποδιᾷ
3446 5469 3505 5520 τὸ
3532 5467 3634 5520 τοῦ.
3656 5467 3787 5520 ναοῦ
3835 5467 3870 5519 ὅ.
3914 5485 3979 5520 αν

2412 5564 2607 5632 ἔδαφος
2642 5562 2978 5615 καταπάττει
3001 5578 3013 5590 ⁸
3042 5564 3135 5612 καὶ
3158 5560 3299 5614 οὕτω
3326 5560 3635 5622 κλείσαντες
3656 5559 3978 5629 ’ἀμφότεροι

3553 5651 3609 5704 δὲ
3666 5652 3979 5721 παριόντες,

2414 5749 2535 5817 ἴχνη
2572 5746 2847 5815 γυναικῶν
2877 5744 2970 5798 καὶ
3005 5744 3211 5814 ἀνδρῶν
3248 5746 3340 5798 καὶ
3377 5744 3605 5797 παιδίων
3638 5745 3809 5813 ὁρῶσι
3842 5742 3980 5795 κατὰ

2410 5840 2510 5917 τῆς
2551 5838 2792 5901 σποδιὶς,
2843 5838 2890 5890 οἳ
2950 5838 3042 5892 καὶ
3099 5836 3392 5907 ληφθέντες
3443 5835 3535 5898 τάς
3579 5834 3825 5905 κρυπτὰς
3886 5834 3982 5884 ὑπο

2414 5657 2509 5711 καὶ
2543 5654 2946 5724 σφραγίσαντες
2982 5651 3186 5722 ῷχοντο
3211 5670 3225 5683 ’
3279 5655 3342 5721 τῇ
3378 5651 3503 5721 ἐξῆς
