4180 6474
193 456 300 519 397

1246 459 1423 517 VlTA
1463 455 1521 514 S.
1559 452 2005 513 PROPHETA‘J
2052 452 2439 514 DANIELIS.

3367 459 3471 529 393

194 566 512 622 ωείκνυσαν
539 569 794 635 εἰσόδους,
822 569 886 622 δι’
912 562 987 620 ὧν
1014 569 1268 628 εἰσιόντες
1296 565 1505 636 πρώην,
1536 565 1768 631 ἀνήλουν

1878 562 2035 617 dunt
2068 568 2317 624 occultos
2349 570 2551 635 aditus,
2589 586 2686 641 per
2709 587 2847 643 quos
2868 589 3044 644 nuper
3076 573 3469 646 ingredientes,

192 657 259 706 τὰ
290 656 666 727 προτιθέμενα
695 675 704 687 ·
740 659 909 712 ταῦτα
936 660 964 712 ὁ
993 657 1243 727 βασιλεὺς
1273 657 1415 721 ίδὼν,
1441 658 1607 727 ὀργῆς
1633 653 1772 723 ὁμοῦ

195 747 289 797 καὶ
333 748 604 818 αἰσχύνης
635 750 912 813 ὑπόπλεως
948 750 1159 818 γίνεται
1190 750 1285 804 καὶ
1317 752 1415 820 τῆς
1453 750 1613 818 μέχρι
1652 750 1773 800 τότε

192 836 661 909 δεαλανθανούσης
714 840 873 895 αὐτὸν
920 843 1135 911 ἀπάτης
1186 843 1313 904 τοὺς
1366 843 1527 911 ίερεῖς
1575 841 1778 907 ἀμυνό-

193 943 381 996 μενος.
437 930 685 995 ἅπαντας
736 932 927 995 αὐτοὺς
986 934 1216 1000 ἀναιρεῖ,
1275 930 1365 986 τὸν
1401 932 1546 984 ,ναὸν
1584 931 1639 983 δὲ
1678 928 1774 983 καὶ

190 1018 285 1071 τὸν
348 1020 463 1091 Βὴλ
529 1023 746 1077 ἔκδοτον
806 1024 886 1085 είς
934 1024 1319 1095 καταστροφὴν
1386 1024 1627 1094 παρέσχε
1692 1021 1770 1091 τῷ

190 1110 419 1177 Δανιὴλ.

262 1200 394 1255 ΚΓ.
433 1200 608 1258 Τοῦτο
638 1202 853 1271 πρῶτον
888 1194 1251 1269 Βαϐυλωνίοις
1279 1204 1307 1256 ὁ
1332 1203 1528 1275 Δανιὴλ
1567 1202 1771 1256 ἐπιδεί-

190 1290 285 1356 ξας
318 1293 677 1364 κατόρθωμα,
702 1293 915 1359 οὐδενὸς
935 1297 1045 1349 τῶν
1068 1296 1127 1349 ζν
1154 1314 1211 1349 τε
1239 1297 1452 1350 συνέσει
1482 1295 1577 1349 καὶ
1614 1295 1774 1365 ἀγχι-

186 1384 307 1453 νοίᾳ
342 1383 783 1456 θαυμαζομένων
814 1387 1247 1453 ἀπολειπόμενον
1298 1384 1421 1442 εἷτα
1467 1387 1561 1441 καὶ
1589 1385 1774 1441 δεύτε-

188 1490 284 1543 ρον
311 1474 647 1545 ἐπιτίθησινο
680 1475 742 1529 οὑ
761 1476 867 1547 γὰρ
886 1476 1043 1545 μόνον
1064 1478 1113 1530 oi
1146 1476 1467 1548 ἀναίσθητοι
1500 1469 1647 1531 οὗτοι
1680 1476 1770 1530 τὸν

185 1565 529 1636 ἀναίσθητον
571 1566 823 1630 ἐσέϐοντο
859 1567 990 1639 Βὴλ,
1029 1568 1165 1625 ἀλλὰ
1197 1570 1293 1624 καὶ
1338 1570 1608 1640 δράκοντά
1650 1586 1773 1623 τινα

187 1658 368 1725 μέγαν
399 1659 793 1730 ἑμφωλεύοντα
828 1663 960 1735 οῖκῳ
991 1664 1099 1718 τινὶ
1126 1663 1540 1735 θεραπεύοντες,
1558 1662 1633 1727 ὡς
1665 1661 1772 1733 θεῷ

184 1752 517 1817 προσεῖχον·
550 1752 714 1822 ἔργον
756 1753 915 1808 τοῦτο
970 1754 1032 1809 τὸ
1076 1755 1271 1825 νοητοῦ
1329 1755 1644 1824 δράκοντος,
1673 1754 1771 1808 τοῦ

187 1838 291 1907 μὲν
325 1838 465 1893 Θεοῦ
495 1843 607 1894 τῶν
625 1843 760 1896 ὅλων
792 1846 1048 1916 ἀφιστᾷν,
1075 1847 1250 1916 Θηρίῳ
1274 1847 1330 1899 δὲ
1362 1847 1567 1900 πείθειν
1598 1864 1772 1918 προσ-

1882 658 2299 714 ronsumebant
2342 675 2407 715 ea
2450 678 2571 731 quae
2600 666 3035 734 apponebantur.
3070 658 3194 723 Ilaec
3220 683 3344 722 cum
3373 685 3470 724 rex

1883 750 2153 816 vidisset,
2182 751 2258 806 ira
2286 753 2449 807 simul
2483 755 2724 825 repletur
2756 768 2812 812 et
2840 758 3069 827 pudore,
3091 767 3146 813 et
3193 760 3469 815 ulciscens

1880 839 2212 895 sacerdotes
2245 851 2471 912 propter
2488 861 2610 899 eam
2638 863 2758 917 quae
2787 848 2853 902 ad
2900 850 3003 904 hoc
3040 866 3211 920 usque
3241 861 3462 920 tempus

1881 930 2125 994 latebat,
2166 933 2437 997 fraudem,
2464 950 2561 991 eos
2609 953 2802 993 omnes
2863 940 3165 1003 interimit;
3204 942 3466 1012 templum

1878 1030 2078 1077 autem
2109 1032 2163 1077 et
2196 1024 2287 1079 Bel
2340 1027 2573 1094 praebuit
2598 1029 2958 1084 evertendum
2989 1028 3218 1086 Dahieli.

1959 1197 2158 1252 XXIII.
2193 1199 2328 1254 Cum
2382 1202 2569 1258 Daniel
2622 1204 2933 1276 Babyloniis
2984 1205 3090 1260 hoc
3140 1206 3465 1276 praeclarum

1876 1288 2129 1357 primum
2190 1290 2523 1346 ostendisset
2580 1293 2806 1360 factum,
2855 1296 3001 1365 quod
3047 1296 3200 1350 nullo
3240 1311 3460 1361 eorum,

1882 1393 2014 1448 quae
2066 1388 2294 1449 propter
2342 1380 2757 1451 intelligentiam
2806 1396 2862 1439 et
2892 1387 3094 1458 ingenii
3143 1401 3375 1441 acumen
3407 1386 3463 1440 iu

1882 1465 2256 1522 admiratione
2297 1468 2589 1533 habentur,
2628 1482 2712 1527 est
2759 1474 3012 1535 inferius,
3049 1475 3249 1530 deinde
3291 1475 3459 1529 etiam

1880 1559 2197 1613 secundum
2216 1560 2427 1631 adjicit.
2458 1562 2578 1617 Non
2603 1565 2779 1618 solum
2798 1570 2946 1620 enim
2998 1567 3086 1619 isti
3124 1566 3277 1619 nullo
3298 1567 3461 1634 plane

1882 1665 2054 1706 sensu
2080 1653 2315 1721 praediti,
2346 1654 2503 1709 nullo
2535 1670 2697 1710 sensu
2728 1658 3015 1727 praeditum
3043 1657 3136 1712 Bel
3159 1657 3416 1711 colebant
3442 1674 3455 1709 :

1882 1740 1984 1797 sed
2045 1741 2213 1795 etiam
2247 1757 2505 1812 magnum
2559 1747 2853 1814 quemdam
2913 1747 3232 1807 draconem,
3268 1745 3361 1815 qui
3403 1744 3459 1798 in

1880 1832 2054 1887 domo
2092 1832 2330 1902 quadam
2369 1834 2746 1900 delitescebat,
2794 1846 3054 1906 tanquam
3106 1838 3271 1891 deum
3313 1837 3459 1889 cole-

186 1930 409 1984 κεῖσθαι
439 1935 798 2005 πονηροτάτῳ
818 1952 832 1967 ’
861 1913 1291 2007 πειρᾶται-γοῦν
1318 1939 1419 1991 κάν
1447 1937 1617 2006 τούτῳ
1645 1913 1766 1991 ’Κύ-
1802 1913 1848 1972 Β
1878 1925 2037 1981 δεηί·
2072 1928 2189 1981 Ποο
2220 1942 2362 1997 opus
2390 1936 2475 1983 εει
2502 1929 2641 1998 eius:
2674 1930 2769 1999 (ἰαί
2807 1929 3172 2000 ί¹¹ῑε¹¹ίῧθ¹¹ίί³
3218 1928 3459 1998 ΡθτοῙΡῘ“

186 2036 279 2089 ρος
313 2020 411 2075 τοῦ
442 2023 647 2093 Δανιὴλ
680 2024 775 2079 καὶ
820 2025 895 2089 ὡς
934 2027 1149 2097 ἀληθῶς
1179 2028 1408 2083 ἐσθίοντι
1439 2031 1530 2083 καὶ
1556 2031 1763 2083 πίνοντι

183 2112 278 2181 καὶ
332 2113 502 2178 ζῶντι
554 2115 662 2186 θεῷ
696 2120 1018 2188 προσκυνεῖν
1053 2120 1349 2191 παρηγγύα
1374 2134 1391 2152 ο
1433 2120 1506 2173 Οὐ
1541 2120 1646 2191 γὰρ
1677 2122 1763 2185 ἂν,

182 2196 415 2268 ἔφησεν,
468 2200 601 2273 ῑχῃς
652 2207 847 2271 είπεῖν,
876 2208 955 2261 ὅτι
1011 2208 1113 2262 κᾶν
1165 2203 1321 2272 οὗτος
1370 2210 1469 2263 οὐκ
1500 2209 1615 2263 ἐστι
1648 2210 1768 2276 θεὸς

181 2285 296 2349 ζῶν
323 2304 338 2319 ⁸
378 2293 405 2342 ό
433 2290 491 2343 δέ
511 2305 531 2327 ο
564 2294 753 2363 Κυρίῳ
776 2296 854 2365 τῷ
881 2297 999 2367 Θεῷ
1057 2315 1159 2367 μου
1214 2301 1581 2369 προσκυνήσω
1602 2317 1616 2332 ο
1675 2302 1770 2371 μό-

181 2391 273 2437 νος
300 2376 413 2445 γὰρ
448 2371 607 2443 οὗτος
632 2380 848 2452 ἀληθῶς
874 2383 1002 2449 ζῶν,
1027 2384 1095 2440 δι’
1127 2380 1189 2439 οὗ
1233 2387 1417 2458 ζῶμεν
1460 2390 1555 2443 καὶ
1592 2391 1773 2445 κινού-

184 2466 331 2535 μεθα
370 2468 464 2521 καὶ
492 2470 662 2540 ἐσμέν
695 2488 707 2501 ·
739 2476 766 2526 ὁ
796 2474 852 2527 δὲ
881 2474 1099 2544 δράκων
1132 2472 1280 2541 οὗτος
1309 2480 1509 2540 ίοϐόλος
1533 2480 1653 2547 ὄφις
1678 2482 1772 2537 καὶ

183 2556 454 2627 πονηρὸς,
492 2558 853 2629 λυμαίνεσθαι
884 2564 983 2631 μὲν
1014 2564 1189 2628 είδὼς,
1219 2566 1453 2635 ὠφελεῖν
1481 2568 1536 2620 δὲ
1580 2570 1770 2623 οὐδένα

176 2647 415 2710 δυνατὸς
438 2648 540 2704 ὢν.
568 2652 629 2703 El
658 2650 702 2703 δ’
725 2652 804 2704 ὅτι
839 2653 932 2705 xui.
968 2653 1157 2725 θνητός
1191 2658 1309 2710 ὲστι
1343 2658 1545 2726 γνῶναι
1568 2659 1763 2728 θέλεις,

181 2742 284 2795 καὶ
312 2741 414 2810 τὴν
449 2740 616 2809 φύσιν
649 2741 909 2815 φθαρτὸς,
961 2745 1079 2801 ἀλλ’
1107 2750 1168 2801 οὺ
1198 2750 1303 2819 μὲν
1331 2746 1425 2805 οὖν
1463 2751 1583 2815 θεὸς
1615 2754 1771 2808 οὐδα-

184 2830 330 2899 μῶς,
365 2833 687 2904 ἐπίτρεψον,
719 2829 763 2891 ὦ
790 2836 1035 2908 βασιλεῦ,
1071 2840 1230 2908 κάγὼ
1271 2841 1459 2895 τοῦτον
1496 2845 1772 2916 μαχαίρας

180 2926 316 2980 ἄνευ
346 2925 445 2980 καὶ
484 2928 686 2999 ῥάϐδου
722 2934 1063 2989 κατακτενῶ.
1131 2934 1550 2998 Ἐπινεύσαντος
1589 2936 1681 2990 οὖν
1716 2940 1774 2990 ἐν

181 3016 364 3087 τούτῳ
418 3018 521 3072 τοῦ
577 3020 867 3090 βασιλέως,
906 3025 1107 3080 πίσσαν
1135 3026 1271 3098 ὁμοῦ
1321 3031 1419 3081 καὶ
1477 3027 1645 3098 στέαρ
1677 3030 1776 3085 καὶ

182 3110 383 3181 τρίχας
416 3112 446 3164 ό
477 3111 789 3181 θαυμαστὸς
834 3108 990 3180 οὗτος
1035 3120 1175 3189 ἀνὴρ
1223 3120 1489 3191 ἑστηκὼς,
1525 3118 1643 3178 εἶτα
1682 3125 1775 3177 καὶ

186 3195 742 3307 μάζαςλπίποιηκιῦς,
780 3206 867 3269 είς
886 3207 945 3261 τὸ
974 3209 1149 3278 στόμα
1187 3211 1396 3282 καθῆκε
1422 3215 1515 3266 τοῦ
1546 3215 1775 3283 δράκον-ι
1800 3247 1845 3307 c

178 3310 297 3356 τος.
347 3293 412 3381 ,Ὀ
438 3292 497 3346 δὲ
517 3293 709 3363 φαγὼν
731 3299 1001 3381 ῥήγνυται
1029 3307 1393 3374 παραχρῆμα.
1427 3306 1568 3376 Πρὸς
1601 3306 1770 3360 ταῦτα

180 3382 246 3434 σί-
285 3380 397 3434 τῶν
453 3382 819 3440 Βαϐυλωνίων
872 3388 1417 3461 δεισιδαιμονέστατοι
1450 3394 1663 3464 βαρέως
1696 3395 1773 3448 δι·

183 3472 530 3539 ενέγκοντες,
563 3474 644 3545 τῷ
677 3476 889 3546 βασιλεῖ
908 3495 964 3531 τε
996 3482 1302 3550 προσῆλθον
1329 3485 1424 3536 καὶ
1453 3484 1771 3551 τὸνλΔανιὴλ

183 3564 562 3635 ἐξῃτήσαντο·
596 3560 735 3635 ἦσαν
778 3567 886 3636 γὰρ
931 3569 1171 3640 ἀτέχνως
1228 3570 1332 3624 ὑπὸ
1384 3571 1479 3625 τοῦ
1529 3574 1771 3641 ἀφανοῦς

182 3655 481 3727 δράκοντος
523 3654 962 3728 ὑποϐεϐλημένοι
992 3662 1086 3715 καὶ
1116 3654 1315 3733 πολλὴν
1336 3662 1470 3733 ὅσην
1503 3665 1645 3719 κατὰ
1672 3664 1783 3718 τοῦ·

181 3748 473 3818 προφήτου
505 3747 608 3817 τὴν
637 3750 838 3819 μανίαν
861 3751 1163 3816 ὠδίνοντες.
1194 3755 1460 3825 Προσίασι
1483 3758 1664 3811 τοίνυν
1691 3758 1769 3829 τῷ

182 3838 398 3909 βασιλεῖ
423 3856 439 3873 ’
480 3841 748 3912 Παράδος
787 3846 920 3913 ἡμῖν
950 3845 1039 3897 τὸν
1063 3847 1282 3917 Δανιὴλ,
1322 3847 1570 3915 λέγοντες
1592 3866 1604 3880 ·
1647 3851 1693 3901 εί
1724 3851 1768 3902 δ’

179 3926 292 3996 οὖν,
322 3930 466 3986 ἀλλὰ
494 3946 555 3983 σε
585 3930 1011 4003 ἀποκτενοῦμεν.
1046 3936 1215 4005 Δῆλος
1241 3938 1345 4007 γὰρ
1370 3940 1633 4010 ήμῖνάπὸ
1660 3940 1768 3994 τῶν

182 4021 359 4090 ίργων
387 4019 746 4088 καθίστασαι,
782 4024 869 4078 ὅτι
916 4027 1011 4079 καὶ
1058 4027 1220 4091 αὐτὸς
1252 4029 1353 4099 ἠδη
1398 4035 1461 4086 τὰ
1500 4031 1768 4086 Ἰουδαίων

179 4114 423 4181 φρονεῖς.
464 4113 684 4185 ’Δμέλει
729 4117 824 4171 καὶ
864 4120 1199 4190 παραδίδωσι
1240 4122 1427 4176 τοῦτον
1470 4125 1548 4185 είς
1576 4127 1766 4193 χεῖρας

179 4202 361 4256 αὐτῶν
389 4206 419 4257 ὀ
451 4203 727 4275 βασιλεὺς,
764 4208 861 4278 οὐχ
884 4209 1027 4263 ἑκὼν
1054 4210 1230 4271 ἄλλως
1259 4214 1379 4269 οὐδὲ
1418 4213 1761 4284 βουλόμενος,

180 4294 524 4362 παραδίδωσι
556 4295 604 4347 δ’
630 4295 723 4349 οὖν
753 4300 902 4367 ὅμως
926 4314 940 4329 ’
967 4301 1017 4353 οί
1057 4299 1113 4353 δὲ
1143 4300 1399 4367 λάϐοντες
1430 4306 1509 4367 είς
1541 4307 1634 4359 τὸν
1659 4305 1766 4358 τῶν

177 4382 409 4439 λεόντων
439 4385 648 4440 λάκκον
675 4387 835 4454 εὐθὺς
866 4391 1121 4448 καθιᾶσιν
1140 4411 1155 4424 '
1197 4395 1338 4450 ἑπτὰ
1369 4397 1424 4451 δὲ
1449 4382 1589 4468 ἦσαν
1616 4392 1763 4451 οὗτοι

176 4476 269 4531 τὸν
304 4476 566 4549 ἀριθμὸν,
592 4471 673 4541 οἷς
705 4479 798 4534 δύο
828 4499 887 4535 τε
949 4482 1181 4552 σώματα
1239 4486 1334 4539 καὶ
1384 4487 1635 4557 πρόϐατα
1669 4489 1763 4543 δύο

1875 2026 1969 2072 tur
1994 2018 2275 2083 draconis,
2299 2021 2575 2077 abducere
2593 2021 2813 2092 quidem
2834 2038 2864 2076 a
2890 2022 3002 2076 Deo
3029 2021 3411 2076 universorum
3438 2035 3455 2074 :

1868 2110 2209 2180 persuadere
2224 2121 2432 2175 autem,
2453 2121 2513 2165 ut
2528 2114 2847 2169 adhaereant
2865 2115 3053 2169 bestiae
3082 2114 3453 2182 nequissima.

1871 2202 2142 2257 Tentatur
2195 2218 2326 2274 ergo
2375 2205 2429 2258 in
2470 2205 2574 2259 hoc
2608 2221 2832 2275 quoque
2866 2206 3061 2260 Daniel
3097 2221 3128 2261 a
3174 2205 3359 2276 Cyro:
3400 2212 3457 2259 et

1866 2291 2099 2362 iubebat
2131 2304 2191 2348 ut
2225 2309 2351 2349 eum
2386 2294 2644 2351 adoraret
2677 2304 2939 2364 tanquam
2984 2312 3113 2350 vero
3150 2297 3452 2351 comeden-

1872 2392 1982 2438 tem
2033 2394 2089 2439 et
2150 2384 2428 2442 bibentem
2478 2394 2535 2443 et
2578 2387 2857 2443 viventem
2898 2387 3082 2442 deum.
3121 2387 3242 2443 Non
3289 2398 3449 2458 potes

1871 2475 2046 2541 enim,
2065 2477 2271 2542 aiebat,
2297 2477 2483 2533 dicere
2504 2479 2651 2533 hunc
2671 2494 2778 2535 non
2811 2493 2934 2533 esse
2954 2479 3121 2533 deum
3146 2476 3451 2531 viventem.

1870 2568 1969 2621 Ille
2014 2578 2217 2632 autem,
2275 2570 2593 2634 Dominum,
2628 2570 2831 2639 inquit,
2872 2586 3054 2623 meum
3095 2570 3358 2623 adorabo.
3400 2570 3451 2623 Is

1871 2658 2018 2713 enim
2055 2669 2141 2714 est
2204 2661 2353 2715 solus
2380 2677 2515 2717 vero
2548 2661 2764 2725 vivens,
2796 2676 2895 2729 per
2931 2674 3096 2729 quem
3132 2659 3371 2713 vivimus
3391 2658 3448 2713 et

1872 2767 2160 2808 movemur
2194 2763 2251 2809 et
2279 2756 2533 2810 sumus‘.
2564 2754 2666 2811 Hic
2702 2769 2835 2810 vero
2888 2767 3120 2823 serpens
3169 2760 3253 2807 εει
3281 2752 3446 2807 draco

1873 2855 2176 2900 venenatus
2208 2854 2263 2901 et
2324 2847 2522 2913 malus,
2555 2849 2650 2916 qui
2681 2846 2786 2902 scit
2812 2844 3038 2916 quidem
3074 2858 3300 2908 nocere,
3350 2856 3445 2897 ne-

1875 2933 2007 2985 mini
2044 2943 2226 2987 autem
2265 2945 2444 3003 potest
2502 2936 2782 3004 prodesse.
2825 2933 2981 2999 Quod
3013 2934 3061 2988 si
3122 2933 3261 2989 velis
3301 2932 3445 2986 scire

1873 3034 1999 3073 eum
2027 3020 2189 3074 etiam
2213 3036 2335 3075 esse
2374 3022 2684 3087 mortalem,
2706 3030 2762 3077 et
2798 3020 2853 3075 in
2876 3036 3038 3090 quem
3080 3030 3276 3075 natura
3299 3020 3444 3076 cadit

1877 3112 2153 3181 interitus,
2189 3128 2301 3168 non
2352 3123 2537 3168 autem
2577 3117 2763 3178 deum,
2806 3114 3062 3184 permitte
3136 3127 3170 3166 0
3215 3126 3332 3178 rex,
3388 3120 3445 3165 et

1874 3220 1976 3274 ego
2018 3221 2143 3260 eum
2180 3207 2427 3261 occidam
2464 3207 2583 3261 sine
2613 3205 2794 3277 gladio
2830 3214 2884 3260 et
2914 3206 3089 3276 virga.
3139 3204 3277 3260 Cum
3313 3217 3446 3258 vero

1875 3296 1926 3349 ei
1976 3311 2071 3349 rex
2124 3298 2227 3350 hoc
2275 3298 2577 3359 annuisset,
2606 3308 2663 3350 et
2695 3299 2872 3364 picem
2909 3297 3070 3351 simul
3120 3304 3176 3349 et
3221 3295 3441 3362 adipem

1872 3394 1927 3442 et
1956 3386 2095 3456 pilos
2115 3388 2350 3442 coxisset
2372 3386 2459 3440 hic
2479 3388 2561 3441 vir
2579 3386 2942 3451 admirabilis,
2968 3396 3026 3441 et
3042 3384 3242 3441 deinde
3274 3383 3441 3438 etiam

1872 3478 2009 3534 oﬂas
2060 3479 2301 3543 fecisset,
2346 3479 2567 3533 demisit
2622 3477 2677 3532 in
2708 3493 2769 3533 os
2796 3478 3076 3534 draconis.
3130 3477 3226 3532 Ille
3256 3484 3440 3530 autem

1871 3586 1995 3625 cum
2034 3572 2383 3634 comedisset,
2444 3571 2737 3626 confestim
2794 3572 3090 3639 rumpitur.
3152 3570 3278 3623 Ilaec
3318 3583 3440 3623 cum

1870 3661 2109 3733 graviter
2150 3662 2401 3716 tulissent
2451 3662 2768 3732 quicunque
2819 3676 2887 3716 ex
2926 3660 3239 3730 Babyloniis
3286 3666 3447 3713 erant

1871 3749 2246 3821 superstitiosi
2301 3758 2357 3804 et
2420 3748 2569 3805 falsae
2627 3752 2882 3822 religioni
2929 3749 3124 3815 dediti,
3157 3740 3223 3804 ad
3260 3762 3443 3818 regem

1870 3852 2222 3898 accesserunt
2256 3854 2313 3897 et
2342 3843 2622 3912 petierunt
2654 3844 2951 3897 Danielem.
2985 3844 3151 3897 Erant
3179 3842 3325 3896 enim
3354 3856 3441 3894 re-

1871 3950 1998 3990 vera
2038 3934 2280 4004 instigati
2311 3948 2341 3987 a
2368 3933 2624 3999 dracone,
2652 3934 2746 4004 qui
2778 3950 2890 3989 nou
2945 3933 3093 3988 cadit
3146 3931 3250 3987 sub
3282 3940 3443 4000 aspe-

1870 4036 2045 4091 ctum,
2096 4025 2456 4081 et'advcrsus
2511 4026 2835 4096 prophetam
2899 4040 3154 4097 magnum
3197 4024 3440 4078 furorem

1868 4125 2257 4185 conceperant,
2298 4117 2481 4187 etjam
2526 4116 2931 4187 parturiebant.
2969 4115 3257 4170 Accedunt
3309 4114 3441 4183 ergo

1868 4209 1933 4263 ad
1977 4222 2184 4277 regem,
2215 4206 2512 4263 dicentes:
2565 4209 2743 4263 Trade
2778 4209 2939 4263 nobis
2992 4206 3310 4268 Dauielem;
3356 4204 3444 4258 sin

1868 4301 2075 4361 minus,
2118 4309 2169 4354 te
2197 4300 2535 4355 occidemus.
2568 4299 2689 4357 1am
2719 4301 2867 4355 enim
2910 4297 3071 4353 nobis
3102 4313 3168 4351 ex
3200 4296 3309 4350 tuis
3358 4294 3442 4349 fa-

1869 4396 1975 4450 ctis
1998 4393 2174 4447 evasit
2233 4391 2607 4454 manifestum,
2645 4399 2697 4445 te
2744 4404 2965 4458 quoque
3025 4388 3202 4457 ipsum
3250 4386 3444 4442 eadem

1868 4485 2078 4543 sentire
2125 4499 2247 4553 qua:
2280 4482 2477 4538 Judaei.
2518 4482 2658 4535 Eum
2694 4481 2878 4549 itaque
2910 4478 3078 4533 tradit
3114 4493 3207 4532 rex
3239 4478 3294 4530 in
3323 4491 3443 4529 ma-

166 4568 462 4652 ·ίιμερησία
493 4570 669 4639 τροφὴ
694 4572 991 4639 τετύπωτο,
1019 4576 1076 4627 ἓν
1103 4574 1162 4640 ἒξ
1189 4576 1247 4629 δὲ
1281 4578 1401 4641 ταῖς
1435 4580 1584 4642 ὅλαις
1614 4581 1753 4652 ὴμέ-

1870 4594 1967 4633 nus
2008 4592 2222 4637 eorum,
2256 4591 2365 4628 non
2399 4574 2580 4627 libens
2621 4570 2828 4639 alioqui
2864 4587 2965 4625 nec
3008 4570 3219 4632 volens,
3275 4565 3443 4621 tradit

179 4673 301 4727 ραις
334 4649 423 4719 αἷς
464 4659 493 4709 6
538 4657 746 4724 δίκαιος
773 4662 957 4729 αὐτοῖς
988 4666 1470 4737 συγκαθείργνυτο,
1497 4649 1672 4725 ἄσιτοι
1698 4671 1757 4724 τὺ

178 4751 438 4819 παράπαν
494 4750 593 4805 καί
628 4753 832 4824 τροφῆς
854 4755 1171 4825 ἡστινοσοῦν
1213 4759 1469 4826 ἄγευστοι
1507 4763 1760 4817 καταλεί-

178 4843 416 4910 φθησαν,
450 4843 542 4897 (va
592 4842 671 4915 τῷ
717 4843 858 4916 λιμῷ
919 4847 1018 4916 μὲν
1060 4848 1393 4918 πιεζόμενοι,
1434 4852 1657 4923 ᾁπάσης
1702 4854 1759 4904 δὲ

174 4932 341 5000 ἄλλης
376 4935 586 5003 τροφῆς
627 4935 980 5006 ἀποροῦντες,
1022 4939 1123 4993 κᾶν
1157 4940 1267 5011 ἔχοι
1306 4942 1427 4995 τινὰ
1467 4941 1697 5013 δύναμιν
1729 4944 1757 4995 ὁ

176 5024 465 5094 προφήτης
496 5022 789 5093 ετργουσαν
822 5028 1005 5103 αὐτοῖς
1030 5030 1128 5100 τὴν
1152 5030 1353 5102 ὁρμὴν,
1387 5032 1505 5085 ἀλλ’
1530 5030 1622 5087 οὖν
1653 5035 1758 5087 ὑπὸ

172 5116 264 5169 τοῦ
304 5115 475 5188 λιμοῦ
495 5116 819 5187 ..κινούμενοι
846 5118 1137 5191 βιαίτερον,
1176 5122 1277 5191 τὴν
1300 5123 1462 5189 γένυν
1486 5125 1637 5195 αὐτῷ
1659 5144 1753 5178 τα-

173 5205 309 5274 χέως
345 5205 657 5260 ἐπιϐάλωσι
703 5207 794 5260 καὶ
822 5208 1186 5277 λαφύξωνται.
1221 5212 1288 5264 Τί
1316 5208 1414 5267 οὖν
1459 5216 1486 5266 ὁ
1512 5216 1749 5286 Κύριοςς

172 5296 321 5366 Ἀρα
390 5301 510 5362 τοῖς
563 5299 769 5371 θηρίοις
831 5302 1009 5372 ψυχὴν
1065 5304 1567 5376 ὲξομολογουμένην
1603 5309 1759 5378 αὐτῷ,

174 5388 578 5459 παραδίδωσιν;
614 5391 827 5462 ἢσὼζει
860 5395 958 5462 μὲν
984 5397 1047 5449 ὲκ
1084 5396 1358 5465 στόματος
1387 5399 1639 5464 λεόντων,
1678 5400 1756 5470 τῷ

158 5479 313 5566 ¹λιι.ιῷ
344 5480 405 5534 δὲ
440 5482 725 5545 πιέζεσθαι
780 5485 1128 5554 καταλείπει;
1182 5488 1216 5560 ἢ
1261 5490 1469 5559 τροφὴν
1532 5491 1631 5561 μὲν
1678 5492 1758 5555 είς

174 5570 377 5640 βρῶσιν
410 5572 597 5642 ὀρέγει
639 5574 726 5629 διά
770 5596 915 5642 τινος
952 5580 1063 5633 τῶν
1094 5581 1402 5650 ἀλλογενῶν
1428 5580 1520 5635 καὶ
1560 5584 1753 5651 ἀπερι-

170 5665 429 5735 τμήτωνς
478 5663 676 5719 πολλοῦ
722 5684 783 5736 γε
836 5672 933 5724 καὶ
960 5671 1061 5738 δεῖ,
1095 5672 1211 5727 ἀλλ’
1255 5674 1343 5730 ἵνα
1401 5673 1489 5728 διὰ
1536 5676 1755 5730 πάντων

256 5852 273 5884 ⁸
317 5850 445 5906 Act.
479 5864 615 5915 xvu,
647 5849 736 5904 28.

1859 4681 2073 4725 tamen.
2098 4668 2179 4722 Illi
2211 4681 2338 4720 vero
2370 4679 2495 4720 cum
2542 4679 2668 4719 cum
2719 4661 3082 4732 accepissent,
3107 4675 3300 4714 rursus
3344 4659 3442 4713 de-

1857 4763 2091 4816 mittunt
2118 4759 2172 4813 in
2207 4758 2385 4811 lacum
2417 4755 2664 4810 leonum.
2693 4754 2734 4809 Ii
2767 4763 2925 4808 erant
2949 4762 3156 4823 septem
3186 4765 3437 4811 numero.

1858 4852 2065 4922 quibus
2084 4859 2138 4904 et
2166 4850 2276 4902 duo
2300 4863 2531 4916 corpora
2567 4856 2621 4901 et
2654 4847 2774 4900 dum
2800 4860 2930 4904 oves
2960 4844 3195 4914 singulis
3242 4841 3439 4897 diebus

1855 4950 2015 4997 crant
2046 4940 2317 5009 deputatae
2339 4936 2407 4992 ad
2428 4953 2618 4993 eorum
2642 4938 2986 4991 alimentum.
3012 4934 3119 4989 Sex
3143 4942 3325 4989 autem
3347 4943 3438 4991 .to-

1864 5033 1935 5088 tis
1965 5032 2179 5095 diebus,
2212 5030 2618 5100 quibusjustus
2650 5028 2753 5082 fuit
2784 5043 2909 5082 cum
2947 5027 3029 5081 eis
3057 5026 3325 5092 inclusus,
3352 5042 3439 5080 re-

1858 5122 1975 5177 licti
2001 5130 2127 5177 sunt
2152 5121 2568 5190 omninojcjuni
2590 5130 2645 5173 et
2666 5120 2845 5173 omnis
2870 5117 3115 5173 alimenti
3139 5126 3391 5187 expertes
3418 5135 3431 5171 :

1860 5225 1921 5268 ut
1953 5214 2091 5267 fame
2118 5211 2338 5281 quidem
2369 5210 2639 5281 oppressi,
2676 5220 2730 5264 et
2764 5210 2914 5264 omni
2943 5210 3051 5264 alio
3084 5209 3430 5276 nutrimento

1854 5315 2125 5369 carentes,
2177 5304 2391 5360 etiamsi
2445 5305 2713 5373 propheta
2748 5303 2981 5357 haberet
3034 5303 3274 5371 aliquam
3310 5302 3427 5356 vir-

1854 5407 2049 5460 tutem,
2079 5413 2199 5466 qua:
2222 5409 2414 5449 eorum
2444 5403 2661 5449 arceret
2688 5396 2976 5464 impetum,
3010 5402 3064 5445 at
3096 5392 3238 5448 fame
3272 5400 3422 5447 certe

1857 5490 2078 5560 impulsi
2099 5487 2409 5551 violentius,
2432 5487 2680 5542 maxillas
2712 5486 2967 5541 celeriter
2988 5484 3042 5538 in
3069 5498 3194 5539 eum
3220 5482 3427 5538 immit-

1861 5588 2041 5634 tcrent
2086 5593 2149 5632 ac
2182 5577 2578 5648 discerperent.
2631 5574 2772 5644 Quid
2798 5592 2930 5647 ergo
2962 5575 3266 5631 Dominus?
3294 5574 3427 5629 Tra-

1859 5673 2009 5730 ditne
2043 5673 2172 5729 feris
2209 5674 2602 5744 animam,qu:e
2627 5686 2753 5728 eum
2781 5669 3114 5727 conﬁtetur?
3134 5677 3427 5723 autservat
