4180 6474
714 447 823 517 399

714 563 933 633 quidem
960 576 1022 614 ex
1062 576 1154 614 ore
1182 562 1436 617 leonum?
1474 563 1752 629 Relinquit
1783 573 1962 617 autem
1990 579 2113 617 eum
2141 563 2282 615 fame
2315 565 2354 617 Α

717 656 1081 715 moriturum;
1110 662 1201 707 aut
1223 654 1540 708 alimentum
1558 654 1776 723 quidem
1796 656 1995 723 prmbet
2018 658 2275 713 adesum.

715 748 809 801 sed
869 762 966 815 per
1022 746 1377 815 alienigenam
1429 745 1664 814 aliquem
1706 757 1759 800 et
1794 746 2281 801 incircumcisum?

716 839 946 891 Multum
973 838 1149 892 abest.
1181 837 1285 891 Sed
1310 846 1367 889 ut
1396 852 1492 905 per
1515 837 1695 890 omnia
1728 840 2137 907 omnipotentes
2163 838 2282 906 ejus

717 927 863 980 vires
898 936 952 981 et
1018 926 1313 982 ineﬂabilis
1374 926 1750 981 misericordia
1787 929 1940 983 ﬁeret
1971 928 2281 987 manifesta.

717 1017 901 1071 divina
930 1016 1151 1086 quidem
1185 1032 1346 1069 manu
1389 1016 1757 1071 obstruuntur
1794 1032 1888 1071 ora
1920 1018 2163 1077 leonum,
2201 1017 2281 1074 vel

718 1106 968 1175 protinus
999 1108 1099 1177 ipsi
1135 1107 1347 1177 seipsos
1397 1109 1767 1176 comprimunt
1815 1123 1878 1162 ac
1926 1107 2277 1170 contrahunt,

719 1200 944 1266 angulos
1000 1200 1321 1263 subeuntes,
1351 1208 1404 1253 et
1433 1215 1534 1254 nec
1563 1214 1779 1254 sacrum
1833 1214 2031 1268 corpus
2058 1199 2282 1253 omnino

718 1290 987 1347 audentes
1007 1294 1273 1362 attingere
1302 1309 1315 1345 :
1353 1292 1447 1346 sed
1481 1303 1737 1363 tanquam
1758 1292 1980 1362 quidam
2013 1293 2281 1351 satellites

2012 447 2297 509 MENSIS
2328 448 2625 511 IULIUS.

2386 562 2501 612 τότε
2554 562 2963 629 παντοδύναμον
2996 563 3160 616 αὖτοῦ
3218 563 3319 633 τῆς
3375 565 3553 635 ίσχυος
3608 567 3701 621 καὶ
3745 568 3809 621 τὸ
3848 570 3956 621 τῶν

2389 655 2688 727 οἰκτιρμῶν
2725 656 3035 726 ἀπόρρητον
3073 656 3384 726 καταφανὲς
3417 658 3661 727 γένηται,
3710 663 3954 731 ἐμφράτ-

2389 763 2539 798 τεται
2571 746 2669 814 μὲν
2698 745 2819 816 Θείᾳ
2852 748 3078 817 παλάμῃ
3108 747 3334 801 λεόντων
3366 749 3630 819 στόματα,
3666 752 3870 819 μᾶλλον
3904 753 3958 805 δὴ

2391 836 2484 886 καὶ
2517 836 2653 905 πρὸς
2688 837 2919 898 ἑαυτοὺς
2950 836 3329 890 συστέλλονται
3357 840 3477 901 ταῖς
3506 840 3733 906 γωνίαις
3781 858 3955 911 παρα-

2390 926 2637 995 δυόμενοι
2684 927 2777 980 καὶ
2811 928 2937 995 μηδ’
2964 928 3098 990 ὅλως
3137 929 3281 999 ἱεροῦ
3316 929 3567 1000 σώματος
3598 931 3959 1001 παραψαῦσαι

2390 1018 2721 1086 τολμῶντες,
2757 1019 2869 1073 ἀλλ’
2901 1006 3089 1091 ῶσπερ
3118 1021 3406 1092 δορυφόροι
3429 1021 3572 1083 τινὲς
3606 1020 3751 1074 εὖνοί
3777 1038 3837 1073 τε
3869 1026 3957 1075 καὶ

2392 1109 2703 1161 πιστότατοι
2727 1110 2817 1162 τὸν
2840 1111 3050 1163 ἑαυτῶν
3065 1111 3419 1179 φυλάττοντες
3438 1112 3683 1181 βασιλέα,
3705 1111 3800 1166 καὶ
3824 1112 3959 1180 μηδὲ

2393 1198 2484 1251 τοῦ
2515 1199 2672 1268 λιμοῦ
2710 1201 3013 1270 μνησθῆναι
3067 1202 3171 1255 ὑπὸ
3226 1201 3322 1256 τοῦ
3372 1202 3759 1273 περικειμένου
3810 1201 3961 1263 δέους

2395 1293 2575 1353 αὐτοῖς
2604 1292 3076 1362 συγχωρούμενοι.

716 1381 965 1438 benevoli
1018 1400 1081 1437 ac
1122 1384 1327 1445 ﬁdeles,
1362 1400 1521 1439 suum
1570 1399 1752 1453 regem
1788 1385 2186 1452 custodientes,
2230 1390 2287 1438 et
2326 1398 2467 1454 quos
2525 1399 2626 1437 nec
2692 1384 2849 1438 famis
2881 1384 3102 1453 quidem
3132 1386 3447 1442 meminisse
3471 1386 3709 1455 sinebat,
3740 1388 3962 1458 quieos

718 1476 968 1542 urgebat,
999 1489 1197 1531 metus.

789 1568 976 1623 XXIV.
1036 1569 1165 1621 Erat
1224 1579 1405 1624 autem
1449 1571 1588 1625 alius
1619 1572 1840 1641 quidam
1906 1573 2169 1642 propheta
2228 1574 2285 1628 in

716 1660 923 1714 Iudaea.
957 1660 1005 1714 Is
1038 1668 1155 1714 erat
1179 1676 1334 1716 sacer
1358 1661 1634 1729 Habacuc,
1667 1680 1829 1734 quem
1856 1665 1969 1719 scio
1992 1665 2126 1721 satis
2165 1675 2283 1719 om-‘

719 1754 881 1806 nibus
916 1769 1035 1809 esse
1086 1766 1297 1809 notum.
1330 1756 1379 1811 ls
1403 1772 1553 1826 ergo,
1605 1773 1727 1811 cum
1783 1772 1977 1827 panem
2032 1758 2085 1812 in
2131 1758 2284 1813 disco

720 1847 1136 1901 comminuisset
1168 1858 1221 1901 ct
1245 1850 1335 1919 jus
1358 1850 1405 1902 ei
1441 1850 1776 1916 immisisset,
1805 1851 1992 1903 abibat
2024 1860 2083 1903 ut
2118 1851 2285 1905 ferret

2460 1574 2587 1626 ΚΝ.
2617 1566 2810 1625 Ἦνδὲ
2842 1586 2925 1633 τις
2954 1569 3114 1633 ἄλλος
3140 1570 3426 1640 προφήτης
3448 1571 3507 1622 ὲν
3553 1572 3805 1642 Ἰουδαία,
3833 1572 3860 1624 ὀ
3896 1574 3963 1625 is-

2387 1665 2479 1735 ρος
2514 1664 2837 1734 Ἀμϐακοὺμ
2868 1660 3042 1726 οὗτος,
3074 1663 3445 1738 ὃνίγνῶριμον
3481 1658 3620 1714 εἶναι
3660 1666 3829 1717 πᾶσιν
3865 1667 3965 1718 ἑπ-

2388 1757 2614 1823 ίσταμαι
2642 1770 2655 1783 ’
2701 1748 2857 1817 οὗτος
2892 1750 2985 1807 οὖν
3019 1755 3216 1822 ἄρτους
3265 1754 3321 1805 ὲν
3353 1755 3543 1805 πίνακι
3576 1753 3883 1823 διαθρύψας
3910 1755 3967 1806 τὸ

2382 1844 2572 1915 ἓψημά
2618 1862 2677 1897 τε
2725 1844 2937 1908 τούτοις
2989 1844 3286 1912 ἐπιϐαλὼν,
3341 1845 3510 1915 ἀπῄει
3562 1844 3805 1913 κομίζων
3855 1846 3965 1906 τοῖς

721 1939 785 1992 ad
840 1955 1145 2004 messores;
1179 1949 1295 1993 erat
1328 1941 1475 1994 enim
1514 1949 1731 2009 tempus
1770 1941 1997 1995 aestatis.
2048 1942 2288 2010 Angelus

2405 1937 2674 2005 θερισταῖς
2711 1937 2923 2005 (θέρους
2955 1938 3061 2007 γὰρ
3100 1932 3167 2007 ἦν
3194 1940 3220 1989 ό
3247 1937 3480 2006 καιρός),
3513 1936 3744 2005 ἄγγελος
3770 1937 3826 1989 δὲ
3862 1938 3969 1990 Κν-

720 2042 899 2087 autem
939 2033 1156 2087 Domini
1184 2034 1232 2088 ei
1269 2033 1542 2103 apparuit,
1577 2034 1817 2103 etjussit
1869 2048 1994 2087 eum
2045 2032 2095 2087 id
2144 2032 2290 2086 ferre

720 2125 1050 2195 Babylonem
1078 2124 1143 2178 ad
1172 2125 1470 2180 Danielcm.
1504 2124 1639 2178 Cum
1667 2124 1713 2176 is
1741 2138 1870 2177 vero
1892 2122 2286 2193 ignorantiam,

721 2226 774 2268 et
800 2231 917 2271 esse
941 2218 1234 2270 maximum
1260 2216 1403 2284 quod
1430 2215 1717 2270 intercedit
1743 2216 2006 2283 spatium,
2037 2223 2092 2269 et
2121 2229 2287 2284 quam

724 2305 943 2360 dimcile
989 2316 1134 2362 esset
1168 2308 1517 2377 imperatum,
1550 2308 1873 2376 adduceret,
1906 2310 2160 2379 protinus
2190 2325 2291 2364 an-

725 2400 878 2467 gelus
908 2414 1117 2453 comam
1154 2400 1347 2468 capitis
1370 2401 1757 2470 apprehendit,
1779 2410 1834 2454 et
1854 2404 2130 2454 momento
2153 2404 2292 2453 tem-

725 2490 876 2558 poris
907 2490 1114 2560 impetu
1173 2492 1429 2546 ducentis
1464 2492 1690 2561 spiritus
1717 2507 1993 2562 expansus
2018 2492 2166 2546 stetit
2197 2507 2291 2545 su-

725 2597 824 2650 per
875 2582 1050 2637 lacum
1104 2600 1115 2634 :
1153 2591 1208 2637 et
1241 2584 1533 2653 appellavit
1567 2585 1660 2639 Dei
1696 2585 1959 2648 vinctum,
1995 2595 2050 2639 et
2106 2584 2244 2638 dixit
2278 2602 2290 2638 :

725 2672 927 2741 Accipe
973 2675 1113 2728 hanc
1165 2689 1397 2741 ccenam,
1428 2691 1589 2744 quam
1622 2676 1765 2730 Deus
1804 2675 1870 2729 ad
1920 2685 1970 2729 te
2004 2677 2172 2739 misit,
2215 2675 2291 2729 tui

728 2782 979 2835 magnam
1007 2782 1193 2821 curam
1223 2782 1439 2837 gerens.
1475 2768 1599 2823 Haec
1631 2768 1906 2824 Habacuc.
1942 2770 2169 2839 Magnus
2195 2785 2293 2821 au-

729 2864 837 2910 tem
876 2859 1060 2912 Daniel
1116 2860 1170 2912 in
1223 2860 1554 2914 contritione
1602 2862 1829 2930 spiritus
1867 2869 1922 2914 et
1986 2860 2295 2913 humilitate

730 2949 924 3003 animae
957 2968 968 3002 :
1000 2950 1244 3004 Meminit
1275 2966 1407 3005 vero
1448 2952 1553 3005 mei
1585 2952 1750 3015 Deus,
1788 2951 2088 3020 respondit,
2119 2949 2297 3004 ﬁdelis

730 3055 835 3093 vox
895 3050 976 3098 est
1038 3057 1226 3096 revera
1282 3041 1491 3103 famuli.
1531 3043 1805 3112 quomodo
1850 3042 2029 3096 bonus
2077 3057 2296 3111 quoque

732 3129 997 3183 Dominus
1022 3130 1144 3200 ejus
1168 3144 1355 3184 curam
1382 3132 1538 3200 gerit.
1567 3132 1794 3196 Deinde,
1825 3147 1947 3186 cum
1974 3133 2293 3200 accepisset,

736 3222 975 3276 comedit
1010 3240 1023 3275 :
1058 3223 1172 3292 ipse
1201 3228 1384 3277 autem
1419 3224 1698 3284 lIabacuc,
1728 3238 1851 3277 cum
1882 3224 2074 3276 eadem
2107 3237 2296 3275 rursus

2397 2029 2516 2099 ρίου
2559 2030 2866 2097 ἐπιφανεὶς,
2921 2029 3285 2099 μετακομίσαι
3333 2029 3493 2081 τοῦτο
3543 2030 3617 2091 εἰς
3669 2028 3968 2081 Βαϐυλῶνα

2392 2122 2470 2192 τῷ
2505 2122 2705 2191 Δανιὴλ
2750 2122 3050 2175 ὲπέταττε’
3098 2120 3191 2173 τοῦ
3233 2120 3290 2172 δὲ
3339 2120 3437 2191 τὴν
3490 2120 3713 2187 ἄγνοιαν
3767 2119 3866 2173 καὶ
3914 2120 3970 2172 τὸ

2395 2210 2653 2281 πάμπολυ
2684 2205 2826 2262 εἶναι
2856 2210 2916 2260 τὸ
2952 2208 3156 2277 μεταξὺ
3199 2208 3477 2277 διάστημα
3504 2209 3563 2259 τὸ
3596 2209 3884 2277 ἀμήχανόν
3910 2225 3968 2260 τε

2397 2301 2840 2374 προϐαλλομένου
2898 2299 2991 2353 τοῦ
3039 2300 3436 2369 ἐπιτάγματος,
3474 2299 3670 2351 αὐτίκα
3702 2299 3841 2367 πρὸς
3880 2301 3970 2351 τοῦ

2397 2396 2630 2463 ἀγγέλου
2681 2396 2780 2464 τὴν
2833 2395 3009 2463 κόμην
3065 2394 3431 2464 ἑπιληφθῆναι
3475 2394 3574 2462 τῆς
3618 2393 3867 2462 κεφαλῆς
3914 2396 3971 2445 ὲν

2398 2489 2597 2558 ἀκαρεῖ
2624 2506 2683 2541 τε
2715 2485 2792 2557 τῷ
2830 2483 2993 2556 ῥοίζῳ
3015 2484 3108 2539 τοῦ
3141 2487 3364 2552 ἄγοντος
3390 2485 3703 2554 πνεύματος
3730 2487 3971 2540 ἐκπεταο

2400 2580 2599 2634 σθέντα
2633 2578 2818 2632 ἐπάνω
2844 2578 3035 2646 στῆναι
3062 2577 3155 2631 τοῦ
3176 2578 3379 2631 λάκκου
3407 2580 3499 2632 καὶ
3527 2577 3969 2659 προσαγορεῦσαι

2398 2671 2488 2723 τὸν
2544 2670 2763 2740 δέσμιον
2823 2671 2941 2722 ἐκεῖ
2974 2673 3067 2722 τοῦ
3129 2669 3300 2723 Θεοῦο
3342 2672 3436 2723 καὶ
3488 2670 3637 2735 δέξαι
3701 2670 3859 2723 τουτὶ
3911 2671 3971 2723 τὸ

2397 2760 2632 2825 δεῖπνον,
2666 2762 2869 2824 εἰπεῖν,
2912 2762 2938 2813 ὁ
3003 2760 3131 2821 Θεός
3188 2778 3268 2812 σοι
3326 2761 3467 2830 μάλα
3534 2761 3830 2830 κηδόμενος
3889 2762 3970 2827 ἑξ-

2401 2852 2712 2907 απέστει).ε.
2738 2850 2921 2905 Ταῦτα
2952 2853 2980 2904 ό
3017 2852 3361 2921 Ἀμὸακούεμ
3404 2852 3462 2903 '0
3486 2852 3654 2920 μέγας
3688 2854 3743 2905 δὲ
3773 2852 3970 2923 Δανιὴλ

2401 2945 2459 2996 ἐν
2520 2942 2777 3013 συντριϐῇ
2847 2945 3155 3011 πνεύματος
3213 2944 3306 2996 καὶ
3364 2941 3695 2995 ταπεινώσει
3752 2941 3969 3011 ψυχῆς·

2414 3036 2687 3105 Ἐμνήσθη
2737 3036 2794 3087 δέ
2844 3053 2941 3104 μου
2980 3036 3007 3086 ὸ
3057 3034 3209 3096 Θεός,
3252 3035 3584 3104 ἀπεκρίνατο
3610 3047 3624 3061 ⁸
3660 3032 3857 3085 πιστοῦ
3899 3032 3975 3103 τῷ

2401 3128 2514 3181 ὄντι
2572 3128 2899 3200 θεράποντος
2961 3128 2994 3197 ἡ
3045 3126 3214 3195 φωνὴ,
3251 3126 3438 3196 ὥσπερ
3479 3127 3587 3197 ἄρα
3622 3126 3735 3203 ,καὶ
3766 3125 3973 3192 ἀγαθοῦ

2404 3221 2675 3274 Δεσπότου
2703 3222 2733 3290 ἡ
2758 3220 2890 3287 περὶ
2924 3219 3083 3272 αὐτὸν
3112 3218 3336 3286 πρόνοια
3362 3234 3378 3249 ο
3418 3212 3534 3269 εἶτα
3559 3216 3655 3269 καὶ
3680 3209 3975 3285 δέξάμενος

736 3312 939 3367 virtute
975 3312 1107 3365 illud
1139 3314 1464 3367 immensum
1523 3314 1909 3368 transvolasset
1953 3312 2211 3382 spatium,
2248 3312 2302 3383 (ο

2409 3308 2640 3377 ἔφαγενο
2678 3289 2917 3363 αὑτὸνδὲ
2949 3308 3291 3377 παραχρῆμα
3327 3306 3419 3357 τὸν
3458 3306 3784 3373 Ἀμὸακοῦμ
3818 3305 3975 3366 αὖθις

738 3407 1097 3469 celeritatem,
1120 3420 1152 3461 0
1170 3407 1409 3461 divinam
1436 3407 1837 3476 pernicitatem)
1864 3417 2142 3461 momento
2167 3416 2305 3461 tem-

737 3498 890 3566 poris
914 3496 987 3550 ita
1040 3511 1139 3550 suo
1167 3497 1269 3550 fuit
1297 3498 1419 3549 loco
1453 3498 1760 3561 restitutus,
1787 3506 1848 3549 ut
1891 3498 2132 3549 nondum
2161 3512 2304 3565 prm-

742 3588 981 3644 teriisset
1008 3588 1139 3642 hora
1175 3586 1387 3658 prandii
1421 3588 1773 3642 messoribus.
1814 3588 1990 3657 Atque
2034 3587 2137 3640 hoc
2179 3586 2304 3656 qui-

740 3681 864 3735 dem
890 3696 1013 3735 cum
1039 3681 1110 3734 sit
1142 3682 1301 3749 plane
1330 3681 1512 3753 solius
1526 3681 1615 3734 Dei
1642 3695 1779 3748 opus
1803 3686 1857 3732 et
1881 3679 2000 3748 ejus
2028 3678 2309 3731 immensa:

742 3773 1025 3839 potentiae,
1055 3773 1229 3839 majus
1258 3788 1320 3825 ex
1366 3786 1423 3825 se
1469 3772 1633 3825 habet
1664 3772 2013 3835 miraculum,
2049 3786 2213 3840 quam
2248 3778 2309 3823 ut

745 3863 796 3916 id
853 3868 1023 3933 possit
1071 3861 1290 3933 assequi
1342 3877 1523 3917 sermo
1555 3863 1634 3916 vel
1681 3861 1965 3930 cogitatio.
2012 3862 2185 3931 Atque
2215 3876 2309 3916 sex

743 3958 962 4026 quidem
995 3956 1112 4011 dies
1142 3956 1221 4011 sic
1252 3957 1609 4018 transierunt,
1647 3953 1927 4008 Danielcm
1950 3953 2003 4006 in
2028 3953 2147 4007 lacu
2179 3967 2309 4006 con-

744 4062 1044 4107 servantes.
1078 4052 1249 4121 Cyrus
1281 4062 1459 4105 autem
1487 4051 1719 4119 septimo
1749 4051 1836 4105 die
1869 4048 2023 4112 abiit,
2076 4056 2133 4102 ut
2172 4046 2310 4101 ami-

745 4159 868 4197 cum
894 4145 1005 4215 jam
1043 4144 1253 4213 lugeret
1282 4152 1581 4196 mortuum.
1608 4140 1743 4195 Cum
1780 4156 1910 4193 vero
1944 4141 2308 4209 despexissct,

744 4251 801 4292 et
834 4239 1055 4292 vidisset
1090 4239 1267 4307 ipsum
1297 4238 1577 4291 sedentem
1604 4236 1657 4289 in
1687 4235 1805 4289 lacu
1837 4233 2089 4295 illaesum,
2116 4247 2311 4302 magna

747 4346 880 4386 voce
911 4329 1153 4384 laudavit
1184 4331 1353 4383 Deum
1383 4342 1563 4381 rerum
1593 4325 2022 4389 admirabilium,
2060 4333 2115 4377 et
2142 4323 2316 4393 magis

748 4439 912 4492 quam
947 4424 1098 4491 prius
1121 4421 1355 4480 Darius;
1387 4430 1441 4473 et
1480 4419 1631 4471 illum
1690 4418 1909 4485 quidem
1948 4418 2097 4472 illinc
2152 4434 2313 4486 quam

750 4516 988 4582 primum
1017 4514 1254 4567 extraxit
1294 4529 1306 4563 :
1340 4526 1434 4564 eos
1462 4518 1667 4573 autem,
1694 4510 1786 4576 qui
1850 4509 1900 4562 ei
1939 4518 2142 4562 temere
2175 4507 2317 4560 invi-

2404 3403 2471 3471 τῇ
2500 3400 2637 3469 αὐτῇ
2693 3399 2919 3468 δυνάμει
2968 3398 3028 3451 τὸ
3083 3397 3276 3469 μυρίον
3325 3398 3501 3449 ὲκεῖνο
3550 3395 3849 3466 διάστημα,
3902 3397 3981 3451 δι-

2407 3492 2657 3546 απτάντα
2688 3489 2754 3561 (ὣ
2779 3489 2871 3543 τοῦ
2899 3489 3117 3560 τάχους,
3142 3488 3186 3541 ὣ
3213 3489 3312 3558 τῆς
3345 3488 3493 3565 θεέας
3514 3486 3769 3557 ὀξύτητος
3797 3489 3810 3541 ι
3834 3495 3854 3557 )
3891 3486 3980 3541 οὔ·

2406 3599 2515 3645 τως
2568 3584 2625 3634 ὲν
2657 3583 2789 3651 ῥιπῇ
2852 3580 2988 3649 πρὸς
3022 3579 3112 3633 τὸν
3145 3581 3347 3631 οἰκεῖον
3390 3566 3739 3649 ἀνασωθῆναι
3789 3579 3977 3643 τόπον,

2406 3672 2482 3734 ὡς
2530 3671 2604 3740 μὴ
2649 3670 3093 3740 παρελκυσθῆναι
3143 3669 3242 3736 τὴν
3275 3668 3423 3738 ῶραν
3462 3669 3555 3721 τοῦ
3600 3670 3828 3739 ἀρίστου
3870 3673 3984 3734 τοῖς

2411 3763 2687 3833 θερισταῖς
2714 3778 2727 3792 ’
2760 3763 2916 3813 τοῦτο
2950 3761 3048 3829 μὲν
3077 3758 3172 3813 οὖν
3203 3761 3365 3829 μόνον
3413 3760 3667 3829 καθαρῶς
3715 3761 3881 3830 ἔργον
3925 3762 3985 3817 ὃν

2410 3855 2502 3909 τοῦ
2558 3853 2693 3907 Θεοῦ
2756 3854 2849 3906 καὶ
2905 3853 3005 3923 τῆς
3056 3852 3469 3921 παντοδυνάμου
3505 3852 3701 3923 ῥοπῆς,
3755 3853 3985 3907 αὐτόθεν

2410 3948 2525 4016 εχει
2558 3947 2617 3998 τὸ
2646 3945 2831 4015 θαῦμα
2860 3946 2892 4017 ἢ
2927 3944 3241 4012 κατὰλόγον
3267 3945 3360 3997 καὶ
3384 3942 3597 4013 φρενῶν
3627 3944 3881 4015 δύναμιν.
3920 3944 3986 3997 Ἦ

2413 4039 2544 4104 ἕκτη
2583 4038 2679 4105 μὲν
2724 4035 2815 4087 οὖν
2868 4035 3047 4097 οὕτως
3091 4037 3432 4105 ἐπεραίνετο,
3461 4035 3791 4105 τὸν’Δανιὴλ
3822 4039 3882 4089 ιν
3911 4035 3987 4105 τῷ

2415 4128 2603 4197 λάκκῳ
2631 4125 2983 4196 διατηροῦσα.
3010 4124 3189 4197 Κύρος
3211 4125 3265 4178 δὲ
3292 4128 3354 4196 τῇ
3377 4124 3581 4199 ἐϐδόμῃ
3617 4125 3784 4195 ἀπῄει
3807 4126 3884 4188 ὡς
3906 4143 3990 4179 τε-

2418 4216 2651 4286 θνηκότα
2693 4217 2794 4287 ἤδη
2829 4217 2920 4268 τὸν
2962 4214 3113 4284 φίλον
3154 4216 3474 4287 πενθήσωψ
3521 4214 3769 4284 ἐγκύψας
3810 4213 3867 4267 δὲ
3898 4216 3991 4268 καὶ

2422 4311 2544 4363 ἰδὼν
2574 4311 2735 4363 αὑτὸν
2762 4311 2818 4362 ἐν
2844 4310 2918 4379 τῷ
2940 4311 3128 4379 λάκκῳ
3159 4309 3468 4378 καθήμενον
3503 4308 3737 4377 ἀδλαόῆ,
3776 4307 3991 4378 μεγάλῃ

2419 4404 2570 4471 φωνῇ
2609 4402 2698 4454 τὸν
2729 4401 2836 4453 τῶν
2880 4399 3199 4468 θαυμασίων
3241 4399 3397 4467 ὕμνει
3429 4398 3563 4450 θεὸν
3590 4400 3684 4449 καὶ
3723 4396 3990 4467 μᾶλλονῆ

2421 4494 2645 4560 Δαρεῖος
2678 4491 2737 4541 τὸ
2770 4491 3036 4559 πρότερον
3058 4506 3071 4520 ·
3106 4490 3199 4541 καὶ
3233 4490 3325 4540 τὸν
3362 4486 3463 4556 μὲν
3504 4485 3715 4538 ἐκεῖθεν
3744 4485 3994 4538 ἀνείλκυ-

749 4608 973 4671 debant,
1026 4604 1288 4660 continuo
1320 4602 1542 4656 demisit
1602 4599 1948 4656 devorandos
1985 4615 2013 4653 a
2042 4598 2313 4653 leonibus.

2427 4599 2517 4635 σεν
2552 4582 2610 4637 ἐν
2658 4580 2861 4652 σπονδῇ
2890 4596 2904 4610 ·
2955 4582 3083 4643 τοὺς
3100 4579 3168 4631 δὲ
3206 4579 3382 4648 μάτην
3416 4576 3563 4647 αὑτῷ
3601 4576 3995 4647 βασκαίνοντας

752 4696 842 4753 Sic
903 4697 1161 4751 etiamin
1203 4695 1459 4765 gentibus
1517 4694 1872 4765 cognoscitur
1912 4693 2055 4747 Deus
2112 4692 2318 4761 judicia

754 4790 981 4851 faciens,
1016 4797 1074 4840 ut
1108 4788 1159 4839 in
1194 4786 1455 4855 operibus
1484 4798 1752 4837 manuum
1794 4785 2037 4852 ipsorum
2073 4798 2321 4850 compre-

757 4879 1071 4935 hendantur
1118 4886 1459 4947 peccatores,
1495 4874 1793 4947 providens
1825 4873 1986 4926 modo
2029 4871 2314 4926 inell‘abili.

758 4974 881 5027 Fuit
924 4988 1054 5041 ergo
1101 4980 1285 5039 postea
1320 4970 1507 5023 Daniel
1545 4977 1599 5023 et
1632 4967 1773 5035 regis
1809 4967 2111 5027 convictor,
2145 4965 2318 5018 ιιοηοο

760 5080 983 5133 remque
1016 5071 1077 5117 et-
1104 5062 1330 5131 gloriam
1365 5062 1509 5128 apud
1537 5061 1716 5127 ipsum
1746 5067 1830 5111 est
1862 5065 2193 5111 consecutus
2227 5070 2287 5107 su
2310 5081 2322 5090 -

758 5172 852 5223 pra
878 5168 1068 5210 omnes
1096 5154 1212 5222 cjus
1242 5152 1460 5205 amicos.

829 5337 991 5391 XXV.
1025 5334 1127 5392 Sed
1157 5346 1212 5389 et
1240 5348 1431 5388 rursus
1464 5332 1801 5387 admirabilis
1834 5330 2019 5385 Daniel
2064 5332 2339 5383 consueta

760 5430 989 5491 faciens,
1022 5439 1078 5483 et
1124 5442 1485 5497 perseverans
1521 5426 1573 5478 in
1625 5424 1691 5478 ab
1737 5425 1893 5477 initio
1924 5432 2103 5490 erepta
2153 5421 2325 5475 absti«

765 5525 967 5582 nentia,
996 5536 1187 5575 rursus
1224 5521 1423 5574 talibus
1471 5518 1665 5585 dignus
1695 5526 1777 5570 est
1813 5516 2031 5569 habitus
2081 5523 2327 5570 conteru-

763 5615 1118 5687 platiouibus.
1148 5613 1247 5667 Fui
1273 5615 1438 5670 enim,
1467 5611 1644 5679 inquit
1668 5611 1777 5669 ille,
1815 5618 1923 5661 tres
1956 5609 2167 5662 dierum
2200 5608 2332 5662 heb-

766 5708 1027 5761 domadas
1087 5705 1358 5776 jcjunans.
1396 5702 1594 5756 Panem
1622 5704 1767 5754 enim
1792 5700 2188 5755 desideriorum
2217 5716 2326 5754 non

762 5800 997 5864 comedi,
1029 5808 1083 5852 et
1109 5813 1234 5852 caro
1263 5806 1317 5851 et
1354 5797 1539 5849 vinum
1566 5810 1672 5847 non
1696 5792 1917 5846 intravit
1946 5795 1997 5847 iu
2021 5809 2081 5847 os
2105 5809 2282 5846 meum
2314 5811 2325 5845 :

764 5904 819 5952 et
876 5902 1152 5964 unguento
1187 5905 1295 5945 non
1336 5889 1413 5944 fui
1446 5896 1668 5953 unctus,
1704 5886 1876 5941 donec
1905 5886 2110 5956 impleti
2149 5892 2331 5945 essent

2426 4676 2651 4746 ἑτοίμην
2689 4676 2849 4737 εὐθὺς
2881 4677 2992 4737 τοῖς
3024 4674 3207 4725 λέουσι
3254 4670 3462 4740 καθῆκε
3514 4668 3680 4739 βοράν
3707 4685 3720 4698 ’
3753 4668 3899 4721 οὕτω
3931 4667 3995 4736 δὴ

2424 4768 2529 4819 κάν
2561 4768 2673 4828 τοῖς
2712 4764 2891 4815 ἔθνεσι
2922 4762 3251 4831 γινώσκεται
3289 4760 3494 4829 Κύριος
3538 4759 3791 4828 κρίματα
3826 4758 3997 4810 ποιῶν

2425 4861 2482 4911 ἐν
2510 4860 2619 4919 τοῖς
2653 4858 2833 4926 ἔργοις
2859 4872 2916 4907 τε
2953 4854 3058 4908 τῶν
3084 4853 3282 4922 χειρῶν
3312 4851 3491 4904 αὐτῶν
3511 4851 3770 4922 ἀρρήτως
3796 4850 3996 4902 οίκονο-

2432 4950 2567 5020 μῶν,
2600 4949 2723 5009 τοὺς
2754 4945 3110 5016 ἁμαρτωλοὺς
3151 4943 3659 5014 συλλαμϐάνεσθαιο
3698 4937 3767 5011 ἦν
3802 4939 3896 4994 οὖν
3940 4940 4000 4992 τὸ

2433 5045 2567 5114 μετὰ
2592 5041 2764 5094 ταῦτα
2794 5040 2822 5091 ὁ
2843 5039 3040 5108 Δανιὴλ
3069 5038 3381 5105 σνμόιωτής
3407 5051 3467 5086 τε
3489 5033 3579 5086 τοῦ
3612 5034 3884 5102 βασιλέως
3908 5033 4000 5086 καὶ

2429 5138 2595 5205 τιμῆς
2630 5135 2759 5203 παρ’
2786 5134 2934 5201 αὐτῷ
2968 5133 3059 5183 καὶ
3086 5130 3239 5197 δόξης
3265 5128 3403 5197 ὑπὲρ
3433 5127 3642 5188 πάντας
3680 5126 3846 5177 αὑτοῦ
3880 5125 4000 5185 τοὺς

2435 5230 2619 5296 φίλους
2650 5226 3097 5291 καταξιούμενος.

2507 5317 2629 5371 KE'.
2682 5316 2842 5368 Ἄ).λά
2878 5314 2985 5382 γὰρ
3009 5312 3102 5365 καὶ
3132 5310 3299 5362 πάλιν
3329 5308 3526 5376 Δανιὴλ
3554 5307 3582 5357 ὁ
3610 5306 3914 5375 θαυμάσιος
3936 5305 4002 5355 τὰ

2437 5410 2639 5481 συνήθη
2672 5406 2840 5461 ποιῶν
2866 5407 2956 5457 καὶ
2979 5405 3079 5473 τῆς
3102 5402 3159 5468 ἐξ
3182 5402 3353 5470 ἀρχῆς
3380 5399 3636 5469 ἐχόμενος
3657 5398 4001 5467 ἐγκρατείας,

2434 5512 2693 5566 τοιούτων
2724 5504 2876 5570 αὖθις
2899 5505 3114 5575 ἠξιοῦτο
3139 5502 3233 5553 καὶ
3258 5500 3363 5551 τῶν
3389 5497 3632 5568 θεωρίων
3652 5512 3665 5526 ⁶
3693 5496 3845 5565 ἢμην
3876 5495 4001 5561 γὰρ,

2435 5605 2636 5666 ἐκεῖνός
2674 5618 2827 5672 φησι,
2882 5600 3026 5668 τρεῖς
3084 5591 3383 5660 ὲόὀομάδας
3424 5587 3649 5661 ἡμερῶν
3699 5584 4002 5655 νηστεύων.

2440 5700 2642 5769 ’Ἄρτον
2689 5697 2796 5765 γὰρ
2851 5690 3152 5761 ἐπιθυμιῶν
3210 5686 3310 5739 οῦκ
3350 5686 3555 5752 ἔφαγον
3602 5679 3697 5733 καὶ
3738 5680 3877 5752 κρέα
3917 5674 4004 5728 καὶ

2437 5783 2577 5851 οἰνος
2622 5788 2720 5839 οὑκ
2776 5782 3024 5851 εἰσῆλθεν
3066 5782 3143 5840 εἰς
3176 5776 3234 5829 τὸ
3272 5776 3448 5844 στόμα
3483 5788 3606 5842 μου,
3636 5772 3727 5823 καὶ
3763 5770 4003 5833 ἄλειμμα

2437 5882 2533 5937 οὐκ
2591 5876 2898 5949 spe-eam
2939 5874 3040 5938 ἕως
3093 5868 3426 5942 πληρώσεως
3480 5862 3646 5937 τριῶν
3700 5855 4002 5928 ἑϐδομάδων
