4180 6534
197 447 299 525 ἰοι

1228 462 1409 523 ΥΙΤΑ
1447 462 1506 521 8.
1552 462 1978 525 ΡΒΟΙἯΕΤᾹΞ
2021 467 2404 532 DANIELIS.

3343 474 3449 536 £02

206 572 452 643 ἡμερῶν.
474 572 586 625 Καὶ
607 574 663 625 ἐν
682 571 865 645 ἡμέρᾳ
884 572 1100 645 είκοστῇ
1123 574 1214 627 καὶ
1236 573 1476 646 τετάρτῃ
1510 573 1602 628 τοῦ
1634 571 1782 645 πρώ-

1889 579 2001 633 dies
2027 581 2190 634 trium
2221 582 2625 639 hebdomadum
2650 603 2663 651 ;
2685 594 2737 639 et
2762 583 3019 641 vicesimo
3045 595 3101 641 et
3123 596 3321 655 quarto
3356 588 3446 642 die
3503 620 3509 624 ν

208 682 295 717 του
332 666 531 734 μηνὸς,
570 666 683 733 ἐγὼ
717 667 867 737 ἤμην
903 668 1137 737 ἐχόμενα
1169 667 1263 719 τοῦ
1296 667 1546 737 ποταμοῦ
1570 668 1664 722 τοῦ
1690 686 1784 738 με-

209 758 371 821 γάλου
405 759 621 827 Χωμὰρ
647 762 740 813 καὶ
762 757 871 830 ἦρα
893 761 1015 821 τοὺς
1041 758 1352 828 ὀφθαλμούς
1376 776 1477 827 μου
1505 762 1597 813 καὶ
1616 755 1776 813 εἶδον*

209 849 297 901 καὶ
326 849 438 903 ἔδοὒ
470 851 612 921 ἀνὴρ
648 851 990 921 ἐνδεδυμένος
1033 850 1213 920 βαδδὶν
1243 851 1336 903 καὶ
1364 852 1396 921 ὴ
1420 849 1590 918 ὀσφῦς
1615 849 1780 901 αὑτοῦ

207 943 632 1013 περιεζωσμένη
661 946 717 995 ὲν
740 942 947 1011 χρυσίῳ
962 942 1188 1010 Ὀφὰτζ,
1216 942 1308 995 καὶ
1335 942 1395 994 τὸ
1426 942 1585 1010 σῶμα
1614 940 1780 993 αὐτοῦ

206 1030 337 1082 ὡσεὶ
365 1032 628 1102 Θαρσεῖς,
658 1034 751 1085 καὶ
797 1032 859 1084 τὸ
894 1031 1185 1101 πρόσωπον
1230 1030 1395 1085 αὐτοῦ
1431 1030 1564 1082 ὡσεὶ
1594 1032 1784 1099 ὅρασις

208 1125 523 1195 ἀστραπῆς,
542 1116 635 1178 κάι
652 1126 698 1177 οἱ
716 1124 986 1194 ὀφθαλμοὶ
1022 1123 1189 1176 αὑτοῦ
1214 1124 1343 1175 ὡσεὶ
1363 1123 1647 1192 λαμπάδες
1680 1138 1785 1173 πυο

211 1217 455 1287 ρὸς,-καὶ
487 1217 537 1268 oi
587 1216 875 1285 βραχίονες
908 1216 1072 1267 αὑτοῦ
1098 1214 1190 1267 καὶ
1215 1215 1282 1265 τά
1315 1214 1476 1281 σκέλη
1498 1212 1571 1274 ὡς
1594 1213 1783 1281 ὅρασις

210 1308 412 1380 χαλκοῦ
452 1309 783 1373 στίλσοντος,
824 1310 918 1362 καὶ
942 1311 975 1378 ἠ
1008 1308 1157 1377 φωνὴ
1182 1307 1289 1359 τῶν
1321 1306 1494 1372 λόγων
1517 1305 1681 1356 αὑτοῦ
1708 1304 1782 1365 ὡς

210 1402 357 1471 φωνὴ
396 1401 585 1471 ὄχλου.
616 1388 801 1454 Ταῦτα
832 1396 971 1453 εἶδον
1012 1400 1104 1452 καὶ
1141 1402 1173 1469 ἡ
1207 1401 1359 1469 ίσχῦς
1402 1416 1502 1467 μου
1537 1397 1781 1463 ἐξέλιπεν

210 1498 301 1549 ἀπ’
328 1496 492 1563 ἐμοῦ,
530 1496 622 1547 καὶ
655 1496 688 1563 ὴ
716 1493 843 1557 δόξα
876 1510 976 1563 μου
1010 1493 1356 1563 μετεστράφη
1375 1492 1455 1553 είς
1487 1489 1784 1558 διαφθορὰν

210 1592 298 1643 καὶ
330 1589 499 1653 εὐθὺς
531 1578 623 1642 sui
650 1588 747 1658 τὴν
780 1588 885 1657 γῆν
913 1586 1130 1639 πίπτω·
1174 1586 1266 1637 καὶ
1300 1584 1407 1637 ἰδοὺ
1455 1583 1575 1653 χεὶρ
1623 1584 1787 1636 ἁπτο-

210 1684 345 1753 μένη
394 1698 499 1753 μου
560 1682 654 1734 καὶ
688 1680 881 1750 ἡγειρέ
918 1696 985 1747 με
1026 1678 1121 1733 ἐπὶ
1164 1676 1232 1731 τά
1284 1676 1489 1745 γόνατά
1520 1693 1619 1744 μου
1664 1675 1781 1737 καὶ,

209 1776 370 1838 Σύνες
398 1776 485 1827 !...
522 1774 677 1843 φησὶ,
721 1774 858 1841 πρός
904 1788 993 1839 με,
1021 1770 1239 1839 Δανιὴλ,
1274 1764 1414 1838 ἀνὴρ
1452 1768 1783 1838 ἐπιθυμιῶν,

210 1868 300 1920 καὶ
327 1864 489 1933 στῆθι
553 1864 646 1916 ἐπὶ
689 1866 755 1931 τῇ
811 1863 1000 1913 στάσει
1049 1876 1173 1929 μου,
1205 1860 1284 1911 ὅτι
1337 1858 1430 1911 νῦν
1469 1860 1783 1928 ἀπεστάλην

1884 670 2042 738 primi
2069 674 2291 739 mensis,
2315 690 2415 743 ego
2441 674 2696 729 sedebam
2732 692 2897 746 prope
2929 692 3187 754 magnum
3219 677 3446 731 ﬂuviqu

1883 761 2104 815 Cliobar
2125 781 2137 829 ;
2158 773 2210 817 et
2233 766 2430 819 sustuli
2455 767 2644 821 oculos
2668 782 2835 831 meos,
2870 777 2924 822 et
2949 768 3081 821 vidi.
3115 768 3181 821 Et
3210 783 3338 823 ecce
3363 770 3448 821 vir

1885 854 2109 909 indutus
2139 872 2291 911 saera
2324 859 2481 923 stola,
2518 869 2573 914 et
2602 860 2820 913 lumbus
2848 860 2964 929 ejus
2998 860 3276 915 accinctus
3310 876 3447 915 auro

1886 945 2129 1016 Hopliatz
2168 968 2179 1002 :
2207 959 2261 1003 et
2299 965 2500 1019 corpus
2524 952 2644 1016 ejus
2690 962 2946 1021 tanquam
2979 950 3221 1014 Tliarsis,
3249 961 3303 1006 et
3330 954 3450 1004 vul-

1885 1051 1974 1093 tus
2009 1042 2128 1110 ejus
2169 1050 2425 1112 tanquam
2462 1055 2718 1112 aspectus
2747 1046 2980 1116 fulguris
3019 1063 3031 1098 :
3070 1054 3126 1099 et
3156 1045 3300 1099 oculi
3330 1045 3452 1113 ejus

1887 1142 2142 1203 tanquam
2174 1136 2451 1204 lampades
2486 1137 2645 1206 ignis,
2703 1146 2756 1191 et
2790 1138 3018 1192 brachia
3062 1138 3181 1208 ejus
3220 1147 3276 1191 et
3303 1138 3450 1193 tibiae

1887 1232 2143 1292 tanquam
2178 1235 2437 1295 aspectus
2463 1229 2590 1283 azris
2646 1229 3064 1297 resplendentis.
3097 1238 3153 1283 et
3178 1245 3278 1282 vox
3327 1243 3451 1281 ver-

1887 1316 2078 1370 borum
2123 1319 2241 1387 ejus
2286 1328 2541 1387 tauquam
2577 1336 2674 1374 vox
2708 1321 2903 1375 turben.
2935 1320 3060 1374 Ilaec
3091 1319 3225 1382 vidi,
3257 1329 3313 1373 et
3338 1321 3452 1374 vir-

1888 1417 1975 1461 tus
2001 1425 2117 1463 mea
2147 1410 2349 1467 defecit
2387 1427 2415 1464 a
2455 1428 2560 1474 me,
2589 1420 2643 1464 et
2681 1413 2854 1482 gloria
2892 1427 3009 1465 mea
3040 1425 3304 1466 conversa
3347 1411 3455 1464 fuit

1888 1502 1942 1555 in
1974 1502 2255 1557 interitum
2292 1522 2303 1556 :
2340 1514 2391 1558 et
2416 1505 2679 1559 continuo
2706 1505 2840 1559 cado
2893 1506 2943 1559 in
2979 1514 3204 1570 terram,
3235 1514 3289 1557 et
3326 1517 3454 1557 ecce

1888 1610 2081 1649 manus
2111 1611 2195 1649 me
2224 1606 2471 1666 tangens,
2497 1606 2555 1650 et
2589 1596 2759 1651 erexit
2789 1612 2873 1649 me
2899 1611 3064 1666 super
3101 1612 3275 1666 genua
3300 1610 3450 1659 mea;

1888 1699 1941 1742 et
1965 1688 2220 1752 Attende,
2239 1690 2435 1757 inquit,
2454 1690 2519 1742 ad
2549 1704 2656 1753 me,
2681 1688 2887 1752 Daniel,
2914 1687 2995 1741 vir
3026 1684 3452 1747 desideriorum,

1887 1788 1943 1834 et
1977 1790 2057 1834 sla
2092 1780 2144 1833 in
2170 1779 2403 1836 statione
2436 1796 2555 1832 mea
2588 1798 2598 1831 :
2635 1780 2890 1848 quoniam
2938 1788 3085 1833 nunc
3125 1792 3225 1847 ego
3256 1778 3457 1831 missus

1889 1886 2007 1925 sutn
2037 1870 2100 1924 ad
2134 1878 2183 1923 te
2217 1886 2229 1922 :
2264 1868 2526 1939 quoniam
2582 1885 2610 1922 a
2646 1870 2825 1938 primo
2853 1868 2958 1931 die,
2992 1882 3100 1936 quo
3129 1865 3332 1920 dedisti
3361 1880 3459 1919 cor

208 1958 317 2025 ἐγὼ
352 1930 492 2025 πρὸς
544 1954 625 2020 σδ,
654 1930 880 2007 ὃτιάπὸ
926 1951 1025 2021 τῆς
1056 1951 1272 2022 ἡμέρας
1307 1950 1406 2019 τῆς
1436 1949 1683 2019 πρώτης,
1716 1945 1784 2021 ἧς

1890 1973 2063 2027 tuum,
2098 1973 2155 2016 ut
2181 1960 2554 2016 humiliareris
2587 1976 2768 2015 coram
2809 1960 3038 2013 Domino
3073 1959 3183 2012 Deo
3217 1969 3334 2019 tuo,
3356 1972 3457 2028 ego

207 2050 414 2111 ἔδωκας
448 2048 549 2119 τὴν
577 2047 806 2113 καρδίαν
838 2063 932 2099 σου
962 2044 1367 2114 ταπεινωθῆναι
1405 2042 1646 2097 ἐναντίον
1687 2042 1781 2095 τοῦ

209 2142 416 2211 Κυρίου
459 2139 558 2193 τοῦ
576 2139 719 2207 ,Θεοῦ
757 2156 875 2205 σου,
909 2137 1259 2209 ὴκούσθησαν
1298 2137 1347 2190 οἱ
1382 2134 1529 2202 λόγοι
1565 2151 1656 2188 σου
1693 2133 1785 2187 καὶ

207 2233 318 2300 εγὼ
340 2229 510 2305 ἦλθον
540 2232 675 2303 πρὸς
716 2231 775 2284 σὲ
813 2230 911 2283 καὶ
941 2230 969 2282 ὁ
988 2230 1174 2299 ἄρχων
1199 2228 1295 2297 τῆς
1332 2226 1613 2296 βασιλείας
1644 2225 1785 2296 Περ·

208 2329 317 2381 σῶν
357 2325 584 2394 ἑστήκει
622 2323 680 2387 ιε
711 2322 959 2387 ἐναντίας
989 2337 1091 2391 μου
1131 2320 1308 2374 εἴκοσι
1358 2319 1451 2371 καὶ
1497 2318 1627 2388 μίαν
1652 2315 1785 2387 ὴμέ-

209 2440 329 2495 ραν.
365 2421 477 2475 Καὶ
512 2418 607 2473 νῦν
641 2416 894 2485 άνδρίζου
935 2416 1031 2469 καὶ
1066 2415 1243 2486 ἴσχυε,
1276 2415 1359 2467 ὅτι
1386 2411 1496 2480 ἐγὼ
1527 2411 1663 2482 μετὰ
1691 2409 1784 2463 σοῦ

209 2514 324 2582 ειμι
347 2524 365 2543 ο
394 2508 637 2563 ἐνταῦθα
672 2506 849 2560 πολλὰ
904 2505 1003 2575 μὶν
1056 2506 1165 2559 τῶν
1204 2504 1486 2573 ἐσομένων
1530 2504 1557 2556 ὁ
1593 2502 1787 2572 φανεὶς

207 2603 443 2674 ἄγγελος
512 2601 593 2673 τῷ
646 2599 904 2671 προφήτῃ
968 2597 1323 2666 μυσταγωγεῖ
1389 2594 1517 2663 περί
1567 2610 1627 2646 τε
1687 2592 1789 2661 τῆς

210 2696 445 2769 Περσῶν
511 2694 790 2766 βασιλείας
856 2691 951 2747 καὶ
1016 2688 1369 2750 καταλύσεως
1416 2685 1512 2740 καὶ
1564 2685 1645 2747 είς
1693 2681 1787 2745 οὓς

210 2788 404 2860 ιμελλε
471 2781 841 2857 μεταπίπτειν
870 2801 885 2815 ο
960 2783 1152 2837 ἔπειτα
1212 2781 1267 2833 δὲ
1340 2779 1435 2832 καὶ
1497 2779 1627 2847 περὶ
1684 2774 1786 2843 τῆς

210 2881 539 2953 βασιλίσσης
579 2878 773 2942 Νότου,
804 2876 840 2931 ἃ
893 2877 987 2929 καὶ
1041 2876 1214 2943 πέρας
1245 2872 1407 2927 ἔλαϐε
1450 2869 1590 2942 μετὰ
1614 2866 1784 2923 ταῦτα

211 2974 305 3027 καὶ
328 2976 447 3036 τοῖς
472 2972 833 3053 καλουμένοις
854 2968 1271 3031 Μακκαϐαῖκοῖς
1300 2966 1597 3036 ἐνεγράφη.

278 3085 426 3152 κςυ.
463 3085 579 3138 Οὐκ
598 3088 669 3155 Δέκ
693 3086 898 3138 τούτων
936 3084 992 3139 δὶ
1016 3085 1195 3155 μόνον,
1220 3084 1354 3170 ἀλλὰ
1385 3085 1482 3138 καὶ
1503 3085 1561 3151 ἐξ
1584 3086 1786 3157 ἐτέρων

209 3180 237 3231 ὁ
264 3177 467 3246 Δανιὴλ
501 3176 679 3245 μέγας
708 3192 767 3227 τε
800 3176 900 3245 τὴν
928 3178 1161 3246 θεωρὶαν
1208 3177 1303 3230 καὶ
1344 3177 1649 3249 Θαυμάσιος
1687 3179 1784 3249 τὴν

1886 2055 2009 2108 veni
2043 2058 2107 2108 ad
2149 2064 2197 2108 te
2240 2071 2251 2107 :
2288 2063 2342 2107 et
2374 2054 2633 2124 princeps
2660 2052 2808 2124 regni
2831 2052 3118 2106 Persarum
3144 2050 3297 2104 stetit
3322 2064 3456 2104 con-

1888 2155 1972 2201 tra
2028 2162 2114 2201 me
2168 2146 2357 2216 viginti
2397 2158 2462 2202 er
2505 2162 2675 2201 unum
2713 2145 2878 2203 diem.
2916 2143 2982 2199 Et
3015 2158 3163 2197 nunc
3198 2151 3318 2198 esto
3371 2142 3457 2196 vir

1888 2240 2047 2294 fortis
2105 2250 2159 2293 et
2220 2240 2501 2307 robustus,
2537 2238 2794 2309 quoniam
2835 2251 2937 2306 ego
2966 2250 3085 2290 sum
3118 2238 3319 2294 tecum,
3358 2232 3459 2288 Hic

1889 2334 2059 2386 multa
2099 2333 2320 2401 quidem
2354 2331 2557 2397 futura,
2602 2329 2695 2400 qui
2752 2328 3006 2399 apparuit
3040 2326 3287 2396 angelus,
3331 2340 3458 2395 pro—

1887 2424 2066 2495 pheta:
2114 2424 2344 2495 mystice
2409 2421 2662 2477 enuntiat
2710 2420 2777 2475 de
2840 2434 3009 2489 regno
3063 2418 3354 2473 Persarum
3403 2426 3459 2470 et

1888 2516 2009 2588 ejus
2036 2515 2361 2571 eversione:
2386 2525 2442 2570 et
2461 2514 2525 2568 ad
2541 2530 2679 2584 quos
2699 2524 2820 2568 erat
2846 2513 3229 2566 deventurum.
3252 2509 3459 2564 Deinde

1888 2607 2055 2662 etiam
2081 2606 2151 2661 de
2186 2606 2373 2677 regina
2402 2605 2612 2670 Austri,
2642 2619 2764 2675 quae
2815 2602 3037 2673 quidem
3078 2610 3265 2673 postea
3295 2604 3455 2654 tinem

1893 2706 2247 2767 acceperunt,
2276 2707 2332 2752 et
2368 2697 2573 2768 scripta
2605 2703 2734 2751 sunt
2766 2694 2819 2749 in
2856 2694 3035 2759 libris,
3064 2693 3157 2762 qui
3188 2700 3455 2747 vocantur

1889 2789 2344 2846 Macbabaeorum.
2810 2800 2813 2803 ‘

1961 3085 2149 3141 XXVI.
2176 3085 2295 3141 Non
2324 3101 2389 3141 ex
2416 3085 2502 3140 his
2526 3095 2710 3141 autem
2735 3084 2885 3150 solis,
2916 3084 3013 3139 sed
3038 3082 3202 3139 etiam
3221 3097 3286 3138 ex
3312 3083 3454 3146 aliis,

1892 3176 2081 3230 Daniel
2118 3177 2367 3245 apparuit
2401 3191 2629 3246 magnus
2662 3176 2714 3228 in
2766 3175 3227 3243 contemplatione
3254 3182 3307 3228 et
3361 3176 3453 3227 ad-

212 3266 432 3317 σύνεσιν
462 3264 709 3332 ἀνεφάνη
741 3277 755 3292 ·
807 3264 900 3316 καὶ
928 3262 1015 3315 ἴνα
1045 3263 1215 3316 τᾶλλα
1242 3266 1526 3335 παρῶμεν,
1563 3267 1695 3320 ἀλλὰ
1728 3268 1784 3321 τδ

1892 3264 2176 3319 mirandus
2211 3263 2590 3335 intelligentia.
2629 3262 2692 3317 Et
2722 3273 2781 3317 ut
2810 3263 2914 3317 alia
2942 3263 3281 3328 omittamus,
3308 3263 3453 3333 quod

211 3358 353 3410 κατὰ
412 3356 519 3425 τὴν
572 3354 751 3425 κρίσιν
809 3352 1118 3422 Σωσάννης,
1169 3353 1198 3406 δ
1258 3354 1469 3412 πολλῶν
1519 3356 1786 3424 πρότερόν

208 3454 348 3518 ἐστι,
374 3453 497 3515 νέος
535 3450 631 3515 ὣν,
662 3450 939 3521 εἴργαστο,
969 3450 1092 3504 τίνα
1122 3449 1288 3521 ἄλλην
1321 3451 1588 3515 συνέσεως
1618 3450 1786 3525 ὕπερ-

209 3549 372 3616 δολὴν
398 3536 692 3599 ἀπολείπει
721 3563 735 3609 ;
772 3547 876 3597 Ἦν
912 3544 1107 3616 πιστὴν
1133 3546 1243 3615 μὲν·
1264 3544 1341 3616 τῷ
1370 3546 1523 3618 άνδρι
1554 3545 1786 3617 γενομέ-

207 3658 328 3709 νην,
362 3636 603 3691 θάνατον
635 3634 693 3688 δὲ
724 3638 1155 3704 κατακριθείσαν
1177 3639 1241 3691 εκ
1272 3639 1640 3708 συκοφαντίας
1669 3640 1787 3695 ἁδι-

206 3716 473 3800 κωτάτης
505 3728 613 3783 τῶν
638 3728 963 3791 ἀκολάστοις
995 3730 1295 3800 ὀφθαλμοῖς
1329 3732 1531 3799 μᾶλλον
1571 3734 1787 3802 ἐκείνην

203 3826 576 3896 θεασαμένων
611 3822 979 3893 παραπλήσιά
1003 3839 1063 3875 τε
1093 3821 1171 3894 τῷ
1210 3822 1406 3893 Ἰωσὴφ
1442 3823 1789 3877 κινδυνεύου-

204 3936 305 3973 σαν
330 3916 667 3985 ὑποστῆναι,
688 3919 715 3969 ὁ
743 3917 950 3969 ἐκεῖνον
979 3918 1097 3967 τότε
1134 3915 1438 3986 ῥυσάμενος
1464 3916 1558 3969 καὶ
1582 3916 1788 3984 ταύτην

202 4009 269 4076 δὴ
291 4004 629 4078 παραδόξως
666 4005 752 4057 διὰ
778 4004 978 4075 Δανιὴλ
1008 4004 1196 4073 ῥύεται
1240 4008 1376 4073 σοφῇ
1414 4005 1593 4075 κρίσει
1626 4021 1789 4058 κακο-

201 4099 428 4169 τεχνίαν
478 4096 589 4150 τῶν
642 4096 1033 4168 πρεσϐυτέρων
1082 4095 1407 4164 ἐλέγξαντος
1446 4096 1538 4150 καὶ
1591 4096 1789 4159 αὐτοὺς

206 4192 416 4263 μᾶλλον
451 4190 639 4257 ἀξίους
675 4188 907 4243 θανάτου
947 4188 1220 4253 δείξαντός
1269 4208 1327 4243 τε
1385 4190 1477 4243 καὶ
1535 4189 1787 4258 γενέσθαι

205 4304 281 4339 πα
288 4283 767 4357 ρασκευάσαντος.

276 4400 412 4457 η’.
442 4399 605 4455 Οὕτω
644 4398 915 4461 συνέσεως
943 4397 1102 4468 ἔχων,
1134 4396 1277 4451 οὕτω
1313 4397 1536 4469 χάριτος
1562 4399 1655 4453 καὶ
1690 4416 1785 4468 με·

206 4499 402 4562 γέθους
431 4493 682 4565 θεωριῶν
711 4492 1048 4560 κατηξίωται
1076 4509 1089 4523 ·
1119 4493 1261 4545 αὐτά
1303 4508 1361 4544 τε
1406 4492 1474 4545 τά
1516 4492 1611 4545 τοῦ
1654 4493 1788 4549 Θεοῦ

205 4588 419 4658 κρύφια
463 4587 562 4638 καὶ
588 4586 687 4653 τῆς
717 4584 901 4652 δίττης
936 4582 1029 4633 τοῦ
1060 4582 1222 4651 λόγου
1245 4586 1549 4653 παρουσίας
1578 4586 1789 4657 μυστή-
1816 4602 1867 4660 D
1896 4581 2140 4635 tionibus

208 4698 299 4750 ρια
328 4677 411 4749 τῷ
443 4674 719 4744 πνεύματι
750 4674 1181 4745 καταθεωρήσας
1208 4691 1222 4703 ·
1277 4678 1371 4727 καὶ
1427 4678 1526 4729 ὅσα
1574 4678 1632 4730 δὲ
1680 4678 1787 4729 τῶν

207 4771 387 4825 ἄλλων
420 4765 830 4835 ἀξιολογώτατα
874 4766 969 4820 καὶ
1007 4767 1105 4819 ὅσα
1148 4766 1284 4836 πρὸς
1333 4767 1411 4837 τῷ
1454 4769 1548 4822 τοῦ
1595 4770 1789 4833 αίῶνος

204 4864 351 4916 τέλει
397 4860 787 4930 συμϐήσεσθαι
827 4859 1009 4929 μέλλει
1054 4860 1145 4912 καὶ
1193 4863 1290 4933 τὴν
1321 4860 1445 4914 τότε
1476 4862 1654 4932 θλίψιν
1695 4864 1790 4917 καὶ

206 4956 306 5021 τὴν
352 4956 418 5004 ἐκ
483 4950 591 5018 γῆς
637 4948 891 5019 χώματος
946 4950 1308 5013 ἐξανάστασιν
1346 4952 1454 5004 τῶν
1485 4954 1788 5023 ἀνθρώπων

202 5044 302 5113 τὴν
332 5044 447 5095 τῶν
475 5041 654 5110 ἁγίων
687 5058 744 5095 τε
779 5039 938 5106 δόξαν
968 5040 1062 5094 καὶ
1088 5041 1185 5113 τὴν
1216 5044 1326 5095 τῶν
1357 5044 1568 5097 ἀσεϐῶν
1594 5045 1787 5114 αἰσχύ-

201 5153 299 5206 νην
326 5135 431 5205 τῆν
461 5128 1071 5205 οὐδέποτελήγουσαν,
1120 5135 1189 5189 τά
1239 5134 1375 5206 βάθη
1411 5154 1468 5189 τε
1500 5136 1591 5190 τοῦ
1626 5137 1783 5202 Θεοῦ,

171 5225 484 5289 ,καθ’ὅσογ
528 5217 704 5276 οἷόντε
756 5224 834 5294 τῷ
896 5226 1074 5293 σάρκα
1132 5228 1501 5296 περικειμένῳ
1551 5227 1637 5281 διὰ
1689 5227 1785 5280 τοῦ

201 5320 549 5385 ἐρευνῶντος
598 5315 737 5368 αὑτά
787 5315 1100 5384 πνεύματος
1126 5317 1382 5385 ἐγνωκώς
1408 5333 1421 5347 ·
1458 5321 1653 5373 ἔπειτα
1689 5320 1783 5373 τοῦ

198 5411 410 5483 δεσμοῦ
440 5411 629 5473 λυθεὶς
672 5409 767 5464 καὶ
807 5409 906 5482 τὴν
935 5394 1039 5481 γῆν
1073 5410 1243 5482 ἡδέως
1267 5414 1331 5481 τῇ
1376 5414 1444 5482 γῇ
1484 5413 1780 5482 παραδοὺς,

203 5508 339 5579 πρὸς
406 5504 470 5558 ὃν
538 5502 725 5558 ἐπόθει
799 5503 933 5559 Θεὸν
1003 5505 1031 5558 ὁ
1097 5505 1207 5558 τῶν
1267 5508 1575 5577 ἐπιθυμιῶν
1644 5510 1784 5581 ἀνὴρ

198 5601 398 5668 ᾤχετο,
427 5598 619 5658 αὐτοῖς
663 5610 745 5648 τε
781 5599 894 5660 τοῖς
940 5599 1089 5666 τρισὶ
1143 5599 1235 5652 καὶ
1272 5600 1445 5667 φίλοις
1481 5603 1639 5654 παισὶ
1693 5603 1784 5654 καὶ

206 5696 527 5764 προφήταις
584 5690 669 5753 είς
724 5692 811 5744 ἀεὶ
866 5691 1040 5746 συνὼν
1091 5693 1186 5745 κα)⁵
1245 5693 1377 5763 μηδὲ
1432 5695 1589 5764 ἡμῶν
1644 5694 1783 5747 κατά

206 5804 266 5851 γε
325 5786 385 5840 τὸ
444 5785 738 5854 περιέπειν
783 5784 878 5839 καὶ
912 5785 1126 5856 βοηθεῖν
1157 5786 1544 5856 ἀφιστάμενος,
1588 5789 1667 5850 εἰς
1697 5787 1782 5840 δό-

204 5878 297 5943 ξαν
330 5878 573 5949 Πατρδς,
617 5877 766 5946 Υίοῦ,
793 5880 884 5934 καὶ
920 5880 1074 5947 ἁγίου
1119 5880 1431 5945 Πνεύματος
1483 5882 1578 5947 τῆς
1614 5882 1779 5962 ὑπερ.

1890 3356 1959 3411 de
2004 3356 2251 3411 Susanna
2293 3356 2495 3411 factum
2532 3368 2616 3411 est
2670 3355 2963 3427 judicium,
2999 3356 3146 3426 quod
3199 3355 3293 3410 diu
3328 3364 3455 3410 ante

1890 3450 2044 3515 fecit,
2075 3465 2199 3503 eum
2241 3458 2386 3505 esset
2422 3449 2601 3503 adhuc
2643 3448 2881 3517 juvenis,
2915 3449 3177 3517 quidnam
3230 3449 3457 3517 reliquit

1892 3545 2286 3617 intelligentize,
2331 3559 2442 3614 quo
2474 3543 2527 3597 id
2578 3543 2747 3613 possit
2800 3543 3099 3613 superare?
3158 3542 3287 3609 Quae
3333 3544 3452 3612 qui-

1892 3640 2016 3696 dem
2047 3656 2171 3694 cum
2203 3638 2394 3693 fuisset
2427 3639 2624 3691 marito
2657 3637 2854 3700 ﬁdelis,
2889 3646 3065 3690 morte
3096 3647 3276 3691 autem
3310 3646 3453 3691 esset

1893 3734 2147 3787 damnata
2180 3747 2245 3786 ex
2276 3730 2616 3801 iniquissima
2652 3729 2925 3783 calumnia
2966 3743 3155 3782 eorum
3184 3729 3275 3794 qui
3311 3728 3454 3781 Illam

1892 3823 2187 3892 impudicis
2205 3831 2529 3890 aspexerant
2555 3822 2748 3887 oculis,
2774 3830 2830 3877 et
2859 3830 2976 3876 erat
3008 3820 3206 3876 similia
3232 3836 3459 3890 passura

1893 3916 1959 3972 iis
1992 3931 2113 3986 qua:
2144 3914 2345 3981 Ioseph
2382 3929 2575 3985 passus
2605 3922 2708 3975 est,
2740 3916 2833 3983 qui
2879 3915 3034 3970 illum
3071 3925 3201 3968 tuuc
3232 3916 3457 3983 eripuit,

1894 4011 1939 4064 is
1973 4025 2092 4063 eam
2123 4024 2343 4079 quoque
2368 4006 2764 4062 admirabiliter
2802 4016 3106 4076 servatper
3131 4008 3407 4062 Danielem
3446 4027 3457 4060 :

1891 4100 1985 4169 qui
2016 4101 2495 4170 sapientejudicio
2548 4101 2828 4155 seniorum
2870 4102 3110 4156 convicit
3150 4101 3460 4171 malignita-

1894 4201 2023 4259 tem,
2055 4201 2111 4247 et
2145 4206 2241 4249 eos
2280 4193 2453 4263 magis
2505 4200 2681 4247 morte
2734 4191 2927 4263 dignos
2974 4191 3235 4256 ostendit,
3286 4202 3339 4246 et
3405 4202 3462 4245 ut

1893 4295 2123 4339 mortem
2150 4294 2469 4353 paterentur
2501 4284 2702 4338 etl‘ecit.

1963 4395 2175 4452 XXVII.
2211 4395 2348 4451 Cum
2384 4403 2535 4451 tanta
2569 4404 2716 4451 esset
2751 4395 3137 4466 intelligentia,
3169 4403 3314 4450 tanta
3338 4412 3460 4467 gra-

1896 4491 1969 4546 tia
2000 4501 2057 4546 et
2087 4502 2195 4545 tam
2228 4493 2437 4561 magnis
2489 4491 2685 4561 dignus
2737 4500 2818 4544 est
2877 4491 3096 4545 habitus
3127 4494 3463 4561 contempla—

2205 4600 2218 4636 :
2258 4596 2494 4650 cumque
2539 4582 2654 4649 ipsa
2712 4580 2805 4635 Dei
2848 4597 3077 4645 arcana,
3114 4589 3169 4635 et
3224 4582 3463 4649 duplicis

1893 4672 2058 4726 Verbi
2093 4672 2363 4725 adventus
2400 4671 2652 4740 mysteria
2685 4674 2883 4738 Spiritu
2925 4684 3069 4725 esset
3120 4672 3460 4740 contempla-

1894 4772 1983 4819 tus
2013 4781 2025 4818 :
2057 4763 2190 4834 quin
2207 4762 2368 4819 etiam
2394 4778 2733 4833 quaecunque
2756 4771 2881 4817 sunt
2911 4763 3032 4817 aliis
3058 4763 3229 4833 pluris
3254 4763 3460 4819 facien-

1892 4858 1981 4923 da,
2037 4867 2094 4913 et
2132 4874 2473 4928 quaecunque
2530 4866 2658 4912 sunt
2692 4864 2955 4911 eventura
2994 4856 3046 4909 in
3099 4855 3205 4910 ﬁne
3251 4858 3461 4921 saeculi,

1892 4960 1947 5004 et
1984 4965 2126 5013 eam,
2154 4966 2276 5019 qua:
2334 4960 2465 5001 tune
2515 4950 2641 5009 erit,
2673 4948 3047 5009 atilictionem,
3082 4959 3137 5000 et
3174 4948 3463 5001 hominum

1889 5055 1957 5095 ex
1978 5051 2136 5096 terra:
2169 5054 2365 5111 aggere
2399 5038 2887 5103 resurrectionem,
2912 5047 2968 5093 et
2996 5050 3309 5093 sanctorum
3342 5042 3460 5110 glo-

1890 5137 2048 5200 riam,
2084 5140 2141 5188 et
2202 5134 2492 5203 impiorum
2544 5131 2923 5202 ignominiam,
2986 5148 3112 5201 quae
3176 5146 3459 5202 nunquam

1890 5227 2110 5291 desinit,
2164 5235 2219 5280 et
2269 5225 2363 5279 Dei
2400 5224 2690 5294 profunda,
2734 5234 2997 5291 quantum
3064 5234 3237 5292 potest
3268 5226 3313 5278 is
3366 5226 3460 5293 qui

1888 5328 1973 5375 est
2027 5333 2191 5374 carne
2230 5318 2476 5379 indutus,
2512 5332 2610 5385 per
2660 5315 2776 5384 ipsa
2809 5326 3148 5371 scrutantem
3200 5318 3454 5385 spiritum

1889 5414 2258 5481 cognovisset,
2311 5410 2510 5465 deinde
2548 5409 2769 5463 vinculo
2817 5411 3050 5480 solutus,
3108 5418 3251 5461 terra
3300 5420 3457 5463 teri-te

1888 5507 2123 5561 libenter
2168 5504 2390 5568 tradita,
2422 5502 2488 5560 ad
2522 5503 2714 5565 Deum;
2763 5517 2924 5568 quem
2971 5500 3339 5558 desiderabat.
3377 5504 3457 5555 vir

1888 5599 2286 5655 desideriorum
2307 5596 2464 5660 abiit,
2494 5610 2616 5649 cum
2642 5593 2725 5646 his
2749 5594 2924 5647 tribus
2954 5602 3007 5646 et
3047 5594 3240 5647 amicis
3267 5596 3453 5661 pueris

1886 5702 1938 5746 et
1978 5688 2263 5761 pr0plietis
2294 5692 2561 5759 perpetuo
2593 5701 2947 5752 conversans,
3000 5694 3054 5739 et
3093 5702 3192 5738 nec
3229 5700 3256 5737 a
3291 5685 3449 5741 nobis

1885 5787 2125 5855 quidem,
2156 5783 2302 5853 quod
2332 5784 2397 5837 ad
2435 5779 2839 5837 defendendum
2872 5790 2927 5833 et
2978 5779 3342 5845 adiuvandum
3364 5790 3445 5833 at-

1888 5882 2056 5945 tinet,
2105 5878 2422 5935 abseedens.
2466 5876 2543 5931 Ad
2598 5874 2824 5946 gloriam
2870 5874 3041 5929 Patris
3089 5882 3140 5925 et
3208 5873 3325 5927 Filii
3391 5883 3445 5925 et
