4180 6498
189 438 293 503 605

1464 429 1640 490 VlTA
1684 428 1747 487 S.
1787 427 2178 487 PLATONlS.

3343 430 3446 493 406

187 574 309 641 λιιιῇ
347 571 621 639 ἀντικρυς
673 563 764 618 τοῦ
803 563 944 625 Διὸς,
977 560 1264 613 ἐκέλευσεν
1296 558 1645 630 παραστῆναι
1682 558 1774 611 τὸν

1881 537 2241 600 Quamobrem
2286 557 2408 597 cum
2458 542 2838 608 abduceretur,
2895 543 3172 599 confidens
3211 547 3320 602 ibat
3383 551 3448 602 ad

199 665 476 734 μάρτυρα.
547 663 609 713 '0
664 657 723 711 δὲ
776 654 966 725 βοηθὸς
1023 652 1162 720 ἔφη·
1209 652 1481 721 Ἐστηκεν
1529 652 1636 721 πρὸ
1676 649 1770 702 τοῦ

197 754 441 826 βήματος
477 769 598 815 σου,
630 749 813 819 κύριε.
863 747 1215 815 Ἀγριππῖνος
1237 740 1387 796 εἶπεν
1409 757 1423 772 ⁶
1457 743 1644 811 Πάσης
1675 744 1772 811 τῆς

198 847 538 916 οἰκουμένης
569 845 629 896 ὲν
664 837 864 910 ἠσυχίᾳ
911 834 1229 904 διαγούσης,
1283 834 1370 886 ἴνα
1407 835 1458 886 τί
1511 832 1673 894 αὐτὸς
1716 834 1773 884 ἐν

193 936 431 1007 τοσαύτῃ
463 935 563 987 καὶ
594 928 897 1001 τηλικαύτῃ
926 925 1271 992 καθέστηκας
1297 923 1510 994 πλάνῃ;
1548 922 1771 974 Πλάτων

194 1025 366 1080 εἶπεν·
407 1024 604 1092 Ὑμεῖς
635 1022 755 1072 ἐστε
795 1019 846 1069 ot
889 1019 948 1068 ὲν
985 1014 1163 1086 πλάνῃ
1200 1012 1478 1080 διάγοντες
1512 1011 1603 1064 τὸν
1642 1010 1774 1064 Θεὸν

194 1120 283 1172 τὶν
324 1115 636 1180 ποιήσαντα
669 1110 759 1161 τὸν
802 1105 1034 1177 οὐρανὸν
1081 1105 1177 1156 καὶ
1207 1102 1303 1172 τὴν
1331 1102 1436 1171 γῆν
1483 1102 1580 1153 σὺν
1607 1099 1773 1153 παντὶ

195 1207 271 1276 τῷ
301 1207 500 1274 κόσμῳ
532 1198 697 1254 αὐτοῦ
739 1201 835 1252 καὶ
873 1195 1154 1266 σεόόμενοι
1188 1192 1365 1253 λίθους
1391 1191 1774 1260 πεπελεκημέο

194 1313 316 1357 νους
344 1295 444 1348 καὶ
479 1291 615 1358 ξύλα
639 1289 815 1359 σαθρά
848 1288 986 1356 ἔργα
1028 1283 1228 1353 χειρῶν
1257 1279 1583 1349 ἀνθρώπων.
1628 1279 1687 1331 Ὀ
1714 1279 1772 1332 δὲ

204 1388 564 1456 Ἀγριππῖνος
589 1383 694 1451 ἔφη
715 1396 730 1410 ·
761 1379 836 1434 Τὸ
865 1381 983 1432 νέον
1006 1377 1103 1442 τῆς
1142 1374 1360 1443 ἡλικίας
1391 1373 1686 1441 προπετεῖν
1714 1387 1772 1423 σε

193 1482 344 1531 ποιεῖ
373 1479 470 1530 καὶ
503 1475 663 1545 ῦῦριν
687 1474 747 1526 οὐ
781 1471 880 1542 τὴν
914 1467 1186 1539 τυχοῦσαν
1217 1482 1300 1518 σοι
1339 1464 1611 1535 προξενεῖ.
1643 1463 1775 1517 Είπὲ

192 1569 282 1623 οὐν
311 1585 428 1638 μοι,
471 1566 630 1629 ποίας
673 1560 973 1632 θρησκείας
1018 1555 1091 1624 εἷ,
1132 1559 1226 1610 καὶ
1252 1557 1411 1618 ποίας
1445 1554 1614 1625 τύχης
1648 1570 1777 1620 τυγ-

192 1665 401 1735 χάνεις,
426 1661 461 1733 ἢ
492 1661 554 1713 τί.
583 1660 644 1712 τὸ
685 1656 859 1725 ὄνομά
920 1669 1013 1706 σου
1041 1669 1056 1716 ς
1087 1651 1313 1720 Πλάτων
1355 1645 1507 1701 εἶπεν
1527 1665 1542 1681 ο
1591 1647 1777 1732 θέλεις

197 1756 416 1824 μαθεῖν,
473 1751 629 1812 ποίας
681 1748 981 1819 θρησκείας
1032 1740 1185 1811 είμίι
1244 1739 1568 1809 Χριστιανός
1636 1739 1773 1808 είμι.

1875 630 2222 698 supplicium.
2262 633 2504 689 Vicarius
2542 644 2720 688 autem
2745 635 3073 705 Agrippiuus
3113 653 3232 691 cum
3265 651 3451 708 aperte

1875 722 2217 790 pmsedisset
2247 725 2300 779 in
2322 725 2475 781 Jovis
2500 727 2753 790 basilica,
2789 729 2952 797 jussit
2973 728 3088 784 sisti
3131 740 3445 800 martyrem.

1876 814 2164 882 Apparitor
2196 829 2378 872 autem
2418 819 2554 873 dixit
2589 839 2600 873 :
2641 819 2758 874 Stat
2790 830 2916 874 ante
2975 831 3124 875 tuum
3185 825 3443 887 tribunal,

1873 904 2111 961 domine.
2152 908 2288 963 Dixit
2317 910 2645 979 Agrippinus
2685 912 2864 966 :Cum
2930 923 3076 968 totus
3115 916 3261 969 orbis
3293 925 3451 969 terra:

1874 996 2032 1068 degat
2064 998 2118 1052 in
2152 1000 2358 1066 laetitia,
2399 1018 2496 1056 cur
2528 1017 2586 1056 es
2617 1009 2669 1056 in
2704 1004 2791 1056 tali
2840 1015 2894 1058 et
2928 1015 3078 1058 tanto
3103 1021 3282 1060 errore
3313 1023 3450 1060 cou-

1874 1089 2152 1145 stitutus?
2192 1093 2334 1147 Dixit
2375 1105 2596 1149 sanctus
2626 1094 2816 1150 Plato:
2852 1096 2959 1150 Vos
3016 1099 3169 1162 estis,
3239 1101 3329 1168 qui
3396 1101 3450 1153 in

1873 1195 2061 1236 errore
2129 1185 2367 1254 (legitis:
2431 1195 2487 1240 et
2549 1187 2848 1256 reliquistis
2905 1189 3097 1254 Deum,
3165 1191 3254 1258 qui
3323 1191 3454 1244 fecit

1873 1271 2070 1325 coelum
2107 1281 2161 1326 et
2191 1283 2398 1328 terram
2433 1292 2556 1330 cum
2610 1287 2722 1332 toto
2755 1293 2943 1332 eorum
2969 1288 3164 1333 ornatu
3199 1297 3211 1331 :
3246 1288 3300 1333 et
3358 1295 3454 1333 ex-

1875 1362 2018 1415 cisos
2045 1363 2220 1417 colitis
2241 1364 2444 1434 lapides
2477 1377 2531 1421 et
2556 1368 2698 1438 ligna
2737 1371 2973 1438 putrida,
2999 1386 3163 1440 opera
3194 1386 3453 1425 manuum

1877 1452 2185 1511 hominum.
2225 1456 2370 1510 Dixit
2404 1458 2738 1528 Agrippinus
2781 1477 2792 1514 :
2823 1462 3089 1515 Juvenilis
3122 1472 3209 1515 tua
3246 1473 3376 1517 mtas
3404 1475 3455 1516 te

1881 1547 2410 1617 facittemerarium,
2453 1562 2507 1606 et
2555 1551 2718 1607 eﬂicit
2768 1563 2824 1608 ut
2869 1557 2944 1608 sis
2976 1555 3133 1609 valde
3186 1556 3450 1611 insolens.

1878 1639 1976 1694 Dic
2021 1656 2149 1710 ergo
2173 1643 2329 1708 mihi,
2378 1644 2668 1712 cujusnam
2729 1661 2788 1699 es
2839 1646 3142 1716 religionis,
3194 1657 3267 1703 et-
3300 1652 3455 1721 cujus

1879 1730 2202 1784 conditionis
2255 1739 2310 1783 et
2353 1732 2610 1797 civitatis,
2665 1735 2896 1802 etquod
2947 1743 3037 1789 est
3090 1737 3184 1790 tibi
3234 1753 3452 1794 nomen.

205 1817 570 1910 "Ayptvrnivo;
595 1817 736 1908 ἔφη)
766 1839 839 1888 Τὸ
863 1835 1012 1903 παρά
1041 1834 1345 1902 ἀνθρώπων
1381 1848 1463 1883 σοι
1497 1831 1776 1901 κληρωθὲν

205 1939 217 1946 .
424 1936 438 1946 ι
468 1935 479 1946 ο
662 1932 683 1944 ~
793 1929 858 1946 UL
883 1944 894 1946 _
935 1923 1261 1946 v--__-_-.1-
1320 1919 1370 1946 ,τ
1447 1922 1601 1946 --L--.‘_
1633 1917 1771 1946 ,τὶ--

1883 1817 2122 1875 Sanctus
2151 1818 2288 1873 dixit
2331 1820 2484 1874 Plato
2562 1839 2576 1876 :
2628 1821 2682 1876 Si
2717 1823 2848 1876 velis
2875 1826 3014 1878 scire
3045 1827 3325 1894 cujusnam
3353 1830 3457 1882 sim

1883 1909 2158 1946 rolininnic
2199 1928 2316 1946 calin
2337 1911 2680 1946 [Ἶηιίειίσιηηρ
2721 1914 2861 1946 ῐὶὶυῖι
2889 1925 3068 1946 σιηιηηι
3100 1919 3417 1946 Λη..;....;....ι.
3441 1937 3455 1946 .

191 1909 366 2003 ὄνομα
422 1935 601 1999 λέγω’
659 1932 740 1983 ὅτι
789 1929 901 1994 γάρ
933 1923 1261 1994 Χριστιανὸς
1318 1919 1390 1983 εί,
1447 1922 1604 1989 κάγὼ
1631 1917 1771 1974 οἷδω

1882 1909 2182 1980 religionis,
2198 1928 2318 1965 sum
2337 1911 2702 1967 Christianus.
2721 1914 2866 1969 Dixit
2888 1925 3069 1970 autem
3092 1919 3457 1989 Agrippinus:

192 2026 330 2078 ἀλλά
389 2022 677 2076 ἐκέλευσεν
725 2020 752 2071 6
803 2016 1162 2084 αὐτοκράτωρ
1223 2011 1428 2090 μηθένα
1484 2010 1772 2080 ἄνθρωπον

192 2107 565 2186 ὀνομάζεσθαι
591 2107 945 2181 Χριστιανόν.
997 2105 1223 2158 Πλάτων
1254 2099 1440 2154 εἶπεν·
1476 2100 1536 2152 Ei
1579 2099 1773 2168 μαθεῖν

194 2209 394 2270 θέλεις,
446 2203 612 2266 ποίας
659 2199 959 2271 θρησκείας
1005 2196 1144 2266 είμὶ,
1197 2189 1349 2247 εἷπον
1389 2193 1489 2264 ἠδη
1527 2191 1609 2244 ὅτι
1642 2192 1773 2259 Χρι-

196 2295 418 2356 στιανός
449 2295 568 2362 είμι
595 2308 607 2321 ’
660 2293 708 2343 εί
738 2291 794 2342 δὲ
826 2288 920 2340 καὶ
963 2287 1021 2339 τὸ
1052 2286 1225 2355 ὄνομα
1265 2282 1438 2346 θέλεις
1476 2280 1668 2352 μαθεῖν
1716 2279 1776 2333 τὸ

194 2387 347 2455 παρά
370 2382 479 2437 τῶν
507 2382 709 2450 γονέων
739 2397 840 2449 μου
871 2377 1171 2448 κληρωθὲν,
1204 2375 1430 2429 Πλάτων
1457 2373 1689 2440 λέγομαι
1713 2373 1798 2423 ὲκ.

197 2477 425 2538 παιδός’
492 2472 734 2544 Χριστοῦ
783 2469 970 2531 δοῦλός
1001 2470 1118 2537 ειμι
1184 2468 1247 2518 ὲκ
1301 2464 1511 2526 κοιλίας
1568 2463 1778 2532 μητρός

201 2583 332 2639 μου’
369 2565 581 2624 πόλεως
616 2563 673 2614 δὲ
713 2562 812 2626 τῆς
848 2557 1080 2609 ἐνταῦθα
1122 2555 1408 2623 τυγχάνω·
1463 2553 1776 2622 ἑκρατήθην

196 2656 251 2708 δὲ
282 2655 360 2716 ὡς
390 2649 652 2716 θεοσεόὴς
687 2647 782 2698 καὶ
804 2643 990 2707 δοῦλος
1030 2641 1270 2713 Χριστοῦ
1298 2661 1310 2672 ·
1359 2641 1455 2693 καὶ
1487 2641 1568 2692 σοὶ
1601 2655 1776 2710 προσ-

199 2744 436 2816 ηνέχθην
478 2743 574 2795 καὶ
607 2739 898 2810 πρόκειταί
953 2753 1044 2808 μοι
1089 2736 1178 2788 διά
1233 2737 1470 2805 Χριστὸν
1525 2734 1774 2798 θάνατος,

197 2842 254 2895 ὃν
286 2835 587 2906 ὑποστῆναι
623 2851 689 2905 με
711 2834 792 2887 δεῖ
821 2832 975 2903 παρὰ
1034 2831 1126 2883 σοῦ
1150 2867 1164 2883 .
1215 2831 1363 2882 Ποίει
1405 2825 1495 2881 οὖν
1519 2828 1547 2881 ὃ
1579 2828 1776 2889 θέλεις.

1880 2001 1975 2054 Dic
2005 2016 2225 2064 nomen,
2265 2006 2408 2071 quod
2445 2006 2540 2060 tibi
2574 2007 2674 2061 fuit
2700 2008 3013 2077 impositum
3053 2025 3082 2064 a
3119 2011 3460 2079 parentibus.

1879 2093 2013 2148 Nam
2049 2095 2166 2162 ipse
2196 2110 2410 2163 quoque
2442 2098 2557 2151 scio
2589 2108 2640 2152 te
2687 2113 2805 2154 esse
2860 2099 3256 2158 Christianum.
3293 2102 3463 2157 Iussit

1881 2197 2010 2238 vero
2061 2185 2356 2253 imperator
2428 2187 2638 2241 nullum
2713 2189 2988 2243 hominem
3067 2193 3247 2244 vocari
3309 2195 3462 2246 Chri-

1889 2275 2140 2330 stianum.
2190 2273 2331 2331 Dixit
2373 2287 2593 2332 sanctus
2642 2276 2831 2333 Plato:
2864 2277 2922 2333 Si
2953 2281 3088 2336 velis
3133 2283 3273 2338 scire
3310 2286 3469 2360 cujus

1882 2369 1985 2424 sim
2026 2368 2326 2439 religionis,
2363 2371 2473 2441 jam
2507 2370 2616 2425 dixi
2651 2371 2746 2426 tibi
2787 2387 2873 2426 me
2917 2387 3040 2428 esse
3063 2373 3458 2430 Christianum.

1886 2453 1941 2508 Si
1971 2463 2154 2509 autem
2197 2456 2278 2511 vis
2303 2457 2462 2510 etiam
2494 2459 2634 2512 scire
2686 2474 2888 2513 nomen
2921 2461 3054 2515 milii
3119 2463 3380 2518 tributum
3431 2483 3462 2519 ιι

1884 2546 2220 2615 parentibus,
2262 2548 2415 2602 dicor
2441 2547 2593 2601 Plato
2624 2564 2653 2601 a
2679 2552 2911 2616 pueritia
2939 2569 2952 2617 ;
2983 2563 3037 2606 et
3086 2569 3206 2606 sunt
3239 2557 3460 2624 quidem

1884 2639 2087 2693 Christi
2111 2653 2304 2693 servus
2334 2641 2403 2694 ab
2432 2649 2584 2695 utero
2609 2644 2802 2696 matris
2830 2658 2962 2697 meae
2994 2663 3006 2698 :
3036 2662 3154 2700 sum
3178 2663 3307 2702 vero
3323 2648 3462 2703 civis

1884 2729 2047 2800 hujus
2081 2729 2343 2784 civitatis.
2375 2730 2530 2787 Nunc
2560 2745 2742 2788 autem
2770 2749 2889 2789 sum
2912 2746 3102 2805 captus
3129 2749 3179 2791 et
3203 2737 3268 2792 ad
3293 2748 3343 2793 te
3364 2741 3462 2795 ad-

1885 2823 2105 2886 ductus,
2137 2833 2394 2893 tanquam
2429 2826 2551 2894 plus
2585 2836 2640 2881 et
2666 2826 2871 2905 Christi
2912 2845 3124 2884 servus.
3182 2830 3461 2896 Quamob-

199 2945 315 2985 rem
375 2943 539 2984 more
593 2937 677 2981 cst
739 2924 875 2978 mihi
929 2923 1208 2994 proposita
1278 2930 1501 2991 propter
1539 2918 1842 2984 Christum,
1881 2932 2044 2986 quam
2091 2925 2309 2984 oportet
2340 2932 2426 2971 me
2467 2932 2495 2969 a
2550 2927 2600 2970 te
2633 2930 2974 2987 exSpectare.
3012 2920 3120 2976 Fac
3169 2937 3299 2993 ergo
3332 2923 3461 2980 ‘cito

205 3023 350 3092 quod
383 3023 494 3076 scis
524 3028 581 3073 et
615 3018 880 3071 statuisti.

274 3115 348 3167 Γ.
367 3115 428 3166 Ὀ
455 3114 512 3163 δὲ
530 3111 887 3180 Ἀγριιτπῖιιος
909 3108 1010 3177 ἔφη
1029 3125 1040 3138 ·
1067 3109 1141 3159 Οὐ
1160 3110 1425 3176 συμφέρει
1444 3123 1525 3160 σοι
1541 3109 1600 3159 τὸ
1611 3107 1777 3174 ὄνομα

1962 3102 2052 3158 Ill.
2087 3102 2336 3160 Vicarius
2382 3103 2561 3160 dixit:
2597 3104 2718 3160 Non
2778 3107 2997 3179 expedit
3025 3107 3141 3173 tibi,
3190 3121 3224 3163 ο
3284 3109 3457 3173 Plato,

199 3205 296 3259 τοῦ
329 3202 573 3273 Χριστοῦ
607 3203 749 3254 κατὰ
774 3200 1014 3254 διάνοιαν
1062 3201 1238 3268 ἔχειν’
1280 3200 1403 3260 τοὺς
1438 3197 1547 3266 γὰρ
1585 3197 1780 3264 ὁμολο-

206 3297 441 3365 γοῦντας
477 3294 646 3348 αὐτὸν
672 3294 892 3363 θανάτῳ
921 3291 1316 3363 παραδίδοσθαι
1357 3290 1384 3342 6
1425 3286 1782 3358 αὐτοκράτωρ

203 3387 525 3448 ικέλευσεν,
560 3386 681 3445 τοὺς
713 3383 768 3434 δὲ
799 3383 1168 3450 ἀρνουμένους
1197 3382 1384 3448 τιμαῖς
1416 3378 1513 3430 καὶ
1546 3376 1781 3447 δωρεαῖς

203 3476 558 3550 ἀμείϐεσθαι.
593 3473 684 3524 Διὸ
718 3471 1074 3541 συμϐουλεύω
1119 3487 1200 3523 σοι
1234 3471 1517 3538 πεισθῆναι
1563 3466 1782 3560 τῷιτοῦ

203 3567 616 3634 αὐτοκράτορος
645 3562 816 3632 νόμῳ,
849 3563 945 3615 καὶ
983 3560 1240 3633 κερδῆσαι
1267 3559 1326 3612 τὸ
1357 3557 1526 3611 κακοῦ
1553 3557 1783 3610 θανάτου

204 3663 401 3732 πεῖραν
437 3656 650 3711 λαϐεῖν.
695 3655 1039 3726 Ἀποκριθεὶς
1058 3654 1115 3707 δὲ
1148 3653 1374 3707 Πλάτων
1407 3647 1595 3704 εἵπενο
1647 3645 1785 3714 Ἐγὼ

203 3751 434 3822 σιῷ-ἑμῷ
471 3747 732 3818 πείθομαι
773 3745 1005 3816 βασιλεῖ,
1054 3741 1098 3813 ᾦ
1145 3744 1541 3814 κεκλήρωμαι·
1584 3739 1675 3792 τὸν
1729 3736 1786 3788 δὲ

207 3846 556 3915 πρόσκαιρον
576 3838 764 3890 τοῦτον
786 3836 942 3904 αίροῦ
953 3853 1049 3904 μαι
1079 3835 1328 3898 θάνατον,
1347 3834 1434 3884 ἵνα
1453 3831 1552 3900 τὴν
1570 3829 1788 3883 αἰώνιον

206 3935 374 3989 αὐτοῦ
408 3931 809 4000 κληρονομήσω
837 3926 1139 3998 βασιλείαν.
1187 3925 1538 3995 Ἀγριππῖνος
1593 3920 1783 3988 λέγει·

1883 3195 2140 3250 Cruciiixi
2192 3211 2389 3250 nomen
2433 3197 2637 3254 habere
2677 3201 2729 3253 in
2785 3209 2988 3256 mente.
3023 3198 3157 3254 Nam
3211 3201 3300 3271 qui
3337 3217 3462 3256 eum

1884 3287 2234 3351 conﬁtentur,
2279 3288 2434 3356 jubet
2483 3290 2773 3357 imperator
2828 3291 2963 3343 tradi
3005 3292 3165 3344 morti
3205 3292 3461 3346 acerbae:

1884 3389 1979 3430 eos
2010 3383 2214 3443 autem,
2248 3375 2340 3445 qui
2409 3377 2587 3445 ipsum
2618 3385 2838 3448 negant,
2871 3375 3030 3432 donis
3059 3378 3308 3432 maximis
3351 3377 3464 3431 alii-

1889 3483 2035 3522 cere.
2065 3466 2435 3534 Quamobrem
2471 3469 2566 3525 tibi
2598 3472 2851 3539 consulo,
2888 3480 2945 3524 ut
2975 3486 3170 3542 pareas
3222 3471 3324 3539 legi
3355 3472 3464 3523 im-

1888 3561 2179 3627 peratoris,
2227 3571 2281 3613 et
2324 3561 2426 3613 hoc
2505 3561 2834 3626 lucrifacias,
2890 3575 2959 3615 ne
3011 3563 3202 3617 mortis
3255 3563 3465 3615 acerba:

1892 3649 2062 3704 facias
2108 3651 2441 3720 periculum.
2477 3652 2835 3721 Respondens
2859 3662 3042 3707 autem
3078 3653 3215 3707 dixit
3241 3662 3463 3707 sanctus

1893 3736 2087 3795 Plato:
2125 3740 2238 3810 Ego
2280 3755 2447 3810 pareo
2497 3756 2618 3795 meo
2650 3741 2804 3812 Regi,
2854 3745 2947 3797 cui
3035 3745 3198 3798 etiam
3257 3744 3467 3804 milito;

1891 3841 2123 3885 mortem
2153 3843 2359 3895 autem,
2394 3849 2512 3900 quae
2532 3844 2614 3886 est
2643 3836 2709 3887 ad
2753 3846 2984 3903 tempus,
3033 3836 3193 3904 eligo,
3251 3845 3311 3890 ut
3361 3837 3462 3889 sint

1893 3920 2068 3977 haeres
2098 3925 2244 3994 regni
2276 3925 2482 3978 interni.
2513 3925 2643 3982 Dicit
2673 3927 3002 3996 Agrippinus
3033 3945 3047 3981 ι
3082 3927 3397 3991 Considera,
3430 3947 3464 3984 ο

208 4028 432 4090 Ὕπαγε
471 4019 670 4090 σκέψαι
708 4020 770 4073 τὸ
805 4021 1086 4089 συμφέρον
1119 4035 1225 4082 σοι,
1270 4018 1354 4070 ίνα
1386 4014 1460 4086 μὴ
1484 4001 1579 4067 καὶ
1604 4011 1777 4074 κακῶς

1897 4015 2064 4082 Plato,
2096 4017 2355 4086 quidnam
2377 4018 2446 4072 sit
2474 4014 2569 4072 tibi
2602 4020 2966 4083 conducibile,
2993 4036 3059 4073 ne
3089 4021 3227 4074 male
3253 4036 3464 4090 pereas.

209 4115 520 4184 ἀποθάνῃς.
550 4111 898 4179 Ἀποκριθεὶς
924 4112 979 4163 δὲ
1005 4114 1031 4163 6
1057 4111 1207 4177 ἅγιος
1241 4110 1464 4162 Πλάτων
1489 4104 1643 4158 εἶπεν
1663 4120 1676 4133 °
1708 4103 1777 4155 Td

1897 4108 2040 4162 Dixit
2070 4121 2290 4162 sanctus
2327 4110 2480 4162 Plato
2509 4127 2522 4162 :
2552 4108 2775 4163 Curabit
2807 4111 3069 4163 Dominus
3093 4127 3156 4164 ea
3189 4124 3309 4179 qua!
3338 4120 3466 4164 sunt

211 4203 572 4279 συμφέροντά
587 4218 675 4272 μοι
695 4202 723 4253 6
741 4201 945 4271 Κύριος
968 4201 1314 4269 μεριμνήσει.
1334 4196 1685 4267 ’Λγριππῖνος
1703 4191 1777 4243 λέ·

1895 4201 2028 4256 ωἰίιὶ
2074 4202 2461 4257 conducibilia.
2505 4201 2647 4258 Dixit
2692 4203 3017 4274 Agrippinus
3054 4221 3066 4256 :
3102 4202 3251 4257 Nosti
3291 4201 3464 4264 Plato.

211 4317 324 4368 γει·
362 4299 587 4363 Ἐγνως
613 4293 682 4344 τὰ
712 4291 1110 4362 προστάγματα
1139 4289 1234 4343 τοῦ
1262 4288 1684 4358 αὐτοκράτορος,
1717 4282 1777 4346 ὡς

1894 4292 2045 4362 Ῑυδεσ
2090 4292 2453 4362 imperatoris,
2522 4295 2793 4360 quomodo
2850 4294 3078 4361 jubeant
3131 4295 3469 4349 intemerata:

213 4391 538 4447 κελεύωσιν
562 4389 612 4442 οί
644 4387 907 4458 άχραντοι
937 4384 1103 4440 αὑτοῦ
1144 4385 1299 4453 νόμοι
1345 4382 1620 4452 πανταχοῦ
1664 4381 1777 4434 πάν

1897 4384 2014 4452 ejus
2047 4383 2192 4448 leges
2224 4398 2416 4436 omnes
2447 4383 2789 4437 Christianos
2818 4390 2912 4436 aut
2969 4383 3074 4436 diis
3135 4383 3462 4446 sacriﬁcare,

213 4502 310 4548 τας
333 4484 470 4546 τοὺς
497 4449 860 4551 Χριστιανοὺς
901 4477 934 4532 ἢ
976 4476 1123 4528 θύειν
1160 4449 1278 4544 ἢ-τὸ
1316 4476 1417 4545 ζῇν
1453 4449 1777 4527 ἀπἀλλάττε.

1901 4449 1992 4528 aut
2023 4474 2128 4528 vita
2145 4474 2341 4544 privari
2370 4473 2392 4526 ?
2423 4473 2503 4528 Tu
2533 4490 2661 4544 ergo
2689 4475 2958 4544 quomodo
2987 4475 3155 4531 audes
3191 4474 3466 4543 hiecjussa

215 4576 355 4629 σθαι.
389 4574 467 4625 Σὺ
491 4571 586 4624 οῦν
608 4569 724 4630 πῶς
741 4566 947 4638 τολμᾷς
968 4564 1271 4634 ἀνατρέψαί
1298 4569 1365 4617 τά
1389 4566 1777 4635 προστάγματα

1901 4577 2167 4631 evertere,
2187 4578 2240 4622 et
2259 4583 2353 4637 per
2369 4568 2790 4631 inobedientiam
2810 4583 2904 4622 eos
2921 4569 3106 4630 etiam,
3128 4571 3217 4643 qui
3237 4570 3329 4621 tibi
3367 4583 3464 4635 pa-

217 4663 306 4718 τοῦ
333 4657 608 4732 βασιλέως
640 4659 732 4712 διὰ
763 4657 864 4726 τῆς
895 4657 1180 4727 παρακοῆς
1214 4658 1309 4709 καὶ
1331 4658 1454 4718 τοὺς
1483 4655 1777 4708 ὑπακούον-

1899 4668 2040 4722 rent,
2077 4659 2315 4712 evertis?
2358 4658 2502 4711 Dixit
2539 4667 2760 4713 sanctus
2814 4656 2964 4711 Plato
2999 4675 3013 4710 :
3045 4654 3280 4728 Cognovi
3309 4658 3463 4727 jussa

216 4774 313 4821 τας
343 4751 720 4822 ἀνατρᾶπειςς
746 4749 970 4803 Πλάτων
1005 4749 1245 4814 γελάσας
1274 4745 1430 4801 εἶπεν
1450 4765 1465 4781 ·
1500 4749 1713 4816 Ἐγνως
1735 4747 1777 4800 τί

1900 4750 1992 4803 Dei
2065 4750 2195 4812 mei,
2268 4750 2410 4803 sicut
2470 4750 2666 4819 jubcnt
2723 4752 2842 4821 ejus
2916 4750 3256 4804 intemerata:
3321 4753 3466 4820 leges

219 4844 558 4914 πρόσταγμα
585 4837 679 4889 τοῦ
716 4834 852 4887 Θεοῦ
893 4851 1018 4900 μου,
1055 4833 1129 4895 ὼς
1156 4835 1438 4887 κελεύουσί
1467 4851 1558 4902 μοι
1592 4833 1777 4904 ἄκραν·

1897 4853 1952 4896 et
1991 4843 2201 4895 vivifica
2259 4853 2545 4910 praecepta,
2597 4858 2795 4911 nempe
2847 4843 3158 4896 dannonum
3213 4843 3464 4912 mysteria

216 4952 298 4988 τοι
322 4927 497 4984 αὐτοῦ
531 4927 708 4994 νόμοι,
751 4924 1084 4993 ἀνατρέπειν
1129 4924 1228 4986 τὰς
1261 4923 1369 4977 τῶν
1398 4922 1672 4992 δαιμόνων
1710 4938 1777 4974 τε·

1898 4945 2168 4998 evertere,
2199 4944 2254 4989 et
2299 4936 2345 4987 ei
2375 4935 2472 4987 soli
2516 4938 2741 4990 servire.
2801 4937 2983 5000 Neque
3017 4935 3161 4989 enim
3229 4946 3310 4988 est
3369 4933 3468 4989 tibi

219 5022 376 5084 λιτάς
435 5017 533 5071 καὶ
587 5013 738 5084 αὐτῴ
802 5015 949 5087 μόνῳ
1003 5013 1306 5084 λατρεύειν,
1359 5012 1485 5066 οὐτε
1527 5030 1610 5074 σοι
1645 5013 1777 5078 ξένοι

1898 5045 2100 5084 novum
2143 5039 2198 5084 et
2250 5030 2511 5094 alienum,
2583 5031 2893 5101 excogitare
2935 5042 3205 5086 tormenta
3241 5051 3253 5087 :
3289 5044 3467 5098 neque

219 5112 368 5165 ἐστὶν
410 5105 654 5162 δπινοεῖν
699 5104 990 5172 βασάνους,
1038 5103 1164 5156 οὐτε
1209 5102 1267 5156 δὲ
1301 5105 1401 5172 ἐμὲ
1450 5101 1777 5171 αἰκιζόμενοι

1901 5137 2090 5175 rursus
2114 5121 2268 5183 milii,
2300 5121 2434 5174 mori
2471 5135 2568 5190 pro
2596 5122 2816 5191 pietate.
2852 5123 2932 5176 Tu
2953 5125 3096 5177 enim
3129 5125 3236 5189 jam
3265 5125 3465 5179 multos

225 5201 362 5269 ὑπὲρ
397 5197 502 5266 τῆς
538 5194 816 5256 εὐσεϐείας
859 5190 1246 5264 ἀποθνήσκειν.
1289 5194 1361 5245 Σὺ
1393 5193 1498 5263 γὰρ
1529 5193 1630 5262 ἤδη
1675 5192 1772 5245 πολ

1901 5213 2164 5266 sustulisti
2204 5212 2269 5266 de
2298 5213 2474 5265 medio
2521 5190 2742 5281 propter
2810 5212 2950 5267 hanc
3013 5214 3413 5270 confessionem
3449 5252 3464 5276 ,

223 5293 345 5354 λοῦ(
377 5291 478 5342 ἰπὶ
508 5293 576 5359 τῇ
604 5287 826 5359 τοιαύτῃ
861 5288 1113 5341 ὑποθέσει
1145 5287 1376 5350 ἀνεῖλες,
1412 5291 1608 5349 οἵτινες
1644 5285 1777 5353 νική-

1900 5305 2017 5371 qui,
2049 5313 2221 5357 morte
2288 5303 2524 5369 devicta,
2555 5305 2778 5372 justitiae
2839 5316 3166 5374 acceperunt
3205 5319 3460 5361 coronam

225 5402 416 5448 σαντες
462 5385 555 5436 τὸν
589 5384 819 5436 θάνατον
865 5383 1193 5453 ἀνεδήσαντο
1236 5382 1376 5436 κατὰ
1424 5380 1518 5432 τοῦ
1550 5378 1777 5432 διασόλοι

1901 5397 2164 5450 adversus
2196 5395 2492 5451 diabolum.

223 5481 311 5534 τὸν
339 5478 444 5546 τῆς
470 5475 824 5543 δικαιοσύνης
865 5476 1151 5544 στέφανον.

290 5576 369 5626 Δ’.
405 5569 524 5622 Καὶ
553 5572 582 5621 ὁ
617 5569 974 5639 Ἀγριππῖνος
1004 5568 1178 5621 ταῦτα
1216 5566 1457 5628 ἀκούσας
1488 5564 1772 5636 αίρεσίτρο

1973 5574 2062 5630 ιν.
2097 5573 2422 5643 Agrippinus
2445 5582 2624 5629 autem
2668 5592 2788 5630 cum
2824 5576 2935 5629 haec
2963 5575 3241 5639 audiisset,
3280 5586 3337 5628 ut
3373 5577 3462 5642 qui

228 5669 322 5733 πός
352 5681 414 5718 τε
461 5662 728 5732 ὑπάρχων
773 5663 862 5716 καὶ
890 5663 1032 5714 κατά
1073 5661 1178 5713 τῶν
1217 5659 1464 5729 ἀθλητῶν
1509 5659 1607 5728 τῆς
1647 5660 1770 5710 εὐσε

1905 5676 2047 5720 esset
2082 5682 2253 5721 saevus
2276 5679 2328 5721 et
2359 5669 2614 5723 belluinis
2647 5669 2909 5732 moribus,
2942 5678 2996 5722 et
3025 5669 3467 5723 adversusathle-

227 5760 375 5820 σείας
409 5754 865 5825 ὐπερῦαλλόντως
900 5754 1244 5824 ἠγριωμένος
1270 5752 1519 5820 καθάπερ
1558 5754 1677 5803 τινὰ
1705 5751 1777 5802 ἐπ

1908 5767 1988 5810 tas
2018 5757 2236 5826 pictatis
2270 5774 2432 5826 supra
2471 5763 2686 5812 modum
2734 5759 3012 5824 efferatus,
3053 5758 3214 5811 veluti
3269 5773 3462 5826 quem-

227 5849 369 5919 φόνῳ
414 5849 614 5904 ἁλόντα
653 5847 686 5918 ἢ
719 5847 808 5899 ἐπί
834 5863 936 5900 τινι
965 5845 1134 5916 ἑτέρῳ
1162 5843 1611 5916 πλημμελήματι.
1642 5845 1777 5897 Mm

1906 5847 2028 5904 dam
2057 5848 2220 5904 Caedis
2254 5861 2424 5917 reum,
2456 5861 2548 5904 aut
2602 5853 2830 5922 alicujus
2866 5854 3093 5910 alterius
3126 5851 3332 5921 magnis
3367 5851 3455 5905 cri-
