4180 6482
750 388 853 448 407

2057 397 2341 457 MENSIS
2375 398 2666 465 IULIUS.

3893 411 4002 473 408

749 500 915 555 minis
944 498 1280 570 convictum,
1319 513 1607 577 postquam
1653 508 1771 578 ipse
1826 508 1891 563 ab
1919 507 2072 564 initio
2102 509 2319 563 didicis-

2430 513 2489 565 τὸ
2524 516 2716 583 μαθεῖν
2751 518 2913 572 αὑτὸν
2945 520 3008 572 ἐκ
3045 521 3349 589 προοιμίων
3394 523 3494 591 τὴν
3521 523 3707 576 τούτου
3743 524 3879 592 πρὸς
3909 526 4000 577 τὸν

750 603 829 645 set
865 595 986 661 ejus
1044 595 1097 648 in
1156 594 1446 652 Dominum
1514 607 1763 654 nostrum
1814 600 1994 655 Jesum
2047 600 2321 656 Christum

748 688 1001 741 Virtutem
1042 697 1094 742 et
1126 688 1282 743 ﬁdem
1318 690 1525 744 ﬁrmam
1559 700 1608 745 et
1652 692 2005 759 immobilem,
2041 694 2196 763 jubet
2229 709 2321 747 ex-

748 788 962 831 tensum
1001 795 1142 835 saeve
1180 783 1313 835 caedi
1342 784 1527 837 nervis
1560 784 1795 840 bubulis.
1829 782 1983 850 Quod
2015 802 2136 840 cum
2161 802 2319 854 quam

746 870 983 939 primum
1016 872 1219 927 factum
1248 882 1415 936 esset,
1448 884 1501 928 et
1534 886 1768 945 quatuor
1821 877 2023 931 milites
2070 888 2318 931 sanctum

745 963 1097 1016 verberarem
1143 966 1343 1021 multas
1400 966 1582 1031 horas,
1614 979 1669 1022 et
1722 968 1922 1024 defessi
1980 980 2182 1034 essent,
2231 970 2319 1023 alii

744 1064 926 1108 autem
973 1056 1260 1110 duodecim
1326 1058 1526 1113 milites
1553 1061 1617 1113 ad
1652 1062 1700 1114 id
1750 1062 1941 1115 mutati
1997 1072 2192 1124 essent,
2250 1076 2321 1116 ne

747 1145 854 1197 ulla
889 1146 1106 1214 quidem
1145 1149 1367 1202 inventa
1398 1159 1479 1203 est
1515 1154 1724 1206 macula
1760 1154 1813 1206 in
1863 1168 2090 1223 corpore
2144 1155 2317 1208 sancti

745 1233 989 1290 Platonis
1036 1254 1047 1289 :
1114 1239 1251 1291 adeo
1289 1249 1349 1293 ut
1402 1256 1597 1295 omnes
1652 1244 1871 1311 quidem
1935 1246 2315 1315 obstupefacti,

747 1343 915 1395 supra
954 1327 1177 1382 modum
1206 1329 1463 1389 admirati
1503 1332 1729 1399 fuerint,
1773 1346 1827 1389 et
1865 1352 1893 1389 a
1945 1352 2003 1391 se
2052 1337 2321 1391 discesse-

745 1422 887 1486 rint;
918 1421 1033 1491 ipse
1060 1432 1250 1476 autem
1279 1424 1519 1478 alacrius
1548 1436 1603 1481 et
1666 1428 2004 1481 constantius
2064 1443 2320 1496 perseve-

742 1516 946 1569 raverit
992 1517 1049 1571 in
1090 1515 1437 1572 confessione
1469 1518 1694 1586 Christi,
1728 1528 1781 1573 et
1806 1536 1907 1589 per
1964 1522 2164 1575 multas
2200 1521 2317 1575 affi-

743 1606 955 1659 ctiones
990 1606 1564 1676 contenderitingredi
1596 1608 1650 1660 in
1678 1625 1902 1679 regnum
1945 1608 2062 1675 Dei,
2094 1609 2146 1663 in
2175 1610 2318 1678 quod

746 1711 855 1750 non
884 1696 1031 1749 cadit
1053 1696 1330 1752 interitus.

814 1786 879 1841 V.
922 1789 1062 1843 Dixit
1096 1790 1428 1859 Agrippinus
1454 1809 1466 1844 :
1492 1789 1603 1860 Ego
1636 1790 1731 1845 tibi
1768 1793 1995 1848 consulo
2032 1802 2093 1847 ut
2144 1796 2317 1849 amico

744 1887 805 1932 ut
832 1890 1062 1933 mortem
1099 1881 1317 1950 quidem
1352 1881 1616 1951 declines,
1665 1886 1731 1937 ad
1766 1883 1927 1937 vitam
1992 1895 2174 1940 autem
2226 1900 2319 1940 ac-

743 1965 923 2019 cedas.
971 1966 1117 2020 Dixit
1176 1976 1397 2021 sanctus
1453 1968 1659 2023 Plato:
1722 1971 1886 2025 Recte
1941 1973 2224 2037 admones,
2283 1990 2317 2029 o

741 2057 1066 2126 Agrippine.
1098 2058 1272 2127 Fugio
1302 2061 1447 2112 enim
1484 2071 1718 2114 mortem
1772 2074 2054 2126 aeternam,
2125 2076 2181 2119 et
2249 2066 2318 2120 ad

742 2148 909 2203 vitam
941 2164 1028 2203 me
1067 2148 1288 2203 confero
1323 2150 1732 2219 sempiternam.
1761 2152 1906 2207 Dixit
1935 2153 2263 2223 Agrippinus
2299 2172 2313 2209 :

743 2240 862 2307 Dic,
897 2241 1266 2304 cacodmmon,
1299 2251 1433 2310 quot
1456 2252 1585 2296 sunt
1617 2243 1857 2298 mortes?
1917 2244 2062 2299 Dixit
2095 2254 2318 2302 sanctus

750 2332 907 2385 Plato
942 2348 955 2385 :
991 2332 1119 2385 Dua:
1158 2348 1313 2386 :.una
1355 2333 1575 2400 quidem
1610 2335 1675 2387 ad
1704 2344 1918 2403 tempus
1947 2354 1962 2400 ;
1998 2336 2165 2389 altera
2190 2352 2319 2389 vero

743 2432 972 2478 aeterna.
1004 2423 1080 2477 ita
1123 2424 1307 2487 etiam,
1338 2425 1458 2479 dua:
1489 2424 1614 2480 vitae
1647 2444 1661 2480 :
1688 2442 1796 2481 una
1847 2427 2067 2496 quidem
2099 2427 2316 2494 brevis;

743 2511 910 2565 altera
946 2525 1077 2565 vero
1126 2512 1475 2582 sempiterna.
1540 2514 1687 2570 Dixit
1737 2516 2070 2587 Agrippinus
2128 2537 2143 2574 :
2204 2517 2321 2573 Diis

743 2604 1011 2669 sacriﬁca,
1040 2614 1095 2659 et
1128 2607 1339 2659 declina
1387 2606 1677 2661 cruciatus.
1704 2608 1842 2662 Dixit
1880 2622 2101 2665 sanctus
2132 2610 2317 2666 Plato:

743 2694 851 2749 Fac
880 2697 1009 2757 cito,
1043 2711 1076 2749 o
1138 2698 1457 2767 Agrippine,
1491 2698 1547 2753 id
1586 2700 1730 2768 quod
1782 2698 1879 2753 tibi
1914 2702 2147 2757 videtur.
2206 2701 2321 2771 Ego

744 2787 889 2840 enim
921 2803 1203 2856 nunquam
1239 2790 1509 2845 sacriﬁco.
1538 2789 1724 2860 Neque
1764 2792 1912 2845 enim
1944 2792 2108 2861 ignis,
2141 2807 2320 2861 neque

743 2896 898 2946 crux,
934 2896 1111 2949 neque
1150 2881 1228 2935 ira
1259 2880 1579 2944 bestiarum,
1614 2897 1791 2950 neque
1820 2883 2019 2937 ablatio
2046 2884 2321 2939 membro-

745 2986 865 3024 rum
901 2972 1059 3026 nohis
1091 2974 1426 3041 persuadent
1468 2988 1497 3026 a
1532 2973 1640 3028 Deo
1676 2974 1799 3028 vivo
1832 2974 2083 3030 deﬁcere.
2138 2974 2321 3043 Neque

745 3061 891 3114 enim
922 3061 1195 3133 diligimus
1245 3063 1389 3133 quod
1448 3079 1592 3119 nunc
1622 3074 1703 3119 est
1734 3065 1992 3120 saeculum
2031 3083 2046 3121 :
2092 3067 2189 3121 sed
2228 3068 2318 3135 qui

644 3203 654 3212 ,
742 3168 843 3223 pro
881 3170 967 3209 me
1002 3164 1084 3210 est
1113 3167 1359 3210 mortuus
1389 3166 1445 3211 et
1479 3159 1803 3220 resurrexit,
1840 3159 2144 3213 Christum.

826 3241 922 3297 Vl.
960 3243 1055 3298 His
1097 3246 1320 3311 auditis,
1352 3247 1678 3317 Agrippinus
1699 3249 1863 3317 jussit
1887 3263 2009 3303 eum
2043 3247 2227 3305 reduci
2262 3248 2314 3303 in

747 3350 1048 3391 carcerem.
1099 3337 1447 3406 Sequebatur
1494 3350 1678 3395 autem
1728 3341 1897 3396 multa
1945 3342 2103 3396 turba
2156 3342 2316 3397 Chri-

749 3429 1070 3497 stianorum,
1098 3440 1320 3501 pr0pter
1353 3433 1473 3501 ejus
1498 3444 1745 3487 sanctam
1786 3439 1838 3488 et
1861 3435 2149 3503 gloriosam
2184 3450 2315 3488 con-

749 3521 1067 3576 fessionem.
1133 3521 1309 3577 Fortis
1340 3534 1521 3578 autem
1561 3534 1614 3579 et
1679 3523 2055 3596 magnanimus
2118 3527 2317 3582 Christi

754 3621 953 3683 martyr
1000 3612 1153 3669 Plato
1204 3614 1365 3685 jussit
1400 3617 1502 3670 sibi
1548 3616 1662 3671 ﬁeri
1728 3618 2029 3674 silentium.
2063 3620 2128 3674 Et
2164 3630 2318 3689 post-

752 3718 914 3770 quam
1002 3705 1103 3773 ipsi
1171 3696 1473 3759 cessarunt'
1527 3722 1555 3759 a
1613 3710 1868 3771 tumultu,
1921 3727 2053 3764 voce
2110 3714 2318 3765 sublata

754 3795 891 3849 dixit
948 3795 1079 3850 eis:
1155 3794 1268 3851 Viri
1332 3797 1422 3868 qui
1454 3797 1749 3865 Christum,
1790 3800 2035 3873 diligitis,
2079 3812 2133 3858 et
2189 3806 2319 3860 estis

753 3896 1027 3945 amatores
1086 3891 1355 3956 veritatis,
1406 3907 1513 3947 non
1562 3893 1667 3947 levi
1699 3894 1766 3948 de
1816 3910 1977 3951 causa
2031 3899 2167 3953 adeo
2216 3899 2321 3953 hoc

755 3988 1036 4033 certamen
1066 3997 1080 4033 :
1108 3982 1204 4036 sed
1241 3992 1466 4051 propter
1492 3984 1804 4038 effectorem
1840 3982 1954 4045 cali
1985 3998 2039 4041 et
2072 4000 2229 4043 terrze
2269 3999 2323 4055 et

753 4068 997 4121 omnium
1041 4083 1161 4139 qua:
1196 4078 1325 4124 sunt
1351 4070 1407 4124 in
1435 4070 1536 4124 eis.
1571 4066 1649 4126 Ne
1690 4087 1784 4127 vos
1813 4087 1942 4145 ergo
1970 4076 2319 4142 conturbent,

755 4174 909 4229 rogo,
954 4175 1018 4214 ea
1058 4176 1178 4230 qua:
1229 4160 1387 4217 ﬁunt.
1424 4163 1607 4219 Multa
1662 4167 1807 4219 enim
1860 4178 1988 4221 sunt
2024 4170 2322 4238 aﬂlicliones

746 4254 1035 4320 justarum,
1078 4262 1126 4306 et
1158 4270 1223 4308 ea:
1248 4256 1321 4307 eis
1366 4258 1600 4310 omnibus
1658 4258 1895 4311 liberabit
1945 4260 2083 4323 ipso:
2145 4260 2327 4312 Domi-

757 4362 854 4397 nus
876 4348 912 4399 ί.
942 4346 1139 4401 Adeste
1164 4348 1231 4402 de
1271 4358 1489 4413 caatero,
1525 4360 1577 4405 et
1598 4352 1975 4422 confugiamus
2029 4368 2219 4408 omnes
2251 4355 2324 4409 si-

756 4432 867 4484 mul
895 4433 959 4486 ad
988 4444 1227 4502 portum,
1262 4437 1355 4504 qui
1412 4438 1570 4491 nullis
1604 4439 1837 4508 agitatur
1886 4442 2325 4507 tempestatibus,

2348 3171 2395 3232 ο

2430 606 2633 675 Κύριον
2666 611 2821 677 ήμῶν
2866 612 3069 681 Ἰησοῦν
3113 614 3347 680 Χριστὸν
3391 616 3595 685 ἀρετήν
3618 632 3675 667 τε
3717 618 3811 668 καὶ
3861 617 3998 670 ἀσά-

2428 698 2615 753 λευτον
2666 702 2885 768 πίστιν,
2936 706 3409 776 παρεκελεύσατο,
3456 708 3643 761 τοῦτον
3696 710 3997 762 ἐκταθέντα

2424 790 2689 860 δέρμασιν
2727 795 2898 865 ὠμοῖς
2947 799 3039 849 καὶ
3091 796 3253 866 βοῖοις
3287 798 3615 863 αἰκίζεσθαι.
3661 800 3770 852 Καὶ
3802 802 3995 851 τούτου

2424 883 2730 950 γενομένου
2753 887 2848 938 καὶ
2871 888 3155 956 τεσσάρων
3187 890 3533 957 στρατιωτῶν
3562 892 3881 942 τυπτόντων
3911 894 4000 943 τὸν

2425 970 2581 1038 ἅγιον
2615 975 2705 1024 ἐπὶ
2740 976 2965 1038 πολλαῖς
3010 977 3181 1046 ῶραις
3232 980 3326 1031 καὶ
3377 981 3741 1033 ἀτονισάντων
3793 982 3998 1049 ἑτέρων

2427 1063 2773 1129 στρατιωτῶν
2791 1065 3002 1119 δώδεκα
3029 1068 3393 1135 άλλαγέντων,
3418 1070 3537 1121 οὐδὲ
3565 1072 3591 1121 ὸ
3620 1071 3781 1141 τυχδν
3810 1072 3998 1133 σπίλος

2425 1153 2623 1223 εὑρέθη
2665 1156 2723 1207 ὲν
2773 1156 2853 1225 τῷ
2913 1157 3128 1227 σώματι
3168 1159 3262 1210 τοῦ
3308 1159 3463 1227 ἁγίου
3514 1160 3824 1223 Πλάτωνος,
3858 1160 3995 1213 ῶστε

2424 1246 2631 1309 πάντας
2664 1245 3040 1315 ἐκπλαγέντας
3073 1250 3373 1317 θαυμάσαι,
3407 1249 3568 1302 αὑτὸν
3612 1250 3668 1303 δὲ
3718 1252 3997 1321 προθυμό-

2422 1350 2581 1403 τερον
2611 1336 2866 1403 ιμμείναι
2917 1340 2982 1405 τῇ
3018 1336 3111 1389 τοῦ
3164 1338 3399 1406 Χριστοῦ
3446 1338 3739 1407 ὁμολογία,
3780 1339 3874 1391 καὶ
3912 1340 3996 1391 δια

2424 1424 2635 1477 πολλῶν
2689 1424 2924 1494 θλίψεων
2959 1429 3259 1481 σπεύδοντα
3306 1430 3565 1483 είσελθείν
3615 1435 3694 1494 είς
3750 1432 3852 1504 τὴν
3902 1434 3996 1486 τοῦ

2423 1515 2560 1569 Θεοῦ
2594 1517 2871 1587 ἄφθαρτον
2906 1518 3209 1588 βασιλείαν.

2494 1779 2570 1834 E'.
2615 1781 2971 1850 Ἀγριππῖνος
3004 1779 3156 1834 εἶπεν
3177 1799 3191 1813 ο
3233 1780 3373 1851 Ἐγώ
3404 1800 3485 1835 σοι
3507 1784 3775 1853 ,παραινῶ
3812 1786 3999 1837 lxxii-

2423 1887 2511 1924 ναι
2538 1872 2630 1924 τδν
2680 1872 2911 1925 θάνατον
2944 1875 3035 1926 καὶ
3082 1875 3452 1943 προσδραμεῖν
3480 1879 3547 1946 τῇ
3596 1877 3730 1945 ζωῇ.
3769 1877 4001 1931 Πλάτων

2420 1958 2562 2018 εἷπε·
2605 1966 2802 2028 Καλῶς
2846 1970 3154 2035 παραινεῖς,
3190 1962 3236 2019 ὦ
3278 1969 3625 2036 Ἀγριππίνε’
3666 1970 3858 2037 φεύγω
3890 1970 4000 2039 γάρ

2418 2056 2512 2109 τὸν
2560 2057 2776 2110 αίώνιον
2814 2059 3044 2112 θάνατον
3068 2063 3162 2112 καί
3191 2060 3528 2130 προσφεύγω
3562 2064 3627 2132 τῇ
3661 2063 3822 2129 ἀϊδίῳ
3859 2062 3994 2131 ζωῇ.

2433 2146 2789 2216 Ἀγριππῖνος
2836 2142 3026 2202 εἶπενο
3064 2149 3230 2211 Εἰπὲ.
3280 2149 3633 2217 κακόδαιμον,
3684 2150 3843 2204 πόσοι
3891 2154 3997 2203 είσὶ

2422 2237 2680 2303 θάνατοι;
2733 2238 2959 2293 Πλάτων
2996 2236 3149 2293 εἷπεο
3203 2241 3339 2292 Δύο·
3401 2244 3429 2293 ὁ
3494 2238 3593 2309 μὶν
3632 2240 4001 2311 πρόσκαιρος,

2420 2330 2449 2380 ὁ
2521 2329 2577 2381 δὲ
2635 2330 2885 2393 αἰώνιος’
2944 2332 3114 2394 οὕτως
3156 2332 3211 2383 δὲ
3274 2332 3366 2384 καὶ
3428 2329 3565 2395 ζωαὶ
3620 2332 3742 2385 δύο·
3792 2335 3827 2401 ἡ
3900 2333 4001 2398 μὲν

2424 2421 2819 2492 ὀλιγοχρόνιος,
2894 2425 2925 2493 η
2980 2424 3037 2476 δὲ
3094 2423 3346 2486 ἀείζωος.
3386 2424 3740 2493 ’Δγριππίνος
3803 2420 3990 2477 εἶπεν·

2421 2512 2595 2567 Θύσον
2667 2517 2781 2577 τοῖς
2834 2515 2997 2579 θεοῖς,
3072 2516 3165 2569 καὶ
3227 2517 3327 2577 τὰς
3381 2516 3653 2585 τιμωρίας
3720 2516 3990 2570 ἐκκλινον.

2421 2605 2648 2659 Πλάτων
2727 2605 2915 2659 εἶπεν·
2970 2608 3123 2660 Ποίει
3200 2608 3259 2661 τὸ
3319 2608 3511 2662 δοκοῦν
3591 2614 3674 2661 σοι
3751 2610 3989 2679 ἀπηνές·

2420 2698 2531 2765 ἐγὼ
2559 2700 2665 2768 γὰρ
2692 2700 2752 2749 οὐ
2784 2697 2897 2751 θύω
2915 2716 2927 2730 ⁸
2954 2698 3078 2753 οὗτε
3115 2700 3223 2768 γάρ
3243 2702 3431 2769 πυρὸς,
3457 2698 3581 2752 οὔτε
3608 2700 3839 2770 θηρίων,
3869 2702 3991 2755 οὔτε

2424 2789 2598 2859 θυμοῦ
2654 2792 2812 2861 μερὶς
2864 2791 3182 2863 ποιήσουσίν
3232 2810 3299 2862 με
3354 2793 3656 2862 ἀποστῆναι
3702 2794 3812 2846 ἀπὸ
3862 2793 3995 2846 Θεοῦ

2424 2881 2621 2947 ζῶντος
2642 2900 2655 2913 ·
2677 2884 2739 2936 οὐ
2768 2883 2872 2952 γὰρ
2894 2885 2984 2936 τὸν
3018 2884 3111 2937 νῦν
3132 2884 3330 2953 ἀγαπῶ
3363 2885 3555 2949 αίῶνα,
3584 2885 3722 2937 ἀλλά
3750 2886 3842 2939 τὸν
3872 2886 3996 2955 μέ).-

2422 2976 2581 3027 λοντα
2615 2976 2707 3026 καὶ
2751 2975 2842 3027 τὸν
2875 2977 3013 3045 ὑπὲρ
3061 2976 3196 3045 ἐμοῦ
3250 2977 3595 3031 ἀποθανόντα
3630 2979 3869 3047 Χριστὸν
3902 2980 3994 3032 καὶ

2422 3067 2750 3122 ἀναστάντα.

2494 3244 2583 3311 ς’.
2620 3244 2730 3296 Καὶ
2779 3245 2805 3295 ὁ
2849 3244 3205 3310 ’Δγριππίνος
3242 3244 3381 3296 αὐτὰ
3430 3244 3669 3307 ἀκούσας
3702 3248 3995 3299 ἐκέλευσεν

2418 3337 2582 3391 αὑτὸν
2614 3334 2993 3403 ἀναληφθῆναι
3032 3338 3091 3387 ὲν
3144 3336 3221 3404 τῷ
3273 3336 3670 3407 δεσμωτηρίῳ·
3728 3338 3882 3405 δχλος
3937 3341 3996 3395 δι

2418 3428 2585 3490 πολὺς
2613 3425 2901 3495 ἠκολούθει
2929 3428 3039 3479 τῶν
3066 3427 3408 3496 Χριστιανῶν
3444 3427 3537 3479 ἐπὶ
3565 3431 3629 3496 τῇ
3662 3429 3795 3499 ἀγίᾳ
3827 3430 3991 3483 αὑτοῦ

2419 3519 2517 3572 καὶ
2548 3519 2745 3587 ἐνδόξῳ
2794 3520 3073 3589 ὁμολογίᾳ.
3143 3518 3200 3570 '0
3248 3519 3302 3570 δὶ
3353 3519 3711 3588 μεγαλόφρων
3753 3523 3851 3574 καὶ
3900 3523 3995 3575 ἀν-

2419 3611 2596 3679 δρεῖος
2619 3610 2709 3663 τοῦ
2739 3610 2979 3679 Χριστοῦ
3015 3612 3224 3679 μάρτυς
3262 3611 3549 3662 ἐκέλευσεν
3580 3612 3729 3680 αύτῷ
3762 3614 3996 3682 ἡσυχίαν

2420 3704 2676 3770 γενέσθαι
2706 3702 2803 3754 καὶ
2841 3703 2982 3769 μετὰ
3006 3702 3100 3754 τοῦ
3134 3701 3451 3753 παύσασθαι
3473 3704 3671 3763 αὐτοὺς
3703 3704 3797 3757 τοῦ
3831 3705 3995 3774 θορύο

2416 3792 2541 3857 ὅου,
2579 3794 2791 3863 ἐπάρας
2824 3794 2923 3862 τὴν
2968 3792 3105 3846 ίδὶαν
3130 3794 3313 3863 φωνὴν
3358 3789 3543 3845 εἶπεν·
3579 3794 3810 3865 ’ἀνδρες
3850 3795 3997 3861 φιλὸ-

2422 3904 2634 3957 χριστοι
2671 3887 2764 3940 καὶ
2803 3888 2899 3954 τῆς
2934 3886 3194 3956 ἀληθείας
3231 3886 3482 3956 ἐρασταὶ,
3523 3886 3584 3938 ού
3633 3884 3850 3953 φαύλης
3883 3886 3998 3937 ἓνε-

2423 3995 2517 4031 κεν
2551 3978 2729 4036 αἰτίας
2770 3979 2861 4027 ἐπὶ
2890 3978 3039 4029 τόνδε
3071 3979 3303 4047 πάρειμι
3321 3978 3529 4043 ἀγῶνα,
3558 3980 3674 4030 ἀλλ’
3694 3980 3884 4031 ἕνεκεν
3905 3978 3999 4030 τοῦ

2425 4068 2657 4138 Ποιητοῦ
2690 4066 2924 4139 ούρανοῦ
2957 4070 3049 4121 καὶ
3070 4070 3172 4137 γῆς
3205 4068 3299 4121 καὶ
3322 4068 3538 4120 πάντων
3561 4067 3669 4119 τῶν
3700 4069 3759 4118 ὲν
3786 4070 3995 4129 αὐτοῖς.

2424 4164 2515 4233 Μὴ
2532 4162 2711 4214 τοίνυν
2736 4136 2883 4233 qui;
2905 4160 3227 4229 θορυϐεῖται,
3250 4160 3579 4229 παρακαλῶ,
3595 4161 3653 4213 τὸ
3678 4160 3993 4228 γενόμενον·

2424 4253 2655 4308 Πολλοὶ
2679 4253 2788 4322 γὰρ
2806 4255 2865 4305 al
2883 4254 3119 4320 θλΙψεις
3147 4251 3265 4303 τῶν
3291 4252 3554 4314 δικαίων,
3578 4252 3676 4303 καί
3697 4253 3765 4304 ἐκ
3784 4253 4000 4305 πασῶν

2419 4346 2671 4410 ῥύσεται
2725 4344 2947 4409 αὐτοὺς
2982 4346 3014 4396 d
3052 4343 3290 4409 Κύριος.
3341 4343 3503 4394 ’Δλλὰ
3549 4342 3701 4395 δεῦτε
3750 4344 3993 4404 πάντες·

2429 4436 2563 4503 ὁμοῦ
2632 4437 3045 4504 καταφύγωμεν
3117 4437 3209 4489 ἐπὶ
3281 4438 3371 4489 τὸν
3414 4436 3750 4505 ἀχείμαστον
3798 4436 3995 4506 λιμένι

756 4540 954 4593 nempe
974 4498 1359 4592 Christum,-et
1390 4530 1458 4583 ad
1491 4498 1724 4599 petram,
1752 4545 1912 4598 quam
1948 4498 2171 4600 magnus
2192 4498 2319 4585 dixii

2430 4498 2670 4598 Χριστοῦ
2720 4498 2814 4582 καί
3011 4531 3237 4598 πέτραν,
3296 4531 3360 4597 ἥν
3396 4532 3423 4583 ὁ
3453 4498 3645 4598 ’μέγας
3677 4498 4000 4590 Ἀπὸστολσς

762 4617 1052 4685 Apostolus
1085 4632 1099 4670 :
1132 4617 1291 4672 Petra
1311 4630 1487 4673 autem
1518 4632 1633 4673 erat
1660 4619 1895 4675 Christus
1920 4624 1959 4674 '.
1990 4621 2067 4676 Ne
2085 4636 2212 4693 ergo
2234 4636 2323 4676 ce-

2430 4618 2611 4674 εῐπεν·
2653 4619 2723 4675 Ἠ
2748 4621 2815 4673 δὲ
2842 4622 3025 4688 πέτρα
3052 4617 3131 4686 ἦν
3160 4624 3191 4673 ό
3230 4622 3461 4686 Κύριος.
3491 4620 3581 4685 Μὴ
3614 4618 3859 4685 ἑνδῶμεν
3891 4623 4000 4681 τοῖς

760 4709 973 4772 damus,
1002 4724 1034 4763 ο
1082 4709 1287 4774 dilecti,
1333 4711 1610 4779 periculis,
1636 4726 1753 4780 qua:
1807 4711 2181 4779 suscipiuntur
2232 4728 2319 4782 pro

2433 4713 2574 4780 ὑπὲρ
2622 4712 2905 4773 εὐσεϐείας
2954 4710 3240 4773 κινδύνοις,
3291 4710 3491 4771 ειδότες
3537 4710 3619 4761 ὅτι
3648 4709 3745 4761 οὐκ
3775 4709 3905 4772 ἀξια
3936 4713 4001 4763 τά

763 4804 964 4872 pietate
996 4822 1006 4857 :
1056 4820 1178 4859 eum
1208 4806 1465 4868 sciamus.
1494 4806 1639 4875 quod
1664 4807 1947 4876 passiones
1983 4806 2143 4873 liujus
2197 4818 2331 4860 tem-

2433 4806 2739 4875 παθήματα
2759 4804 2853 4858 τοῦ
2876 4802 2969 4857 νῦν
2995 4802 3187 4874 καιροῦ
3221 4802 3357 4873 πρὸς
3386 4802 3486 4873 τὴν
3518 4800 3822 4870 μέλλουσαν
3844 4802 4001 4868 δόξαν

765 4900 914 4963 poris
948 4911 1054 4949 non
1083 4908 1212 4950 sunt
1242 4896 1439 4968 dignae.
1471 4914 1593 4967 quae
1632 4898 1982 4951 conferantur
2004 4912 2126 4951 cum
2167 4898 2319 4965 gloria

2436 4897 2893 4967 ἀποκαλυφθῆναι
2927 4900 3005 4960 είς
3041 4897 3211 4965 ἡμᾶς.
3260 4894 3445 4948 Ταῦτα
3491 4893 3663 4946 είπὼν
3700 4895 3794 4945 καὶ
3826 4910 4003 4961 παρα-

764 5004 885 5057 ςυιε
900 4997 993 5063 est
1031 4988 1083 5041 in
1118 4988 1274 5041 nobis
1304 4989 1594 5043 revelauda
1620 4988 1659 5041 ⁸.
1681 4987 1807 5041 Haec
1835 5003 1963 5057 ergo
2008 5004 2129 5041 cum
2159 4988 2319 5043 dixis-

2435 4991 2713 5061 θαρσύνας
2742 4990 2867 5051 τοὺς
2913 4986 3284 5058 περιεστῶτας
3309 4986 3520 5055 ὄχλους,
3571 4984 3667 5037 καὶ
3707 4984 4002 5067 πληρώσας

764 5090 847 5133 set
872 5078 1072 5134 Christi
1100 5088 1300 5149 martyr
1326 5078 1499 5147 Plato,
1549 5089 1606 5134 et
1679 5077 1871 5141 turbis,
1924 5094 2044 5147 qua:
2086 5079 2330 5145 aderant,

768 5171 1346 5233 addidissetanimuiu,
1380 5180 1435 5223 et
1456 5181 1691 5223 mentem
1717 5185 1906 5223 eorum
1934 5171 2333 5235 conﬁrmasset,

768 5264 1046 5332 ingressus
1076 5271 1161 5316 est
1190 5278 1462 5316 carcerem
1492 5262 1643 5313 Iaztus
1683 5271 1737 5314 et
1788 5263 1954 5315 Deum
2009 5263 2333 5328 gloriﬁcans.

1584 5354 1704 5407 ﬁxis
1737 5354 1984 5420 genibus,
2051 5352 2333 5408 Dominum

770 5464 1021 5519 precatus
1085 5458 1187 5510 est,
1234 5451 1318 5503 .sic
1350 5448 1537 5503 dicens
1584 5465 1600 5501 :
1646 5446 1871 5499 Domine
1922 5445 2049 5498 Jesu
2089 5446 2324 5512 Christe,

772 5544 1013 5600 omnium
1052 5550 1265 5595 creator
1301 5540 1573 5610 ct0pifex,
1624 5551 1673 5593 et
1730 5539 1821 5606 qui
1862 5547 1948 5590 tua
1994 5537 2329 5606 providentia

777 5649 961 5689 curam
988 5634 1127 5703 geris
1181 5632 1579 5693 universorum,
1640 5633 1727 5697 qui
1790 5630 2043 5683 omnibus
2103 5628 2207 5683 tuis
2260 5629 2335 5681 fa-

772 5358 1052 5425 lngressus
1123 5366 1325 5418 autem,
1370 5359 1515 5406 humi

892 5818 1081 5874 'Psal.
1113 5833 1302 5883 xxxiii,
1336 5818 1422 5875 20.
1535 5817 1553 5844 '
1587 5817 1601 5870 l
1638 5815 1759 5871 Cor.
1794 5833 1843 5877 κ,
1911 5816 1962 5868 ι.

2434 5082 2533 5151 τὴν
2568 5080 2914 5133 διδασκαλίαν
2952 5076 3203 5145 είσῆλθεν
3232 5079 3311 5140 είς
3355 5074 3417 5129 τὸ
3459 5075 3871 5144 δεσμωτήριον·
3912 5074 4002 5127 καὶ

2438 5170 2719 5232 εἰσελθὼν,
2744 5172 2855 5232 θεὶς
2884 5168 2953 5223 τὰ
2991 5170 3191 5234 γόνατα
3225 5160 3412 5227 αὐτοῦ,
3437 5166 3496 5231 ἑξ
3531 5165 3660 5234 ὅλης
3697 5165 3799 5233 τῆς
3825 5163 4000 5232 ψυχῆς

2440 5261 2722 5324 στενάξας,
2758 5257 2961 5328 ηὔξατο
3008 5258 3144 5328 πρὸς
3189 5259 3281 5308 τὸν
3331 5255 3532 5326 Κύριον
3566 5254 3741 5320 λέγων
3790 5252 3998 5313 οὕτως’

2451 5354 2512 5409 '0
2544 5354 2761 5407 ’πάντων
2794 5352 3018 5421 κτίστης
3068 5352 3164 5401 καὶ
3224 5347 3593 5419 δημιουργὸς,.
3632 5347 3661 5399 ό
3706 5345 3817 5398 τῶν
3869 5347 4003 5399 ὅλων

2447 5446 2599 5508 Θεὸς,
2633 5446 2659 5496 ὁ
2696 5443 2859 5495 πᾶσιν
2890 5445 3000 5503 τοῖς
3035 5439 3244 5500 δούλοις
3281 5455 3371 5489 σου
3415 5435 3509 5505 τὴν
3540 5435 3821 5503 ὑπομονὴν
3857 5451 3999 5505 χαρι·

2448 5540 2693 5607 ζόμενος,
2719 5534 2938 5605 χάρισαι
2960 5536 3052 5587 καὶ
3082 5533 3230 5600 ἐμοὶ,
3262 5530 3337 5601 τῷ
3375 5530 3545 5599 δούλῳ
3573 5545 3667 5580 σου
3700 5529 3998 5596 ὑπο-μονὴν,

2454 5630 2547 5683 καὶ
2584 5627 2960 5693 ἑξαπόστιιλον
2991 5623 3227 5695 Μιχαὴλ,
3265 5624 3355 5675 τὸν
3384 5618 3725 5690 ἀρχάγγελόν
3763 5636 3881 5681 σου,
3923 5616 4004 5666 ἴνα

2077 5815 2091 5843 ³
2147 5812 2301 5867 Rom.
2337 5827 2452 5875 νιιι,
2493 5810 2577 5865 i8.
