4180 6496
173 423 272 486 409

1461 428 1632 486 VlTA
1682 426 1742 486 S.
1791 425 2084 487 PLATON
2099 427 2189 488 IS.

3317 424 3421 486 410

181 541 406 609 ῥύσιςταὶ
438 559 507 609 με
541 542 608 595 ὲκ
639 540 734 595 τοῦ
770 543 1101 612 κακοτέχνου
1133 542 1225 595 καί
1256 542 1535 610 ἀπατηλοῦ
1572 543 1749 612 ὄφεως

1858 543 2015 598 mulis
2041 543 2382 598 tolerantiam
2415 544 2628 616 largiris
2661 553 2712 599 et
2745 544 3052 608 victoriam,
3112 543 3243 598 mihi
3284 559 3420 611 quo-

175 631 567 698 Ἀγριππίνου,
602 632 689 686 ἵνα
721 633 926 701 γνῶσιν
968 635 1191 694 πάντες,
1223 633 1304 684 ὅτι
1345 633 1392 684 οἱ
1427 633 1513 685 διὰ
1548 634 1750 704 χειρῶν

173 721 478 789 ἀνθρώπων
510 724 792 790 γενόμενοι
812 723 924 776 θεοὶ
949 723 1100 776 οὐδέν
1127 725 1285 785 εἰσιν,
1309 723 1444 775 ἀλλὰ
1485 725 1548 776 σὺ
1595 723 1754 790 μόνος

175 806 222 864 εῐ
242 811 640 881 δεδοξασμένος
665 817 740 876 εἰς
774 815 896 876 τοὺς
925 815 1130 876 αἰῶνας
1159 815 1266 866 τῶν
1295 814 1528 866 αἰώνων.
1557 814 1750 883 Ἄρην.

1859 652 1962 705 que
1991 637 2182 691 humili
2208 645 2263 692 et
2297 638 2510 707 abjecto
2539 639 2732 708 largire
2758 637 2825 692 ad
2867 636 3028 692 ﬁnem
3071 651 3242 705 usque
3287 637 3424 689 totc-

1861 723 2116 787 rantiam,
2156 733 2211 778 et
2244 728 2437 782 emitte.
2455 725 2846 793 archangelum
2885 731 3040 777 tuum
3077 721 3423 782 Michaelem.

1861 825 1918 869 ut
1950 830 2036 868 me
2068 816 2261 870 liberet
2283 832 2312 869 a
2341 816 2512 870 fallaci
2545 824 2600 869 et
2633 816 2901 869 malitioso
2931 821 3186 885 serpente
3226 813 3425 883 Agrip-

176 907 324 973 pino.
365 915 424 960 ut
455 918 788 976 Crignoscant
821 923 1009 960 omnes
1050 924 1157 960 non
1194 923 1312 962 esse
1359 908 1506 968 deos,
1541 909 1628 976 qui
1662 909 1797 961 fiunt
1841 923 1936 976 per
1972 924 2165 963 manus
2200 909 2504 974 hominum,
2540 909 2633 963 sed
2667 920 2716 963 te
2745 909 2918 962 solum
2947 922 3069 963 esse
3105 907 3296 971 Deum,
3330 904 3423 976 qui

175 1014 232 1052 es
263 998 482 1065 patiens
515 1009 572 1051 et
603 1000 781 1051 multm
814 999 1221 1063 misericordia),
1263 1008 1315 1052 et
1353 999 1685 1068 glorificatns
1717 998 1771 1049 in
1795 998 2015 1054 saecula.
2052 1001 2247 1055 Arnen.

241 1093 316 1144 Z'.
350 1091 512 1144 Μετὰ
550 1091 606 1141 δὲ
649 1089 865 1157 ἡμέρας
913 1091 1050 1142 ἑπτὰ
1099 1091 1496 1160 προκαοεσθείς
1529 1094 1555 1142 ὁ
1588 1088 1744 1157 βικά-

179 1199 288 1252 ριος
323 1182 689 1248 Ἀγριππτνος
721 1187 774 1232 ἐν
805 1185 866 1250 τῇ
899 1181 1152 1252 βασιλικῇ
1179 1185 1437 1251 ἄντικρυς
1467 1181 1558 1234 τοῦ
1586 1180 1740 1243 Θεοῦ,

174 1273 460 1324 ἐκέλευσεν
517 1273 868 1340 παραστῆναι
905 1273 995 1323 τὸν
1037 1275 1311 1343 μάρτυρα.
1375 1273 1434 1325 '0
1465 1273 1520 1326 δὲ
1552 1272 1742 1342 βοηθὸς

180 1364 489 1427 Βικεντίνος
522 1365 628 1433 ἔφη
653 1380 664 1395 ’
711 1366 772 1417 Ὂ
801 1370 913 1428 τοῖς
947 1369 1128 1436 νόμοις
1155 1369 1264 1421 τῶν
1293 1369 1555 1438 βασιλέων
1585 1369 1744 1422 άπειο

174 1457 284 1509 θῶν
345 1460 441 1509 καὶ
486 1456 789 1522 ἀντιλέγων
837 1460 949 1517 τοῖς
1011 1459 1301 1525 ἡμετέροις
1362 1460 1748 1527 προστάγμασι

175 1550 424 1612 Πλάτων,
467 1549 496 1600 ό
525 1551 622 1617 τῆς
659 1548 962 1618 θρησκείας
986 1548 1093 1598 τῶν
1120 1548 1466 1616 Χριστιανῶν
1497 1549 1750 1615 ὑπέρμα-

172 1660 264 1712 χος
290 1642 530 1711 ἕστηκεν
575 1641 682 1710 πρὸ
721 1640 817 1692 τοῦ
875 1638 1120 1708 βήματός
1175 1656 1292 1702 σου,
1350 1639 1529 1708 κύριε.
1575 1639 1682 1690 Καὶ
1721 1641 1748 1692 ό

187 1735 554 1804 ’Δγριππῖνος
580 1733 914 1804 προσέταξεν
964 1730 1296 1800 προτεθῆναι
1321 1730 1540 1783 ποικίλα
1578 1729 1748 1800 βασα-

175 1829 460 1896 νιστήρια,
501 1826 703 1895 λέϐητα
735 1824 990 1894 χαλκοῦν,
1029 1825 1122 1876 καί
1155 1823 1374 1891 τίγανα,
1430 1824 1522 1876 καὶ
1562 1827 1750 1895 χεῖρας

175 1918 425 1986 σιδηρᾶς,
474 1915 568 1968 καὶ
621 1913 991 1976 άνακλάστας,
1029 1914 1124 1964 καὶ
1180 1913 1544 1976 καταπέλτας,
1581 1913 1754 1965 όϐελί-

179 2025 342 2070 σκους
374 2008 518 2071 ὀξεῖ,
553 2007 648 2057 καὶ
672 2003 947 2070 όγκίνους,
996 2004 1089 2054 καὶ
1132 2001 1297 2073 ἕτερα
1344 2002 1538 2064 πολλὰ,
1578 2001 1756 2070 οἰόμε-

175 2118 263 2161 νος
311 2098 402 2152 διὰ
441 2096 648 2149 τούτων
699 2094 1104 2163 καταπλήττειν
1137 2093 1228 2146 τὸν
1279 2092 1565 2163 μάρτυρα,
1606 2093 1752 2156 ὅπως

175 2196 328 2248 θύσει
353 2196 469 2255 τοῖς
518 2192 683 2256 θεοῖς,
739 2192 1036 2261 ἐξαιρέτως
1082 2191 1138 2246 δὲ
1193 2191 1270 2263 τῷ
1321 2191 1617 2246 Ἀπόλλωνι
1658 2191 1753 2244 καί

176 2301 308 2356 φησι
342 2284 480 2354 πρὸς
513 2283 711 2337 αὐτόν·
745 2283 887 2350 Ἐγὼ
933 2285 1216 2354 θεωρήσας
1253 2301 1345 2337 σου
1392 2285 1490 2354 τῆς
1540 2284 1754 2352 ἡλικίας

176 2377 235 2429 τὸ
299 2375 449 2437 νέον,
513 2373 607 2427 καὶ
666 2373 980 2444 φειδόμενός
1046 2391 1139 2426 σου
1199 2375 1297 2443 τῆς
1351 2375 1444 2426 τοῦ
1505 2373 1757 2444 σώματος

176 2466 388 2538 ἀκμῆς,
425 2465 526 2532 τῆς
558 2481 616 2517 τε
641 2465 748 2519 τῶν
780 2465 1038 2534 πατέρων
1071 2462 1348 2531 εὐγενείας
1375 2463 1754 2532 ἐπιγινώσκων

180 2575 240 2613 σε
272 2557 424 2622 ἄξιον
464 2557 618 2620 ὄντα,
653 2556 784 2625 πρὶν
821 2555 983 2606 πάλιν
1023 2553 1296 2623 ἄρξασθαι
1330 2555 1436 2606 τῶν
1477 2553 1750 2622 βασάνων,

182 2647 545 2717 συμϐουλεύω
583 2662 692 2711 σοι,
732 2643 876 2696 ὥστε
909 2646 1018 2697 τῶν
1050 2644 1254 2699 θυσιῶν
1299 2644 1753 2714 άπογευσάμενον

181 2732 454 2795 σώζεσθαι
489 2729 612 2800 μεθ’
643 2730 828 2800 ἡμῶν,
873 2731 1053 2786 εἰδότα
1090 2731 1248 2786 τοῦτο
1292 2734 1374 2787 ὅτι
1425 2732 1602 2804 οὐδεὶς
1641 2731 1753 2784 τῶν

179 2825 548 2878 ἀντειπόντων
596 2841 686 2893 μοι
715 2824 946 2894 ἔζησενο
999 2825 1188 2896 ὥσπερ
1237 2828 1399 2881 πάλιν
1443 2827 1618 2890 οὐδεὶς
1647 2828 1753 2880 τῶν

181 2917 543 2970 ἀκουσάντων
588 2914 940 2985 ἀπεστερήθη
980 2915 1090 2967 τῶν
1147 2916 1276 2985 παρ’
1308 2917 1444 2986 ἐμοῦ
1485 2917 1753 2984 ἐπαγγελ-

181 3008 384 3062 θέντων
418 3005 572 3074 αὐτῷ
595 3023 609 3037 ο
659 3007 723 3058 σὺ
754 3007 961 3072 τοίνυν,
992 3011 1039 3059 εἰ
1073 3006 1245 3069 θέλεις
1280 3024 1382 3076 μου
1412 3004 1642 3060 ἀκοῦσαι
1675 3006 1750 3069 ὡς

183 3097 315 3149 ἰδίου
349 3096 563 3164 πατρὸς
613 3095 795 3157 καλῶς
829 3112 916 3148 σοι
949 3097 1434 3165 συμϐουλεύοντος,
1486 3099 1748 3168 μονογενῆ

1933 1091 2023 1146 Vll
2038 1131 2052 1146 .
2080 1093 2296 1163 Septem
2311 1102 2492 1148 autem
2512 1103 2634 1160 post
2651 1094 2842 1148 diebus
2857 1091 3157 1162 praesidens
3173 1089 3426 1160 Agrippi-

1851 1197 1954 1236 nus
1987 1185 2219 1236 vicarius
2250 1185 2305 1238 in
2332 1184 2548 1238 basilica
2578 1199 2644 1238 ex
2669 1185 2895 1237 adverso
2920 1181 3088 1246 Jovis,
3120 1182 3277 1250 jussit
3306 1179 3425 1234 sisti

1852 1284 2163 1345 martyrem.
2198 1275 2337 1328 Dixit
2360 1290 2489 1329 Vero
2513 1275 2787 1345 apparitor
2808 1273 3126 1328 Vincentius
3153 1290 3166 1326 :
3196 1271 3298 1336 Qui
3317 1287 3426 1324 non

1851 1379 2005 1438 paret
2033 1369 2416 1436 imperatorum
2453 1367 2694 1437 legibus,
2755 1376 2810 1422 et
2841 1366 3034 1421 vestris
3057 1365 3227 1435 jussis
3265 1380 3428 1433 repu-

1851 1466 2002 1530 gnat,
2036 1459 2207 1524 Plato,
2235 1459 2326 1528 qui
2360 1460 2721 1514 estdefcnsor
2774 1459 2957 1529 impiae
2994 1458 3427 1513 Christianorum

1852 1549 2147 1620 religionis,
2173 1558 2277 1604 stat
2301 1560 2424 1603 ante
2448 1561 2596 1604 tuum
2622 1551 2877 1616 tribunal,
2903 1553 3140 1605 domine.
3171 1547 3321 1602 Tunc
3355 1550 3429 1601 A-

1851 1643 2133 1709 grippinus
2151 1643 2318 1711 jussit
2337 1641 2545 1697 diversa
2569 1650 2620 1695 et
2640 1642 2788 1695 varia
2810 1649 3206 1696 tormentorum
3227 1656 3426 1710 genera

1855 1743 1980 1788 ante
2033 1734 2209 1801 ipsum
2259 1733 2424 1786 statui
2474 1751 2487 1786 :
2546 1734 2776 1788 Iebetem
2854 1748 3088 1797 aeneum,
3132 1733 3431 1802 sartagines

1866 1826 2097 1888 ferreas,
2139 1823 2436 1878 candentes
2461 1834 2874 1887 crates,manus
2919 1823 3147 1888 ferreas,
3187 1823 3432 1895 catapul-

1860 1926 1961 1978 tas,
1993 1925 2183 1969 acutos
2209 1914 2492 1978 obeliscos,
2534 1930 2723 1978 uncos,
2790 1923 2957 1978 rotas,
3012 1922 3067 1969 et
3111 1915 3276 1968 multa
3325 1914 3430 1966 alia

1859 2008 2149 2070 terribilia,
2215 2007 2536 2061 existimans
2583 2006 2794 2070 infelix,
2850 2021 2909 2060 se
2965 2021 3062 2076 per
3133 2005 3250 2060 haec
3307 2020 3430 2060 esse

1857 2098 2176 2152 territurum
2228 2109 2543 2167 martyrem,
2610 2108 2671 2152 ut
2721 2097 2826 2153 diis
2880 2098 2999 2167 ejus
3053 2097 3380 2152 sacriﬁcaret
3411 2137 3426 2160 ,

1855 2188 2130 2259 pracipue
2159 2196 2343 2242 autem
2374 2188 2634 2256 Apollini,
2670 2189 2763 2257 qui
2828 2189 2977 2258 pellit
3012 2189 3079 2241 ad
3123 2188 3428 2253 interitum,

1855 2280 2060 2337 etdicit
2082 2280 2132 2334 ei
2168 2298 2182 2334 :
2215 2280 2328 2350 Ego
2343 2279 2586 2352 quidem,
2619 2279 2944 2332 charissime
2975 2278 3149 2340 Plato,
3180 2286 3430 2332 contem-

1858 2373 2018 2444 plans
2054 2381 2201 2426 tuam
2227 2370 2528 2442 juvenilem
2553 2380 2791 2434 aetatem,
2830 2380 2886 2423 et
2909 2384 3144 2439 parcens
3174 2369 3292 2423 flori
3351 2368 3432 2424 ιιιί

1858 2464 2126 2535 corporis,
2152 2475 2208 2519 et
2239 2464 2420 2518 sciens
2450 2472 2739 2532 parentum
2801 2473 3020 2517 tuorum
3065 2461 3430 2523 nobilitatem,

1859 2556 1956 2610 tibi
1985 2555 2214 2610 consulo
2237 2553 2554 2623 priusquam
2589 2567 2781 2605 rursus
2810 2551 3064 2620 incipiam
3084 2559 3134 2606 te
3154 2559 3430 2618 torquere,

1856 2655 1915 2699 ut
1979 2643 2206 2714 gustatis
2261 2642 2540 2696 sacriﬁciis
2604 2640 2862 2703 serveris,
2903 2651 2957 2694 et
2995 2642 3071 2696 sis
3097 2643 3427 2696 nobiscum:

1857 2737 1960 2792 huc
1999 2748 2216 2804 quoque
2235 2734 2439 2798 sciens,
2471 2733 2616 2802 quod
2672 2732 2856 2788 nullus
2890 2747 3128 2802 unquam
3173 2734 3308 2787 vixit
3363 2749 3429 2787 ex

1859 2831 1926 2888 iis
1952 2830 2041 2899 qui
2067 2829 2202 2882 mihi
2236 2841 2345 2881 non
2373 2835 2670 2895 paruerunt
2698 2842 2712 2877 :
2746 2825 3020 2895 quomodo
3045 2841 3232 2879 rursus
3252 2825 3434 2880 nullus

1857 2939 1925 2977 ex
1953 2922 2019 2976 iis
2040 2925 2129 2988 qui
2150 2919 2281 2973 mihi
2313 2927 2630 2986 paruerunt,
2649 2917 2697 2972 ei
2723 2932 2850 2971 ame
2867 2918 3147 2986 promissis
3162 2917 3317 2972 bonis
3336 2919 3437 2972 fuit

1855 3013 2121 3083 privatus.
2161 3011 2298 3078 Ergo
2319 3019 2375 3062 tu
2395 3023 2631 3076 quoque,
2666 3024 2698 3060 ο
2733 3010 2940 3077 optime
2963 3005 3136 3074 Plato,
3169 3008 3213 3062 si
3244 3008 3431 3062 volue-

1859 3101 1934 3158 ris
1958 3113 2043 3155 me
2073 3100 2283 3164 audire,
2319 3107 2577 3167 tanquam
2618 3107 2826 3166 patrem
2869 3100 3181 3167 proprium,
3225 3098 3429 3151 bonum

179 3188 459 3257 θυγατέρα
478 3184 710 3254 άδελςίιοῦ
731 3203 832 3251 μου
853 3187 982 3256 ἔχων
1005 3187 1210 3256 ταύτην
1228 3189 1484 3258 ἐκδίδωμί
1511 3207 1593 3242 σοι
1619 3190 1754 3258 πρὸς

1863 3195 1961 3250 tibi
1994 3194 2213 3249 dantem
2274 3191 2589 3254 consilium,
2647 3189 2822 3245 habeo
2850 3190 3068 3245 unicam
3106 3189 3290 3244 fratris
3323 3190 3430 3244 mci

177 3281 358 3352 γάμον
402 3278 628 3343 επιδοὺς
663 3282 800 3351 αὐτῇ
833 3281 1038 3350 προῖκα
1085 3280 1352 3350 πολυτελῆ
1398 3283 1492 3333 καὶ
1526 3281 1654 3334 ἴδιόν
1689 3299 1749 3332 σε

179 3372 540 3444 άναγορεύσω
569 3375 778 3427 τέκνον.
827 3371 888 3425 Ὀ
916 3373 972 3424 δὲ
1002 3376 1273 3443 μακάριος
1331 3372 1624 3444 ἁθλοφόρος
1660 3372 1752 3425 καὶ

186 3465 404 3535 μάρτυς
435 3462 532 3515 τοῦ
563 3462 802 3532 Χριστοῦ
827 3463 1051 3518 Πλάτων
1080 3464 1317 3532 γελάσας
1347 3461 1500 3517 εἶπεν
1521 3480 1535 3496 ⁸
1571 3463 1751 3517 Ἀθλιε

180 3558 275 3611 καὶ
311 3554 695 3624 μισάνθρωπε,
721 3553 815 3605 καὶ
846 3553 1028 3618 πάσης
1058 3554 1407 3621 δικαιοσύνης
1441 3554 1622 3625 ἐχθρὲ,
1652 3539 1754 3608 ῦπ-

178 3647 358 3716 ηρὲτα
409 3644 507 3696 τοῦ
559 3643 810 3697 διαϐόλου
859 3647 955 3697 καὶ
1004 3644 1246 3714 ὑπουργὶ
1281 3644 1376 3698 τοῦ
1427 3646 1664 3708 Σατανᾶ,
1707 3648 1754 3698 εἰ

175 3738 315 3799 ὅλως
353 3735 664 3806 ἐϐουλόμην
703 3738 783 3800 εἰς
839 3737 1019 3807 γάμον
1083 3737 1258 3790 ἐλθεῖν
1304 3738 1401 3796 καὶ
1449 3737 1755 3805 ἀγαγέσθαι

177 3831 426 3898 γυναῖκα
469 3829 566 3880 καὶ
611 3828 818 3894 διάγειν
862 3831 918 3879 ὲν
955 3828 1328 3896 περισπασμῷ
1367 3829 1461 3880 τοῦ
1500 3828 1755 3898 βιωτικοῦ

178 3921 376 3974 τούτου
413 3918 649 3982 καπνοῦ,
703 3921 760 3970 οὐ
818 3919 1140 3985 κατηξίωκα
1177 3917 1241 3972 ἂν
1280 3917 1357 3988 τῷ
1408 3918 1753 3989 φροντίζοντι

179 4013 288 4064 τῶν
316 4010 671 4081 πραγμάτων
716 4027 817 4080 μου
855 4010 1043 4064 λαϐεῖν
1075 4014 1308 4080 γυναῖκα
1346 4011 1443 4081 τὴν
1485 4010 1758 4081 θυγατέρα

180 4103 278 4158 τοῦ
333 4101 577 4169 ἀδελφοῦ
631 4119 746 4165 σου,
797 4102 892 4154 καὶ
921 4101 1171 4170 βελτίονα
1211 4102 1265 4154 δὲ
1311 4102 1479 4173 ἄλλην
1523 4104 1553 4173 ἧ
1590 4103 1758 4173 αὐτὴν

176 4198 400 4266 ἠγόμην
437 4195 520 4256 εἰς
549 4194 745 4262 γάμον.
780 4193 910 4246 Τότε
944 4196 971 4245 ό
1011 4193 1276 4261 σῦσχολος
1298 4195 1394 4248 τοῦ
1421 4196 1636 4248 Σατανᾶ
1665 4200 1760 4249 καὶ

180 4291 461 4360 ὑπουργὸς
491 4287 586 4340 τοῦ
639 4287 844 4356 πατρὸς
897 4285 1064 4339 αὑτοῦ
1126 4288 1222 4338 τοῦ
1283 4287 1528 4339 διαϐόλου
1576 4289 1757 4356 πάσης

180 4382 385 4444 κακίας
419 4381 611 4449 γέμων
644 4378 740 4430 καὶ
771 4379 972 4442 παντὸς
1020 4379 1099 4432 ἰοῦ
1130 4378 1222 4430 καὶ
1253 4379 1404 4432 δόλου
1475 4394 1760 4450 μεμεστω-

185 4477 373 4545 μινος,
400 4472 656 4539 καθάπερ
670 4487 753 4533 τις
771 4472 910 4524 λέων
938 4474 1097 4541 φόνον
1123 4473 1510 4542 ἑρευγόμενος,
1538 4471 1758 4525 ἐκέλευ-

1857 3284 2020 3336 filiam
2064 3302 2077 3339 :
2114 3296 2231 3335 eam
2263 3281 2356 3334 tibi
2388 3281 2530 3335 dabo
2561 3280 2619 3334 in
2643 3281 3072 3346 matrimonium,
3125 3281 3282 3336 valde
3319 3297 3432 3334 ma-

1858 3387 2018 3442 gnam
2039 3371 2086 3424 ei
2105 3370 2322 3425 tradens
2339 3370 2546 3433 dotem,
2565 3378 2620 3423 et.
2649 3381 2697 3424 te
2717 3385 2895 3424 meum
2925 3373 3203 3439 proprium
3226 3372 3433 3426 vocabo

1856 3465 2048 3519 filium.
2081 3462 2276 3518 Beatus
2307 3471 2488 3517 autem
2517 3468 2574 3517 et
2595 3476 2780 3519 revera
2805 3461 2959 3519 fortis
2984 3463 3183 3517 athleta
3227 3462 3430 3517 Christi

1858 3555 2012 3611 Plato
2075 3556 2257 3611 ridens
2303 3555 2439 3611 dixit
2482 3554 2693 3609 :Miser
2739 3563 2794 3609 et
2848 3554 3133 3608 hominum
3193 3555 3428 3620 inimice,

1859 3647 1931 3698 fili
1975 3646 2197 3706 diaboli,
2230 3655 2284 3700 et
2321 3645 2645 3699 administer
2671 3647 2908 3709 Satanae,
2941 3646 2987 3698 si
3026 3646 3218 3699 vellem
3277 3647 3430 3716 jungi

1859 3737 2226 3802 matrimonio,
2266 3746 2318 3790 et
2345 3737 2544 3792 ducere
2573 3752 2818 3801 uxorem,
2840 3746 2894 3791 et
2919 3737 3118 3807 degere
3152 3738 3205 3790 in
3266 3739 3432 3792 dece-

1860 3832 2064 3902 ptione,
2091 3830 2400 3900 implicatus
2425 3833 2574 3885 fumo
2603 3829 2768 3897 hujus
2844 3830 3135 3884 mundana:
3169 3830 3312 3892 vita.
3343 3831 3432 3885 di-

1860 3938 2129 3996 gnarerne
2165 3922 2249 3975 vel
2279 3922 2332 3975 in
2367 3936 2551 3976 rerum
2583 3937 2828 3975 mearum
2858 3921 3231 3976 sollicitudine
3281 3923 3432 3977 acci-

1863 4029 1990 4083 pere
2047 4028 2270 4066 uxorem
2303 4014 2486 4066 fratris
2539 4014 2615 4066 tui
2655 4014 2842 4076 filiam,
2875 4023 2969 4068 aut
3028 4013 3165 4067 tales
3234 4014 3434 4068 habere

1862 4105 2106 4167 ancillas,
2165 4103 2341 4173 qualis
2395 4112 2478 4158 est
2537 4103 2646 4158 filia
2673 4104 2855 4159 fratris
2884 4107 2984 4170 tui,
3020 4113 3114 4158 aut
3166 4120 3228 4158 ea
3269 4106 3432 4158 etiam

1863 4198 2326 4266 meliores,utego
2353 4211 2470 4250 eam
2499 4196 2692 4250 ducam
2739 4211 2966 4250 uxorem
2993 4196 3191 4251 ?Tunc
3219 4194 3432 4251 Satanae

1861 4289 2222 4343 scholasticus
2296 4299 2351 4340 et
2412 4289 2734 4343 administer
2809 4291 2979 4358 patris
3034 4291 3153 4356 ejus
3210 4289 3431 4354 diaboli,

1862 4380 2061 4451 plenus
2094 4380 2243 4434 omni
2283 4379 2412 4434 vitio
2437 4388 2492 4433 et
2521 4380 2763 4449 repletus
2786 4378 2931 4433 omni
2967 4394 3167 4450 genere
3227 4379 3432 4449 impro-

1863 4473 2070 4535 bitatis.
2104 4487 2213 4526 non
2228 4487 2387 4526 secus
2405 4488 2469 4526 ac
2500 4473 2667 4527 draco
2699 4471 2967 4540 quispiam
2998 4481 3091 4525 aut
3126 4471 3211 4526 leo
3229 4471 3432 4525 easdem

182 4583 276 4618 σεν
309 4562 605 4634 ἐνεχθῆναι
635 4561 950 4634 κράϐϐατον
989 4562 1222 4630 χαλκοῦν
1263 4563 1358 4613 καὶ
1391 4562 1754 4631 κατατεθῆναι

1866 4572 2142 4624 eructans,
2174 4563 2452 4630 grabatum
2485 4563 2646 4630 jussit
2676 4561 2855 4613 afferri
2882 4576 3118 4623 aeneum,
3151 4572 3204 4614 et
3231 4563 3284 4614 in
3317 4563 3433 4629 ipso

183 4659 262 4722 εἰς
295 4657 469 4712 αὑτὸν
497 4656 590 4710 τὸν
638 4656 896 4727 μάρτυρα
930 4655 1025 4707 καὶ
1067 4653 1450 4723 ὑποκαυθῆναι
1498 4653 1631 4726 πῦρ,
1668 4655 1763 4711 καὶ

185 4748 448 4816 γενέσθαι
496 4746 803 4815 ἀνθρακιὰν
837 4746 1100 4815 μεγάλην,
1158 4746 1252 4797 καὶ
1304 4733 1763 4815 ρένεσθαιαύτὴν

188 4842 376 4908 ἰλαίῳ,
403 4838 504 4888 και
526 4836 737 4906 ῥητίνη,
777 4839 872 4887 καὶ
903 4837 1183 4903 ἀσφάλτῳ,
1220 4838 1312 4888 καὶ
1344 4836 1520 4905 κηρῷ,
1548 4839 1643 4889 καὶ
1661 4839 1761 4906 ῥα-

187 4929 435 4995 ϐδίζεθαι
453 4925 616 4980 αὑτὸν
635 4924 980 4998 λεπτοτέροις
1005 4924 1239 4995 ῥάϐδοις,
1261 4925 1346 4978 ἵνα
1366 4925 1467 4978 ὑπὸ
1485 4926 1572 4978 τοῦ
1595 4927 1763 4993 πυρὸς

188 5025 419 5077 καὶτῶν
468 5023 692 5092 πληγῶν
715 5025 747 5093 ἡ
774 5023 1053 5091 οἰκονομία
1093 5025 1200 5077 τῶν
1237 5023 1558 5093 σπλάγχνων
1599 5021 1762 5076 αὑτοῦ

189 5113 544 5186 γυμνωθεϊσα
570 5115 840 5184 ἀφόρητον
865 5113 1011 5182 αὑτῷ
1036 5116 1368 5185 περιποιήσῃ
1389 5115 1483 5185 την
1505 5113 1756 5183 βάσανον.

259 5206 342 5262 H'.
396 5203 759 5272 Ᾱίκιζομένου
803 5205 859 5258 δὲ
897 5205 1085 5269 αὑτοῦ,
1145 5206 1452 5276 Σωφρόνιος
1481 5223 1754 5275 κομενταο

190 5304 381 5368 ρήσιος
416 5298 565 5366 ἔψη·
599 5295 890 5359 Πανάθλιε,
953 5297 1207 5367 πείσθητι
1261 5297 1338 5368 τῷ
1383 5297 1618 5368 βικαρίῳ
1667 5301 1761 5352 καὶ

187 5391 352 5443 θῦσον
383 5391 505 5451 τοῖς
543 5387 708 5449 θεοῖς,
736 5390 830 5440 καὶ
855 5389 915 5440 τὸ
934 5389 1119 5452 κακῶς
1152 5389 1447 5441 ἀποθανεῖν
1470 5390 1757 5459 κέρδησον.

189 5480 252 5534 Τί
291 5482 631 5544 ἀντιλέγεις,
668 5478 815 5532 ἄθλιε
844 5496 858 5544 ;
903 5481 1014 5550 Οὐχ
1040 5483 1171 5550 όρᾷς
1200 5481 1265 5533 τὰ
1290 5483 1625 5550 προκείμενα
1666 5483 1763 5551 βαρ

193 5574 531 5642 σανιστήρια
562 5573 647 5624 διὰ
676 5573 770 5639 os;
809 5574 1039 5628 Πλάτων
1084 5572 1234 5626 εἶπεν
1262 5591 1275 5606 ο
1330 5575 1469 5640 Ἐγὼ
1501 5576 1558 5627 τὸ
1598 5575 1760 5644 σῶμά

194 5685 288 5736 μου
327 5664 422 5719 διὰ
455 5663 696 5731 Χριστὸν
744 5665 860 5717 ὅλον
919 5664 1233 5733 παρέδωκα.
1267 5664 1332 5715 Τί
1367 5663 1460 5716 οῦν
1511 5683 1610 5733 μου
1661 5667 1758 5718 οὐκ

193 5760 524 5827 ἀφίστασαι,
559 5757 867 5826 σκρινιάριε
913 5759 1003 5808 τοῦ
1055 5757 1272 5809 Σατανᾶ
1330 5758 1424 5807 καὶ
1473 5758 1630 5827 ἐχθρὲ
1665 5763 1757 5828 τῆς

193 5830 493 5918 dhﬁeiag;
551 5849 780 5904 Σεαυτὸν
825 5849 1145 5918 νουθετῆσον
1191 5853 1286 5920 τῆς
1343 5849 1548 5919 πλάνης
1604 5852 1760 5914 ἐκτὸς

1866 4652 2062 4723 deponi
2096 4661 2384 4721 martyrem
2416 4667 2428 4703 :
2468 4659 2522 4705 et
2554 4651 2633 4705 sic
2658 4650 2836 4721 ignem
2885 4650 3131 4714 accendi,
3185 4661 3241 4704 et
3315 4651 3431 4704 fieri

1867 4762 2120 4816 magnum
2143 4759 2394 4799 acervum
2420 4759 2739 4812 prunarum,
2771 4758 3008 4811 eumque
3054 4743 3267 4813 aspergi
3305 4744 3426 4796 oleo

1865 4847 1921 4892 et
1959 4837 2138 4890 resina
2172 4847 2223 4890 et
2257 4834 2524 4886 bitumine
2580 4841 2636 4885 et
2680 4848 2826 4894 cera,
2872 4841 2928 4885 et
2955 4849 3078 4886 cum
3104 4833 3236 4886 caedi
3267 4834 3432 4903 virgis

1869 4926 2261 4988 subtilissimis,
2299 4934 2357 4978 nt
2395 4940 2422 4978 a
2455 4925 2626 4996 plagis
2649 4934 2698 4978 et
2730 4925 2852 4995 igne
2883 4924 3083 4978 nudata
3109 4925 3225 4994 ejus
3253 4924 3431 4978 visce-

1866 5034 1984 5074 rum
2009 5028 2281 5074 structura
2311 5019 2360 5072 ei
2399 5015 2741 5072 intolerabile
2774 5027 3104 5071 tormentum
3140 5013 3356 5070 eﬂiciat.

1936 5215 2074 5272 Vlll.
2107 5215 2244 5271 Cum
2281 5213 2373 5269 diu
2399 5224 2584 5268 autem
2641 5212 2945 5267 caederetur
3006 5221 3233 5283 martyr,
3293 5211 3429 5265 dixit

1866 5308 2206 5378 Sophronius
2223 5305 2755 5360 commentariensis:
2778 5302 3173 5364 Infelicissime,
3199 5317 3329 5371 pare
3353 5303 3428 5353 vi-

1864 5400 2033 5464 cario,
2060 5410 2113 5454 et
2139 5398 2241 5452 diis
2267 5395 2534 5460 sacrifica,
2559 5405 2613 5448 et
2632 5409 2698 5449 ne
2723 5394 2860 5448 male
2889 5394 3158 5456 moriaris,
3180 5392 3423 5447 lucrifac.

1863 5492 2002 5557 Quid
2063 5488 2439 5544 contradicis?
2499 5487 2616 5540 Non
2674 5485 2824 5539 vides
2851 5495 3035 5554 parata
3095 5492 3314 5552 propter
3375 5493 3426 5536 te

1867 5580 2182 5636 tormenta?
2217 5580 2360 5634 Dixit
2392 5585 2613 5633 sanctus
2641 5577 2787 5630 Plato
2822 5593 2834 5628 :
2889 5578 2999 5646 Ego
3033 5586 3198 5629 totum
3246 5591 3426 5628 meum

1867 5688 2063 5740 corpus
2115 5681 2336 5741 propter
2400 5671 2675 5723 Christum
2735 5668 2949 5720 tradidi.
3006 5665 3114 5718 Cur
3137 5679 3262 5734 ergo
3315 5679 3428 5716 non

1865 5764 2106 5828 desistis,
2142 5779 2173 5817 ο
2197 5764 2410 5816 Satanae
2435 5761 2738 5823 scrittiarie,
2763 5768 2817 5812 et
2873 5758 3096 5835 inimice
3130 5754 3421 5809 veritatis?

1867 5853 2121 5919 Teipsutn
2153 5858 2403 5921 admone,
2431 5864 2483 5908 ut
2519 5855 2584 5906 ab
2622 5867 2804 5905 errore
2832 5853 3086 5908 desistas.
3134 5846 3238 5918 Ego
3281 5846 3422 5902 enim
