4180 6478
769 409 868 470 611

2060 409 2341 469 MENSIS
2380 410 2671 470 IULIUS.

3911 415 4011 479 “2

771 525 906 585 scio,
931 522 1060 590 quid
1095 520 1606 592 mihicxpediat,ct
1657 537 1938 591 nunquam
1989 531 2209 576 avertar
2272 523 2339 576 ab

2441 526 2727 593 γενέσθαι·
2767 526 2878 593 ἐγὼ
2932 527 3036 596 γὰρ
3081 527 3138 580 τὺ
3191 528 3470 597 συμφέρον
3499 527 3720 596 ἐμαυτῷ
3755 529 4012 594 γινώσκω

771 614 873 668 hac
895 614 1262 670 conlcssione.
1290 613 1433 682 Dixit
1456 614 1793 683 Agrippinus
1825 632 1839 668 :
1870 614 2000 679 Quis
2053 624 2133 668 est
2183 613 2339 668 Chri-

771 717 906 768 stus.
942 722 1100 774 quem
1142 706 1309 761 dicis?
1335 707 1472 761 Num
1507 712 1685 775 potest
1737 715 1787 759 te
1831 707 2012 760 vivum
2044 707 2256 775 eripere
2307 721 2338 760 e

770 798 904 850 meis
928 798 1176 851 manibus
1196 814 1299 852 non
1319 798 1709 851 sacriﬁcantem
1727 797 1747 848 ?
1767 796 1920 851 Nunc
1942 813 2065 867 ergo
2098 798 2181 850 vis
2197 797 2336 851 male

768 892 927 942 mori.
961 888 1110 943 Scias
1130 901 1333 951 autem,
1353 888 1599 958 quodqui
1619 890 1720 942 fuit
1744 889 2034 943 cruciﬁxus
2054 906 2081 942 a
2109 888 2332 952 ludatis,

770 994 876 1030 non
909 989 1084 1046 potest
1114 989 1164 1030 te
1200 993 1438 1040 scrvare,
1481 981 1690 1032 etiamsi
1732 980 2014 1047 praestigiis
2038 979 2144 1032 tuis
2179 977 2336 1032 valde

765 1070 1024 1124 Conﬁdas.
1057 1070 1148 1122 Sin
1168 1079 1343 1124 autem
1372 1086 1562 1139 magno
1585 1071 1685 1124 deo
1707 1071 1940 1138 Apollini
1995 1069 2334 1132 sacrilicaris,

765 1172 820 1214 et
857 1171 946 1213 tuo
985 1161 1249 1214 sacriﬁcio
1281 1176 1405 1214 eum
1433 1162 1523 1214 tibi
1556 1163 1805 1228 placaris,
1832 1168 2009 1227 potest
2041 1169 2091 1211 te
2114 1160 2181 1211 ab
2207 1157 2333 1221 hoc,

765 1253 856 1320 qui
885 1263 934 1306 te
953 1253 1180 1327 detinet,
1221 1253 1508 1307 candentis
1530 1252 1666 1321 ignis
1692 1252 1913 1321 grabato
1941 1260 1994 1305 el.
2015 1251 2204 1305 dolore
2228 1251 2331 1304 eri-

766 1359 915 1414 pere.
947 1341 1180 1400 Sanctus
1212 1353 1393 1397 autem
1433 1343 1586 1395 Plato
1626 1342 1760 1396 dixit
1790 1359 1803 1393 :
1831 1340 2116 1411 Nunquam
2166 1340 2334 1394 sacri-

768 1434 966 1496 ﬁcabo,
1009 1451 1110 1488 nec
1142 1434 1401 1502 Apollini,
1465 1449 1567 1488 nec
1611 1434 1839 1501 reliquis
1901 1433 2005 1487 diis
2035 1433 2163 1486 tuis.
2194 1430 2324 1485 Nam
2368 1503 2378 1518 .

762 1527 853 1594 qui
889 1525 1079 1593 Apollo
1112 1526 1340 1586 dicitur.
1382 1526 1535 1596 pellit
1573 1525 1641 1580 ad
1675 1525 1955 1578 interitum
1988 1541 2002 1575 :
2030 1531 2084 1576 et
2117 1537 2329 1586 omnes,

762 1617 851 1684 qui
889 1615 942 1670 in
974 1629 1097 1669 eum
1132 1617 1384 1677 credunt,
1428 1616 1620 1669 eodem
1650 1614 1905 1682 peribunt
1956 1613 2198 1666 interitu.
2238 1611 2331 1666 Vis

760 1714 941 1759 autem
969 1706 1132 1768 seire,
1159 1721 1190 1759 ο
1214 1707 1378 1758 stulte
1394 1713 1446 1759 et
1471 1703 1617 1774 gravi
1651 1704 1833 1768 corde,
1867 1702 2036 1756 delire
2067 1710 2120 1756 et
2149 1711 2330 1756 mente

759 1806 935 1863 capte,
971 1796 1115 1865 quod
1143 1811 1255 1851 non
1321 1805 1445 1850 sunt
1497 1796 1588 1858 dii,
1631 1796 1724 1863 qui
1785 1795 1918 1848 ﬁunt
1971 1809 2067 1863 per
2138 1810 2330 1849 manus

759 1889 1062 1953 hominum,
1113 1889 1208 1945 sed
1254 1903 1444 1941 aurum
1498 1897 1550 1941 et
1601 1896 1908 1954 argentum,
1970 1889 2025 1937 et
2084 1880 2248 1952 ligna,
2280 1894 2333 1939 et

762 1977 974 2047 lapides
1000 1978 1217 2032 formati
1256 1978 1423 2032 variis
1480 1987 1536 2030 et
1588 1976 1822 2030 diversis
1880 1975 2199 2029 coloribus?
2231 1976 2328 2040 Qui

758 2072 944 2125 oculos
973 2072 1197 2145 habent,
1227 2081 1280 2126 et
1311 2086 1418 2123 non
1473 2068 1656 2123 vident
1687 2086 1699 2120 :
1759 2083 1956 2123 manus
2003 2067 2224 2132 habent,
2279 2078 2333 2123 et

759 2180 868 2216 non
894 2164 1116 2232 palpant
1148 2180 1159 2212 :
1189 2163 1354 2231 pedes
1381 2161 1602 2224 habent,
1630 2170 1682 2215 et
1711 2176 1818 2214 non
1843 2160 2142 2224 ambulant,
2173 2176 2331 2216 aures

758 2255 981 2319 habent,
1048 2263 1099 2309 et
1141 2269 1252 2309 non
1325 2254 1597 2307 audiunt:
1647 2268 1805 2306 nares
1859 2252 2076 2316 habent,
2120 2262 2174 2308 et
2220 2267 2328 2307 non

758 2347 1137 2411 odorantur‘;
1185 2355 1261 2415 et,
1331 2354 1389 2400 ut
1467 2346 1638 2402 semel
1699 2344 1894 2407 dicam,
1965 2353 2092 2398 sunt
2164 2359 2330 2411 opera

757 2435 1059 2490 fabrorum-
1097 2446 1151 2490 et
1174 2435 1484 2495 auriﬁcum,
1531 2444 1587 2487 et
1634 2443 1992 2496 tornatorum,
2041 2442 2094 2486 et
2145 2433 2333 2502 lapici-

757 2529 972 2586 darum.
1009 2528 1291 2597 lstienim,
1342 2542 1480 2597 quos
1514 2534 1570 2581 tu
1620 2527 1751 2583 deos
1803 2539 1926 2581 esse
1983 2524 2137 2591 dicis,
2197 2541 2332 2594 quo-

756 2618 917 2675 modo
971 2634 1080 2672 non
1136 2629 1362 2687 possunt
1431 2618 1594 2672 alicui
1669 2617 2010 2678 benefacere,
2086 2618 2158 2670 ita
2229 2632 2330 2673 nec

759 2719 988 2778 possunt
1015 2725 1252 2779 unquam
1283 2710 1482 2763 laedere
1512 2723 1607 2762 eos
1655 2708 1743 2776 qui
1781 2708 1970 2762 timent
2018 2709 2328 2765 Dominum.

757 2801 896 2856 Sunt
933 2802 1097 2854 enim
1136 2802 1289 2855 nullo
1329 2815 1493 2855 sensu
1526 2800 1759 2870 praediti,
1804 2801 1958 2858 vobis
1989 2800 2197 2858 similes
2226 2817 2240 2854 :
2274 2809 2331 2855 et

759 2911 867 2950 non
893 2895 1158 2958 sentiunt,
1202 2910 1303 2949 nec
1327 2910 1450 2949 cum
1480 2895 1560 2948 eis
1582 2894 1808 2950 oliertur
1837 2892 2186 2955 sacriﬁcium,
2227 2906 2328 2949 nec

761 3002 882 3042 cum
917 2987 1298 3050 libamen,nec
1354 3002 1477 3041 cum
1516 2987 1596 3043 eis
1655 2986 1798 3042 ullus
1842 2985 1982 3039 alius
2037 2984 2329 3042 exhibetur

759 3080 961 3134 cultus.
1009 3079 1153 3132 Deus
1210 3089 1391 3133 autem
1422 3119 1436 3142 ,
1481 3079 1773 3148 quiomnia
1829 3077 1979 3140 fecit,
2034 3085 2089 3131 et
2127 3077 2324 3132 coelum

2443 618 2536 669 καὶ
2566 619 2622 668 ού
2651 618 3067 687 μετατρέπομαι
3094 621 3201 673 ἀπὸ
3235 619 3335 688 τῆς
3366 621 3656 687 ὁμολογίας
3677 621 3907 691 ταύτης.
3953 623 4008 676 Ὀ

2436 704 2491 757 δὲ
2534 707 2886 776 Ἀγριππῖνος
2911 710 3015 778 ἔφη
3038 727 3050 740 ·
3086 711 3180 773 Τίς
3206 713 3354 762 ἐστιν
3383 715 3408 764 6
3447 712 3679 780 Χριστὸς
3713 713 3773 764 ὃν
3827 717 3894 766 σὺ
3926 714 4008 772 λέ-

2437 815 2587 864 γεις;
2623 802 2711 870 Μὴ
2743 801 2973 853 δύναταί
3007 818 3064 853 σε
3093 802 3366 870 ῥύσασθαι
3409 805 3473 856 ἐκ
3516 804 3622 855 τῶν
3655 805 3886 872 χειρῶν,
3937 806 4005 876 μὴ

2437 892 2671 956 θύοντας
2702 893 2796 946 νῦν
2835 890 2925 947 οὖν
2973 895 3153 968 βούλει
3190 897 3376 959 κακῶς
3413 897 3727 952 ἀποθανεῖν.
3766 898 4006 952 Γίνωσκε

2436 984 2550 1045 οὖν,
2582 986 2661 1036 ὅτι
2692 987 2719 1036 6
2751 987 3090 1054 σταυρωθεὶς
3121 987 3271 1057 παρὰ
3295 988 3403 1039 τῶν
3463 989 3737 1040 Ἰουδαίων
3770 990 3834 1041 οὐ
3858 990 4007 1042 δύνα-

2435 1073 2524 1126 ταί
2553 1090 2608 1125 σε
2641 1074 2837 1135 σῶσαι,
2862 1077 2907 1126 εί
2939 1075 3033 1127 καὶ
3065 1076 3272 1145 σφόδρα
3305 1075 3530 1145 Θαρρεἶς
3564 1081 3685 1138 ταῖς
3724 1080 4008 1145 γοητείαις

2437 1180 2550 1215 σου.
2589 1163 2713 1215 Ἐὰν
2747 1163 2802 1215 δὲ
2829 1163 3001 1234 θύσῃς
3033 1165 3108 1234 τῷ
3155 1165 3377 1234 μεγάλῳ
3414 1165 3520 1235 θεῷ
3573 1166 3879 1219 Ἀπόλλωνι
3916 1167 4008 1218 καὶ

2435 1254 2780 1325 θεραπεύσῃς
2811 1253 2972 1307 αὑτὸν
3004 1255 3091 1308 διὰ
3115 1256 3214 1325 τῆς
3244 1255 3436 1317 θυσίας
3460 1272 3575 1320 σου,
3606 1255 3836 1319 δυνατός
3864 1258 4009 1308 ἐστιν

2432 1343 2539 1394 ἀπὸ
2559 1344 2654 1412 τῆς
2678 1344 3021 1413 κατεχούσης
3049 1361 3107 1397 σε
3137 1345 3340 1415 ταύτης
3371 1345 3563 1413 ὀδύνης
3586 1346 3680 1398 καὶ
3702 1345 4008 1414 κραεὸατο-

2434 1434 2631 1502 πυρίας
2657 1436 2955 1500 ἐξελέσθαι.
2995 1436 3223 1489 Πλάτων
3251 1435 3405 1491 εἶπεν
3427 1453 3440 1467 ⁸
3473 1437 3547 1490 Οὐ
3578 1436 3692 1490 θύω
3728 1437 3858 1490 οὕτε
3893 1440 4003 1499 τοῖς

2436 1524 2643 1588 λοιποῖς
2688 1525 2851 1591 Θεοῖς,
2889 1525 3012 1580 οὔτε
3048 1526 3416 1580 ’Ἂπόλλωνιο
3470 1531 3497 1580 6
3545 1527 3656 1596 γὰρ
3704 1527 4004 1596 λεγόμενος

2446 1616 2717 1670 Ἀπόλλων
2746 1618 2993 1671 ἁπώλειά
3018 1620 3185 1680 ἐστιν,
3219 1619 3314 1671 καὶ
3346 1618 3548 1679 πάντες
3570 1617 3626 1669 δὲ
3655 1620 3704 1671 οἱ
3731 1620 3817 1680 είς
3840 1620 4006 1670 αὐτὸν

2434 1707 2808 1770 πιστεύοντες,
2859 1711 2922 1778 τῇ
2985 1709 3121 1779 αὐτῇ
3148 1707 3396 1779 ἀπωλείᾳ
3435 1707 3785 1762 ἀπολοῦνται.
3814 1707 4005 1770 Θέλεις

2434 1800 2489 1852 δὲ
2519 1799 2744 1867 γνῶναι,
2774 1800 2968 1868 ἀνόητε
3010 1803 3104 1851 καὶ
3144 1799 3634 1874 βαρυκάρδιε,ηκαὶ
3680 1801 4008 1869 φρεναπάτα

2436 1892 2532 1946 καὶ
2565 1891 2798 1960 λυμεὼν.
2835 1893 2915 1944 ὅτι
2967 1893 3067 1944 οὐκ
3092 1894 3201 1944 είσὶ
3241 1892 3354 1944 θεοὶ
3377 1894 3426 1944 oi
3449 1893 3537 1946 διὰ
3562 1893 3762 1962 χειρῶν
3793 1892 4005 1963 ἀνθρώ-

2435 1997 2550 2035 πων
2580 1982 2880 2050 γενόμενοι,
2911 1981 3044 2033 ἀλλὰ
3066 1981 3286 2049 χρυσὸς,
3308 1981 3403 2033 καὶ
3422 1983 3682 2052 ἄργυρος,
3713 1982 3809 2034 καὶ
3846 1982 4000 2046 ξύλα,

2433 2073 2528 2122 καὶ
2580 2070 2738 2137 λίθοι,
2792 2072 3215 2140 μεμορφωμένοι
3264 2071 3533 2134 ποικίλοις
3581 2073 3674 2124 καὶ
3713 2071 4002 2141 διαφόροις

2434 2158 2752 2230 χρώμασιν·
2816 2160 2866 2214 οἳ
2893 2161 3209 2229 ὀφθαλμοὺς
3246 2162 3431 2231 ἔχουσι
3464 2162 3558 2214 καὶ
3590 2162 3651 2214 ού
3688 2163 4003 2232 βλέπουαιν,

2433 2247 2543 2304 ὦτα
2603 2269 2787 2322 εχουσι
2832 2253 2927 2305 καὶ
2984 2252 3085 2304 οὐκ
3131 2252 3415 2317 ἀκούουσι,
3474 2255 3625 2322 ῥῖνας
3673 2253 3859 2322 ἔχουσι
3918 2254 4004 2304 καὶ

2433 2345 2532 2397 οὐκ
2585 2343 3071 2414 ὀσφρανθήσονται,
3120 2346 3310 2417 χεῖρας
3370 2343 3553 2413 ἔχουσι
3609 2345 3702 2400 καὶ
3781 2344 3846 2397 οὐ
3896 2344 4002 2414 ψη-

2431 2436 2753 2509 λαφήσουσι,
2819 2435 2985 2500 πόδας
3036 2435 3218 2508 ἔχουσι
3279 2436 3376 2489 καὶ
3435 2436 3495 2488 ού
3585 2439 4001 2506 περιπατήσου-

2433 2545 2485 2580 σι
2513 2543 2526 2557 ·
2590 2527 2684 2580 καὶ
2715 2525 2904 2589 ἁπλῶς
2957 2527 3148 2590 εἰπεῖν,
3193 2526 3330 2595 ἔργα
3364 2526 3563 2597 χειρῶν
3593 2526 3864 2595 τεχνιτῶν
3899 2528 3994 2579 καὶ

2440 2620 2751 2692 χρυσοχόων
2827 2620 2925 2672 καὶ
2983 2618 3287 2690 τορνευτῶν
3366 2620 3460 2672 καὶ
3516 2617 3776 2683 λιθοξόων
3837 2618 3998 2671 εἰσίν.

2431 2704 2588 2764 Οὗτοι
2619 2710 2748 2778 γὰρ,
2783 2709 2878 2770 οὓς
2903 2710 3080 2777 λέγεις
3107 2707 3246 2763 εἶναι
3279 2709 3458 2774 θεοὺς,
3482 2709 3674 2779 ὥσπερ
3694 2709 3906 2776 ἀγαθὸν
3939 2709 4002 2761 ού

2429 2801 2684 2854 δύνανται
2724 2802 2974 2870 ποιῆσαι,
3007 2800 3184 2867 οὕτως
3231 2801 3354 2864 ούρὲ
3387 2800 3588 2870 βλάψαι
3628 2799 3756 2862 τοὺς
3801 2799 4001 2867 φοϐουο

2432 2904 2626 2963 μένους
2657 2894 2748 2946 τὸν
2800 2894 2932 2947 Θεὸν
2973 2892 3256 2958 δύνανται,
3298 2893 3434 2947 ἀλλὰ
3482 2891 3810 2958 ἀναίσθητοί
3859 2893 4000 2944 εἰσιν

2427 2984 2600 3055 ὅμοιοι
2635 2984 2790 3055 ὑμῶν
2815 2985 2911 3038 καὶ
2946 2985 3046 3037 οὐκ
3077 2984 3426 3062 αἰσθάνονται
3448 2981 3572 3036 οὔτε
3607 2983 3800 3058 θυσίας
3827 2999 3999 3050 προσ-

2427 3073 2736 3141 φερομένης
2765 3071 2891 3124 ούτε
2927 3076 3034 3142 μὴν
3074 3074 3270 3143 ἑτέρας
3302 3073 3447 3135 τινὸς
3487 3071 3812 3140 θεραπείας.
3859 3071 3917 3124 '0
3945 3071 3997 3123 δὲ

757 3172 1002 3227 extendit
1032 3184 1289 3244 tanquam
1325 3173 1545 3241 pellem,
1577 3179 1632 3224 et
1665 3178 1863 3225 terram
1895 3168 2326 3237 fundavitsuper

2432 3165 2608 3218 πάντα
2636 3167 2868 3235 ποιήσας
2888 3203 2904 3235 ,
2936 3167 3031 3218 καὶ
3059 3165 3149 3217 τὸν
3179 3163 3410 3235 οὐρανὸν
3436 3162 3677 3228 τανύσας
3712 3162 3852 3216 ὡσεὶ
3874 3163 4000 3231 δέρσ

757 3279 926 3334 aquas
964 3266 1006 3327 ',
1054 3265 1146 3332 qui
1174 3274 1353 3334 potest
1425 3264 1663 3318 animam
1693 3272 1749 3317 et
1790 3276 1989 3331 corpus
2020 3260 2323 3331 perderein

755 3357 1005 3426 gehenna
1033 3356 1052 3387 ⁸
1095 3371 1110 3410 :
1152 3357 1268 3426 ipse
1309 3356 1363 3410 in
1416 3369 1608 3415 omnes
1655 3355 1995 3410 dominatum
2048 3354 2323 3418 obtinens,

754 3449 1040 3505 rationalia
1065 3458 1117 3503 et
1157 3449 1445 3503 incruenta
1494 3449 1721 3518 suscipit
1762 3447 2056 3511 sacrilicia,
2089 3461 2210 3515 qua:
2251 3459 2319 3499 ex

753 3556 894 3613 puro
916 3541 1083 3596 corde
1114 3541 1163 3594 ei
1188 3541 1530 3595 offeruntur:
1559 3549 1614 3594 et
1648 3539 1921 3607 quomodo
1947 3553 2055 3594 non
2103 3547 2187 3593 cst
2227 3537 2328 3590 ab-

755 3633 1003 3697 surdum,
1037 3640 1094 3685 ut
1118 3645 1221 3686 nos
1255 3630 1450 3686 relicto
1471 3629 1726 3685 eﬁ'ectore
1781 3629 2188 3693 universorum,
2234 3641 2324 3681 sa-

754 3721 1062 3776 criﬁcemus
1081 3721 1241 3791 lignis
1265 3729 1320 3775 et
1343 3720 1613 3788 lapidibus
1638 3719 1849 3773 ratione
1879 3717 2215 3782 carentibus,
2233 3715 2325 3787 qui

754 3810 925 3866 creati
956 3825 1148 3864 sumus
1181 3809 1246 3864 ad
1281 3809 1376 3863 Dei
1414 3806 1741 3880 imaginem?

825 3984 918 4040 ιχ.
958 3984 1094 4039 Dicit
1140 3984 1464 4054 Agrippinus
1494 3997 1508 4038 :
1539 3981 1791 4038 Miserere
1817 3982 1893 4034 tui
1933 3982 2001 4036 de
2038 3992 2258 4048 caetero,
2293 3996 2326 4038 ο
2375 3989 2378 3993 ‘

755 4079 951 4142 miser;
981 4085 1033 4130 et
1062 4076 1106 4130 si
1131 4076 1269 4130 nolis
1288 4074 1614 4141 sacriﬁcare,
1641 4074 1731 4128 die
1762 4074 1933 4129 solum
1965 4093 1979 4130 :
2005 4074 2225 4146 Magnus
2247 4083 2329 4130 est

753 4169 968 4240 Apollo,
1001 4176 1055 4223 et
1078 4168 1282 4237 jubebo
1317 4176 1368 4221 te
1384 4166 1585 4220 auferri
1620 4166 1686 4220 ab
1721 4167 1822 4219 hoc
1845 4167 1995 4234 gravi
2024 4167 2187 4236 ignis,
2220 4183 2328 4238 quo

756 4259 994 4326 vexaris,
1020 4259 1289 4323 cruciatu,
1328 4256 1526 4326 abique
1558 4268 1755 4328 scepes
1785 4265 1841 4310 et
1873 4263 2063 4310 noster
2092 4257 2325 4316 amicus.

757 4350 994 4406 Sanctus
1022 4359 1201 4403 autem
1229 4347 1366 4403 dixit
1394 4348 1543 4402 Plato
1572 4366 1586 4402 :
1620 4347 1797 4412 Absit,
1847 4357 1906 4402 ut
1931 4363 2028 4418 ego
2081 4348 2156 4403 ita
2219 4348 2326 4404 mei

756 4446 1037 4505 miserear,
1056 4451 1112 4498 ut
1128 4454 1248 4494 meo
1259 4453 1484 4509 parcens
1497 4440 1730 4507 corpori,
1754 4447 1983 4505 etparva
2002 4438 2242 4506 accepta,
2269 4446 2332 4492 ut

2430 3257 2515 3325 ῥιν
2547 3255 2639 3308 καὶ
2676 3255 2775 3325 τὴν
2823 3256 2929 3325 γῆν
2961 3254 3297 3324 θεμελιώσας
3334 3255 3428 3308 επὶ
3475 3254 3586 3307 τῶν
3635 3254 3875 3314 ὑδάτων,
3911 3254 3999 3305 δυ-

2427 3349 2660 3418 νάμενος
2693 3347 2785 3400 καὶ
2826 3349 2924 3413 τὴν
2978 3347 3156 3416 ψυχὴν
3203 3344 3384 3398 καὶτὸ
3428 3344 3591 3411 σῶμα
3622 3343 3893 3396 ἀπολέσαι
3940 3345 3998 3393 ἐν

2426 3439 2492 3508 τῇ
2523 3436 2738 3508 γεέννῃ,
2775 3435 2936 3497 αὐτὸς
2995 3434 3279 3498 δεσπόζων
3329 3432 3571 3499 πάντων,
3629 3429 3998 3500 προσδέχεται

2429 3531 2526 3590 τὰς
2557 3528 2778 3596 λογικὰς
2803 3525 2994 3589 θυσίας
3017 3526 3113 3578 καὶ
3140 3524 3533 3595 ἀναιμάκτους,
3563 3521 3661 3585 τάς
3685 3520 3794 3574 ἀπὸ
3828 3520 3999 3575 καθα·

2430 3623 2530 3694 ρᾶς
2583 3608 2806 3690 καρδίας
2852 3617 3303 3690 προσφερομένας
3348 3615 3591 3674 καὶπῶς
3641 3613 3744 3665 οὐκ
3790 3613 3996 3667 ἄτοπόν

2428 3714 2576 3765 ἔστιν
2619 3710 3050 3778 καταλείψαντας
3084 3709 3229 3777 ἠμῖς
3265 3705 3356 3760 τὸν
3395 3706 3503 3758 τῶν
3555 3705 3692 3757 ὅλων
3728 3704 3995 3773 ποιητὴν,

2430 3801 2607 3873 ξύλοις
2635 3801 2727 3854 καὶ
2753 3799 2921 3862 λίθοις
2946 3797 3162 3866 ἀλόγοις
3193 3795 3342 3850 θύειν
3369 3794 3401 3866 ἢ
3425 3791 3674 3849 σπένδειν
3708 3793 3842 3854 τοὺς
3876 3791 3997 3844 κατ’

2427 3895 2612 3949 εἰκόνα
2643 3891 2961 3954 κτισθέντας
3003 3889 3136 3944 Θεοῦ
3162 3907 3176 3957 ;

2500 3986 2578 4041 8'.
2624 3986 2684 4040 '0
2732 3985 2789 4039 δὲ
2851 3986 3207 4055 Ἀγριππῐνος
3253 3981 3386 4052 ἔφη’
3418 3980 3700 4048 Οἴκτειρον
3759 3975 3990 4032 σεαυτὸν

2427 4080 2635 4144 λοιπὸν,
2702 4076 3002 4146 τρισάθλιε,
3040 4075 3154 4140 καὶ,
3191 4074 3240 4125 εί
3304 4070 3379 4142 μὴ
3419 4071 3593 4132 θέλεις
3630 4067 3821 4132 θύσας,
3878 4068 3998 4120 sint

2432 4171 2592 4244 μόνον
2620 4187 2632 4201 ·
2666 4169 2861 4238 Μέγας
2909 4169 2936 4219 6
2989 4165 3294 4229 Ἀπόλλων,
3329 4163 3422 4218 καὶ
3467 4159 3711 4216 κελεύσω
3771 4159 3830 4212 σε
3860 4176 3996 4213 κατ-

2430 4261 2721 4335 ενεχθῆναι
2749 4258 2858 4314 ἀπὸ
2889 4258 2988 4327 τῆς
3018 4255 3360 4327 κατεχούσης
3391 4271 3449 4309 σε
3482 4251 3665 4321 δεινῆς
3695 4250 3791 4303 τοῦ
3827 4249 3997 4322 πυρὸς

2430 4355 2729 4417 κολάσεως,
2774 4349 3095 4405 καὶ.ᾶπελθε
3125 4346 3386 4413 ὑγιαίνων
3431 4343 3521 4395 καὶ
3544 4341 3698 4408 φίλος
3734 4340 4000 4407 ὑπάρχων

2430 4444 2722 4513 ἡμέτερος.
2764 4441 2990 4493 Πλάτων
3031 4433 3185 4491 εἶπεν
3211 4452 3224 4465 '
3285 4435 3374 4505 Μὴ
3423 4431 3634 4502 γένοιτό
3674 4447 3767 4501 μοι
3824 4429 3996 4490 οὕτως

758 4543 816 4588 tu
839 4546 1049 4594 censes,
1069 4531 1423 4594 relaxatione,
1455 4545 1575 4583 cum
1594 4529 1771 4582 anima
1802 4528 1990 4584 vadam
2019 4528 2086 4583 ad
2111 4529 2327 4600 gehen-

2432 4533 2627 4588 ὲαυτὸν
2680 4531 2930 4603 ἐλεῆσαι,
2972 4528 3060 4583 ἴνα
3105 4525 3423 4599 φειδόμενός
3467 4539 3568 4594 μου
3611 4519 3709 4574 τοῦ
3740 4519 3996 4590 σώματος

757 4639 882 4678 nam
923 4622 1082 4692 ignis.
1122 4622 1257 4678 Dixit
1284 4620 1639 4690 Agrippinus:
1678 4619 1844 4676 Recte
1875 4620 2033 4686 facis,
2060 4621 2329 4676 infelicis-

2432 4627 2525 4680 καὶ
2573 4622 2777 4690 ὀλίγον,
2813 4623 2887 4684 ὡς
2937 4622 3000 4676 σὺ
3045 4619 3308 4690 νομίζεις,
3348 4618 3534 4672 ἅνεσιν
3562 4613 3743 4667 λαϐὼν
3791 4614 3890 4665 σὺν
3935 4613 4001 4681 τῇ

756 4715 912 4778 sime,
934 4713 1030 4767 tibi
1058 4723 1286 4766 mortem
1317 4712 1570 4776 aﬁ‘erens,
1596 4718 1648 4764 te
1679 4711 1777 4764 hac
1799 4711 2119 4766 suavissima
2145 4711 2332 4768 volens

2432 4715 2570 4785 ψυχῇ
2600 4714 2827 4781 ἐμπέσω
2856 4714 2937 4773 είς
2986 4710 3356 4786 τὴνγέενναν.
3411 4707 3473 4766 Ὀ
3522 4705 3578 4756 δὲ
3638 4705 3996 4771 ’Δγριππῖνος

759 4801 877 4854 luce
908 4800 1142 4869 privare.
1175 4800 1318 4852 Dixit
1351 4797 1539 4853 Plato:
1595 4797 1700 4854 Pro
1759 4799 1975 4854 Christo
2001 4801 2158 4864 mori,
2198 4815 2329 4855 conv

2432 4807 2570 4877 ἔφη’
2605 4805 2823 4868 Καλῶς,
2883 4802 3319 4872 δυστυχέστατε,
3369 4797 3602 4852 θάνατον
3660 4793 3848 4865 ἑαυτῷ
3907 4794 3990 4846 ea.

755 4891 909 4947 cillat
957 4892 1089 4945 mihi
1160 4907 1385 4961 regnum
1455 4891 1712 4947 cwlorum
1745 4910 1758 4959 ;
1796 4908 1902 4947 non
1978 4893 2110 4949 mihi
2147 4903 2329 4947 autem

2432 4898 2604 4966 άγεις,
2637 4895 2959 4966 βουλόμενος
2985 4893 3177 4948 ἑαυτὸν
3215 4891 3460 4961 στερίσαι
3484 4887 3575 4943 τοῦ
3612 4887 3839 4956 ἡδίστου
3882 4902 3995 4952 φω-

756 4982 956 5048 solum,
985 4982 1080 5037 sed
1122 4983 1284 5037 etiam
1315 4984 1593 5043 omnibus.
1628 4985 1722 5054 qui
1755 4987 1932 5055 ipsum
1968 4985 2183 5038 timent.
2217 4986 2324 5054 Ego

2432 4986 2529 5046 r6;.
2577 4984 2633 5035 ὐ
2659 4983 2816 5052 ἅγιος
2844 4983 3067 5035 Πλάτων
3093 4978 3247 5034 εἶπεν
3274 4997 3289 5011 ο
3325 4979 3396 5030 Τὸ
3429 4976 3571 5046 ὑπὲρ
3599 4973 3842 5044 Χριστοῦ
3867 4975 3992 5025 ἀποι

759 5085 891 5125 vero
917 5071 1010 5124 tibi
1044 5071 1188 5135 dico,
1218 5071 1360 5140 quod
1398 5086 1504 5126 non
1533 5081 1763 5141 possunt
1790 5075 2028 5138 vincere,
2072 5077 2165 5142 qut
2199 5087 2320 5126 cum

2432 5071 2598 5125 iavsiv
2642 5071 2928 5141 βασιλείαν
2979 5068 3229 5141 οὐρανῶν
3262 5069 3516 5141 προξενεῖ
3570 5082 3686 5135 μοι,
3735 5065 3838 5117 οὐκ
3863 5055 3992 5133 {pol

759 5161 870 5216 Deo
892 5171 1161 5215 conantur
1201 5162 1401 5216 bellum
1460 5177 1666 5232 gerere,
1728 5174 1784 5218 et
1809 5165 2028 5234 pietatis
2089 5163 2322 5217 athletas

2432 5163 2603 5232 μόνον,
2632 5163 2769 5216 ἀλλὰ
2788 5164 2881 5215 καὶ
2913 5165 3077 5216 πᾶσιν
3104 5163 3217 5225 τοῖς
3239 5159 3601 5229 φοϐουμένοις
3650 5155 3835 5209 αὐτόν.
3857 5151 4006 5219 Ἐγὼ

757 5251 992 5308 diversis
1017 5254 1300 5307 tormentis
1324 5255 1621 5324 subjiciunt
1657 5273 1669 5308 :
1696 5256 1968 5324 quomodo
2009 5270 2198 5308 rursus
2221 5270 2325 5309 nec

2432 5255 2485 5308 δέ
2519 5271 2601 5306 σοι
2653 5253 2798 5322 λέγω
2823 5256 2903 5308 ὅτι
2951 5255 3010 5306 ού
3050 5253 3306 5307 δύνανται
3357 5248 3577 5318 νικῆσαι
3612 5247 3809 5308 οἵτινες
3846 5243 3992 5314 μάχῃ

756 5344 848 5415 qui
871 5343 1148 5398 Christum
1171 5346 1373 5398 habent
1401 5361 1556 5414 opem
1577 5346 1787 5401 ferente
1800 5363 1873 5412 m,
1899 5356 2126 5414 possunt
2155 5346 2324 5400 malos

2432 5345 2721 5414 πειρῶνται
2752 5347 2912 5416 νικᾷν
2950 5346 3076 5408 τοὺς
3109 5345 3207 5413 τῆς
3260 5340 3542 5404 εὐσεϐείας
3586 5336 3849 5406 ἀθλητὰς,
3893 5335 3990 5387 κᾶν

757 5435 1012 5492 homines
1046 5445 1099 5487 et
1127 5436 1234 5489 Deo
1287 5435 1490 5490 invisos
1515 5438 1731 5491 vincere
1782 5446 2005 5506 propter
2057 5436 2321 5505 insignem

2432 5435 2678 5500 βασάνοις
2718 5436 2999 5507 διαφόροις
3041 5435 3441 5500 ύποδὰλλωσιν,
3495 5433 3686 5500 ὥσπερ
3738 5431 3906 5483 πάλιν
3947 5427 4001 5480 of

757 5542 946 5581 eorum
974 5525 1258 5579 malitiam.
1312 5525 1671 5591 Quamobrem
1726 5529 1848 5582 dico
1913 5529 2030 5594 tibi,
2072 5538 2321 5598 tyranne,

2432 5526 2653 5596 Χριστὸν
2685 5529 3032 5600 ἐπαμύνοντα
3059 5528 3274 5598 ἔχοντες
3301 5525 3556 5580 νικᾶσθαι
3590 5526 3702 5589 τοῖς
3729 5524 3988 5599 πονηροῖ;

757 5619 902 5690 quod
932 5633 1102 5688 neque
1135 5618 1265 5684 vita,
1292 5633 1463 5688 neque
1495 5634 1658 5685 mors,
1683 5636 1859 5689 neque
1883 5621 2114 5690 gladius,
2146 5636 2320 5690 neque

2432 5606 2647 5688 Ξινδρᾶσι
2697 5622 2791 5674 καὶ
2833 5622 3104 5691 μισοοέοις
3139 5625 3197 5676 οὺ
3251 5622 3524 5677 δύνανται.
3581 5621 3668 5673 Διὸ
3722 5623 3871 5690 λέγω
3906 5636 3993 5675 σοι

1514 5805 1532 5834 ⁵
1569 5802 1705 5860 Psal.
1732 5815 1840 5869 ιιιι,
1873 5807 1924 5870 5,
1963 5803 2014 5858 5.

863 5799 883 5831 ⁸
922 5798 1059 5859 Psal.
1098 5817 1247 5870 cxm,
1289 5804 1400 5857 5-7.
1514 5805 1532 5834 '
1569 5802 1705 5860 Psal.
1732 5815 1840 5869 sui,
1873 5807 1924 5870 ὅ,
1963 5803 2014 5858 5.
2127 5805 2144 5836 ⁸
2177 5806 2360 5862 Matth.
2401 5823 2452 5872 χ,
2481 5806 2567 5863 ‘28.
