4180 6500
187 407 298 472 413

1476 416 1651 477 νιΤΑ
1694 416 1752 476 S.
1796 415 2180 480 PLATONIS.

3334 418 3436 482 ιιι

180 520 303 575 οὔτε
338 520 486 593 ζωὴ,
521 522 645 577 οὐτε
678 523 928 595 θάνατος,
960 526 1082 580 οὐτε
1126 528 1390 599 μάχαιρα,
1426 528 1549 582 οὐτε
1579 528 1751 599 λιμὸς,

1864 530 2051 596 fames,
2108 544 2285 601 neque
2316 532 2637 601 periculum,
2695 547 2875 602 neque
2934 531 3186 595 altitudo,
3259 548 3434 602 neque

180 612 305 667 οὔτε
323 614 603 680 κίνδυνος,
634 617 756 671 οὔτε
784 619 1009 690 ὕψωμα,
1034 619 1158 673 οὔτε
1180 620 1365 690 βάθος,
1399 620 1523 674 οὔτε
1546 639 1631 683 τις
1652 624 1761 677 xtl-

184 721 268 768 σις
297 706 469 775 ἑτέρα
503 709 829 779 χωρίσειμε
854 711 963 764 ἀπὸ
991 712 1088 781 τῆς
1113 712 1334 782 ἀγάπης
1360 712 1454 766 τοῦ
1493 714 1631 767 Θεοῦ
1662 714 1761 783 τῆς

158 798 237 848 ’ἐν
262 796 493 867 Χριστῷ
524 800 605 867 τῷ
634 802 820 871 Κυρίῳ
846 804 1021 872 ἡμῶν.
1052 804 1256 857 Τούτου
1276 805 1437 876 χάριν
1471 806 1760 875 πεισθῆναί

184 901 274 954 μοι
306 887 552 955 ὀφείλεις
588 892 1051 963 ἐπαγγελλομένῳ
1078 912 1160 949 σοι
1198 896 1261 949 οὐ
1294 897 1553 965 φθαρτῶν
1585 914 1755 951 τινων

182 976 538 1045 πραγμάτων
572 982 662 1033 καὶ
695 981 911 1051 σαθρῶν
943 984 1265 1049 ἀπόλαυσιν,
1302 986 1437 1039 άλλά
1479 986 1758 1056 βασιλείαν

180 1066 453 1137 οὐρανῶν,
490 1072 557 1141 ῆν
579 1072 627 1123 oi
649 1075 728 1134 είς
752 1074 843 1126 τὸν
875 1076 1114 1146 Χριστὸν
1142 1078 1568 1148 ἐπιστρέφοντες
1602 1078 1759 1149 ἔχου-

184 1172 287 1221 σιν,
336 1157 465 1211 δθεν
506 1161 721 1231 ἀπέδρα
759 1163 918 1235 ὀδύνη
966 1168 1062 1219 καλ⁸
1105 1166 1249 1238 λύπη
1286 1168 1382 1221 καὶ
1422 1172 1753 1240 στεναγμός.

182 1243 521 1300 Ματαίωσον
572 1251 753 1305 τοίνυν
814 1256 917 1321 τὴν
972 1254 1160 1310 ἐλπίδα
1214 1257 1309 1311 τοῦ
1363 1258 1635 1326 διασόλου,
1689 1262 1756 1333 ἢν

185 1335 325 1403 ῐχεις
358 1338 453 1391 ἐπὶ
480 1340 591 1406 σοὶ,
621 1342 714 1395 καὶ
741 1344 1008 1415 άπόστηθι
1031 1348 1139 1401 άπὸ
1166 1349 1267 1420 τῆς
1288 1350 1485 1420 μανίας
1508 1354 1715 1423 ταύτης
1738 1370 1751 1385 ·

183 1426 279 1478 καὶ
300 1428 600 1484 άναλαδὼν
632 1433 692 1485 τὸ
724 1434 943 1503 λογικὸν
987 1438 1230 1511 ἀξίωμα,
1263 1440 1434 1509 γνῶθι
1476 1444 1561 1508 τίς
1595 1442 1757 1499 ἐστιν

183 1522 211 1571 ὁ
240 1519 391 1593 πάσῃ
416 1526 586 1595 σαρκὶ
626 1527 773 1599 ζωὴν
814 1531 1204 1602 χαριζόμενος.
1252 1533 1410 1588 Οὕτω
1449 1536 1560 1609 γὰρ
1600 1537 1755 1592 ἔσται

185 1611 508 1682 θαυμαστὸς
553 1620 876 1687 μετατεθεὶς
926 1622 1036 1676 άπὸ
1086 1627 1183 1694 τῆς
1232 1627 1500 1698 πονηρίας
1555 1629 1758 1699 ταύτης

183 1706 273 1757 καὶ
306 1704 702 1777 ψυχοφθάρτου
726 1712 960 1784 πλάνης.
990 1714 1220 1784 Δέχεται
1252 1718 1362 1786 γὰρ
1409 1719 1538 1781 τοὺς
1584 1736 1755 1789 μετα-

1861 621 2213 691 profundum,
2270 638 2445 693 neque
2511 624 2619 681 ulla
2682 624 2782 677 alia
2850 640 2937 679 res
3001 634 3184 678 creata
3257 634 3435 693 potest

1862 730 1959 769 nos
2006 706 2255 785 separare
2302 731 2331 769 a
2369 716 2635 769 charitate
2692 714 2805 781 Dei,
2866 731 2984 784 qua:
3024 726 3107 769 est
3162 715 3215 770 in
3271 716 3433 771 Chri-

1862 814 1949 861 sto
2007 804 2133 861 Jesu
2198 806 2427 861 Domino
2489 808 2728 861 nostro'
2869 806 2941 859 Ea
3019 806 3085 859 de
3160 822 3317 860 causa
3374 815 3430 861 tu

1858 898 2029 969 magis
2060 900 2223 953 debes
2253 899 2383 952 mihi
2407 913 2619 967 parere,
2653 898 2927 967 pollicenti
2969 896 3105 958 fore,
3145 906 3203 950 ut
3231 894 3429 949 iruaris

1861 1004 1968 1041 non
2033 988 2197 1043 rebus
2240 989 2511 1058 aliquibus
2558 988 2800 1049 caducis,
2878 996 2932 1040 ct
2984 987 3038 1041 in
3095 1002 3231 1055 quas
3284 987 3431 1041 cadit

1858 1080 2129 1145 interitus,
2185 1080 2277 1134 sed
2329 1094 2498 1149 regno
2562 1080 2826 1134 caalorum
2890 1088 2945 1132 et
3004 1078 3113 1131 vita
3172 1088 3429 1133 mterna:

1858 1187 2020 1241 quam
2054 1172 2278 1235 habent,
2336 1172 2428 1239 qui
2481 1172 2546 1225 ad
2594 1171 2769 1241 ipsum
2816 1177 3242 1233 convertuntur;
3286 1169 3431 1223 unde

1855 1262 2065 1332 aufugit
2121 1263 2294 1329 dolor,
2347 1262 2567 1317 tristitia
2642 1271 2697 1317 et
2780 1261 3087 1332 gemitus‘.
3138 1261 3245 1317 Fac
3298 1276 3426 1331 ergo

1857 1357 1917 1403 ut
1949 1364 2085 1403 vana
2122 1350 2192 1404 sit
2221 1365 2364 1418 spes,
2387 1366 2551 1419 quam
2600 1350 2655 1405 in
2716 1360 2767 1405 te
2831 1351 2995 1405 habet
3039 1350 3308 1414 diabolus,
3374 1360 3430 1406 et

1858 1439 2078 1494 discede
2111 1440 2179 1493 ab
2212 1440 2313 1494 hac
2351 1441 2585 1506 insania,
2613 1451 2667 1497 et
2695 1441 2943 1496 rationali
2970 1452 3187 1510 accepta
3246 1442 3433 1511 digni-

1862 1540 1986 1592 tate,
2016 1545 2282 1601 cognosce
2303 1531 2551 1599 quisnam
2612 1532 2681 1585 sit
2748 1532 2839 1601 qui
2871 1533 3019 1587 omni
3072 1534 3222 1587 carni
3264 1534 3425 1588 vitam

1860 1621 2104 1693 largitur.
2137 1622 2227 1677 Sic
2249 1623 2394 1677 enim
2420 1622 2531 1676 eris
2548 1622 2905 1686 admirabilis,
2942 1624 3225 1679 traductus
3242 1625 3310 1678 ab
3328 1625 3433 1679 hac

1857 1713 2208 1781 improbitate
2236 1722 2290 1769 et
2322 1714 2390 1768 ab
2422 1728 2631 1779 errore,
2650 1714 2743 1784 qui
2774 1712 2935 1769 aﬂert
2968 1715 3163 1771 animae
3178 1715 3429 1769 exitium.

182 1793 447 1858 νοοῦντας
477 1798 507 1849 6
554 1798 763 1867 Κύριος
788 1801 822 1852 6
862 1800 1095 1867 πάντας
1133 1802 1323 1857 θέλων
1355 1805 1621 1873 σωθῆναι
1656 1807 1751 1861 καὶ

1860 1806 1967 1859 Eos
2025 1804 2169 1857 enim
2251 1804 2473 1873 excipit,
2556 1803 2650 1873 qni
2732 1814 3022 1859 moventur
3090 1805 3429 1876 pcenitcntia,

182 1883 265 1948 είς
294 1883 627 1951 ἐπίγνωσιν
662 1887 950 1956 ἀληθείας
968 1891 1186 1959 ἐλθεῖν,
1212 1896 1245 1948 ό
1272 1894 1357 1963 μὴ
1372 1896 1751 1965 βουλόμενος

1857 1895 2119 1953 Dominus
2162 1903 2349 1949 noster
2408 1894 2566 1950 Jesus
2618 1893 2886 1959 Christus,
2918 1898 3037 1966 ,qui
3080 1896 3189 1949 vult
3256 1911 3433 1949 omnes

182 1973 286 2026 τὸν
305 1972 574 2029 θάνατον
597 1977 705 2031 τοῦ
754 1974 1107 2049 ἀιεαρτώλοῦ
1150 1985 1231 2049 ὡς
1273 1986 1340 2038 τὸ
1399 1986 1751 2058 ἐπιστρέψαι

1856 1989 2089 2043 homines
2117 1988 2290 2040 εαΙυοε
2316 1987 2457 2055 ﬁeri,
2502 1996 2551 2040 et
2584 1988 2755 2041 venire
2784 1988 2853 2041 ad
2883 1988 3204 2057 agnitionem
3238 1988 3431 2040 verita-

180 2067 273 2122 καί
298 2066 409 2146 ζῆν
435 2070 643 2125 αὐτόν.

249 2242 308 2295 l'.
364 2243 427 2298 '0
453 2243 510 2297 δὲ
551 2246 913 2317 ’Δγριππῐνος
941 2250 1118 2306 ταῦτα
1142 2252 1385 2319 άκούσας
1415 2255 1518 2325 ἔφη
1538 2273 1551 2288 ·
1590 2258 1752 2310 Ἀπο-

176 2335 503 2406 νενοημινε,
541 2339 640 2391 καὶ
672 2340 781 2392 τῶν
820 2341 961 2396 θεῶν
1000 2344 1282 2415 άλλότριε,
1314 2348 1408 2399 καὶ
1440 2348 1548 2399 τῶν
1597 2350 1752 2401 αὐτο-

176 2425 464 2495 κρατόρων
488 2428 667 2500 ἐχθρὲ,
691 2432 783 2485 καὶ
806 2432 917 2486 τῶν
955 2436 1133 2503 νόμων
1164 2439 1273 2493 τῶν
1293 2438 1589 2509 βασιλικῶν
1619 2441 1753 2496 καθ-

174 2518 411 2587 αιρέτα,
482 2522 565 2584 είς
623 2524 900 2595 τοσαύτην
957 2531 1159 2596 μανίαν
1207 2528 1394 2603 ἦλθες,
1464 2534 1606 2589 ὥστε
1659 2537 1754 2589 καὶ

178 2608 375 2680 μέχρις
394 2611 537 2683 ἐμοῦ
564 2615 806 2671 εκτείναι
837 2619 934 2691 τὴν
961 2621 1171 2694 πλάνην
1193 2641 1288 2677 σου
1320 2626 1419 2680 καὶ
1448 2628 1750 2698 πειρᾶσθαι

174 2702 285 2755 ἀπὸ
319 2702 427 2773 τῆς
474 2704 586 2760 τῶν
629 2707 771 2763 θεῶν
828 2712 1118 2782 εὐμενείας
1177 2716 1490 2787 άποστῆσαί
1548 2736 1615 2790 με
1659 2720 1751 2773 καὶ

177 2796 528 2880 μεταγαγεῖν
551 2798 633 2860 είς
666 2798 762 2869 τὴν
798 2802 895 2855 τοῦ
954 2805 1378 2877 ἐσταυρωμένον
1411 2810 1745 2880 θρησκείαν;

177 2881 404 2937 Πλάτων
435 2879 591 2939 εἶπεν
614 2903 628 2918 ·
680 2890 812 2953 Ταῖς
853 2893 1017 2962 ιμαῐς
1042 2897 1103 2948 οὐ
1144 2898 1306 2970 πείθῃ
1337 2879 1749 2969 παραινέσεσιν,

172 2970 317 3047 ἀλλά
337 2974 645 3041 ἀποκαλεῖς
692 2995 758 3049 με
797 2980 975 3036 ταῦτα
1010 2986 1327 3054 τυγχάνειν,
1373 2988 1564 3062 ἐπειδὴ
1597 2992 1753 3045 ἑνου-

173 3062 381 3133 θὲτησά
409 3083 471 3119 σε
508 3070 604 3122 καὶ
634 3072 695 3123 τὸ
731 3073 1013 3144 συμφέρον
1041 3092 1123 3129 σοι
1149 3076 1571 3139 συνεϐούλευσα.
1602 3082 1751 3153 Πλὴν

1857 2080 1923 2133 lis
1952 2080 2009 2143 ’;
2047 2079 2136 2145 qui
2161 2094 2261 2131 non
2288 2078 2396 2130 vult
2434 2086 2658 2132 mortem
2689 2080 2973 2143 peccatoris
3006 2088 3054 2133 et
3108 2080 3279 2148 impii,
3339 2077 3429 2131 sed

1855 2180 1911 2223 ut
1945 2176 2280 2222 convertatur
2308 2177 2355 2221 et
2380 2170 2516 2222 vivat
2546 2169 2611 2229 ιθ,
2644 2170 2839 2223 ductus
2867 2169 3211 2239 pmnitentia.

1923 2259 1990 2315 Χ.
2026 2260 2353 2330 Agrippinus
2374 2267 2579 2325 autem,
2610 2258 2694 2315 his
2718 2261 2940 2325 auditis,
2965 2260 3149 2315 lurore
3191 2263 3431 2330 percitus

1854 2344 2033 2399 dixit:
2096 2345 2511 2410 Amentissime,
2569 2355 2626 2401 et
2654 2362 2684 2401 a
2726 2347 2830 2401 diis
2868 2347 3065 2411 aliene,
3114 2356 3171 2402 et
3210 2350 3429 2405 inimice

1853 2435 2267 2505 imperatorum,
2297 2443 2351 2489 et
2401 2435 2582 2504 legum
2645 2452 2870 2492 eversor
2928 2438 3430 2507 imperatoriarum,

1853 2524 2093 2597 eousdue
2120 2527 2435 2597 processiSti
2470 2528 2693 2583 insaniae
2749 2538 2803 2583 et
2831 2530 3107 2594 amentiae,
3146 2538 3205 2584 ut
3233 2530 3299 2585 ad
3338 2546 3427 2587 me

1851 2634 2023 2689 usque
2055 2628 2204 2673 tuum
2235 2634 2477 2674 errorem
2504 2622 2850 2685 extenderes,
2885 2626 2941 2678 et
2991 2638 3078 2678 me
3136 2638 3168 2678 ε
3194 2625 3422 2679 deorum

1852 2709 2227 2766 benevolentia
2251 2712 2533 2767 conareris
2568 2712 2865 2780 abducere,
2926 2724 2982 2770 et
3006 2715 3071 2771 ad
3100 2715 3423 2787 religionem

1850 2799 2106 2856 Cruciﬁxi
2142 2802 2424 2856 traducere
2456 2803 2478 2855 ?
2505 2803 2647 2857 Dixit
2680 2814 2904 2860 sanctus
2936 2805 3089 2862 Plato
3120 2826 3133 2862 :
3164 2808 3287 2863 Scio
3304 2823 3424 2878 ego,

1858 2906 1890 2945 ο
1929 2901 2175 2962 tyranne,
2201 2892 2344 2962 quod
2374 2902 2434 2947 tu
2464 2908 2576 2947 non
2634 2910 2791 2963 pares
2829 2896 2967 2950 meis
3034 2897 3425 2953 admonitioni-

1855 2984 1953 3038 bus
2001 3000 2015 3039 :
2085 2984 2179 3039 sed
2207 2999 2291 3039 me
2348 3000 2510 3041 vocas
2564 2986 2788 3056 planum
2833 2993 2890 3041 et
2955 2989 3423 3060 praestigiatorem,

1851 3073 1998 3144 quod
2025 3074 2242 3143 quidem
2276 3087 2333 3129 tu
2360 3091 2419 3130 es
2447 3093 2460 3129 :
2492 3078 2749 3143 quoniam
2797 3088 2847 3134 te
2882 3080 3140 3135 admonui
3198 3090 3255 3137 et
3294 3097 3426 3137 con-

171 3154 267 3206 καὶ
293 3154 478 3219 οὓτως
521 3159 771 3229 μέμνησό
801 3180 929 3231 μου,
952 3166 1041 3218 ὅτε
1061 3168 1202 3237 ἣξει,
1230 3172 1447 3240 καιρὸς,
1477 3172 1567 3226 ὅτε
1610 3173 1751 3243 μετὰ

1854 3165 1995 3219 sului
2025 3167 2075 3219 id
2108 3166 2251 3234 quod
2274 3175 2360 3221 est
2390 3166 2485 3222 tibi
2520 3170 2672 3224 utile.
2705 3170 2975 3225 Caeterum
3003 3172 3081 3225 sic
3122 3173 3229 3226 mei
3282 3188 3422 3241 quo-

169 3244 430 3317 δακρύων
461 3248 861 3324 ἀναμνησθήσῃ
888 3271 989 3321 μου
1014 3256 1113 3325 τῆς
1144 3260 1430 3325 νουθεσίας
1476 3268 1572 3319 καὶ
1600 3266 1751 3321 οὐδὲν

170 3338 517 3410 ὠφελήσεις.
589 3342 725 3397 ἀλλὰ
805 3344 989 3417 βυθοῐς
1040 3349 1342 3422 Ταρτάρων
1396 3355 1747 3425 παραδοθεὶς,

171 3428 459 3503 άπελεύσῃ
490 3431 575 3493 είς
624 3433 852 3488 αίωνίαν
910 3436 1152 3494 κόλασιν.
1186 3440 1336 3496 Ποίει
1363 3442 1457 3497 οῦν
1483 3443 1510 3497 ὃ
1539 3446 1709 3511 θέλεις
1732 3462 1747 3481 ·

170 3519 436 3590 τοὺς¹γὰρ
482 3522 583 3588 τῆς
644 3526 879 3595 καρδίας
921 3545 1015 3581 σου
1052 3530 1367 3601 ὀφθαλμοὺς
1405 3534 1579 3599 οὕτως
1615 3537 1752 3591 ὲτύ-

173 3608 394 3700 φλωσεν
416 3610 445 3661 6
475 3608 746 3700 διάϐολος,
778 3614 923 3669 ὥστε
970 3620 1044 3687 μὴ
1100 3619 1388 3691 διαϐλέψαι
1432 3641 1489 3677 σε
1520 3626 1656 3694 πρὸς
1689 3626 1750 3680 τδ

170 3699 269 3769 τῆς
302 3698 653 3767 θεογνωσίαής
683 3706 821 3773 φῶς,
874 3706 1010 3759 ἀλλὰ
1062 3711 1197 3778 πρὸς
1236 3713 1301 3766 τὸ
1357 3716 1549 3781 σκότος
1594 3718 1747 3786 δρᾷν,

171 3792 300 3850 ινθα
342 3795 686 3867 ἡτοίμασται
726 3798 788 3851 τδ
833 3796 947 3872 πῦρ
990 3800 1051 3852 τὸ
1092 3802 1311 3856 αἰώνιόν
1335 3805 1416 3857 σοί
1466 3823 1523 3858 τε
1549 3809 1645 3859 καὶ
1673 3808 1751 3876 τῷ

170 3888 346 3960 πατρί
383 3905 510 3956 σου,
538 3888 618 3961 τῷ
648 3891 887 3963 Σατανᾷ.
930 3891 1102 3963 Ὡρῶν
1146 3893 1205 3949 δὲ
1236 3895 1407 3968 τριῶν
1432 3896 1752 3969 διαγενομέ-

135 3978 278 4033 ’νων
305 3980 405 4033 καὶ
441 3981 874 4051 κατενεχθέντος
907 3985 1075 4038 αὐτοῦ
1126 3987 1237 4041 ἀπὸ
1282 3988 1377 4041 τοῦ
1413 3990 1747 4059 κραὸὄάτου,

168 4069 344 4131 οὕτως
396 4069 649 4139 ἔλαμπεν
690 4074 749 4125 τδ
790 4074 953 4144 σῶμα
992 4076 1088 4128 τοῦ
1132 4080 1406 4147 μακαρίου
1465 4080 1749 4147 Πλάτωνος

169 4160 243 4223 ὡς
268 4159 381 4214 άπδ
419 4159 651 4231 λουτροῦ
677 4161 985 4226 ἐξελθόντος
1009 4163 1195 4231 αὐτοῦ,
1226 4166 1320 4218 καὶ
1343 4167 1542 4222 εὐωδία
1575 4169 1747 4239 μύρου

170 4250 503 4315 πολυτελοῦς
564 4252 925 4323 εξεπορεύετο
965 4254 1025 4320 ἐξ
1077 4254 1277 4308 αὐτοῦ’
1321 4251 1465 4328 εἶχεν
1514 4260 1621 4329 γὰρ
1654 4260 1747 4313 τοῦ

168 4338 416 4415 Χριστοῦ
464 4344 527 4398 τὸ
576 4345 833 4417 ἀληθινὸν
905 4345 1152 4421 λουτρὸν·
1181 4347 1277 4401 καὶ
1335 4350 1435 4419 τὴν
1486 4350 1749 4423 ἀληθινὴν

168 4429 397 4503 γνῶσιν,
430 4437 502 4491 δι’
530 4432 599 4511 ἦς
630 4440 724 4492 καὶ
754 4438 984 4504 εὐωδίας
1020 4441 1146 4504 τοὺς
1176 4444 1537 4513 παρεστῶτας
1582 4445 1748 4515 ἐπλή-

1854 3270 1960 3326 que
1989 3256 2325 3320 memineris,
2347 3257 2565 3328 quando
2598 3259 2809 3314 venerit
2839 3269 3057 3331 tempus
3098 3279 3114 3317 :
3149 3278 3258 3335 quo
3290 3272 3425 3319 tem-

1854 3361 1985 3417 pore
2007 3362 2129 3402 cum
2158 3348 2411 3419 lacrymis
2432 3350 2807 3409 recordaberis
2839 3366 2972 3406 mea:
3003 3353 3419 3419 admonitionis,

1852 3450 1955 3489 nec
1980 3450 2042 3489 ea
2092 3436 2185 3490 tibi
2249 3437 2539 3507 quidquam
2592 3440 2855 3508 proderit,
2908 3442 3171 3507 oint‘clix,
3209 3444 3305 3497 sed
3368 3445 3423 3500 in

1852 3522 2070 3581 Tartari
2094 3526 2362 3597 profundo
2397 3528 2501 3583 ibis
2536 3528 2602 3584 ad
2633 3530 2961 3601 supplicium
2982 3542 3270 3587 aeternum.
3316 3534 3422 3591 Fac

1852 3633 1979 3687 ergo
2005 3618 2113 3671 cito
2136 3618 2186 3672 id
2248 3618 2390 3687 quod
2418 3619 2516 3675 vis.
2585 3618 2778 3676 Cordis
2804 3623 2949 3677 enim
2986 3626 3065 3677 tui
3110 3625 3295 3680 oculos
3353 3626 3424 3680 ita

1852 3709 2437 3774 escmcavitdiabolus,
2463 3720 2520 3765 ut
2547 3727 2654 3766 non
2682 3713 2915 3782 aspicias
2962 3716 3027 3767 ad
3100 3715 3273 3770 lucem
3331 3716 3422 3772 Dei

1851 3802 2217 3870 cognitionis:
2270 3803 2367 3857 sed
2411 3804 2679 3859 intttcaris
2748 3805 2815 3861 ad
2872 3807 3148 3873 tenebras,
3208 3809 3296 3861 ubi
3340 3818 3425 3864 est

1849 3900 2074 3961 paratus
2116 3891 2257 3961 ignis
2286 3900 2527 3946 :eternus
2575 3895 2670 3947 tibi
2720 3903 2773 3949 et
2831 3896 2972 3965 patri
3024 3904 3118 3950 tuo
3182 3896 3421 3952 Satanae.

1852 3981 1988 4035 Cum
2018 3989 2132 4038 tres
2158 3990 2339 4036 autem
2365 3982 2512 4038 horae
2568 3982 3030 4052 intercessissent,
3063 3993 3117 4041 et
3167 3986 3284 4059 ipse
3329 3987 3423 4042 de-

1853 4073 2061 4141 positus
2090 4070 2282 4126 fuisset
2308 4087 2373 4126 ex
2398 4074 2643 4142 grabato,
2680 4089 2881 4144 corpus
2905 4076 2980 4131 ita
3032 4078 3426 4147 resplendebat

1852 4160 2024 4212 sancti
2045 4167 2098 4211 et
2129 4159 2270 4213 beati
2296 4159 2556 4224 Platonis,
2578 4161 2800 4229 perinde
2832 4171 2997 4231 atque
3027 4164 3071 4217 si
3099 4164 3214 4234 ipse
3244 4167 3427 4223 exiis-

1854 4259 1938 4307 set
1964 4250 2231 4317 ebalneo,
2260 4260 2315 4306 et
2341 4253 2528 4307 suavis
2567 4253 2786 4321 quidam
2819 4255 2955 4309 odor
3008 4264 3265 4324 tanquam
3317 4273 3422 4311 uno

1851 4342 2036 4415 κυεηιί
2066 4343 2285 4412 pretiosi
2346 4358 2411 4396 ex
2447 4359 2513 4397 eo
2539 4344 2943 4412 egrediebatur.
2978 4344 3221 4401 Habebat
3276 4350 3421 4403 enim

1854 4434 2053 4491 Christi
2094 4450 2284 4490 verum
2339 4432 2638 4499 lavacrum,
2701 4444 2757 4493 et
2806 4436 3099 4505 pretiosam
3144 4446 3202 4491 et
3240 4452 3421 4494 veram

170 4544 289 4596 pou,
319 4531 420 4582 καὶ
466 4530 578 4592 πᾶς
622 4530 651 4582 6
702 4532 981 4601 παριστὰς
1026 4532 1182 4602 ὄχλος
1223 4534 1441 4599 ἐδόξαζε
1488 4537 1583 4589 τὸν
1614 4535 1747 4589 Θεὸν

1853 4526 2243 4597 cognitionem,
2286 4540 2385 4595 per
2412 4542 2574 4594 quam
2606 4526 2749 4580 bono
2780 4526 2952 4582 odore
3010 4528 3270 4598 implebat
3329 4544 3423 4585 cos

167 4621 256 4673 tul
287 4623 356 4691 τῇ
399 4620 651 4691 ὑπομονῇ
686 4620 781 4673 τοῦ
828 4625 1102 4693 μακαρίου
1153 4627 1458 4691 Πλάτωνος.
1488 4628 1630 4682 ὥστε
1659 4630 1750 4682 λέ·

167 4728 284 4775 γειν
324 4712 435 4777 ὅτι,
473 4711 715 4783 ⁹Λληθῶς
758 4714 934 4783 μέγας
977 4716 1006 4767 6
1051 4716 1183 4780 Θεὸς
1219 4717 1329 4769 τῶν
1367 4718 1745 4786 Χριστιανῶνο

170 4804 450 4867 τοσαύτας
477 4806 589 4875 γὰρ
620 4804 893 4874 βασάνους
930 4807 1262 4879 ὺποϐληθεὶς
1323 4810 1477 4879 παρὰ
1512 4808 1605 4863 τοῦ
1659 4810 1751 4863 άνο

172 4896 354 4961 ελεοῦς
392 4895 658 4950 δικαστοῦ
683 4937 697 4960 ,
732 4897 833 4950 οὐκ
864 4899 1143 4970 ἠρνήσατο
1172 4903 1233 4955 τὸ
1268 4902 1503 4973 φοϐερὸν
1554 4902 1748 4974 ὗνομα,

168 4989 403 5061 ἁλλάτῷ
440 4990 673 5062 γενναίῳ
705 4991 951 5064 λογισμῷ
986 4979 1240 5064 ἐνίκησεν
1278 4994 1380 5063 τὴν
1416 4995 1618 5064 μανίαν
1647 4996 1743 5050 τοῦ

170 5080 459 5154 ἄρχοντος.
535 5130 549 5150 ,

241 5350 351 5405 IA'.
400 5352 465 5405 Ὀ
498 5348 557 5404 δὲ
601 5349 959 5418 ’Δγριππῖνος
994 5351 1132 5422 μετὰ
1170 5352 1230 5405 τὸ
1261 5352 1537 5422 ἀφόρητον
1590 5352 1742 5421 αὐτῷ

174 5440 262 5492 καὶ
306 5440 582 5508 τοιαύτην
637 5438 871 5507 βάσανον
937 5444 1313 5511 προσαγαγεῖν
1386 5436 1571 5495 εἶπεν·
1629 5443 1745 5495 Οὐκ

172 5527 452 5599 ιπείσθης,
492 5526 741 5595 Πλάτων,
776 5529 841 5582 ικ
872 5527 971 5598 τῆς
1005 5531 1461 5604 προσενεχθείσης
1516 5547 1597 5584 σοι
1626 5531 1744 5599 ,δειο

174 5619 264 5692 γῆς
291 5620 546 5694 βασάνου
595 5618 757 5702 θῦσαι
786 5624 898 5685 τοῖς
953 5620 1127 5687 θεοτςς
1165 5622 1302 5693 πλὴν
1353 5624 1403 5676 sl
1452 5624 1526 5695 μὴ
1566 5622 1743 5692 βούλει

276 5800 296 5832 τ
331 5798 506 5855 Rom.
530 5812 646 5863 Vttt,
676 5798 764 5862 38,
798 5801 884 5856 59.
998 5802 1016 5833 ⁸
1044 5802 1126 5856 lsa
1184 5819 1342 5867 xxxv,
1380 5804 1462 5857 l0.

1576 5804 1593 5833 '
1627 5798 1807 5855 I'l'itn.
1848 5816 1903 5864 ιι,
1937 5800 1986 5852 4.

1846 4617 1937 4687 qui
1981 4617 2243 4672 aderant:
2280 4626 2333 4670 et
2377 4625 2484 4671 tota
2578 4632 2697 4685 quae
2758 4618 3193 4673 circumsistebat
3265 4620 3420 4677 turba

1848 4706 2017 4762 Deum
2081 4708 2416 4777 gloriticabat
2479 4717 2702 4778 propter
2747 4708 3127 4766 fortitudinem
3173 4720 3229 4767 et
3281 4713 3420 4767 tote-

1848 4800 2076 4854 rantiam
2107 4798 2247 4853 beati
2280 4796 2542 4863 Platonis,
2563 4798 2700 4854 adeo
2734 4810 2794 4854 ut
2824 4800 2927 4872 ipsi
2946 4801 3191 4857 dicerent
3221 4821 3236 4859 :
3282 4804 3421 4863 Vere

1848 4901 1933 4947 est
1959 4906 2185 4962 magnus
2216 4890 2359 4945 Deus
2396 4890 2851 4949 Christianorum.
2888 4892 3022 4949 Tam
3054 4896 3242 4953 multis
3269 4896 3419 4953 enim

1848 4983 2131 5037 tormentis
2147 4982 2417 5054 subjectus
2436 4996 2462 5033 a
2485 4983 2689 5036 crudeli
2711 4990 2764 5036 et
2780 4982 3191 5039 immisericordi
3210 4988 3417 5055 judice,

1850 5086 1961 5127 non
1984 5074 2208 5144 negavit
2260 5082 2512 5130 sanctum
2540 5081 2595 5128 et
2653 5074 2898 5131 terribile
2932 5090 3136 5132 nomen
3165 5076 3368 5138 Christi
3400 5097 3415 5135 :

1852 5164 1945 5221 sed
1977 5166 2029 5219 in
2054 5165 2314 5234 prteclaro
2364 5181 2725 5237 perseverans
2780 5168 2949 5225 animi
2988 5169 3261 5238 instituto,
3285 5174 3416 5231 vicit

1852 5258 2118 5312 insaniam
2145 5257 2417 5328 praesidis.

1922 5349 2010 5403 XI.
2048 5349 2375 5419 Agrippinus
2426 5358 2607 5403 autem
2654 5362 2940 5421 postquam
2970 5354 3019 5410 ei
3075 5356 3415 5413 intolerabile

1851 5449 1907 5495 et
1933 5440 2037 5495 tale
2068 5448 2394 5495 tormentum
2427 5441 2716 5507 attulisset,
2775 5443 2954 5501 dixit:
3009 5444 3127 5501 Non
3164 5446 3256 5502 tibi
3284 5462 3410 5517 per-

1854 5533 2043 5591 suasit.
2071 5546 2103 5586 ο
2124 5532 2297 5597 Plato,
2325 5534 2704 5603 gravissimum
2734 5546 3087 5609 tormentum,
3150 5540 3291 5609 quod
3317 5530 3412 5594 tibi

1855 5621 1955 5677 fuit
1989 5624 2214 5688 illatum,
2243 5633 2301 5679 ut
2330 5624 2435 5682 diis
2464 5626 2799 5685 sacrihcarcs
2826 5644 2841 5694 ;
2866 5630 2963 5686 sed
2996 5631 3041 5687 si
3066 5631 3206 5688 nolis
3238 5629 3409 5686 sacri-

2125 5801 2168 5831 "
2199 5800 2394 5853 Ezech.
2442 5815 2594 5865 ινιιι,
2622 5801 2715 5859 23.
