4180 6510
140 478 228 538 ίῙτ

1402 471 1574 531 VlTA
1631 469 1692 528 S.
1738 463 2129 526 PLATONIS.

3283 462 3389 529 418

139 589 376 661 σμὰτωι·
417 583 814 656 μὶιὰποστῆς
834 586 934 639 ἀπ’
958 584 1124 655 ἐμοῦ,
1146 582 1349 651 Κύριε,
1381 584 1469 637 ὅτι
1510 581 1715 650 θλῖψις

1828 578 2117 647 afﬂictione:
2150 591 2306 645 prope
2333 577 2374 606 "
2400 596 2413 641 ;
2445 592 2509 630 ne
2538 578 2670 646 forte
2698 577 2877 630 dicant
2940 586 3149 646 gentes:
3174 575 3271 632 Ubi
3317 590 3390 634 est

138 682 327 751 ἐγγὺς,
363 681 453 749 μή
507 696 654 733 ποτε
702 678 954 732 εἴπωσιν
1006 675 1076 729 τὰ
1115 676 1289 743 ἔθνη,
1322 674 1447 728 Ποῦ
1479 674 1648 727 ἔστιν
1680 675 1710 725 o'

140 775 267 839 Θεὸς
290 773 536 837 abeat");
562 771 731 833 Αὐτὸς
764 766 879 830 οῦν.
916 768 1113 837 Κύριε,
1154 767 1331 837 Ἰησοῦ
1359 765 1582 835 Χριστὲ,
1618 764 1709 815 εὐ-

141 868 367 933 δόκησον
394 866 477 926 εἰς
510 864 631 932 ἐμὲ,
664 863 748 914 ἵνα
774 859 997 920 τελείως
1019 858 1119 928 τὴν
1151 856 1447 927 τυραννίδα
1477 853 1570 907 τοῦ
1596 854 1714 907 διαο

139 957 291 1008 δόλου
317 954 613 1023 διαφυγὼν
655 949 921 1020 παραστῶ
985 946 1321 1018 τῷ,βήματί
1382 962 1474 998 σου
1505 944 1582 1011 τῷ
1616 960 1709 1010 φο-

137 1048 301 1117 ϐερῷ,
358 1047 455 1099 τὶν
508 1043 673 1097 καλὸν
726 1041 917 1108 ἀγῶνα
974 1038 1424 1107 ἀγωνισάμενος·
1468 1036 1552 1088 σοὶ
1607 1032 1715 1105 γὰρ

139 1141 341 1209 πρέπει
370 1138 470 1189 καὶ
500 1138 558 1188 ὲν
605 1132 927 1201 ἐκκλησίαις
982 1130 1074 1183 καὶ
1121 1130 1179 1181 ὲν
1218 1130 1384 1181 παντὶ
1432 1128 1584 1196 τόπῳ
1617 1128 1715 1195 τῆς

137 1230 460 1291 δεσποτείας
492 1244 589 1279 σου
615 1225 774 1295 τιμὴ,
810 1224 1036 1293 κράτος,
1075 1221 1459 1291 μεγαλωσύνη,
1497 1219 1590 1271 νῦν
1620 1218 1715 1271 καὶ

142 1324 230 1375 ἀεὶ
264 1322 366 1373 καὶ
398 1321 482 1381 εἰς
513 1317 637 1379 τοῦς
661 1317 885 1377 αἰῶνας.
923 1314 1032 1367 Καὶ
1056 1312 1262 1371 πολλῶν
1290 1311 1716 1363 ἐπακουσάντων

136 1416 193 1468 τὸ
239 1412 441 1481 Ἀμὴν,
483 1411 703 1479 ἐσείσθη
738 1412 765 1462 ὁ
794 1409 960 1471 τόπος
999 1409 1103 1477 τῆς
1154 1406 1440 1477 βασιλικῆς
1474 1412 1566 1457 καὶ
1596 1403 1716 1458 οὐδὲ

136 1508 306 1568 οῦτως
335 1506 578 1574 συνῆκεν
622 1505 650 1555 ὁ
695 1504 1076 1573 Ἀγριππῖνος,
1112 1502 1195 1553 ὅτι
1245 1500 1610 1571 βοηθοῦμενος
1648 1493 1717 1569 ἦν

136 1600 286 1663 παρὰ
312 1597 413 1650 τοῦ
445 1595 712 1666 Χριστοῦ,
746 1595 863 1648 ἀλλ’
894 1590 1014 1646 εἶπε
1065 1594 1201 1665 πρὸς
1240 1594 1403 1648 αὐτόν
1431 1608 1443 1622 ο
1492 1593 1715 1657 Ἀνὸσιε,

133 1690 217 1743 διὰ
261 1688 313 1741 τί
346 1686 499 1739 οὕτω
545 1687 910 1753 ἁπονενδησαι
971 1684 1068 1738 καὶ
1122 1685 1181 1736 οὔ
1232 1685 1389 1754 φείδῃ
1441 1684 1535 1738 τοῦ
1586 1683 1715 1736 ίδίου

139 1780 421 1849 σώματος,
459 1779 599 1848 ὀρῶν
636 1778 796 1830 αὑτὸν
824 1778 997 1838 οῦτως
1050 1774 1325 1847 διαιρόρως
1365 1774 1719 1845 τιμωρούμε-

136 1890 225 1925 νον
247 1889 258 1900 -
297 1870 559 1938 πείσθητι
589 1869 681 1922 οὖν
709 1885 800 1938 μοι
833 1870 926 1921 καὶ
974 1868 1137 1920 θῦσον
1162 1871 1274 1929 τοῖς
1321 1865 1483 1929 θεοῖς,
1522 1867 1608 1919 ἵνα
1643 1866 1718 1936 μὴ

138 1962 331 2022 κακῶς
374 1960 685 2029 ἀποθάνῃς.
732 1960 957 2011 Πλάτων
1004 1955 1158 2009 εἶπεν
1187 1973 1199 1987 ⁸
1241 1952 1408 2008 Εἶπον
1442 1974 1525 2009 σοι
1584 1957 1718 2028 πολ-

137 2050 321 2116 λάκις,
355 2051 456 2101 καὶ
489 2049 583 2100 νῦν
617 2065 699 2100 σοι
754 2048 921 2115 λέγω,
975 2047 1059 2099 ὅτι
1088 2046 1224 2099 Θεοῦ
1258 2046 1459 2109 ζῶντος
1508 2046 1716 2115 λάτρης

140 2142 255 2211 εἰμί⁵
289 2141 387 2194 καὶ
418 2140 616 2191 τούτου
649 2140 717 2191 τὰ
754 2139 1007 2208 δόγματα
1032 2138 1361 2206 καταλείψει
1385 2139 1444 2190 οὐ
1476 2138 1717 2206 δύναμαι

139 2234 236 2286 καὶ
261 2234 373 2291 τοῖς
412 2231 670 2300 ματαίοις
706 2231 765 2282 τὸ
811 2229 985 2299 ὄνομα
1026 2229 1212 2298 ἔχουσι
1259 2228 1399 2291 θεοῖς
1450 2230 1562 2291 τοῖς
1599 2228 1716 2281 x56-

137 2323 323 2393 δηλοις
352 2323 569 2385 τούτοις
592 2321 985 2391 ’προσκυνῆσαι
1024 2323 1117 2375 καὶ
1171 2323 1434 2391 μυσαροῖς
1484 2321 1721 2383 εἰδώλοις

137 2412 241 2465 οὐκ
263 2410 565 2481 ἀνέχομαι.
619 2409 779 2463 Ἀλλὰ
806 2408 930 2463 καθ’
957 2408 1172 2479 ἡμέραν
1218 2408 1278 2460 οὗ
1323 2406 1609 2476 παύσομαι
1645 2405 1723 2476 τῷ

138 2501 261 2571 Θιῷ
291 2502 761 2572 προσευχόμενος,
792 2500 1161 2569 προσπίπτων
1203 2498 1299 2550 καὶ
1340 2497 1596 2566 δεόμενος
1624 2497 1723 2565 τῆς

140 2593 276 2663 παρ’
336 2591 508 2647 αὑτοῦ
569 2590 832 2657 ἀληθινῆς
879 2587 1159 2657 σωτηρίας
1223 2588 1429 2656 τυχεῖν.
1483 2588 1554 2657 Σὺ
1624 2588 1724 2651 δὲ,

153 2684 509 2751 ’Δγριππῖνε,
538 2680 788 2751 ματαίοις
820 2678 1064 2741 εἰδώλοις
1088 2677 1485 2749 προστετηκὼς
1511 2677 1604 2729 καὶ
1631 2678 1724 2730 τὸν

140 2773 268 2829 νοῦν
308 2772 689 2843 σεσυλημένος
727 2772 821 2827 τὸν
874 2773 957 2836 είς
1008 2770 1341 2840 θεογνωσίαν
1381 2787 1441 2823 σε
1497 2770 1725 2823 ’ἐλκοντα

142 2865 297 2935 παρὰ
347 2863 447 2918 τοῦ
480 2866 691 2937 πατρός
738 2882 833 2918 σου
868 2864 963 2918 τοῦ
993 2865 1230 2929 Σατανᾶ,
1272 2863 1365 2916 καὶ
1395 2863 1529 2927 ὅλως
1561 2860 1727 2916 αὐτοῦ

143 2957 465 3025 γενόμενος,
524 2957 625 3009 καὶ
661 2958 743 3012 είς
776 2954 878 3025 τὴν
916 2956 1036 3008 ὁδὸν
1083 2955 1182 3024 τῆς
1237 2954 1381 3025 ζωῆς
1425 2955 1603 3008 ἐλθεῖν
1654 2952 1728 3025 μὴ

144 3047 476 3117 βουλόμενος
504 3049 584 3107 είς
618 3045 787 3097 αἰῶνα
817 3045 965 3114 παρὰ
994 3044 1088 3095 τοῦ
1113 3044 1246 3096 Θεοῦ
1273 3044 1365 3096 τοῦ
1401 3043 1729 3114 βοηθοῦντος

148 3156 249 3207 μου
273 3137 651 3208 τιμωρηθήσῃ
685 3135 758 3198 rb;
789 3134 1093 3203 ἐνυϐρίζων
1122 3136 1251 3197 τοὺς
1283 3134 1506 3196 δούλους
1536 3133 1725 3199 αὑτοῦ,

155 3228 411 3296 οἰόμενος
438 3226 765 3296 μεταϐαλεῖν
811 3226 990 3277 αὐτῶν
1050 3226 1150 3296 τὴν
1197 3226 1275 3288 είς
1331 3224 1464 3279 Θεὸν
1517 3224 1729 3297 ἀγαθὴν

150 3320 506 3391 προαίρεσιν.

217 3414 320 3468 ΙΓ’.
372 3413 739 3483 ’Δγριππίνος
770 3410 900 3481 ἔφη’
927 3410 1054 3475 Ἴδε,
1080 3410 1328 3474 Πλάτων,
1361 3411 1462 3463 ὅσα
1487 3427 1545 3463 σε
1570 3408 1732 3464 εἴασα

148 3507 535 3577 φλυαρίσαντα
592 3503 1011 3574 μωρολογῆσαισ
1081 3501 1221 3569 πλὴν
1260 3502 1308 3553 εί
1361 3500 1455 3554 καὶ
1510 3500 1735 3563 ἀνάξιος

148 3599 426 3669 ὑπάρχεις
460 3597 571 3649 τῶν
602 3593 734 3663 παρ’
766 3592 923 3663 ήμῶν
944 3592 1118 3660 λόγων
1144 3592 1235 3646 διὰ
1281 3594 1383 3664 τὴν
1410 3591 1734 3664 θρασύτητά

150 3707 243 3742 σου
278 3690 376 3741 καὶ
413 3685 799 3754 ἁμετάδλητον
851 3683 1081 3756 καρδίαν
1105 3701 1120 3715 ⁸
1147 3686 1377 3739 ἄκουσον
1407 3687 1543 3756 ὅπερ
1584 3684 1729 3752 λέγω

150 3796 269 3832 σοι.
298 3776 577 3839 Πολλάκις
633 3775 806 3829 πολλὰ
838 3776 1057 3843 ἀκήκοα
1111 3775 1339 3829 τοιαῦτα
1396 3776 1503 3829 τῶν
1538 3767 1729 3846 ὃμολο-

148 3868 396 3938 γούντων
428 3868 521 3921 τὸν
554 3866 860 3929 Γαλιλαῖον,
901 3870 996 3920 καὶ
1020 3866 1197 3929 οὐδεὶς
1232 3867 1490 3921 ἀνέλυσεν
1523 3869 1587 3919 ὲκ
1628 3867 1734 3918 τῶν

149 3958 297 4029 ἱμῶν
322 3956 536 4029 χειρῶν
570 3956 702 4020 ζών,
729 3958 778 4008 εἰ
809 3956 885 4025 μὴ
915 3956 1146 4025 ἐπείσθη
1168 3955 1264 4009 καὶ
1284 3955 1508 4010 ἔθυσεν.
1543 3955 1607 4009 El
1641 3951 1734 4008 οὖν

155 4052 228 4119 μὴ
255 4050 441 4111 θέλεις
493 4048 827 4119 ἀνασχέσθαι
874 4066 973 4119 μου
1034 4049 1128 4101 καὶ
1178 4047 1340 4101 θῦσαι
1370 4050 1509 4108 ,τοῖς
1568 4047 1732 4115 θεοῖς,

155 4145 314 4213 βλέπε
351 4142 401 4195 τί
443 4142 666 4211 μέλλεις
696 4143 925 4209 πάσχειν
950 4156 963 4171 ⁶
999 4142 1094 4193 καὶ
1124 4140 1233 4209 γάρ
1290 4139 1464 4193 πολλὰ
1510 4138 1737 4208 βασανιο

156 4238 357 4308 στήρια
412 4232 674 4305 μένουσίν
734 4248 818 4285 σε.
864 4231 926 4284 Ὀ
987 4232 1141 4298 ἅγιος
1176 4230 1272 4283 τοῦ
1329 4230 1465 4282 Θεοῦ
1523 4232 1737 4301 μάρτυς
1784 4234 1785 4237 “

156 4331 384 4384 Πλάτων
420 4326 664 4395 γελάσας
693 4320 847 4376 εἶπεν
873 4337 886 4350 ⁸
927 4322 1137 4389 Ἀθλιε,
1165 4323 1259 4375 καὶ
1279 4320 1619 4393 ταλαίπωρε,
1643 4326 1739 4377 καὶ

159 4418 547 4487 μισάνθρωπε,
586 4416 679 4465 καὶ
709 4413 978 4482 ἀνήμερε,
1014 4414 1110 4465 καὶ
1161 4414 1341 4482 πάσης
1391 4414 1738 4483 παρανομίας

158 4506 393 4577 ἀρχηγὲ,
418 4504 672 4573 ἁλλότριε
698 4503 789 4556 τοῦ
816 4503 972 4568 Θεοῦ,
990 4504 1089 4580 ⁴καὶ
1119 4504 1370 4571 ὑπηρὲτα
1386 4502 1481 4552 τοῦ
1504 4503 1736 4568 Σατανᾶ,

1817 670 1949 724 Deus
1978 686 2160 723 eorum
2198 670 2237 700 η
2263 670 2285 722 ?
2314 667 2433 723 'l'ibi
2463 685 2597 739 ergo
2622 669 2851 735 placeat,
2884 685 2917 721 ο
2985 669 3214 724 Domine
3262 673 3391 727 Jesu

1812 760 2065 822 Christe,
2098 771 2276 833 utego
2313 760 2549 815 famulus
2582 770 2727 825 tuus,
2792 760 3030 830 perfecte
3088 763 3393 819 adversaTii

1813 852 2082 923 eﬂugiens
2119 853 2483 924 tyrannidem,
2516 869 2643 905 cum
2671 853 2896 906 audacia
2918 861 2970 906 et
3006 853 3198 907 ﬁducia
3231 857 3395 911 sistar

1815 958 1942 1001 ante
1968 956 2119 1000 tuum
2167 946 2407 999 tribunal
2444 945 2716 1010 terribile,
2746 947 2849 1000 hoc
2885 950 3115 1015 pulchro
3138 948 3394 1003 conlecto

1817 1038 2141 1091 certamine.
2176 1035 2252 1090 Te
2285 1036 2427 1091 enim
2459 1036 2620 1091 decet
2648 1046 2703 1090 et
2732 1037 2785 1090 in
2839 1036 3096 1091 Ecclesiis
3141 1046 3196 1092 et
3245 1041 3394 1094 omni

1817 1127 1938 1183 loco
1968 1136 2074 1182 tua:
2105 1128 2498 1183 dominationis
2549 1127 2746 1197 gloria,
2804 1128 3001 1190 honor,
3058 1130 3299 1197 potentia
3341 1139 3398 1184 et

1822 1219 2099 1287 maiestas,
2137 1233 2284 1290 nunp
2321 1226 2373 1271 et
2398 1232 2641 1286 semper,
2677 1226 2731 1271 et
2792 1217 2846 1271 in
2911 1218 3108 1271 sa-cula
3174 1221 3400 1275 saeculo-

1820 1325 1962 1363 rum.
2014 1309 2081 1363 Et
2112 1321 2233 1364 cum
2292 1308 2445 1363 inulti
2472 1308 2781 1363 audiissent
2812 1351 2827 1375 ,
2875 1310 3068 1371 Amen.
3108 1322 3289 1366 motus
3316 1323 3399 1367 est

1817 1399 1971 1455 locus
2013 1400 2252 1467 basilica:
2282 1416 2297 1454 :
2333 1410 2389 1454 et
2416 1416 2482 1454 nc
2525 1400 2604 1454 sic
2649 1401 2873 1470 quidem
2929 1401 3197 1457 intellexit
3235 1405 3399 1458 miser

1817 1497 2169 1567 Agrippinus,
2205 1497 2348 1565 quod
2377 1496 2637 1551 Christus
2666 1498 2714 1551 ei
2749 1498 2924 1552 ferret
2986 1500 3271 1562 auxilium,
3304 1501 3401 1555 sed

1818 1585 1957 1639 dixit
1991 1586 2040 1638 ei
2070 1604 2081 1637 :
2120 1584 2310 1654 lmpie,
2336 1600 2432 1638 cur
2456 1599 2516 1638 es
2546 1584 2684 1639 adeo
2718 1597 2916 1640 emota:
2956 1590 3175 1652 mentis,
3213 1569 3396 1642 etnon

1821 1675 1996 1746 parcis
2033 1684 2126 1729 tuo
2150 1675 2391 1743 corpori,
2426 1690 2551 1728 cum
2585 1675 2637 1729 id
2672 1676 2855 1731 videas
2883 1677 3046 1729 variis
3076 1678 3253 1732 modis
3274 1687 3385 1731 tam

1821 1768 2017 1822 acerbe
2048 1767 2325 1821 cruciari?
2358 1767 2495 1821 Pare
2524 1781 2653 1837 ergo
2701 1768 2862 1834 mihi,
2902 1777 2956 1823 et
2983 1769 3229 1824 sacriﬁca
3296 1770 3400 1826 diis

1825 1861 2268 1925 intemeratis,ne
2298 1861 2438 1914 male
2467 1860 2743 1914 moriaris.
2781 1863 3021 1916 Sanctus
3044 1862 3197 1917 Plato
3227 1864 3396 1917 dixit:

1750 1924 1793 1982 Β
1827 1951 1937 2005 Dixi
1966 1950 2061 2006 tibi
2095 1967 2260 2021 sape,
2294 1952 2426 2020 quin
2464 1952 2629 2005 etiam
2663 1965 2813 2006 nunc
2851 1952 2945 2005 tibi
2982 1954 3127 2019 dico,
3164 1970 3249 2007 me
3280 1970 3400 2009 esse

1824 2043 1914 2096 Dei
1948 2045 2238 2108 cultorem,
2281 2060 2381 2098 nec
2416 2054 2475 2099 ut
2538 2044 2663 2113 ejus
2717 2045 2937 2099 decreta
2993 2046 3259 2109 deseram,
3314 2062 3401 2101 me

1821 2135 2061 2200 possein
2117 2136 2365 2188 animum
2400 2137 2683 2200 inducere,
2738 2151 2841 2190 nec
2899 2144 2958 2189 ut
3006 2152 3101 2191 eos
3153 2138 3400 2203 adorem,

1819 2224 1912 2292 qui
1971 2232 2177 2279 temere
2243 2240 2443 2285 nomen
2510 2226 2713 2280 habent
2776 2229 3025 2291 deorum,
3070 2239 3401 2282 suntautem

1821 2314 2126 2368 adulterina
2151 2324 2205 2368 et
2223 2316 2556 2370 exsecranda
2574 2316 2671 2369 sim
2684 2316 2888 2372 ulaera.
2913 2318 3021 2379 Sed
3049 2333 3155 2371 non
3175 2320 3403 2373 cessabo

1824 2407 1879 2461 in
1906 2407 2023 2463 dies
2049 2407 2267 2463 assidue
2330 2407 2439 2462 Deo
2473 2423 2595 2463 meo
2635 2410 2921 2477 procidere
2974 2419 3028 2464 et
3068 2426 3192 2466 eum
3224 2426 3403 2478 orare,

1827 2509 1887 2555 ut
1917 2500 2152 2554 salutem
2169 2504 2237 2555 ab
2270 2515 2337 2555 eo
2369 2516 2697 2570 consequar.
2735 2500 2817 2556 Tu
2850 2513 3063 2568 autem,
3104 2505 3406 2573 Agrippino

1829 2602 2085 2662 tyranne,
2111 2593 2264 2646 vanis
2290 2592 2483 2645 atﬁxus
2542 2594 2870 2657 simulacris,
2902 2604 2957 2648 et
3010 2611 3042 2649 a
3111 2605 3266 2665 patre
3313 2608 3406 2651 tuo

1826 2681 2021 2737 Satana
2039 2684 2280 2752 privatus
2294 2692 2495 2745 mente,
2516 2700 2635 2753 quin
2667 2695 2717 2739 te
2745 2686 2996 2740 trahebat
3014 2687 3079 2740 ad
3109 2688 3197 2740 Dei
3221 2690 3407 2759 cogni-

1827 2772 2057 2839 tionem,
2090 2782 2146 2829 et
2174 2782 2320 2829 totus
2352 2775 2605 2830 redactus
2639 2776 2692 2830 in
2724 2778 2843 2848 ejus
2879 2787 3227 2848 potestatem,
3255 2790 3309 2834 et
3339 2780 3406 2834 ad

1827 2865 1971 2921 viam
2005 2867 2129 2921 vita:
2164 2867 2357 2922 nolens
2390 2868 2708 2932 ascendere,
2746 2871 2800 2923 in
2827 2880 3092 2925 mternum
3156 2872 3407 2941 punieris

1829 2972 1859 3011 a
1886 2957 2131 3027 Deo,'qui
2157 2959 2289 3012 mihi
2316 2959 2423 3013 fert
2451 2974 2630 3029 opem.
2686 2960 2859 3025 Quem
2917 2964 3251 3017 contumelia
3295 2963 3413 3018 am-

1829 3048 1998 3112 ciens,
2030 3050 2148 3117 ejus
2177 3065 2365 3104 servos
2394 3052 2558 3107 variis
2628 3054 2915 3107 tormentis
2950 3055 3189 3121 subjicis,
3223 3056 3412 3111 existi-

1828 3153 1988 3192 mans
2020 3148 2070 3194 te
2104 3150 2437 3194 mutaturum
2472 3158 2659 3196 eorum
2690 3146 2892 3199 bonum
2930 3146 2980 3200 in
3015 3146 3182 3201 Deum
3212 3162 3413 3218 prapo-

1756 3255 1800 3313 ς
1833 3230 2022 3285 situm.

1903 3405 2043 3459 Xlll.
2065 3406 2401 3477 Agrippinus
2435 3410 2571 3464 dixit
2599 3426 2614 3464 :
2645 3411 2801 3478 Vide,
2844 3411 3021 3474 Plato,
3056 3428 3219 3482 quam
3244 3411 3413 3468 multa

1832 3498 1931 3553 sivi
1963 3507 2013 3553 te
2041 3508 2336 3571 nugantem
2365 3499 2532 3554 stulta
2559 3500 2762 3557 dicere.
2799 3500 2904 3566 Sed
2933 3502 3035 3558 etsi
3062 3503 3138 3557 sis
3160 3504 3416 3574 indignus

1832 3590 2036 3647 nostris
2069 3592 2418 3647 sermonibus
2449 3602 2671 3663 preptcr
2704 3603 2851 3648 tuam
2889 3594 3175 3671 audaciam
3234 3604 3289 3649 et
3318 3611 3416 3649 cor

1833 3682 2190 3748 immutabile,
2246 3684 2372 3738 audi
2430 3685 2574 3754 quod
2685 3685 2782 3738 tibi
2840 3685 3001 3738 dico:
3047 3686 3200 3754 Sa‘pe
3232 3687 3416 3744 audivi

1834 3774 1999 3827 multa
2046 3776 2316 3843 ejusmodi
2370 3777 2437 3829 ab
2474 3776 2541 3829 iis
2583 3777 2674 3847 qui
2741 3777 3076 3837 conﬁtentur
3104 3776 3413 3843 Galtlzeum,

1836 3880 1938 3918 nec
1971 3865 2114 3921 ullus
2148 3866 2376 3921 recessit
2400 3866 2558 3946 vivus
2598 3884 2625 3920 a
2668 3869 2805 3925 meis
2851 3871 3127 3933 manibus,
3158 3870 3262 3922 nisi
3296 3886 3417 3937 per-

1836 3968 2033 4010 suasus
2080 3957 2153 4011 sit
2195 3964 2252 4012 et
2308 3957 2654 4015 sacriﬁcarit.
2710 3958 2768 4013 Si
2822 3974 2953 4030 ergo
2999 3974 3110 4014 non
3146 3960 3225 4015 vis
3281 3962 3417 4015 mihi

1838 4062 2044 4101 morem
2077 4063 2291 4118 gerere,
2347 4059 2401 4102 et
2453 4049 2557 4102 diis
2602 4051 2935 4115 sacriﬁcare,
2988 4053 3109 4106 vide
3158 4053 3287 4122 quid
3344 4052 3422 4108 sis

1837 4154 2126 4207 passurus.
2156 4137 2233 4193 Te
2263 4140 2408 4195 enim
2432 4141 2601 4211 multa
2638 4152 2862 4197 manent
2898 4145 3275 4209 tormenta,.si
3307 4161 3418 4200 non

1837 4228 2113 4283 audiveris
2131 4247 2216 4283 me
2238 4227 2329 4283 tibi
2351 4232 2749 4286 consulentem.
2772 4232 3008 4287 Sanctus
3026 4236 3418 4290 autemChristi

1839 4329 2037 4389 martyr
2058 4318 2355 4373 Platodisit
2381 4338 2393 4372 ι
2422 4318 2611 4374 Infelix
2646 4322 3038 4384 etinhumane,
3077 4333 3131 4377 et
3171 4326 3422 4382 homines

1842 4411 2051 4465 habens
2072 4412 2216 4472 odio,
2234 4423 2286 4465 et
2301 4421 2489 4465 auctor
2506 4428 2567 4465 ac
2583 4414 2835 4482 princeps
2852 4415 3030 4470 omnis
3048 4414 3368 4485 iniquitatis.
3390 4434 3422 4472 a

1843 4501 1950 4555 Deo
1981 4502 2158 4555 aliene
2185 4513 2237 4555 et
2272 4504 2524 4556 minister
2549 4502 2782 4564 Satanaz,
2841 4514 2896 4556 et
2955 4506 3127 4560 haeres
3168 4508 3304 4577 ignis
3330 4526 3423 4578 ge-

161 4601 249 4650 καὶ
280 4600 380 4667 τῆς
420 4596 652 4663 γεέννης
676 4593 772 4645 τοῦ
832 4594 1003 4662 πυρὸς
1034 4591 1367 4660 κληρονόμε,
1422 4593 1517 4643 καὶ
1551 4593 1727 4665 πάσης

1846 4592 2061 4658 hennm,
2088 4604 2141 4647 et
2172 4594 2335 4664 digne
2384 4595 2533 4648 omni
2558 4596 2806 4664 suplicio,
2836 4610 2945 4647 non
2975 4612 3057 4649 me
3103 4608 3307 4651 terrent
3335 4609 3422 4661 tua

158 4693 333 4760 δεινῆς
366 4689 649 4748 κολάσεως
703 4686 844 4752 ἄξιε,
872 4686 932 4737 οὐ
968 4683 1218 4737 πείθουσί
1253 4700 1319 4754 με
1354 4686 1403 4736 οί
1436 4685 1581 4753 λόγοι
1613 4701 1731 4739 σου·

159 4785 202 4835 εί
234 4780 406 4851 γορό
439 4779 574 4849 ἐμὸς
624 4778 901 4846 Δεσπότης
948 4777 1184 4848 Χριστὸς
1234 4778 1297 4829 τὸ
1350 4777 1546 4829 ἑαυτοῦ
1600 4774 1740 4848 αἷμα

160 4874 375 4944 ἐξέχεεν
443 4873 588 4943 ὑπὲρ
630 4870 787 4940 ιμοῦ,
823 4872 909 4922 ἵνα
943 4870 1054 4921 ἀπὸ
1126 4870 1307 4937 πάσης
1358 4870 1589 4939 ἀνομίας
1649 4872 1742 4923 τον

160 4967 363 5035 κόσμον
394 4962 569 5015 αὑτοῦ
599 4961 972 5030 λυτρώσηται,
1026 4962 1182 5029 πόσῳ
1237 4960 1443 5030 μᾶλλον
1496 4961 1658 5031 ἡμεῖς
1694 4964 1741 5014 οἱ

161 5054 483 5127 ἁμαρτωλοὶ
507 5051 798 5123 ὀφείλομεν
827 5052 1197 5123 ἀποθνήσκειν
1232 5055 1374 5125 ὑπὲρ
1427 5054 1614 5119 αὐτοῦ,
1654 5056 1740 5107 ἵνα

164 5151 259 5203 κᾶν
282 5150 377 5202 διὰ
412 5146 608 5199 τούτου
632 5146 982 5216 εὐγνώμονες
1066 5147 1323 5216 ὀφθῶμεν
1354 5146 1431 5217 τῷ
1488 5149 1743 5220 ὑμετέρῳ

164 5243 437 5313 Δεσπότῃ.

231 5336 328 5391 1Δ’.
387 5335 451 5387 Ὀ
476 5333 534 5386 δὲ
575 5334 938 5405 Ἀγριππῖνος
971 5330 1310 5402 προσέταξεν
1348 5332 1744 5403 λωροτομηθῆ.

166 5444 249 5479 ναι
281 5429 451 5480 αὐτὸν
475 5427 651 5477 είπών
677 5442 690 5455 ·
750 5426 810 5478 Et
842 5426 951 5496 ἄρα
1011 5424 1274 5495 βοηθήσει
1327 5425 1491 5477 αὐτὸν
1522 5425 1549 5475 ὁ
1610 5426 1744 5491 Θεὸς

166 5516 247 5586 ἐφ’
282 5510 327 5585 ᾧ
358 5516 601 5580 ἐλπίζει,
635 5515 742 5568 τῶν
781 5518 837 5569 δὲ
866 5516 1163 5585 βασιλικῶν
1190 5516 1489 5581 διατάξεων
1524 5518 1745 5570 καὶτῶν

168 5610 451 5681 ἡμετέρων
492 5609 936 5675 προσταγμάτων
972 5607 1362 5677 καταφρονῶν.
1401 5606 1561 5658 Καιὶὸ
1586 5605 1743 5673 ἆγιος

172 5702 395 5756 Πλάτων
454 5696 705 5760 ἀκούσας
744 5698 917 5752 ταῦτα
970 5692 1165 5750 εἶπεν·
1225 5695 1601 5750 Ἀναιδέστατε
1654 5697 1746 5749 καὶ

266 5882 308 5914 ⁸⁸
347 5878 498 5935 Psal.
534 5891 650 5942 xxi,
686 5876 769 5943 ll,
808 5876 888 5931 l2.
1037 5876 1080 5906 ¹³
1104 5876 1248 5930 Psal.
1281 5890 1506 5939 Lxxvnt,
1539 5873 1619 5929 l0.

1846 4686 2032 4750 verba,
2067 4702 2168 4739 nec
2194 4687 2354 4739 mina:
2379 4687 2509 4740 mihi
2541 4687 2896 4755 persuadent.
2934 4686 3081 4741 Meus
3119 4691 3265 4744 enim
3324 4690 3427 4743 Do-

1846 4778 2028 4830 minus
2058 4791 2155 4844 pro
2185 4792 2269 4828 me
2288 4793 2445 4830 suum
2472 4778 2662 4830 elIudit
2702 4780 3046 4847 sanguinem,
3074 4790 3132 4833 ut
3164 4783 3423 4835 mundum

1846 4867 2141 4922 redimeret
2174 4867 2242 4920 ab
2264 4867 2757 4936 omniiniquitate:
2797 4880 3004 4938 quanto
3071 4874 3247 4941 magis
3323 4890 3426 4927 nos

1846 4966 2164 5027 peccatores
2195 4959 2463 5012 debemus
2484 4960 2717 5028 proipso
2745 4962 2903 5020 mori.
2969 4972 3024 5015 ut
3056 4963 3135 5015 vel
3172 4978 3267 5030 per
3320 4962 3424 5018 hoc

1845 5048 1981 5118 grati
2006 5058 2061 5103 et
2123 5048 2375 5105 beneﬁcii
2430 5065 2699 5104 memores
2731 5051 3130 5118 conspiciamur
3202 5056 3427 5107 Domino

1848 5150 2033 5203 nostro
2062 5139 2188 5194 Jesu
2211 5138 2451 5194 Christo.

1920 5331 2062 5386 XIV.
2096 5331 2345 5387 Vicarius
2380 5341 2559 5387 autem
2596 5333 2933 5403 Agrippinus
2963 5347 3084 5385 cum
3126 5331 3239 5384 haec
3270 5330 3426 5384 audi-

1850 5424 2037 5490 visset,
2125 5433 2180 5478 et
2232 5439 2429 5495 magno
2504 5428 2685 5479 furore
2751 5433 2897 5478 esset
2968 5421 3431 5490 percitus,jussit

1849 5530 1973 5569 eum
2039 5514 2169 5568 σιειίί
2244 5514 2396 5580 loris,
2456 5517 2685 5570 dicens:
2721 5513 3011 5575 Videamus
3064 5528 3133 5566 an
3184 5514 3323 5566 Deus
3361 5512 3431 5566 sit

1851 5609 1900 5661 ei
1959 5621 2116 5675 Opem
2174 5606 2405 5671 laturus,
2475 5609 2528 5663 in
2561 5624 2667 5677 quo
2726 5621 2959 5675 sperans
3055 5604 3431 5675 imperatorias

1853 5698 2275 5755 constitutiones
2304 5701 2679 5755 contemnitet
2708 5708 2893 5753 nostra
2942 5698 3113 5767 jussa.
3198 5694 3430 5751 Sanctus
