4180 6474
767 458 872 522 419

2091 440 2370 501 MENSIS
2407 435 2696 498 IULIUS.

3911 423 4018 486 420

762 588 943 631 autem
982 575 1146 636 Plato,
1171 573 1255 626 his
1282 568 1502 628 auditis,
1531 566 1670 619 dixit
1706 579 1719 616 :
1751 560 2233 631 lmpudentissime
2280 567 2332 610 et

2447 553 2751 621 μιαρώτατε
2788 548 2935 600 κύων
2981 547 3072 598 καὶ
3104 542 3356 614 βασάνων
3405 540 3709 611 κακουργὲ,
3738 541 4016 608 ὲπινοητὰ

772 667 1196 723 sceleratissime
1220 662 1390 725 canis,
1422 673 1684 712 novorum
1715 661 2106 709 tormentorum
2143 650 2333 702 inven-

766 771 852 817 tor
890 771 944 814 et
974 759 1309 826 exc0gitator
1343 751 1638 822 Agrippine
1685 768 1696 802 :
1745 746 2134 801 convenienter
2189 742 2333 795 enim

765 863 860 909 tuo
880 852 1044 906 animi
1066 851 1245 906 studio
1269 857 1322 903 et
1347 846 1598 900 instituto
1619 843 1719 895 fuit
1739 842 1805 894 ab
1836 837 2100 893 initiotibi
2139 850 2334 888 nomen

765 945 1102 1015 impositum.
1141 943 1210 993 Es
1228 939 1370 992 enim
1395 935 1620 1007 agrestis
1647 933 1864 1002 quidam
1886 931 2064 997 lupus,
2092 935 2144 979 et
2175 925 2336 978 effre—

766 1046 925 1090 natus
949 1044 1205 1100 tanquam
1230 1044 1402 1096 equus
1432 1026 1746 1085 indomitus,
1813 1038 1908 1074 eos
1995 1017 2338 1088 praecipitans

765 1128 859 1197 qui
917 1133 1220 1193 sequuntur
1273 1119 1645 1190 impudentem
1695 1124 1748 1168 et
1798 1114 2115 1167 sceleratam
2196 1118 2337 1161 tuam

769 1227 1025 1274 mentem.
1073 1215 1316 1267 Miseret
1383 1210 1593 1268 infelix,
1639 1221 1773 1260 esne
1829 1205 1963 1257 adeo
2033 1201 2230 1255 stultus
2288 1207 2340 1250 et

768 1311 1053 1380 insipiens,
1085 1315 1139 1360 et
1169 1312 1478 1360 excreeatus
1535 1316 1560 1351 a
1595 1311 1748 1367 patre
1791 1306 1883 1350 tuo
1929 1292 2175 1347 Satana?
2220 1288 2338 1341 Non

767 1404 940 1461 vides.
967 1394 1425 1468 quemadmodum
1480 1388 1731 1444 Christus
1788 1385 1915 1437 mihi
1957 1386 2007 1436 in
2063 1380 2341 1450 prioribus

765 1482 937 1546 adfuit
974 1485 1390 1546 tentationibus,
1417 1490 1472 1536 et
1504 1496 1647 1534 nunc
1686 1493 1900 1546 quoque
1941 1475 2120 1536 adeSt,
2156 1474 2342 1524 levans

765 1599 918 1638 meos
975 1581 1207 1643 labores,
1264 1588 1319 1631 et
1383 1589 1580 1628 curans
1648 1573 1921 1640 plagarum
1977 1577 2154 1629 notas,
2223 1577 2343 1632 quae

757 1674 795 1731 'a
828 1686 877 1729 te
910 1675 1041 1727 mihi
1075 1671 1495 1738 imprimuntur;
1542 1675 1617 1726 et,
1651 1672 1709 1716 ut
1760 1661 1924 1716 semel
1964 1660 2158 1718 dicam,
2199 1671 2343 1708 nun-

765 1782 925 1836 quam
959 1763 1176 1830 reliquit
1200 1775 1293 1813 eos
1326 1759 1415 1826 qui
1446 1757 1547 1823 ipsi
1581 1753 1864 1836 seruiunt?
1900 1750 2003 1803 Fac
2024 1764 2150 1818 ergo
2181 1761 2343 1814 quam

767 1856 1053 1912 celerrime
1103 1869 1164 1907 ea
1204 1865 1324 1920 quae
1377 1859 1468 1902 tuo
1513 1827 1706 1901 sedent
1750 1844 1953 1904 animo,
2005 1850 2060 1895 ut
2110 1855 2203 1909 per
2237 1850 2347 1891 tor-

2451 645 2773 711 Ἀγριππῖνε
2802 642 2813 691 !
2844 638 2978 706 πρὸς
3004 637 3112 705 γὰρ
3147 635 3244 706 τὴν
3273 635 3594 704 προαίρεσιν
3619 635 3716 701 τὴν
3743 631 3802 696 ἐξ
3835 632 4021 700 ἀρχῆς

2439 733 2668 802 ἐπετέθη
2701 749 2782 784 σοι
2805 733 2902 783 καὶ
2939 730 2996 780 τὸ
3033 729 3202 797 δνομα
3225 742 3237 756 ·
3273 728 3464 797 ἄγριος
3502 726 3613 796 γάρ
3646 743 3730 786 τις
3755 721 4020 793 καθάπερ

2439 829 2603 887 ἵππος
2635 826 2920 892 ὑπάρχεις,
2959 822 3292 891 ἀχαλίνωτος
3326 819 3639 889 κρεμνίζων
3665 818 3794 878 τοὺς
3819 816 4018 879 ἑξακο-

2439 918 2766 977 λουυοῦντας
2789 918 2853 984 τῇ
2888 914 3158 982 μιαιφόνῳ
3184 929 3275 964 σου
3305 910 3518 980 γνώμῃ.
3541 908 3811 961 Τοσοῦτον
3839 910 4021 977 ὑπάρο

2442 1027 2555 1079 χεις
2592 1008 2780 1076 ἄφρων
2809 1007 2900 1058 καὶ
2935 1003 3253 1072 ἐτυφλώθης
3281 1002 3430 1072 παρὰ
3471 1002 3566 1074 τοῦ
3618 1001 3838 1070 πατρός
3899 1016 4018 1062 σου,

2443 1102 2535 1154 τοῦ
2561 1102 2792 1160 Σατανᾶ,
2820 1100 2916 1151 καὶ
2937 1099 3033 1166 οὐχ
3060 1098 3189 1167 ὁρᾷς
3218 1096 3330 1157 πῶς
3368 1097 3460 1147 καὶ
3493 1097 3548 1146 ὲν
3578 1095 3692 1156 τοῖς
3724 1091 4020 1160 προτέροις

2443 1196 2688 1262 παρέστη
2732 1208 2822 1261 μοι
2845 1207 2857 1218 ⁸
2895 1191 2989 1242 καὶ
3025 1192 3080 1241 ὲν
3111 1191 3223 1249 τοῖς
3255 1187 3536 1255 δευτέροις
3562 1186 3618 1238 δὲ
3659 1187 4023 1254 παρέστηκεν

2441 1288 2467 1338 ὁ
2496 1286 2749 1354 Χριστὸς,
2783 1281 3154 1348 ἐπικουφίζων
3181 1280 3309 1341 τοὺς
3341 1281 3540 1337 πόνους
3567 1279 3661 1328 καὶ
3685 1275 4020 1345 θεραπεύων

2442 1378 2567 1437 τοὺς
2602 1375 2754 1444 παρὰ
2786 1375 2868 1425 σοί
2899 1389 2988 1441 μοι
3020 1373 3354 1438 γενομένους
3387 1373 3493 1422 τῶν
3520 1369 3748 1438 πληγῶν
3775 1369 3984 1428 τόπους
4006 1381 4019 1395 .

2445 1471 2536 1522 καὶ
2572 1468 2760 1529 ἁπλῶς
2789 1466 2918 1534 ἐρῶ,
2951 1465 3214 1516 οὐδέποτε
3244 1463 3652 1531 καταλιμπάνει
3682 1464 3815 1521 τοὺς
3849 1457 4021 1512 αὑτοῦ

2443 1561 2681 1621 δούλους.
2709 1559 2857 1611 Ποίει
2883 1556 2976 1610 οὖν
3025 1557 3093 1610 τά
3127 1555 3516 1626 παριστάμενά
3565 1570 3647 1606 σοι
3677 1555 3733 1604 ὲν
3779 1553 4021 1614 τούτοις,

2449 1656 2532 1706 ἵνα
2568 1653 2659 1703 καὶ
2691 1651 2777 1704 διὰ
2807 1651 2912 1703 τῶν
2945 1648 3200 1718 βασάνων
3251 1647 3360 1700 τῶν
3408 1645 3883 1713 προσφερομένων
3934 1659 4023 1710 μοι

2447 1747 2673 1801 καὶτῶν
2708 1745 2986 1812 αἰκισμῶν
3022 1741 3212 1813 γνώσῃ
3248 1741 3340 1794 τὸν
3402 1736 3703 1807 βοηθοῦντα
3757 1734 4020 1804 Χριστὸν,

2447 1839 2538 1892 τὸν
2569 1838 2720 1906 παρὰ
2749 1840 2847 1905 τῆς
2885 1836 2982 1904 σῆς
3009 1835 3290 1904 Θεομάχου
3316 1830 3565 1902 γλώττης
3593 1828 3686 1883 νῦν
3722 1826 4024 1898 ὑϐριζόμε-

768 1958 972 2013 menta,
1009 1963 1129 2016 qua:
1187 1943 1314 1996 mihi
1365 1939 1693 2000 inferuntur,
1749 1945 1803 1990 et
1854 1934 2102 2002 indignas
2140 1931 2343 2000 plagas,

2450 1947 2559 1984 νον,
2604 1930 2743 1992 Ἐγὼ
2774 1928 2882 1996 γὰρ
2919 1926 3026 1995 ἔχω
3052 1925 3149 1993 τὴν
3176 1923 3341 1977 αὐτοῦ
3367 1923 3615 1992 βοήθειαν
3645 1916 4025 1989 συνεργοῦσάν

767 2052 1059 2107 c0gnoscas
1097 2035 1375 2088 Christum
1427 2029 1556 2081 mihi
1587 2042 1746 2096 opem
1797 2026 1957 2086 ferre,
2010 2023 2101 2092 qui
2143 2038 2172 2076 a
2220 2032 2336 2085 tua,

768 2143 886 2198 quae
913 2143 1033 2181 cum
1068 2127 1176 2179 Deo
1203 2130 1426 2193 pugnat,
1469 2121 1650 2189 lingua
1690 2130 1836 2170 nunc
1870 2115 2102 2168 afﬁcitur
2148 2123 2339 2168 contu-

2451 2038 2566 2090 μοι,
2608 2021 2702 2072 καὶ
2736 2017 2797 2071 ού
2826 2014 3215 2087 φοϐηθήσομαι
3267 2030 3374 2066 σου·
3394 2013 3493 2075 τὰς
3530 2011 3766 2073 ἀπειλὰς
3801 2010 3899 2063 καὶ
3931 2009 4024 2069 τὰς

2445 2111 2736 2183 τιμωρίας.

770 2224 949 2279 melia.
978 2220 1088 2291 Ego
1118 2219 1263 2273 enim
1296 2232 1511 2286 semper
1546 2216 1756 2269 habens
1788 2227 1967 2281 opem,
2000 2225 2119 2280 qua
2149 2211 2215 2265 ab
2239 2225 2301 2264 eo
2326 2209 2457 2263 mihi
2484 2211 2676 2275 fertur,
2708 2222 2814 2262 non
2842 2206 3044 2261 timebo
3086 2215 3206 2258 tuas
3241 2202 3438 2264 minas,
3479 2215 3659 2268 neque
3691 2198 3878 2252 varios
3906 2204 4024 2248 tuos

773 2314 1068 2370 cruciatus.

842 2405 959 2460 XV.
997 2404 1229 2458 Ministri
1256 2410 1437 2456 autem
1468 2402 1685 2454 Satanae
1733 2399 1840 2452 cito
1868 2396 2118 2449 fecerunt
2173 2396 2344 2463 impe-

775 2507 915 2559 rata,
980 2504 1036 2549 et
1085 2493 1489 2563 quamprimum
1569 2499 1821 2556 tanquam
1882 2487 2174 2539 inanimum
2219 2499 2343 2537 eum

781 2596 1068 2657 tangentes
1111 2592 1366 2646 statuam,
1414 2580 1585 2634 sancti
1629 2579 1872 2633 membra
1917 2576 2345 2633 conscindebant

777 2673 1669 2740 immisericorditer,incipientes
1691 2672 1758 2725 ab
1791 2671 2053 2724 humeris.
2114 2669 2347 2721 Sanetus

777 2782 960 2825 autem
988 2769 1138 2821 Plato
1166 2767 1378 2822 dicebat
1417 2784 1428 2818 :
1464 2764 1789 2831 Exspectans
1819 2763 2114 2829 exspectari
2166 2761 2346 2812 Domi-

778 2876 921 2922 num,
975 2868 1020 2910 et
1066 2858 1288 2910 intendit
1337 2855 1465 2906 mihi
1525 2863 1571 2905 et
1621 2851 1884 2905 exattdirit
1929 2850 2348 2914 deprecationem

780 2969 950 3005 meam
1011 2951 1072 3002 ⁸⁸.
1149 2949 1348 3003 Omnes
1408 2958 1587 3000 autem
1661 2944 1752 3013 qui
1829 2958 1950 2997 eum
2016 2941 2351 3011 aspiciebant

781 3061 922 3116 aegre
970 3045 1461 3112 ferebantpropter
1498 3041 1544 3094 ei
1599 3040 1804 3092 illatum
1851 3037 2176 3092 cruciatum.
2225 3035 2351 3088 Erat

786 3136 930 3190 enim
991 3133 1318 3203 Agrippinus
1393 3146 1553 3200 supra
1631 3130 1848 3183 modum
1921 3129 2255 3182 inhumanus
2296 3134 2353 3180 et

2522 2393 2620 2444 lE'.
2659 2391 2722 2443 Οί
2754 2387 2809 2441 δὲ
2849 2389 3120 2456 ὑπηρέται
3151 2387 3348 2440 θᾶττον
3400 2385 3619 2438 ἐποίουν
3672 2383 3741 2438 τὰ
3787 2398 4027 2452 προστα-

2447 2483 2648 2554 χθέντα
2702 2483 2886 2543 αὐτοῖς
2933 2483 3029 2533 καὶ
3086 2481 3224 2549 μετὰ
3282 2479 3483 2531 πολλοῦ
3542 2477 3636 2529 τοῦ
3692 2473 4023 2544 τάχους,ὡς

2449 2576 2656 2646 ἀψύχου
2692 2575 3003 2645 ἀνδριάντος
3031 2573 3350 2640 ἁπτόμενοι,
3375 2570 3618 2639 ἀνηλεῶς
3644 2569 3710 2620 τά
3737 2567 3833 2620 τοῦ
3869 2567 4023 2632 ἁγίου

2450 2670 2789 2736 κατέτεμνον
2819 2666 2953 2736 μέλη
2996 2666 3104 2716 ἀπὸ
3139 2665 3245 2714 τῶν
3277 2663 3447 2730 ὤμων
3505 2661 3834 2732 ἀρξάμενοι.
3888 2659 3945 2713 '0
3970 2660 4023 2712 δὲ

2454 2761 2610 2826 ἅγιος
2661 2759 2884 2810 Πλάτων
2936 2755 3153 2824 ἔλεγενο
3215 2755 3548 2823 Ὑπομένων
3602 2753 3900 2820 ὑπέμεινα
3926 2754 4025 2802 τὸν

2456 2853 2694 2918 Κύριον,
2727 2849 2822 2902 καὶ
2870 2851 3216 2917 προσέσχεν
3245 2863 3343 2916 μοι
3375 2845 3471 2900 καὶ
3506 2844 3878 2913 είσήκουσεν
3922 2840 4025 2907 τῆς

2457 2942 2720 3009 δεήσεώς
2757 2959 2896 3010 μου.
2933 2941 3040 2994 Καὶ
3094 2939 3339 3000 ἅπαντες
3388 2943 3437 2991 ol
3473 2937 3809 3006 Θεωροῦντες
3865 2935 4024 2988 αὐτὸν

2457 3031 2861 3084 ἀπεδυσπέτουν
2889 3029 2977 3080 διὰ
3000 3030 3094 3096 τὴν
3120 3029 3397 3096 τιμωρίαν
3428 3028 3528 3097 τὴν
3561 3025 4023 3097 προσενεχθεῖσαν

2460 3119 2608 3189 αὐτῷ
2636 3135 2646 3147 ·
2675 3113 2752 3187 «ἦν
2783 3118 2886 3188 γάρ
2917 3118 2944 3168 ὁ
2991 3118 3344 3186 Ἀγριππῖνος
3371 3116 3824 3187 ὑπερϐαλλόντως
3858 3115 4024 3168 ἁπάν-

785 3222 948 3292 plane
992 3221 1158 3274 ferus.
1215 3221 1475 3290 Egregius
1517 3235 1644 3273 vero
1683 3219 1886 3272 Christi
1933 3219 2134 3270 athleta
2181 3217 2344 3279 Plato,

2463 3213 2700 3282 θρωπος.
2744 3212 2802 3263 '0
2822 3211 2875 3262 δὲ
2907 3213 3151 3276 γενναῖος
3176 3209 3416 3278 ἀθλητὴς
3440 3211 3532 3262 τοῦ
3564 3209 3801 3278 Χριστοῦ
3837 3208 4023 3274 ὥσπερ

787 3327 1042 3384 tanquam
1073 3315 1236 3368 turris
1264 3315 1508 3381 qua-dam
1556 3327 1676 3380 qua:
1706 3312 1970 3378 pulsatur,
1998 3310 2353 3362 inconcussus

785 3422 1017 3461 manens
1039 3415 1091 3459 et
1109 3406 1365 3458 immotus
1387 3413 1612 3474 promer
1629 3417 1782 3457 suam
1804 3401 1959 3455 ﬁdem
1979 3401 2029 3454 in
2052 3400 2350 3464 Christum,

788 3501 844 3554 in
860 3501 1062 3554 somnis
1081 3499 1479 3568 quodammodo
1499 3496 1737 3564 torqueri
1758 3497 2059 3549 videbatur.
2084 3494 2192 3548 Hoc
2209 3496 2355 3546 enim

789 3599 1118 3644 tormentum
1150 3604 1260 3640 non
1287 3587 1606 3648 formidans,
1655 3600 1831 3653 neque
1866 3586 1933 3638 ab
1969 3598 2033 3637 eo
2094 3583 2353 3652 obstupe—

790 3681 990 3743 factus,
1016 3695 1121 3733 non
1159 3679 1329 3734 solum
1356 3679 1549 3747 pusillo
1587 3687 1641 3734 et
1669 3677 1879 3746 abjecto
1913 3677 2092 3729 animo
2116 3691 2219 3728 non
2242 3688 2357 3727 ces-

789 3777 902 3828 sit:
942 3775 1035 3827 sed
1069 3789 1127 3826 se
1181 3773 1475 3825 ostendens
1503 3771 1927 3838 magnanimum,
1963 3771 2133 3820 lorum
2188 3781 2352 3821 unum

791 3879 822 3917 e
859 3877 959 3916 suo
993 3863 1161 3917 latere
1198 3863 1444 3916 evulsum
1478 3877 1539 3915 ex
1592 3862 1655 3916 iis
1689 3876 1808 3929 quae
1864 3860 2081 3914 lictores
2133 3874 2198 3912 ex
2238 3859 2357 3925 ejus

790 3967 1026 4023 corpore
1083 3952 1500 4010 abscindebant.
1556 3951 1783 4018 projeeit
1832 3961 1958 4002 ante
2007 3950 2243 4002 tribunal
2270 3949 2378 4017 ju-.

791 4045 951 4106 dicis,
1016 4044 1204 4098 dicens
1264 4059 1278 4096 :
1339 4040 1795 4095 lnhumanissime
1848 4048 1901 4093 et
1943 4040 2197 4094 omnibus
2229 4038 2358 4092 feris

791 4135 1009 4198 suavior,
1037 4143 1176 4197 esto,
1198 4148 1294 4186 cor
1343 4141 1494 4184 tuum
1555 4140 1637 4184 est
1690 4130 1826 4184 adeo
1881 4136 2232 4194 excweatum,
2298 4133 2358 4181 ut

791 4227 965 4282 Deum
994 4240 1101 4280 non
1120 4239 1404 4294 agnoscas,
1428 4223 1517 4290 qui
1553 4222 1620 4274 ad
1682 4235 1833 4274 suam
1895 4236 1997 4273 nos
2056 4221 2182 4272 fecit
2228 4221 2361 4272 ima-

793 4318 971 4389 ginem
1018 4338 1032 4371 :
1093 4315 1363 4386 quomodo
1394 4328 1500 4367 non
1549 4314 1824 4367 misereris
1851 4314 2111 4381 corporis,
2164 4311 2357 4366 iisdem

795 4411 995 4481 quibus
1023 4419 1101 4471 tu,
1128 4408 1347 4463 obnoxii
1391 4407 1856 4476 perpessionibus,
1893 4406 2034 4473 quod
2089 4407 2360 4456 membra-

797 4503 892 4556 tim
929 4500 1341 4554 conscinditur:
1376 4498 1573 4551 sedtibi
1599 4506 1680 4552 est
1703 4498 1961 4566 voluptati
1993 4498 2359 4550 membrorum

2455 3320 2538 3365 τις
2570 3302 2776 3370 πύργος
2825 3300 3152 3368 βαλλόμενος
3206 3301 3300 3352 καὶ
3344 3301 3644 3361 ἀσάλευτος
3701 3301 3886 3365 μένων
3931 3301 4023 3348 καὶ

2439 3392 2878 3463 ,ἁμετακίνητος,
2928 3391 2985 3444 ὲν
3011 3390 3243 3457 ὀνείροις
3275 3388 3453 3441 ἐδόκει
3483 3388 3877 3459 βασανίζεσθαι
3908 3404 3918 3414 ·
3955 3386 4024 3454 μὴ

2455 3485 2730 3545 δειλιάσας
2763 3485 2871 3552 γὰρ
2897 3484 2996 3550 τὴν
3029 3482 3263 3553 βάσανον
3304 3483 3511 3550 ταύτην
3562 3482 3698 3551 μηδὲ
3739 3479 4024 3534 καταπλα-

2457 3583 2574 3649 γεὶς
2606 3581 2695 3634 ὑπ’
2725 3583 2916 3649 αὐτῆς,
2945 3582 3004 3634 οὺ
3045 3581 3207 3650 μόνον
3229 3581 3327 3633 οὐκ
3357 3581 3622 3634 ἐνέδωκεν
3652 3582 4020 3654 ὀλιγωρήσας,

2458 3675 2593 3727 ἀλλὰ
2629 3676 2736 3743 γὰρ
2773 3676 2863 3724 καὶ
2899 3673 3384 3741 μεγαλοψυχήσας,
3415 3673 3591 3742 λῶρον
3624 3673 3720 3724 ἕνα
3766 3673 4019 3726 ἀποσπά-

2460 3783 2558 3829 σας
2594 3767 2655 3817 ὲκ
2691 3765 2788 3835 τῆς
2841 3763 3006 3816 αὑτοῦ
3066 3764 3307 3833 πλευρᾶς
3358 3762 3418 3815 ὃν
3475 3754 3529 3816 οί
3575 3763 3762 3833 δήμιοι
3800 3763 4025 3832 ἔτεμνον

2460 3855 2567 3908 ἀπὸ
2599 3853 2694 3906 τοῦ
2737 3853 2991 3922 σώματος
3019 3853 3207 3917 αὑτοῦ,
3236 3851 3462 3923 ἔρριψεν
3507 3852 3612 3923 πρδ
3653 3850 3745 3903 τοῦ
3780 3850 4026 3920 βήματος

2458 3946 2550 3997 τοῦ
2579 3944 2835 3997 δικαστοῦ
2862 3945 3036 4011 λέγων
3059 3958 3073 3971 °
3131 3943 3619 4010 Ἀσυμπαθέστατε
3677 3943 3773 3996 καὶ
3809 3947 4025 3995 πάντων

2461 4037 2663 4109 Θηρίων
2709 4035 3035 4106 ὰγριώτατε,
3059 4037 3105 4105 ἠ,
3121 4034 3315 4106 καρδία
3347 4052 3439 4087 σου
3466 4034 3637 4096 οὕτως
3669 4034 4024 4103 πεπώρωται,

2460 4131 2663 4184 καὶτὸν
2697 4127 2828 4181 Θεὸν
2854 4129 2952 4181 ούκ
2981 4130 3390 4196 ἐπιγινώσκεις,
3425 4127 3515 4179 τὸν
3547 4125 3641 4178 καὶ
3674 4125 3865 4179 είκόνα
3896 4126 4025 4178 ἰδίαν

2459 4224 2608 4292 ἡμᾶς
2641 4223 2983 4292 πεποιηκότα
3040 4221 3159 4285 πῶς
3208 4220 3330 4274 οὐδὲ
3387 4221 3448 4272 τὸ
3493 4217 3832 4288 ὁμοιοπαθὲς
3875 4217 4030 4286 σῶμα

2459 4315 2748 4383 οἰκτείρεις
2783 4315 2923 4366 κατὰ
2958 4314 3121 4383 μέρος
3151 4312 3348 4380 τέμνον
3371 4326 3384 4340 ο
3415 4311 3607 4378 τέρπει
3644 4325 3703 4359 σε
3732 4309 3764 4377 ὴ
3790 4308 3903 4358 τῶν
3940 4323 4030 4376 με·

2461 4409 2569 4460 λῶν
2600 4425 2700 4477 μου
2739 4407 3058 4471 κατακοπὴ;
3088 4404 3273 4455 Ταῦτα
3311 4401 3362 4452 δὲ
3383 4401 3551 4468 λέγω,
3584 4399 3680 4468 οὐχ
3703 4397 3778 4460 ὡς
3813 4398 4028 4465 φεύγων

2463 4499 2522 4552 τὸ
2552 4501 2690 4569 ὑπὲρ
2739 4497 3025 4559 εὐσεϐείας
3065 4495 3382 4559 ἀποθανεῖν,
3419 4491 3555 4547 ἀλλὰ
3589 4489 3686 4562 τὴν
3745 4488 3846 4559 σὴν
3888 4489 4030 4558 ὠμός

803 4608 1042 4647 meorum
1067 4589 1379 4644 dissectio?
1425 4588 1550 4642 Htec
1603 4597 1782 4642 autem
1839 4589 1980 4652 dico,
2042 4595 2236 4640 nonut
2271 4601 2340 4654 qu

2470 4607 2606 4660 τητα
2636 4592 2801 4643 πᾶσιν
2835 4590 3005 4642 ποιῶν
3037 4587 3341 4656 κατάδηλον
3367 4603 3382 4616 ο
3416 4586 3535 4636 ἐπεὶ
3568 4582 3685 4644 πῶς
3743 4581 3916 4647 ἡδέως
3947 4579 4031 4632 διὰ

803 4690 1003 4760 fugiam
1045 4689 1181 4741 mori
1233 4702 1330 4756 pro
1381 4684 1719 4755 pietate,sed
1771 4683 2148 4736 crudelitatem
2217 4685 2363 4729 tuam

798 4793 858 4837 et
895 4780 1347 4835 inhumanitatem
1400 4778 1618 4831 reddam
1676 4775 1930 4830 omnibus
1996 4769 2360 4824 manifestam.

803 4871 914 4942 Ego
948 4872 1089 4924 enim
1124 4881 1345 4940 propter
1373 4869 1650 4922 Christum
1680 4882 1860 4920 meum
1909 4866 2141 4918 libenter
2193 4863 2365 4930 patior

805 4962 991 5015 omnia
1018 4960 1174 5022 mala,
1214 4977 1330 5026 qua‘
1368 4959 1497 5012 mihi
1528 4975 1554 5011 ιι
1591 4968 1640 5010 te
1695 4954 2027 5012 inferuntur,
2045 4959 2100 5003 et
2136 4950 2368 5000 libenter

804 5055 1049 5110 Sustineo
1067 5052 1313 5107 dolorum
1335 5051 1711 5110 acerbitatem,
1749 5057 1807 5100 nt
1841 5047 1892 5098 in
1941 5045 2122 5097 futuro
2171 5040 2368 5092 saeculo

803 5152 1063 5197 alternam
1111 5141 1383 5193 inveniam
1426 5140 1689 5208 requiem.
1735 5137 1812 5189 Tu
1854 5145 2056 5194 autem,
2110 5147 2141 5183 o
2177 5131 2369 5183 crude-

807 5234 1014 5288 lissime
1055 5243 1107 5285 et
1154 5233 1543 5285 immanissime
1595 5233 1776 5291 homo,
1828 5233 2049 5292 acer-pla
2097 5221 2235 5289 pelle
2265 5220 2369 5272 mei

805 5327 1078 5393 corporis,
1125 5340 1242 5378 eam
1298 5324 1438 5377 habe
1498 5331 1687 5375 testem
1730 5333 1835 5373 une
1891 5311 2214 5385 impietatis,
2253 5325 2370 5377 qua:

807 5428 862 5472 te
891 5417 1054 5470 mittit
1090 5416 1155 5468 ad
1210 5422 1570 5476 arternum,et
1594 5413 1736 5481 quod
1811 5422 2090 5477 nunquam
2149 5402 2369 5462 desinit.

808 5510 1158 5581 supplicium,
1206 5523 1328 5561 cum
1386 5507 1690 5561 simulacris
1741 5504 1848 5558 tuis
1895 5511 1949 5553 et
2008 5495 2369 5553 dannonibus.

811 5605 958 5661 Dixit
989 5602 1324 5673 Agrippinus
1358 5618 1370 5653 :
1413 5602 1613 5653 Cures
1641 5597 1928 5667 insipiens,
1956 5604 2010 5648 et
2040 5593 2168 5648 odio
2205 5591 2372 5643 habes

809 5710 964 5762 tuum
990 5707 1262 5766 corpus,o
1294 5692 1467 5756 Plato,
1494 5701 1548 5746 et
1573 5706 1683 5748 non
1714 5704 1892 5756 curas,
1928 5688 2074 5756 quod
2112 5686 2374 5740 intestina

923 5868 965 5898 “
995 5865 1132 5920 Psal.
1170 5878 1294 5929 cxx,
1327 5863 1375 5928 Ι,
1403 5861 1458 5916 2.

2467 4687 2558 4734 τὴν
2612 4682 2845 4750 Χριστὸν
2880 4682 3073 4749 πάσχω
3122 4681 3218 4729 καὶ
3270 4678 3336 4728 τὰ
3374 4674 3527 4744 παρὰ
3581 4672 3673 4724 σοῦ
3725 4674 4032 4740 ὲναγόμενα

2470 4772 2728 4841 ὑπομένω
2759 4769 2857 4839 τὴν
2906 4769 3014 4820 τῶν
3069 4765 3249 4819 πόνων
3287 4762 3574 4829 δεινότητα
3602 4759 3662 4812 οὐ
3690 4758 3905 4826 φεύγω,
3952 4758 4032 4809 ἵνα

2468 4857 2524 4916 ἐν
2559 4864 2635 4932 τῷ
2670 4862 2918 4931 μέλλοντι
2970 4859 3124 4912 αἰῶνι
3165 4859 3264 4928 τὴν
3289 4856 3476 4909 ἄνεσιν
3509 4854 3689 4921 εῦρωο
3728 4850 3792 4904 σὺ
3827 4850 3886 4902 δὲ
3931 4851 4035 4902 άπ-

2470 4957 2756 5026 ηνέστατε,
2788 4952 3081 5022 δεξάμενος
3129 4951 3229 5020 τὴν
3279 4949 3372 5001 τοῦ
3411 4947 3660 5017 σώματος
3707 4962 3809 5014 μου
3853 4942 4032 5020 δορὰν,

2475 5023 2727 5117 μάρτυρα
2789 5048 2887 5113 τῆς
2942 5042 3196 5105 ἀσεϐείας
3239 5042 3404 5111 ἔχεις,
3453 5037 3782 5107 πέμπουσάν
3831 5023 3914 5085 σε
3963 5032 4033 5095 εἰς

2471 5140 2698 5192 αἰωνίαν
2725 5138 2823 5188 καὶ
2857 5136 3219 5204 ἀτελεύτητον
3249 5132 3474 5186 κόλασιν
3506 5130 3643 5200 μετά
3663 5128 3773 5181 τῶν
3799 5125 4031 5179 εἰδώλων

2473 5250 2586 5283 σου.
2632 5232 2986 5298 Ἀγριππίνος
3019 5231 3154 5297 ἔφη’
3195 5227 3355 5280 Ἵνατί
3385 5225 3642 5285 ἀσύνετος
3675 5219 3745 5285 εί,
3781 5221 3879 5275 καὶ
3911 5218 4028 5287 ἑμί-

2475 5340 2642 5390 σησας
2675 5324 2732 5374 τὸ
2783 5325 2977 5374 ἑαυτοῦ
3016 5322 3196 5389 σῶμα,
3249 5319 3344 5372 καὶ
3394 5318 3454 5370 οὐ
3497 5313 3808 5387 φροντίζεις
3861 5311 3942 5364 δτι
3974 5308 4032 5361 τὸ

2475 5415 2682 5481 ἔγκατά
2736 5431 2826 5469 σου
2861 5415 2946 5466 διά
2979 5415 3084 5466 τῶν
3137 5411 3389 5481 πλευρῶν
3426 5427 3520 5461 σου
3567 5409 3662 5460 σὺν
3719 5409 3786 5474 τῇ
3851 5405 4032 5474 κόπρῳ

2477 5508 2718 5576 φέρεται,
2775 5509 2887 5560 ἀλλ’
2945 5507 3025 5558 ἔτι
3071 5507 3162 5557 καὶ
3213 5504 3307 5557 νῦν
3353 5501 3707 5568 άναισθητεῖς
3739 5513 3751 5526 °
3815 5498 3949 5566 πρὸς
3980 5495 4030 5546 δὲ

2475 5589 2704 5665 τούτοις,
2769 5600 2866 5651 οὐκ
2916 5597 3203 5668 ἀρκεσθεὶς
3255 5597 3366 5656 τοῖς
3421 5593 3735 5662 εἰρημένοις
3797 5606 3915 5652 σου,
3945 5585 4030 5640 νῦν

2476 5691 2575 5743 οὐκ
2603 5691 2821 5744 ἐπαύσω
2844 5689 2965 5754 τοὺς
2990 5687 3140 5750 θεοὺς
3169 5683 3468 5755 ἐνυϐρίζων
3507 5685 3595 5737 καὶ
3631 5679 3949 5752 παροξύνων
3975 5677 4026 5730 τὸ
