4180 6530
182 466 281 531 £21

1458 473 1631 530 νΙΤΛ
1679 472 1740 532 S.
1786 473 2181 533 PLATONIS.

3341 468 3445 532 £22

185 583 377 651 σεμνὸν
425 583 806 655 δικαστήριον.
859 587 917 638 '(l
975 587 1128 652 am;
1191 585 1415 639 Πλάτων
1469 580 1661 637 εἶπεν·
1701 586 1761 643 El

1871 596 1960 641 tua
1983 602 2082 657 per
2107 590 2196 640 tua
2215 587 2381 639 latera
2412 586 2660 644 feruntur
2677 600 2801 640 cum
2837 593 3079 639 stercore
3108 599 3123 637 :
3151 582 3244 638 sed
3272 583 3449 639 adhuc

181 677 285 743 ἐγὼ
313 672 493 737 οὕτως
523 678 787 739 τοιαύτας
819 678 924 729 ὑπο
975 677 1068 730 σοῦ
1105 678 1284 739 δεινὰς
1330 677 1603 745 τιμωρίας
1653 696 1757 729 πα-

181 766 282 819 θὼν
315 766 595 836 ὑϐριστὴς
631 768 906 838 καλοῦμαι
937 771 1029 821 καὶ
1082 768 1428 837 βλάσφημος,
1480 767 1542 819 σὺ
1591 768 1618 818 ὀ
1662 769 1759 821 £1:—

182 857 329 924 άγων
352 858 620 923 τοιαύτας
656 860 923 928 βασάνους
957 859 1195 928 ὀφείλεις
1228 860 1418 927 φονεὺς
1450 859 1508 910 ἐν
1531 862 1642 921 τοῖς
1666 859 1758 927 ἕρ·

176 964 288 1015 τοις
316 949 606 1018 δειχθῆναι
642 953 737 1004 καὶ
767 950 1088 1017 βλάσφημος
1122 952 1178 1001 ὲν
1204 952 1315 1012 τοῖς
1349 949 1555 1015 λόγοις.
1598 949 1655 1002 Ὀ
1688 949 1745 1002 δὲ

188 1040 554 1109 Ἀγριπττῖνος
591 1042 695 1109 ἔφη
720 1056 735 1072 ο
759 1042 897 1103 Τοὺς
926 1042 1081 1104 θεοὺς
1106 1041 1201 1094 καὶ
1248 1044 1374 1105 τοὺς
1420 1042 1755 1111 αὐτοκράτο-

174 1150 271 1202 ρας
295 1132 471 1187 πολλὰ
498 1133 792 1201 ἐνυόρίσας
809 1134 905 1185 καὶ
933 1133 1031 1200 ἐμὲ
1052 1133 1110 1185 οὗ
1140 1134 1348 1203 μικρῶς
1370 1134 1749 1202 παροργίζεις’

170 1220 285 1277 οἶδα
315 1226 399 1277 ὅτι
427 1225 590 1276 τοῦτο
631 1226 821 1288 ποιεῖς,
860 1226 944 1277 ἵνα
968 1226 1055 1278 διὰ
1090 1226 1290 1295 τάχους
1319 1243 1376 1277 σε
1407 1226 1749 1279 ἀποκτείνωο

172 1316 279 1383 ἐγὼ
306 1316 363 1368 δὲ
397 1317 727 1385 χειροτέρας
755 1317 1026 1385 βασάνους
1075 1317 1431 1387 προσενέγκω
1480 1318 1574 1368 καὶ
1610 1316 1752 1369 κατὰ

175 1408 338 1475 μέρος
370 1409 644 1462 άναλώσω
682 1426 761 1467 σε,
792 1410 887 1462 ἐὰν
927 1410 999 1479 μὴ
1032 1409 1263 1478 πεισθῇς
1312 1394 1405 1461 καὶ
1438 1408 1610 1480 θύσῃς
1637 1412 1751 1473 τοῖς

170 1498 471 1566 ἀκράντοις
508 1499 669 1560 θεοῖς.
716 1499 774 1553 Ὀ
808 1499 966 1566 ἅγιος
996 1498 1090 1551 τοῦ
1122 1498 1259 1552 Θεοῦ
1295 1500 1505 1569 μάρτυς
1555 1496 1709 1553 εἶπεν
1732 1515 1747 1531 ο

172 1587 443 1650 Πολλάκις
482 1605 566 1640 σοι
597 1586 752 1641 εἷπον
774 1590 870 1642 καὶ
900 1589 994 1643 νῦν
1017 1590 1194 1657 λέγων
1229 1592 1289 1643 οὐ
1324 1592 1626 1660 παύσομαι,
1659 1591 1748 1662 Μὴ

171 1679 373 1749 ἀπείλῃ
410 1698 505 1747 μοι
542 1680 745 1747 λόγοις,
791 1683 908 1735 ἀλλ’
962 1682 1145 1751 ἔργοις
1172 1683 1345 1748 δεῖξον
1398 1686 1481 1747 είς
1510 1685 1609 1753 ἐμὲ
1647 1686 1750 1747 τὰς

170 1769 463 1837 βασάνους,
491 1773 576 1825 tv:
608 1774 853 1844 γνωσθῇς
889 1776 1057 1827 ποιῶν
1083 1775 1142 1827 τὸ
1170 1775 1385 1843 θέλημα
1416 1775 1508 1827 τοῦ
1539 1776 1747 1843 πατρὸς

169 1865 394 1926 σου,τοῦ
428 1867 648 1918 Σατινᾶ
677 1867 767 1919 καί
796 1866 891 1919 τοῦ
926 1867 1327 1936 αὐτοκράτορος
1353 1882 1467 1919 σου’
1494 1867 1747 1933 ἐξουσίαν

1868 695 2011 733 nunc
2034 695 2248 748 quoque
2278 694 2338 732 es
2368 680 2523 733 nullo
2584 694 2747 732 sensu
2773 677 3032 747 praeditus
3058 694 3072 735 ξ
3106 685 3302 744 praeter
3333 678 3447 730 hate

1865 782 2050 826 autem
2080 787 2190 826 non
2221 779 2513 825 contentus
2541 771 2609 824 iis
2636 787 2756 839 qua:
2794 770 2941 825 dicta
2968 777 3118 832 sunt,
3144 784 3252 821 non
3320 782 3445 823 ces-

1867 864 1996 916 sasti
2030 878 2177 915 nunc
2200 862 2332 916 deos
2355 861 2629 917 incessere
2660 860 3030 922 contumeliis,
3062 867 3117 913 et
3170 873 3442 913 veneran-

1868 954 1994 1006 dum
2030 970 2210 1006 meum
2243 954 2455 1006 irritare
2500 952 2789 1021 judicium.
2846 952 3080 1005 Sanctus
3112 951 3263 1004 Plato
3312 951 3449 1003 dixit

1864 1044 2157 1099 Subridens
2193 1062 2205 1097 :
2266 1042 2319 1098 Si
2373 1060 2495 1114 ego,
2532 1043 2627 1113 qui
2670 1052 2747 1097 tot
2783 1044 3057 1096 cruciatus
3092 1050 3145 1095 et
3177 1041 3443 1109 supplicia

1861 1153 1980 1193 sum
2022 1154 2050 1191 a
2085 1147 2135 1191 te
2161 1152 2377 1205 passus,
2443 1136 2880 1190 contumeliosus
2933 1148 3097 1187 vocor
3127 1143 3183 1186 et
3219 1132 3442 1187 maledi-

1860 1244 2000 1283 cus:
2039 1238 2092 1281 tu
2134 1231 2225 1299 qui
2255 1245 2315 1284 ea
2366 1229 2497 1283 mihi
2552 1228 2741 1289 infers,
2780 1243 2967 1281 revera
2996 1236 3051 1280 et
3085 1226 3243 1281 factis
3275 1225 3442 1279 debes

1860 1321 1967 1375 dici
1991 1321 2281 1391 parricida,
2322 1328 2377 1374 et
2428 1320 2612 1374 verbis
2645 1318 2961 1374 maledicus.
3003 1318 3146 1371 Dixit
3191 1316 3447 1387 Agrippi-

1858 1428 1966 1468 nus
1997 1428 2009 1463 :
2037 1413 2169 1467 deos
2200 1422 2253 1466 et
2286 1414 2646 1482 imperatores
2674 1410 2786 1480 jam
2822 1424 2966 1479 saepe
2999 1409 3184 1463 multis
3212 1406 3442 1461 ail'ecisti

1861 1504 2235 1565 contumeliis,
2257 1512 2311 1558 et
2334 1503 2400 1557 ad
2459 1503 2596 1557 iram
2645 1517 2731 1555 me
2766 1517 2877 1555 non
2935 1517 3125 1571 parum
3155 1512 3442 1569 provocas.

1856 1595 1981 1652 Scio
2009 1606 2191 1650 autem
2223 1606 2273 1650 te
2294 1594 2397 1648 hoc
2425 1594 2627 1657 facere,
2650 1602 2710 1647 ut
2743 1602 2796 1645 te
2830 1609 2992 1660 quam
3017 1593 3250 1660 primum
3288 1588 3464 1641 oeci—-

1854 1690 2014 1756 dam;
2066 1697 2164 1760 ego
2189 1699 2369 1743 autem
2404 1688 2499 1741 tibi
2556 1694 2828 1740 tormenta
2870 1684 3101 1739 inferam
3136 1681 3443 1738 acerbiora,

1852 1793 1907 1838 et
1930 1792 1981 1837 te
2005 1799 2100 1852 per
2116 1794 2297 1851 partes
2319 1794 2659 1844 consumam,
2681 1779 2789 1833 nisi
2817 1779 2948 1831 mihi
2970 1776 3238 1844 parueris,
3264 1782 3316 1827 et
3358 1772 3448 1825 in-

1855 1873 2136 1930 temeratis
2160 1874 2264 1927 diis
2306 1871 2721 1927 sacrificaveris.
2761 1870 2996 1922 Sanctus
3021 1860 3443 1935 marterhristi

171 1958 277 2026 γὰρ
316 1958 468 2027 ἔχεις
496 1957 593 2010 τοῦ
626 1957 880 2025 σώματός
924 1975 1048 2025 μου,
1079 1958 1177 2027 τῆς
1225 1957 1283 2009 δὲ
1319 1957 1501 2028 ψυχῆς
1532 1961 1558 2011 ὀ
1588 1960 1743 2021 Θεός.

1863 1963 1992 2017 dixit
2032 1964 2224 2019 Plato:
2255 1963 2410 2032 Siepe
2460 1960 2559 2016 tibi
2597 1960 2730 2026 dixi,
2781 1970 2836 2013 et
2869 1973 3057 2012 rursus
3082 1958 3227 2013 dico.
3260 1963 3313 2008 et
3337 1966 3447 2005 non

172 2050 403 2106 cessabo
442 2049 627 2104 dicere
666 2065 679 2101 :
713 2048 787 2103 Ne
830 2049 1038 2103 minare
1078 2049 1281 2115 verbis,
1317 2051 1410 2104 sed
1443 2052 1618 2119 reipsa
1654 2052 1704 2104 in
1744 2068 1831 2105 me
1853 2056 2080 2109 ostende
2104 2064 2396 2117 tormenta,
2431 2051 2857 2123 utcognoscaris
2885 2050 3089 2105 faciens
3114 2048 3448 2102 voluntatem

173 2144 339 2215 patris
367 2144 445 2199 tui
479 2144 692 2196 Satanae
713 2151 766 2196 et
786 2141 861 2195 tui
889 2143 1233 2211 imperatoris
1256 2158 1269 2207 ;
1292 2142 1457 2197 habes
1480 2143 1647 2208 enim,
1670 2153 1727 2198 ut
1754 2146 1904 2214 prius
1924 2148 2057 2212 dixi,
2084 2156 2405 2218 potestatem
2434 2147 2537 2201 mei
2563 2146 2831 2215 corporis,
2856 2144 3051 2197 animae
3079 2155 3255 2195 autem
3283 2139 3440 2195 Deus.

232 2238 348 2305 ις’.
381 2238 443 2290 Ὀ
462 2237 518 2289 δὲ
539 2236 894 2305 ’Λγριττπῖνος
910 2234 1079 2288 ταῦτα
1100 2235 1335 2298 ἀκούσας
1352 2233 1529 2288 εἶπεν·
1553 2238 1762 2301 Ἐγνως

174 2333 271 2401 ἤδη
303 2333 371 2400 τῇ
405 2330 577 2397 πείρᾳ
600 2328 685 2379 διά
715 2326 825 2378 τῶν
857 2326 1103 2395 βασάνων
1126 2325 1202 2396 (a)
1234 2326 1340 2378 τῶν
1368 2327 1762 2397 ἐπενεχθέντων

177 2440 265 2492 μοι
304 2420 462 2490 παρὰ
506 2418 598 2471 σοῦ
624 2459 639 2483 ,
677 2418 756 2469 ὅτι
791 2416 916 2469 οὔτε
950 2416 1041 2469 τοῦ
1081 2416 1330 2484 σὼματός
1370 2436 1469 2489 μου
1508 2420 1761 2488 φείδομαι

174 2514 259 2565 διὰ
296 2512 395 2580 τὴν
429 2509 571 2580 πρὸς
602 2509 692 2560 τὸν
717 2508 850 2560 Θεόν
886 2524 986 2575 μου
1021 2508 1304 2560 εὐσέϐειαν
1327 2549 1341 2573 ,
1379 2509 1634 2579 φοϐηθεὶς
1666 2513 1760 2563 τοῦ

174 2600 503 2673 ἐπουρανίου
531 2599 794 2670 βασιλέως
830 2599 889 2652 τὸ
932 2599 1293 2668 πρόσταγμα’
1317 2602 1437 2653 τότε
1475 2601 1765 2670 Ἀγριππῖο

174 2713 261 2758 νος
308 2694 602 2745 ἐκέλευσεν
645 2693 806 2745 αὐτὸν
839 2691 1339 2760 ἅναρτηθέντα·είς
1367 2690 1427 2743 τὸ
1472 2690 1625 2756 ξύλον
1667 2694 1762 2745 ἐπὶ

175 2785 430 2839 τοσοῦτον
467 2784 722 2847 ξέεσθαι,
760 2781 899 2834 ὥστε
933 2781 993 2833 τὸ
1028 2775 1166 2850 αἷμα
1201 2780 1367 2834 αὐτοῦ
1404 2782 1494 2834 ἐπὶ
1528 2784 1628 2847 τὴν
1659 2785 1762 2851 γῆν

175 2876 457 2945 ἐκκεῖσθαι
487 2892 501 2906 ⁸
532 2874 625 2926 καὶ
659 2877 685 2926 ὀ
714 2872 890 2943 κῆρυξ
932 2874 1063 2925 ἐϐόα
1087 2876 1233 2943 φωνῇ
1262 2875 1474 2945 μεγάλῃ
1498 2891 1513 2905 ·
1544 2874 1618 2925 Θῦ
1632 2892 1741 2936 σον,

177 2970 427 3031 Πλάτων,
464 2967 557 3019 καὶ
581 2964 809 3035 ἁπολύη.
838 2964 943 3017 Τοῦ
975 2964 1029 3016 δὲ
1064 2964 1218 3031 ἁγίου
1252 2962 1536 3025 Πλάτωνος
1561 2964 1756 3033 ἀρνου-

180 3062 343 3129 μένου
376 3060 475 3111 καὶ
507 3060 581 3127 μὴ
618 3057 944 3127 βουλομένου
973 3055 1170 3121 θῦσαι,
1204 3056 1490 3109 ἐκέλευσεν
1524 3056 1763 3122 ὀγκίνοις

174 3153 271 3213 τὰς
320 3151 563 3218 παρειάς
606 3150 770 3202 αὐτοῦ
813 3149 1052 3214 ξῗεσθαι,
1097 3150 1234 3202 ὥστε
1280 3149 1474 3219 μηκέτι
1535 3149 1760 3217 ὁρᾶσθαι

175 3240 478 3308 πρόσωπον
521 3239 894 3308 ἀνθρώπινον,
931 3240 1018 3292 διὰ
1056 3238 1118 3290 τὸ
1153 3241 1507 3309 γυμνωθῆναι
1539 3240 1605 3293 τὰ
1632 3240 1766 3294 ὀστᾶ

180 3332 375 3387 αὐτοῦ.

1953 2240 2094 2295 XVI.
2124 2241 2219 2295 llis
2244 2239 2464 2304 auditis,
2491 2239 2629 2293 dixit
2680 2236 3010 2307 Agrippinus
3050 2252 3064 2289 :
3100 2233 3218 2288 Jam
3273 2247 3449 2301 expe-

1866 2332 2063 2385 rientia
2096 2331 2398 2400 cognovisti
2436 2337 2842 2399 pertormenta.
2884 2328 3025 2396 quod
3062 2342 3164 2378 nec
3206 2325 3447 2391 philoso-

1866 2422 1974 2490 pho
2022 2422 2240 2489 quidem
2271 2420 2481 2474 Platoni
2534 2419 2897 2489 pepercissent
2937 2426 3158 2485 propter
3212 2416 3438 2470 deorum

1866 2514 2322 2576 benevolentiam,
2344 2515 2540 2567 timens
2565 2513 2777 2582 jussum
2810 2509 3177 2578 imperatm'is.
3202 2508 3435 2563 Sanetus

1872 2606 1960 2660 Dei
1997 2614 2198 2674 martyr
2234 2604 2383 2656 Plato
2418 2603 2551 2656 dicit
2582 2621 2593 2655 :
2624 2603 2937 2671 Cognovisti
2967 2602 3078 2669 jam
3113 2611 3168 2654 tu
3206 2612 3442 2667 quoque.

1867 2712 1899 2751 ο
1930 2706 2176 2767 tyranne,
2209 2695 2542 2765 experientia
2574 2708 2670 2763 per
2703 2702 2977 2747 tormenta
3029 2707 3150 2761 quze
3179 2691 3306 2744 mihi
3332 2705 3360 2743 a
3393 2698 3446 2743 te

1868 2796 1997 2843 sunt
2023 2787 2193 2848 illata,
2236 2787 2380 2857 quod
2421 2785 2641 2855 corpori
2686 2800 2807 2839 meo
2828 2799 2938 2837 non
2993 2798 3160 2852 parco
3216 2774 3444 2851 propter

1868 2882 2125 2950 pietatem
2195 2880 2249 2933 in
2312 2880 2479 2932 Deum
2523 2894 2728 2943 meum,
2788 2880 2986 2932 timens
3025 2878 3239 2946 jussum
3284 2874 3447 2945 Regis

1866 2969 2123 3025 caelestis.
2153 2966 2483 3038 Agrippinus
2513 2980 2693 3023 autem
2725 2983 2849 3021 cum
2882 2967 2996 3021 haec
3027 2966 3345 3024 audivisset,
3388 2971 3444 3017 et

1872 3061 2060 3117 fuisset
2091 3076 2289 3131 magno
2321 3060 2507 3114 furore
2543 3060 2806 3129 percitus,
2838 3058 3000 3128 jussit
3031 3073 3153 3111 eum
3189 3058 3242 3109 in
3300 3054 3451 3122 ligno

1872 3169 2199 3222 suspensum
2243 3152 2450 3207 tamdiu
2478 3152 2633 3213 caedi,
2672 3150 2849 3203 donec
2884 3162 3075 3202 omnes
3103 3149 3220 3217 ejus
3248 3158 3443 3199 carnes

1872 3246 2036 3302 simul
2061 3261 2184 3300 cum
2207 3246 2470 3315 sanguine
2497 3243 2552 3296 in
2584 3252 2783 3295 terram
2801 3240 3239 3295 eﬂ‘underentur.
3259 3236 3443 3292 Praeco

1798 3331 1840 3389 ϐ
1874 3343 2057 3388 autem
2094 3350 2287 3404 magna
2318 3349 2451 3388 voce
2492 3333 2762 3385 clamabat
2800 3347 2816 3384 :
2854 3327 3137 3391 Sacriﬁca,
3178 3327 3350 3388 Plato,
3387 3328 3451 3376 et

176 3425 416 3479 solveris
459 3438 488 3477 a
519 3423 768 3479 vinculis.
796 3422 929 3478 Cum
962 3437 1093 3478 vero
1122 3432 1346 3477 sanctus
1386 3421 1538 3479 Plato
1568 3434 1795 3493 negaret
1836 3438 1894 3477 se
1926 3424 2380 3487 sacrificaturum,
2411 3423 2577 3492 jussit
2611 3433 2873 3492 tyrannus
2914 3420 3069 3473 uncis
3104 3416 3295 3471 ferreis
3322 3418 3445 3485 ejus

175 3533 347 3587 genas
379 3518 615 3584 discerpi
652 3532 714 3573 ac
743 3517 957 3571 laniari.
992 3517 1137 3571 Adeo
1168 3527 1349 3571 autem
1383 3525 1509 3571 sunt
1549 3516 1785 3585 laniatm,
1817 3526 1877 3573 ut
1913 3516 2079 3572 facies
2107 3516 2344 3572 hominis
2367 3531 2473 3570 non
2508 3522 2829 3569 cerneretur
2855 3511 3109 3582 amplius,
3148 3518 3437 3580 propterea

175 3611 320 3685 quod
356 3622 543 3666 essent
571 3613 691 3680 ejus
725 3626 846 3665 ossa
885 3612 1042 3680 plane
1073 3612 1318 3664 nudataa

246 3708 348 3764 iZ'.
408 3706 469 3759 Ὀ
510 3705 565 3757 δὲ
618 3705 972 3771 ’Λγριππῖνος
1008 3703 1292 3756 ἐκέλευσεν
1338 3705 1499 3758 αὐτὸν
1536 3707 1643 3759 ἀπὸ
1672 3705 1766 3759 τοῦ

177 3801 337 3868 ξύλου
391 3797 809 3866 κατενεχθῆναι,
867 3796 957 3850 καὶ
1014 3798 1150 3867 πρὸς
1180 3796 1343 3851 αὑτὸν
1400 3793 1586 3852 εἶπενο
1622 3798 1768 3850 Παν-

176 3896 356 3957 άθλιε,
393 3882 450 3944 τί
490 3890 796 3961 προσδοκᾷς
828 3889 1053 3949 lam/5v;
1121 3890 1300 3959 πάσης
1333 3891 1441 3963 γάρ
1479 3894 1577 3961 τῆς
1605 3890 1769 3961 δορᾶς

178 4004 276 4040 σου
338 3982 712 4051 άποδαρείσης
773 3983 867 4034 καὶ
926 3981 1034 4033 τῶν
1089 3982 1289 4036 ὀστέων
1346 3983 1767 4052 γυμνωθέντων,

178 4076 424 4145 ἀνάσχου
447 4089 561 4141 μοι,
586 4070 676 4122 καὶ
696 4071 903 4124 παῦσαι
928 4072 1024 4139 τῆς
1050 4071 1308 4141 τοιαύτης
1331 4073 1654 4142 φιλοσοφίας
1679 4075 1769 4127 καὶ

179 4168 345 4223 θῦσον
388 4166 505 4226 τοῖς
542 4161 707 4227 θεοῖς,
734 4162 829 4214 καὶ
871 4162 945 4231 μὴ
987 4162 1213 4229 ἐπίμενε
1251 4166 1315 4232 τῇ
1359 4164 1626 4230 ἀντιθέσει
1659 4164 1769 4216 τῶν

178 4256 359 4324 λόγων
418 4249 652 4313 τούτων,
721 4248 807 4301 ἵνα
868 4247 943 4319 μὴ
1001 4249 1171 4311 κακὸς
1228 4248 1413 4313 κακῶς
1468 4250 1769 4323 ἀποθάνῃς.

191 4350 251 4414 ’Q
284 4347 504 4418 μάρτυς
533 4338 717 4396 εἶπεν·
741 4341 806 4394 Τί
838 4340 1139 4412 προσδοκᾷς
1162 4340 1247 4393 ἒτε
1259 4357 1348 4411 ρον
1374 4341 1593 4396 ἀκούειν
1615 4345 1647 4415 ἦ
1674 4345 1772 4414 τὴν

182 4440 373 4495 πίστιν
400 4436 500 4492 τοῦ
524 4435 730 4506 Κυρίου
767 4452 869 4505 μου
907 4433 1079 4504 Ἰησοῦ
1114 4432 1390 4505 Χριστοῦ;
1420 4438 1518 4507 τῆς
1543 4436 1652 4507 γάρ
1689 4437 1774 4489 δο-

186 4534 284 4604 ρᾶς
327 4547 433 4599 μου
471 4526 841 4596 άποδαρείσης
882 4526 977 4579 καὶ
1015 4526 1122 4579 τῶν
1157 4526 1360 4580 ὀστέων
1406 4544 1509 4598 μου
1547 4544 1768 4597 γυμνω-

1946 3707 2111 3763 XVII.
2149 3708 2442 3778 Postquam
2474 3717 2654 3762 autem
2683 3706 2846 3775 jussit
2870 3705 3198 3775 Agrippinus
3219 3719 3343 3759 eum
3374 3704 3444 3759 de

1872 3797 2020 3866 ligno
2047 3798 2266 3867 deponi,
2304 3798 2438 3850 dixit
2464 3798 2515 3849 ei
2553 3815 2566 3849 :
2604 3794 2996 3859 Infelicissime,
3036 3795 3169 3863 quid
3224 3796 3294 3849 de
3334 3811 3443 3849 Cte-

1874 3896 1991 3945 tero
2019 3898 2323 3956 exspectas,
2350 3903 2473 3941 cum
2513 3888 2582 3941 sit
2615 3897 2727 3941 tota
2761 3896 2850 3941 tua
2892 3902 3019 3941 caro
3046 3889 3346 3948 excoriata,
3381 3895 3437 3940 et

1874 3981 2075 4035 nudata
2103 3988 2228 4033 sunt
2279 3979 2450 4033 ossa?
2509 3977 2711 4033 Morem
2745 3977 2875 4032 mihi
2910 3992 3055 4047 gere,
3104 3986 3160 4031 et
3192 3992 3344 4032 cessa
3375 3979 3442 4031 ab

1874 4073 1977 4127 hac
2007 4087 2144 4126 vana
2179 4070 2538 4141 phil050phia,
2566 4080 2621 4127 et
2649 4071 2754 4127 diis
2777 4069 3044 4134 sacriﬁca,
3079 4078 3134 4124 et
3161 4084 3229 4123 ne
3258 4067 3434 4137 persi-

1873 4172 1984 4219 stas
2015 4165 2069 4217 in
2102 4165 2202 4217 hac
2245 4165 2533 4217 verborum
2571 4163 2943 4225 contentione,
2991 4177 3061 4214 ne
3098 4162 3273 4213 malus
3303 4159 3440 4213 male

1876 4269 2084 4324 pereas.
2127 4253 2269 4308 Dixit
2298 4262 2549 4326 martyr:
2596 4252 2740 4320 Quid
2782 4260 3091 4323 exspectas,
3116 4267 3149 4307 ο
3194 4262 3442 4323 tyranne,

1875 4362 1904 4401 a
1934 4362 2021 4402 me
2053 4347 2199 4401 aliud
2236 4348 2448 4410 audire,
2497 4348 2601 4400 nisi
2634 4347 2794 4400 fidem
2853 4347 3066 4399 Domini
3108 4346 3280 4397 nostri
3310 4343 3442 4398 Jesu

1876 4440 2082 4497 Christi
2113 4439 2137 4491 Ἰ
2161 4439 2340 4493 Carne
2367 4437 2516 4492 enim
2547 4452 2671 4492 mea
2700 4438 2976 4492 excoriata
3005 4445 3061 4493 et
3092 4437 3313 4491 nudatis
3350 4449 3443 4489 os-

1877 4535 2050 4595 sibus,
2088 4531 2303 4595 adsum,
2361 4539 2420 4585 ut
2456 4530 2630 4590 vides.
2667 4545 2793 4585 cum
2841 4531 3048 4601 majore
3082 4529 3331 4583 audacia.
3384 4527 3442 4582 Si

186 4624 429 4682 θέντων,
474 4616 947 4689 θαρσαλεώτερος,
982 4615 1058 4678 ὠς
1103 4619 1263 4688 ὁρᾷς,
1304 4618 1385 4671 σοὶ
1420 4619 1761 4689 παρέστηκα.

1876 4642 2005 4697 ergo
2039 4625 2134 4679 tibi
2172 4630 2338 4676 restat
2361 4623 2563 4691 aliquid
2590 4623 2759 4683 aliud,
2788 4623 2932 4689 quod
2960 4620 3087 4673 mihi
3121 4621 3280 4674 debet
3303 4621 3441 4681 fieri,

188 4716 250 4768 El
299 4712 490 4765 τοίνυν
538 4707 893 4760 ὑπολείπεται
920 4706 1112 4777 ἕτερόν
1152 4724 1233 4759 σοι
1283 4708 1519 4776 ὀφείλειν
1550 4710 1631 4771 είς
1672 4711 1772 4779 ἐμὲ

188 4801 569 4875 παραχθῆναι,
604 4800 749 4852 ποίει
784 4800 841 4850 ἐν
873 4798 1026 4867 τάχει
1059 4796 1087 4849 ὃ
1121 4796 1323 4867 βούλει.
1365 4797 1421 4851 '0
1449 4798 1505 4851 δὲ
1548 4799 1773 4870 Ἀγριπ-

189 4899 344 4959 πίνος
382 4892 675 4960 Θαυμάσας
710 4890 808 4958 τὴν
842 4888 1282 4959 καρτεροψυχίαν
1321 4889 1411 4942 τοῦ
1451 4891 1728 4961 μάρτυρος
1753 4932 1768 4959 ,

191 4978 489 5041 ἐκέλευσεν
520 4982 683 5035 πάλιν
717 4980 879 5035 αὑτὸν
914 4980 1286 5048 άναρτηθῆναι
1319 4982 1412 5032 καὶ
1438 4982 1655 5045 ξέεσθαι
1694 4984 1773 5049 είς

190 5081 288 5142 τὰς
322 5076 579 5146 ἀγκάλας
622 5073 719 5127 καὶ
750 5074 829 5136 είς
860 5071 927 5125 τά
959 5072 1264 5141 σπλάγχνα.
1303 5071 1361 5124 '0
1392 5072 1449 5126 δὲ
1491 5072 1647 5141 ἅγιος
1677 5074 1770 5127 τοῦ

191 5172 328 5225 Θεοῦ
364 5169 583 5239 μάρτυς
609 5162 761 5219 εἶπεν
780 5183 793 5199 ο
822 5159 980 5232 'Hpa
1005 5165 1147 5230 τοὺς
1168 5166 1513 5235 ὀφλαλμούς
1538 5184 1656 5235 μου
1686 5169 1765 5231 εἰς

190 5265 260 5318 τὰ
292 5264 430 5332 ὅρη,
458 5260 600 5315 ὅθεν
629 5259 760 5325 ἣξει
793 5259 832 5326 ἡ
852 5257 1108 5323 βοήθειά
1135 5274 1278 5326 μου,
1306 5259 1399 5311 καὶ
1430 5258 1500 5310 τά
1524 5258 1669 5329 ἑξῆς.
1713 5260 1773 5311 '0

188 5357 245 5409 δὲ
284 5355 653 5424 Ἀγριππῖνος
677 5351 779 5418 ἔφη
805 5368 817 5381 ·
859 5351 1065 5402 ’Δνόσιε
1099 5352 1193 5401 καὶ
1235 5348 1336 5417 τῆς
1373 5349 1481 5402 τῶν
1513 5351 1651 5403 θεῶν
1685 5351 1774 5402 εὐ·-

1873 4717 1959 4770 fac
1992 4716 2102 4769 cito
2136 4712 2281 4783 quod
2322 4713 2426 4766 vis.
2460 4714 2616 4768 Tunc
2671 4711 2872 4782 impius
2915 4711 3251 4782 Agrippinus
3294 4726 3444 4765 mar-

1872 4804 2004 4877 tyris
2029 4803 2307 4859 admirans
2334 4801 2735 4866 fortitudinem,
2755 4801 2921 4871 jussit
2953 4816 3078 4857 eum
3117 4817 3305 4855 rursus
3324 4817 3446 4857 sus-

1869 4895 2031 4966 pendi
2067 4895 2119 4948 in
2152 4895 2319 4964 ligno,
2350 4886 2405 4947 et
2438 4893 2802 4948 vehementer
2846 4891 2965 4959 ejus
3018 4892 3149 4946 ca-di
3201 4892 3356 4945 ulnas
3387 4900 3442 4945 et

1874 4989 2143 5043 femorum
2189 4986 2310 5054 ejus
2359 4985 2725 5039 latitudinem.
2761 4983 2836 5038 Ita
2898 4986 3145 5039 fecerunt
3202 4982 3440 5045 lictores,

1869 5096 1993 5135 eum
2026 5081 2293 5135 cadentes
2332 5078 2509 5147 spatio
2547 5076 2707 5131 trium
2740 5079 3019 5131 horarum.
3064 5075 3208 5129 Dixit
3256 5082 3438 5129 autem

1870 5182 2091 5234 sanctus
2119 5170 2317 5225 Christi
2357 5180 2591 5241 martyr:
2626 5168 2816 5223 Levavi
2834 5167 3010 5223 oculos
3041 5185 3177 5221 meos
3211 5169 3263 5219 in
3293 5183 3443 5219 mon-

1873 5272 1967 5327 tes,
1996 5264 2131 5316 unde
2180 5262 2343 5317 veniet
2400 5261 2664 5315 auxilium
2725 5275 2918 5314 meum.
2961 5259 3228 5311 Auxilium
3265 5274 3437 5311 meum

1873 5372 1905 5409 a
1964 5354 2203 5417 Domino,
2248 5353 2337 5422 qui
2401 5354 2523 5422 fecit
2578 5351 2763 5405 caelum
2822 5362 2872 5403 et
2935 5359 3135 5403 terram
3170 5349 3235 5405 ⁸⁸.
3296 5349 3440 5402 Dixit

195 5447 425 5514 μενείας
462 5441 745 5509 ἀλλότριε,
778 5440 964 5510 ἐπειδὴ
1005 5440 1184 5493 ἔδωκά
1214 5457 1296 5492 σοι
1330 5440 1663 5510 παρρησίαν,
1703 5441 1761 5509 μὶ

1876 5445 2254 5515 Agrippinus:
2321 5443 2491 5510 lmpie
2552 5452 2607 5496 et
2664 5458 2693 5496 a
2756 5440 3137 5495 benevolentia
3210 5440 3435 5494 deorum

191 5537 436 5598 κολάσας
474 5550 535 5585 σε
571 5532 709 5585 κατὰ
740 5533 898 5601 λόγον
920 5572 935 5596 ,
967 5532 1296 5600 φθέγγεσθαι
1332 5532 1534 5601 τολμᾷς
1564 5532 1771 5587 άθετῶν

299 5654 343 5685 ⁸³
374 5648 529 5704 Psal.
550 5663 651 5703 cxx
701 5647 753 5712 ι,
776 5647 831 5701 2.

1879 5536 2076 5601 aliene,
2108 5535 2364 5604 quoniam
2392 5533 2512 5589 dedi
2538 5534 2635 5589 tibi
2665 5532 2935 5597 fiduciam,
2962 5547 3069 5586 non
3104 5542 3154 5586 te
3186 5530 3436 5600 puniens,

262 5772 341 5846 (α)
360 5769 596 5846 Desunt
623 5762 868 5846 qtt‘mdam
898 5765 1064 5846 verba
1086 5771 1312 5846 [imp-ter
1353 5764 1761 5846 homqmteleutf

1863 5784 1992 5846 gnte,
2040 5768 2376 5846 sic_restituo
2410 5788 2455 5846 ι.
2485 5766 2609 5821 ’Ότι
2636 5767 2761 5846 οὐδε
2795 5764 3102 5846 ⁵ιςκλοειὸιροξξ
3151 5762 3437 5846 Πλάτωνος

192 5831 599 5907 ιφέιδόμην-ἂν
628 5834 845 5907 διά-τὴν
874 5833 993 5907 τῷν
1013 5831 1151 5907 θεῶν
1185 5833 1397 5907 εθνοιαν
1425 5835 1681 5907 (ροΰῃθεὶς
1712 5840 1769 5890 τὸ
1794 5831 1885 5890 τοῦ
1911 5831 2313 5907 αὐτοκράτορος
2354 5839 2711 5906 πρόσταγμαο
2742 5836 2768 5888 ὀ
2792 5836 2845 5888 δὲ
2879 5837 3036 5905 am;
3062 5831 3199 5885 Θεοῦ
3224 5832 3440 5903 μάρτυς

193 5901 626 5965 nmo/atem
648 5920 661 5936 ·
693 5901 902 5971 Ἐγνως
934 5901 1033 5974 ἤδη
1065 5905 1157 5958 καὶ
1192 5904 1254 5956 σὺ
1284 5903 1369 5957 διὰ
1394 5905 1498 5958 τῶν
1531 5904 1805 5972 βασάνων.
1846 5907 1999 5965 Enn.
2029 5901 2192 5964 Pnn.
