4180 6504
765 448 872 510 493

2084 442 2364 503 MENSIS
2396 442 2695 505 IULIUS.

3900 445 3992 505 424

771 568 829 612 ut
890 571 984 624 par
1015 564 1150 614 erat.
1205 555 1372 608 audes
1430 571 1573 608 nunc
1607 557 1778 624 loqui,
1845 557 2057 610 νίοιίιυε
2118 557 2329 625 jnssum

2435 555 2497 607 τὰ
2529 557 2928 624 προστάγματα
2957 555 3066 606 τῶν
3089 555 3349 623 βασιλέων
3386 555 3557 610 Θῦεον
3587 558 3696 620 τοῖς
3719 557 3886 621 θεοῖς,
3917 562 4000 611 καὶ

771 645 1198 716 imperatorum?
1236 646 1364 699 Liba
1384 661 1513 715 ergo
1541 648 1662 705 diis.
1707 657 1760 702 et
1791 655 1843 701 te
1899 648 2199 702 dimittam.
2242 647 2331 698 Di-

767 743 845 797 xit
878 749 1098 796 sanctus
1121 740 1271 795 Plato
1307 741 1400 793 :Si
1446 756 1563 803 nos,
1618 743 1707 810 qui
1742 741 1825 809 pie
1872 741 2039 794 Deum
2083 741 2333 799 colimus,

768 835 1045 903 punimur,
1077 843 1137 888 ut
1167 834 1262 901 qui
1292 834 1671 886 existimemur
1712 834 1880 901 impii,
1915 849 2010 887 vos
2043 834 2132 902 qui
2165 832 2335 885 Deum

765 928 1094 988 abhorretis,
1153 938 1206 981 et
1251 942 1474 995 corpus,
1531 928 1675 994 quod
1732 938 1816 982 est
1868 929 2083 991 iisdem,
2138 928 2336 994 quibus

765 1034 882 1079 vos,
916 1020 1211 1074 obnoxium
1246 1019 1708 1088 perpessionibus,
1746 1020 2249 1073 immisericorditer
2283 1029 2335 1073 et

764 1105 986 1175 indigne
1011 1107 1561 1178 casditis:quomodo
1618 1109 2010 1162 damnabimini
2067 1109 2121 1163 in
2185 1109 2335 1177 justo

766 1193 859 1248 Dei
881 1196 1110 1267 judicio,
1145 1198 1196 1248 in
1231 1198 1339 1262 die,
1380 1198 1431 1249 in
1468 1213 1571 1266 qua
1611 1198 1876 1266 judicabit
1919 1199 2062 1253 Deus
2119 1199 2330 1253 occulta

763 1286 1046 1342 hominum
1082 1290 1191 1341 “"?
1225 1290 1365 1343 Dixit
1389 1291 1753 1359 Agrippinus:
1780 1291 1915 1346 Fero
1939 1301 1989 1346 te
2022 1292 2331 1360 loquentem

763 1381 1023 1434 audacter
1077 1390 1131 1434 et
1189 1384 1549 1437 confidenter.
1615 1384 1895 1446 Miserere,
1942 1399 1973 1435 ο
2009 1384 2332 1436 eltarissime

763 1471 936 1535 Plato,
987 1483 1090 1526 ture
1149 1473 1391 1528 ﬂorentis
1443 1476 1648 1541 aetatis;
1696 1477 1797 1529 hoc
1831 1477 1975 1529 enim
2033 1475 2127 1528 tibi
2186 1475 2335 1528 dedit

764 1563 1002 1625 fortuna,
1037 1580 1156 1633 qua:
1175 1575 1257 1618 est
1282 1567 1526 1622 eiusdem
1553 1568 1791 1620 nominis
1822 1585 1835 1632 ;
1864 1567 2069 1636 aspicio
2099 1566 2244 1620 enim
2282 1574 2333 1619 te

763 1656 920 1708 talem
954 1671 1074 1709 esse
1124 1656 1387 1721 futurum,
1419 1661 1595 1725 qualis
1643 1661 1731 1713 ille
1766 1659 1867 1712 fuit
1896 1657 2332 1726 sapientissimus

764 1752 935 1806 Plato.
999 1752 1130 1804 Nam
1193 1769 1316 1807 cum
1381 1755 1573 1805 fuisset
1635 1753 1891 1818 princeps
1953 1747 2328 1815 pltilOprhim,

2439 646 2655 698 ἀπολύω
2686 664 2764 698 σε.
2807 647 2866 705 ὐ
2896 646 3049 712 ἅγιος
3082 647 3301 699 Πλάτων
3333 643 3484 700 εἶπεν
3505 665 3517 678 ·
3540 649 3611 721 -Εί
3638 651 3801 716 ἡμεῖς
3832 649 4002 706 θεοσε-

2439 735 2656 800 εοῦντες
2699 739 2900 790 ἀνόσιοι
2944 738 3329 806 ύπονοούμενοι
3373 739 3726 806 κολαζόμεθα,
3763 741 3880 801 πῶς
3926 758 4000 791 σοι

2439 829 2899 896 καταδικασθῆναι
2935 829 3021 901 οἴῃ
3056 831 3110 882 ὲν
3142 832 3205 898 τῇ
3245 829 3609 901 δικαιοκρισία
3649 830 3742 881 τοῦ
3775 831 3910 885 Θεοῦ
3947 833 3997 882 ἐν

2439 924 2500 987 τῇ
2535 922 2737 989 ἡμέρα,
2765 925 2819 973 ὲν
2920 924 3096 992 κρινεῖ
3123 922 3150 972 ό
3187 922 3315 983 Θεὸς
3341 923 3407 974 τὰ
3433 925 3647 992 κρυπτά
3671 923 3780 974 τῶν
3803 923 4001 992 ἀνθρὼ-

2438 1028 2593 1074 moi;
2643 1013 2998 1080 Ἀγριππῖνος
3037 1013 3138 1081 ἔφη
3166 1028 3180 1043 ⁸
3231 1013 3518 1081 ’Λνέχομαί
3559 1031 3653 1066 σου
3695 1016 3998 1084 παρρησια-

2439 1101 2686 1169 ζομένου,
2721 1103 3008 1172 οἰκτείρων
3033 1120 3121 1154 σου
3151 1106 3247 1170 τῆς
3277 1102 3491 1173 ἡλικίας
3523 1105 3663 1164 νέον,
3691 1103 3758 1155 δι’
3793 1107 3860 1173 ἣν
3887 1106 4001 1172 εχα-

2448 1194 2632 1262 ρίσατό
2668 1211 2749 1246 σοι
2784 1194 3104 1263 ὁμωνυμίαν
3137 1195 3166 1262 ἡ
3197 1195 3330 1265 τύχη
3357 1210 3369 1225 ·
3401 1197 3492 1247 καὶ
3522 1199 3629 1264 γὰρ
3658 1195 3901 1248 τοιοὶτον
3951 1213 3996 1248 σε

2437 1287 2653 1338 ἔσεσθαι
2689 1285 2994 1356 προσδοκῶ,
3034 1283 3144 1349 οἷος
3181 1289 3388 1349 ἐκεῖνος
3425 1290 3451 1338 ὁ
3488 1289 3712 1340 Πλάτων
3739 1304 3751 1316 ·
3798 1288 4000 1354 φιλοσο-

2440 1379 2568 1446 φίας
2589 1379 2692 1448 γὰρ
2719 1380 2958 1447 ἀρχηγὸς
2983 1379 3241 1446 γεγονὼς,
3266 1377 3333 1430 τὰ
3351 1380 3458 1431 τῶν
3485 1379 3618 1431 θεῶν
3645 1381 4002 1444 συνεστήσατο

2437 1470 2679 1537 δόγματα
2705 1510 2720 1535 ,
2753 1472 2832 1524 διὸ
2866 1471 2959 1523 καὶ
2993 1473 3152 1539 λόγου
3195 1471 3391 1524 πολλοῦ
3430 1472 3761 1541 μεταδίδωμί
3798 1489 3882 1524 σοι
3917 1473 4003 1522 καὶ

2438 1564 2643 1615 εὐνοεῖν
2687 1580 2744 1614 σε
2775 1565 2869 1616 ἐπὶ
2903 1567 3012 1626 τοῖς
3043 1566 3182 1627 Θεοῖς
3216 1563 3569 1633 συμϐουλεύω
3599 1565 3688 1616 καὶ
3725 1565 4001 1616 ἀνελέσθαι

2439 1668 2497 1705 σε
2525 1652 2616 1704 τὸν
2647 1652 2830 1720 νόμον,
2863 1653 2922 1704 ὃν
2957 1655 3004 1705 οἱ
3040 1653 3442 1723 αὐτοκράτορες
3473 1653 3682 1706 ἔθεντο·
3717 1653 4000 1723 πεισθῆναι

2439 1746 2493 1798 δὲ
2531 1747 2624 1798 καὶ
2654 1749 2772 1809 ταῖς
2805 1748 2965 1815 ἐμαῖς
2998 1749 3402 1817 παραινέσεσιν,
3439 1749 3500 1800 Εί
3529 1748 3584 1800 δὲ
3625 1746 3699 1817 μὴ
3730 1747 4001 1816 πεισθεὶς,

761 1843 986 1896 deorum
1037 1845 1290 1914 dogmata
1322 1845 1628 1898 constituit.
1680 1841 2047 1906 Quamobrem
2089 1839 2323 1908 benigne

2435 1838 2667 1904 γίνωσκε
2704 1838 2784 1890 ὅτι
2819 1839 3126 1905 ἀναγκάσαι
3169 1855 3225 1890 σε
3257 1838 3362 1906 ἔχω
3393 1838 3667 1906 διαφόροις
3705 1841 3802 1892 καὶ
3852 1854 4001 1906 στρε-

763 1941 939 1986 tecum
972 1935 1178 2002 loquor,
1204 1943 1256 1987 et
1281 1935 1506 1989 consulo
1535 1943 1591 1987 ut
1618 1934 1692 1986 sis
1729 1933 1994 2002 benignus
2028 1930 2080 1982 in
2118 1930 2249 1982 deos
2290 1946 2302 1981 :

759 2033 813 2076 et
837 2024 978 2094 leges
1015 2027 1301 2096 suscipias,
1328 2007 1462 2097 quas
1495 2026 1596 2095 ipsi
1651 2025 1894 2078 tulerunt
1946 2024 2321 2092 imperatores,

757 2125 812 2168 et
840 2118 976 2173 meis
1017 2135 1209 2187 pareas
1240 2120 1726 2174 admonitionibus.
1749 2118 1801 2170 Si
1839 2118 1968 2171 mihi
2006 2126 2182 2169 autem
2218 2130 2324 2167 non

766 2207 1038 2270 parueris,
1073 2210 1213 2262 scias
1235 2219 1441 2276 aperte,
1479 2209 1594 2262 fore
1640 2218 1695 2259 ut
1732 2222 1832 2274 ego
1891 2216 1941 2260 te
1971 2219 2156 2271 cogam
2224 2203 2326 2256 hoc

2446 1927 2750 1996 ελωτέραις
2781 1928 3075 1998 τιμωρίαις
3104 1929 3260 1989 τοῦτο
3289 1929 3532 1998 ποιῆσαι,
3561 1929 3633 1989 ὡς
3655 1929 4001 1997 ψευδώνυμον

2436 2021 2669 2088 ὀφθέντα
2742 2020 3022 2083 Πλάτωνος
3088 2021 3180 2074 τοῦ
3243 2022 3507 2091 μεγίστην
3568 2020 3890 2089 φιλοσοφίαν
3950 2022 4001 2070 ἐν

2437 2113 2743 2178 ἀνθρώποις
2774 2113 3156 2183 κτησαμένου,
3204 2113 3516 2183 ἀγνώμονός
3562 2131 3655 2166 σου
3704 2113 4002 2184 δειχθέντος

2435 2204 2562 2274 περὶ
2593 2205 2716 2265 τοὺς
2748 2203 2921 2266 θεούς.

757 2292 938 2350 facere
969 2298 1201 2353 diversis
1245 2310 1299 2354 et
1329 2301 1537 2355 acerbis
1570 2301 1872 2370 suppliciis,
1906 2308 1964 2353 ut
2001 2298 2089 2368 qui
2128 2297 2263 2351 falso
2297 2297 2371 2350 sis
2410 2298 2712 2365 appellatus
2766 2297 2916 2350 Plato
2950 2316 2962 2351 :
2996 2299 3134 2368 ejus,
3169 2299 3412 2367 inquam,
3466 2300 3685 2353 nomine
3719 2309 3996 2367 suscepto.

759 2391 846 2457 qui
884 2392 1025 2446 inter
1047 2394 1295 2450 homines
1323 2398 1609 2451 maximam
1643 2398 1742 2452 sibi
1773 2396 1983 2466 paravit
2027 2392 2445 2462 philosomtiam,
2503 2408 2625 2445 cum
2653 2403 2711 2444 tu
2759 2391 2812 2444 in
2847 2394 2978 2446 deos
3009 2395 3250 2463 ingratus
3288 2393 3545 2449 evaseris.

835 2483 1019 2538 XVIII.
1058 2487 1261 2540 Christi
1295 2500 1475 2542 autem
1531 2505 1704 2545 ,verus
1740 2505 1802 2542 ac
1825 2503 2114 2558 germanus
2163 2486 2323 2539 miles

761 2573 908 2628 Plato
933 2575 1067 2630 dixit
1109 2594 1122 2630 :
1167 2578 1330 2632 Valde
1363 2596 1614 2651 magnum
1639 2580 2004 2634 soloecismum
2059 2578 2321 2643 admittis,

758 2669 1138 2738 oAgrippine,
1170 2687 1360 2725 errans
1387 2673 1439 2725 in
1500 2673 1748 2726 veritate.
1807 2672 1939 2725 Nam
1998 2687 2121 2725 cum
2171 2672 2325 2740 pater

759 2768 884 2813 tuus
918 2759 1148 2814 Satanas
1179 2764 1246 2816 ab
1278 2764 1430 2817 initio
1493 2763 1656 2817 fuerit
1704 2764 2070 2833 perniciosus,
2126 2763 2323 2815 merito

763 2861 819 2904 tu
853 2866 1089 2920 quoque,
1120 2854 1208 2921 qui
1239 2869 1296 2907 es
1333 2857 1449 2924 ejus
1477 2857 1746 2919 minister,
1778 2855 1910 2909 facis
1942 2855 1991 2908 ei
2044 2853 2318 2912 similiter,

756 2950 812 2993 et
837 2949 889 2993 te
921 2941 973 2993 in
1005 2942 1125 3010 ejus
1156 2959 1378 2997 exerces
1409 2945 1737 2998 actionibus.
1799 2940 2112 2997 Darmonum
2176 2943 2320 2995 enim

759 3030 1031 3086 fortunam
1097 3035 1311 3088 invehis
1349 3037 1398 3087 in
1439 3035 1686 3088 homines
1709 3035 2069 3098 Christianos,
2102 3035 2193 3104 qui
2227 3050 2325 3089 nec

758 3122 903 3178 ferre
933 3125 1150 3193 quidem
1168 3136 1395 3196 possunt
1421 3129 1607 3182 audire
1641 3128 1840 3198 aliquid
1877 3129 2162 3198 ejusmodi.
2185 3127 2316 3181 Sum

755 3229 885 3283 ergo
912 3216 1157 3283 ejusdem
1197 3221 1432 3289 quidem
1463 3223 1720 3281 nominis,
1770 3222 1928 3287 cujus
1982 3221 2131 3272 Plato
2167 3238 2178 3272 :
2225 3219 2317 3272 sed

757 3321 866 3359 non
899 3322 1018 3360 sum
1059 3310 1249 3362 iisdem
1283 3311 1529 3366 moribus
1550 3312 1834 3379 praeditus.
1866 3310 2011 3375 Quos
2035 3312 2176 3364 enim
2208 3327 2324 3364 mo-

757 3411 845 3450 res
873 3414 979 3452 non
1019 3401 1382 3470 conjungunt,
1421 3417 1488 3455 ne
1545 3418 1742 3456 novneu
1781 3404 2001 3472 quidem
2063 3418 2156 3458 eos
2186 3418 2320 3457 con-

753 3489 925 3551 ciliat,
945 3505 1121 3559 neque
1142 3492 1290 3546 locus
1313 3494 1546 3562 copulat,
1571 3495 1670 3548 nisi
1694 3496 1866 3549 solum
1898 3495 2091 3564 pictas.
2116 3494 2320 3560 Quant-

755 3581 943 3633 obrem
1002 3582 1147 3634 nulla
1208 3584 1260 3635 in
1298 3584 1370 3635 rei
1395 3584 1443 3636 ei
1488 3585 1679 3637 similis
1709 3601 1825 3636 sum
1882 3586 2055 3648 Plato,
2098 3594 2322 3653 praeter-

753 3687 914 3740 quam
939 3673 992 3726 in
1017 3674 1130 3729 solo
1147 3675 1384 3728 nomine:
1416 3676 1521 3730 hoc
1544 3684 1724 3728 autem
1749 3676 1878 3729 mihi
1910 3677 2051 3744 piam
2079 3685 2318 3730 mentem

755 3782 1034 3833 nunquam
1064 3768 1260 3836 poterit
1283 3769 1501 3820 laaderc.
1563 3766 1626 3821 Et
1684 3783 1782 3838 ego
1829 3769 2047 3838 quidem
2088 3785 2318 3824 exerceo

753 3872 897 3920 eam,
931 3872 1047 3925 qua:
1073 3868 1153 3910 est
1189 3858 1239 3911 in
1266 3858 1505 3923 ChriSIo,
1544 3860 1940 3930 philosophiam
1981 3879 1994 3914 :
2034 3863 2178 3916 iilius
2218 3879 2319 3916 au—

755 3958 860 4002 tem
900 3949 1238 4016 philosophia
1274 3959 1352 4004 est
1407 3950 1547 4016 apud
1593 3949 1759 4001 Deum
1821 3967 1999 4024 meum
2068 3952 2315 4004 stultitia.

756 4038 1027 4105 Scriptum
1058 4051 1141 4091 est
1179 4041 1321 4090 enim
1349 4056 1361 4090 :
1397 4039 1626 4091 Pet-dam
1649 4028 1964 4105 sapient-iant
1997 4043 2315 4110 sapientum,

751 4138 802 4183 et
854 4131 1181 4201 prudentiam
1215 4131 1529 4198 prudentum
1557 4131 1768 4185 abolebo
1800 4132 1861 4187 ”.
1914 4132 2048 4186 Nam
2087 4134 2314 4188 deorum

752 4227 1023 4292 dogmata,
1057 4239 1175 4291 qua:
1203 4225 1313 4286 ille,
1349 4234 1407 4275 ut
1438 4224 1595 4287 dicis,
1654 4218 1856 4292 posuit,
1893 4236 2018 4278 sunt
2071 4225 2218 4279 falsae
2264 4235 2318 4280 et

753 4313 890 4366 ficta:
933 4313 1143 4375 fabula,
1198 4327 1315 4381 quae
1341 4313 1733 4366 adumbrantur
1757 4315 2081 4383 deceptione
2110 4316 2314 4369 daemo-

752 4421 904 4469 num,
976 4407 1070 4471 qui
1123 4406 1322 4459 animis
1372 4405 1610 4458 afferunt
1666 4406 1969 4470 interitum,
2013 4417 2066 4461 et
2127 4412 2316 4461 verbo-

751 4511 868 4548 rum
932 4497 1127 4548 astutia
1166 4508 1369 4549 vestras
1403 4507 1615 4550 mentes
1645 4509 1998 4563 excecantes,
2033 4500 2315 4554 adeCunt

749 4605 776 4641 a
826 4588 1173 4657 simplicitate
1233 4589 1379 4654 fidei,
1414 4605 1533 4657 quas
1562 4599 1646 4642 est
1675 4591 1723 4641 in
1755 4589 2051 4644 Christum.

821 4680 960 4734 XIX.
996 4681 1282 4749 Postquam
1339 4690 1518 4734 autem
1546 4693 1815 4736 cessasset
1880 4683 2024 4752 loqui
2087 4696 2310 4755 martyr,

749 4774 865 4841 ejus
933 4773 1150 4840 quidem
1189 4788 1448 4841 reSponso
1499 4775 1912 4843 obstupefactus
1952 4775 2309 4845 Agrippinus,

751 4863 948 4915 mansit
987 4872 1186 4922 mutus,
1226 4880 1330 4915 non
1356 4865 1538 4917 valens
1565 4865 1612 4918 ei
1646 4865 1994 4931 respondere.
2055 4868 2188 4918 Cum
2216 4882 2310 4919 au-

756 4967 860 5009 tem
895 4956 1051 5024 paulo
1081 4964 1200 5023 post
1229 4955 1486 5023 jussisset
1509 4971 1631 5008 eum
1665 4956 1731 5009 de
1758 4956 1904 5024 ligno
1939 4957 2162 5024 deponi,
2217 4974 2308 5027 ag-

756 5058 972 5114 gressus
1001 5055 1076 5097 est
1110 5060 1230 5097 eum
1261 5061 1448 5098 rursus
1506 5045 1716 5098 blandis
1755 5047 1935 5099 verbis
1989 5048 2306 5113 admonere,

753 5137 830 5191 sic
881 5135 1064 5188 dicens
1101 5151 1114 5186 :
1174 5135 1279 5204 Ego
1310 5137 1374 5188 de
1432 5147 1648 5200 cetero,
1684 5153 1715 5189 ο
1766 5137 1937 5199 Plato,
1983 5139 2124 5206 quod
2162 5140 2226 5191 ad
2259 5149 2308 5194 te

748 5229 961 5298 quidem
1002 5228 1212 5290 attinet,
1247 5244 1362 5280 sum
1403 5228 1557 5296 plane
1601 5229 1981 5285 animidubius
2045 5249 2143 5287 nec
2195 5235 2308 5288 scio

744 5319 872 5387 quid
930 5319 1151 5374 debeam
1206 5319 1401 5372 facere.
1451 5317 1554 5384 Qui
1592 5320 1772 5388 itaque
1805 5329 1853 5374 te
1916 5324 2097 5377 multis
2149 5325 2303 5378 aﬂ'eei

741 5408 1098 5470 cruciatibus,
1127 5423 1225 5463 nec
1256 5410 1547 5477 quidquam
1581 5410 1755 5475 effeci,
1780 5422 1832 5464 et
1870 5413 2090 5466 adhibui
2152 5416 2304 5468 blan-

739 5498 923 5560 ditias,
946 5505 1000 5551 et
1035 5499 1138 5551 hoc
1160 5497 1290 5550 nihil
1333 5496 1560 5566 profuit,
1595 5513 1740 5551 nunc
1768 5500 1928 5552 statui
1955 5501 2158 5568 aliquot
2188 5502 2304 5556 dies

743 5589 838 5642 tibi
868 5589 1183 5644 concedere.
1219 5590 1376 5644 Forte
1424 5606 1547 5643 cum
1592 5590 1669 5643 sic
1726 5592 2009 5659 agnoveris
2045 5594 2115 5652 id,
2157 5594 2298 5663 quod

735 5678 940 5736 esttibi
978 5680 1129 5745 utile,
1164 5681 1303 5734 hanc
1327 5690 1471 5734 tuam
1505 5683 1779 5751 relinques
1817 5684 2195 5750 pervicaciam,
2247 5695 2300 5739 et

845 5856 888 5890 "
919 5857 1076 5912 Rom.
1107 5874 1165 5923 ll,
1205 5857 1288 5914 l6.
1399 5860 1440 5917 ‘9
1475 5859 1576 5914 lsa.
1619 5872 1763 5928 χχιχ,
1790 5861 1849 5915 14
1879 5877 1892 5929 ;
1925 5879 1937 5916 t
1967 5864 2088 5918 Cor.
2127 5865 2282 5933 1,.19.

2497 2482 2599 2539 ΗΓ.
2642 2485 2699 2538 ’0
2718 2486 2773 2538 δὲ
2792 2485 2958 2548 ὅντως
2981 2487 3200 2556 γνήσιος
3224 2486 3315 2538 τοῦ
3337 2486 3569 2557 Χριστοῦ
3595 2485 3845 2556 μαθητὴς
3870 2487 4000 2538 Πλά-

2424 2594 2531 2628 των
2563 2571 2713 2628 εἶπεν
2740 2591 2755 2609 ·
2805 2576 3156 2640 Σολοικίζεις,
3208 2576 3550 2647 ’Λ·,’ριπτ;ἶνε,
3598 2575 3803 2643 σφόδρα
3835 2573 4004 2640 σφαλ-

2423 2667 2648 2737 λόμενος
2677 2669 2802 2734 περὶ
2833 2669 2932 2736 τὴν
2963 2667 3218 2737 ἀλήθειαν
3238 2684 3252 2700 ·
3279 2666 3378 2732 τού
3405 2667 3510 2734 γὰρ
3550 2665 3754 2732 πατρός
3785 2680 3880 2715 σου
3913 2662 3999 2714 τοῦ

2423 2761 2636 2811 Σατανᾶ
2677 2759 2953 2826 λυμεῶνος
2988 2760 3376 2827 τυγχάνοντος,
3411 2757 3632 2817 είκότως
3664 2755 3756 2805 καὶ
3793 2755 3858 2806 σὺ
3906 2755 4001 2806 αύ-

2429 2846 2522 2897 τοῦ
2561 2846 2820 2915 ὑπάρχων
2857 2847 3163 2915 ὑπουργὸς,
3192 2847 3260 2898 τὰ
3306 2847 3467 2915 ὃμοια
3499 2845 3645 2913 αὐτῷ
3678 2843 4000 2913 διαπραττει

2431 2935 2522 2986 καὶ
2551 2935 2647 2998 τὰς
2701 2936 2925 3006 πράξεις
2983 2935 3147 2990 αὑτοῦ
3205 2937 3471 3007 μελετᾷς·
3506 2937 3674 3005 τύχην
3698 2936 3808 3005 γὰρ
3863 2952 3999 3005 παρ-

2428 3021 2699 3089 ειπφέρεις
2757 3023 3028 3093 δαιμόνων
3097 3025 3409 3096 ἀνθρώποις
3464 3027 3810 3095 Χριστιανοίς
3891 3027 3999 3086 τοῖς

2438 3115 2570 3184 μηδὲ
2599 3115 2827 3189 ἀκοῦσαί
2860 3135 2913 3168 τι
2945 3118 3184 3172 τοιοῦτον
3227 3119 3573 3189 ἀνεχομένοις
3609 3120 3757 3171 ποτέ.
3792 3117 3997 3170 Οὐκοῦν

2424 3203 2710 3272 ὁμώνυμός
2741 3208 2853 3273 είμι
2879 3207 3183 3275 Πλάτωνος,
3211 3210 3510 3280 ὁμότροπος
3529 3209 3582 3262 δὲ
3602 3209 3702 3261 οὐκ
3728 3208 3846 3276 είμί
3869 3223 3882 3236 ·
3907 3206 3998 3265 οὓς

2426 3295 2532 3364 γὰρ
2575 3295 2636 3348 οὐ
2683 3296 2941 3350 συνάπτει
2970 3301 3189 3369 τρόπος,
3237 3300 3353 3352 οὐδὲ
3397 3300 3564 3368 ὄνομα
3613 3300 3836 3362 τούτους
3876 3316 3999 3353 συν·-

2427 3385 2625 3454 ίστησι.
2660 3387 2716 3438 Ὀ
2779 3387 2834 3439 δὲ
2856 3389 3054 3456 τρόπος
3109 3388 3424 3456 συζευγνύει
3445 3426 3459 3449 ,
3489 3388 3636 3455 εἰμὴ
3662 3388 3823 3456 μόνον
3849 3391 4000 3439 eiici-

2425 3478 2566 3543 6εια,
2595 3476 2735 3529 ὥστε
2767 3479 2843 3539 είς
2875 3479 3026 3530 οὐδὲν
3053 3467 3244 3539 ἐοικώς
3271 3479 3383 3548 είμι
3406 3479 3675 3543 Πλάτωνι,
3709 3481 3756 3530 εί
3792 3480 3867 3548 μὴ
3901 3483 3998 3548 μό-

2423 3584 2511 3618 νον
2544 3567 2683 3619 κατὰ
2705 3567 2762 3619 τὸ
2791 3568 2960 3636 ὄνομα
2987 3568 3145 3621 τοῦτο
3174 3568 3373 3639 βλάψαι
3408 3586 3509 3638 μου
3540 3569 3630 3621 τὸν
3665 3569 3865 3638 εὐσεϐῆ
3910 3571 3997 3620 λο-

2421 3658 2620 3727 γισμὸν
2676 3659 2736 3711 ού
2790 3659 3013 3713 δύναται
3072 3660 3329 3715 πώποτε·
3391 3660 3710 3730 φιλοσοφίαν
3771 3660 3884 3728 γὰρ
3942 3663 3999 3711 ἐν

2420 3749 2641 3820 Χριστῷ
2667 3752 3022 3822 μετέρχομαι·
3059 3753 3163 3822 ἠδὲ
3194 3754 3399 3806 ἐκείνου
3429 3751 3714 3822 φιλοσοφία
3743 3751 3899 3821 παρὰ
3924 3751 3998 3819 τῷ

2420 3842 2538 3911 Θεῷ
2573 3845 2750 3912 μωρία
2778 3846 2926 3896 ἐστὶν
2958 3845 3049 3894 καὶ
3088 3845 3363 3906 ἀπωλείας
3390 3844 3645 3914 πρόξενος
3674 3847 3784 3905 τοῖς
3820 3843 3996 3894 πειθο-

2425 3933 2606 3999 μένοις
2665 3934 2800 3999 αὐτῇ
2839 3947 2851 3958 ·
2883 3931 3195 4000 γέγραπται
3249 3933 3357 3998 γάρ
3385 3945 3398 3958 ’
3434 3929 3666 3984 Ἀπολῶ
3725 3930 3842 3995 τὴν
3890 3948 3997 3984 σο-

2421 4023 2567 4089 φίαν
2598 4020 2715 4073 τῶν
2742 4020 2970 4088 σοφῶν,
3014 4021 3107 4073 καί
3143 4021 3255 4088 τὴν
3293 4021 3552 4074 σύνεσιν
3579 4019 3694 4073 τῶν
3722 4021 3998 4076 συνετῶν

2419 4114 2714 4180 ἀθετήσω.
2748 4114 2828 4168 Τὰ
2872 4115 2980 4185 γὰρ
3013 4115 3256 4184 δόγματα
3288 4114 3398 4168 τῶν
3433 4115 3568 4168 θεῶν
3598 4114 3632 4168 ἃ
3681 4115 3744 4168 σὺ
3792 4115 3993 4183 λέγεις,

2418 4207 2619 4265 ἐκεῖνος
2651 4204 2800 4255 ἔθετο
2826 4204 3014 4272 μύθοις
3038 4205 3285 4272 ψευδέσιν
3314 4205 3409 4256 καὶ
3434 4205 3875 4273 πεπλανημένοις
3896 4222 3911 4236 ·
3933 4209 3995 4273 τῇ

2419 4297 2527 4362 γὰρ
2560 4295 2741 4364 ἀπάτῃ
2774 4295 2879 4345 τῶν
2912 4297 3179 4364 ῖαιμόνων
3211 4296 3317 4346 τῶν
3335 4297 3690 4364 ψυχοφθόρων
3726 4314 3996 4364 στοιχεια-

2419 4387 2663 4455 ζόμενος,
2715 4385 2809 4437 καὶ
2865 4385 3063 4446 πάντες
3105 4387 3151 4437 oi
3198 4387 3318 4437 κατ’
3368 4390 3526 4439 αὑτὸν
3571 4386 3900 4453 τυφ>.οὖντες
3931 4390 3997 4440 τὰ

2418 4479 2665 4545 νοήματα
2707 4475 2859 4547 ὑμῶν
2897 4476 2983 4528 διὰ
3023 4479 3119 4542 τῆς
3159 4479 3502 4548 πανουργίας
3542 4479 3651 4530 τῶν
3687 4479 3863 4547 λόγων
3891 4480 3997 4533 ἀπὸ

2418 4569 2514 4636 τῆς
2544 4567 2842 4636 ἁπλότητος
2872 4570 2971 4636 τῆς
3007 4569 3084 4630 είς
3115 4569 3203 4620 τὸν
3240 4569 3474 4638 Χριστὸν
3503 4571 3818 4641 ἀπήγαγον.

2485 4678 2583 4733 ΙΘ’.
2615 4681 2765 4732 Μετά
2801 4680 2854 4732 δὲ
2901 4680 2957 4732 τὸ
2978 4679 3286 4733 παύσασθαι
3305 4683 3396 4734 τὸν
3429 4685 3680 4754 μάρτυρα
3704 4683 3995 4743 λαλοῦντα,

2417 4771 2551 4840 πρὸς
2584 4771 2680 4839 μὲν
2711 4772 2888 4837 ὀλίγον
2922 4772 3213 4837 ἐκπλαγεὶς
3252 4769 3281 4822 δ
3320 4773 3675 4842 Ἀγριῖιτπῖνος
3717 4777 3820 4844 τὴν
3857 4778 3994 4828 ἀπό-

2415 4880 2592 4928 κρισιν
2622 4861 2781 4914 αὑτοῦ
2812 4861 3004 4930 ἔμενεν
3031 4863 3162 4922 τέως
3180 4864 3549 4931 ἀποκριθῆναι
3575 4864 3648 4933 μὴ
3667 4865 3992 4934 δυνάμενος.

2413 4952 2593 5022 Βραχὺ
2619 4953 2672 5005 δὲ
2693 4952 2950 5014 κελεύσας
2975 4951 3081 5005 ἀπὸ
3098 4953 3189 5006 τοῦ
3216 4954 3373 5017 ξύλου
3392 4955 3551 5005 αὑτὸν
3576 4957 3990 5027 κατενεχθῆναι,

2409 5046 2731 5114 ἐπεχείρησε
2779 5046 2936 5098 πάλιν
2960 5046 3140 5113 λόγοις
3180 5049 3543 5110 ἐπαινετικοίς
3585 5048 3794 5102 πείθειν
3826 5051 3992 5103 αὑτὸν

2408 5136 2612 5202 λέγων·
2677 5137 2814 5202 Ἐγὼ
2854 5136 3061 5201 λοιπὸν,
3097 5139 3339 5200 Πλάτων,
3375 5139 3560 5206 ἀπορεῖ)
3608 5141 3674 5190 τα
3708 5145 3836 5207 περὶ
3894 5141 3988 5193 σοῦ

2412 5231 2504 5281 καὶ
2545 5228 2643 5280 ούκ
2676 5224 2790 5280 οἶδα
2821 5229 2870 5281 τί
2900 5229 3099 5297 ὀφείλω
3119 5221 3538 5299 διαπράξασθαι.
3563 5233 3718 5286 Ἐπεὶ
3761 5231 3856 5286 οὖν
3895 5237 3988 5288 καὶ

2406 5317 2671 5385 τιμωρίας
2700 5318 2894 5379 πολλὰς
2923 5321 3222 5388 ἐπήγαγον,
3266 5323 3356 5372 καὶ
3385 5321 3538 5376 οὐδὲν
3578 5323 3741 5374 πλέον
3783 5326 3986 5393 ῆνυσα,

2407 5410 2496 5460 καὶ
2521 5410 2802 5473 κολακείας
2834 5411 3168 5479 προσέθηκα,
3203 5415 3294 5465 καὶ
3333 5415 3450 5465 οὐδὲ
3480 5412 3651 5477 οὕτως
3690 5416 3981 5486 dimsit-qu,

2409 5501 2500 5553 νῦν
2531 5503 2845 5570 ἐσκεψάμην
2878 5503 3114 5554 ἐνδοῦναί
3140 5521 3220 5556 σοι
3250 5506 3457 5572 ἡμέρας
3491 5507 3672 5568 τινὰς,
3709 5509 3840 5570 ἴσως
3879 5512 3984 5562 κᾶν

2407 5595 2577 5658 οὕτως
2634 5599 2874 5664 ἐπιγνῳς
2918 5597 2978 5646 τὸ
3023 5597 3439 5665 συμφέρον,κα“ι
3487 5598 3828 5668 καταλείψας
3877 5601 3982 5667 τὴν

2409 5688 2654 5757 ἔνστασίν
2688 5705 2777 5740 σου
2814 5685 3014 5756 ταύτην
3047 5688 3360 5751 ποοσὲλοοις
3390 5693 3496 5752 τοῖς
3527 5689 3624 5760 τὴν
3646 5691 3980 5762 οἰκουμένην
