4180 6556
187 466 291 530 425

1432 458 1610 519 VITA
1642 460 1701 521 S.
1740 458 2131 522 PLATONIS.

3334 451 3438 521 426

186 584 501 646 διέπουσιν,
537 580 631 633 καὶ
663 576 990 648 ἀπαλλαγῇς
1020 574 1126 655 τῶν
1167 572 1526 644 περιεχόντων
1564 588 1624 624 σε
1664 590 1766 626 κα·

1884 572 2097 627 ιοςοάθε
2117 572 2182 625 ad
2212 571 2361 634 deos,
2398 571 2489 641 qnl
2541 573 2858 626 universum
2908 572 3097 628 orbem
3128 583 3283 628 terrae
3339 565 3438 628 ad-

184 676 293 751 ιιῶν
312 689 326 703 ⁸
354 673 451 726 καὶ
477 671 647 724 ταῦτα
678 667 872 735 εἰπὼν,
905 667 1183 721 ἐκέλευσεν
1207 665 1368 718 αὑτὸν
1398 665 1763 735 ἀπενεχθῆναι

182 770 240 820 ὲν
294 769 360 837 τῇ
423 766 663 835 φυλακῇ,
725 760 1103 833 παραγγείλας
1171 760 1249 829 τῷ
1305 757 1763 829 κομενταρησίῳ,

183 858 415 925 ούγκίαν
462 856 624 923 ἄρτου
663 856 903 908 δίδοσθαι
936 852 1083 920 αύτῷ
1128 851 1249 904 καθ’
1285 852 1519 919 ἑκάστην
1553 850 1766 930 ἡμέραν

184 954 274 1003 καὶ
302 952 533 1019 κρασίον
561 948 748 1008 ὓδατος
774 946 871 999 καὶ
896 944 1040 1010 παρά
1061 941 1287 1013 μηδενὸς
1314 941 1542 1010 ὁρᾶσθαι
1570 940 1729 995 αὐτόν
1747 954 1762 971 ⁶

183 1042 403 1102 ὑπενόει
433 1042 563 1109 γὰρ,
604 1042 675 1109 μή
706 1055 787 1101 τις
816 1038 924 1089 τῶν
954 1034 1319 1104 διαφερόντων
1345 1035 1493 1104 αὐτῷ
1525 1030 1768 1104 ὲπιδὼσῃ

182 1152 229 1185 τι
262 1133 415 1202 αὐτῷ
450 1134 509 1183 το
565 1128 860 1200 διαθρέψαι
913 1127 1075 1182 αὑτὸν
1124 1126 1441 1194 δυνάμενον,
1501 1123 1709 1192 ἀγνοῶν
1738 1124 1767 1174 6

181 1224 385 1286 ἄθλιος,
418 1224 500 1275 ὅτι
534 1225 654 1275 Οὐκ
685 1219 950 1287 ἐπ’ἆρτῳ
967 1220 1131 1288 μόνῳ
1148 1217 1384 1278 ζήσεται
1429 1216 1763 1283 ἄνθρωπος,

185 1315 321 1368 ἀλλ’
345 1314 445 1367 ἐπὶ
476 1312 655 1366 παντὶ
686 1311 911 1382 ,ῥήματι
942 1308 1400 1378 ἐκπορευομένῳ
1426 1309 1521 1363 διὰ
1550 1310 1770 1376 στόμα-

185 1427 288 1472 τος
317 1408 493 1462 Θεοῦ.
529 1410 584 1461 Ὀ
608 1409 663 1461 δὲ
682 1408 834 1475 ἅγιος
864 1406 1082 1459 Πλάτων
1105 1405 1357 1473 ἐποίησεν
1383 1405 1438 1455 ὲν
1462 1406 1528 1475 τῇ
1552 1403 1765 1473 φυλακῇ

181 1498 565 1551 ὀκτωκαίδεκα
593 1498 807 1567 ἡμέρας
838 1511 851 1526 ⁸
886 1495 979 1548 καὶ
1010 1495 1095 1547 ἵνα
1128 1494 1387 1567 πληρωθῇ
1420 1494 1479 1545 τὸ
1516 1510 1769 1563 γεγραμ-

184 1592 374 1661 μένον,
427 1592 509 1643 ὅτι
554 1590 616 1642 '0
662 1588 891 1654 δίκαιος
932 1588 1000 1643 ἐκ
1049 1588 1307 1653 πίστεως
1357 1586 1620 1654 ζήσεται,
1670 1586 1771 1639 οὐκ

181 1682 454 1749 ἠθέλησεν
491 1678 643 1747 παρὰ
670 1677 761 1731 τοῦ
790 1677 1229 1747 κομενταρησίου
1254 1677 1416 1744 ἄρτον
1441 1675 1473 1745 ἡ
1507 1674 1651 1746 ὕδωρ
1677 1676 1773 1729 λα-

180 1771 318 1823 ὀιῖν.
346 1769 503 1840 ’ῌδει
525 1769 630 1839 γὰρ
653 1772 681 1820 6
701 1769 777 1840 τῷ
809 1767 1007 1838 Δανιὴλ
1036 1770 1091 1820 ὲν
1120 1767 1267 1837 μέσῳ
1303 1767 1531 1819 λεόντων
1566 1766 1772 1837 τροφὴν

177 1862 533 1926 ἀποστείλας,
560 1861 718 1923 αὐτὸς
746 1860 841 1913 καὶ
865 1859 1024 1913 αὑτὸν
1048 1861 1103 1911 ἐν
1130 1863 1195 1929 τῇ
1230 1860 1442 1929 φυλακῇ
1472 1858 1770 1929 διαθρέψει.

192 1955 279 2015 Ὠς
308 1954 363 2005 δὲ
397 1954 448 2005 οἱ
477 1952 711 2021 φύλακες
744 1950 1034 2021 ἐθεώρουν,
1070 1949 1296 2020 μηδενὸς
1325 1949 1511 2002 τοῦτον
1540 1952 1773 2019 γευόμεο

180 2062 288 2104 νον,
312 2042 685 2104 δειλιάσαντες
718 2041 791 2111 μὴ
813 2038 1084 2111 διαφθαρῇ
1130 2039 1233 2091 ὑπὸ
1261 2039 1353 2091 τοῦ
1383 2037 1568 2109 λιμοῦ,
1604 2057 1776 2110 παρε-

180 2134 387 2187 κάλουν
435 2132 597 2186 αὑτὸν
657 2133 952 2201 λέγοντες⁶
1003 2134 1170 2200 Φάγε,
1204 2129 1483 2201 ἄνθρωπε,
1544 2132 1618 2202 μή
1660 2150 1779 2196 πως

182 2227 632 2297 κινδυνεύσωμεν
655 2228 814 2296 ἡμεῖς
842 2224 935 2279 σοῦ
958 2224 1187 2296 μηδενὸς
1206 2224 1450 2287 θέλοντος
1472 2224 1775 2291 γεύσασθαι

181 2315 288 2367 τῶν
325 2316 793 2384 προσσερομένων
827 2331 910 2366 σοι
942 2315 1072 2383 παρ’
1099 2313 1271 2382 ᾐμῶν.
1321 2312 1380 2365 '0
1406 2313 1460 2366 δὲ
1503 2312 1775 2385 μακάριος

184 2407 414 2460 Πλάτων
475 2402 661 2459 εἶπενο
715 2406 806 2476 Μὴ
861 2406 1142 2477 νομίσητε,
1182 2399 1225 2459 ὦ
1278 2404 1491 2476 ἄνδρες,
1541 2405 1621 2458 ὅτι
1665 2403 1776 2472 ἐγὼ

184 2500 498 2567 τελευτήσω
546 2498 739 2569 τούτου
771 2497 934 2568 χάριν
965 2499 1058 2551 τοῦ
1112 2498 1185 2567 μὴ
1219 2497 1391 2550 θέλειν
1424 2497 1630 2551 ἐσθίειν
1674 2513 1773 2564 με’

186 2594 333 2663 ὑμᾶς
364 2593 477 2663 γὰρ
502 2590 690 2662 τρέφει
718 2592 903 2661 ἄρτος,
930 2590 1026 2657 ἐμὲ
1055 2589 1111 2641 δὲ
1142 2590 1297 2655 λόγος
1322 2588 1572 2657 ἀληθινὸς
1596 2589 1778 2658 διαμέ-

184 2704 291 2738 νων
317 2686 399 2745 είς
429 2685 601 2739 αἰῶνα
623 2683 816 2742 αἰῶνος
842 2697 854 2711 ·
886 2681 975 2733 καὶ
1004 2681 1145 2750 ὑμᾶς
1177 2679 1275 2749 μὲν
1308 2680 1561 2749 χορτάζει
1583 2683 1773 2751 κρέας,

183 2778 285 2845 ἐμὲ
321 2778 375 2829 δὲ
418 2777 573 2846 εὐχή.
613 2774 785 2844 ’Υμᾶς
820 2772 1101 2844 εὐφραίνει
1135 2766 1409 2840 οἷνος,ἐμὲ
1434 2771 1490 2824 δὲ
1518 2773 1772 2841 Χριστὸς,

185 2868 219 2937 ἡ
262 2867 495 2937 ἀληθινὴ
559 2865 652 2917 τοῦ
697 2865 933 2934 ἀοράτου
1004 2863 1212 2934 Πατρὸς
1268 2862 1528 2932 ἄμπελος.
1590 2863 1775 2933 Ὑμεῖς

187 2959 531 3027 ςτροσὸοκᾶτε
573 2955 791 3009 ἔπαινον
838 2953 989 3024 παρά
1019 2953 1323 3024 ἀνθρώπων
1354 2953 1627 3019 ἀκοῦσαι,
1668 2953 1776 3021 ιγὼ

184 3050 239 3103 δὲ
266 3049 454 3117 φωνὴν
485 3048 821 3118 Δεσποτικὴν
853 3047 993 3100 κατὰ
1022 3048 1118 3117 τὴν
1143 3046 1356 3116 ἡμέραν
1390 3048 1491 3115 τῆς
1522 3046 1775 3116 κρίσεως,

186 3140 310 3211 μάθ’
344 3140 413 3208 ἦν
445 3139 562 3207 ἐρεῖ
608 3140 635 3190 6
688 3129 986 3208 Ᾰυτρωτὴς
1049 3136 1143 3187 τοῦ
1206 3138 1414 3201 κόσμου
1474 3137 1712 3204 Χριστός
1761 3152 1776 3167 ⁶

1870 664 2182 718 ministrant
2216 681 2229 715 :
2267 671 2319 715 et
2370 662 2690 719 liberaberis
2724 678 2754 717 ιι
2788 664 3047 734 gravibus
3127 667 3433 731 tormentis,

1867 768 1987 822 quae
2017 764 2067 807 te
2091 752 2503 807 circunsistunt.
2539 751 2663 805 llmc
2688 767 2811 806 cum
2841 752 3090 819 dixisset,
3122 756 3283 824 jussit
3308 774 3435 812 eum

1871 844 2135 897 reduciin
2172 843 2498 906 custodiam,
2549 844 2751 910 jubens
2794 849 3273 903 commentariensi
3304 866 3443 919 quo-

1871 936 1999 995 tidie
2031 939 2082 992 ci
2111 938 2236 991 dare
2264 938 2474 992 unciam
2501 940 2658 1007 panis
2694 948 2748 995 et
2777 952 2963 1010 potum
2993 956 3205 1011 aquam,
3226 952 3278 998 et
3310 960 3440 1016 pro-

1871 1030 2065 1085 bibens
2085 1045 2151 1083 ne
2167 1029 2233 1084 ab
2258 1030 2364 1082 ullo
2386 1029 2692 1083 videretur.
2711 1030 3017 1086 Verebatur
3035 1031 3203 1093 enim,
3226 1048 3293 1085 ne
3311 1033 3436 1098 quis

1871 1137 1935 1177 ex
1964 1122 2031 1176 iis
2066 1122 2158 1191 qui
2188 1122 2253 1177 ad
2288 1123 2465 1190 ipsum
2501 1122 2810 1176 attinebant
2837 1122 2886 1177 ei
2928 1123 3082 1177 daret
3119 1123 3376 1177 alimenta
3420 1141 3435 1180 :

1873 1217 2128 1286 ignorans
2157 1214 2378 1277 stultus,
2397 1214 2539 1283 quod
2570 1212 2691 1267 Non
2720 1216 2769 1266 in
2798 1214 2910 1267 solo
2939 1230 3073 1282 pane
3115 1214 3233 1268 vivit
3268 1216 3443 1278 homo,

1873 1308 1968 1362 sed
2013 1310 2066 1363 in
2098 1308 2238 1361 omni
2264 1308 2413 1360 verba
2457 1310 2594 1376 quod
2654 1309 2758 1360 exit
2816 1323 2908 1375 per
2958 1324 3014 1359 os
3061 1306 3154 1360 Dei
3183 1306 3243 1359 ’⁸.
3298 1306 3442 1360 San-

1872 1413 1991 1457 ctus
2020 1411 2204 1457 autem
2254 1402 2406 1456 Plato
2439 1401 2704 1470 transegit
2749 1401 2936 1455 decem
2982 1409 3036 1453 et
3069 1409 3194 1455 octo
3227 1400 3345 1454 dies
3380 1400 3435 1453 in

1872 1494 2141 1558 custodia,
2167 1504 2222 1549 et
2248 1502 2306 1547 ut
2338 1494 2390 1546 in
2428 1493 2547 1561 ipso
2578 1507 2792 1561 quoque
2831 1491 3152 1559 impleretur
3198 1490 3254 1544 id
3294 1489 3442 1561 quod

1875 1588 2137 1657 scriptum
2171 1596 2287 1641 est:
2324 1586 2504 1640 Justus
2531 1601 2594 1639 ea:
2629 1585 2731 1653 ﬁde
2761 1587 2893 1638 vivet
2926 1586 2995 1648 ",
3030 1584 3207 1639 noluit
3239 1600 3269 1639 a
3291 1598 3445 1639 com-

1875 1679 2233 1735 mentariensi
2265 1694 2464 1750 panem
2491 1676 2718 1733 omnino
2774 1688 2869 1732 aut
2930 1693 3126 1748 aquam
3173 1679 3443 1746 accipere.

1875 1771 2280 1838 Sciebatenim,
2312 1772 2458 1841 quod
2486 1771 2578 1841 qui
2609 1770 2816 1825 Danieli
2838 1770 2985 1826 misit
3016 1771 3442 1835 nutrimentum,

1877 1861 1969 1931 qui
1998 1870 2117 1916 erat
2147 1861 2202 1915 in
2240 1861 2422 1916 medio
2482 1861 2699 1916 leonum
2732 1861 2799 1924 ³⁸,
2835 1862 2952 1931 ipse
2992 1862 3169 1932 ipsum
3229 1878 3447 1932 quoque

1880 1953 2082 2007 nutriet
2144 1953 2199 2007 in
2274 1954 2543 2009 custodia.
2600 1951 2893 2021 Postquam
2946 1963 3127 2008 autem
3191 1956 3446 2009 custodes

1878 2058 2003 2098 eum
2054 2042 2311 2102 viderunt
2344 2043 2483 2096 nihil
2546 2058 2788 2109 sumere,
2845 2043 3002 2097 veriti
3028 2058 3096 2097 ne
3140 2043 3388 2099 interiret
3417 2059 3448 2097 a

1882 2134 2043 2203 fame,
2066 2150 2187 2191 eum
2214 2135 2857 2199 hortabantur,dicentes
2884 2133 3177 2200 :Comede,
3203 2149 3236 2190 ο
3260 2134 3450 2197 homo,

1878 2240 1949 2278 nc
1974 2225 2115 2279 forte
2150 2224 2433 2278 veniamus
2469 2224 2522 2277 in
2569 2223 2895 2291 pericuium,
2927 2223 2971 2277 si
3006 2232 3064 2278 tu
3094 2224 3239 2279 notis
3291 2224 3452 2291 quid-

1879 2331 2041 2389 quam
2097 2325 2315 2389 gustare
2355 2330 2544 2370 eorum
2578 2330 2698 2384 qua:
2747 2315 2842 2369 tibi
2875 2330 2903 2367 a
2938 2315 3094 2369 nobis
3118 2314 3448 2371 oﬂeruntur.

1882 2408 2079 2465 Beatus
2109 2418 2291 2462 autem
2316 2407 2469 2462 Plato
2503 2406 2673 2461 dixit:
2704 2404 2783 2460 Nc
2808 2403 3154 2471 existimetis,
3176 2422 3208 2462 ο
3231 2405 3453 2465 fratres.

1882 2514 1968 2554 me
2020 2498 2347 2553 moriturum
2405 2505 2713 2565 propterea,
2780 2497 2924 2564 quod
2992 2512 3098 2551 non
3151 2498 3451 2552 comedam.

1883 2588 1988 2644 Vos
2012 2589 2156 2643 enim
2190 2588 2364 2642 nutrit
2392 2588 2572 2657 panis,
2622 2602 2709 2641 me
2731 2599 2911 2647 autem
2939 2589 3166 2645 verbum
3205 2587 3299 2643 Dei
3324 2606 3452 2659 per—

1880 2695 2111 2734 manens
2143 2678 2199 2735 in
2228 2689 2495 2733 aeternum
2520 2696 2533 2732 :
2560 2686 2614 2732 et
2638 2694 2733 2733 vos
2757 2680 2977 2742 quidem
3010 2681 3210 2734 satiant
3236 2696 3453 2745 carnes.

1882 2786 1968 2826 me
2002 2780 2184 2826 autem
2216 2786 2367 2840 purae
2399 2785 2611 2840 preces.
2658 2770 2766 2825 Vos
2813 2770 3050 2829 laetiﬁcat
3104 2772 3310 2838 vinum,
3367 2788 3454 2828 me

1882 2870 2065 2914 autem
2097 2859 2373 2925 Christus,
2410 2876 2537 2914 vera
2587 2861 2713 2915 \itis
2756 2860 2954 2927 Patris,
2999 2862 3091 2931 qui
3137 2879 3247 2918 non
3308 2862 3458 2919 cadit

1882 2951 1984 3006 sub
2024 2962 2330 3020 aspectum.
2371 2950 2477 3006 Vos
2518 2954 2855 3023 exspectatis
2891 2954 3082 3010 audire
3140 2954 3359 3012 laudem
3383 2956 3454 3010 ab

1882 3042 2196 3102 hominibus
2231 3060 2243 3095 :
2273 3058 2373 3112 ego
2404 3052 2587 3098 autem
2648 3060 2837 3100 vocem
2890 3045 3227 3101 Dominicam
3266 3047 3321 3102 in
3367 3048 3459 3104 die

1878 3134 2095 3203 judicii,
2121 3150 2228 3205 qua
2252 3135 2394 3189 dicet
2422 3135 2753 3206 Redemptor
2778 3138 2966 3192 mundi
2997 3138 3249 3194 Christus
3284 3159 3298 3195 :
3358 3138 3459 3195 Ve-

186 3229 393 3295 Δείττε,
421 3232 473 3282 οἱ
507 3228 903 3298 εὐλογημένοι
954 3226 1061 3281 τοῦ
1099 3226 1326 3294 Πατρός
1353 3243 1508 3295 μουσ
1544 3230 1755 3295 mimic-

1885 3226 2011 3292 nite,
2062 3226 2316 3280 benedicti
2342 3227 2519 3282 Patris
2563 3229 2683 3287 mei.
2723 3229 2978 3298 possidete
3034 3241 3283 3302 paratum
3316 3232 3458 3288 vobis

187 3325 504 3393 ιὀμήσατε
571 3322 684 3391 τὴν
748 3321 1202 3392 ἡτοιμααμενην
1258 3318 1402 3389 ὑμῖν
1443 3319 1773 3385 ,βασιλείαν

187 3417 309 3470 ἀπὸ
366 3415 709 3483 καταϐολῆς
744 3416 999 3485 κόσμου.

262 3509 521 3564 Κ⁹.Μετ5ι
554 3508 608 3559 δὲ
634 3506 849 3578 ἡμέρας
878 3502 1029 3571 τινάς
1062 3511 1402 3579 προκαθίσας
1430 3514 1457 3565 6
1493 3514 1779 3583 Ἀγριππῖ-

188 3617 278 3661 νος
326 3603 386 3650 ἰν
435 3600 503 3669 τῇ
559 3596 837 3666 βασιλικῇ,
880 3598 1165 3652 ἐκέλευσεν
1214 3603 1447 3672 ἀχθῆναι
1476 3606 1568 3661 τὸν
1619 3605 1773 3671 ἅγιον

193 3692 486 3745 Πλάτωνα.
538 3690 819 3760 Ἀχθέντος
846 3689 906 3743 δὲ
948 3692 1135 3759 αὑτοῦ,
1188 3689 1339 3747 εἶπεν
1385 3696 1521 3766 πρὸς
1571 3697 1735 3750 αὐτόν
1762 3712 1774 3727 ·

193 3784 461 3854 Ιιείσθητί
507 3802 597 3854 μοι
644 3784 856 3849 λοιπὸν,
908 3786 1003 3838 καὶ
1034 3784 1197 3839 θῦσον
1225 3790 1337 3852 τοῖς
1384 3787 1546 3855 θεοῖς,
1596 3792 1691 3844 καὶ
1721 3792 1781 3844 τὸ

194 3879 385 3939 κακῶς
408 3878 705 3932 ἀποθανεῖν
738 3878 1028 3949 κέρδησον.
1074 3879 1131 3932 Ὀ
1164 3880 1317 3949 ἅγιος
1338 3882 1561 3937 Πλάτων
1588 3879 1739 3936 εἶπεν
1763 3898 1777 3914 °

205 3972 365 4041 Ἐμοὶ
388 3971 450 4023 τὸ
480 3970 580 4042 ζῇν
610 3970 843 4041 Χριστὸς
867 3970 1037 4022 καὶτὸ
1064 3972 1360 4025 ἀποθανεῖν
1390 3975 1598 4041 κέρδος.
1632 3976 1781 4028 Ποίει

194 4062 288 4123 ὠν
323 4064 384 4114 ἐν
412 4061 569 4131 τάχει
600 4064 679 4125 είς
715 4061 814 4130 ἐμὲ
844 4060 872 4113 ὂ
895 4060 1109 4130 βούλει”
1130 4062 1251 4131 ἐγὼ
1267 4067 1373 4136 γὰρ
1409 4066 1468 4119 o6
1496 4065 1607 4120 θύω
1632 4067 1784 4121 εἰδώ-

195 4153 311 4217 λοις
341 4154 599 4223 ἀψύχοις.
622 4153 756 4206 Τότε
798 4153 921 4207 ἰδὼν
944 4155 1005 4207 τὸ
1037 4157 1370 4226 ἀμετάθετον
1416 4158 1516 4229 τῆς
1545 4161 1783 4227 πίστεως

199 4245 395 4311 αὐτοῦ,
436 4246 640 4300 ἔδωκεν
672 4247 945 4318 ἀπόφασιν
981 4247 1102 4301 κατ’
1136 4250 1323 4316 αὑτοῦ,
1356 4252 1444 4304 ἵνα
1482 4255 1775 4326 ἀποτμηθῇ

196 4339 412 4409 κεφαλὴ
438 4337 627 4393 αὑτοῦ.
656 4338 924 4403 Λαϐόντες
949 4338 1004 4391 δὲ
1028 4339 1191 4395 αὑτὸν
1207 4342 1252 4392 oi
1275 4340 1481 4411 δήμιοι,
1500 4344 1785 4415 ἀπήγαγον

198 4431 303 4496 ἔξω
322 4431 423 4501 τῆς
443 4429 653 4493 πόλεως
672 4432 728 4484 ὲν
751 4430 829 4500 τῷ
846 4431 997 4501 τόπῳ
1020 4432 1393 4505 ἐπιλεγομένῳ
1410 4436 1652 4507 ξίάμπῳ,
1676 4437 1787 4491 Καὶ

208 4525 340 4586 στὰς
372 4526 400 4575 6
434 4522 589 4588 ἆγιος
611 4521 819 4591 μάρτυς
844 4524 1217 4595 παρεκάλεσεν
1242 4526 1333 4579 τὸν
1358 4529 1787 4601 σπεκουλάτορα,

199 4613 339 4667 ὥστε
382 4612 628 4667 ἐνδοῦναι
661 4614 810 4683 αὐτῷ
846 4616 1271 4689 προσεύξασθαι,
1293 4622 1385 4675 καὶ
1414 4620 1626 4689 ἐπάρας
1663 4624 1787 4685 τοὺς

197 4705 515 4778 ὀφθαλμοὺς
536 4704 703 4758 αὐτοῦ
728 4707 805 4770 είς
825 4708 917 4762 τὸν
938 4710 1187 4782 οὐρανὸν,
1205 4712 1356 4765 εἶπεν
1372 4729 1387 4744 ·
1415 4713 1584 4784 Κύριε
1608 4715 1786 4785 Ἰησοῦ

202 4801 427 4872 Χριστὲ,
458 4798 752 4869 πρόσδεξαι
775 4800 832 4852 ὲν
857 4801 1051 4875 εἰρήνῃ
1075 4802 1175 4879 τὴν
1193 4803 1372 4876 ψυχήν
1397 4822 1497 4877 μου
1527 4822 1539 4835 ·
1567 4808 1660 4861 χαί
1691 4810 1786 4862 ὲκ.

202 4892 385 4955 τείνας
409 4891 502 4945 τὸν
526 4891 724 4946 ἑαυτοῦ
749 4894 1041 4967 τράχηλον,
1073 4891 1225 4950 εἶπεν
1249 4898 1326 4969 τῷ
1354 4900 1751 4972 σπεκουλάτορι
1771 4918 1783 4931 ⁸

206 4982 355 5034 Ποίει
378 4981 441 5033 τὸ
460 4982 805 5052 προσταχθέν
835 5001 937 5037 σοι.
977 4983 1110 5037 Τότε
1141 4987 1168 5037 6
1206 4990 1594 5061 σπεκουλάτωρ
1626 4990 1789 5065 κρού-

210 5089 306 5135 σας
333 5072 505 5125 αὑτὸν
528 5072 616 5140 τῷ
634 5070 798 5142 ξίφει,
824 5075 1099 5145 ἀπέτεμεν
1124 5076 1287 5131 αὑτοῦ
1310 5077 1407 5151 τὴν
1430 5082 1670 5152 κεφαλὴν
1695 5085 1791 5137 καὶ

207 5167 531 5237 παρέδωκεν
553 5163 614 5217 τὸ
633 5166 847 5236 πνεῦμα
863 5168 1028 5222 αύτοῦ
1052 5168 1125 5239 τῷ
1142 5160 1351 5243 Κυρίῳ.
1375 5174 1446 5227 T6
1465 5175 1520 5227 δὲ
1542 5174 1791 5244 λείψανον

206 5257 300 5311 τοῦ
362 5259 527 5327 ἁγίου
588 5259 680 5311 καὶ
730 5262 1360 5330 μακαρίουνῐιλάτωνος
1420 5264 1675 5335 λαόόντες
1740 5268 1791 5320 oi

210 5351 539 5422 Χριστιανοὶ
572 5350 866 5405 κατέθεντο
889 5356 944 5406 ἐν
970 5353 1048 5443 τῷ
1074 5355 1223 5426 αύτῷ
1253 5357 1424 5435 τόπῳ.
1471 5358 1789 5431 Ἐτελειώθη

210 5442 266 5495 δὲ
300 5445 327 5495 6
364 5440 522 5516 ἅγιος
548 5442 774 5517 Πλάτων
808 5442 940 5514 μηνὶ
970 5440 1263 5523 Νοεμϐρίῳ
1296 5455 1385 5518 ιη’,
1413 5448 1789 5518 βασιλεύοντος

211 5535 303 5591 τοῦ
347 5535 560 5607 Κυρίου
602 5534 757 5613 ἡμῶν
818 5538 993 5608 Ἰησοῦ
1037 5540 1301 5611 Χριστοῦ,
1348 5536 1391 5612 ᾧ
1434 5544 1466 5613 ἡ
1521 5542 1648 5609 δόξα
1695 5544 1791 5596 καὶ

211 5627 271 5681 τι
312 5626 518 5697 κράτος
566 5622 667 5675 νῦν
716 5627 810 5679 καὶ
854 5630 934 5693 εἰς
984 5630 1109 5694 τοὺς
1159 5632 1361 5696 αίῶνας
1410 5631 1516 5687 τῶν
1557 5630 1787 5690 αἰώνων.

222 5725 416 5797 ’Δμήνο

314 5842 357 5873 ’⁸
391 5842 683 5900 Deut.vnt,
716 5838 778 5901 ὃς
812 5835 1000 5892 Matth.
1034 5840 1181 5905 ιν,4.

211 5912 299 5967 Η.
410 5910 786 5976 “Pliilipp.-t,
846 5908 940 5960 21.

541 6004 813 6061 ιἈτιιοι.
863 6001 908 6057 C
923 6018 977 6057 ιι.
1027 5997 1201 6056 CXV.

1293 5842 1334 5874 ¹⁹
1371 5841 1573 5899 Habac.
1603 5859 1659 5909 ιι,
1706 5845 1769 5907 4;
1802 5842 1965 5897 Hebr.
1998 5860 2048 5904 κ,
2081 5844 2168 5896 38.

1887 3333 2103 3388 regnum
2127 3326 2249 3375 ante
2284 3321 2465 3373 mundi
2493 3321 2916 3375 constitutionem
2940 3323 3004 3377 “.

1953 3518 2071 3575 XX.
2111 3518 2373 3575 Postdies
2400 3530 2583 3573 autem
2618 3520 2827 3590 aliquot
2862 3519 3165 3590 priesidens
3198 3520 3455 3592 Agrippi-

1884 3630 1985 3670 nus
2018 3615 2069 3668 in
2108 3614 2351 3679 basilica,
2380 3614 2547 3683 jussit
2569 3625 2817 3670 sanctum
2853 3614 3139 3669 Platonem
3176 3614 3246 3667 ad
3276 3615 3456 3683 ipsum

1884 3706 2009 3761 duci
2036 3722 2065 3760 e
2099 3706 2367 3759 custodia.
2395 3705 2532 3760 Cum
2560 3716 2741 3759 autem
2766 3707 2964 3759 ductus
2994 3715 3163 3770 esset,
3196 3706 3330 3761 dicit
3371 3705 3456 3765 ei:

1882 3798 2021 3853 Pare
2050 3797 2180 3851 mihi
2216 3799 2281 3852 de
2311 3806 2531 3863 caetero,
2592 3806 2649 3852 et
2696 3797 2801 3853 diis
2831 3798 3103 3862 sacriﬁca,
3139 3798 3457 3863 etlucrare,

1886 3908 1954 3947 ne
1979 3894 2119 3947 male
2169 3890 2447 3947 moriaris.
2510 3890 2655 3947 Dixit
2697 3903 2919 3947 sanctus
2966 3892 3120 3947 Plato
3166 3910 3179 3946 :
3221 3890 3350 3945 Mihi
3377 3892 3460 3947 vi-

1887 4000 2036 4049 vere,
2079 3984 2332 4038 Christus
2363 4001 2376 4036 :
2405 3993 2460 4037 et
2488 3999 2587 4053 pro
2622 3986 2749 4053 ipso
2789 3986 2951 4049 mori,
2996 3995 3051 4039 et
3080 3987 3293 4039 lucrum
3326 3984 3371 4016 "
3405 3993 3463 4037 et

1885 4073 2206 4148 gloria.Fac
2230 4089 2362 4146 ergo
2392 4073 2529 4129 mihi
2577 4073 2712 4135 cito,
2749 4073 2895 4141 quod
2949 4074 3109 4137 velis,
3160 4089 3261 4145 ego
3308 4073 3458 4129 enim

1888 4184 2171 4240 nunquam
2231 4167 2554 4223 sacriﬁcabo
2606 4165 2916 4223 simulacris
2947 4164 3231 4222 inanimis.
3303 4166 3460 4219 Tunc

1888 4277 2014 4318 cum
2044 4262 2271 4315 vidisset
2298 4259 2629 4331 Agrippinus
2668 4257 2829 4311 tidem
2875 4259 2996 4327 ejus
3040 4255 3458 4323 immutabilem,

1890 4354 2016 4409 tulit
2041 4353 2100 4407 in
2129 4369 2254 4409 eum
2294 4350 2649 4412 sententiam,
2688 4356 2749 4403 ut
2774 4358 2939 4418 caput
2965 4346 3014 4401 ei
3047 4355 3457 4416 amputaretur.

1891 4446 2026 4502 Cum
2067 4460 2195 4516 ergo
2242 4458 2370 4498 eum
2412 4441 2759 4514 accepissent
2814 4441 3060 4506 lictores,
3114 4440 3465 4500 abduxerunt

1893 4547 2047 4593 extra
2070 4536 2354 4591 civitatem
2391 4534 2445 4587 in
2470 4533 2611 4598 loco,
2639 4533 2732 4601 qui
2767 4543 2991 4587 vocatur
3014 4533 3273 4604 Campus.
3299 4533 3464 4590 Stans

1892 4638 2076 4683 autem
2106 4635 2328 4679 sanctus
2370 4630 2599 4695 martyr,
2621 4625 2831 4695 rogavit
2858 4623 3276 4694 spiculatorem,
3314 4634 3375 4678 ut
3413 4625 3466 4685 ei

1895 4731 2084 4788 parum
2104 4715 2260 4786 spatii
2283 4716 2618 4772 concederet
2642 4716 2709 4771 ad
2739 4716 3029 4770 orandum.
3086 4716 3191 4783 Qui
3235 4717 3465 4773 sublatis

1892 4811 1950 4866 in
1982 4810 2181 4867 cmlum
2207 4808 2322 4867 suis
2343 4810 2538 4875 oculis,
2563 4808 2852 4863 Dominum
2875 4809 3070 4873 oravit,
3092 4810 3281 4866 dicens
3310 4828 3322 4865 :
3350 4812 3465 4882 Ago

1894 4902 1993 4959 tibi
2027 4904 2249 4976 gratias,
2282 4901 2513 4955 Domine
2544 4899 2676 4956 Jesu
2691 4898 2935 4965 Christe,
2962 4902 3107 4972 quod
3147 4912 3341 4957 sancto
3368 4910 3463 4955 tuo

1893 4998 2118 5053 nomine
2176 4992 2462 5065 protexiati
2502 5008 2590 5048 me
2652 5008 2875 5048 servum
2922 5002 3099 5057 tuum,
3158 5001 3215 5049 et
3266 4991 3462 5047 dedisti

1892 5083 2028 5143 mihi
2056 5084 2314 5155 gratiam,
2345 5091 2407 5137 ut
2441 5082 2683 5153 perfecte
2730 5096 2951 5137 cursum
3002 5080 3328 5144 conﬁcerem
3364 5096 3464 5151 pro

1894 5187 1945 5233 te
1986 5174 2224 5245 suscepti
2249 5174 2591 5231 certaminis.
2647 5174 2715 5229 Et
2752 5190 2899 5236 nunc
2944 5187 3074 5245 rogo
3112 5161 3186 5238 te,
3245 5174 3463 5243 suscipe

1893 5269 1947 5323 in
1976 5284 2107 5339 pace
2161 5269 2400 5323 animam
2427 5282 2607 5323 meam
2634 5284 2648 5320 :
2673 5266 2936 5337 quoniam
2964 5282 3026 5324 es
3052 5266 3380 5323 benedictus
3406 5269 3463 5332 in

1894 5361 2111 5417 saecula.
2136 5361 2333 5416 Amen.
2363 5359 2519 5415 Tunc
2548 5374 2671 5413 cum
2699 5358 2901 5416 collum
2940 5374 3100 5414 suum
3124 5358 3465 5424 extendisset

1894 5453 2029 5508 dixit
2081 5453 2399 5524 spiculatori
2434 5471 2447 5505 :
2483 5451 2590 5507 Fac
2648 5451 2861 5515 amice,
2924 5449 2977 5505 id
3022 5450 3168 5521 quod
3214 5450 3316 5507 fuit
3367 5452 3464 5511 tibi

1897 5548 2244 5617 imperatum.
2261 5544 2569 5617 Spiculator
2589 5553 2773 5599 autem
2793 5557 2917 5597 eum
2936 5541 3117 5614 gladio
3132 5544 3465 5615 percutiens,

1898 5639 2128 5698 abscidit
2177 5638 2296 5708 ejus
2357 5646 2610 5692 sanctum
2644 5646 2809 5706 caput
2851 5649 2867 5690 :
2908 5645 2964 5692 et
2998 5636 3181 5691 statim
3239 5636 3468 5692 tradidit

1900 5732 2130 5787 Domino
2166 5746 2324 5786 suum
2354 5730 2629 5799 spiritum.
2659 5728 2918 5785 Pretiosa:
2962 5739 3144 5785 autem
3172 5738 3225 5784 et
3262 5738 3469 5785 sancta:

2284 5842 2328 5872 ’°
2364 5841 2501 5896 Dan.
2542 5841 2763 5906 “v.32.
2800 5858 2957 5911 seqq.
3065 5844 3104 5873 "
3135 5840 3323 5902 Matth.
3347 5859 3468 5899 xxv.

3082 6002 3149 6060 14
