  <div class='ocr_page' id='page_1' title='image "/cluster/home/n/w/nwhite01/storage/ocr_20150623/115/uva.x004215515/239.png"; bbox 0 0 4180 6490; ppageno 0'>
   <div class='ocr_carea' id='block_1_1' title="bbox 744 415 847 476">
    <p class='ocr_par' dir='ltr' id='par_1_1' title="bbox 744 415 847 476">
     <span class='ocr_line' id='line_1_1' title="bbox 744 415 847 476; baseline 0.019 -2"><span class='ocrx_word' id='word_1_1' title='bbox 744 415 847 476; x_wconf 71' lang='grc'><strong>427</strong></span> 
     </span>
    </p>
   </div>
   <div class='ocr_carea' id='block_1_2' title="bbox 2067 422 2683 488">
    <p class='ocr_par' dir='ltr' id='par_1_2' title="bbox 2067 422 2683 488">
     <span class='ocr_line' id='line_1_2' title="bbox 2067 422 2683 488; baseline 0.005 -6"><span class='ocrx_word' id='word_1_2' title='bbox 2067 422 2349 483; x_wconf 81' lang='lat' dir='ltr'><strong>MENSIS</strong></span> <span class='ocrx_word' id='word_1_3' title='bbox 2388 424 2683 488; x_wconf 76' lang='lat' dir='ltr'><strong>IULIUS.</strong></span> 
     </span>
    </p>
   </div>
   <div class='ocr_carea' id='block_1_3' title="bbox 3895 422 3998 483">
    <p class='ocr_par' dir='ltr' id='par_1_3' title="bbox 3895 422 3998 483">
     <span class='ocr_line' id='line_1_3' title="bbox 3895 422 3998 483; baseline 0.019 -2"><span class='ocrx_word' id='word_1_4' title='bbox 3895 422 3998 483; x_wconf 69' lang='lat'><strong>4‘28</strong></span> 
     </span>
    </p>
   </div>
   <div class='ocr_carea' id='block_1_4' title="bbox 744 531 4002 612">
    <p class='ocr_par' dir='ltr' id='par_1_4' title="bbox 744 531 4002 612">
     <span class='ocr_line' id='line_1_4' title="bbox 744 531 4002 612; baseline 0.001 -27"><span class='ocrx_word' id='word_1_5' title='bbox 744 531 885 585; x_wconf 83' lang='lat' dir='ltr'><strong>beati</strong></span> <span class='ocrx_word' id='word_1_6' title='bbox 927 531 1168 587; x_wconf 73' lang='lat' dir='ltr'><strong>Platonis</strong></span> <span class='ocrx_word' id='word_1_7' title='bbox 1205 534 1448 605; x_wconf 80' lang='lat' dir='ltr'><strong>reliquiae</strong></span> <span class='ocrx_word' id='word_1_8' title='bbox 1485 544 1720 606; x_wconf 65' lang='lat' dir='ltr'><strong>acceptae</strong></span> <span class='ocrx_word' id='word_1_9' title='bbox 1771 553 1800 590; x_wconf 88' lang='lat' dir='ltr'><strong>a</strong></span> <span class='ocrx_word' id='word_1_10' title='bbox 1848 536 2204 599; x_wconf 88' lang='lat' dir='ltr'><strong>Christianis,</strong></span> <span class='ocrx_word' id='word_1_11' title='bbox 2241 537 2500 608; x_wconf 74' lang='lat' dir='ltr'><strong>depositae</strong></span> <span class='ocrx_word' id='word_1_12' title='bbox 2554 539 2779 595; x_wconf 88' lang='lat' dir='ltr'><strong>fuerunt</strong></span> <span class='ocrx_word' id='word_1_13' title='bbox 2817 540 2876 596; x_wconf 79' lang='lat' dir='ltr'><strong>in</strong></span> <span class='ocrx_word' id='word_1_14' title='bbox 2908 540 3102 597; x_wconf 90' lang='lat' dir='ltr'><strong>eodem</strong></span> <span class='ocrx_word' id='word_1_15' title='bbox 3135 542 3277 606; x_wconf 92' lang='lat' dir='ltr'><strong>loco,</strong></span> <span class='ocrx_word' id='word_1_16' title='bbox 3346 543 3440 612; x_wconf 85' lang='lat' dir='ltr'><strong>qui</strong></span> <span class='ocrx_word' id='word_1_17' title='bbox 3488 541 3691 598; x_wconf 89' lang='lat' dir='ltr'><strong>dicitur</strong></span> <span class='ocrx_word' id='word_1_18' title='bbox 3740 538 4002 607; x_wconf 77' lang='lat' dir='ltr'><strong>Campus.</strong></span> 
     </span>
    </p>
   </div>
   <div class='ocr_carea' id='block_1_5' title="bbox 737 622 4003 709">
    <p class='ocr_par' dir='ltr' id='par_1_5' title="bbox 737 622 4003 709">
     <span class='ocr_line' id='line_1_5' title="bbox 737 622 4003 709; baseline -0.001 -26"><span class='ocrx_word' id='word_1_19' title='bbox 737 630 1158 686; x_wconf 88' lang='lat' dir='ltr'><strong>Consummatus</strong></span> <span class='ocrx_word' id='word_1_20' title='bbox 1220 641 1403 687; x_wconf 85' lang='lat' dir='ltr'><strong>autem</strong></span> <span class='ocrx_word' id='word_1_21' title='bbox 1472 631 1573 687; x_wconf 76' lang='lat' dir='ltr'><strong>fuit</strong></span> <span class='ocrx_word' id='word_1_22' title='bbox 1634 643 1855 690; x_wconf 86' lang='lat' dir='ltr'><strong>sanctus</strong></span> <span class='ocrx_word' id='word_1_23' title='bbox 1907 644 1963 690; x_wconf 93' lang='lat' dir='ltr'><strong>et</strong></span> <span class='ocrx_word' id='word_1_24' title='bbox 2025 635 2299 705; x_wconf 80' lang='lat' dir='ltr'><strong>gloriosus</strong></span> <span class='ocrx_word' id='word_1_25' title='bbox 2356 646 2587 709; x_wconf 79' lang='lat' dir='ltr'><strong>martyr,</strong></span> <span class='ocrx_word' id='word_1_26' title='bbox 2638 639 2793 694; x_wconf 86' lang='lat' dir='ltr'><strong>Plato</strong></span> <span class='ocrx_word' id='word_1_27' title='bbox 2848 622 3218 701; x_wconf 70' lang='lat' dir='ltr'><strong>beatissimus,</strong></span> <span class='ocrx_word' id='word_1_28' title='bbox 3276 637 3482 690; x_wconf 89' lang='lat' dir='ltr'><strong>mensis</strong></span> <span class='ocrx_word' id='word_1_29' title='bbox 3531 632 3863 688; x_wconf 81' lang='lat' dir='ltr'><strong>Novembris</strong></span> <span class='ocrx_word' id='word_1_30' title='bbox 3908 630 4003 683; x_wconf 84' lang='lat' dir='ltr'><strong>de-</strong></span> 
     </span>
    </p>
   </div>
   <div class='ocr_carea' id='block_1_6' title="bbox 738 723 4003 801">
    <p class='ocr_par' dir='ltr' id='par_1_6' title="bbox 738 723 4003 801">
     <span class='ocr_line' id='line_1_6' title="bbox 738 723 4003 801; baseline -0.001 -23"><span class='ocrx_word' id='word_1_31' title='bbox 738 723 881 778; x_wconf 90' lang='lat' dir='ltr'><strong>cimo</strong></span> <span class='ocrx_word' id='word_1_32' title='bbox 938 733 1152 792; x_wconf 84' lang='lat' dir='ltr'><strong>octavo,</strong></span> <span class='ocrx_word' id='word_1_33' title='bbox 1207 734 1473 797; x_wconf 76' lang='lat' dir='ltr'><strong>regnante</strong></span> <span class='ocrx_word' id='word_1_34' title='bbox 1533 727 1767 782; x_wconf 90' lang='lat' dir='ltr'><strong>Domino</strong></span> <span class='ocrx_word' id='word_1_35' title='bbox 1823 737 2013 782; x_wconf 90' lang='lat' dir='ltr'><strong>nostro</strong></span> <span class='ocrx_word' id='word_1_36' title='bbox 2065 725 2198 782; x_wconf 84' lang='lat' dir='ltr'><strong>Jesu</strong></span> <span class='ocrx_word' id='word_1_37' title='bbox 2258 726 2477 786; x_wconf 88' lang='lat' dir='ltr'><strong>Christo</strong></span> <span class='ocrx_word' id='word_1_38' title='bbox 2518 749 2531 785; x_wconf 91' lang='lat'>:</span> <span class='ocrx_word' id='word_1_39' title='bbox 2566 730 2653 786; x_wconf 93' lang='lat' dir='ltr'><strong>cui</strong></span> <span class='ocrx_word' id='word_1_40' title='bbox 2685 731 2855 801; x_wconf 79' lang='lat' dir='ltr'><strong>gloria</strong></span> <span class='ocrx_word' id='word_1_41' title='bbox 2888 739 2943 786; x_wconf 88' lang='lat' dir='ltr'><strong>et</strong></span> <span class='ocrx_word' id='word_1_42' title='bbox 2993 730 3240 800; x_wconf 90' lang='lat' dir='ltr'><strong>potentia</strong></span> <span class='ocrx_word' id='word_1_43' title='bbox 3282 730 3339 783; x_wconf 88' lang='lat' dir='ltr'><strong>in</strong></span> <span class='ocrx_word' id='word_1_44' title='bbox 3383 726 3586 784; x_wconf 64' lang='lat' dir='ltr'><strong>saacula</strong></span> <span class='ocrx_word' id='word_1_45' title='bbox 3648 723 4003 780; x_wconf 61' lang='lat' dir='ltr'><strong>saculorum.</strong></span> 
     </span>
    </p>
   </div>
   <div class='ocr_carea' id='block_1_7' title="bbox 737 821 932 876">
    <p class='ocr_par' dir='ltr' id='par_1_7' title="bbox 737 821 932 876">
     <span class='ocr_line' id='line_1_7' title="bbox 737 821 932 876; baseline -0.005 0"><span class='ocrx_word' id='word_1_46' title='bbox 737 821 932 876; x_wconf 76' lang='lat' dir='ltr'><strong>Amen.</strong></span> 
     </span>
    </p>
   </div>
   <div class='ocr_carea' id='block_1_8' title="bbox 742 942 3965 973">
    <p class='ocr_par' dir='ltr' id='par_1_8' title="bbox 742 942 3965 973">
     <span class='ocr_line' id='line_1_8' title="bbox 742 942 3965 973; baseline -0.002 -2"><span class='ocrx_word' id='word_1_47' title='bbox 742 942 3965 973; x_wconf 56' lang='lat' dir='ltr'>MM</span> 
     </span>
    </p>
   </div>
   <div class='ocr_carea' id='block_1_9' title="bbox 1833 1074 2936 1193">
    <p class='ocr_par' dir='ltr' id='par_1_9' title="bbox 1833 1074 2936 1193">
     <span class='ocr_line' id='line_1_9' title="bbox 1833 1074 2936 1193; baseline 0 -7"><span class='ocrx_word' id='word_1_48' title='bbox 1833 1074 2936 1193; x_wconf 85' lang='grc' dir='ltr'><strong>ΥΠΟΜΝΗΜΑΤΑ</strong></span> 
     </span>
    </p>
   </div>
   <div class='ocr_carea' id='block_1_10' title="bbox 1136 1273 3596 1371">
    <p class='ocr_par' dir='ltr' id='par_1_10' title="bbox 1136 1273 3596 1371">
     <span class='ocr_line' id='line_1_10' title="bbox 1136 1273 3596 1371; baseline -0.002 -3"><span class='ocrx_word' id='word_1_49' title='bbox 1136 1284 1362 1370; x_wconf 87' lang='grc' dir='ltr'><strong>ΤΩΝ</strong></span> <span class='ocrx_word' id='word_1_50' title='bbox 1439 1285 1777 1371; x_wconf 85' lang='grc' dir='ltr'><strong>ΑΓΙΩΝ</strong></span> <span class='ocrx_word' id='word_1_51' title='bbox 1853 1285 2152 1370; x_wconf 86' lang='grc' dir='ltr'><strong>ΕΠΤΑ</strong></span> <span class='ocrx_word' id='word_1_52' title='bbox 2216 1281 2643 1371; x_wconf 85' lang='grc' dir='ltr'><strong>ΠΑΙΔΩΝ</strong></span> <span class='ocrx_word' id='word_1_53' title='bbox 2719 1282 2944 1369; x_wconf 85' lang='grc' dir='ltr'><strong>ΤΩΝ</strong></span> <span class='ocrx_word' id='word_1_54' title='bbox 3021 1281 3162 1366; x_wconf 88' lang='grc' dir='ltr'>ΕΝ</span> <span class='ocrx_word' id='word_1_55' title='bbox 3238 1273 3596 1365; x_wconf 85' lang='grc' dir='ltr'><strong>ΕΦΕΣΩ</strong></span> 
     </span>
    </p>
   </div>
   <div class='ocr_carea' id='block_1_11' title="bbox 1646 1448 3118 1505">
    <p class='ocr_par' dir='ltr' id='par_1_11' title="bbox 1646 1448 3118 1505">
     <span class='ocr_line' id='line_1_11' title="bbox 1646 1448 3118 1505; baseline -0.002 -2"><span class='ocrx_word' id='word_1_56' title='bbox 1646 1452 1850 1505; x_wconf 84' lang='grc' dir='ltr'>ΠΕΡΙ</span> <span class='ocrx_word' id='word_1_57' title='bbox 1925 1452 2083 1504; x_wconf 81' lang='grc' dir='ltr'><strong>ΤΗΣ</strong></span> <span class='ocrx_word' id='word_1_58' title='bbox 2146 1449 2734 1504; x_wconf 77' lang='grc' dir='ltr'><strong>ΑΝΑΣΤΑΣΕΩΣ</strong></span> <span class='ocrx_word' id='word_1_59' title='bbox 2811 1448 3118 1502; x_wconf 81' lang='grc' dir='ltr'><strong>ΛΥΤΩΝ.</strong></span> 
     </span>
    </p>
   </div>
   <div class='ocr_carea' id='block_1_12' title="bbox 1063 1681 3639 1784">
    <p class='ocr_par' dir='ltr' id='par_1_12' title="bbox 1063 1681 3639 1784">
     <span class='ocr_line' id='line_1_12' title="bbox 1063 1681 3639 1784; baseline -0.005 -2"><span class='ocrx_word' id='word_1_60' title='bbox 1063 1687 1916 1784; x_wconf 80' lang='lat' dir='ltr'><strong>COMMENTARII</strong></span> <span class='ocrx_word' id='word_1_61' title='bbox 2039 1689 2502 1778; x_wconf 86' lang='lat' dir='ltr'><strong>SEPTEM</strong></span> <span class='ocrx_word' id='word_1_62' title='bbox 2625 1681 3639 1776; x_wconf 86' lang='lat' dir='ltr'><strong>ADOLESCENTIUM</strong></span> 
     </span>
    </p>
   </div>
   <div class='ocr_carea' id='block_1_13' title="bbox 1815 1866 2910 1942">
    <p class='ocr_par' dir='ltr' id='par_1_13' title="bbox 1815 1866 2910 1942">
     <span class='ocr_line' id='line_1_13' title="bbox 1815 1866 2910 1942; baseline -0.005 -12"><span class='ocrx_word' id='word_1_63' title='bbox 1815 1869 1952 1942; x_wconf 86' lang='lat' dir='ltr'><strong>QUI</strong></span> <span class='ocrx_word' id='word_1_64' title='bbox 2014 1868 2295 1929; x_wconf 85' lang='lat' dir='ltr'><strong>EPHESl</strong></span> <span class='ocrx_word' id='word_1_65' title='bbox 2354 1866 2910 1930; x_wconf 80' lang='lat' dir='ltr'><strong>DORMIERUNT.</strong></span> 
     </span>
    </p>
   </div>
   <div class='ocr_carea' id='block_1_14' title="bbox 1283 2018 3452 2088">
    <p class='ocr_par' dir='ltr' id='par_1_14' title="bbox 1283 2018 3452 2088">
     <span class='ocr_line' id='line_1_14' title="bbox 1283 2018 3452 2088; baseline -0.005 -12"><span class='ocrx_word' id='word_1_66' title='bbox 1283 2025 1481 2088; x_wconf 87' lang='lat' dir='ltr'><strong>(Latine</strong></span> <span class='ocrx_word' id='word_1_67' title='bbox 1513 2039 1590 2088; x_wconf 83' lang='lat' dir='ltr'><strong>ap.</strong></span> <span class='ocrx_word' id='word_1_68' title='bbox 1625 2024 1822 2074; x_wconf 87' lang='lat' dir='ltr'><strong>Surium</strong></span> <span class='ocrx_word' id='word_1_69' title='bbox 1857 2023 1916 2073; x_wconf 88' lang='lat' dir='ltr'><strong>ad</strong></span> <span class='ocrx_word' id='word_1_70' title='bbox 1963 2023 2080 2072; x_wconf 87' lang='lat' dir='ltr'><strong>Julii</strong></span> <span class='ocrx_word' id='word_1_71' title='bbox 2108 2022 2196 2079; x_wconf 76' lang='lat'><strong>27;</strong></span> <span class='ocrx_word' id='word_1_72' title='bbox 2246 2019 2416 2070; x_wconf 62' lang='lat' dir='ltr'><strong>Graece</strong></span> <span class='ocrx_word' id='word_1_73' title='bbox 2447 2031 2507 2069; x_wconf 78' lang='lat' dir='ltr'><strong>ex</strong></span> <span class='ocrx_word' id='word_1_74' title='bbox 2538 2021 2645 2069; x_wconf 92' lang='lat' dir='ltr'><strong>cod.</strong></span> <span class='ocrx_word' id='word_1_75' title='bbox 2670 2034 2761 2069; x_wconf 89' lang='lat' dir='ltr'><strong>ms.</strong></span> <span class='ocrx_word' id='word_1_76' title='bbox 2793 2019 2949 2080; x_wconf 88' lang='lat' dir='ltr'><strong>Paris,</strong></span> <span class='ocrx_word' id='word_1_77' title='bbox 2989 2033 3039 2069; x_wconf 91' lang='lat' dir='ltr'><strong>n.</strong></span> <span class='ocrx_word' id='word_1_78' title='bbox 3067 2018 3202 2082; x_wconf 76' lang='lat' dir='ltr'><strong>H83,</strong></span> <span class='ocrx_word' id='word_1_79' title='bbox 3225 2032 3338 2070; x_wconf 73' lang='lat' dir='ltr'><strong>saec.</strong></span> <span class='ocrx_word' id='word_1_80' title='bbox 3363 2021 3452 2083; x_wconf 80' lang='grc' dir='ltr'><strong>ιι.)</strong></span> 
     </span>
    </p>
   </div>
   <div class='ocr_carea' id='block_1_15' title="bbox 794 2239 2305 2311">
    <p class='ocr_par' dir='ltr' id='par_1_15' title="bbox 794 2239 2305 2310">
     <span class='ocr_line' id='line_1_15' title="bbox 794 2239 2305 2310; baseline -0.001 -13"><span class='ocrx_word' id='word_1_81' title='bbox 794 2243 835 2298; x_wconf 82' lang='grc'><strong>1.</strong></span> <span class='ocrx_word' id='word_1_82' title='bbox 872 2242 1120 2298; x_wconf 88' lang='lat' dir='ltr'><strong>Tenente</strong></span> <span class='ocrx_word' id='word_1_83' title='bbox 1174 2241 1338 2296; x_wconf 91' lang='lat' dir='ltr'><strong>Decio</strong></span> <span class='ocrx_word' id='word_1_84' title='bbox 1380 2240 1613 2294; x_wconf 78' lang='lat' dir='ltr'><strong>Romani</strong></span> <span class='ocrx_word' id='word_1_85' title='bbox 1665 2239 1878 2310; x_wconf 88' lang='lat' dir='ltr'><strong>imperii</strong></span> <span class='ocrx_word' id='word_1_86' title='bbox 1920 2239 2305 2310; x_wconf 77' lang='lat' dir='ltr'><strong>principatum,</strong></span> 
     </span>
    </p>
   </div>
   <div class='ocr_carea' id='block_1_16' title="bbox 2404 2239 3999 2311">
    <p class='ocr_par' dir='ltr' id='par_1_16' title="bbox 2488 2241 3999 2311">
     <span class='ocr_line' id='line_1_16' title="bbox 2488 2241 3999 2311; baseline -0.001 -14"><span class='ocrx_word' id='word_1_87' title='bbox 2488 2243 2566 2297; x_wconf 80' lang='lat' dir='ltr'><strong>A&#39;.</strong></span> <span class='ocrx_word' id='word_1_88' title='bbox 2609 2242 2878 2310; x_wconf 77' lang='grc' dir='ltr'><strong>Ἐγένετο,</strong></span> <span class='ocrx_word' id='word_1_89' title='bbox 2907 2241 3291 2311; x_wconf 69' lang='grc' dir='ltr'><strong>βασιλεύοντος</strong></span> <span class='ocrx_word' id='word_1_90' title='bbox 3355 2242 3544 2296; x_wconf 77' lang='grc' dir='ltr'><strong>Δεκίου</strong></span> <span class='ocrx_word' id='word_1_91' title='bbox 3577 2242 3677 2311; x_wconf 76' lang='grc' dir='ltr'><strong>τῆς</strong></span> <span class='ocrx_word' id='word_1_92' title='bbox 3707 2243 3820 2294; x_wconf 86' lang='grc' dir='ltr'><strong>τῶν</strong></span> <span class='ocrx_word' id='word_1_93' title='bbox 3865 2242 3999 2295; x_wconf 81' lang='grc' dir='ltr'><strong>Ῥω-</strong></span> 
     </span>
    </p>
   </div>
   <div class='ocr_carea' id='block_1_17' title="bbox 725 2331 2310 2404">
    <p class='ocr_par' dir='ltr' id='par_1_17' title="bbox 725 2331 2310 2404">
     <span class='ocr_line' id='line_1_17' title="bbox 725 2331 2310 2404; baseline -0.002 -15"><span class='ocrx_word' id='word_1_94' title='bbox 725 2334 940 2395; x_wconf 84' lang='lat' dir='ltr'><strong>accidit,</strong></span> <span class='ocrx_word' id='word_1_95' title='bbox 975 2343 1035 2388; x_wconf 89' lang='lat' dir='ltr'><strong>ut</strong></span> <span class='ocrx_word' id='word_1_96' title='bbox 1067 2334 1183 2404; x_wconf 87' lang='lat' dir='ltr'><strong>ipse</strong></span> <span class='ocrx_word' id='word_1_97' title='bbox 1212 2349 1280 2387; x_wconf 78' lang='lat' dir='ltr'><strong>ex</strong></span> <span class='ocrx_word' id='word_1_98' title='bbox 1305 2332 1644 2403; x_wconf 86' lang='lat' dir='ltr'><strong>Cartagenna</strong></span> <span class='ocrx_word' id='word_1_99' title='bbox 1675 2332 1893 2386; x_wconf 73' lang='lat' dir='ltr'><strong>civitate</strong></span> <span class='ocrx_word' id='word_1_100' title='bbox 1925 2331 1976 2385; x_wconf 92' lang='lat' dir='ltr'><strong>in</strong></span> <span class='ocrx_word' id='word_1_101' title='bbox 2006 2333 2310 2402; x_wconf 86' lang='lat' dir='ltr'><strong>Ephesum,</strong></span> 
     </span>
    </p>
   </div>
   <div class='ocr_carea' id='block_1_18' title="bbox 725 2424 2314 2496">
    <p class='ocr_par' dir='ltr' id='par_1_18' title="bbox 725 2424 2314 2496">
     <span class='ocr_line' id='line_1_18' title="bbox 725 2424 2314 2496; baseline -0.003 -15"><span class='ocrx_word' id='word_1_102' title='bbox 725 2428 897 2482; x_wconf 90' lang='lat' dir='ltr'><strong>multo</strong></span> <span class='ocrx_word' id='word_1_103' title='bbox 937 2426 1122 2480; x_wconf 85' lang='lat' dir='ltr'><strong>furore</strong></span> <span class='ocrx_word' id='word_1_104' title='bbox 1159 2427 1423 2496; x_wconf 85' lang='lat' dir='ltr'><strong>percitus,</strong></span> <span class='ocrx_word' id='word_1_105' title='bbox 1453 2424 1829 2479; x_wconf 88' lang='lat' dir='ltr'><strong>descenderet.</strong></span> <span class='ocrx_word' id='word_1_106' title='bbox 1866 2425 2019 2478; x_wconf 90' lang='lat' dir='ltr'><strong>Tunc</strong></span> <span class='ocrx_word' id='word_1_107' title='bbox 2047 2426 2228 2479; x_wconf 90' lang='lat' dir='ltr'><strong>omnis</strong></span> <span class='ocrx_word' id='word_1_108' title='bbox 2254 2426 2314 2478; x_wconf 87' lang='lat' dir='ltr'><strong>ﬁ-</strong></span> 
     </span>
    </p>
   </div>
   <div class='ocr_carea' id='block_1_19' title="bbox 725 2517 2312 2589">
    <p class='ocr_par' dir='ltr' id='par_1_19' title="bbox 725 2517 2312 2589">
     <span class='ocr_line' id='line_1_19' title="bbox 725 2517 2312 2589; baseline -0.003 -14"><span class='ocrx_word' id='word_1_109' title='bbox 725 2521 915 2575; x_wconf 87' lang='lat' dir='ltr'><strong>nitima</strong></span> <span class='ocrx_word' id='word_1_110' title='bbox 964 2519 1110 2589; x_wconf 78' lang='lat' dir='ltr'><strong>regio</strong></span> <span class='ocrx_word' id='word_1_111' title='bbox 1160 2519 1214 2572; x_wconf 92' lang='lat' dir='ltr'><strong>in</strong></span> <span class='ocrx_word' id='word_1_112' title='bbox 1248 2532 1366 2572; x_wconf 88' lang='lat' dir='ltr'><strong>eam</strong></span> <span class='ocrx_word' id='word_1_113' title='bbox 1420 2518 1608 2571; x_wconf 84' lang='lat' dir='ltr'><strong>urbem</strong></span> <span class='ocrx_word' id='word_1_114' title='bbox 1651 2517 1934 2580; x_wconf 85' lang='lat' dir='ltr'><strong>convenit,</strong></span> <span class='ocrx_word' id='word_1_115' title='bbox 1978 2524 2038 2569; x_wconf 92' lang='lat' dir='ltr'><strong>ut</strong></span> <span class='ocrx_word' id='word_1_116' title='bbox 2074 2517 2225 2570; x_wconf 84' lang='lat' dir='ltr'><strong>vanis</strong></span> <span class='ocrx_word' id='word_1_117' title='bbox 2259 2527 2312 2571; x_wconf 90' lang='lat' dir='ltr'><strong>et</strong></span> 
     </span>
    </p>
   </div>
   <div class='ocr_carea' id='block_1_20' title="bbox 727 2607 2310 2677">
    <p class='ocr_par' dir='ltr' id='par_1_20' title="bbox 727 2607 2310 2677">
     <span class='ocr_line' id='line_1_20' title="bbox 727 2607 2310 2677; baseline 0 -14"><span class='ocrx_word' id='word_1_118' title='bbox 727 2611 876 2664; x_wconf 92' lang='lat' dir='ltr'><strong>falsis</strong></span> <span class='ocrx_word' id='word_1_119' title='bbox 898 2610 1003 2664; x_wconf 91' lang='lat' dir='ltr'><strong>diis</strong></span> <span class='ocrx_word' id='word_1_120' title='bbox 1027 2609 1354 2663; x_wconf 87' lang='lat' dir='ltr'><strong>immolaret.</strong></span> <span class='ocrx_word' id='word_1_121' title='bbox 1392 2609 1593 2662; x_wconf 87' lang='lat' dir='ltr'><strong>Eorqu</strong></span> <span class='ocrx_word' id='word_1_122' title='bbox 1617 2622 1768 2671; x_wconf 85' lang='lat' dir='ltr'><strong>vero,</strong></span> <span class='ocrx_word' id='word_1_123' title='bbox 1806 2608 1898 2677; x_wconf 91' lang='lat' dir='ltr'><strong>qui</strong></span> <span class='ocrx_word' id='word_1_124' title='bbox 1922 2607 2122 2661; x_wconf 84' lang='lat' dir='ltr'><strong>Christi</strong></span> <span class='ocrx_word' id='word_1_125' title='bbox 2152 2607 2310 2663; x_wconf 80' lang='lat' dir='ltr'><strong>ﬁdem</strong></span> 
     </span>
    </p>
   </div>
   <div class='ocr_carea' id='block_1_21' title="bbox 727 2699 2312 2774">
    <p class='ocr_par' dir='ltr' id='par_1_21' title="bbox 727 2699 2312 2774">
     <span class='ocr_line' id='line_1_21' title="bbox 727 2699 2312 2774; baseline -0.004 -14"><span class='ocrx_word' id='word_1_126' title='bbox 727 2704 1120 2774; x_wconf 85' lang='lat' dir='ltr'><strong>sequebantur,</strong></span> <span class='ocrx_word' id='word_1_127' title='bbox 1191 2702 1450 2756; x_wconf 81' lang='lat' dir='ltr'><strong>Ecclesiae</strong></span> <span class='ocrx_word' id='word_1_128' title='bbox 1505 2701 1766 2771; x_wconf 80' lang='lat' dir='ltr'><strong>dispersae</strong></span> <span class='ocrx_word' id='word_1_129' title='bbox 1811 2711 1959 2756; x_wconf 89' lang='lat' dir='ltr'><strong>sunt.</strong></span> <span class='ocrx_word' id='word_1_130' title='bbox 2015 2699 2312 2755; x_wconf 85' lang='lat' dir='ltr'><strong>Christiani</strong></span> 
     </span>
    </p>
   </div>
   <div class='ocr_carea' id='block_1_22' title="bbox 726 2792 2312 2863">
    <p class='ocr_par' dir='ltr' id='par_1_22' title="bbox 726 2792 2312 2863">
     <span class='ocr_line' id='line_1_22' title="bbox 726 2792 2312 2863; baseline -0.005 -12"><span class='ocrx_word' id='word_1_131' title='bbox 726 2800 870 2852; x_wconf 86' lang='lat' dir='ltr'><strong>enim</strong></span> <span class='ocrx_word' id='word_1_132' title='bbox 931 2805 1041 2850; x_wconf 89' lang='lat' dir='ltr'><strong>tam</strong></span> <span class='ocrx_word' id='word_1_133' title='bbox 1095 2795 1424 2858; x_wconf 81' lang='lat' dir='ltr'><strong>sacerdotes,</strong></span> <span class='ocrx_word' id='word_1_134' title='bbox 1482 2809 1643 2863; x_wconf 89' lang='lat' dir='ltr'><strong>quam</strong></span> <span class='ocrx_word' id='word_1_135' title='bbox 1683 2793 1829 2855; x_wconf 84' lang='lat' dir='ltr'><strong>laici,</strong></span> <span class='ocrx_word' id='word_1_136' title='bbox 1866 2792 2184 2846; x_wconf 86' lang='lat' dir='ltr'><strong>metuebant</strong></span> <span class='ocrx_word' id='word_1_137' title='bbox 2231 2801 2312 2859; x_wconf 86' lang='lat' dir='ltr'><strong>ty-</strong></span> 
     </span>
    </p>
   </div>
   <div class='ocr_carea' id='block_1_23' title="bbox 727 2883 2309 2959">
    <p class='ocr_par' dir='ltr' id='par_1_23' title="bbox 727 2883 2309 2959">
     <span class='ocr_line' id='line_1_23' title="bbox 727 2883 2309 2959; baseline -0.006 -15"><span class='ocrx_word' id='word_1_138' title='bbox 727 2890 880 2944; x_wconf 87' lang='lat' dir='ltr'><strong>ranni</strong></span> <span class='ocrx_word' id='word_1_139' title='bbox 916 2899 1216 2959; x_wconf 84' lang='lat' dir='ltr'><strong>aspectum.</strong></span> <span class='ocrx_word' id='word_1_140' title='bbox 1242 2886 1346 2952; x_wconf 87' lang='lat' dir='ltr'><strong>Qui</strong></span> <span class='ocrx_word' id='word_1_141' title='bbox 1385 2901 1508 2940; x_wconf 91' lang='lat' dir='ltr'><strong>cum</strong></span> <span class='ocrx_word' id='word_1_142' title='bbox 1532 2886 1809 2955; x_wconf 75' lang='lat' dir='ltr'><strong>ingressus</strong></span> <span class='ocrx_word' id='word_1_143' title='bbox 1842 2894 1986 2938; x_wconf 84' lang='lat' dir='ltr'><strong>esset</strong></span> <span class='ocrx_word' id='word_1_144' title='bbox 2010 2883 2309 2952; x_wconf 85' lang='lat' dir='ltr'><strong>Ephesum,</strong></span> 
     </span>
    </p>
   </div>
   <div class='ocr_carea' id='block_1_24' title="bbox 725 2976 2310 3047">
    <p class='ocr_par' dir='ltr' id='par_1_24' title="bbox 725 2976 2310 3047">
     <span class='ocr_line' id='line_1_24' title="bbox 725 2976 2310 3047; baseline -0.004 -9"><span class='ocrx_word' id='word_1_145' title='bbox 725 2985 907 3038; x_wconf 86' lang='lat' dir='ltr'><strong>animo</strong></span> <span class='ocrx_word' id='word_1_146' title='bbox 954 2984 1098 3037; x_wconf 88' lang='lat' dir='ltr'><strong>elato</strong></span> <span class='ocrx_word' id='word_1_147' title='bbox 1153 2983 1209 3035; x_wconf 90' lang='lat' dir='ltr'><strong>in</strong></span> <span class='ocrx_word' id='word_1_148' title='bbox 1260 2980 1434 3035; x_wconf 86' lang='lat' dir='ltr'><strong>media</strong></span> <span class='ocrx_word' id='word_1_149' title='bbox 1474 2980 1610 3033; x_wconf 90' lang='lat' dir='ltr'><strong>urbe</strong></span> <span class='ocrx_word' id='word_1_150' title='bbox 1667 2977 1835 3047; x_wconf 70' lang='lat' dir='ltr'><strong>caepit</strong></span> <span class='ocrx_word' id='word_1_151' title='bbox 1874 2976 2014 3032; x_wconf 88' lang='lat' dir='ltr'><strong>idola</strong></span> <span class='ocrx_word' id='word_1_152' title='bbox 2057 2976 2310 3047; x_wconf 78' lang='lat' dir='ltr'><strong>erigere:</strong></span> 
     </span>
    </p>
   </div>
   <div class='ocr_carea' id='block_1_25' title="bbox 725 3066 2309 3142">
    <p class='ocr_par' dir='ltr' id='par_1_25' title="bbox 725 3066 2309 3142">
     <span class='ocr_line' id='line_1_25' title="bbox 725 3066 2309 3142; baseline -0.005 -14"><span class='ocrx_word' id='word_1_153' title='bbox 725 3090 957 3142; x_wconf 86' lang='lat' dir='ltr'><strong>eumque</strong></span> <span class='ocrx_word' id='word_1_154' title='bbox 995 3073 1102 3125; x_wconf 88' lang='lat' dir='ltr'><strong>illis</strong></span> <span class='ocrx_word' id='word_1_155' title='bbox 1151 3079 1296 3125; x_wconf 84' lang='lat' dir='ltr'><strong>totus</strong></span> <span class='ocrx_word' id='word_1_156' title='bbox 1331 3079 1475 3126; x_wconf 85' lang='lat' dir='ltr'><strong>esset</strong></span> <span class='ocrx_word' id='word_1_157' title='bbox 1537 3071 1806 3132; x_wconf 86' lang='lat' dir='ltr'><strong>addictus,</strong></span> <span class='ocrx_word' id='word_1_158' title='bbox 1853 3069 2114 3138; x_wconf 65' lang='lat' dir='ltr'><strong>prmcepit</strong></span> <span class='ocrx_word' id='word_1_159' title='bbox 2159 3066 2309 3120; x_wconf 84' lang='lat' dir='ltr'><strong>urbis</strong></span> 
     </span>
    </p>
   </div>
   <div class='ocr_carea' id='block_1_26' title="bbox 724 3156 2310 3234">
    <p class='ocr_par' dir='ltr' id='par_1_26' title="bbox 724 3156 2310 3234">
     <span class='ocr_line' id='line_1_26' title="bbox 724 3156 2310 3234; baseline -0.006 -15"><span class='ocrx_word' id='word_1_160' title='bbox 724 3163 1097 3234; x_wconf 80' lang='lat' dir='ltr'><strong>optimatibus,</strong></span> <span class='ocrx_word' id='word_1_161' title='bbox 1138 3171 1198 3215; x_wconf 89' lang='lat' dir='ltr'><strong>ttt</strong></span> <span class='ocrx_word' id='word_1_162' title='bbox 1231 3162 1384 3214; x_wconf 83' lang='lat' dir='ltr'><strong>vanis</strong></span> <span class='ocrx_word' id='word_1_163' title='bbox 1422 3160 1527 3212; x_wconf 88' lang='lat' dir='ltr'><strong>illis</strong></span> <span class='ocrx_word' id='word_1_164' title='bbox 1566 3161 1670 3212; x_wconf 85' lang='lat' dir='ltr'><strong>diis</strong></span> <span class='ocrx_word' id='word_1_165' title='bbox 1700 3173 1886 3211; x_wconf 83' lang='lat' dir='ltr'><strong>secum</strong></span> <span class='ocrx_word' id='word_1_166' title='bbox 1919 3171 2027 3208; x_wconf 90' lang='lat' dir='ltr'><strong>una</strong></span> <span class='ocrx_word' id='word_1_167' title='bbox 2060 3156 2310 3209; x_wconf 77' lang='lat' dir='ltr'><strong>victimas</strong></span> 
     </span>
    </p>
   </div>
   <div class='ocr_carea' id='block_1_27' title="bbox 724 3246 2306 3321">
    <p class='ocr_par' dir='ltr' id='par_1_27' title="bbox 724 3246 2306 3321">
     <span class='ocr_line' id='line_1_27' title="bbox 724 3246 2306 3321; baseline -0.005 -13"><span class='ocrx_word' id='word_1_168' title='bbox 724 3256 1008 3308; x_wconf 82' lang='lat' dir='ltr'><strong>otTerrcnt.</strong></span> <span class='ocrx_word' id='word_1_169' title='bbox 1043 3255 1233 3321; x_wconf 80' lang='lat' dir='ltr'><strong>Itaque</strong></span> <span class='ocrx_word' id='word_1_170' title='bbox 1279 3251 1622 3303; x_wconf 73' lang='lat' dir='ltr'><strong>victimarum</strong></span> <span class='ocrx_word' id='word_1_171' title='bbox 1654 3247 1917 3318; x_wconf 80' lang='lat' dir='ltr'><strong>sanguine</strong></span> <span class='ocrx_word' id='word_1_172' title='bbox 1952 3247 2063 3300; x_wconf 87' lang='lat' dir='ltr'><strong>loca</strong></span> <span class='ocrx_word' id='word_1_173' title='bbox 2098 3246 2186 3300; x_wconf 85' lang='lat' dir='ltr'><strong>illa</strong></span> <span class='ocrx_word' id='word_1_174' title='bbox 2220 3260 2306 3300; x_wconf 84' lang='lat' dir='ltr'><strong>re—</strong></span> 
     </span>
    </p>
   </div>
   <div class='ocr_carea' id='block_1_28' title="bbox 723 3338 2306 3415">
    <p class='ocr_par' dir='ltr' id='par_1_28' title="bbox 723 3338 2306 3415">
     <span class='ocr_line' id='line_1_28' title="bbox 723 3338 2306 3415; baseline -0.006 -17"><span class='ocrx_word' id='word_1_175' title='bbox 723 3346 1033 3415; x_wconf 88' lang='lat' dir='ltr'><strong>plebantur,</strong></span> <span class='ocrx_word' id='word_1_176' title='bbox 1084 3353 1138 3398; x_wconf 88' lang='lat' dir='ltr'><strong>et</strong></span> <span class='ocrx_word' id='word_1_177' title='bbox 1183 3357 1375 3398; x_wconf 91' lang='lat' dir='ltr'><strong>omnes</strong></span> <span class='ocrx_word' id='word_1_178' title='bbox 1419 3341 1590 3396; x_wconf 76' lang='lat' dir='ltr'><strong>turbae</strong></span> <span class='ocrx_word' id='word_1_179' title='bbox 1631 3339 1868 3408; x_wconf 88' lang='lat' dir='ltr'><strong>undique</strong></span> <span class='ocrx_word' id='word_1_180' title='bbox 1914 3338 1980 3392; x_wconf 87' lang='lat' dir='ltr'><strong>ad</strong></span> <span class='ocrx_word' id='word_1_181' title='bbox 2016 3338 2306 3402; x_wconf 86' lang='lat' dir='ltr'><strong>idolorum,</strong></span> 
     </span>
    </p>
   </div>
   <div class='ocr_carea' id='block_1_29' title="bbox 724 3431 2306 3508">
    <p class='ocr_par' dir='ltr' id='par_1_29' title="bbox 724 3431 2306 3508">
     <span class='ocr_line' id='line_1_29' title="bbox 724 3431 2306 3508; baseline -0.005 -16"><span class='ocrx_word' id='word_1_182' title='bbox 724 3456 844 3508; x_wconf 62' lang='lat' dir='ltr'><strong>quae</strong></span> <span class='ocrx_word' id='word_1_183' title='bbox 874 3448 1030 3491; x_wconf 88' lang='lat' dir='ltr'><strong>erant</strong></span> <span class='ocrx_word' id='word_1_184' title='bbox 1066 3436 1286 3506; x_wconf 87' lang='lat' dir='ltr'><strong>Ephesi,</strong></span> <span class='ocrx_word' id='word_1_185' title='bbox 1323 3434 1694 3488; x_wconf 80' lang='lat' dir='ltr'><strong>celebritatem</strong></span> <span class='ocrx_word' id='word_1_186' title='bbox 1734 3431 2103 3487; x_wconf 78' lang='lat' dir='ltr'><strong>conﬂuebant.</strong></span> <span class='ocrx_word' id='word_1_187' title='bbox 2141 3432 2306 3486; x_wconf 84' lang='lat' dir='ltr'><strong>Fama</strong></span> 
     </span>
    </p>
   </div>
   <div class='ocr_carea' id='block_1_30' title="bbox 724 3522 2306 3598">
    <p class='ocr_par' dir='ltr' id='par_1_30' title="bbox 724 3522 2306 3598">
     <span class='ocr_line' id='line_1_30' title="bbox 724 3522 2306 3598; baseline -0.006 -14"><span class='ocrx_word' id='word_1_188' title='bbox 724 3529 869 3584; x_wconf 73' lang='lat' dir='ltr'><strong>enim</strong></span> <span class='ocrx_word' id='word_1_189' title='bbox 913 3544 1006 3598; x_wconf 85' lang='lat' dir='ltr'><strong>per</strong></span> <span class='ocrx_word' id='word_1_190' title='bbox 1039 3529 1172 3584; x_wconf 88' lang='lat' dir='ltr'><strong>ﬁnes</strong></span> <span class='ocrx_word' id='word_1_191' title='bbox 1210 3528 1352 3582; x_wconf 90' lang='lat' dir='ltr'><strong>illius</strong></span> <span class='ocrx_word' id='word_1_192' title='bbox 1417 3525 1654 3594; x_wconf 85' lang='lat' dir='ltr'><strong>regionis</strong></span> <span class='ocrx_word' id='word_1_193' title='bbox 1696 3524 2099 3594; x_wconf 77' lang='lat' dir='ltr'><strong>divulgabatur,</strong></span> <span class='ocrx_word' id='word_1_194' title='bbox 2159 3522 2306 3590; x_wconf 91' lang='lat' dir='ltr'><strong>quod</strong></span> 
     </span>
    </p>
   </div>
   <div class='ocr_carea' id='block_1_31' title="bbox 727 3590 2382 3674">
    <p class='ocr_par' dir='ltr' id='par_1_31' title="bbox 727 3590 2382 3674">
     <span class='ocr_line' id='line_1_31' title="bbox 727 3590 2382 3674; baseline -0.006 -1"><span class='ocrx_word' id='word_1_195' title='bbox 727 3620 938 3674; x_wconf 82' lang='lat' dir='ltr'><strong>scilicet</strong></span> <span class='ocrx_word' id='word_1_196' title='bbox 979 3619 1327 3673; x_wconf 79' lang='lat' dir='ltr'><strong>victimarum</strong></span> <span class='ocrx_word' id='word_1_197' title='bbox 1374 3614 1534 3669; x_wconf 91' lang='lat' dir='ltr'><strong>nidor</strong></span> <span class='ocrx_word' id='word_1_198' title='bbox 1568 3628 1631 3668; x_wconf 84' lang='lat' dir='ltr'><strong>ex</strong></span> <span class='ocrx_word' id='word_1_199' title='bbox 1667 3613 1799 3666; x_wconf 88' lang='lat' dir='ltr'><strong>urbe</strong></span> <span class='ocrx_word' id='word_1_200' title='bbox 1834 3611 2010 3666; x_wconf 90' lang='lat' dir='ltr'><strong>media</strong></span> <span class='ocrx_word' id='word_1_201' title='bbox 2043 3611 2097 3664; x_wconf 92' lang='lat' dir='ltr'><strong>in</strong></span> <span class='ocrx_word' id='word_1_202' title='bbox 2135 3611 2303 3664; x_wconf 89' lang='lat' dir='ltr'><strong>altum</strong></span> <span class='ocrx_word' id='word_1_203' title='bbox 2342 3590 2382 3643; x_wconf 73' lang='grc' dir='ltr'><strong>Β</strong></span> 
     </span>
    </p>
   </div>
   <div class='ocr_carea' id='block_1_32' title="bbox 728 3705 1023 3776">
    <p class='ocr_par' dir='ltr' id='par_1_32' title="bbox 728 3705 1023 3776">
     <span class='ocr_line' id='line_1_32' title="bbox 728 3705 1023 3776; baseline 0 -18"><span class='ocrx_word' id='word_1_204' title='bbox 728 3705 1023 3776; x_wconf 85' lang='lat' dir='ltr'><strong>prosiliret.</strong></span> 
     </span>
    </p>
   </div>
   <div class='ocr_carea' id='block_1_33' title="bbox 796 3983 2304 4057">
    <p class='ocr_par' dir='ltr' id='par_1_33' title="bbox 796 3983 2304 4057">
     <span class='ocr_line' id='line_1_33' title="bbox 796 3983 2304 4057; baseline -0.003 -12"><span class='ocrx_word' id='word_1_205' title='bbox 796 3993 864 4045; x_wconf 83' lang='grc' dir='ltr'>ιι.</span> <span class='ocrx_word' id='word_1_206' title='bbox 889 3991 1026 4045; x_wconf 90' lang='lat' dir='ltr'><strong>Cum</strong></span> <span class='ocrx_word' id='word_1_207' title='bbox 1066 3989 1233 4057; x_wconf 80' lang='lat' dir='ltr'><strong>igitur</strong></span> <span class='ocrx_word' id='word_1_208' title='bbox 1253 3986 1396 4042; x_wconf 90' lang='lat' dir='ltr'><strong>diem</strong></span> <span class='ocrx_word' id='word_1_209' title='bbox 1445 3985 1645 4041; x_wconf 86' lang='lat' dir='ltr'><strong>festum</strong></span> <span class='ocrx_word' id='word_1_210' title='bbox 1680 3998 1904 4040; x_wconf 88' lang='lat' dir='ltr'><strong>suorum</strong></span> <span class='ocrx_word' id='word_1_211' title='bbox 1945 3983 2171 4039; x_wconf 85' lang='lat' dir='ltr'><strong>deorum</strong></span> <span class='ocrx_word' id='word_1_212' title='bbox 2200 3983 2304 4040; x_wconf 90' lang='lat' dir='ltr'><strong>De-</strong></span> 
     </span>
    </p>
   </div>
   <div class='ocr_carea' id='block_1_34' title="bbox 729 4077 2303 4153">
    <p class='ocr_par' dir='ltr' id='par_1_34' title="bbox 729 4077 2303 4153">
     <span class='ocr_line' id='line_1_34' title="bbox 729 4077 2303 4153; baseline -0.003 -16"><span class='ocrx_word' id='word_1_213' title='bbox 729 4083 847 4144; x_wconf 85' lang='lat' dir='ltr'><strong>cios</strong></span> <span class='ocrx_word' id='word_1_214' title='bbox 876 4091 1075 4153; x_wconf 83' lang='lat' dir='ltr'><strong>ageret,</strong></span> <span class='ocrx_word' id='word_1_215' title='bbox 1110 4091 1268 4150; x_wconf 89' lang='lat' dir='ltr'><strong>atque</strong></span> <span class='ocrx_word' id='word_1_216' title='bbox 1309 4081 1480 4148; x_wconf 82' lang='lat' dir='ltr'><strong>ipsius</strong></span> <span class='ocrx_word' id='word_1_217' title='bbox 1505 4080 1661 4148; x_wconf 83' lang='lat' dir='ltr'><strong>jussu</strong></span> <span class='ocrx_word' id='word_1_218' title='bbox 1710 4081 1964 4131; x_wconf 76' lang='lat' dir='ltr'><strong>universa</strong></span> <span class='ocrx_word' id='word_1_219' title='bbox 2008 4077 2303 4132; x_wconf 86' lang='lat' dir='ltr'><strong>m‘ultitudo</strong></span> 
     </span>
    </p>
   </div>
   <div class='ocr_carea' id='block_1_35' title="bbox 729 4167 2305 4238">
    <p class='ocr_par' dir='ltr' id='par_1_35' title="bbox 729 4167 2305 4238">
     <span class='ocr_line' id='line_1_35' title="bbox 729 4167 2305 4238; baseline -0.003 -8"><span class='ocrx_word' id='word_1_220' title='bbox 729 4179 796 4233; x_wconf 88' lang='lat' dir='ltr'><strong>oh</strong></span> <span class='ocrx_word' id='word_1_221' title='bbox 822 4189 937 4228; x_wconf 75' lang='lat' dir='ltr'><strong>eam</strong></span> <span class='ocrx_word' id='word_1_222' title='bbox 966 4174 1333 4227; x_wconf 81' lang='lat' dir='ltr'><strong>celebritatem</strong></span> <span class='ocrx_word' id='word_1_223' title='bbox 1369 4170 1433 4223; x_wconf 85' lang='lat' dir='ltr'><strong>ad</strong></span> <span class='ocrx_word' id='word_1_224' title='bbox 1459 4169 1655 4238; x_wconf 84' lang='lat' dir='ltr'><strong>templa</strong></span> <span class='ocrx_word' id='word_1_225' title='bbox 1690 4167 1957 4222; x_wconf 88' lang='lat' dir='ltr'><strong>idolorum</strong></span> <span class='ocrx_word' id='word_1_226' title='bbox 1999 4184 2118 4238; x_wconf 69' lang='lat' dir='ltr'><strong>quae</strong></span> <span class='ocrx_word' id='word_1_227' title='bbox 2148 4178 2305 4225; x_wconf 85' lang='lat' dir='ltr'><strong>erant</strong></span> 
     </span>
    </p>
   </div>
   <div class='ocr_carea' id='block_1_36' title="bbox 729 4261 2304 4335">
    <p class='ocr_par' dir='ltr' id='par_1_36' title="bbox 729 4261 2304 4335">
     <span class='ocr_line' id='line_1_36' title="bbox 729 4261 2304 4335; baseline -0.002 -14"><span class='ocrx_word' id='word_1_228' title='bbox 729 4267 949 4335; x_wconf 75' lang='lat' dir='ltr'><strong>Ephesi,</strong></span> <span class='ocrx_word' id='word_1_229' title='bbox 981 4280 1044 4319; x_wconf 76' lang='lat' dir='ltr'><strong>ex</strong></span> <span class='ocrx_word' id='word_1_230' title='bbox 1077 4263 1326 4318; x_wconf 85' lang='lat' dir='ltr'><strong>omnibus</strong></span> <span class='ocrx_word' id='word_1_231' title='bbox 1357 4262 1488 4317; x_wconf 92' lang='lat' dir='ltr'><strong>locis</strong></span> <span class='ocrx_word' id='word_1_232' title='bbox 1513 4263 1738 4333; x_wconf 77' lang='lat' dir='ltr'><strong>impigre</strong></span> <span class='ocrx_word' id='word_1_233' title='bbox 1767 4261 2084 4326; x_wconf 82' lang='lat' dir='ltr'><strong>conflueret,</strong></span> <span class='ocrx_word' id='word_1_234' title='bbox 2109 4278 2172 4318; x_wconf 86' lang='lat' dir='ltr'><strong>ac</strong></span> <span class='ocrx_word' id='word_1_235' title='bbox 2200 4263 2304 4318; x_wconf 81' lang='lat' dir='ltr'><strong>diis</strong></span> 
     </span>
    </p>
   </div>
   <div class='ocr_carea' id='block_1_37' title="bbox 725 4352 2299 4426">
    <p class='ocr_par' dir='ltr' id='par_1_37' title="bbox 725 4352 2299 4426">
     <span class='ocr_line' id='line_1_37' title="bbox 725 4352 2299 4426; baseline -0.003 -14"><span class='ocrx_word' id='word_1_236' title='bbox 725 4360 934 4424; x_wconf 87' lang='lat' dir='ltr'><strong>libaret,</strong></span> <span class='ocrx_word' id='word_1_237' title='bbox 966 4373 1196 4426; x_wconf 87' lang='lat' dir='ltr'><strong>cumque</strong></span> <span class='ocrx_word' id='word_1_238' title='bbox 1229 4364 1339 4409; x_wconf 84' lang='lat' dir='ltr'><strong>tota</strong></span> <span class='ocrx_word' id='word_1_239' title='bbox 1367 4355 1456 4408; x_wconf 87' lang='lat' dir='ltr'><strong>illa</strong></span> <span class='ocrx_word' id='word_1_240' title='bbox 1509 4355 1639 4407; x_wconf 91' lang='lat' dir='ltr'><strong>urbs</strong></span> <span class='ocrx_word' id='word_1_241' title='bbox 1684 4352 1954 4407; x_wconf 85' lang='lat' dir='ltr'><strong>sacriﬁcia</strong></span> <span class='ocrx_word' id='word_1_242' title='bbox 2009 4354 2299 4418; x_wconf 86' lang='lat' dir='ltr'><strong>redoleret,</strong></span> 
     </span>
    </p>
   </div>
   <div class='ocr_carea' id='block_1_38' title="bbox 725 4444 2298 4510">
    <p class='ocr_par' dir='ltr' id='par_1_38' title="bbox 725 4444 2298 4510">
     <span class='ocr_line' id='line_1_38' title="bbox 725 4444 2298 4510; baseline -0.002 -6"><span class='ocrx_word' id='word_1_243' title='bbox 725 4451 910 4507; x_wconf 80' lang='lat' dir='ltr'><strong>ﬁdeles</strong></span> <span class='ocrx_word' id='word_1_244' title='bbox 951 4450 1199 4510; x_wconf 83' lang='lat' dir='ltr'><strong>homines</strong></span> <span class='ocrx_word' id='word_1_245' title='bbox 1241 4449 1423 4500; x_wconf 85' lang='lat' dir='ltr'><strong>tristes</strong></span> <span class='ocrx_word' id='word_1_246' title='bbox 1450 4456 1628 4509; x_wconf 87' lang='lat' dir='ltr'><strong>erant,</strong></span> <span class='ocrx_word' id='word_1_247' title='bbox 1664 4444 1824 4498; x_wconf 89' lang='lat' dir='ltr'><strong>iidem</strong></span> <span class='ocrx_word' id='word_1_248' title='bbox 1856 4446 2000 4498; x_wconf 89' lang='lat' dir='ltr'><strong>etab</strong></span> <span class='ocrx_word' id='word_1_249' title='bbox 2031 4445 2298 4501; x_wconf 86' lang='lat' dir='ltr'><strong>idolorum</strong></span> 
     </span>
    </p>
   </div>
   <div class='ocr_carea' id='block_1_39' title="bbox 723 4536 2300 4609">
    <p class='ocr_par' dir='ltr' id='par_1_39' title="bbox 723 4536 2300 4609">
     <span class='ocr_line' id='line_1_39' title="bbox 723 4536 2300 4609; baseline -0.003 -12"><span class='ocrx_word' id='word_1_250' title='bbox 723 4541 1021 4597; x_wconf 90' lang='lat' dir='ltr'><strong>cultoribus</strong></span> <span class='ocrx_word' id='word_1_251' title='bbox 1047 4538 1510 4609; x_wconf 81' lang='lat' dir='ltr'><strong>opprimebantur.</strong></span> <span class='ocrx_word' id='word_1_252' title='bbox 1539 4538 1724 4606; x_wconf 89' lang='lat' dir='ltr'><strong>Itaque</strong></span> <span class='ocrx_word' id='word_1_253' title='bbox 1749 4536 1941 4605; x_wconf 84' lang='lat' dir='ltr'><strong>partim</strong></span> <span class='ocrx_word' id='word_1_254' title='bbox 1970 4552 2300 4608; x_wconf 82' lang='lat' dir='ltr'><strong>persequen-</strong></span> 
     </span>
    </p>
   </div>
   <div class='ocr_carea' id='block_1_40' title="bbox 723 4629 2299 4702">
    <p class='ocr_par' dir='ltr' id='par_1_40' title="bbox 723 4629 2299 4702">
     <span class='ocr_line' id='line_1_40' title="bbox 723 4629 2299 4702; baseline -0.001 -15"><span class='ocrx_word' id='word_1_255' title='bbox 723 4636 853 4688; x_wconf 90' lang='lat' dir='ltr'><strong>tium</strong></span> <span class='ocrx_word' id='word_1_256' title='bbox 885 4649 977 4687; x_wconf 84' lang='lat' dir='ltr'><strong>ora</strong></span> <span class='ocrx_word' id='word_1_257' title='bbox 1008 4632 1307 4702; x_wconf 80' lang='lat' dir='ltr'><strong>fugiebant.</strong></span> <span class='ocrx_word' id='word_1_258' title='bbox 1342 4645 1410 4682; x_wconf 89' lang='lat' dir='ltr'><strong>ne</strong></span> <span class='ocrx_word' id='word_1_259' title='bbox 1442 4629 1825 4698; x_wconf 87' lang='lat' dir='ltr'><strong>comprehendi</strong></span> <span class='ocrx_word' id='word_1_260' title='bbox 1871 4641 2129 4698; x_wconf 87' lang='lat' dir='ltr'><strong>possent:</strong></span> <span class='ocrx_word' id='word_1_261' title='bbox 2169 4648 2299 4702; x_wconf 87' lang='lat' dir='ltr'><strong>par-</strong></span> 
     </span>
    </p>
   </div>
   <div class='ocr_carea' id='block_1_41' title="bbox 723 4719 2297 4790">
    <p class='ocr_par' dir='ltr' id='par_1_41' title="bbox 723 4719 2297 4790">
     <span class='ocr_line' id='line_1_41' title="bbox 723 4719 2297 4790; baseline 0.001 -14"><span class='ocrx_word' id='word_1_262' title='bbox 723 4727 816 4778; x_wconf 87' lang='lat' dir='ltr'><strong>tim</strong></span> <span class='ocrx_word' id='word_1_263' title='bbox 853 4739 972 4778; x_wconf 83' lang='lat' dir='ltr'><strong>sesc</strong></span> <span class='ocrx_word' id='word_1_264' title='bbox 1003 4721 1370 4777; x_wconf 86' lang='lat' dir='ltr'><strong>occultabant.</strong></span> <span class='ocrx_word' id='word_1_265' title='bbox 1409 4719 1609 4773; x_wconf 90' lang='lat' dir='ltr'><strong>Tribus</strong></span> <span class='ocrx_word' id='word_1_266' title='bbox 1662 4728 1844 4771; x_wconf 88' lang='lat' dir='ltr'><strong>autem</strong></span> <span class='ocrx_word' id='word_1_267' title='bbox 1884 4719 2075 4774; x_wconf 86' lang='lat' dir='ltr'><strong>diebus</strong></span> <span class='ocrx_word' id='word_1_268' title='bbox 2112 4732 2297 4790; x_wconf 80' lang='lat' dir='ltr'><strong>postea</strong></span> 
     </span>
    </p>
   </div>
   <div class='ocr_carea' id='block_1_42' title="bbox 724 4811 2298 4884">
    <p class='ocr_par' dir='ltr' id='par_1_42' title="bbox 724 4811 2298 4884">
     <span class='ocr_line' id='line_1_42' title="bbox 724 4811 2298 4884; baseline 0.001 -16"><span class='ocrx_word' id='word_1_269' title='bbox 724 4816 1021 4884; x_wconf 86' lang='lat' dir='ltr'><strong>imperator</strong></span> <span class='ocrx_word' id='word_1_270' title='bbox 1062 4814 1297 4868; x_wconf 86' lang='lat' dir='ltr'><strong>edictum</strong></span> <span class='ocrx_word' id='word_1_271' title='bbox 1329 4812 1646 4882; x_wconf 71' lang='lat' dir='ltr'><strong>praeposuit,</strong></span> <span class='ocrx_word' id='word_1_272' title='bbox 1686 4820 1745 4866; x_wconf 90' lang='lat' dir='ltr'><strong>ut</strong></span> <span class='ocrx_word' id='word_1_273' title='bbox 1777 4811 2071 4867; x_wconf 78' lang='lat' dir='ltr'><strong>Christiani</strong></span> <span class='ocrx_word' id='word_1_274' title='bbox 2107 4831 2298 4870; x_wconf 85' lang='lat' dir='ltr'><strong>omnes</strong></span> 
     </span>
    </p>
   </div>
   <div class='ocr_carea' id='block_1_43' title="bbox 729 4903 2299 4977">
    <p class='ocr_par' dir='ltr' id='par_1_43' title="bbox 729 4903 2299 4977">
     <span class='ocr_line' id='line_1_43' title="bbox 729 4903 2299 4977; baseline -0.001 -15"><span class='ocrx_word' id='word_1_275' title='bbox 729 4918 1050 4977; x_wconf 82' lang='lat' dir='ltr'><strong>caperentur</strong></span> <span class='ocrx_word' id='word_1_276' title='bbox 1076 4925 1087 4958; x_wconf 92' lang='lat'><strong>:</strong></span> <span class='ocrx_word' id='word_1_277' title='bbox 1119 4923 1226 4976; x_wconf 90' lang='lat' dir='ltr'><strong>quo</strong></span> <span class='ocrx_word' id='word_1_278' title='bbox 1244 4917 1489 4975; x_wconf 88' lang='lat' dir='ltr'><strong>tempore</strong></span> <span class='ocrx_word' id='word_1_279' title='bbox 1509 4905 1737 4975; x_wconf 87' lang='lat' dir='ltr'><strong>gentiles</strong></span> <span class='ocrx_word' id='word_1_280' title='bbox 1755 4920 1818 4958; x_wconf 85' lang='lat' dir='ltr'><strong>ac</strong></span> <span class='ocrx_word' id='word_1_281' title='bbox 1845 4903 2015 4960; x_wconf 66' lang='lat' dir='ltr'><strong>Judaei</strong></span> <span class='ocrx_word' id='word_1_282' title='bbox 2038 4908 2299 4976; x_wconf 84' lang='lat' dir='ltr'><strong>urgebant</strong></span> 
     </span>
    </p>
   </div>
   <div class='ocr_carea' id='block_1_44' title="bbox 730 4997 2298 5070">
    <p class='ocr_par' dir='ltr' id='par_1_44' title="bbox 730 4997 2298 5070">
     <span class='ocr_line' id='line_1_44' title="bbox 730 4997 2298 5070; baseline -0.002 -16"><span class='ocrx_word' id='word_1_283' title='bbox 730 5001 949 5054; x_wconf 85' lang='lat' dir='ltr'><strong>milites.</strong></span> <span class='ocrx_word' id='word_1_284' title='bbox 971 4998 1178 5053; x_wconf 85' lang='lat' dir='ltr'><strong>Passim</strong></span> <span class='ocrx_word' id='word_1_285' title='bbox 1211 4999 1375 5070; x_wconf 89' lang='lat' dir='ltr'><strong>igitur</strong></span> <span class='ocrx_word' id='word_1_286' title='bbox 1396 4997 1687 5051; x_wconf 84' lang='lat' dir='ltr'><strong>Christiani</strong></span> <span class='ocrx_word' id='word_1_287' title='bbox 1727 4997 1978 5052; x_wconf 86' lang='lat' dir='ltr'><strong>homines</strong></span> <span class='ocrx_word' id='word_1_288' title='bbox 2007 5001 2298 5053; x_wconf 86' lang='lat' dir='ltr'><strong>traheban-</strong></span> 
     </span>
    </p>
   </div>
   <div class='ocr_carea' id='block_1_45' title="bbox 727 5089 2301 5158">
    <p class='ocr_par' dir='ltr' id='par_1_45' title="bbox 727 5089 2301 5158">
     <span class='ocr_line' id='line_1_45' title="bbox 727 5089 2301 5158; baseline -0.003 -12"><span class='ocrx_word' id='word_1_289' title='bbox 727 5101 814 5146; x_wconf 83' lang='lat' dir='ltr'><strong>tur</strong></span> <span class='ocrx_word' id='word_1_290' title='bbox 845 5093 911 5147; x_wconf 80' lang='lat' dir='ltr'><strong>ad</strong></span> <span class='ocrx_word' id='word_1_291' title='bbox 943 5092 1147 5154; x_wconf 89' lang='lat' dir='ltr'><strong>turbas,</strong></span> <span class='ocrx_word' id='word_1_292' title='bbox 1181 5107 1300 5158; x_wconf 64' lang='lat' dir='ltr'><strong>quae</strong></span> <span class='ocrx_word' id='word_1_293' title='bbox 1333 5091 1387 5142; x_wconf 91' lang='lat' dir='ltr'><strong>in</strong></span> <span class='ocrx_word' id='word_1_294' title='bbox 1425 5104 1595 5142; x_wconf 91' lang='lat' dir='ltr'><strong>unum</strong></span> <span class='ocrx_word' id='word_1_295' title='bbox 1620 5089 1797 5144; x_wconf 89' lang='lat' dir='ltr'><strong>locum</strong></span> <span class='ocrx_word' id='word_1_296' title='bbox 1826 5099 2204 5145; x_wconf 80' lang='lat' dir='ltr'><strong>convenerant</strong></span> <span class='ocrx_word' id='word_1_297' title='bbox 2243 5099 2301 5142; x_wconf 90' lang='lat' dir='ltr'><strong>ut</strong></span> 
     </span>
    </p>
   </div>
   <div class='ocr_carea' id='block_1_46' title="bbox 726 5180 2300 5252">
    <p class='ocr_par' dir='ltr' id='par_1_46' title="bbox 726 5180 2300 5252">
     <span class='ocr_line' id='line_1_46' title="bbox 726 5180 2300 5252; baseline -0.002 -12"><span class='ocrx_word' id='word_1_298' title='bbox 726 5203 831 5241; x_wconf 88' lang='lat' dir='ltr'><strong>una</strong></span> <span class='ocrx_word' id='word_1_299' title='bbox 894 5200 1015 5239; x_wconf 88' lang='lat' dir='ltr'><strong>cum</strong></span> <span class='ocrx_word' id='word_1_300' title='bbox 1085 5183 1415 5252; x_wconf 87' lang='lat' dir='ltr'><strong>imperatore</strong></span> <span class='ocrx_word' id='word_1_301' title='bbox 1478 5180 1637 5234; x_wconf 91' lang='lat' dir='ltr'><strong>idolis</strong></span> <span class='ocrx_word' id='word_1_302' title='bbox 1695 5182 2088 5237; x_wconf 83' lang='lat' dir='ltr'><strong>sacriﬁcarent.</strong></span> <span class='ocrx_word' id='word_1_303' title='bbox 2145 5183 2300 5237; x_wconf 81' lang='lat' dir='ltr'><strong>Tunc</strong></span> 
     </span>
    </p>
   </div>
   <div class='ocr_carea' id='block_1_47' title="bbox 723 5273 2296 5341">
    <p class='ocr_par' dir='ltr' id='par_1_47' title="bbox 723 5273 2296 5341">
     <span class='ocr_line' id='line_1_47' title="bbox 723 5273 2296 5341; baseline -0.003 -8"><span class='ocrx_word' id='word_1_304' title='bbox 723 5277 969 5333; x_wconf 82' lang='lat' dir='ltr'><strong>nonnulli</strong></span> <span class='ocrx_word' id='word_1_305' title='bbox 1014 5283 1282 5330; x_wconf 81' lang='lat' dir='ltr'><strong>tormenta</strong></span> <span class='ocrx_word' id='word_1_306' title='bbox 1331 5273 1704 5341; x_wconf 77' lang='lat' dir='ltr'><strong>formidantes,</strong></span> <span class='ocrx_word' id='word_1_307' title='bbox 1740 5275 2060 5333; x_wconf 80' lang='lat' dir='ltr'><strong>excidebant</strong></span> <span class='ocrx_word' id='word_1_308' title='bbox 2096 5293 2125 5330; x_wconf 88' lang='lat' dir='ltr'><strong>a</strong></span> <span class='ocrx_word' id='word_1_309' title='bbox 2170 5275 2296 5340; x_wconf 83' lang='lat' dir='ltr'><strong>ﬁde,</strong></span> 
     </span>
    </p>
   </div>
   <div class='ocr_carea' id='block_1_48' title="bbox 722 5365 2291 5425">
    <p class='ocr_par' dir='ltr' id='par_1_48' title="bbox 722 5365 2291 5425">
     <span class='ocr_line' id='line_1_48' title="bbox 722 5365 2291 5425; baseline -0.001 0"><span class='ocrx_word' id='word_1_310' title='bbox 722 5381 777 5425; x_wconf 87' lang='lat' dir='ltr'><strong>et</strong></span> <span class='ocrx_word' id='word_1_311' title='bbox 827 5383 1010 5424; x_wconf 86' lang='lat' dir='ltr'><strong>coram</strong></span> <span class='ocrx_word' id='word_1_312' title='bbox 1065 5367 1218 5420; x_wconf 88' lang='lat' dir='ltr'><strong>turba</strong></span> <span class='ocrx_word' id='word_1_313' title='bbox 1266 5365 1353 5419; x_wconf 90' lang='lat' dir='ltr'><strong>illa</strong></span> <span class='ocrx_word' id='word_1_314' title='bbox 1391 5367 1575 5420; x_wconf 86' lang='lat' dir='ltr'><strong>miseri</strong></span> <span class='ocrx_word' id='word_1_315' title='bbox 1619 5367 1684 5421; x_wconf 90' lang='lat' dir='ltr'><strong>ad</strong></span> <span class='ocrx_word' id='word_1_316' title='bbox 1725 5369 1993 5422; x_wconf 92' lang='lat' dir='ltr'><strong>idolorum</strong></span> <span class='ocrx_word' id='word_1_317' title='bbox 2026 5369 2291 5424; x_wconf 83' lang='lat' dir='ltr'><strong>sacriﬁcia</strong></span> 
     </span>
    </p>
   </div>
   <div class='ocr_carea' id='block_1_49' title="bbox 723 5461 2298 5532">
    <p class='ocr_par' dir='ltr' id='par_1_49' title="bbox 723 5461 2298 5532">
     <span class='ocr_line' id='line_1_49' title="bbox 723 5461 2298 5532; baseline -0.003 -15"><span class='ocrx_word' id='word_1_318' title='bbox 723 5463 1069 5519; x_wconf 87' lang='lat' dir='ltr'><strong>decidebant.</strong></span> <span class='ocrx_word' id='word_1_319' title='bbox 1113 5462 1180 5516; x_wconf 84' lang='lat' dir='ltr'><strong>At</strong></span> <span class='ocrx_word' id='word_1_320' title='bbox 1223 5461 1312 5531; x_wconf 90' lang='lat' dir='ltr'><strong>qui</strong></span> <span class='ocrx_word' id='word_1_321' title='bbox 1346 5479 1410 5515; x_wconf 81' lang='lat' dir='ltr'><strong>ex</strong></span> <span class='ocrx_word' id='word_1_322' title='bbox 1453 5463 1634 5515; x_wconf 92' lang='lat' dir='ltr'><strong>animo</strong></span> <span class='ocrx_word' id='word_1_323' title='bbox 1675 5461 1874 5516; x_wconf 90' lang='lat' dir='ltr'><strong>Christi</strong></span> <span class='ocrx_word' id='word_1_324' title='bbox 1911 5463 2068 5516; x_wconf 86' lang='lat' dir='ltr'><strong>ﬁdem</strong></span> <span class='ocrx_word' id='word_1_325' title='bbox 2106 5479 2298 5532; x_wconf 77' lang='lat' dir='ltr'><strong>seque-</strong></span> 
     </span>
    </p>
   </div>
   <div class='ocr_carea' id='block_1_50' title="bbox 722 5555 2296 5624">
    <p class='ocr_par' dir='ltr' id='par_1_50' title="bbox 722 5555 2296 5624">
     <span class='ocr_line' id='line_1_50' title="bbox 722 5555 2296 5624; baseline -0.002 -10"><span class='ocrx_word' id='word_1_326' title='bbox 722 5560 940 5622; x_wconf 89' lang='lat' dir='ltr'><strong>bantur,</strong></span> <span class='ocrx_word' id='word_1_327' title='bbox 975 5573 1096 5611; x_wconf 77' lang='lat' dir='ltr'><strong>t-um</strong></span> <span class='ocrx_word' id='word_1_328' title='bbox 1127 5557 1374 5611; x_wconf 85' lang='lat' dir='ltr'><strong>audirent</strong></span> <span class='ocrx_word' id='word_1_329' title='bbox 1414 5557 1625 5624; x_wconf 86' lang='lat' dir='ltr'><strong>aliquos</strong></span> <span class='ocrx_word' id='word_1_330' title='bbox 1659 5555 1838 5624; x_wconf 84' lang='lat' dir='ltr'><strong>lapsos</strong></span> <span class='ocrx_word' id='word_1_331' title='bbox 1869 5556 2041 5610; x_wconf 89' lang='lat' dir='ltr'><strong>fuisse</strong></span> <span class='ocrx_word' id='word_1_332' title='bbox 2082 5557 2296 5611; x_wconf 84' lang='lat' dir='ltr'><strong>illorum</strong></span> 
     </span>
    </p>
   </div>
   <div class='ocr_carea' id='block_1_51' title="bbox 723 5649 2293 5720">
    <p class='ocr_par' dir='ltr' id='par_1_51' title="bbox 723 5649 2293 5720">
     <span class='ocr_line' id='line_1_51' title="bbox 723 5649 2293 5720; baseline -0.003 -15"><span class='ocrx_word' id='word_1_333' title='bbox 723 5667 908 5706; x_wconf 79' lang='lat' dir='ltr'><strong>ensum</strong></span> <span class='ocrx_word' id='word_1_334' title='bbox 949 5665 1277 5720; x_wconf 74' lang='lat' dir='ltr'><strong>magnopere</strong></span> <span class='ocrx_word' id='word_1_335' title='bbox 1309 5649 1584 5710; x_wconf 78' lang='lat' dir='ltr'><strong>dolentes,</strong></span> <span class='ocrx_word' id='word_1_336' title='bbox 1640 5649 1971 5701; x_wconf 89' lang='lat' dir='ltr'><strong>miserorum</strong></span> <span class='ocrx_word' id='word_1_337' title='bbox 2011 5649 2293 5702; x_wconf 88' lang='lat' dir='ltr'><strong>hominum</strong></span> 
     </span>
    </p>
   </div>
   <div class='ocr_carea' id='block_1_52' title="bbox 721 5743 2293 5819">
    <p class='ocr_par' dir='ltr' id='par_1_52' title="bbox 721 5743 2293 5819">
     <span class='ocr_line' id='line_1_52' title="bbox 721 5743 2293 5819; baseline -0.004 -17"><span class='ocrx_word' id='word_1_338' title='bbox 721 5751 928 5804; x_wconf 85' lang='lat' dir='ltr'><strong>animas</strong></span> <span class='ocrx_word' id='word_1_339' title='bbox 969 5749 1243 5819; x_wconf 77' lang='lat' dir='ltr'><strong>lugebant,</strong></span> <span class='ocrx_word' id='word_1_340' title='bbox 1279 5746 1370 5816; x_wconf 90' lang='lat' dir='ltr'><strong>qui</strong></span> <span class='ocrx_word' id='word_1_341' title='bbox 1417 5755 1640 5816; x_wconf 84' lang='lat' dir='ltr'><strong>prOpter</strong></span> <span class='ocrx_word' id='word_1_342' title='bbox 1680 5747 1883 5798; x_wconf 81' lang='lat' dir='ltr'><strong>metum</strong></span> <span class='ocrx_word' id='word_1_343' title='bbox 1924 5743 1989 5796; x_wconf 89' lang='lat' dir='ltr'><strong>ad</strong></span> <span class='ocrx_word' id='word_1_344' title='bbox 2027 5743 2293 5797; x_wconf 88' lang='lat' dir='ltr'><strong>idolorum</strong></span> 
     </span>
    </p>
   </div>
   <div class='ocr_carea' id='block_1_53' title="bbox 721 5836 2293 5910">
    <p class='ocr_par' dir='ltr' id='par_1_53' title="bbox 721 5836 2293 5910">
     <span class='ocr_line' id='line_1_53' title="bbox 721 5836 2293 5910; baseline -0.006 -14"><span class='ocrx_word' id='word_1_345' title='bbox 721 5842 977 5897; x_wconf 81' lang='lat' dir='ltr'><strong>sacriﬁcia</strong></span> <span class='ocrx_word' id='word_1_346' title='bbox 999 5841 1207 5910; x_wconf 85' lang='lat' dir='ltr'><strong>delapsi</strong></span> <span class='ocrx_word' id='word_1_347' title='bbox 1234 5839 1466 5893; x_wconf 80' lang='lat' dir='ltr'><strong>fuerant.</strong></span> <span class='ocrx_word' id='word_1_348' title='bbox 1496 5836 1819 5904; x_wconf 85' lang='lat' dir='ltr'><strong>Quicunque</strong></span> <span class='ocrx_word' id='word_1_349' title='bbox 1854 5851 1981 5890; x_wconf 79' lang='lat' dir='ltr'><strong>vero</strong></span> <span class='ocrx_word' id='word_1_350' title='bbox 2013 5850 2074 5889; x_wconf 80' lang='lat' dir='ltr'><strong>ex</strong></span> <span class='ocrx_word' id='word_1_351' title='bbox 2105 5850 2293 5890; x_wconf 87' lang='lat' dir='ltr'><strong>eorum</strong></span> 
     </span>
    </p>
   </div>
   <div class='ocr_carea' id='block_1_54' title="bbox 2420 2332 3996 2404">
    <p class='ocr_par' dir='ltr' id='par_1_54' title="bbox 2420 2332 3996 2404">
     <span class='ocr_line' id='line_1_54' title="bbox 2420 2332 3996 2404; baseline 0.001 -18"><span class='ocrx_word' id='word_1_352' title='bbox 2420 2335 2597 2402; x_wconf 82' lang='grc' dir='ltr'>μαίων</span> <span class='ocrx_word' id='word_1_353' title='bbox 2622 2335 2822 2404; x_wconf 71' lang='grc' dir='ltr'>ἀρχῆς,</span> <span class='ocrx_word' id='word_1_354' title='bbox 2859 2333 3143 2386; x_wconf 78' lang='grc' dir='ltr'><strong>κατελθεῖν</strong></span> <span class='ocrx_word' id='word_1_355' title='bbox 3177 2333 3337 2386; x_wconf 78' lang='grc' dir='ltr'>αὑτὸν</span> <span class='ocrx_word' id='word_1_356' title='bbox 3362 2335 3417 2384; x_wconf 84' lang='grc' dir='ltr'><strong>ἐν</strong></span> <span class='ocrx_word' id='word_1_357' title='bbox 3437 2332 3678 2403; x_wconf 78' lang='grc' dir='ltr'>πρώτοις</span> <span class='ocrx_word' id='word_1_358' title='bbox 3696 2336 3804 2387; x_wconf 80' lang='grc' dir='ltr'>ἀπὸ</span> <span class='ocrx_word' id='word_1_359' title='bbox 3839 2337 3996 2402; x_wconf 82' lang='grc' dir='ltr'>Καρ-</span> 
     </span>
    </p>
   </div>
   <div class='ocr_carea' id='block_1_55' title="bbox 2417 2424 3991 2498">
    <p class='ocr_par' dir='ltr' id='par_1_55' title="bbox 2417 2424 3991 2498">
     <span class='ocr_line' id='line_1_55' title="bbox 2417 2424 3991 2498; baseline 0.003 -22"><span class='ocrx_word' id='word_1_360' title='bbox 2417 2424 2650 2491; x_wconf 78' lang='grc' dir='ltr'>θαγένης</span> <span class='ocrx_word' id='word_1_361' title='bbox 2687 2425 2787 2492; x_wconf 77' lang='grc' dir='ltr'>τῆς</span> <span class='ocrx_word' id='word_1_362' title='bbox 2844 2425 3050 2486; x_wconf 83' lang='grc' dir='ltr'>πόλεως</span> <span class='ocrx_word' id='word_1_363' title='bbox 3103 2426 3160 2476; x_wconf 85' lang='grc' dir='ltr'>ὲν</span> <span class='ocrx_word' id='word_1_364' title='bbox 3223 2425 3434 2495; x_wconf 69' lang='grc' dir='ltr'>Ἐφέσῳ</span> <span class='ocrx_word' id='word_1_365' title='bbox 3482 2431 3538 2480; x_wconf 80' lang='grc' dir='ltr'>ἐν</span> <span class='ocrx_word' id='word_1_366' title='bbox 3581 2428 3763 2498; x_wconf 77' lang='grc' dir='ltr'>πολλῷ</span> <span class='ocrx_word' id='word_1_367' title='bbox 3807 2429 3991 2497; x_wconf 76' lang='grc' dir='ltr'>θυμῷ.</span> 
     </span>
    </p>
   </div>
   <div class='ocr_carea' id='block_1_56' title="bbox 2415 2515 3990 2586">
    <p class='ocr_par' dir='ltr' id='par_1_56' title="bbox 2415 2515 3990 2586">
     <span class='ocr_line' id='line_1_56' title="bbox 2415 2515 3990 2586; baseline 0.002 -19"><span class='ocrx_word' id='word_1_368' title='bbox 2415 2516 2663 2586; x_wconf 83' lang='grc' dir='ltr'>Συνὴχθη</span> <span class='ocrx_word' id='word_1_369' title='bbox 2715 2515 2769 2568; x_wconf 81' lang='grc' dir='ltr'>δὲ</span> <span class='ocrx_word' id='word_1_370' title='bbox 2814 2516 2962 2568; x_wconf 84' lang='grc' dir='ltr'>πᾶσα</span> <span class='ocrx_word' id='word_1_371' title='bbox 2997 2516 3030 2586; x_wconf 77' lang='grc' dir='ltr'>ἠ</span> <span class='ocrx_word' id='word_1_372' title='bbox 3067 2516 3373 2585; x_wconf 74' lang='grc' dir='ltr'>περέχωρος</span> <span class='ocrx_word' id='word_1_373' title='bbox 3426 2518 3521 2569; x_wconf 79' lang='grc' dir='ltr'>τοῦ</span> <span class='ocrx_word' id='word_1_374' title='bbox 3572 2520 3738 2570; x_wconf 82' lang='grc' dir='ltr'><strong>τόπου</strong></span> <span class='ocrx_word' id='word_1_375' title='bbox 3776 2521 3990 2572; x_wconf 77' lang='grc' dir='ltr'>ἐκείνου</span> 
     </span>
    </p>
   </div>
   <div class='ocr_carea' id='block_1_57' title="bbox 2412 2606 3989 2678">
    <p class='ocr_par' dir='ltr' id='par_1_57' title="bbox 2412 2606 3989 2678">
     <span class='ocr_line' id='line_1_57' title="bbox 2412 2606 3989 2678; baseline 0.001 -19"><span class='ocrx_word' id='word_1_376' title='bbox 2412 2610 2491 2670; x_wconf 71' lang='grc' dir='ltr'>εἰς</span> <span class='ocrx_word' id='word_1_377' title='bbox 2516 2609 2616 2671; x_wconf 75' lang='grc' dir='ltr'>τὰς</span> <span class='ocrx_word' id='word_1_378' title='bbox 2646 2607 2834 2670; x_wconf 79' lang='grc' dir='ltr'>θυσίας</span> <span class='ocrx_word' id='word_1_379' title='bbox 2860 2607 2967 2660; x_wconf 87' lang='grc' dir='ltr'><strong>τῶν</strong></span> <span class='ocrx_word' id='word_1_380' title='bbox 3018 2608 3265 2678; x_wconf 81' lang='grc' dir='ltr'><strong>ματαίων</strong></span> <span class='ocrx_word' id='word_1_381' title='bbox 3307 2606 3465 2662; x_wconf 84' lang='grc' dir='ltr'>θεῶν.</span> <span class='ocrx_word' id='word_1_382' title='bbox 3505 2608 3569 2659; x_wconf 71' lang='lat' dir='ltr'><strong>Ai</strong></span> <span class='ocrx_word' id='word_1_383' title='bbox 3612 2607 3668 2659; x_wconf 74' lang='grc' dir='ltr'>δὲ</span> <span class='ocrx_word' id='word_1_384' title='bbox 3695 2610 3989 2676; x_wconf 74' lang='grc' dir='ltr'>ἐκκλησίαι</span> 
     </span>
    </p>
   </div>
   <div class='ocr_carea' id='block_1_58' title="bbox 2411 2699 3987 2770">
    <p class='ocr_par' dir='ltr' id='par_1_58' title="bbox 2411 2699 3987 2770">
     <span class='ocr_line' id='line_1_58' title="bbox 2411 2699 3987 2770; baseline -0.001 -19"><span class='ocrx_word' id='word_1_385' title='bbox 2411 2699 2519 2752; x_wconf 82' lang='grc' dir='ltr'><strong>τῶν</strong></span> <span class='ocrx_word' id='word_1_386' title='bbox 2580 2699 2788 2750; x_wconf 79' lang='grc' dir='ltr'><strong>πιστῶν</strong></span> <span class='ocrx_word' id='word_1_387' title='bbox 2842 2699 3360 2770; x_wconf 63' lang='grc' dir='ltr'><strong>διεσκορπίσθησαν,</strong></span> <span class='ocrx_word' id='word_1_388' title='bbox 3387 2700 3478 2750; x_wconf 76' lang='grc' dir='ltr'>καὶ</span> <span class='ocrx_word' id='word_1_389' title='bbox 3508 2699 3557 2750; x_wconf 75' lang='grc' dir='ltr'>οἱ</span> <span class='ocrx_word' id='word_1_390' title='bbox 3598 2700 3763 2767; x_wconf 72' lang='grc' dir='ltr'>ἱερεῖς</span> <span class='ocrx_word' id='word_1_391' title='bbox 3818 2702 3912 2748; x_wconf 69' lang='grc' dir='ltr'><strong>καὶ</strong></span> <span class='ocrx_word' id='word_1_392' title='bbox 3941 2700 3987 2750; x_wconf 78' lang='grc' dir='ltr'>οε</span> 
     </span>
    </p>
   </div>
   <div class='ocr_carea' id='block_1_59' title="bbox 2413 2790 3988 2862">
    <p class='ocr_par' dir='ltr' id='par_1_59' title="bbox 2413 2790 3988 2862">
     <span class='ocr_line' id='line_1_59' title="bbox 2413 2790 3988 2862; baseline -0.004 -15"><span class='ocrx_word' id='word_1_393' title='bbox 2413 2795 2730 2862; x_wconf 67' lang='grc' dir='ltr'><strong>Χριστιανοὶ</strong></span> <span class='ocrx_word' id='word_1_394' title='bbox 2757 2796 2848 2846; x_wconf 77' lang='grc' dir='ltr'><strong>καὶ</strong></span> <span class='ocrx_word' id='word_1_395' title='bbox 2886 2795 2992 2854; x_wconf 72' lang='grc' dir='ltr'><strong>πᾶς</strong></span> <span class='ocrx_word' id='word_1_396' title='bbox 3030 2794 3057 2844; x_wconf 89' lang='grc' dir='ltr'>ὁ</span> <span class='ocrx_word' id='word_1_397' title='bbox 3084 2791 3433 2860; x_wconf 82' lang='grc' dir='ltr'>φιλόχριστος</span> <span class='ocrx_word' id='word_1_398' title='bbox 3473 2791 3601 2850; x_wconf 74' lang='grc' dir='ltr'>λαὸς</span> <span class='ocrx_word' id='word_1_399' title='bbox 3635 2790 3988 2858; x_wconf 72' lang='grc' dir='ltr'>ἐφοϐήθησαν</span> 
     </span>
    </p>
   </div>
   <div class='ocr_carea' id='block_1_60' title="bbox 2414 2878 3988 2955">
    <p class='ocr_par' dir='ltr' id='par_1_60' title="bbox 2414 2878 3988 2955">
     <span class='ocr_line' id='line_1_60' title="bbox 2414 2878 3988 2955; baseline -0.003 -18"><span class='ocrx_word' id='word_1_400' title='bbox 2414 2885 2621 2955; x_wconf 72' lang='grc' dir='ltr'>σφόδρα</span> <span class='ocrx_word' id='word_1_401' title='bbox 2673 2886 2780 2937; x_wconf 71' lang='grc' dir='ltr'>ἀπὸ</span> <span class='ocrx_word' id='word_1_402' title='bbox 2811 2882 3104 2950; x_wconf 73' lang='grc' dir='ltr'>προσώπου</span> <span class='ocrx_word' id='word_1_403' title='bbox 3143 2884 3237 2935; x_wconf 78' lang='grc' dir='ltr'><strong>τοῦ</strong></span> <span class='ocrx_word' id='word_1_404' title='bbox 3276 2883 3561 2952; x_wconf 70' lang='grc' dir='ltr'>τυράννου.</span> <span class='ocrx_word' id='word_1_405' title='bbox 3592 2883 3722 2935; x_wconf 84' lang='grc' dir='ltr'>Ὀτε</span> <span class='ocrx_word' id='word_1_406' title='bbox 3754 2878 3848 2935; x_wconf 74' lang='grc' dir='ltr'>οὖν</span> <span class='ocrx_word' id='word_1_407' title='bbox 3876 2886 3988 2934; x_wconf 84' lang='grc' dir='ltr'><strong>εἰσ-</strong></span> 
     </span>
    </p>
   </div>
   <div class='ocr_carea' id='block_1_61' title="bbox 2412 2975 3988 3048">
    <p class='ocr_par' dir='ltr' id='par_1_61' title="bbox 2412 2975 3988 3048">
     <span class='ocr_line' id='line_1_61' title="bbox 2412 2975 3988 3048; baseline 0.003 -22"><span class='ocrx_word' id='word_1_408' title='bbox 2412 2977 2574 3045; x_wconf 81' lang='grc' dir='ltr'>ῆλθεν</span> <span class='ocrx_word' id='word_1_409' title='bbox 2610 2977 2798 3036; x_wconf 71' lang='grc' dir='ltr'>Δέκιος</span> <span class='ocrx_word' id='word_1_410' title='bbox 2828 2977 2854 3027; x_wconf 82' lang='grc' dir='ltr'>ὁ</span> <span class='ocrx_word' id='word_1_411' title='bbox 2891 2975 3140 3044; x_wconf 72' lang='grc' dir='ltr'>βασιλεὺς</span> <span class='ocrx_word' id='word_1_412' title='bbox 3173 2977 3250 3037; x_wconf 76' lang='grc' dir='ltr'>εες</span> <span class='ocrx_word' id='word_1_413' title='bbox 3289 2975 3542 3042; x_wconf 61' lang='grc' dir='ltr'>Ἔφεσον,</span> <span class='ocrx_word' id='word_1_414' title='bbox 3569 2975 3760 3048; x_wconf 62' lang='grc' dir='ltr'>ὑψώθη</span> <span class='ocrx_word' id='word_1_415' title='bbox 3793 2977 3822 3044; x_wconf 77' lang='grc' dir='ltr'>ἡ</span> <span class='ocrx_word' id='word_1_416' title='bbox 3854 2994 3988 3046; x_wconf 86' lang='grc' dir='ltr'>καρ-</span> 
     </span>
    </p>
   </div>
   <div class='ocr_carea' id='block_1_62' title="bbox 2411 3066 3986 3136">
    <p class='ocr_par' dir='ltr' id='par_1_62' title="bbox 2411 3066 3986 3136">
     <span class='ocr_line' id='line_1_62' title="bbox 2411 3066 3986 3136; baseline 0.001 -18"><span class='ocrx_word' id='word_1_417' title='bbox 2411 3068 2498 3119; x_wconf 82' lang='grc' dir='ltr'>δὶσι</span> <span class='ocrx_word' id='word_1_418' title='bbox 2524 3066 2710 3126; x_wconf 71' lang='grc' dir='ltr'>αὐτοῦ,</span> <span class='ocrx_word' id='word_1_419' title='bbox 2735 3067 2828 3118; x_wconf 70' lang='grc' dir='ltr'><strong>καὶ</strong></span> <span class='ocrx_word' id='word_1_420' title='bbox 2860 3067 3059 3136; x_wconf 67' lang='grc' dir='ltr'>ἤρξατο</span> <span class='ocrx_word' id='word_1_421' title='bbox 3083 3068 3387 3136; x_wconf 74' lang='grc' dir='ltr'>οἰκοδομεῖν</span> <span class='ocrx_word' id='word_1_422' title='bbox 3416 3067 3577 3129; x_wconf 73' lang='grc' dir='ltr'>ναοὺς</span> <span class='ocrx_word' id='word_1_423' title='bbox 3604 3070 3716 3128; x_wconf 74' lang='grc' dir='ltr'>τοῖς</span> <span class='ocrx_word' id='word_1_424' title='bbox 3745 3069 3986 3131; x_wconf 79' lang='grc' dir='ltr'><strong>εἰδώλοις</strong></span> 
     </span>
    </p>
   </div>
   <div class='ocr_carea' id='block_1_63' title="bbox 2413 3159 3986 3232">
    <p class='ocr_par' dir='ltr' id='par_1_63' title="bbox 2413 3159 3986 3232">
     <span class='ocr_line' id='line_1_63' title="bbox 2413 3159 3986 3232; baseline 0 -21"><span class='ocrx_word' id='word_1_425' title='bbox 2413 3160 2470 3212; x_wconf 77' lang='grc' dir='ltr'>ἐν</span> <span class='ocrx_word' id='word_1_426' title='bbox 2502 3160 2642 3231; x_wconf 80' lang='grc' dir='ltr'>μέσῃ</span> <span class='ocrx_word' id='word_1_427' title='bbox 2673 3164 2736 3232; x_wconf 81' lang='grc' dir='ltr'>τῇ</span> <span class='ocrx_word' id='word_1_428' title='bbox 2774 3162 2948 3213; x_wconf 74' lang='grc' dir='ltr'>πόλειο</span> <span class='ocrx_word' id='word_1_429' title='bbox 2984 3162 3076 3214; x_wconf 70' lang='grc' dir='ltr'><strong>καὶ</strong></span> <span class='ocrx_word' id='word_1_430' title='bbox 3101 3163 3188 3215; x_wconf 82' lang='grc' dir='ltr'><strong>ὅτε</strong></span> <span class='ocrx_word' id='word_1_431' title='bbox 3220 3159 3447 3231; x_wconf 74' lang='grc' dir='ltr'>ἐξεχύθη</span> <span class='ocrx_word' id='word_1_432' title='bbox 3483 3165 3536 3212; x_wconf 71' lang='grc' dir='ltr'>ἐν</span> <span class='ocrx_word' id='word_1_433' title='bbox 3570 3161 3642 3231; x_wconf 79' lang='grc' dir='ltr'><strong>τῷ</strong></span> <span class='ocrx_word' id='word_1_434' title='bbox 3677 3161 3986 3231; x_wconf 70' lang='grc' dir='ltr'><strong>ἑλληνισμῷ</strong></span> 
     </span>
    </p>
   </div>
   <div class='ocr_carea' id='block_1_64' title="bbox 2409 3250 3985 3323">
    <p class='ocr_par' dir='ltr' id='par_1_64' title="bbox 2409 3250 3985 3323">
     <span class='ocr_line' id='line_1_64' title="bbox 2409 3250 3985 3323; baseline 0.001 -19"><span class='ocrx_word' id='word_1_435' title='bbox 2409 3254 2532 3306; x_wconf 81' lang='grc' dir='ltr'>τότε</span> <span class='ocrx_word' id='word_1_436' title='bbox 2558 3255 2893 3322; x_wconf 79' lang='grc' dir='ltr'>παρήγγειλε</span> <span class='ocrx_word' id='word_1_437' title='bbox 2933 3256 3044 3317; x_wconf 80' lang='grc' dir='ltr'>τοῖς</span> <span class='ocrx_word' id='word_1_438' title='bbox 3068 3252 3306 3322; x_wconf 79' lang='grc' dir='ltr'><strong>πρώτοις</strong></span> <span class='ocrx_word' id='word_1_439' title='bbox 3333 3253 3431 3322; x_wconf 75' lang='grc' dir='ltr'>τῆς</span> <span class='ocrx_word' id='word_1_440' title='bbox 3454 3254 3659 3314; x_wconf 75' lang='grc' dir='ltr'>πόλεως</span> <span class='ocrx_word' id='word_1_441' title='bbox 3687 3250 3838 3305; x_wconf 73' lang='grc' dir='ltr'>θύειν</span> <span class='ocrx_word' id='word_1_442' title='bbox 3868 3255 3985 3323; x_wconf 77' lang='grc' dir='ltr'>μετ’</span> 
     </span>
    </p>
   </div>
   <div class='ocr_carea' id='block_1_65' title="bbox 2410 3343 3987 3412">
    <p class='ocr_par' dir='ltr' id='par_1_65' title="bbox 2410 3343 3987 3412">
     <span class='ocr_line' id='line_1_65' title="bbox 2410 3343 3987 3412; baseline 0 -16"><span class='ocrx_word' id='word_1_443' title='bbox 2410 3343 2572 3397; x_wconf 75' lang='grc' dir='ltr'>αὑτοῦ</span> <span class='ocrx_word' id='word_1_444' title='bbox 2604 3347 2712 3404; x_wconf 84' lang='grc' dir='ltr'>τοῖς</span> <span class='ocrx_word' id='word_1_445' title='bbox 2749 3346 2997 3412; x_wconf 77' lang='grc' dir='ltr'>ματαίοις</span> <span class='ocrx_word' id='word_1_446' title='bbox 3046 3345 3222 3405; x_wconf 81' lang='grc' dir='ltr'>θεοῖς’</span> <span class='ocrx_word' id='word_1_447' title='bbox 3281 3347 3374 3394; x_wconf 66' lang='grc' dir='ltr'>καὶ</span> <span class='ocrx_word' id='word_1_448' title='bbox 3423 3343 3595 3402; x_wconf 71' lang='grc' dir='ltr'>οὕτως</span> <span class='ocrx_word' id='word_1_449' title='bbox 3646 3345 3875 3410; x_wconf 56' lang='lat' dir='ltr'><strong>apem;</strong></span> <span class='ocrx_word' id='word_1_450' title='bbox 3921 3346 3987 3396; x_wconf 68' lang='grc' dir='ltr'><strong>τὰ</strong></span> 
     </span>
    </p>
   </div>
   <div class='ocr_carea' id='block_1_66' title="bbox 2413 3432 3986 3500">
    <p class='ocr_par' dir='ltr' id='par_1_66' title="bbox 2413 3432 3986 3500">
     <span class='ocr_line' id='line_1_66' title="bbox 2413 3432 3986 3500; baseline 0.001 -16"><span class='ocrx_word' id='word_1_451' title='bbox 2413 3433 2642 3500; x_wconf 85' lang='grc' dir='ltr'>σώματα</span> <span class='ocrx_word' id='word_1_452' title='bbox 2669 3434 2848 3484; x_wconf 68' lang='grc' dir='ltr'>αὐτῶν</span> <span class='ocrx_word' id='word_1_453' title='bbox 2877 3436 2931 3484; x_wconf 82' lang='grc' dir='ltr'><strong>ὲν</strong></span> <span class='ocrx_word' id='word_1_454' title='bbox 2963 3432 3040 3500; x_wconf 81' lang='grc' dir='ltr'>τῷ</span> <span class='ocrx_word' id='word_1_455' title='bbox 3063 3433 3252 3500; x_wconf 79' lang='grc' dir='ltr'>αἵματι</span> <span class='ocrx_word' id='word_1_456' title='bbox 3284 3433 3390 3484; x_wconf 80' lang='grc' dir='ltr'><strong>τῶν</strong></span> <span class='ocrx_word' id='word_1_457' title='bbox 3423 3432 3642 3495; x_wconf 82' lang='grc' dir='ltr'>θυσιῶν,</span> <span class='ocrx_word' id='word_1_458' title='bbox 3681 3436 3775 3484; x_wconf 87' lang='grc' dir='ltr'><strong>καί</strong></span> <span class='ocrx_word' id='word_1_459' title='bbox 3809 3436 3986 3487; x_wconf 81' lang='grc' dir='ltr'>πάντα</span> 
     </span>
    </p>
   </div>
   <div class='ocr_carea' id='block_1_67' title="bbox 2409 3523 3987 3593">
    <p class='ocr_par' dir='ltr' id='par_1_67' title="bbox 2409 3523 3987 3593">
     <span class='ocr_line' id='line_1_67' title="bbox 2409 3523 3987 3593; baseline 0.001 -17"><span class='ocrx_word' id='word_1_460' title='bbox 2409 3525 2477 3577; x_wconf 77' lang='grc' dir='ltr'>τὰ</span> <span class='ocrx_word' id='word_1_461' title='bbox 2533 3523 2711 3593; x_wconf 77' lang='grc' dir='ltr'>πλήθη</span> <span class='ocrx_word' id='word_1_462' title='bbox 2767 3525 3061 3592; x_wconf 82' lang='grc' dir='ltr'>συνήγοντο</span> <span class='ocrx_word' id='word_1_463' title='bbox 3111 3523 3216 3576; x_wconf 83' lang='grc' dir='ltr'>ἀπὸ</span> <span class='ocrx_word' id='word_1_464' title='bbox 3259 3523 3487 3578; x_wconf 81' lang='grc' dir='ltr'>ἑκάστου</span> <span class='ocrx_word' id='word_1_465' title='bbox 3538 3524 3705 3578; x_wconf 83' lang='grc' dir='ltr'>τόπου</span> <span class='ocrx_word' id='word_1_466' title='bbox 3753 3526 3835 3587; x_wconf 75' lang='grc' dir='ltr'>εἰς</span> <span class='ocrx_word' id='word_1_467' title='bbox 3861 3528 3987 3587; x_wconf 68' lang='grc' dir='ltr'>τοὺς</span> 
     </span>
    </p>
   </div>
   <div class='ocr_carea' id='block_1_68' title="bbox 2409 3616 3988 3689">
    <p class='ocr_par' dir='ltr' id='par_1_68' title="bbox 2409 3616 3988 3689">
     <span class='ocr_line' id='line_1_68' title="bbox 2409 3616 3988 3689; baseline 0 -18"><span class='ocrx_word' id='word_1_468' title='bbox 2409 3619 2570 3682; x_wconf 74' lang='grc' dir='ltr'>ναοὺς</span> <span class='ocrx_word' id='word_1_469' title='bbox 2619 3618 2729 3670; x_wconf 85' lang='grc' dir='ltr'><strong>τῶν</strong></span> <span class='ocrx_word' id='word_1_470' title='bbox 2775 3616 3007 3670; x_wconf 78' lang='grc' dir='ltr'><strong>εἰδώλων</strong></span> <span class='ocrx_word' id='word_1_471' title='bbox 3056 3617 3177 3670; x_wconf 87' lang='grc' dir='ltr'>τότε</span> <span class='ocrx_word' id='word_1_472' title='bbox 3222 3617 3389 3671; x_wconf 78' lang='grc' dir='ltr'>ὄντων</span> <span class='ocrx_word' id='word_1_473' title='bbox 3431 3620 3488 3672; x_wconf 81' lang='grc' dir='ltr'>ὲν</span> <span class='ocrx_word' id='word_1_474' title='bbox 3539 3619 3791 3689; x_wconf 79' lang='grc' dir='ltr'><strong>Ἐφέσῳ·</strong></span> <span class='ocrx_word' id='word_1_475' title='bbox 3826 3619 3921 3672; x_wconf 79' lang='grc' dir='ltr'>καὶ</span> <span class='ocrx_word' id='word_1_476' title='bbox 3959 3620 3988 3671; x_wconf 81' lang='grc'>6</span> 
     </span>
    </p>
   </div>
   <div class='ocr_carea' id='block_1_69' title="bbox 2409 3709 3985 3778">
    <p class='ocr_par' dir='ltr' id='par_1_69' title="bbox 2409 3709 3985 3778">
     <span class='ocr_line' id='line_1_69' title="bbox 2409 3709 3985 3778; baseline 0.001 -15"><span class='ocrx_word' id='word_1_477' title='bbox 2409 3710 2616 3773; x_wconf 82' lang='grc' dir='ltr'>καπνὸς</span> <span class='ocrx_word' id='word_1_478' title='bbox 2642 3709 2749 3762; x_wconf 88' lang='grc' dir='ltr'><strong>τῶν</strong></span> <span class='ocrx_word' id='word_1_479' title='bbox 2785 3710 2968 3762; x_wconf 82' lang='grc' dir='ltr'>κακῶν</span> <span class='ocrx_word' id='word_1_480' title='bbox 3000 3710 3336 3778; x_wconf 79' lang='grc' dir='ltr'>περιέσπασε</span> <span class='ocrx_word' id='word_1_481' title='bbox 3369 3713 3493 3772; x_wconf 71' lang='grc' dir='ltr'>τοὺς</span> <span class='ocrx_word' id='word_1_482' title='bbox 3516 3712 3768 3775; x_wconf 73' lang='grc' dir='ltr'>πολλοὺς,</span> <span class='ocrx_word' id='word_1_483' title='bbox 3800 3715 3896 3766; x_wconf 76' lang='grc' dir='ltr'>καὶ</span> <span class='ocrx_word' id='word_1_484' title='bbox 3925 3713 3985 3764; x_wconf 65' lang='grc' dir='ltr'><strong>τὸ</strong></span> 
     </span>
    </p>
   </div>
   <div class='ocr_carea' id='block_1_70' title="bbox 2411 3797 3986 3869">
    <p class='ocr_par' dir='ltr' id='par_1_70' title="bbox 2411 3797 3986 3869">
     <span class='ocr_line' id='line_1_70' title="bbox 2411 3797 3986 3869; baseline 0.002 -16"><span class='ocrx_word' id='word_1_485' title='bbox 2411 3804 2598 3862; x_wconf 87' lang='grc' dir='ltr'>σκότος</span> <span class='ocrx_word' id='word_1_486' title='bbox 2621 3802 2715 3852; x_wconf 67' lang='grc' dir='ltr'>καὶ</span> <span class='ocrx_word' id='word_1_487' title='bbox 2737 3803 2768 3869; x_wconf 80' lang='grc' dir='ltr'>ἡ</span> <span class='ocrx_word' id='word_1_488' title='bbox 2794 3803 2989 3853; x_wconf 83' lang='grc' dir='ltr'>κνίσσα</span> <span class='ocrx_word' id='word_1_489' title='bbox 3017 3802 3125 3852; x_wconf 85' lang='grc' dir='ltr'><strong>τῶν</strong></span> <span class='ocrx_word' id='word_1_490' title='bbox 3158 3802 3359 3852; x_wconf 77' lang='grc' dir='ltr'>θυσιῶν</span> <span class='ocrx_word' id='word_1_491' title='bbox 3389 3803 3567 3854; x_wconf 71' lang='grc' dir='ltr'>αὐτῶν</span> <span class='ocrx_word' id='word_1_492' title='bbox 3595 3797 3666 3853; x_wconf 83' lang='grc' dir='ltr'><strong>ῶν</strong></span> <span class='ocrx_word' id='word_1_493' title='bbox 3690 3804 3852 3855; x_wconf 75' lang='grc' dir='ltr'>ἔθυον</span> <span class='ocrx_word' id='word_1_494' title='bbox 3874 3811 3986 3869; x_wconf 78' lang='grc' dir='ltr'>τοίς</span> 
     </span>
    </p>
   </div>
   <div class='ocr_carea' id='block_1_71' title="bbox 2411 3890 3928 3964">
    <p class='ocr_par' dir='ltr' id='par_1_71' title="bbox 2411 3890 3928 3964">
     <span class='ocr_line' id='line_1_71' title="bbox 2411 3890 3928 3964; baseline 0.001 -19"><span class='ocrx_word' id='word_1_495' title='bbox 2411 3894 2663 3964; x_wconf 84' lang='grc' dir='ltr'>ματαίοις</span> <span class='ocrx_word' id='word_1_496' title='bbox 2688 3891 2926 3954; x_wconf 78' lang='grc' dir='ltr'><strong>εἰδώλοις</strong></span> <span class='ocrx_word' id='word_1_497' title='bbox 2949 3890 3232 3944; x_wconf 79' lang='grc' dir='ltr'>ἀνέσαινεν</span> <span class='ocrx_word' id='word_1_498' title='bbox 3263 3893 3326 3943; x_wconf 82' lang='grc' dir='ltr'>ὲκ</span> <span class='ocrx_word' id='word_1_499' title='bbox 3360 3892 3532 3962; x_wconf 81' lang='grc' dir='ltr'><strong>μέσης</strong></span> <span class='ocrx_word' id='word_1_500' title='bbox 3567 3894 3661 3961; x_wconf 81' lang='grc' dir='ltr'><strong>τῆς</strong></span> <span class='ocrx_word' id='word_1_501' title='bbox 3693 3894 3928 3955; x_wconf 79' lang='grc' dir='ltr'>πόλεως.</span> 
     </span>
    </p>
   </div>
   <div class='ocr_carea' id='block_1_72' title="bbox 2477 3982 3986 4056">
    <p class='ocr_par' dir='ltr' id='par_1_72' title="bbox 2477 3982 3986 4056">
     <span class='ocr_line' id='line_1_72' title="bbox 2477 3982 3986 4056; baseline -0.001 -16"><span class='ocrx_word' id='word_1_502' title='bbox 2477 3983 2554 4040; x_wconf 84' lang='lat' dir='ltr'><strong>B&#39;.</strong></span> <span class='ocrx_word' id='word_1_503' title='bbox 2593 3985 2680 4048; x_wconf 84' lang='grc' dir='ltr'>Ὠς</span> <span class='ocrx_word' id='word_1_504' title='bbox 2716 3982 2808 4039; x_wconf 78' lang='grc' dir='ltr'>οὖν</span> <span class='ocrx_word' id='word_1_505' title='bbox 2850 3984 3050 4056; x_wconf 79' lang='grc' dir='ltr'>ἑορτὴν</span> <span class='ocrx_word' id='word_1_506' title='bbox 3105 3983 3354 4036; x_wconf 76' lang='grc' dir='ltr'><strong>ἐπετέλει</strong></span> <span class='ocrx_word' id='word_1_507' title='bbox 3389 3987 3416 4037; x_wconf 88' lang='grc' dir='ltr'>ὀ</span> <span class='ocrx_word' id='word_1_508' title='bbox 3443 3985 3632 4047; x_wconf 84' lang='grc' dir='ltr'>Δέκιος</span> <span class='ocrx_word' id='word_1_509' title='bbox 3667 3986 3780 4046; x_wconf 77' lang='grc' dir='ltr'>τοῖς</span> <span class='ocrx_word' id='word_1_510' title='bbox 3844 3987 3986 4049; x_wconf 78' lang='grc' dir='ltr'>θεοῖς</span> 
     </span>
    </p>
   </div>
   <div class='ocr_carea' id='block_1_73' title="bbox 2405 4076 3984 4147">
    <p class='ocr_par' dir='ltr' id='par_1_73' title="bbox 2405 4076 3984 4147">
     <span class='ocr_line' id='line_1_73' title="bbox 2405 4076 3984 4147; baseline -0.002 -15"><span class='ocrx_word' id='word_1_511' title='bbox 2405 4079 2595 4142; x_wconf 59' lang='grc' dir='ltr'>αὑτοῦ,</span> <span class='ocrx_word' id='word_1_512' title='bbox 2626 4079 2880 4132; x_wconf 73' lang='grc' dir='ltr'>ἐκέλευσε</span> <span class='ocrx_word' id='word_1_513' title='bbox 2920 4080 3030 4130; x_wconf 76' lang='grc' dir='ltr'>πᾶν</span> <span class='ocrx_word' id='word_1_514' title='bbox 3064 4077 3125 4130; x_wconf 80' lang='grc' dir='ltr'>τὸ</span> <span class='ocrx_word' id='word_1_515' title='bbox 3159 4076 3364 4147; x_wconf 83' lang='grc' dir='ltr'>πλῆθος</span> <span class='ocrx_word' id='word_1_516' title='bbox 3407 4077 3741 4147; x_wconf 74' lang='grc' dir='ltr'>συναχθῆναι</span> <span class='ocrx_word' id='word_1_517' title='bbox 3771 4079 3852 4141; x_wconf 78' lang='grc' dir='ltr'>εἰς</span> <span class='ocrx_word' id='word_1_518' title='bbox 3887 4080 3984 4146; x_wconf 79' lang='grc' dir='ltr'>τὴν</span> 
     </span>
    </p>
   </div>
   <div class='ocr_carea' id='block_1_74' title="bbox 2406 4171 3984 4242">
    <p class='ocr_par' dir='ltr' id='par_1_74' title="bbox 2406 4171 3984 4242">
     <span class='ocr_line' id='line_1_74' title="bbox 2406 4171 3984 4242; baseline 0.001 -18"><span class='ocrx_word' id='word_1_519' title='bbox 2406 4172 2598 4242; x_wconf 76' lang='grc' dir='ltr'>ἑορτὴν</span> <span class='ocrx_word' id='word_1_520' title='bbox 2635 4171 2743 4224; x_wconf 88' lang='grc' dir='ltr'><strong>τῶν</strong></span> <span class='ocrx_word' id='word_1_521' title='bbox 2769 4171 2938 4224; x_wconf 89' lang='grc' dir='ltr'>θεῶν·</span> <span class='ocrx_word' id='word_1_522' title='bbox 2976 4173 3099 4225; x_wconf 83' lang='grc' dir='ltr'>τότε</span> <span class='ocrx_word' id='word_1_523' title='bbox 3131 4173 3427 4240; x_wconf 80' lang='grc' dir='ltr'>συνήγοντο</span> <span class='ocrx_word' id='word_1_524' title='bbox 3461 4171 3632 4223; x_wconf 78' lang='grc' dir='ltr'>πολλὰ</span> <span class='ocrx_word' id='word_1_525' title='bbox 3670 4171 3851 4242; x_wconf 75' lang='grc' dir='ltr'>πλήθη</span> <span class='ocrx_word' id='word_1_526' title='bbox 3891 4174 3984 4239; x_wconf 71' lang='grc' dir='ltr'><strong>ἀφ’</strong></span> 
     </span>
    </p>
   </div>
   <div class='ocr_carea' id='block_1_75' title="bbox 2406 4264 3984 4326">
    <p class='ocr_par' dir='ltr' id='par_1_75' title="bbox 2406 4264 3984 4326">
     <span class='ocr_line' id='line_1_75' title="bbox 2406 4264 3984 4326; baseline -0.001 -7"><span class='ocrx_word' id='word_1_527' title='bbox 2406 4265 2637 4319; x_wconf 73' lang='grc' dir='ltr'>ἑκάστου</span> <span class='ocrx_word' id='word_1_528' title='bbox 2695 4266 2861 4317; x_wconf 80' lang='grc' dir='ltr'>τόπου</span> <span class='ocrx_word' id='word_1_529' title='bbox 2920 4266 3000 4326; x_wconf 86' lang='grc' dir='ltr'><strong>εἱς</strong></span> <span class='ocrx_word' id='word_1_530' title='bbox 3047 4266 3172 4326; x_wconf 79' lang='grc' dir='ltr'>τοὺς</span> <span class='ocrx_word' id='word_1_531' title='bbox 3222 4265 3386 4324; x_wconf 81' lang='grc' dir='ltr'>ναοὺς</span> <span class='ocrx_word' id='word_1_532' title='bbox 3435 4265 3543 4315; x_wconf 89' lang='grc' dir='ltr'><strong>τῶν</strong></span> <span class='ocrx_word' id='word_1_533' title='bbox 3585 4264 3823 4316; x_wconf 73' lang='grc' dir='ltr'>εἰδώλων</span> <span class='ocrx_word' id='word_1_534' title='bbox 3877 4266 3984 4318; x_wconf 88' lang='grc' dir='ltr'><strong>τῶν</strong></span> 
     </span>
    </p>
   </div>
   <div class='ocr_carea' id='block_1_76' title="bbox 2399 4354 3979 4427">
    <p class='ocr_par' dir='ltr' id='par_1_76' title="bbox 2399 4354 3979 4427">
     <span class='ocr_line' id='line_1_76' title="bbox 2399 4354 3979 4427; baseline -0.001 -17"><span class='ocrx_word' id='word_1_535' title='bbox 2399 4358 2575 4411; x_wconf 76' lang='grc' dir='ltr'>ὖντων</span> <span class='ocrx_word' id='word_1_536' title='bbox 2599 4359 2657 4409; x_wconf 85' lang='grc' dir='ltr'>ὲν</span> <span class='ocrx_word' id='word_1_537' title='bbox 2693 4357 2844 4427; x_wconf 82' lang='grc' dir='ltr'>μέσῳ</span> <span class='ocrx_word' id='word_1_538' title='bbox 2867 4358 2966 4425; x_wconf 80' lang='grc' dir='ltr'>τῆς</span> <span class='ocrx_word' id='word_1_539' title='bbox 3006 4357 3235 4419; x_wconf 85' lang='grc' dir='ltr'>πόλεως,</span> <span class='ocrx_word' id='word_1_540' title='bbox 3258 4356 3352 4408; x_wconf 78' lang='grc' dir='ltr'>καὶ</span> <span class='ocrx_word' id='word_1_541' title='bbox 3394 4354 3616 4407; x_wconf 82' lang='grc' dir='ltr'>ἔσπενδε</span> <span class='ocrx_word' id='word_1_542' title='bbox 3643 4358 3756 4418; x_wconf 85' lang='grc' dir='ltr'>τοῖς</span> <span class='ocrx_word' id='word_1_543' title='bbox 3801 4356 3945 4420; x_wconf 84' lang='grc' dir='ltr'>θεοῖς</span> <span class='ocrx_word' id='word_1_544' title='bbox 3964 4374 3979 4391; x_wconf 79' lang='grc' dir='ltr'><strong>ο</strong></span> 
     </span>
    </p>
   </div>
   <div class='ocr_carea' id='block_1_77' title="bbox 2405 4448 3982 4520">
    <p class='ocr_par' dir='ltr' id='par_1_77' title="bbox 2405 4448 3982 4520">
     <span class='ocr_line' id='line_1_77' title="bbox 2405 4448 3982 4520; baseline -0.002 -16"><span class='ocrx_word' id='word_1_545' title='bbox 2405 4451 2687 4514; x_wconf 71' lang='grc' dir='ltr'>έπώζεσεν</span> <span class='ocrx_word' id='word_1_546' title='bbox 2718 4451 2774 4503; x_wconf 79' lang='grc' dir='ltr'>δὲ</span> <span class='ocrx_word' id='word_1_547' title='bbox 2812 4452 2962 4503; x_wconf 79' lang='grc' dir='ltr'>πᾶσα</span> <span class='ocrx_word' id='word_1_548' title='bbox 2994 4449 3025 4520; x_wconf 75' lang='grc' dir='ltr'>ἡ</span> <span class='ocrx_word' id='word_1_549' title='bbox 3055 4448 3208 4512; x_wconf 87' lang='grc' dir='ltr'>πόλις</span> <span class='ocrx_word' id='word_1_550' title='bbox 3260 4450 3367 4504; x_wconf 81' lang='grc' dir='ltr'>ἀπὸ</span> <span class='ocrx_word' id='word_1_551' title='bbox 3403 4450 3511 4504; x_wconf 91' lang='grc' dir='ltr'><strong>τῶν</strong></span> <span class='ocrx_word' id='word_1_552' title='bbox 3572 4449 3802 4513; x_wconf 86' lang='grc' dir='ltr'>θυσιῶν,</span> <span class='ocrx_word' id='word_1_553' title='bbox 3836 4453 3982 4520; x_wconf 77' lang='grc' dir='ltr'>μέγα</span> 
     </span>
    </p>
   </div>
   <div class='ocr_carea' id='block_1_78' title="bbox 2402 4542 3980 4613">
    <p class='ocr_par' dir='ltr' id='par_1_78' title="bbox 2402 4542 3980 4613">
     <span class='ocr_line' id='line_1_78' title="bbox 2402 4542 3980 4613; baseline -0.002 -15"><span class='ocrx_word' id='word_1_554' title='bbox 2402 4545 2458 4598; x_wconf 79' lang='grc' dir='ltr'>δὲ</span> <span class='ocrx_word' id='word_1_555' title='bbox 2495 4545 2691 4606; x_wconf 82' lang='grc' dir='ltr'>πένθος</span> <span class='ocrx_word' id='word_1_556' title='bbox 2733 4548 2953 4613; x_wconf 80' lang='grc' dir='ltr'>κατεῖχε</span> <span class='ocrx_word' id='word_1_557' title='bbox 2987 4544 3112 4606; x_wconf 78' lang='grc' dir='ltr'>τοὺς</span> <span class='ocrx_word' id='word_1_558' title='bbox 3145 4546 3400 4608; x_wconf 73' lang='grc' dir='ltr'>πιστοὺς,</span> <span class='ocrx_word' id='word_1_559' title='bbox 3450 4542 3544 4596; x_wconf 68' lang='grc' dir='ltr'><strong>καὶ</strong></span> <span class='ocrx_word' id='word_1_560' title='bbox 3591 4542 3980 4596; x_wconf 75' lang='grc' dir='ltr'>ἐταπεινοῦντο</span> 
     </span>
    </p>
   </div>
   <div class='ocr_carea' id='block_1_79' title="bbox 2403 4634 3980 4702">
    <p class='ocr_par' dir='ltr' id='par_1_79' title="bbox 2403 4634 3980 4702">
     <span class='ocr_line' id='line_1_79' title="bbox 2403 4634 3980 4702; baseline -0.001 -13"><span class='ocrx_word' id='word_1_561' title='bbox 2403 4636 2510 4689; x_wconf 76' lang='grc' dir='ltr'><strong>ἀπὸ</strong></span> <span class='ocrx_word' id='word_1_562' title='bbox 2543 4637 2652 4687; x_wconf 81' lang='grc' dir='ltr'><strong>τῶν</strong></span> <span class='ocrx_word' id='word_1_563' title='bbox 2685 4634 3110 4702; x_wconf 87' lang='grc' dir='ltr'>εἰδωλολατρῶν.</span> <span class='ocrx_word' id='word_1_564' title='bbox 3137 4635 3246 4685; x_wconf 76' lang='grc' dir='ltr'><strong>Καὶ</strong></span> <span class='ocrx_word' id='word_1_565' title='bbox 3274 4634 3502 4702; x_wconf 74' lang='grc' dir='ltr'>ἔφευγον</span> <span class='ocrx_word' id='word_1_566' title='bbox 3541 4637 3635 4688; x_wconf 82' lang='grc' dir='ltr'>καὶ</span> <span class='ocrx_word' id='word_1_567' title='bbox 3671 4637 3980 4690; x_wconf 76' lang='grc' dir='ltr'>ἐκάλυπτον</span> 
     </span>
    </p>
   </div>
   <div class='ocr_carea' id='block_1_80' title="bbox 2401 4723 3979 4794">
    <p class='ocr_par' dir='ltr' id='par_1_80' title="bbox 2401 4723 3979 4794">
     <span class='ocr_line' id='line_1_80' title="bbox 2401 4723 3979 4794; baseline -0.002 -15"><span class='ocrx_word' id='word_1_568' title='bbox 2401 4724 2468 4779; x_wconf 76' lang='grc' dir='ltr'>τὰ</span> <span class='ocrx_word' id='word_1_569' title='bbox 2499 4725 2768 4793; x_wconf 88' lang='grc' dir='ltr'>πρόσωπα</span> <span class='ocrx_word' id='word_1_570' title='bbox 2806 4723 3003 4786; x_wconf 74' lang='grc' dir='ltr'>αὐτῶν,</span> <span class='ocrx_word' id='word_1_571' title='bbox 3029 4723 3123 4775; x_wconf 76' lang='grc' dir='ltr'><strong>καὶ</strong></span> <span class='ocrx_word' id='word_1_572' title='bbox 3147 4723 3310 4786; x_wconf 74' lang='grc' dir='ltr'>πολὺς</span> <span class='ocrx_word' id='word_1_573' title='bbox 3344 4723 3645 4793; x_wconf 72' lang='grc' dir='ltr'>στεναγμὸς</span> <span class='ocrx_word' id='word_1_574' title='bbox 3693 4724 3790 4777; x_wconf 73' lang='grc' dir='ltr'><strong>καὶ</strong></span> <span class='ocrx_word' id='word_1_575' title='bbox 3821 4725 3979 4794; x_wconf 80' lang='grc' dir='ltr'>ὀδυρ-</span> 
     </span>
    </p>
   </div>
   <div class='ocr_carea' id='block_1_81' title="bbox 2406 4817 3976 4888">
    <p class='ocr_par' dir='ltr' id='par_1_81' title="bbox 2406 4817 3976 4888">
     <span class='ocr_line' id='line_1_81' title="bbox 2406 4817 3976 4888; baseline 0.001 -18"><span class='ocrx_word' id='word_1_576' title='bbox 2406 4820 2502 4888; x_wconf 75' lang='grc' dir='ltr'>μὸς</span> <span class='ocrx_word' id='word_1_577' title='bbox 2532 4821 2786 4888; x_wconf 83' lang='grc' dir='ltr'>κατεῖχεν</span> <span class='ocrx_word' id='word_1_578' title='bbox 2840 4818 3059 4883; x_wconf 78' lang='grc' dir='ltr'>αὐτοὺς,</span> <span class='ocrx_word' id='word_1_579' title='bbox 3091 4819 3200 4870; x_wconf 83' lang='grc' dir='ltr'><strong>ἀπὸ</strong></span> <span class='ocrx_word' id='word_1_580' title='bbox 3254 4817 3544 4888; x_wconf 68' lang='grc' dir='ltr'>προσώπου</span> <span class='ocrx_word' id='word_1_581' title='bbox 3593 4818 3688 4870; x_wconf 71' lang='grc' dir='ltr'><strong>τοῦ</strong></span> <span class='ocrx_word' id='word_1_582' title='bbox 3723 4818 3976 4871; x_wconf 84' lang='grc' dir='ltr'>διώκτου.</span> 
     </span>
    </p>
   </div>
   <div class='ocr_carea' id='block_1_82' title="bbox 2328 4911 3980 4995">
    <p class='ocr_par' dir='ltr' id='par_1_82' title="bbox 2328 4911 3980 4995">
     <span class='ocr_line' id='line_1_82' title="bbox 2328 4911 3980 4995; baseline 0.001 -31"><span class='ocrx_word' id='word_1_583' title='bbox 2328 4934 2372 4995; x_wconf 79' lang='lat' dir='ltr'>c</span> <span class='ocrx_word' id='word_1_584' title='bbox 2405 4914 2514 4964; x_wconf 72' lang='grc' dir='ltr'>Καὶ</span> <span class='ocrx_word' id='word_1_585' title='bbox 2543 4913 2609 4981; x_wconf 79' lang='grc' dir='ltr'>τῇ</span> <span class='ocrx_word' id='word_1_586' title='bbox 2644 4913 2828 4983; x_wconf 66' lang='grc' dir='ltr'>ἡμέρᾳ</span> <span class='ocrx_word' id='word_1_587' title='bbox 2855 4917 2921 4983; x_wconf 80' lang='grc' dir='ltr'>τῇ</span> <span class='ocrx_word' id='word_1_588' title='bbox 2956 4913 3118 4982; x_wconf 72' lang='grc' dir='ltr'>τρίτῃ</span> <span class='ocrx_word' id='word_1_589' title='bbox 3145 4914 3430 4965; x_wconf 78' lang='grc' dir='ltr'>ἐκέλευσεν</span> <span class='ocrx_word' id='word_1_590' title='bbox 3462 4915 3488 4965; x_wconf 85' lang='grc' dir='ltr'>ὀ</span> <span class='ocrx_word' id='word_1_591' title='bbox 3526 4911 3784 4980; x_wconf 77' lang='grc' dir='ltr'>βασιλεὺς</span> <span class='ocrx_word' id='word_1_592' title='bbox 3838 4913 3980 4978; x_wconf 77' lang='grc' dir='ltr'>ἑξαε-</span> 
     </span>
    </p>
   </div>
   <div class='ocr_carea' id='block_1_83' title="bbox 2401 5003 3976 5082">
    <p class='ocr_par' dir='ltr' id='par_1_83' title="bbox 2401 5003 3976 5082">
     <span class='ocr_line' id='line_1_83' title="bbox 2401 5003 3976 5082; baseline 0.001 -27"><span class='ocrx_word' id='word_1_593' title='bbox 2401 5021 2536 5074; x_wconf 76' lang='grc' dir='ltr'>φνης</span> <span class='ocrx_word' id='word_1_594' title='bbox 2571 5005 2900 5074; x_wconf 77' lang='grc' dir='ltr'>κατέχεσθαι</span> <span class='ocrx_word' id='word_1_595' title='bbox 2935 5007 3058 5066; x_wconf 77' lang='grc' dir='ltr'>τοὺς</span> <span class='ocrx_word' id='word_1_596' title='bbox 3079 5003 3456 5074; x_wconf 73' lang='grc' dir='ltr'>Χριστιανούς.</span> <span class='ocrx_word' id='word_1_597' title='bbox 3503 5005 3564 5056; x_wconf 77' lang='lat' dir='ltr'><strong>Ol</strong></span> <span class='ocrx_word' id='word_1_598' title='bbox 3601 5004 3656 5056; x_wconf 80' lang='grc' dir='ltr'>δὲ</span> <span class='ocrx_word' id='word_1_599' title='bbox 3691 5003 3976 5082; x_wconf 61' lang='grc' dir='ltr'><strong>Ἕλληνες,</strong></span> 
     </span>
    </p>
   </div>
   <div class='ocr_carea' id='block_1_84' title="bbox 2398 5097 3977 5167">
    <p class='ocr_par' dir='ltr' id='par_1_84' title="bbox 2398 5097 3977 5167">
     <span class='ocr_line' id='line_1_84' title="bbox 2398 5097 3977 5167; baseline 0.001 -18"><span class='ocrx_word' id='word_1_600' title='bbox 2398 5099 2493 5150; x_wconf 79' lang='grc' dir='ltr'>καὶ</span> <span class='ocrx_word' id='word_1_601' title='bbox 2527 5097 2576 5149; x_wconf 79' lang='grc' dir='ltr'><strong>οἱ</strong></span> <span class='ocrx_word' id='word_1_602' title='bbox 2625 5097 2872 5150; x_wconf 77' lang='grc' dir='ltr'>Ἰουδαῖοι</span> <span class='ocrx_word' id='word_1_603' title='bbox 2921 5099 3219 5150; x_wconf 80' lang='grc' dir='ltr'>ὲκολλῶντο</span> <span class='ocrx_word' id='word_1_604' title='bbox 3269 5101 3384 5161; x_wconf 74' lang='grc' dir='ltr'>τοῖς</span> <span class='ocrx_word' id='word_1_605' title='bbox 3449 5098 3834 5167; x_wconf 77' lang='grc' dir='ltr'>στρατιώταις,</span> <span class='ocrx_word' id='word_1_606' title='bbox 3887 5102 3977 5150; x_wconf 81' lang='grc' dir='ltr'>καὶ</span> 
     </span>
    </p>
   </div>
   <div class='ocr_carea' id='block_1_85' title="bbox 2398 5192 3975 5261">
    <p class='ocr_par' dir='ltr' id='par_1_85' title="bbox 2398 5192 3975 5261">
     <span class='ocr_line' id='line_1_85' title="bbox 2398 5192 3975 5261; baseline 0.001 -18"><span class='ocrx_word' id='word_1_607' title='bbox 2398 5192 2503 5244; x_wconf 74' lang='grc' dir='ltr'>ἀπὸ</span> <span class='ocrx_word' id='word_1_608' title='bbox 2538 5192 2647 5243; x_wconf 88' lang='grc' dir='ltr'><strong>τῶν</strong></span> <span class='ocrx_word' id='word_1_609' title='bbox 2673 5192 2857 5245; x_wconf 75' lang='grc' dir='ltr'>οἰκιῶν</span> <span class='ocrx_word' id='word_1_610' title='bbox 2889 5193 2982 5244; x_wconf 69' lang='grc' dir='ltr'><strong>καὶ</strong></span> <span class='ocrx_word' id='word_1_611' title='bbox 3020 5193 3128 5246; x_wconf 82' lang='grc' dir='ltr'><strong>τῶν</strong></span> <span class='ocrx_word' id='word_1_612' title='bbox 3162 5192 3368 5245; x_wconf 78' lang='grc' dir='ltr'>πόλεων</span> <span class='ocrx_word' id='word_1_613' title='bbox 3399 5192 3596 5261; x_wconf 73' lang='grc' dir='ltr'>ἔσυρον</span> <span class='ocrx_word' id='word_1_614' title='bbox 3627 5193 3722 5244; x_wconf 75' lang='grc' dir='ltr'>καὶ</span> <span class='ocrx_word' id='word_1_615' title='bbox 3747 5192 3975 5256; x_wconf 67' lang='grc' dir='ltr'><strong>ὲξέϐαλυ</strong></span> 
     </span>
    </p>
   </div>
   <div class='ocr_carea' id='block_1_86' title="bbox 2397 5283 3973 5354">
    <p class='ocr_par' dir='ltr' id='par_1_86' title="bbox 2397 5283 3973 5354">
     <span class='ocr_line' id='line_1_86' title="bbox 2397 5283 3973 5354; baseline 0.001 -20"><span class='ocrx_word' id='word_1_616' title='bbox 2397 5283 2486 5337; x_wconf 86' lang='grc' dir='ltr'><strong>λον</strong></span> <span class='ocrx_word' id='word_1_617' title='bbox 2526 5283 2651 5344; x_wconf 76' lang='grc' dir='ltr'>τοὺς</span> <span class='ocrx_word' id='word_1_618' title='bbox 2683 5287 3063 5354; x_wconf 71' lang='grc' dir='ltr'>Χριστιανοὺς,</span> <span class='ocrx_word' id='word_1_619' title='bbox 3086 5287 3177 5338; x_wconf 72' lang='grc' dir='ltr'>καὶ</span> <span class='ocrx_word' id='word_1_620' title='bbox 3208 5285 3381 5338; x_wconf 76' lang='grc' dir='ltr'>ὤθουν</span> <span class='ocrx_word' id='word_1_621' title='bbox 3413 5285 3612 5347; x_wconf 80' lang='grc' dir='ltr'>αὐτοὺς</span> <span class='ocrx_word' id='word_1_622' title='bbox 3642 5284 3782 5353; x_wconf 64' lang='grc' dir='ltr'>μετὰ</span> <span class='ocrx_word' id='word_1_623' title='bbox 3816 5288 3973 5337; x_wconf 82' lang='grc' dir='ltr'>ἀπει-</span> 
     </span>
    </p>
   </div>
   <div class='ocr_carea' id='block_1_87' title="bbox 2402 5377 3978 5448">
    <p class='ocr_par' dir='ltr' id='par_1_87' title="bbox 2402 5377 3978 5448">
     <span class='ocr_line' id='line_1_87' title="bbox 2402 5377 3978 5448; baseline -0.001 -20"><span class='ocrx_word' id='word_1_624' title='bbox 2402 5377 2630 5447; x_wconf 70' lang='grc' dir='ltr'>λῆς,καὶ</span> <span class='ocrx_word' id='word_1_625' title='bbox 2673 5378 3009 5448; x_wconf 71' lang='grc' dir='ltr'>προσέφερον</span> <span class='ocrx_word' id='word_1_626' title='bbox 3032 5380 3169 5447; x_wconf 86' lang='grc' dir='ltr'>πρὸς</span> <span class='ocrx_word' id='word_1_627' title='bbox 3198 5380 3328 5440; x_wconf 79' lang='grc' dir='ltr'>τοὺς</span> <span class='ocrx_word' id='word_1_628' title='bbox 3368 5378 3557 5446; x_wconf 74' lang='grc' dir='ltr'>ὄχλους</span> <span class='ocrx_word' id='word_1_629' title='bbox 3596 5377 3978 5448; x_wconf 83' lang='grc' dir='ltr'>συνηγμένους</span> 
     </span>
    </p>
   </div>
   <div class='ocr_carea' id='block_1_88' title="bbox 2400 5467 3977 5539">
    <p class='ocr_par' dir='ltr' id='par_1_88' title="bbox 2400 5467 3977 5539">
     <span class='ocr_line' id='line_1_88' title="bbox 2400 5467 3977 5539; baseline 0.001 -19"><span class='ocrx_word' id='word_1_630' title='bbox 2400 5471 2493 5522; x_wconf 74' lang='grc' dir='ltr'>καὶ</span> <span class='ocrx_word' id='word_1_631' title='bbox 2553 5469 2782 5533; x_wconf 81' lang='grc' dir='ltr'>θύοντας</span> <span class='ocrx_word' id='word_1_632' title='bbox 2837 5474 2950 5531; x_wconf 85' lang='grc' dir='ltr'>τοῖς</span> <span class='ocrx_word' id='word_1_633' title='bbox 3011 5470 3252 5528; x_wconf 71' lang='grc' dir='ltr'>εἰδώλοις</span> <span class='ocrx_word' id='word_1_634' title='bbox 3306 5472 3418 5538; x_wconf 75' lang='grc' dir='ltr'><strong>ἅμα</strong></span> <span class='ocrx_word' id='word_1_635' title='bbox 3444 5467 3521 5536; x_wconf 79' lang='grc' dir='ltr'><strong>τῷ</strong></span> <span class='ocrx_word' id='word_1_636' title='bbox 3556 5469 3791 5539; x_wconf 70' lang='grc' dir='ltr'>βασιλεῖ.</span> <span class='ocrx_word' id='word_1_637' title='bbox 3826 5471 3888 5522; x_wconf 79' lang='grc' dir='ltr'><strong>Οἱ</strong></span> <span class='ocrx_word' id='word_1_638' title='bbox 3921 5469 3977 5521; x_wconf 66' lang='grc' dir='ltr'>δὲ</span> 
     </span>
    </p>
   </div>
   <div class='ocr_carea' id='block_1_89' title="bbox 2401 5558 3976 5630">
    <p class='ocr_par' dir='ltr' id='par_1_89' title="bbox 2401 5558 3976 5630">
     <span class='ocr_line' id='line_1_89' title="bbox 2401 5558 3976 5630; baseline 0 -20"><span class='ocrx_word' id='word_1_639' title='bbox 2401 5558 2793 5628; x_wconf 74' lang='grc' dir='ltr'>δειλαινόμενοι</span> <span class='ocrx_word' id='word_1_640' title='bbox 2813 5563 2907 5623; x_wconf 74' lang='grc' dir='ltr'>τὰς</span> <span class='ocrx_word' id='word_1_641' title='bbox 2927 5562 3193 5630; x_wconf 70' lang='grc' dir='ltr'>βασάνους</span> <span class='ocrx_word' id='word_1_642' title='bbox 3213 5560 3527 5614; x_wconf 82' lang='grc' dir='ltr'>ώλίσθαινον</span> <span class='ocrx_word' id='word_1_643' title='bbox 3547 5563 3640 5614; x_wconf 67' lang='grc' dir='ltr'><strong>καὶ</strong></span> <span class='ocrx_word' id='word_1_644' title='bbox 3660 5561 3891 5613; x_wconf 76' lang='grc' dir='ltr'>ἔπιπτον</span> <span class='ocrx_word' id='word_1_645' title='bbox 3915 5561 3976 5611; x_wconf 81' lang='grc' dir='ltr'>ὲκ</span> 
     </span>
    </p>
   </div>
   <div class='ocr_carea' id='block_1_90' title="bbox 2400 5651 3976 5723">
    <p class='ocr_par' dir='ltr' id='par_1_90' title="bbox 2400 5651 3976 5723">
     <span class='ocr_line' id='line_1_90' title="bbox 2400 5651 3976 5723; baseline 0 -19"><span class='ocrx_word' id='word_1_646' title='bbox 2400 5653 2490 5705; x_wconf 80' lang='grc' dir='ltr'>τοῦ</span> <span class='ocrx_word' id='word_1_647' title='bbox 2509 5655 2655 5714; x_wconf 77' lang='grc' dir='ltr'>υἱοὺς</span> <span class='ocrx_word' id='word_1_648' title='bbox 2676 5651 2815 5707; x_wconf 74' lang='grc' dir='ltr'>εἶναι</span> <span class='ocrx_word' id='word_1_649' title='bbox 2833 5655 2930 5723; x_wconf 76' lang='grc' dir='ltr'>τῆς</span> <span class='ocrx_word' id='word_1_650' title='bbox 2954 5655 3187 5716; x_wconf 84' lang='grc' dir='ltr'>πίστεως</span> <span class='ocrx_word' id='word_1_651' title='bbox 3211 5657 3287 5717; x_wconf 87' lang='grc' dir='ltr'><strong>εἰς</strong></span> <span class='ocrx_word' id='word_1_652' title='bbox 3301 5656 3397 5717; x_wconf 85' lang='grc' dir='ltr'><strong>τὰς</strong></span> <span class='ocrx_word' id='word_1_653' title='bbox 3414 5654 3600 5715; x_wconf 72' lang='grc' dir='ltr'>θυσίας</span> <span class='ocrx_word' id='word_1_654' title='bbox 3617 5655 3726 5707; x_wconf 87' lang='grc' dir='ltr'><strong>τῶν</strong></span> <span class='ocrx_word' id='word_1_655' title='bbox 3743 5653 3976 5705; x_wconf 70' lang='grc' dir='ltr'>εἰδώλων</span> 
     </span>
    </p>
   </div>
   <div class='ocr_carea' id='block_1_91' title="bbox 2401 5744 3975 5816">
    <p class='ocr_par' dir='ltr' id='par_1_91' title="bbox 2401 5744 3975 5816">
     <span class='ocr_line' id='line_1_91' title="bbox 2401 5744 3975 5816; baseline 0.001 -22"><span class='ocrx_word' id='word_1_656' title='bbox 2401 5744 2713 5816; x_wconf 79' lang='grc' dir='ltr'>ἔμπροσθεν</span> <span class='ocrx_word' id='word_1_657' title='bbox 2752 5747 2844 5798; x_wconf 71' lang='grc' dir='ltr'>τοῦ</span> <span class='ocrx_word' id='word_1_658' title='bbox 2895 5749 3051 5816; x_wconf 71' lang='grc' dir='ltr'>ὄχλου</span> <span class='ocrx_word' id='word_1_659' title='bbox 3082 5765 3095 5778; x_wconf 73' lang='grc' dir='ltr'><strong>ο</strong></span> <span class='ocrx_word' id='word_1_660' title='bbox 3132 5747 3180 5798; x_wconf 89' lang='grc' dir='ltr'>οἱ</span> <span class='ocrx_word' id='word_1_661' title='bbox 3212 5747 3267 5799; x_wconf 79' lang='grc' dir='ltr'>δὲ</span> <span class='ocrx_word' id='word_1_662' title='bbox 3315 5750 3632 5816; x_wconf 74' lang='grc' dir='ltr'>Χριστιανοὶ</span> <span class='ocrx_word' id='word_1_663' title='bbox 3675 5748 3975 5807; x_wconf 73' lang='grc' dir='ltr'>ἀκούοντες</span> 
     </span>
    </p>
   </div>
   <div class='ocr_carea' id='block_1_92' title="bbox 2399 5839 3975 5910">
    <p class='ocr_par' dir='ltr' id='par_1_92' title="bbox 2399 5839 3975 5910">
     <span class='ocr_line' id='line_1_92' title="bbox 2399 5839 3975 5910; baseline 0.002 -22"><span class='ocrx_word' id='word_1_664' title='bbox 2399 5839 2577 5891; x_wconf 73' lang='grc' dir='ltr'>ταῦτα</span> <span class='ocrx_word' id='word_1_665' title='bbox 2612 5839 3077 5910; x_wconf 72' lang='grc' dir='ltr'>ὲστενοχωροῦντο</span> <span class='ocrx_word' id='word_1_666' title='bbox 3105 5843 3196 5893; x_wconf 69' lang='grc' dir='ltr'><strong>καὶ</strong></span> <span class='ocrx_word' id='word_1_667' title='bbox 3226 5841 3484 5894; x_wconf 67' lang='grc' dir='ltr'>ἐπένθουν</span> <span class='ocrx_word' id='word_1_668' title='bbox 3533 5841 3630 5905; x_wconf 75' lang='grc' dir='ltr'>τὰς</span> <span class='ocrx_word' id='word_1_669' title='bbox 3658 5840 3837 5910; x_wconf 71' lang='grc' dir='ltr'>ψυχὰς</span> <span class='ocrx_word' id='word_1_670' title='bbox 3869 5843 3975 5893; x_wconf 84' lang='grc' dir='ltr'><strong>τῶν</strong></span> 
     </span>
    </p>
   </div>
  </div>
