4180 6524
215 478 324 540 ίῖθ

1337 484 1433 543 DE
1475 479 1769 542 SEPTEM
1810 479 2400 544 DORMIENTIBUS.

3360 493 3462 551 630

205 598 626 668 δειλαινομένων
668 600 1134 670 προσχωρούντων
1184 602 1262 664 είς
1301 601 1400 665 τάξ
1439 600 1632 661 θυσίας
1683 597 1783 650 τῶν

1897 613 2122 653 numero
2177 600 2230 653 iu
2293 601 2495 655 Christi
2559 605 2660 657 ﬁde
2715 606 3022 659 stabiliores
3060 607 3260 661 inventi
3315 621 3459 676 sunt,

205 689 462 754 εἰδώλων,
507 691 557 743 oi
592 689 649 742 δέ
684 690 1012 761 εὑρεθέντες
1055 693 1258 763 ἑδραῖοι
1289 694 1346 745 ἐν
1389 692 1455 763 τῇ
1497 691 1682 743 πίστει
1712 689 1784 741 ’ἐν

203 780 277 849 τῷ
311 782 496 852 καιρῷ
540 782 762 851 ἐκείνῳ,
805 783 1100 852 ἑστήκασιν
1145 782 1239 835 ἐπὶ
1277 783 1375 852 τὴν
1427 782 1633 851 πέτραν
1687 781 1786 850 τῆς

205 874 442 936 πίστεως
480 875 680 943 ἀκλινῆ
715 875 806 926 τὸν
871 875 1131 942 λογισμὸν
1177 873 1417 943 ἔχοντες,
1443 872 1540 928 καὶ
1576 872 1650 943 μὴ
1687 889 1785 940 φο-

205 966 462 1035 ϐούμενοι
489 967 588 1030 τὰς
619 967 854 1030 ἀπειλὰς
877 967 986 1019 τῶν
1012 968 1314 1036 τυράννων,
1341 966 1622 1036 δεχόμενοι
1649 965 1705 1018 δὲ
1729 966 1786 1017 ἐν

201 1057 278 1125 τῷ
308 1059 525 1127 σώματι
555 1057 735 1111 αὐτῶν
758 1059 828 1111 τὰ
863 1058 988 1128 βέλη
1010 1059 1107 1111 τοῦ
1133 1057 1397 1129 πονηροῦ,
1416 1059 1510 1111 καὶ
1529 1057 1598 1112 τὰ
1624 1056 1786 1110 λοιπὰ

202 1145 606 1216 βασανιστήρια
636 1147 908 1214 γενναίως
939 1149 1236 1218 ὑπέφερον.

274 1239 346 1292 Γ’.
370 1241 435 1290 At
470 1239 527 1291 δὲ
562 1241 768 1309 σάρκες
796 1241 906 1294 τῶν
933 1241 1108 1308 ἁγίων
1128 1240 1516 1294 ἐταπεινοῦντο
1547 1239 1653 1293 ὑπὸ
1673 1239 1785 1293 τῶν

205 1329 478 1399 βασάνων,
502 1333 596 1382 καὶ
615 1332 686 1382 τὰ
707 1332 922 1400 αἵματα
943 1335 1005 1385 ἐκ
1029 1332 1135 1384 τῶν
1157 1332 1338 1401 μελῶν
1382 1333 1564 1386 αὐτῶν
1591 1334 1785 1404 ἔρρεεν

202 1421 294 1470 ἐπὶ
309 1421 409 1486 τὴν
432 1421 562 1488 γῆν,
583 1421 676 1474 καὶ
701 1423 790 1474 ἐπ’
811 1420 925 1476 ἄνω
944 1424 1052 1475 τῶν
1074 1423 1301 1494 πύργων
1321 1425 1539 1477 καὶτῶν
1555 1424 1783 1493 τειχέων

201 1511 298 1576 τῆς
319 1509 556 1574 πόλεως,
577 1513 706 1582 ἐκρέ
718 1530 884 1580 μοντο
903 1514 970 1566 τὰ
991 1514 1220 1584 σώματα
1241 1515 1352 1568 τῶν
1374 1515 1548 1584 ἁγίων
1571 1531 1584 1545 ’
1602 1515 1700 1589 τὰς
1728 1515 1785 1568 δὲ

200 1602 445 1667 κεφαλὰς
474 1603 658 1656 αὐτῶν
680 1606 966 1659 ἐκόντευον
1007 1610 1103 1661 ἐπὶ
1136 1607 1288 1672 ξύλον
1321 1608 1635 1679 ἔμπροσθεν
1672 1609 1781 1661 τῶν

203 1691 391 1744 πυλῶν
424 1694 526 1764 τῆς
553 1695 781 1761 πόλεως,
804 1699 894 1750 καὶ
917 1701 966 1751 oi
1003 1699 1260 1768 κόρακες,
1285 1699 1380 1751 καὶ
1403 1700 1451 1752 oi
1472 1699 1665 1766 γῦπες,
1691 1701 1787 1752 καὶ

200 1784 268 1836 τὰ
293 1785 483 1854 πλήθη
499 1786 608 1840 τῶν
634 1790 895 1842 πετεινῶν
915 1789 1178 1843 ἐκύκλουν
1200 1791 1386 1842 ἐπάνω
1412 1790 1520 1842 τῶν
1539 1790 1784 1860 τειχέων,

201 1877 296 1931 καὶ
319 1878 626 1946 κατήσθιον
645 1880 713 1932 τὰ
744 1881 974 1949 σώματα
1010 1881 1120 1933 τῶν
1150 1883 1324 1948 ἁγίων
1353 1883 1672 1951 μαρτύρων,
1691 1882 1786 1934 καὶ

201 1965 400 2029 πένθος
439 1969 584 2036 μέγα
616 1972 833 2039 κατεῖχε
859 1972 983 2033 τοὺς
1003 1974 1227 2033 πιστοὺς
1271 1974 1411 2043 ὑπὲρ
1454 1975 1554 2042 τῆς
1579 1974 1782 2043 τόλμης

197 2059 429 2128 ταύτης.
458 2060 648 2123 Οὕτως
694 2059 762 2133 ἦν
792 2068 818 2117 ὁ
839 2065 991 2131 ἁγὼν
1035 2067 1231 2136 μεστὸς
1256 2066 1423 2136 φόϐου
1451 2070 1562 2130 τοῖς
1585 2068 1784 2136 ὁρῶσιν

198 2152 392 2205 αὐτόν.
415 2151 569 2222 Αὕτη
593 2150 660 2224 ἦν
681 2157 714 2225 ἡ
740 2157 939 2230 ἀπειλὴ
970 2160 1002 2228 ἠ
1028 2159 1437 2230 πεπληρωμένη
1465 2160 1696 2213 θανάτου
1713 2160 1782 2229 ἦν

196 2243 246 2292 οἱ
273 2242 522 2311 οὐράνιοι
547 2247 640 2300 καὶ
663 2249 712 2300 oi
731 2249 963 2318 ἐπίγειοι
991 2250 1333 2319 ἐθαύμασαν,
1353 2253 1402 2302 οἱ
1439 2252 1576 2304 λίθοι
1618 2253 1778 2304 ἐπέν-

199 2337 330 2386 θουν
353 2333 456 2404 τὴν
485 2336 660 2408 θλίψιν
689 2340 789 2412 τὴν
823 2343 1144 2413 γενομένην.
1176 2345 1284 2396 Καὶ
1334 2343 1391 2395 αἱ
1443 2343 1642 2414 ἀγοραὶ
1680 2347 1783 2416 τῆς

196 2427 411 2490 πόλεως
438 2431 740 2486 ἐκακοῦντο
765 2435 828 2486 ἐκ
859 2434 966 2488 τῶν
997 2435 1294 2506 συρματων
1321 2435 1430 2489 τῶν
1458 2437 1640 2507 μελῶν
1667 2439 1778 2490 τῶν

199 2519 376 2586 ἁγίων
429 2521 542 2575 τῶν
592 2525 909 2594 συρομένων
960 2529 1148 2581 ἐπάνω
1198 2530 1400 2583 αὐτῶν.
1453 2534 1679 2600 Δάκρυα
1724 2533 1780 2585 δὲ

197 2612 378 2681 πικρὰ
406 2615 777 2681 κατεφέροντο
805 2616 913 2668 ἀπὸ
942 2617 1050 2668 τῶν
1077 2618 1376 2686 ὀφθαλμῶν
1407 2621 1482 2671 τῶ
1547 2622 1777 2686 πιστῶν,

196 2704 284 2755 ὅτε
327 2703 562 2756 ἐόλεπον
589 2706 655 2755 τὰ
686 2703 917 2772 σώματα
942 2705 1051 2757 τῶν
1083 2707 1254 2772 ἁγίων
1285 2708 1570 2778 ἐρῤιμένα,
1596 2713 1688 2763 καὶ
1713 2714 1781 2764 τὰ

196 2795 332 2862 γένη
364 2795 474 2844 τῶν
504 2792 768 2846 πετεινῶν
805 2795 1164 2850 κατεσθίοντα
1193 2798 1352 2855 αὑτά.
1382 2801 1541 2854 Ποῖον
1585 2802 1780 2864 πένθος

195 2883 393 2946 τούτου
435 2887 624 2954 μεῖζον
654 2883 758 2958 ἦν;
795 2889 867 2941 "H
900 2893 1050 2952 ποῖος
1086 2893 1286 2960 τρόπος
1330 2895 1524 2948 τούτου
1551 2895 1787 2967 σκληρό-

193 2990 356 3042 τερος
385 2968 453 3044 ἦν
479 2991 494 3039 ;
525 2975 656 3028 Ὅτε
690 2979 739 3029 οἱ
788 2980 974 3030 πιστοὶ
1019 2979 1254 3047 ἔφευγον
1285 2981 1382 3034 καὶ
1440 2984 1539 3044 τὰς
1593 2991 1784 3058 χεῖρας

197 3069 337 3134 πρὸς
371 3071 465 3120 τὸν
519 3068 653 3119 Θεὸν
701 3066 872 3136 ὕψουν
925 3070 1172 3139 δεόμενοι
1208 3074 1360 3136 ὅπως
1413 3076 1687 3142 ῥυσθῶσιν
1719 3082 1783 3131 ἐκ

195 3162 309 3213 τῶν
336 3160 540 3229 χειρῶν
567 3160 661 3214 τοῦ
690 3162 1104 3232 τυραννοῦντος,
1125 3165 1362 3236 πατέρες
1388 3169 1454 3220 τὰ
1484 3170 1588 3222 ῖδια
1616 3172 1784 3240 τέκνα

1889 699 2124 756 mentem
2160 703 2323 761 atque
2362 695 2742 764 cogitationem
2785 697 2990 750 ﬁrmam
3044 712 3458 764 conservantes,

1886 799 2063 853 neque
2115 785 2326 854 tyranni
2358 787 2531 840 minas
2570 787 3006 853 cxtimescentes,
3057 792 3150 844 sed
3199 795 3467 862 nequissi-

1887 875 1959 928 mi
2000 875 2201 929 diaboli
2246 876 2348 930 tela
2377 877 2492 932 suis
2521 880 2846 946 corporibus
2895 882 3126 936 libenter
3175 887 3459 955 excipien-

1888 977 1990 1032 tes,
2041 969 2320 1036 cruciatus
2357 986 2549 1026 omnes
2583 972 2706 1026 farti
2742 974 2925 1029 animo
2963 976 3328 1046 perferebant.

1960 1228 2053 1283 ill.
2093 1227 2277 1298 Itaque
2332 1241 2643 1284 sanctorum
2701 1241 2996 1301 martyrum
3049 1246 3243 1287 carnes
3281 1234 3465 1290 multis

1887 1324 2163 1392 variisque
2206 1323 2490 1379 tormentis
2521 1323 2919 1389 lacerabantur,
2958 1325 3028 1380 ita
3062 1334 3121 1379 ut
3155 1339 3216 1378 es
3251 1326 3462 1382 illorum

1887 1418 2207 1471 vulneribus
2250 1418 2452 1471 multus
2487 1419 2707 1488 sanguis
2735 1416 3018 1472 deﬂueret.
3063 1417 3306 1483 Quorum
3339 1435 3463 1477 cor-

1890 1523 2019 1577 pora
2049 1509 2101 1562 in
2123 1510 2274 1563 urbis
2301 1509 2572 1564 mmnibus
2601 1526 2664 1563 ac
2693 1511 2936 1565 turribus
2958 1513 3427 1579 suspendebantur
3449 1554 3461 1566 .

1890 1602 2069 1669 capita
2115 1616 2244 1654 vero
2298 1602 2434 1670 palis
2482 1601 2658 1664 afﬁxa,
2705 1604 3058 1673 erigebantur
3101 1615 3227 1658 ante
3257 1616 3463 1675 portas.

1891 1690 2073 1758 itaque
2120 1691 2290 1754 corvi,
2343 1693 2589 1747 vultures
2639 1702 2693 1747 et
2738 1695 3005 1763 ejusmodi
3067 1710 3219 1757 aves.
3263 1699 3465 1753 muania

1892 1780 1980 1836 illa
2007 1783 2431 1845 circumdantes.
2468 1794 2780 1839 sanctorum
2814 1794 3113 1855 martyrum
3143 1801 3339 1846 carnes
3375 1790 3462 1844 di-

1893 1876 2187 1933 laniabant.
2233 1877 2364 1943 Quae
2405 1893 2492 1932 res
2541 1878 2865 1934 Christianis
2912 1881 3226 1937 hominibus
3265 1899 3466 1939 maero-

1816 1951 1864 2010 Β
1895 1983 2007 2023 rem
2048 1969 2326 2025 aﬁ‘crcbat.
2383 1970 2509 2025 Tale
2543 1982 2863 2042 tantumque
2892 1983 3168 2028 certamen
3219 1976 3467 2044 proposi-

1895 2071 2008 2115 tum
2062 2071 2179 2114 erat
2223 2062 2349 2124 his,
2408 2062 2498 2130 qui
2556 2061 2756 2117 Christi
2829 2063 2988 2118 ﬁdem
3040 2065 3465 2122 conﬁtebantur.

1894 2154 2053 2208 Tales
2103 2163 2261 2209 erant
2298 2154 2456 2210 minae
2505 2155 2727 2210 terroris
2771 2156 2964 2225 plenaz,
3009 2159 3262 2214 omnibus
3309 2160 3468 2228 plane

1891 2245 2290 2301 formidolosae:
2328 2247 2464 2301 tales
2528 2262 2806 2312 aerumnae,
2857 2247 3064 2316 lapides
3141 2248 3254 2304 fere
3321 2251 3469 2320 ipsos

1892 2347 2320 2392 commoventes.
2380 2336 2703 2390 Sanctorum
2757 2347 3055 2407 martyrum
3109 2340 3468 2396 cadaveribus

1891 2431 2039 2485 urbis
2070 2431 2259 2500 platea:
2297 2429 2734 2484 coarctabantur.
2769 2429 2993 2484 Flebant
3039 2440 3220 2486 autem
3261 2432 3467 2492 ﬁdeles.

1892 2522 2034 2591 quod
2067 2530 2252 2575 sancta
2277 2520 2368 2574 illa
2387 2535 2613 2588 corpora
2645 2519 2699 2574 in
2737 2521 2896 2576 terris
2927 2520 3160 2591 dejecta,
3223 2522 3471 2581 viderent

1895 2628 1924 2668 a
1966 2613 2280 2668 volucribus
2344 2611 2593 2666 lacerari.
2661 2609 2878 2677 Quaeso,
2927 2613 3197 2681 quodnam
3260 2615 3470 2671 facinus

1893 2713 2176 2772 tantopere
2217 2702 2543 2756 dolendum?
2592 2701 2724 2767 Quae.
2766 2703 2942 2757 caedes
2985 2703 3061 2759 sic
3107 2704 3362 2761 immanis
3415 2717 3470 2760 et

1891 2795 2130 2851 acerba?
2162 2796 2313 2850 Tunc
2342 2793 2642 2847 Christiani
2683 2793 2956 2859 homines,
2993 2795 3244 2852 manibus
3278 2797 3332 2851 in
3359 2813 3471 2854 οων

1892 2889 2004 2943 lum
2060 2887 2278 2950 erectis,
2315 2886 2680 2956 precabantur
2727 2885 2921 2951 Deum,
2960 2896 3018 2940 ut
3064 2888 3412 2957 eriperentur
3438 2906 3471 2947 ο

1895 2981 2147 3036 manibus
2183 2979 2418 3052 tyranni.
2450 2977 2638 3034 Patres
2665 2978 2828 3042 ﬁlios,
2884 2977 2976 3032 ﬁlii
3017 2988 3200 3049 patres
3235 2981 3470 3053 abnege-

1892 3073 2045 3129 bant.
2090 3072 2441 3126 Calamitates
2474 3072 2604 3140 ipsa:
2642 3072 3009 3126 amicissimos
3056 3072 3201 3128 viros
3235 3087 3264 3125 a
3294 3088 3352 3128 se
3383 3075 3457 3128 vi.

1893 3164 2075 3217 cissim
2117 3162 2516 3230 disjnngebant.
2551 3162 2617 3214 At
2655 3164 2728 3230 (I)
2764 3161 3163 3217 Maximilianus
3189 3200 3204 3226 ,
3238 3163 3467 3221 Jambli-

198 3253 473 3322 ἠρνοῦντο
499 3267 513 3282 ’
539 3253 743 3323 ὁμοίως
775 3258 869 3308 καὶ
905 3258 1074 3312 τέκνα
1112 3261 1234 3323 τοὺς
1267 3263 1478 3315 ἑαυτῶν
1508 3266 1775 3335 πατέρας,

1893 3271 2008 3319 cus,
2067 3255 2349 3321 Martinus,
2401 3253 2658 3318 Joannes,
2713 3253 3024 3327 Dionysius,
3075 3254 3468 3314 Exacnstadius

198 3343 348 3412 φίλοι
382 3344 558 3414 φίλων
588 3347 889 3416 ἐσχίζοντο,
919 3347 1020 3400 ὑπὸ
1054 3350 1150 3418 τῆς
1191 3349 1424 3418 θλίψεως
1477 3358 1578 3422 τῆς
1631 3373 1784 3421 γενο-

199 3438 396 3507 μένης.
435 3440 875 3508 Μαξιμιλλιανὸς
905 3441 962 3494 δὲ
992 3442 1085 3495 καὶ
1133 3442 1462 3514 Ἰἀμόλιχος,
1487 3448 1582 3500 καὶ
1625 3449 1783 3516 Μαρ-

196 3533 365 3594 τῖνος,
399 3532 496 3582 καὶ
543 3531 818 3601 Ἰωάννης,
852 3534 946 3585 καὶ
987 3533 1290 3598 Διονύσιος,
1322 3537 1413 3589 καὶ
1462 3538 1784 3602 Ἐξακοστο-

196 3622 403 3683 agas/ig,
430 3624 527 3673 καὶ
587 3624 925 3687 Ἀντωνῖνος,
968 3625 1166 3686 οἵτινες
1201 3629 1292 3678 καὶ
1327 3625 1466 3695 ἦσαν
1498 3632 1700 3700 ἑδραῖοι
1728 3638 1784 3689 ἐν

196 3716 264 3780 τῇ
328 3713 513 3765 πίστει
567 3715 662 3767 τοῦ
697 3714 962 3782 Χριστοῦ,
1012 3715 1376 3785 βαστάζοντες
1411 3721 1478 3773 τὰ
1511 3723 1658 3792 πάθη
1687 3727 1782 3778 τοῦ

198 3808 441 3878 Χριστοῦ
480 3811 538 3862 ἐν
565 3812 641 3882 τῷ
671 3814 883 3880 σώματι
909 3814 1108 3866 αὐτῶν·
1136 3815 1370 3884 ὁρῶντες
1420 3818 1488 3871 τὰ
1514 3820 1776 3890 γινόμενα

1889 3356 1949 3401 et
1965 3347 2294 3410 Antoninus,
2323 3345 2486 3399 simul
2515 3355 2817 3409 versantes,
2854 3362 3152 3416 omnesque
3179 3348 3380 3416 pariter
3415 3349 3467 3402 in

1886 3439 2090 3494 Christi
2129 3439 2234 3492 ﬁde
2265 3437 2509 3498 stabiles,
2549 3447 2603 3490 et
2630 3436 2833 3490 Christi
2865 3438 3146 3505 passiones
3181 3439 3236 3492 in
3270 3455 3468 3508 corpo-

1887 3530 2038 3584 ribus
2083 3529 2198 3582 suis
2251 3538 2546 3595 gestantes,
2589 3543 2712 3582 cum
2767 3528 3013 3584 viderent
3055 3545 3176 3599 quae
3222 3531 3469 3600 quotidie

1890 3633 2078 3679 contra
2111 3621 2454 3677 Christianos
2480 3621 2849 3686 efﬁcerentur,
2875 3622 3026 3687 ﬁetu,
3059 3624 3284 3694 gemitu,
3315 3624 3462 3693 jeju-

1891 3719 1997 3774 niis
2042 3732 2104 3771 ac
2144 3718 2398 3786 precibus
2447 3716 2665 3771 assidue
2696 3730 2754 3770 se
2798 3714 3266 3769 communiebant.
3299 3716 3469 3769 Erant

1890 3821 2068 3865 autem
2111 3811 2404 3865 illustrium
2433 3812 2674 3862 virorum
2719 3816 2771 3861 et
2806 3807 3128 3877 optimatum
3165 3805 3315 3860 urhis
3349 3807 3460 3859 ﬁlii.

199 3909 324 3962 καθ’
363 3911 606 3980 ἑκάστην
641 3909 855 3979 ἡμέραν
904 3909 1118 3962 ἔκλαιον
1154 3912 1248 3964 καλ⁵
1278 3913 1586 3980 ἐστέναζον,
1613 3921 1705 3971 καὶ
1734 3921 1765 3990 ὴ
1795 3920 1981 3989 ὅρασις
2012 3921 2112 3990 τῆς
2149 3919 2324 3990 ὅψεως
2374 3918 2555 3972 αὐτῶν
2585 3915 2884 3984 ἠλλοιοῦτο,
2928 3915 3020 3968 καὶ
3061 3914 3338 3978 νηστείαις
3368 3915 3462 3966 καὶ

199 4009 540 4074 προσευχαῖς
570 4002 708 4072 ἦσαν
737 4006 1279 4074 προσκαρτεροῦντες
1304 4005 1394 4059 διὰ
1424 4012 1642 4076 παντός,
1677 4016 1867 4088 ἐπειδὴ
1909 4020 2019 4072 τῶν
2078 4018 2336 4085 ἐμφανῶν
2390 4013 2482 4068 τοῦ
2523 4014 2812 4076 παλατίου,
2841 4012 2935 4065 καὶ
2967 4011 3074 4065 τῶν
3107 4011 3335 4084 πρώτων
3361 4016 3460 4084 τῆς

199 4099 407 4159 πόλεως
435 4093 577 4166 ἦσαν
603 4097 790 4150 τέκνα.

270 4191 349 4247 Δ’.
396 4192 486 4245 Ἐν
513 4191 570 4243 δὲ
596 4191 672 4260 τῷ
706 4190 882 4262 καιρῷ
910 4191 967 4244 ἐν
1004 4184 1048 4258 ᾧ
1081 4193 1435 4263 συνήθροιζεν
1463 4198 1491 4249 ὁ
1529 4197 1781 4268 βασιλεὺς

198 4287 269 4340 τὰ
298 4286 483 4356 πλήθη
516 4286 596 4348 είς
625 4283 724 4355 τὴν
755 4284 949 4337 θυσίαν
968 4284 1075 4336 τῶν
1110 4286 1355 4352 ματαίων
1377 4286 1636 4353 εἰδώλων,
1661 4290 1783 4344 τότε

200 4382 534 4436 ὑπέστελλον
560 4379 787 4441 ἑαυτοὺς
813 4380 862 4431 οἱ
886 4377 1033 4445 ἁγιοι
1060 4370 1208 4431 οῦτοι
1231 4385 1324 4432 καί
1351 4381 1674 4450 είσήρχοντο
1701 4385 1784 4446 εἰς

199 4472 298 4543 τὴν
339 4471 694 4536 Ἐκκλησίαν,
717 4470 809 4522 καὶ
837 4468 1065 4521 ἔπιπτον
1097 4471 1190 4522 ἐπὶ
1222 4472 1322 4538 τὴν
1348 4469 1475 4537 γῆν.
1503 4471 1614 4530 Καὶ
1649 4469 1784 4541 χοῦν

202 4564 437 4617 εὖαλλον
484 4563 577 4613 ἐπὶ
607 4562 707 4622 τὰς
745 4561 992 4628 κεφαλὰς
1041 4561 1246 4625 αὐτῶν,
1291 4563 1384 4614 καὶ
1421 4560 1638 4614 ἔκλαιον
1690 4564 1784 4616 καὶ

202 4655 496 4716 ἐστέναζον
530 4649 763 4703 ἐνώπιον
788 4651 881 4702 τοῦ
923 4649 1080 4703 Θεοῦ.
1106 4651 1572 4720 Παριτηρήσαντο
1602 4653 1659 4705 δέ
1684 4653 1783 4708 αὺ-

204 4750 328 4809 τοὺς
359 4747 411 4797 oi.
453 4741 879 4811 συμπράκτορες
928 4739 1130 4803 αὐτῶν,
1171 4742 1252 4794 ὃτι
1280 4744 1336 4795 ἐν
1360 4741 1440 4812 τῷ
1475 4744 1655 4814 καιρῷ
1687 4745 1785 4814 τῆς

206 4839 394 4901 θυσίας
425 4835 537 4890 τῶν
570 4833 710 4886 Θεῶν
739 4831 1046 4903 ἀνεχώρουν
1069 4835 1149 4901 είς
1174 4832 1271 4905 τὴν
1305 4835 1636 4906 Ἐκκλησίαν
1675 4836 1784 4888 τῶν

205 4931 441 4992 πιστῶν,
470 4929 568 4981 καὶ
601 4925 677 4989 ὡς
700 4926 943 4996 ἐξητεῖτο
974 4923 1203 4986 ἕκαστος
1238 4925 1330 4979 τοῦ
1365 4923 1525 4980 θῦσαι
1550 4924 1784 4980 ἐνώπιον

203 5020 311 5073 τῶν
331 5019 492 5072 iisan;
528 5018 806 5080 Ἐλθόντες
829 5019 878 5070 oi
897 5017 1345 5085 παρατηροῦντες
1361 5018 1555 5082 αὐτοὺς
1585 5013 1739 5072 εἷπον
1766 5032 1782 5051 ⁸

205 5111 460 5172 Baetici).
489 5111 570 5172 είς
606 5115 731 5195 τους
764 5112 968 5173 αίὼνας
1020 5107 1169 5179 ζῆθι,
1195 5112 1260 5164 σὺ
1293 5113 1419 5172 τοὺς
1452 5114 1532 5174 ιίς
1567 5113 1787 5181 μακρὰν

206 5207 510 5276 ἀπέχοντας
589 5203 976 5272 προσεγγίζεις
1023 5203 1086 5271 τῇ
1117 5200 1280 5271 θυσία
1328 5201 1437 5254 τῶν
1492 5202 1654 5268 θεῶν,
1695 5205 1787 5256 καὶ

209 5297 316 5356 ἰδοὺ
341 5300 390 5352 ot
414 5282 748 5366 ’ἐγγίζοντές
800 5312 881 5348 σοι
918 5293 1322 5363 καταφρονοῦσι
1351 5293 1454 5363 τῆς
1504 5295 1784 5364 βασιλείας

210 5406 299 5444 σου
316 5401 343 5424 α
367 5393 464 5443 καὶ
499 5391 574 5444 τὰ
604 5387 1002 5457 προστάγματὰ
1025 5403 1119 5439 σου
1145 5387 1540 5456 ἁκυροῦσι,καὶ
1565 5388 1783 5458 μακρὰν

205 5486 341 5539 αὑτὰ
368 5480 515 5537 εἷναι
541 5481 834 5555 ἡγοῦνται,
865 5480 962 5533 καὶ
988 5482 1053 5547 τῇ
1088 5477 1356 5550 θρησκείᾳ
1377 5477 1486 5531 τῶν
1514 5479 1781 5549 Χριστιαο

203 5576 305 5632 νῶν
326 5574 683 5648 λατρεύουσι.
706 5569 1130 5642 Μαξιμιλλιανὸς
1152 5570 1208 5621 δέ
1233 5567 1300 5640 ἦν
1319 5571 1432 5633 υίὸς
1469 5571 1568 5624 τοῦ
1605 5573 1782 5644 ἐπάρ-

203 5687 316 5741 χου,
356 5674 453 5722 καὶ
495 5665 718 5738 πρῶτος
765 5665 966 5729 αὐτῶν,
995 5665 1089 5714 καὶ
1116 5662 1167 5713 οἱ
1201 5663 1409 5730 ἑταῖροι
1443 5662 1610 5715 αὐτοῦ
1641 5658 1782 5734 ἦσαν

202 5765 408 5837 πρῶτοι
439 5764 500 5813 ἐν
532 5763 654 5821 ταῖς
676 5757 984 5826 στρατείαις
1001 5755 1108 5807 τῶν
1129 5752 1520 5805 διαϐαλλόντων
1551 5752 1776 5815 αὐτούς.

273 5902 348 5971 (l)
379 5895 934 5971 Maxitnilianus,etc.
964 5890 1079 5944 Alia
1114 5890 1337 5971 nomina
1390 5887 1554 5971 habet
1580 5884 1785 5971 Grego-

205 5959 729 6026 riu‘s'Turoneusis,
773 5968 856 6018 cui
885 5962 1160 6018 consentit
1211 5959 1648 6029 Martyrologium
1690 5959 1793 6012 Ro-

1956 4205 2046 4261 lV.
2085 4206 2220 4261 Cum
2273 4220 2405 4260 vero
2448 4205 2748 4274 imperator
2805 4201 2992 4257 turbas
3050 4197 3336 4273 gentilium
3391 4203 3459 4259 ad

1885 4298 2132 4353 inanium
2203 4298 2468 4352 idolorum
2520 4294 2784 4350 sacriﬁcia
2857 4303 3263 4364 congregasset,
3327 4305 3460 4350 tunc

1887 4391 2061 4447 sancti
2121 4389 2242 4454 viri,
2303 4404 2442 4458 quos
2506 4386 2665 4456 paulo
2724 4395 2854 4440 ante
2925 4385 3352 4448 nominavimus.
3404 4388 3460 4442 in

1891 4499 2058 4539 unum
2085 4483 2265 4538 locum
2301 4487 2697 4545 convenerunt,
2735 4479 3008 4549 simulque
3031 4479 3096 4533 ad
3122 4475 3464 4537 Christiano-

1891 4592 2010 4630 rum
2043 4577 2330 4630 ecclesiam
2355 4575 2606 4644 ingressi,
2641 4581 3049 4642 prostraverunt
3075 4588 3134 4628 se
3162 4575 3214 4626 in
3242 4583 3463 4634 terram.

1889 4678 1943 4724 et
1976 4669 2199 4738 pulvere
2256 4665 2433 4736 capita
2478 4679 2575 4718 sua
2623 4670 3077 4732 conspergentes,
3125 4673 3252 4716 ante
3292 4663 3461 4717 Deum

1889 4763 2122 4833 gemitus
2151 4769 2207 4816 et
2231 4760 2500 4831 lacrymas
2543 4755 2921 4812 eﬁ‘undebant.
2956 4752 3109 4820 Quod
3150 4770 3272 4810 cum
3315 4754 3461 4809 iace-

1891 4862 2035 4918 rent,
2082 4851 2356 4907 ohservati
2398 4858 2528 4904 sunt
2560 4864 2589 4903 a
2622 4848 3061 4919 speculatoribus
3118 4849 3450 4918 quibusdam

1888 4945 2033 5014 quod
2072 4943 2280 4997 scilicet
2306 4952 2551 5012 tempore
2580 4940 2694 5004 illo,
2729 4954 2838 5010 quo
2889 4939 3158 4995 sacriﬁcia
3197 4941 3301 4997 diis
3330 4941 3462 4995 oﬁ'e-

1890 5036 2170 5098 rebantur,
2202 5034 2306 5104 ipsi
2335 5034 2403 5089 ad
2436 5032 2875 5088 Christianorum
2906 5031 3196 5085 ecclesiam
3241 5035 3463 5085 secede-

1891 5139 2031 5185 rent.
2081 5128 2330 5194 Cumque
2373 5125 2569 5195 singuli
2609 5125 2899 5194 diligenter
2927 5123 3375 5194 exquirerentur.
3405 5133 3461 5177 nt

1888 5222 1990 5278 diis
2020 5217 2407 5280 sacriﬁcarent,
2434 5224 2786 5272 accesserunt
2812 5216 2904 5286 qui
2931 5217 3182 5270 homines
3210 5216 3332 5270 illos
3363 5216 3461 5269 ob-

1891 5320 2262 5376 servaverant,
2305 5321 2361 5366 et
2390 5311 2705 5381 imperatori
2747 5312 3040 5364 dixerunt:
3082 5309 3255 5367 Vivas.
3293 5309 3461 5379 impe-

1892 5417 2057 5468 rator,
2104 5415 2310 5459 aeterno
2345 5413 2610 5471 tempore.
2641 5399 2726 5456 Tu
2756 5416 2875 5471 eos,
2918 5399 3008 5470 qui
3038 5400 3195 5471 longe
3239 5400 3457 5461 abSunt,

1889 5496 2038 5566 cogis
2080 5493 2360 5548 sacriﬁciis
2415 5502 2612 5561 praesto
2661 5509 2801 5554 esse.
2856 5501 2912 5545 et
2958 5490 3049 5562 qui
3104 5507 3269 5562 prope
3311 5502 3457 5548 sunt.

1889 5594 2243 5644 contemnunt
2273 5585 2562 5653 imperium
2595 5594 2768 5648 tuum,
2795 5583 3018 5652 etiussa
3046 5593 3132 5637 tua
3169 5598 3264 5651 pro
3291 5582 3460 5638 nihilo

1889 5679 2116 5740 faciunt,
2191 5673 2628 5729 Christianorum
2699 5675 3052 5728 observantes
3121 5672 3454 5742 religionem.

1890 5770 2018 5823 Erat
2067 5773 2246 5820 autem
2313 5767 2716 5822 Maximilianus
2737 5765 2811 5835 (‘2)
2831 5765 2949 5836 ipse
2998 5766 3244 5837 praesidis
3297 5761 3456 5828 ﬁlius,

2026 5899 2136 5936 um.

2026 5901 2136 5936 um.

1894 5901 2050 6032 map?)
2081 5957 2225 6011 Alias
2244 5953 2601 6009 Maximianus
2623 5952 2830 6024 primus
2862 5953 3010 6008 inter
3036 5955 3318 6021 martyres.
