4180 6482
690 447 789 512 431

2011 437 2295 498 MENSlS
2328 436 2630 498 JULIUS.

3835 414 3941 479 432

689 569 820 622 item
874 561 965 617 alii
1023 558 1343 630 cumprimis
1394 558 1633 615 illustres
1681 560 1736 612 in
1795 557 2055 612 exercitu.
2115 555 2268 610 Tunc

2391 555 2503 608 Γὸτε
2530 554 2715 614 Δέκιος
2738 552 2764 604 6
2796 548 3045 619 βασιλεὺς
3084 541 3381 614 ὀργισθεὶς,
3399 540 3683 594 ἐκέλευσεν
3706 523 3947 604 ἀχθῆναι

695 658 886 714 Decius
920 656 1235 724 imperator,
1276 654 1357 708 ira
1402 653 1663 723 percitus,
1701 653 1821 707 illos
1855 651 1922 706 ad
1951 667 2009 705 se
2058 652 2271 705 vinctos

691 749 814 806 duci
868 747 1054 817 jussit.
1096 744 1306 811 Quibus
1365 744 1587 800 ductis:
1650 742 1847 809 Quare,
1910 742 2106 812 inquit,
2163 758 2270 796 non

701 838 1075 910 permansistis
1123 836 1431 899 nobiscum,
1470 844 1529 888 ut
1565 833 1668 888 diis
1735 833 2138 899 sacriﬁcaretis,
2181 833 2275 902 qui

694 941 863 989 totum
897 929 1087 984 orbem
1123 935 1392 981 terrarum
1434 928 1499 980 ad
1544 926 1650 980 sibi
1681 926 2042 980 obediendum
2067 939 2271 979 convo—

694 1021 927 1077 carunt‘?
957 1019 1212 1074 Accedite
1243 1018 1425 1089 igitur,
1458 1028 1511 1071 et
1553 1018 1796 1072 debitum
1824 1017 1927 1072 diis
1951 1016 2276 1072 sacrificium

696 1112 917 1175 offerte,
979 1109 1435 1179 quemadmodum
1491 1120 1682 1162 omnes
1739 1107 1918 1161 facere
1978 1123 2277 1161 consueve-

696 1211 845 1258 runt.
909 1200 1063 1255 Tunc
1124 1199 1520 1256 Maximilianus
1575 1202 1856 1270 respondit
1903 1214 1918 1253 :
1974 1199 2275 1260 Habemus,

697 1294 1014 1364 imperator,
1044 1292 1212 1346 Deutn
1247 1291 1297 1343 in
1330 1293 1481 1346 cmlis
1513 1291 1873 1354 habitantem,
1920 1290 2077 1361 cujus
2108 1291 2277 1360 gloria

696 1384 893 1439 cmlum
930 1392 983 1437 et
1027 1392 1168 1436 terra
1200 1383 1358 1452 plena
1383 1392 1488 1445 est,
1514 1382 1601 1435 cui
1630 1381 1958 1435 sacrificium
1981 1380 2280 1435 confessio-

698 1475 783 1528 nis
820 1480 1026 1527 nostrre
1074 1473 1269 1527 offerre
1311 1472 1457 1526 soliti
1503 1488 1717 1537 sumus,
1773 1479 1935 1540 atque
1969 1482 2277 1526 nostrarum

699 1566 1008 1621 orationum
1057 1564 1316 1618 libamine
1354 1578 1536 1618 coram
1588 1563 1697 1618 Deo
1744 1564 2079 1617 exsultantius
2131 1564 2278 1617 omni

702 1668 969 1727 tempore.
1012 1654 1122 1710 Nos
1150 1654 1565 1709 enim‘nidorem
1609 1669 1672 1709 ac
1726 1654 1933 1707 fumum
1977 1665 2280 1708 vestrorum

702 1748 1092 1802 sacrificiorum
1119 1746 1235 1801 istis
1268 1745 1425 1800 idolis
1456 1761 1564 1799 non
1603 1744 1902 1807 offerimus,
1937 1746 2283 1815 quandoqui-

704 1840 825 1893 dem
869 1846 1087 1894 nostras
1120 1838 1331 1891 animas
1368 1835 1692 1890 labefactare
1729 1836 2000 1887 nolumus.

776 2143 844 2199 ν.
885 2140 984 2196 His
1024 2136 1461 2206 auditis,Decius
1502 2151 1612 2191 non
1648 2135 1884 2206 amplius
1912 2134 2059 2204 loqui
2091 2133 2281 2197 voluit,

708 2237 805 2293 sed
844 2234 1008 2307 jussit
1036 2232 1304 2287 militares
1339 2243 1505 2284 zonas
1535 2228 1603 2283 ab
1638 2227 1718 2283 eis
1745 2225 1968 2281 auferri.
2000 2225 2170 2298 Cujus
2204 2226 2281 2279 rei

707 2342 928 2386 causam
972 2338 1091 2379 esse
1139 2322 1296 2387 dixit,
1342 2321 1486 2391 quod
1527 2321 1749 2374 deorum
1794 2318 2047 2390 potentize
2092 2317 2286 2371 adver-

710 2414 888 2471 sarios
938 2414 1088 2483 ipsos
1121 2412 1581 2479 deprehenderat.
1634 2408 1901 2462 Praeterea
1926 2409 2049 2463 illos
2086 2422 2115 2459 a
2153 2407 2287 2461 deo-

709 2517 831 2555 rum
894 2497 1268 2555 munificentia
1336 2493 1701 2565 repellendos,
1754 2502 1918 2560 atque
1963 2493 2030 2549 ab
2069 2490 2285 2559 imperii

711 2592 898 2649 militia
934 2590 1122 2663 procul
1154 2587 1417 2663 arcendos
1449 2602 1570 2643 esse
1601 2585 1867 2648 decrevit,
1891 2582 2065 2654 quoad
2088 2596 2287 2651 oppor-

712 2699 842 2741 tune
889 2682 956 2738 de
1005 2681 1221 2736 illorum
1268 2680 1531 2748 religione
1584 2678 1864 2747 inquirere
1908 2683 2117 2745 posset.
2168 2673 2287 2729 Non

710 2778 857 2833 enim
894 2790 1107 2845 aequum
1141 2773 1313 2827 videri
1347 2772 1449 2828 sibi
1517 2773 1715 2836 aiebat,
1763 2770 1977 2825 illorum
2024 2770 2289 2838 juventu-

714 2884 821 2927 tem
860 2866 1149 2924 tormentis
1195 2866 1474 2921 consumi:
1526 2864 1710 2933 itaque
1758 2862 2133 2917 misericordia
2174 2876 2291 2915 mo-

715 2974 826 3017 tum
873 2959 1133 3028 temporis
1185 2958 1419 3026 spatium
1455 2971 1514 3011 se
1560 2956 1672 3009 illis
1731 2953 2054 3017 concedere,
2101 2961 2160 3007 ut
2206 2954 2291 3006 in-

716 3066 863 3110 terea
914 3050 1321 3121 resipiscerent,
1362 3047 1429 3103 ad
1469 3050 1598 3103 deos
1646 3055 2074 3110 reverterentur,
2120 3055 2176 3101 et
2215 3046 2294 3099 vi-

717 3154 923 3201 verent.
988 3142 1112 3198 Haec
1160 3142 1299 3197 dixit
1340 3141 1660 3209 imperator,
1701 3148 1758 3193 et
1810 3140 2065 3207 praecepit
2097 3138 2294 3193 ferreis

716 3237 946 3291 vinculis
990 3236 1203 3288 illorum
1236 3232 1373 3287 colla
1415 3231 1573 3295 exui,
1609 3242 1771 3298 atque
1802 3248 1831 3282 a
1861 3244 1961 3283 suo
1999 3238 2293 3295 conspectu

719 3327 1004 3383 removeri.
1034 3324 1189 3377 ’l'unc
1218 3322 1408 3378 Decius
1436 3322 1490 3375 in
1522 3322 1655 3375 alias
1693 3320 1855 3375 urbes
1883 3319 2157 3389 profectus
2188 3329 2289 3386 est,

721 3432 777 3475 ut
802 3419 998 3473 faceret
1027 3432 1144 3487 qua:
1178 3416 1232 3470 in
1260 3415 1440 3469 animo
1468 3414 1720 3477 habebat,
1750 3428 1815 3468 eo
1840 3423 2017 3467 tamen
2042 3412 2293 3478 consilio,

723 3523 780 3571 ut
830 3512 1105 3581 Ephesum
1151 3514 1442 3576 repeteret.
1494 3503 1679 3575 Itaque
1727 3504 1930 3559 sanctis
1975 3504 2126 3567 viris,
2155 3517 2293 3572 quos

717 3603 977 3665 diximus,
1030 3602 1356 3655 concessum
1390 3594 1568 3650 fuerat
1607 3594 1676 3648 ab
1723 3595 2074 3663 imperatore;
2110 3601 2169 3646 ut
2198 3607 2295 3661 per

719 3699 927 3768 aliquot
955 3694 1073 3749 dies
1105 3692 1277 3747 libere
1304 3688 1509 3743 versari
1545 3694 1792 3758 possent.

792 3901 879 3957 Vl.
915 3898 1050 3958 Cum
1092 3897 1257 3969 igitur
1283 3901 1649 3967 opportunum
1677 3900 1892 3963 tempus
1929 3889 2290 3953 invenissent,

721 4006 775 4052 et
800 3996 852 4049 in
873 3992 1076 4050 Christi
1104 3992 1209 4045 fide
1234 4000 1585 4060 perseverare
1612 3984 2045 4043 constituissent,
2070 3981 2295 4049 justitiae

722 4086 979 4156 operibus
1025 4081 1451 4137 incumbebant:
1502 4090 1738 4145 cumque
1785 4088 1980 4128 aurum
2016 4081 2071 4126 et
2104 4085 2298 4141 argen-

724 4190 838 4235 tum
868 4192 933 4231 ex
960 4172 1200 4243 paternis
1238 4170 1584 4225 facultatibus
1623 4165 1989 4238 collegissent,
2040 4164 2297 4235 pauperi-

725 4271 826 4324 bus
876 4266 1101 4321 multam
1145 4263 1441 4335 pecuniam
1496 4259 1922 4316 distribuerunt:
1961 4267 2017 4311 et
2050 4256 2195 4310 inter
2238 4268 2297 4311 se

724 4362 1010 4420 consilium
1058 4360 1332 4422 ineuntes,
1378 4356 1618 4412 vicissim
1655 4369 1714 4410 se
1742 4353 1830 4407 his
1864 4353 2047 4405 verbis
2098 4348 2299 4405 adhor-

725 4457 1029 4511 tabantur:
1072 4449 1403 4504 Secedamus
1445 4459 1739 4515 parumper
1785 4443 1853 4496 ab
1897 4442 1996 4497 hac
2047 4442 2199 4507 urbe,
2244 4450 2297 4497 et

723 4547 1016 4599 subeamus
1044 4542 1361 4612 speluncam
1394 4538 1539 4592 illam
1575 4550 1843 4607 magnam,
1874 4550 1992 4604 quae
2033 4535 2207 4602 vergit
2229 4532 2297 4586 ad

2378 647 2595 710 αὐτοὺς,
2624 644 2716 697 καὶ
2761 645 2849 696 ὅτε
2887 638 3336 711 προσηνέχθησαν
3371 633 3600 687 ἐνώπιον
3643 627 3838 690 αὑτοῦ,
3867 625 3947 677 ἔτι

2378 741 2484 793 τῶν
2510 736 2759 807 δακρύων
2788 736 2845 787 ἐν
2872 738 2980 796 τοῖς
3035 730 3337 799 ὀφθαλμοῖς
3374 724 3550 778 αὐτῶν
3578 720 3773 783 ὄντων,
3796 718 3947 787 λέγει

2379 833 2561 893 αὐτοῖς
2600 828 2787 891 Δέκιος
2818 828 2845 878 6
2881 824 3135 895 βασιλεύς
3170 839 3184 853 ·
3220 818 3370 873 Διατί
3396 817 3494 870 οὐκ
3524 814 3776 884 ὲμείνατε
3830 811 3947 882 μεθ’

2381 924 2537 995 ἡμῶν
2575 925 2655 984 είς
2687 922 2784 989 τὴν
2825 920 3017 972 θυσίαν
3059 915 3167 969 τῶν
3215 912 3378 975 θεῶν,
3406 911 3604 970 οἵτινες
3644 911 3834 959 πᾶσαν
3854 904 3950 972 τὴν

2379 1018 2705 1085 οἰκουμένην
2762 1008 3198 1083 προσκαλοῦνται
3251 1004 3388 1075 πρὸς
3435 1001 3704 1062 ἑαυτούς’
3732 998 3828 1051 καὶ
3856 996 3950 1048 νῦν

2382 1108 2709 1179 προσέλοετε
2757 1106 2853 1157 καὶ
2885 1104 3088 1156 θύσατε
3138 1102 3235 1169 τὴν
3274 1093 3774 1168 κεχρεωστημένην
3820 1092 3951 1163 ἡμῖν

2382 1203 2570 1255 θυσίαν
2604 1204 2715 1263 τοῖς
2749 1199 2909 1261 θεοῖς,
2938 1195 3121 1257 καθῶς
3145 1194 3405 1261 ἐποίησαν
3426 1191 3623 1249 πάντες
3657 1187 3708 1238 οἱ
3740 1183 3954 1253 ἀνθρω-

2382 1313 2495 1347 ποι.
2522 1294 2655 1346 Τότε
2711 1288 3144 1359 Μαξιμιλλιανὺς
3178 1284 3523 1353 ἀποκριθεὶς,
3547 1276 3705 1332 εἶπεν
3741 1275 3824 1347 τῷ
3860 1277 3953 1345 βαρ

2384 1388 2522 1441 σιλεῖ
2542 1404 2554 1419 ·
2593 1386 2828 1454 Ἐχομεν
2857 1382 2988 1435 Θεὶν
3017 1366 3077 1435 έν
3110 1378 3188 1448 τῷ
3222 1373 3463 1446 οὐρανῷ,
3490 1374 3519 1425 6
3547 1371 3775 1441 οὐρανὸς
3804 1368 3955 1435 καὶὴ

2382 1481 2453 1549 γῆ
2488 1477 2851 1548 πεπλήρωται
2897 1473 2997 1540 τῆς
3035 1466 3194 1537 δόξης
3228 1466 3417 1529 αὐτοῦ,
3461 1463 3556 1516 καὶ
3601 1460 3749 1529 αὐτῷ
3784 1474 3956 1527 προσ-

2386 1574 2627 1641 φέρομεν
2688 1568 2786 1638 τὴν
2839 1564 3089 1636 κρυπτὴν
3141 1559 3334 1613 θυσίαν
3367 1556 3471 1625 τῆς
3513 1552 3957 1622 ἐξομολογήσεως

2385 1666 2561 1736 ἡμῶν,
2584 1663 2678 1716 καὶ
2709 1664 2766 1714 ὲν
2800 1662 2863 1729 τῇ
2893 1658 3097 1726 σπουδῇ
3132 1657 3227 1725 τῆς
3275 1654 3517 1722 δεήσεως
3549 1647 3707 1718 ἡμῶν
3749 1647 3957 1713 ἐμφαι-

2387 1757 2591 1828 νόμεθα
2620 1754 2851 1808 ἐνώπιον
2898 1749 3065 1804 αὐτοῦ
3113 1746 3430 1806 διαπαντός.
3484 1742 3677 1809 Ἠμεῖς
3702 1738 3819 1808 γὰρ
3858 1740 3958 1805 τὴν

2390 1850 2580 1902 κνίσαν
2615 1846 2709 1899 τοῦ
2747 1843 2958 1898 καπνοῦ
3008 1842 3110 1913 τὴν
3155 1834 3596 1911 μεμολυσμένην,
3643 1830 3961 1901 Ιμπροσθεν

2308 1905 2354 1964 Β
2385 1941 2617 1996 εἰδώλων
2643 1957 2737 1992 σου
2777 1938 2837 1991 οὑ
2879 1905 3286 2007 προσφέρομεν,
3320 1929 3441 1983 οὐδὲ
3480 1928 3593 1995 γᾴρ
3648 1923 3959 1993 μολύνομεν

2382 2034 2481 2105 τὴν
2501 2032 2871 2099 καθαριότητα
2889 2028 2998 2080 τῶν
3015 2027 3199 2095 ψυχῶν
3230 2022 3385 2093 ἡμῶν
3412 2020 3507 2072 καὶ
3528 2017 3637 2070 τῶν
3662 2014 3959 2083 σωμάτων,

2452 2123 2532 2177 ιε’.
2581 2124 2718 2176 Τότε
2781 2122 2974 2181 Δέκιος
3029 2118 3090 2170 οὐ
3145 2113 3397 2183 διελέχθη
3450 2109 3785 2179 ἀμφοτέροις
3823 2106 3961 2175 ἅμα,

2385 2218 2523 2272 ἀλλὰ
2556 2216 2771 2270 κελεύει
2812 2213 3053 2282 κοπῆναι
3082 2210 3181 2272 τὰς
3217 2206 3395 2273 ζώνας
3431 2204 3626 2257 αὐτῶν.
3660 2202 3773 2256 Kal.
3814 2202 3965 2266 λέγει

2388 2308 2750 2381 πρὸςάὐτούς
2770 2322 2783 2340 °
2816 2303 3037 2373 Ἐπειδὴ
3062 2296 3221 2370 εῦρον
3239 2301 3381 2370 ὑμᾶς
3400 2296 3673 2357 ἐναντίους
3697 2292 3842 2347 κατά
3864 2295 3965 2361 τῆς

2386 2404 2671 2471 δυνάμεως
2699 2401 2805 2452 τῶν
2830 2399 2991 2465 θεῶν,
3031 2396 3118 2448 διά
3147 2393 3307 2447 τοῦτο
3340 2392 3435 2445 καλ⁸
3462 2391 3620 2459 ὑμεῖς
3665 2386 3965 2455 ἀλλοτριω-

2389 2494 2619 2565 θήσεσθε
2648 2493 2746 2559 τῆς
2779 2490 2960 2545 αὐτῶν
2982 2486 3402 2559 μεγαλειότητος
3419 2485 3515 2535 καὶ
3538 2482 3637 2549 τῆς
3663 2479 3963 2549 στρατείας

2388 2588 2484 2657 τῆς
2521 2584 2801 2656 βασιλείας
2827 2581 3010 2657 ἠμών,
3058 2579 3163 2641 ἕως
3190 2570 3251 2630 οὗ
3277 2573 3429 2628 λάϐω
3456 2572 3653 2640 καιρὸν
3698 2571 3798 2623 καὶ
3826 2569 3965 2642 μετά

2387 2654 2716 2748 δοκιμασίας
2770 2654 3286 2743 ὲπερωίτηθήσεσθε,
3348 2664 3481 2735 περὶ
3534 2664 3635 2733 τῆς
3686 2661 3857 2729 οὔσης
3910 2661 3969 2713 ὲν

2392 2772 2519 2840 ὑμῖν
2552 2766 2873 2840 θρησκείας·
2900 2765 2959 2817 ού
2983 2762 3094 2832 γὰρ
3127 2759 3338 2813 δίκαιόν
3390 2759 3544 2809 ἔστιν
3593 2755 3759 2818 εὐθὺς
3813 2758 3968 2809 ἀπω-

2390 2863 2579 2916 λέσθαι
2606 2862 2702 2932 τὴν
2735 2860 2965 2929 νεότητα
2998 2856 3152 2925 ὑμῶν
3177 2853 3271 2907 καὶ
3305 2849 3548 2922 μαράναι
3593 2849 3693 2911 τὰς
3744 2847 3964 2915 ἡλικίας

2394 2955 2551 3025 ὑμῶν
2584 2958 2642 3007 ὲν
2668 2952 2945 3013 ποικίλαις
2978 2948 3235 3020 βασάνοις
3264 2962 3278 2978 ο
3309 2945 3422 3014 ἐγὼ
3450 2944 3559 3013 γὰρ
3590 2941 3967 3011 συμπαθήσας

2392 3049 2585 3118 δίδωμι
2624 3046 2757 3116 ὑμῖν
2786 3043 3000 3114 καιρὸν,
3031 3042 3181 3102 ὅπως
3202 3040 3265 3091 ἐν
3291 3036 3442 3106 αὐτῷ
3471 3034 3827 3104 σοφισθέντες
3852 3035 3970 3085 ἑπι-

2396 3140 2663 3210 στρέψητε
2694 3138 2791 3191 καὶ
2845 3134 3104 3205 ζήσεσθε.
3163 3132 3296 3183 Τότε
3337 3130 3628 3183 ἐκέλευσεν
3654 3130 3680 3180 6
3714 3126 3968 3196 βασιλεὺς

2321 3263 2365 3322 C
2397 3235 2609 3297 Δέκιος,
2632 3230 2728 3284 καὶ
2753 3232 2965 3299 ὲπῇραν
2999 3228 3066 3279 τὰ
3089 3224 3246 3278 κλοιά
3276 3224 3347 3277 τά
3372 3222 3567 3292 σιδηρά
3600 3224 3663 3275 ὲκ
3688 3221 3801 3275 τῶν
3839 3237 3968 3291 τρα-

2402 3326 2583 3397 χήλων
2634 3323 2835 3385 αὐτῶν,
2886 3322 2979 3372 καὶ
3028 3318 3280 3385 ἐξέϐαλον
3315 3317 3515 3377 αὐτοὺς
3554 3316 3617 3367 ὲκ
3671 3313 3971 3383 προσώπου

2398 3419 2494 3471 τοῦ
2550 3417 2836 3487 βασιλέως.
2891 3413 3027 3465 Τότε
3052 3408 3148 3463 οὖν
3174 3412 3201 3461 6
3231 3408 3428 3471 Δέκιος
3486 3405 3715 3475 ἐξῆλθεν
3752 3407 3835 3469 είς
3876 3406 3967 3464 τὰς

2401 3512 2568 3572 ἄλλας
2606 3508 2812 3568 πόλεις,
2848 3502 3139 3575 πληρῶσαι
3168 3502 3228 3554 τδ
3260 3500 3476 3570 θέλημα
3513 3498 3681 3552 αὑτοῦ
3724 3500 3823 3552 καῖ
3880 3498 3971 3551 οὖ-

2400 3615 2508 3662 τως
2532 3597 2620 3652 ἐπ’
2649 3597 2897 3652 ἀνελθεῖν
2940 3595 3019 3656 είς
3050 3575 3287 3663 Ἔφεσον
3319 3594 3419 3664 τὴν
3442 3592 3599 3646 πόλιν
3631 3592 3688 3644 έν
3723 3590 3877 3661 αὐτῷ
3902 3592 3980 3665 τῷ

2392 3688 2561 3760 θυμῷ
2603 3692 2703 3757 τῆς
2754 3684 3045 3750 ἀλαζονίας
3108 3683 3297 3743 αὑτοῦ,
3330 3683 3453 3734 τότε
3506 3678 3597 3733 οὖν
3655 3681 3813 3750 ὶδόθη
3864 3684 3973 3744 τοῖς

2402 3783 2577 3850 ἁγίοις
2614 3782 2821 3842 ἔνδοσις
2862 3777 3083 3847 ἡμερῶν
3117 3774 3267 3843 παρά
3302 3772 3399 3824 τοῦ
3436 3771 3725 3841 βασιλέως.

2473 3878 2564 3940 ς’.
2592 3872 2864 3929 Λαϐόντες
2915 3867 3009 3919 οὖν
3038 3866 3230 3937 καιρὸν
3262 3865 3309 3917 οί
3345 3865 3519 3931 ἆγιοι,
3554 3862 3885 3932 ἐπλήρωσαν
3913 3861 3978 3914 τὰ

2400 3966 2538 4036 ἔργα
2571 3966 2667 4033 τῆς
2709 3959 3061 4028 δικαιοσύνης
3086 3959 3145 4011 ἐν
3176 3961 3239 4028 τῇ
3273 3957 3460 4010 πίστει
3508 3954 3712 4018 αὐτῶν,
3756 3958 3852 4007 καὶ
3882 3955 3977 4009 λα.

2402 4058 2591 4121 ϐάντες
2622 4055 2845 4127 χρυσίον
2870 4053 2966 4107 καὶ
2993 4050 3259 4122 ἀργύριον
3282 4050 3344 4101 ὲκ
3365 4049 3473 4101 τῶν
3505 4047 3743 4115 γενικῶν
3772 4048 3977 4110 αὐτῶν,

2402 4152 2661 4208 διεδίδουν
2687 4144 3217 4216 τοῖςηπτωχοίςστότε
3243 4143 3544 4210 έσκέψαντο
3579 4141 3695 4211 μετ’
3729 4137 3981 4211 ἀλλήλων

2402 4246 2499 4299 καὶ
2528 4239 2704 4296 εἶπον.
2737 4236 3198 4310 ’Δποχωρίσωμεν
3228 4236 3454 4299 ἑαυτοὺς
3478 4235 3663 4301 ὀλίγον
3703 4236 3800 4286 καὶ
3834 4234 3983 4297 ἐξέλ-

2405 4337 2587 4409 θωμεν
2612 4337 2677 4390 ἐκ
2702 4334 2802 4407 τῆς
2833 4334 3044 4393 πόλεως
3070 4330 3297 4399 ταύτης,
3326 4330 3422 4382 καὶ
3453 4326 3787 4398 ἀπέλθωμεν
3820 4329 3903 4390 είς
3923 4327 3981 4382 τὺ

2405 4398 2667 4502 σπηλαιον
2705 4398 2769 4482 τδ
2813 4428 2958 4498 μέγα
3004 4425 3065 4478 τὸ
3094 4423 3154 4477 ὃν
3185 4422 3244 4489 ἐξ
3290 4421 3570 4477 ἀνατολῶν
3616 4425 3717 4492 τῆς
3749 4398 4006 4484 πόλεωςδ

2405 4526 2516 4577 Kal.
2552 4520 2835 4592 δεηθῶμεν
2888 4520 3006 4572 ἐκεῖ
3065 4514 3161 4569 τοῦ
3196 4514 3329 4569 Θεοῦ
3375 4514 3537 4584 ἡμῶν
3574 4514 3715 4584 μετά
3745 4516 3984 4583 ἡσυχίας

722 4636 1026 4689 Orientem.
1082 4632 1197 4686 illic
1246 4630 1434 4700 quiete
1491 4604 1760 4689 vivent-es,
1820 4626 1988 4679 Deum
2044 4634 2290 4678 nostrum

2392 4616 2660 4682 ἀκτενῶς,
2710 4616 2803 4668 καὶ
2862 4610 3283 4685 εύτρεπίσωμεν
3330 4608 3565 4670 ἑαυτοὺς
3618 4604 3860 4660 ἐνώπιον
3889 4605 3981 4658 τοῦ

723 4728 947 4782 attentis
976 4734 1030 4780 et
1063 4723 1299 4778 assiduis
1341 4721 1592 4791 precibus
1623 4731 1863 4779 oremus,
1903 4725 1959 4769 ut
1994 4715 2126 4769 tales
2156 4714 2297 4769 effici

727 4825 1003 4889 possimus
1059 4817 1150 4886 qui
1203 4822 1331 4871 ante
1381 4812 1593 4884 tyranni
1652 4818 1933 4882 aspectum
1988 4816 2299 4863 constanter

726 4926 869 4968 stare
923 4910 1241 4964 valeamus:
1295 4923 1471 4975 neque
1537 4906 1856 4959 desinamus
1924 4902 2015 4955 Dei
2072 4902 2297 4972 gloriam

728 5005 1063 5064 collaudare,
1126 5010 1181 5056 ut
1232 4999 1376 5054 Deus
1426 4997 1544 5067 ipse
1601 5010 1704 5065 ope
1751 5009 1847 5048 sua
1904 5008 2003 5046 nos
2057 4993 2298 5060 adjuvet,

733 5110 839 5165 quo
887 5106 1088 5149 rectam
1148 5094 1267 5163 ejus
1328 5090 1736 5147 confessionem
1801 5100 2105 5146 servemus,
2142 5097 2301 5138 coro—-

735 5202 969 5258 namque
1048 5182 1193 5240 illam
1262 5182 1631 5252 incorruptam
1703 5178 1787 5233 his
1866 5187 2145 5245 paratam,
2210 5174 2302 5245 qui

734 5280 853 5349 ejus
909 5280 1067 5334 (idem
1130 5276 1467 5339 custodiunt,
1518 5281 1574 5327 et
1616 5270 1896 5325 Christum
1940 5275 2299 5339 agnoverunt,

734 5369 981 5436 accipere
1060 5370 1350 5440 possimus.
1421 5366 1605 5433 Itaque
1653 5378 1778 5420 cum
1836 5370 2044 5417 tantum
2096 5361 2304 5432 argenti

734 5460 1115 5532 sumpsissent,
1142 5469 1401 5529 quantum
1444 5457 1549 5512 illis
1592 5456 1658 5509 ad
1705 5464 1982 5523 sumptum
2013 5454 2146 5509 satis
2182 5468 2305 5507 esse

732 5565 935 5622 posset,
968 5554 1334 5609 ascenderunt
1372 5551 1427 5603 in
1455 5549 1768 5619 speluncam
1808 5547 1861 5599 in
1901 5554 2083 5599 monte
2122 5544 2303 5611 sitam,

732 5656 910 5709 (mons
940 5647 1146 5699 Ochlon
1201 5642 1531 5714 appellatur)
1550 5656 1656 5708 quo
1688 5642 1744 5692 in
1792 5639 1911 5693 loco
1946 5638 2146 5693 multos
2189 5637 2306 5694 dies

733 5746 1131 5807 transegerunt,
1196 5738 1364 5789 Deum
1438 5734 1618 5802 ipsum
1679 5736 1919 5792 orantes,
1977 5739 2031 5783 et
2074 5729 2305 5784 salutem

734 5824 1035 5879 animarum
1106 5840 1328 5880 suarum
1390 5839 1609 5891 semper
1675 5820 1743 5874 ab
1813 5834 1879 5874 eo
1944 5822 2302 5888 postulantes.

736 5913 991 5970 lamblico
1047 5929 1246 5978 autem,
1278 5916 1369 5985 qui
1416 5915 1668 5969 omnibus
1724 5914 1845 5967 aliis
1874 5923 1991 5967 erat
2034 5926 2161 5969 natu
2205 5914 2305 5969 lui-

2397 4712 2663 4781 τυράννου
2698 4706 3074 4777 παραστῆναι,
3105 4703 3179 4772 μὴ
3214 4700 3308 4754 οῦν
3356 4702 3699 4771 ἁργήσωμεν
3746 4700 3858 4751 ἀπὸ
3889 4698 3984 4765 τῆς

2396 4802 2705 4869 δοξολογίας
2732 4799 2827 4852 τοῦ
2866 4796 3024 4849 Θεοῦ.
3057 4796 3166 4848 Καὶ
3214 4795 3277 4845 τὸ
3324 4794 3545 4861 θέλημα
3576 4790 3745 4843 αὑτοῦ
3780 4792 3985 4859 ποιήση

2402 4894 2521 4966 μεθ’
2557 4892 2713 4963 ἡμῶν
2745 4892 2773 4941 6
2806 4874 3032 4958 Κύριος,
3084 4891 3184 4965 καὶ
3237 4884 3630 4955 πληρώσωμεν
3679 4881 3780 4952 τὴν
3815 4882 3985 4952 καλὴν

2398 4986 2691 5059 ὁμολογίαν
2738 4983 2900 5054 ἡμῶν
2940 4962 3177 5035 ἐνώπιον
3214 4977 3313 5032 τοῦ
3350 4980 3645 5049 τυράννου,
3680 4977 3774 5029 καὶ
3809 4976 3984 5030 λάϐω-

2404 5102 2504 5155 μεν
2542 5083 2634 5136 τὸν
2661 5082 2986 5151 ἀμάραντον
3022 5076 3295 5145 στέφανον
3325 5075 3421 5127 τὸν
3446 5071 3854 5143 ἡτοιμασμένον
3879 5073 3988 5132 τοῖς

2401 5177 2615 5236 πιστοῖς
2643 5176 2739 5227 καὶ
2780 5170 3153 5240 ἐπεγνωκόσι.
3179 5170 3290 5221 Καὶ
3318 5166 3583 5228 λαϐόντες
3614 5164 3754 5235 μετά
3794 5164 3985 5231 χεῖρας

2401 5267 2663 5340 ἀργύριον
2680 5268 2761 5327 είς
2777 5266 2935 5335 λόγον
2951 5260 3310 5334 τῆςδαπάνης
3323 5259 3524 5324 αὐτῶν,
3542 5257 3820 5327 ἀνέϐησαν
3836 5259 3916 5319 είς
3933 5256 3988 5308 τὸ

2404 5361 2669 5433 σπήλαιον
2689 5360 2748 5412 τὸ
2764 5358 2824 5411 ὃν
2844 5360 2902 5413 ἐν
2922 5357 3128 5427 τῷὸρει
3148 5354 3225 5427 τῷ
3242 5354 3523 5423 λεγομένῳ
3547 5351 3782 5422 Μοχλδς,
3805 5354 3900 5404 καὶ
3918 5351 3991 5403 δι-

2402 5458 2536 5525 ῆγον
2563 5453 2680 5505 ἐκεῖ
2702 5452 2903 5513 πολλὰς
2924 5450 3032 5520 ήμέ
3043 5464 3143 5517 ρας
3164 5444 3599 5516 προσευχόμενοι
3617 5447 3713 5497 καὶ
3743 5443 3989 5512 δεόμενοι

2403 5543 2497 5597 τοῦ
2529 5542 2663 5596 Θεοῦ
2708 5541 2794 5594 διὰ
2847 5541 3071 5603 παντὸς,
3120 5538 3264 5604 ὑπὲρ
3318 5535 3418 5604 τῆς
3468 5535 3745 5605 σωτηρίας
3782 5534 3984 5588 αὐτῶν.

2417 5633 2720 5705 Ἰάμϐλιχον
2733 5632 2788 5685 δὲ
2806 5625 3071 5699 νεώτερον
3086 5628 3217 5680 ὄντα
3234 5625 3328 5678 καὶ
3348 5626 3722 5693 δυνατώτερον
3741 5629 3838 5679 καὶ
3856 5624 3986 5693 φρό-

2405 5746 2583 5799 νιμον,
2608 5725 2797 5790 ἔταξεν
2817 5722 3088 5777 διακονεῖν
3106 5720 3308 5783 αὐτοῖς·
3338 5720 3438 5773 καὶ
3464 5720 3551 5771 ὅτε
3570 5720 3885 5788 κατήρχετο
3911 5716 3986 5776 είς

2408 5822 2503 5891 τὴν
2543 5822 2695 5873 πόλιν
2722 5817 2962 5886 ἧλλασσε
2993 5818 3062 5868 τά
3106 5814 3304 5885 ἱμάτια
3327 5810 3499 5866 αὐτοῦ
3523 5812 3597 5875 ὡς
3626 5808 3868 5876 πτωχὸς,
3896 5806 3988 5858 καὶ

2411 5909 2685 5982 ἐλάμϐανε
2746 5906 2865 5976 μεθ’
2908 5903 3108 5961 ἑαυτοῦ
3174 5901 3447 5973 ἀργύριον
3494 5903 3588 5959 καὶ
3645 5898 3818 5952 ἐδίδου
3878 5899 3987 5961 τοῖς
