4180 6530
206 479 304 548 433
1301 487 1400 550 DE
1441 485 1738 547 SEPTEM
1781 487 1818 547 D

1917 478 2392 548 lMlENTIBUS.
3357 477 3463 542 431

209 605 445 672 πτωχοῖς
499 605 560 669 ἐξ
598 604 788 674 αὐτοῦ,
848 605 942 660 καὶ
988 603 1225 674 ἠκροᾶτο
1271 602 1324 655 τί
1364 602 1586 668 ἐλέγετο
1615 601 1674 656 ἒν
1709 599 1786 670 τῷ

1917 614 2010 666 ιον,
2045 610 2100 655 et
2145 597 2413 654 obeundis
2468 591 2791 652 ministeriis
2855 591 3031 664 aptior
3079 600 3246 662 atque
3302 606 3467 662 expe—

209 691 459 764 παλατίῳ
520 694 614 748 τοῦ
673 695 960 768 βασιλέως.
995 696 1105 750 Καὶ
1160 691 1337 758 ούτως
1388 693 1633 764 ἠγόραζε
1687 692 1784 762 τὴν

1917 691 2078 758 litior,
2149 690 2465 762 impositum
2522 687 2629 744 fuit
2692 685 3000 759 negotium,
3061 693 3123 740 ut
3170 686 3226 740 in
3273 685 3466 741 urbem

205 784 393 854 χρείαν
427 787 613 841 αὐτῶν
647 790 742 843 καὶ
793 790 1080 861 ἅνήρχετο,
1109 785 1464 855 ἀναγγέλλων
1496 786 1678 848 αὐτοῖς
1714 784 1782 837 τὰ

1917 783 2264 847 lascenderct,
2314 792 2371 842 et
2399 781 2445 838 si
2482 780 2614 852 quid
2668 778 2786 835 fieri
2821 793 2960 850 Opus
3003 783 3172 842 esset,
3221 776 3339 848 ipse
3392 776 3470 831 la-

204 871 481 943 λεγόμενα
516 877 611 928 καὶ
649 877 1007 947 πραττόμενα
1038 874 1162 930 κατ’
1198 874 1381 928 αὐτῶν
1407 876 1464 928 ἐν
1500 872 1580 944 τῷ
1605 873 1781 927 παλα-

1920 882 2058 931 erct.
2117 875 2248 930 Erat
2307 883 2490 930 autem
2555 872 2778 944 juvenis
2835 871 2926 927 ille
2985 870 3142 926 valde
3201 870 3464 942 prudens.

204 962 303 1034 τίῳ
331 966 427 1020 τοῦ
462 966 755 1037 βασιλέως.

1917 976 2073 1037 taque
2131 981 2252 1022 cum
2305 965 2372 1021 ad
2441 965 2629 1022 urbem
2685 960 3074 1026 descendebat,
3129 976 3196 1016 ne
3253 960 3468 1032 agnosci

208 1070 410 1131 posset,
451 1074 656 1120 vestem
711 1065 974 1132 mutabat,
1033 1076 1087 1122 et
1129 1082 1269 1122 unus
1307 1064 1502 1136 aliquis
1551 1078 1582 1120 e
1632 1076 1863 1118 numero
1895 1056 2272 1118 mendicor'um
2310 1061 2642 1117 videbatur:
2691 1071 2929 1127 cumque
2967 1056 3253 1126 pecuniam
3283 1069 3467 1110 secum

208 1152 458 1219 haberet,
490 1163 699 1226 partem
735 1157 968 1228 aliquam
1013 1159 1341 1230 pauperibus
1367 1153 1730 1214 distribuebat
1762 1171 1776 1209 :
1812 1154 1975 1212 dabat
2020 1155 2180 1211 etiam
2238 1168 2482 1225 operam,
2515 1161 2576 1208 ut
2613 1150 3070 1211 subauscultaret.
3108 1147 3364 1218 quidnam
3404 1147 3470 1202 de

209 1246 537 1318 imperatore
571 1251 862 1308 diceretur.

274 1341 349 1396 Z'.
374 1345 486 1396 Καὶ
517 1344 645 1414 ’μεθ’
669 1346 1079 1417 ἡμέραςτινὲις,
1131 1345 1436 1420 ἐπανῆλθεν
1463 1349 1493 1402 ὁ
1528 1346 1784 1419 βασιλεὺς

208 1433 394 1496 Δέκιος
421 1434 507 1498 εις
543 1436 797 1505 Ἔφεσον,
828 1439 918 1492 καὶ
969 1442 1315 1512 παραχρῆμα
1367 1441 1622 1496 ικέλευσε
1653 1433 1783 1505 τούς

209 1523 464 1591 πρώτους
493 1526 593 1596 τῆς
640 1527 871 1592 πόλεως,
922 1531 1010 1585 ἴνα
1036 1534 1150 1594 τοῖς
1182 1533 1316 1606 περὶ
1358 1532 1659 1604 ’Λχιλείδην
1690 1534 1786 1588 καὶ

206 1617 315 1678 τοίς
367 1617 613 1689 ἑταίροις
634 1617 831 1686 αύτῶῦ,
861 1620 1072 1687 θυσίαις
1095 1624 1367 1678 ἐπιτελεῖν
1398 1628 1514 1689 τοῖς
1537 1626 1789 1696 ματαίοις

208 1707 482 1772 εἰδώλοις,
537 1712 668 1782 περὶ
731 1713 914 1766 αὐτῶν
973 1715 1082 1788 γὰρ
1123 1715 1469 1788 ἐνεθυμεῖτο.
1515 1719 1624 1772 Καὶ
1681 1717 1790 1790 γὰρ

215 1793 523 1865 ἐγνώριζεν
554 1799 775 1862 αύτούς.
836 1802 946 1854 Καὶ
976 1802 1120 1857 οὕτω
1166 1806 1580 1878 κατεσχέθησαν
1608 1809 1658 1862 οί
1701 1827 1788 1863 πιο

212 1887 330 1940 σεο)⁸
356 1889 510 1960 φόϐῳ
536 1891 776 1962 μεγάλῳ,
801 1894 894 1946 καὶ
913 1895 1074 1958 αὐτὸς
1095 1896 1148 1948 δὲ
1165 1898 1438 1969 Διομήδης
1461 1901 1492 1952 ὁ
1518 1904 1611 1955 καὶ
1643 1902 1791 1974 Ἰάμ-

213 1977 399 2046 ϐλιχος
425 1979 669 2044 ἀκούσας
693 1981 892 2050 ταῦτα,
920 1985 1112 2056 ἐξῆλθε
1135 1988 1234 2057 τῆς
1257 1988 1470 2055 πόλεως
1500 1991 1640 2062 ἔχων
1671 1963 1792 2064 μεθ’
1828 1963 1867 2019 Β

212 2067 412 2120 ἑαυτοῦ
440 2069 660 2138 ὀλίγους
692 2073 919 2143 ἄρτους,
944 2077 1039 2130 καὶ
1059 2077 1230 2149 ἀνέϐη
1262 2079 1342 2143 είς
1368 2079 1427 2133 τὸ
1460 2081 1587 2153 ὅρος
1620 2083 1679 2136 ὲν
1715 2084 1795 2155 τῷ

214 2159 490 2250 σπηλαίῳ,
517 2161 651 2215 ὅπου
678 2158 819 2235 ἦσαν
855 2167 904 2220 οί
932 2167 1137 2240 ἑταῖροι
1165 2171 1352 2226 αὐτοῦ’
1380 2174 1473 2228 καὶ
1498 2174 1797 2247 διηγήσατο

213 2250 406 2316 αὐτοῖς
430 2252 504 2306 τὰ
525 2255 656 2327 περὶ
698 2257 801 2328 τῆς
827 2260 1037 2316 εἰσόδου
1065 2263 1159 2317 τοῦ
1187 2266 1457 2338 τυράννου
1487 2267 1545 2321 ὲν
1573 2267 1652 2338 τῷ
1685 2284 1794 2322 πα-

213 2343 409 2415 λατίῳ,
438 2347 533 2400 καὶ
557 2349 639 2403 ὃτι
667 2350 1015 2425 ἐξῃτ,ήθησαν
1045 2356 1186 2426 μετὰ
1219 2358 1329 2412 τῶν
1361 2360 1797 2432 πολιτευομένων

216 2436 487 2491 εἰσελθεῖν
515 2441 610 2493 καὶ
638 2440 798 2496 θῦσαι
845 2444 1078 2499 ἐνώπιον
1120 2449 1308 2513 αὐτοῦ,
1334 2453 1430 2505 καὶ
1459 2453 1800 2519 ἀκούσαντες

218 2533 396 2587 ταῦτα
424 2534 632 2604 σφόδρα
657 2534 1028 2608 ἐφοὸήθησαν,
1052 2541 1154 2598 καὶ
1193 2542 1502 2614 ἐδεήθησαν
1540 2547 1634 2600 τοῦ
1661 2547 1797 2600 Θεοῦ

222 2625 362 2694 μετὰ
385 2625 662 2697 κλαυθροῦ
707 2629 805 2682 καὶ
863 2633 1174 2704 στεναγμοῦ
1237 2637 1494 2707 μεγάλου.
1534 2640 1799 2708 ’Δναστὰς

219 2718 277 2770 δὲ
298 2718 601 2790 Διομήδης,
618 2722 932 2796 παρέθηκεν
956 2726 1377 2786 ἐνώπιοναύτῶν
1394 2735 1693 2805 τράπεζαν,
1709 2737 1804 2792 καὶ

225 2812 350 2874 τοὺς
384 2810 594 2880 ἄρτους
623 2813 717 2878 οὓς
747 2817 988 2890 ἠγόρασε
1019 2822 1110 2876 τοῦ
1141 2825 1467 2894 μεταλαϐεῖν
1487 2829 1684 2892 αὐτοὺς
1711 2829 1823 2884 καὶ

224 2906 685 2977 ἑνδυναμωθῆναι
753 2911 894 2982 πρὸς
934 2915 1028 2967 τὸν
1075 2915 1316 2988 πόλεμον
1375 2911 1470 2973 τοῦ
1515 2922 1802 2992 τυράννου,

223 2999 359 3069 ὁμοῦ
390 3001 450 3054 δὲ
482 3000 862 3057 καθεσθέντων
909 3007 1090 3058 αὐτῶν
1119 3009 1176 3061 ἐν
1215 3009 1367 3082 μέσῳ
1409 3011 1503 3066 τοῦ
1536 3013 1806 3084 σπηλαίου

229 3089 532 3158 μετέλαϐον
565 3093 795 3162 τροφῆς,
818 3095 946 3165 περὶ
970 3096 1178 3165 δυσμὰς
1205 3097 1358 3169 ἡλίου
1378 3116 1391 3129 ·
1419 3103 1495 3166 ὡς
1531 3098 1624 3156 οῦν
1648 3105 1811 3160 ἐκαθ-

228 3181 412 3246 έζοντο
472 3181 808 3254 λυπούμενοι
837 3186 931 3242 καὶ
959 3188 1278 3258 ὁμιλοῦντες
1299 3190 1568 3262 ἀλλήλοις,
1588 3195 1814 3251 ἐνύστα-

1965 1347 2076 1404 Vll.
2115 1347 2244 1404 Post
2271 1347 2482 1420 aliquot
2520 1346 2635 1403 dies
2667 1344 2831 1401 rediit
2855 1343 3156 1413 imperator
3190 1339 3383 1396 Decius
3416 1338 3470 1392 in

1894 1425 2085 1498 urbem
2118 1443 2395 1513 Ephesum
2429 1459 2442 1498 :
2489 1449 2542 1498 et
2566 1440 2751 1496 statim
2793 1437 2960 1509 jussit
3002 1435 3294 1509 Optimat‘es
3348 1447 3472 1487 cum

1895 1535 1978 1590 his
2016 1535 2110 1606 qui
2151 1534 2479 1590 Aeltillidem
2526 1532 2916 1602 sequebantur,
2946 1539 3002 1584 et
3027 1527 3148 1582 aliis
3175 1525 3268 1596 qui
3317 1531 3478 1579 erant

1893 1626 2023 1693 illic,
2054 1626 2320 1682 sacrificia
2355 1625 2511 1681 vanis
2548 1624 2706 1679 idolis
2736 1621 2938 1677 ol'ferrc
2970 1635 2985 1672 :
3020 1618 3087 1674 de
3128 1617 3280 1672 falsis
3328 1614 3474 1670 enim

1893 1719 1998 1778 diis
2039 1719 2155 1776 suis
2191 1727 2310 1774 erat
2352 1717 2510 1772 valde
2559 1715 2847 1780 sollicitus,
2880 1726 3006 1768 cum
3055 1725 3244 1766 eorum
3267 1705 3479 1762 vanita-

1895 1822 2003 1869 tem
2033 1826 2144 1867 non
2176 1816 2548 1882 cognosceret.
2595 1806 2959 1874 Quamobrem
2993 1801 3316 1860 Christiana:
3355 1797 3478 1854 fidei

1895 1914 2196 1963 sectatores
2246 1906 2440 1961 timore
2491 1919 2687 1976 magno
2733 1901 3126 1958 adiciebantur.
3181 1896 3306 1952 "me
3352 1909 3478 1950 eum

1894 1997 2191 2053 Jamblicus
2219 1997 2541 2061 audivisset,
2574 2009 2828 2066 egressus
2852 2004 2936 2048 est
2959 2008 3027 2048 ex
3070 1991 3226 2056 urbe,
3276 2002 3482 2060 paucos

1897 2104 2067 2158 panes
2095 2104 2283 2145 secum
2326 2088 2528 2155 ferens,
2569 2099 2624 2144 et
2650 2087 2718 2143 ad
2759 2087 2960 2142 montis
2999 2085 3336 2155 speluncam,
3389 2079 3490 2136 ubi»

1897 2185 2054 2231 erant
2092 2176 2248 2244 socii,
2282 2192 2535 2233 reversus
2561 2186 2662 2232 est.
2711 2173 2965 2231 Narravit
3005 2172 3324 2236 Jamblicus,
3361 2182 3483 2241 qua:

1898 2269 1954 2324 in
2013 2269 2228 2340 tyranni
2285 2268 2490 2340 palatio
2540 2268 2606 2322 ad
2659 2268 2780 2336 ejus
2827 2267 3136 2338 ingressum
3208 2262 3478 2325 audierat,

1899 2368 1955 2412 et
1995 2357 2456 2428 quemadmodum
2496 2356 2708 2428 (ιιιωείιὶ
2749 2355 2964 2411 fuerant
3009 2364 3065 2410 et
3103 2353 3231 2424 ipsi,
3268 2361 3327 2407 ut
3372 2367 3480 2407 uua

1902 2465 2025 2505 cum
2054 2450 2177 2507 aliis
2215 2451 2450 2516 civibus,
2495 2456 2766 2523 praesente
2806 2449 3154 2520 imperatore,
3189 2441 3481 2500 sacrifica-

1903 2551 2044 2596 rent.
2094 2543 2192 2598 llis
2243 2545 2466 2612 auditis,
2535 2544 2835 2600 timuerunt
2882 2541 2984 2608 illi,
3021 2550 3078 2596 et
3134 2537 3307 2594 multo
3357 2550 3481 2592 cum

1903 2632 2106 2705 gemitu
2136 2648 2200 2688 ac
2236 2634 2486 2706 lacrymis
2527 2633 2697 2688 Deum
2756 2632 2961 2704 precati
3014 2640 3162 2686 sunt.
3218 2627 3483 2699 Apposita

1903 2733 1989 2782 est
2035 2725 2200 2797 igitur
2243 2719 2354 2782 illis
2401 2741 2590 2782 mensa
2633 2735 2689 2781 et
2744 2740 2936 2797 panes,
3005 2737 3146 2793 Quos
3187 2719 3485 2779 Jamblieus

1906 2828 2135 2885 emerat,
2173 2827 2231 2874 ut
2260 2818 2440 2874 cibum
2491 2827 2774 2874 sumerent
2841 2829 2897 2874 et
2931 2818 2998 2874 ad
3045 2816 3256 2889 tyranni
3307 2821 3501 2868 ωηο-⁷

1909 2927 2034 2968 men
2070 2912 2449 2969 sustinendum
2501 2910 2866 2984 promptiores
2921 2899 3132 2964 flerent.
3176 2904 3488 2961 Consedere

1908 3004 2077 3074 igitur
2124 3005 2178 3059 in
2215 3005 2392 3059 media
2459 3005 2744 3075 spelunca,
2801 3013 2857 3059 et
2918 3003 3032 3059 sole
3073 2999 3360 3056 occidente
3412 2994 3488 3050 ci-

1908 3095 2037 3151 bum
2087 3103 2461 3166 sumpserunt.
2498 3093 2634 3149 Cum
2696 3108 2826 3149 vero
2875 3093 3058 3169 tristes
3113 3091 3391 3152 sederent,
3436 3097 3493 3142 et

1912 3189 2056 3246 inter
2084 3204 2143 3246 se
2167 3188 2636 3259 colloquerentur,
2685 3185 2923 3243 dormire
2979 3191 3294 3256 coeperunt;
3336 3188 3492 3238 erant

229 3277 324 3344 ξαν
350 3276 449 3329 καὶ
473 3277 954 3351 ἀπεκοιμήθησαν·
974 3278 1116 3353 ἦσαν
1137 3283 1244 3356 γὰρ
1265 3287 1314 3339 οἱ
1339 3284 1609 3358 ὀφθαλμοὶ
1632 3291 1812 3345 αὐτῶν

1917 3281 2060 3337 enim
2092 3297 2281 3338 eorum
2331 3281 2473 3338 oeuli
2517 3289 2740 3353 pr0pter
2773 3293 3061 3336 maerorem
3113 3275 3345 3350 gravati.

235 3371 610 3444 βεϐαρημένοι
645 3375 751 3430 ἀπὸ
782 3375 883 3447 τῆς
902 3375 1082 3446 λύπης
1105 3378 1200 3450 τῆς
1225 3377 1396 3453 οὔσης
1427 3379 1484 3435 ὲν
1510 3383 1580 3453 τῇ
1609 3382 1811 3457 καρδία

232 3481 433 3522 αντων.
1537 3523 1540 3527 .

301 3558 462 3612 Η’.’⁹Ο
480 3558 533 3611 δὲ
555 3558 856 3630 οἰκτίρμων
880 3560 974 3614 καὶ
989 3561 1366 3632 φιλάνθρωποι
1379 3564 1533 3635 Θεὸς,
1547 3569 1816 3624 ὁπάντοτε

236 3651 639 3722 προνοούμενος
667 3653 774 3705 τῶν
796 3650 998 3706 δούλων
1034 3655 1222 3721 αὐτοῦ,
1249 3654 1589 3726 προσέταξεν
1612 3662 1816 3728 αύτούς

239 3745 419 3796 θανεῖν
482 3741 578 3796 τὸν
637 3744 850 3798 αἰνετὺν
883 3743 1114 3799 θάνατον
1157 3749 1251 3801 καὶ
1306 3752 1565 3820 χρηστὸν,
1625 3752 1816 3809 ἕνεκεν

236 3833 342 3886 τῶν
368 3833 682 3906 μελλόντων
713 3837 1200 3894 ἀποκαλύπτεσθαι
1231 3840 1545 3914 θαυμάτων.
1579 3846 1690 3900 Καὶ
1718 3847 1820 3903 ούκ

238 3928 468 3999 ᾔσθοντο
515 3931 650 3999 περὶ
703 3933 803 4001 τῆς
856 3935 1184 4004 κοσμήσεως
1237 3935 1333 3990 τοῦ
1390 3937 1560 3990 ὕπνου
1615 3941 1816 3996 αύτῶν.

245 4020 351 4073 Καὶ
375 4019 552 4082 οὕτως
579 4021 951 4093 ἐκοιμήθησαν
975 4025 1065 4075 ἐπὶ
1083 4026 1181 4093 τῆς
1199 4025 1320 4092 γῆς,
1345 4027 1372 4078 ὁ
1400 4025 1474 4092 ὡς
1493 4027 1660 4093 ύπνος
1683 4031 1818 4086 καθ-

239 4112 523 4182 ημερινὸς,
550 4115 643 4166 καὶ
661 4113 952 4168 ἀπέδωκαν
978 4116 1076 4179 τὰς
1098 4116 1277 4187 ψυχὰς
1311 4119 1512 4177 αὐτῶν.
1555 4123 1642 4187 Ὠς
1677 4123 1824 4179 ἔστιν

238 4208 271 4275 ὴ
295 4205 586 4276 δοξολογία
614 4209 672 4260 ὲν
697 4207 775 4280 τῷ
812 4209 1066 4282 στόματι·
1091 4211 1298 4280 αὐτῶν,
1337 4215 1430 4270 καὶ
1454 4215 1516 4268 τὸ
1554 4216 1824 4289 ἀργύριον

242 4297 270 4350 ὃ
291 4294 359 4369 ἦν
387 4301 446 4354 ὲν
473 4302 591 4365 τοῖς
651 4300 958 4370 βαλαντίοις
980 4304 1185 4370 αὐτῶν,
1227 4301 1298 4378 ἦν
1327 4307 1458 4378 παρ’
1483 4308 1668 4376 αὐτοῖς
1691 4310 1824 4367 ἔνθα

241 4385 382 4463 ἦσαν
413 4394 662 4464 κείμενοι
699 4396 793 4449 ἐπὶ
836 4397 935 4467 τὴν
987 4396 1112 4468 γῆν.
1141 4399 1220 4470 Τῇ
1247 4398 1302 4452 δὲ
1327 4399 1454 4470 ἑξῆς
1497 4401 1665 4456 ἕωθεν
1722 4405 1824 4457 ἐπ-

245 4489 515 4558 εζήτησεν
538 4488 740 4551 αὐτοὺς
779 4490 806 4540 ὁ
847 4488 1126 4558 βασιλεὺς,
1180 4492 1384 4562 μεταξὺ
1439 4493 1552 4548 τῶν
1594 4495 1826 4567 πρῶτων

245 4581 339 4633 καὶ
364 4579 474 4632 τῶν
516 4579 956 4652 πολιτευομένων
987 4585 1044 4637 ὲν
1067 4585 1233 4638 παντὶ
1261 4585 1416 4657 τόπῳ
1444 4589 1542 4656 τῆς
1589 4589 1824 4657 πόλεως,

248 4675 342 4725 καὶ
370 4674 471 4742 ούχ
503 4673 833 4746 εὑρέθησαν.
901 4677 1011 4731 Καὶ
1042 4673 1198 4730 εἶπεν
1227 4677 1254 4730 ὁ
1287 4678 1541 4748 βασιλεὺς
1573 4683 1688 4746 τοίς
1724 4701 1826 4754 με·
1859 4661 1908 4720 D

248 4768 504 4834 γιστάσιν
534 4767 706 4820 αὐτοῦ
735 4782 751 4821 τ
783 4767 924 4823 Πολὺ
959 4769 1236 4841 ἐλυπήθην
1257 4769 1344 4825 διὲι
1376 4769 1474 4842 τὴν
1506 4770 1686 4845 θλῐψιν
1719 4775 1829 4830 τῶν

249 4860 551 4914 νεανίσκων
592 4860 838 4923 ἐκεῖνων,
858 4862 939 4916 ὅτι
966 4863 1132 4917 τέκνα
1166 4862 1438 4936 λαμπρῶν
1456 4867 1552 4921 καὶ
1581 4869 1830 4937 μεγάλων

249 4949 410 5024 ἦσαν,
449 4953 549 5006 καὶ
601 4952 875 5008 ὑπέλαϐον
910 4956 992 5010 ὅτι
1030 4957 1064 5027 ἡ
1116 4955 1366 5028 βασιλεία
1413 4959 1572 5030 ἡμῶν
1600 4959 1830 5034 ὀργίσθη

253 5047 371 5098 κατ’
405 5044 618 5107 αὐτῶν,
645 5043 737 5098 διὰ
763 5044 861 5116 τὴν
899 5047 1159 5103 ἀσέϐειαν
1185 5047 1284 5120 τῆς
1320 5049 1688 5123 παραϐάσεως
1736 5054 1833 5108 αύ-

253 5139 359 5190 τῶν
411 5141 514 5210 τῆς
561 5137 872 5210 ἔμπροσθέν
921 5157 1022 5211 μου
1057 5157 1072 5173 ο
1121 5143 1214 5195 καὶ
1251 5145 1284 5215 ἡ
1328 5145 1710 5218 φιλανθρωπία
1737 5149 1832 5203 τοῦ

257 5231 486 5302 κράτους
513 5231 677 5302 ἡμῶν
698 5232 759 5283 ού
790 5236 1124 5304 μνησικακεῖ
1149 5238 1258 5300 τοῖς
1309 5239 1708 5309 παραϐαίνουσι
1738 5241 1834 5296 καὶ

254 5324 653 5396 ἐπιστρέφουσι
692 5325 830 5396 πρὸς
874 5329 1002 5394 τοὺς
1056 5329 1307 5397 εὐμενεῖς
1348 5328 1834 5407 θεούς.”Απεκρί-

258 5419 428 5490 θησαν
458 5419 519 5473 δὲ
550 5419 602 5471 οι
637 5418 843 5491 πρῶτοι
869 5420 967 5489 τῆς
1019 5420 1246 5484 πόλεως,
1277 5423 1370 5476 καὶ
1393 5419 1546 5477 εἷπον
1572 5423 1649 5495 τῷ
1680 5424 1837 5496 βασι-

256 5511 337 5564 λεῖ
354 5527 368 5541 ο
395 5512 535 5580 Περὶ
567 5511 795 5565 ἐκείνων
815 5510 924 5564 τῶν
946 5512 1364 5583 νεωτέρων.τῶν
1389 5517 1734 5582 ἀποστατῶν,
1760 5521 1837 5591 μὴ

257 5605 399 5660 ἔστω
429 5605 488 5657 ἐν
552 5602 702 5675 λύπῃ
731 5603 793 5657 τὸ
840 5605 1037 5678 κράτος
1067 5622 1182 5672 σου,
1247 5607 1435 5679 ἐπειδή
1467 5610 1652 5679 ἀκμὴν
1685 5613 1742 5664 ὲν
1771 5615 1838 5683 τῇ

256 5696 507 5767 προτέρᾳ
549 5692 734 5746 αὐτῶν
755 5695 1004 5769 ἀγνωσία
1029 5696 1378 5764 τυγχάνουσι.
1415 5698 1527 5753 Καὶ
1574 5698 1650 5762 ὼς
1677 5688 1849 5771 ἦπού--¹

257 5805 431 5861 σαμεν
462 5788 682 5842 ἐκεῖνον
706 5786 797 5839 τὸν
828 5791 1021 5858 καιρὸν
1052 5789 1144 5841 τὶν
1183 5786 1425 5843 δωθὲντα
1454 5792 1642 5854 αὐτοῖς
1672 5811 1839 5861 μετα·

256 5887 419 5948 νοεῖν,
454 5883 519 5935 ὲν
540 5877 696 5949 αύτῷ
723 5878 921 5949 μᾶλλον
948 5879 1218 5948 ἐκάθηντο
1234 5880 1570 5950 πληροῦντες
1589 5883 1648 5936 τὸ
1674 5885 1843 5940 κακὸν

260 5971 479 6044 θέλημα
516 5971 726 6028 αὐτῶν.
756 5971 863 6025 Καὶ
895 5972 1089 6028 ἔλαϐον
1117 5970 1424 6041 τὺ,χρυσίον
1453 5976 1546 6027 καὶ
1581 5975 1639 6027 τὺ
1664 5977 1838 6044 ἀργύ-

1984 3566 2124 3622 Ylll.
2167 3566 2232 3621 At
2264 3565 2504 3622 clemens
2538 3579 2600 3619 ac
2647 3563 2918 3636 benignus
2964 3561 3128 3625 Deus,
3171 3561 3262 3632 qui
3315 3560 3490 3634 servis

1919 3659 2036 3714 suis
2099 3673 2315 3728 semper
2376 3655 2646 3727 providet,
2702 3653 2832 3709 fecit
2905 3654 3026 3708 illos
3087 3653 3280 3708 mortis
3326 3667 3497 3724 genus

1918 3750 2186 3822 quoddam
2233 3749 2405 3812 obire,
2443 3763 2503 3803 ut
2529 3765 2628 3818 per
2670 3762 2764 3804 eos
2792 3745 3054 3801 miracula
3102 3743 3350 3817 qumdam
3402 3758 3500 3813 op-

1920 3855 2150 3919 portuna
2184 3844 2395 3900 flerent.
2425 3842 2612 3915 Itaque
2645 3858 2770 3898 cum
2806 3858 3002 3913 sopore
3022 3856 3224 3896 .omnes
3257 3837 3500 3908 corrupti

1923 3949 2128 4004 essent,
2177 3939 2233 3993 in
2288 3946 2435 3993 terra
2472 3937 2718 4008 iacentes
2780 3935 3057 4001 obierunt,
3109 3934 3322 3988 animas
3376 3945 3504 3986 suas

1923 4034 2036 4090 Deo
2062 4033 2377 4098 reddentes,
2410 4038 2466 4088 et
2495 4029 2733 4088 divinam
2766 4028 2990 4101 gloriam
3031 4023 3501 4100 concelebrantes.

1923 4123 2222 4195 Argentum
2244 4132 2458 4188 autem,
2483 4121 2628 4191 quod
2659 4120 2936 4176 habebant
2962 4119 3014 4174 in
3048 4118 3159 4174 suis
3186 4115 3501 4186 marsupiis,

1925 4213 2068 4285 apud
2117 4213 2236 4268 illos
2281 4227 2348 4268 co
2385 4213 2438 4267 in
2483 4214 2622 4278 loco,
2677 4212 2732 4267 in
2762 4227 2890 4283 ‘quo
2916 4211 3190 4283 iacebant,
3220 4207 3502 4265 remansit.

1920 4305 2194 4364 Postridie
2244 4321 2406 4362 mane
2463 4305 2761 4378 imperator
2813 4304 2960 4360 inter
3004 4302 3300 4375 optimates
3343 4299 3508 4371 jussit

1929 4402 2126 4457 iterum
2165 4411 2374 4472 septem
2408 4399 2531 4456 illos
2557 4400 2932 4456 adolescentes
2965 4395 3196 4468 requiri.
3241 4393 3344 4464 Qui
3378 4407 3504 4450 eum

1929 4511 2037 4551 non
2067 4494 2468 4556 invenirentur,
2500 4493 2566 4548 ad
2597 4493 2886 4563 optimates
2913 4505 3212 4548 conversus
3239 4507 3266 4555 :_
3288 4487 3510 4560 Magni»

1929 4601 2082 4659 pere,
2133 4586 2330 4658 inquit,
2381 4585 2541 4643 doleo
2575 4596 2798 4657 propter
2842 4585 3248 4644 adolescentum
3289 4581 3505 4635 illorum

1933 4679 2290 4745 calamitates,
2319 4694 2391 4735 eo
2415 4679 2560 4750 quod
2594 4677 2896 4734 illustribus
2923 4686 2976 4731 et
3005 4674 3165 4730 claris
3191 4672 3508 4743 parentibus

1933 4775 2036 4831 orti
2098 4782 2246 4829 sunt.
2297 4772 2505 4842 Opinor
2564 4771 2709 4826 enim
2750 4769 2891 4834 illos,
2955 4769 3246 4826 arbitratus
3294 4767 3511 4838 imper-ii

1932 4866 2102 4922 nostri
2144 4863 2479 4935 tnajestatcm
2517 4863 2620 4919 sibi
2659 4863 2814 4930 valde
2862 4863 3059 4918 iratam
3099 4875 3241 4926 esse,
3290 4869 3512 4931 propter

1933 4958 2150 5030 pietatis
2209 4967 2410 5012 nostra:
2461 4955 2782 5027 religionem
2835 4955 2904 5009 ab
2958 4955 3039 5008 eis
3077 4953 3355 5016 violatam,
3409 4967 3510 5006 aue

1932 5050 2157 5120 fugisse.
2195 5048 2301 5104 Sed
2337 5049 2551 5120 imperii
2581 5046 2756 5104 nostri
2782 5046 3088 5120 benignitas
3123 5060 3234 5101 non
3282 5050 3512 5100 succen-

1935 5151 2018 5198 set
2067 5143 2151 5196 his
2187 5141 2279 5213 qui
2322 5141 2672 5214 resipiseunt,
2721 5152 2778 5197 et
2809 5141 2879 5196 ad
2927 5141 3152 5196 deorum
3201 5147 3511 5192 nostrorum

1936 5234 2280 5290 clementiam
2311 5233 2523 5289 animos
2555 5234 2841 5288 reducunt.
2874 5231 3001 5287 Hae
3025 5229 3167 5286 dixit
3194 5229 3524 5299 imperator._

1935 5327 2035 5382 Cui
2093 5327 2380 5398 optimates
2432 5325 2836 5396 responderunt
2868 5344 2882 5381 :
2920 5323 3076 5391 Quod
3121 5322 3186 5377 ad
3221 5321 3347 5378 illos
3379 5321 3514 5378 ado-

1938 5421 2202 5476 lescentes
2229 5418 2469 5489 pertinet
2510 5418 2788 5491 religionis
2817 5417 3147 5482 desertores,
3179 5414 3392 5485 imperii
3437 5413 3514 5469 tui

1941 5513 2195 5582 maiestas
2232 5526 2576 5582 nequaquam
2611 5511 2812 5578 doleat,
2846 5523 3024 5581 neque
3066 5507 3364 5579 resipuisse
3397 5507 3516 5564 illos

1941 5604 2254 5676 arbitretur,
2289 5603 2468 5659 adhuc
2515 5602 2661 5658 enim
2698 5602 2752 5657 in
2785 5601 3011 5673 pristina
3065 5614 3164 5655 sua
3212 5597 3516 5672 ignorantia

1940 5705 2376 5769 perseverant.et
2432 5705 2494 5752 ut
2548 5695 2878 5761 audivimus,
2942 5707 3009 5750 eo
3064 5692 3180 5766 ipso
3247 5701 3512 5762 tempore.

1942 5792 2085 5863 quod
2114 5793 2250 5864 ipsis
2283 5792 2658 5862 praescriptum
2703 5792 2807 5847 fuit
2836 5790 2905 5846 ad
2935 5789 3254 5858 mutandum
3297 5782 3518 5842 consili-

1946 5899 2057 5949 um,
2117 5884 2508 5953 pertinaciores
2579 5883 2732 5944 facti,
2792 5882 3128 5938 obstinatam
3189 5879 3516 5931 voluntatem

1947 5973 2441 6041 retiuenthltaque
2491 5981 2774 6040 argentum
2832 5979 2886 6023 et
2946 5985 3140 6028 aurum
3199 5965 3522 6044 pauperibus
