4180 6506
195 473 298 535 437

1302 475 1399 534 DE
1441 472 1738 534 SEPTEM
1791 472 2213 532 DORMJENTI
2230 473 2388 534 BUS.

3363 464 3466 527 438

194 586 376 655 κοστῷ
409 585 581 656 ὀγδόῳ
613 585 724 639 ἔτει
782 584 885 655 τῆς
926 585 1213 656 βασιλείας
1247 589 1438 653 αὐτοῦ,
1480 589 1773 657 ὲπεφοίτη-

1886 601 2007 641 cum
2047 586 2300 657 religiose
2329 584 2710 641 etChristiane
2748 582 3059 653 imperaret.
3109 591 3466 636 surrexerunt

192 693 293 731 σαν
320 677 468 741 τινες
513 677 624 729 τῶν
681 678 986 748 αἱρετικῶν
1050 678 1370 749 βουλόμενοι
1419 681 1781 735 διασκεδάσαι

190 769 287 837 τὴν
310 769 614 822 ἀνάστασιν
637 769 746 821 τῶν
777 768 1022 838 νεκρῶν,
1051 770 1119 839 ἢν
1157 772 1184 822 ὁ
1214 772 1450 839 Χριστὸς
1487 773 1782 842 ἐχαρίσατο

190 862 256 928 τῇ
288 859 425 930 ἁγίᾳ
474 859 639 911 αὑτοῦ
711 858 1039 929 Ἐκκλησία.
1080 861 1144 912 Oi
1178 860 1236 914 δὲ
1299 861 1692 933 εἰδωλολάτραι
1731 864 1778 914 οἱ

193 952 620 1021 στρατευόμενοι
670 950 730 1003 tv
760 949 842 1017 τῷ
905 950 1184 1022 παλατίῳ,
1247 953 1488 1022 διωγμὸν
1545 954 1780 1024 φανερὸν

188 1042 414 1094 ἔποίουν
470 1040 814 1093 κατενώπιον
873 1039 971 1094 τοῦ
1032 1041 1315 1112 βασιλέως,
1376 1045 1468 1096 καὶ
1520 1046 1568 1096 oi
1620 1043 1780 1112 δῆθεν

191 1134 525 1202 καλούμενοι
578 1132 874 1186 ἐπίσκοποι
913 1134 1253 1202 ἀγαπῶντες
1301 1134 1653 1204 διαστρέφειν
1683 1136 1778 1198 τὰς

191 1226 348 1287 ὀδοὺς
410 1226 621 1294 Κυρίου
683 1227 784 1290 τὰς
840 1226 1108 1289 εὐθείας.
1182 1226 1382 1288 πολλὰς
1436 1227 1777 1297 παραϐάσεις

191 1317 469 1371 ἐδείκνυον
504 1319 562 1371 tv
593 1321 712 1381 ταῖς
761 1318 859 1371 τοῦ
910 1317 1050 1370 Θεοῦ
1109 1318 1430 1388 ἐκκλησίαις
1467 1336 1480 1351 °
1512 1316 1582 1390 ἦν
1640 1319 1697 1372 δὲ
1747 1321 1775 1373 ὀ

191 1415 493 1479 κορυφαῖος
561 1414 742 1467 αὐτῶν
781 1421 882 1468 καὶ
929 1418 1153 1470 πάντων
1202 1415 1310 1469 τῶν
1363 1416 1549 1469 κακῶν
1577 1416 1772 1484 αίτιος,

185 1501 468 1571 Θεόδωρος
504 1504 532 1555 ὀ
564 1505 866 1570 ἐπίσκοπος
905 1507 1112 1573 αίγεῶν
1147 1507 1248 1577 τῆς
1277 1507 1487 1572 πόλεως
1519 1509 1637 1580 ἅμα
1660 1510 1770 1564 τῶν

187 1595 286 1644 σὺν
319 1594 474 1662 αὐτῷ
509 1595 706 1661 ὄντων,
738 1598 840 1650 οὐκ
867 1598 1202 1667 ὀφειλόντων
1233 1599 1598 1670 ὀνομάζεσθαι
1627 1601 1686 1652 tv
1707 1603 1772 1671 τῇ

186 1685 356 1754 βίϐλῳ
373 1687 546 1759 ταύτῃ
560 1689 767 1758 ἐπειδὴ,
789 1691 1019 1757 ὲδὶωξαν
1037 1692 1139 1759 τὴν
1159 1692 1486 1762 Ἐκκλησίαν
1502 1693 1594 1745 τοῦ
1614 1692 1770 1747 Θεοῦ.

195 1776 254 1829 '0
289 1777 346 1828 δὲ
380 1777 639 1846 βασιλεὺς
659 1780 942 1844 Θεοδόσιος
969 1782 1092 1834 καθ’
1129 1783 1368 1854 ἑκάστην
1391 1785 1448 1836 tv
1478 1787 1542 1854 τῇ
1568 1784 1773 1854 διανοίᾳ

183 1868 466 1931 ἑθελοῦτο,
525 1871 620 1923 καὶ
658 1872 836 1923 ἐδέετο
895 1874 1037 1941 μετὰ
1077 1874 1331 1944 δακρύων
1386 1875 1644 1927 ἱκετεύων
1679 1875 1770 1926 τὸν

182 1960 338 2021 Θεὸν,
383 1960 601 2028 βλέπων
631 1962 1106 2034 ταλαντευομένην
1134 1965 1230 2036 τὴν
1260 1966 1440 2018 πίστιν
1471 1967 1575 2018 τῶν
1600 1965 1770 2031 ἁγίων

193 2047 561 2117 Ἐκκλησιῶν.
624 2051 781 2115 Τινὲς
812 2054 922 2120 γὰρ
945 2055 1131 2123 ἔλεγον
1162 2058 1242 2109 ὅτι
1275 2060 1374 2111 οὐκ
1423 2057 1540 2110 ἔστι
1587 2058 1769 2130 παρά-

181 2139 379 2208 κλησις
399 2144 514 2204 τοίς
546 2146 784 2212 νεκροῖς·
815 2144 968 2198 ἄλλοι
1002 2146 1059 2198 δὲ
1092 2147 1282 2215 ἔλεγον
1309 2151 1390 2201 ὅτι
1425 2150 1484 2201 τὸ
1516 2143 1676 2218 σῶμα
1706 2150 1768 2202 τδ

180 2234 497 2286 παλαιωοὶν
555 2238 651 2290 καὶ
703 2239 1005 2304 ἀφανισθὲν
1068 2241 1162 2292 καὶ
1223 2242 1652 2311 διασκορπισθὲν
1706 2242 1768 2295 ού

182 2324 618 2392 παραὸαλεῖται,
669 2329 783 2381 ἀλλ’
832 2330 1048 2401 ἡψυχὴ
1094 2334 1232 2403 αὕτη
1272 2334 1410 2406 μόνη
1470 2335 1687 2406 δέχεται
1710 2335 1771 2388 τδ

186 2422 497 2492 μυστήριον
524 2425 624 2495 τῆς
653 2426 968 2497 ἀφθαρσίας
1001 2430 1096 2483 καὶ
1118 2429 1284 2499 ζωῆς.
1320 2432 1428 2484 Καὶ
1456 2432 1772 2503 ἐπλανήθη-

182 2529 282 2564 σαν
303 2514 364 2565 ὲν
387 2516 505 2576 τοῖς
549 2519 798 2585 ματαίοις
864 2520 1042 2571 αὐτῶν
1096 2521 1295 2587 λόγοις,
1330 2525 1426 2576 καὶ
1449 2525 1550 2576 ούκ
1583 2525 1772 2577 ἐνεθυ-

185 2607 444 2674 μήθησαν
504 2610 560 2658 tv
620 2610 852 2673 ἑαυτοῖς,
900 2611 984 2662 ὅτι
1025 2612 1224 2680 βρέφος
1252 2615 1508 2667 οὐδέποτε
1548 2617 1760 2687 ὲκυήθη

180 2696 238 2745 ὲν
280 2696 464 2767 κοιλία
520 2701 726 2770 μητρδς
770 2701 937 2754 αὐτοῦ
994 2703 1124 2756 ἄνευ
1158 2708 1383 2776 σαρκὸς,
1441 2707 1564 2760 οὗτε
1599 2709 1768 2780 ἐξέϐη

184 2787 321 2856 σὰρξ
349 2789 481 2842 ἄνευ
504 2791 567 2844 ὲκ
627 2794 836 2865 μήτρας
890 2797 1068 2867 ψυχῆς
1101 2797 1362 2869 ζωτικῆς.
1403 2802 1514 2854 Καὶ
1563 2803 1768 2857 ἔϐυσαν

181 2881 283 2943 τὰς
340 2883 520 2946 ἀκοὰς
540 2885 644 2937 τῶν
673 2887 920 2940 διανοιῶν
970 2891 1150 2943 αὐτῶν
1176 2891 1267 2943 τοῦ
1310 2892 1382 2962 μὴ
1407 2895 1637 2946 ἀκοῦσαι
1672 2893 1769 2945 τοῦ

176 2974 344 3040 ’λόγου
381 2979 585 3044 Κυρίου
620 2981 864 3042 εἰπόντος
889 2983 992 3044 ὅτι,
1041 2984 1424 3036 Ἀκούσονται
1457 2989 1509 3038 ol
1547 2987 1616 3038 ἐν
1638 2985 1771 3050 τοῖς

180 3073 500 3138 μνημείοις
559 3070 666 3138 τῆς
712 3073 916 3140 φωνῆς
969 3074 1074 3127 τοῦ
1116 3077 1248 3129 Υίοῦ
1273 3077 1377 3130 τοῦ
1408 3078 1725 3145 ἀνθρώπου
1753 3098 1767 3111 ·

186 3166 282 3213 καὶ
304 3163 468 3215 πάλιν
501 3162 672 3231 λέγει’
716 3168 940 3221 Πολλοὶ
971 3167 1086 3220 τῶν
1112 3171 1530 3225 καθευδόντων
1561 3173 1628 3225 ἐκ
1657 3172 1772 3242 τῆς

1884 681 2100 753 quidam
2155 681 2423 744 heretici,
2486 681 2577 752 qui
2605 680 2878 751 negabant
2907 685 3246 732 mortuorum
3279 690 3483 728 resurm

1881 776 2181 830 rectionem
2201 775 2298 844 (l),
2359 790 2520 844 quam
2582 774 2832 829 Christus
2876 772 2995 840 ipse
3044 770 3100 824 in
3134 784 3228 824 sua
3277 779 3464 822 sancta

1881 866 2122 922 Ecclesia
2153 868 2379 920 ﬁrmiter
2410 866 2557 922 credi
2606 866 2798 921 voluit.
2835 862 3034 918 Milites
3069 862 3217 916 enim
3245 862 3462 930 quidam

1883 961 2148 1016 idolorum
2175 961 2432 1022 cultores,
2470 976 2594 1013 cum
2629 961 2683 1013 in
2723 956 2920 1029 palatio
2969 955 3315 1026 imperatoris
3345 969 3465 1006 ver-

1882 1058 2154 1116 sarentur,
2197 1059 2436 1119 apertam
2477 1039 2918 1118 persecutionem
2947 1047 3209 1102 adversus
3248 1045 3466 1113 aliquos

1879 1144 2024 1212 apud
2056 1145 2436 1211 imperatorem
2470 1149 2908 1196 commoverunt.
2969 1136 3110 1203 Quin
3149 1137 3310 1192 etiam
3348 1135 3465 1205 epi-

1879 1235 2030 1302 scopi
2067 1235 2490 1302 quidam'rectas
2521 1233 2612 1287 Dei
2637 1232 2858 1287 semitas
2889 1238 3205 1300 pervertere
3236 1227 3461 1296 cupien'

1877 1335 1977 1390 tes,
2011 1324 2066 1379 in
2106 1327 2354 1381 ecclesiis
2418 1327 2710 1381 multarum
2767 1317 3276 1395 praevaricationum
3311 1330 3466 1374 erant

1878 1427 2149 1473 auctores.
2185 1418 2427 1483 Quorum
2484 1418 2737 1488 princeps
2799 1421 2853 1472 el
2898 1416 3161 1470 malorum
3218 1412 3461 1466 omnium

1879 1522 2041 1579 caput
2062 1510 2364 1564 habebatur
2395 1509 2718 1564 Theodorus
2744 1507 3121 1580 [Eginensium
3154 1505 3462 1575 episcopus,

1876 1603 2037 1658 simul
2058 1617 2178 1656 cum
2211 1601 2275 1656 iis
2307 1617 2441 1670 quos
2472 1616 2666 1656 secum
2689 1601 2955 1654 habebat:
2989 1598 3080 1668 qui
3109 1612 3176 1650 ne
3200 1595 3466 1649 nominari

1874 1694 2096 1765 quidem
2129 1694 2477 1758 debent,cum
2514 1691 2610 1746 Dei
2659 1691 2958 1760 Ecclesia")
3003 1688 3296 1760 persecuti
3346 1685 3466 1741 fue-

1880 1786 2014 1840 rint.
2064 1786 2452 1855 Atimpcrator
2502 1784 2846 1841 Theodosius
2884 1785 2938 1838 in
2963 1783 3079 1838 dies
3125 1783 3296 1852 magis
3341 1795 3468 1849 per-

1876 1880 2197 1934 turbabatur
2225 1894 2286 1932 ac
2309 1879 2548 1942 dolebat,
2583 1895 2705 1934 cum
2749 1887 3060 1932 sanctarum
3099 1873 3466 1929 Ecclesiarum

1875 1968 2034 2023 ﬁdem
2065 1967 2413 2021 ﬂuctuantem
2442 1967 2671 2021 videret.
2707 1967 2893 2036 Itaque
2937 1981 2965 2018 a
3018 1965 3128 2018 Deo
3175 1964 3296 2032 ipso
3348 1962 3467 2030 ejus

1876 2056 2000 2110 mali
2025 2056 2359 2111 curationem
2391 2055 2666 2126 poscebat.
2700 2050 2866 2109 Erant
2897 2053 3065 2116 enim,
3095 2052 3185 2122 qui
3216 2051 3464 2106 dicerent

1875 2140 2106 2204 mortuis
2137 2148 2448 2202 hominibus
2476 2149 2905 2203 consolationem
2944 2146 3145 2201 nullam
3198 2145 3459 2199 futuram.

1874 2241 1978 2293 Alii
2053 2240 2393 2293 aﬁirmabant
2466 2253 2668 2306 corpus
2733 2246 3003 2292 vetustate
3060 2245 3463 2304 consumptum,

1875 2333 2054 2402 ipsum
2115 2331 2330 2402 quidem
2388 2328 2817 2385 consolationem
2867 2328 3069 2382 nullam
3123 2328 3462 2392 habiturum,

1876 2429 1971 2484 sed
2002 2428 2170 2485 solam
2195 2429 2433 2482 animam
2471 2425 2797 2480 immortalis
2841 2426 2965 2480 vitae
3021 2424 3344 2495 participem
3379 2421 3465 2475 fu-

1873 2535 2075 2577 turam.
2105 2521 2382 2591 Ejusmodi
2415 2520 2665 2574 homines
2688 2519 2842 2574 vanis
2866 2518 3220 2588 Opinionibus
3247 2514 3465 2584 decepti

1872 2615 1949 2668 sic
1980 2614 2252 2676 errabant,
2282 2626 2459 2679 neque
2490 2611 2998 2664 animadvertebant
3045 2607 3312 2660 infantem
3341 2619 3470 2673 pue-

1871 2721 1990 2760 rum
2032 2719 2309 2772 nunquam
2352 2703 2407 2755 in
2439 2713 2628 2756 ventre
2657 2700 2845 2755 matris
2873 2699 3043 2754 fuisse
3097 2697 3218 2752 sine
3277 2709 3466 2761 carne,

1872 2814 2051 2867 neque
2086 2811 2306 2851 carnem
2353 2811 2384 2848 e
2429 2795 2586 2849 vulva
2626 2793 2824 2849 exiisse
2878 2791 2998 2845 sine
3052 2789 3234 2844 anima
3294 2787 3462 2844 vitali.

1874 2892 2007 2947 ltem
2040 2890 2355 2946 claudentes
2386 2889 2582 2943 mentis
2616 2886 2804 2941 oculos
2829 2925 2844 2951 ,
2869 2897 3049 2939 sacras
3082 2881 3312 2936 Litteras
3355 2895 3466 2933 non

1875 2984 2313 3045 considerabant,
2334 2982 2600 3049 inquibus
2625 2979 2891 3047 scriptum
2911 2988 2994 3032 est
3018 2994 3031 3031 :
3063 2975 3314 3036 Audiam,
3367 2973 3461 3041 qui

1874 3084 1993 3130 sunt
2028 3075 2082 3128 in
2109 3074 2477 3133 monumentis,
2503 3087 2675 3125 vocem
2707 3069 2840 3122 Filii
2861 3069 3084 3121 homini:
3116 3077 3165 3120 et
3203 3069 3372 3119 vivent
3409 3067 3464 3128 ';

1877 3179 1931 3224 et
1957 3168 2061 3222 alio
2089 3170 2207 3222 loco
2238 3183 2251 3220 :
2281 3163 2517 3218 Etmulli
2562 3165 2623 3216 de
2661 3162 2724 3216 iis
2767 3161 2857 3231 qui
2912 3159 3178 3213 dormiunt
3217 3159 3272 3210 in
3314 3166 3468 3209 teme

184 3258 482 3327 χωμάτων
506 3261 1007 3331 ἐξεγερθήσονται
1031 3281 1043 3293 ·
1080 3265 1173 3316 καὶ
1233 3265 1395 3317 πάλιν
1423 3268 1767 3335 γέγραπται·

1879 3264 2111 3329 pulvere,
2136 3259 2458 3328 cvigilabunt
2491 3274 2507 3313 :
2541 3257 2635 3312 alii
2664 3258 2718 3310 in
2748 3263 2910 3309 vitam
2962 3264 3240 3316 wt‘ernam,
3291 3259 3342 3304 et
3368 3249 3465 3302 alii

200 3351 350 3406 Ἰδοὺ
389 3354 503 3421 ἐγὼ
537 3357 757 3425 aro/rw
806 3359 875 3412 τὰ
922 3359 1197 3428 μνήματα
1231 3360 1420 3429 ὑμῶν,
1449 3359 1544 3414 καί
1573 3359 1771 3424 ἐξάξω

184 3445 347 3512 ὑμᾶς
372 3445 440 3498 ἐκ
467 3446 584 3498 τῶν
605 3447 822 3515 τάρων,
842 3453 991 3515 λαός
1009 3471 1148 3519 μου.
1173 3454 1232 3505 Οἱ
1248 3453 1301 3505 δὲ
1321 3454 1590 3521 αἱρετικοὶ
1607 3453 1772 3506 ἐπλα-

189 3537 440 3605 νήθησαν
468 3538 576 3589 ἀπὸ
604 3539 700 3606 τῆς
742 3539 862 3592 ὁδοῦ
898 3545 992 3610 τῆς
1023 3543 1189 3611 ζωῆς,
1222 3547 1318 3596 καὶ
1367 3545 1640 3615 ἔστρεψαν
1669 3545 1770 3618 τὴν

184 3626 507 3695 γλυκύτητα
523 3629 621 3698 τῆς
636 3631 893 3694 πίστεως,
916 3634 994 3693 εἰς
1011 3633 1234 3702 πικρίαν
1248 3633 1552 3704 τῶνψυχῶν
1568 3637 1767 3690 αὐτῶν.

186 3722 436 3778 lizeretici
492 3722 743 3778 homines
782 3740 811 3778 a
865 3735 1011 3780 recta
1064 3726 1192 3782 vitae
1243 3729 1432 3783 semita
1492 3729 1774 3784 deviantes

185 3815 497 3868 animarum
528 3815 942 3884 cogitationibus
964 3820 1367 3887 perverti-bant.

258 3907 359 3960 IB'.
405 3908 467 3958 '0
501 3907 556 3959 δὲ
590 3907 844 3976 βασιλεὺς
895 3913 1178 3973 Θεοδόσιος
1224 3917 1473 3970 ἐλυπεῖτο
1507 3918 1600 3970 καὶ
1648 3917 1775 3971 ἑκά-

186 4000 325 4067 Θητο
390 3999 482 4051 ἐπὶ
549 4002 757 4054 σάκκου
815 4003 910 4056 καὶ
965 4004 1165 4058 σποδοῦ
1202 4007 1260 4059 tv
1294 4008 1373 4077 τῷ
1434 4009 1646 4080 ταμείῳ
1677 4010 1773 4064 τοῦ

187 4089 454 4153 κοιτῶνος
490 4090 685 4144 αὐτοῦ’
717 4093 745 4145 ὁ
768 4092 822 4145 δὲ
845 4093 1098 4163 ἐλεήμων
1127 4094 1257 4159 Θεὸς
1284 4097 1311 4150 ὁ
1345 4097 1422 4168 μὴ
1452 4096 1776 4168 βουλόμενος

185 4183 494 4237 ἀπολέσθαι
522 4201 646 4237 τινα
681 4185 787 4238 ἀπὸ
812 4188 909 4256 τῆς
935 4185 1055 4240 ὁδοῦ
1109 4189 1210 4258 τῆς
1268 4191 1507 4255 πίστεως
1543 4209 1557 4224 ο
1594 4193 1621 4244 ό
1651 4190 1777 4260 βου-

185 4276 425 4344 λόμενος
451 4277 720 4342 ἐπιφᾶναι
747 4276 804 4330 τὸ
841 4279 1149 4351 μυστήριον
1180 4279 1279 4349 τῆς
1316 4281 1483 4335 αὑτοῦ
1538 4282 1778 4337 ἀναστά-

190 4384 360 4431 σεως,
389 4367 643 4424 ἐνέϐαλεν
675 4369 757 4429 είς
781 4369 878 4439 τὴν
923 4372 1156 4442 καρδίαν
1200 4374 1410 4428 ἁδολίου
1442 4374 1534 4428 τοῦ
1566 4375 1775 4447 Κυρίου

186 4461 286 4513 τοῦ
316 4461 481 4529 δρους
518 4458 757 4524 ἐκείνου,
791 4462 848 4515 tv
876 4454 919 4529 ᾦ
948 4460 1016 4536 ἦν
1041 4464 1103 4517 τὸ
1153 4461 1418 4538 σπήλαιον
1448 4468 1582 4523 ὅπου
1634 4465 1776 4540 ἦσαν

1882 3355 1934 3406 in
1965 3352 2300 3420 opprobrium
2330 3353 2389 3414 ’ς
2445 3364 2570 3402 cum
2605 3347 2732 3402 illud
2776 3348 2937 3401 etiam
2970 3347 3023 3398 in
3073 3346 3153 3399 eis
3202 3343 3464 3412 scriptum

1881 3447 2222 3502 inveniatur:
2265 3445 2397 3499 Ecce
2427 3461 2518 3515 ego
2574 3447 2813 3513 aperiam
2862 3441 3106 3510 sepulcra
3162 3449 3333 3494 vestra
3365 3479 3379 3502 ,
3415 3446 3464 3491 et

1881 3545 2098 3598 educam
2151 3558 2235 3595 vos
2293 3541 2356 3594 de
2427 3539 2679 3608 sepulcris
2740 3537 2956 3598 t'eslris,
3011 3533 3195 3605 papula
3253 3547 3395 3585 meus
3421 3530 3464 3584 ³.

1881 3635 2009 3690 Haec
2055 3644 2184 3689 sunt
2240 3633 2548 3688 divinarum
2597 3631 2921 3684 Litterarum
2975 3625 3306 3683 testimonia.
3359 3621 3466 3678 Sed

1836 3730 2188 3794 aberrabant,
2262 3740 2316 3784 et
2363 3726 2483 3782 ﬁdei
2542 3725 2914 3780 sinceritatem
2963 3722 3202 3791 obliquis
3239 3730 3463 3779 suarum

1954 3913 2047 3970 ΧΠ
2077 3957 2089 3969 .
2142 3913 2439 3984 imperator
2469 3912 2634 3983 igitur
2669 3909 3013 3964 Theodosius
3044 3923 3162 3962 eam
3193 3921 3306 3961 rem
3341 3921 3454 3960 mo.

1882 4009 2017 4063 leste
2048 4006 2274 4070 terebat,
2315 4006 2385 4059 ob
2408 4006 2570 4075 idque
2599 4017 2831 4060 moerere
2855 3999 3208 4056 atﬁciebatur.
3260 3999 3459 4054 Verum

1883 4116 2006 4155 cum
2043 4098 2503 4152 clementissimus
2537 4096 2681 4150 Deus
2725 4094 2996 4149 neminem
3055 4091 3188 4147 velit
3246 4105 3277 4143 ε
3337 4087 3462 4143 ﬁdei

1888 4192 1977 4247 via
2018 4199 2290 4246 errantem
2341 4189 2541 4261 perire,
2585 4187 2712 4243 fecit
2741 4195 2800 4241 ut
2848 4184 3270 4240 resurrectionis
3315 4197 3459 4252 mys-

1883 4284 2082 4341 terium
2113 4284 2368 4338 omnibus
2399 4281 2700 4353 pateﬁeret.
2731 4279 2956 4333 Immisit
2999 4279 3144 4332 enim
3203 4277 3256 4329 in
3296 4291 3454 4329 men-

1885 4385 1991 4431 tem
2019 4376 2296 4446 cujusdam
2331 4374 2587 4436 hominis,
2613 4373 2703 4441 qui
2731 4371 3012 4425 dicebatur
3063 4368 3305 4431 Adolius,
3337 4369 3455 4438 ejus

1884 4468 2085 4524 montis
2112 4476 2164 4522 et
2193 4467 2468 4537 speluncae
2509 4463 2785 4528 dominus,
2831 4463 2924 4518 ubi
2985 4463 3155 4516 sancti
3199 4468 3464 4531 martyres

187 4553 597 4621 κεκοιμημένοι
631 4556 678 4607 οἱ
704 4555 847 4624 ἆγιοι
908 4557 1211 4628 μάρτυρες,
1253 4561 1609 4632 οἰκοδομῆσαι
1640 4563 1773 4634 μάν-

1885 4563 2239 4626 dormierant,
2267 4570 2324 4614 ut
2352 4560 2489 4614 ovile
2519 4559 2789 4628 quoddam
2825 4559 2937 4612 suis
2965 4555 3266 4626 pecudibus
3327 4568 3460 4606 con-

186 4644 330 4714 δραν
372 4644 482 4694 τῶν
508 4645 846 4714 Θρεμμάτων
893 4647 1083 4712 αὐτοῦ,
1155 4651 1251 4704 καὶ
1285 4651 1332 4704 oi
1383 4650 1559 4706 δοῦλοι
1609 4653 1779 4708 αὐτοῦ

187 4737 316 4806 ἅμα
340 4736 452 4790 τῶν
487 4738 761 4807 ἐργατῶν,
794 4740 1009 4794 ὲκύλιον
1027 4741 1210 4804 λίθους
1239 4746 1320 4807 είς
1354 4743 1451 4815 τὴν
1492 4745 1780 4817 οἰκοδομὴν

187 4833 254 4883 tit
294 4834 396 4900 τῆς
453 4831 628 4900 θύρας
654 4830 748 4883 τοῦ
777 4834 1063 4902 σπηλαίου.
1099 4834 1234 4889 Τότε
1271 4837 1656 4908 προστάγματι
1685 4837 1779 4891 τοῦ

187 4923 411 4990 Κυρίου
436 4924 600 4992 ἡμῶν
618 4923 791 4990 Ἰησοῦ
829 4924 1068 4996 Χριστοῦ
1105 4927 1274 5000 ἐδώθη
1307 4928 1421 4999 ζωὴ
1453 4933 1566 4993 τοῖς
1602 4930 1779 4999 ἁγίοις

186 5017 431 5077 ἐκείνοις
495 5020 612 5081 τοῖς
636 5017 788 5071 οὖσιν
811 5019 867 5071 tv
910 5021 990 5091 τῷ
1029 5021 1301 5091 σπηλαίῳ,
1349 5022 1444 5075 καὶ
1475 5022 1507 5092 ἡ
1536 5022 1688 5091 φωνὴ
1744 5025 1777 5092 ἡ

189 5109 480 5161 καλέσασα
510 5107 603 5158 τὸν
661 5108 913 5180 Λάζαρον
947 5114 1011 5164 ἐκ
1066 5111 1161 5166 τοῦ
1197 5115 1465 5183 μνημείου
1501 5117 1592 5168 καὶ
1619 5132 1780 5185 χαρι-

188 5201 446 5272 σαμένη·
471 5201 622 5271 αύτῷ
666 5203 766 5272 τὴν
820 5203 984 5274 ζωὴν,
1024 5207 1190 5270 αὑτός
1249 5209 1396 5260 ἐστιν
1425 5210 1452 5259 ὀ
1479 5209 1778 5280 παρασχὼν

187 5292 289 5344 καὶ
311 5291 531 5354 τούτοις
564 5293 677 5354 τοῖς
704 5294 882 5360 ἁγίοις
908 5294 1126 5366 πνεῦμα
1154 5297 1321 5368 ζωῆς.
1355 5298 1467 5351 Καὶ
1491 5301 1778 5373 ἐξανέστη-

191 5398 295 5434 σαν
333 5382 433 5434 καὶ
470 5373 736 5437 ἐκάθισαν
785 5385 843 5437 ὲν
897 5387 1240 5454 ἀγαλλιάσει,
1284 5392 1377 5444 καὶ
1414 5390 1488 5453 ὡς
1520 5392 1778 5463 ἐνόμισαν

191 5471 317 5525 καθ’
355 5471 605 5542 ἑκάστην
657 5475 890 5545 ἡμέραν.
962 5477 1300 5540 Ἦσπάζοντο
1333 5481 1612 5552 ἀλλήλους,
1640 5484 1776 5537 διότι

193 5564 340 5628 εἶδος
374 5562 706 5634 νεκρὼσεως
741 5569 841 5622 οὐκ
890 5571 1142 5638 ἐφαίνετο
1192 5574 1249 5624 tv
1284 5576 1465 5637 αὐτοῖς
1493 5591 1505 5604 ·
1541 5575 1610 5628 τὰ
1670 5578 1779 5648 γὰρ

1881 4663 2136 4713 strueret.
2197 4655 2335 4723 Ejus
2359 4655 2519 4724 igitur
2564 4651 2703 4704 servi
2737 4666 2840 4703 una
2885 4665 3008 4702 cum
3058 4649 3142 4701 his
3193 4647 3282 4716 qui
3310 4644 3463 4714 operi

1878 4745 2127 4801 iaciendo
2151 4747 2435 4807 vacabant,
2464 4742 2667 4812 lapides
2693 4757 2789 4812 pro
2817 4741 3048 4796 aediﬁcio
3083 4756 3149 4794 ex
3189 4739 3310 4807 eius
3329 4752 3463 4806 spe—

1881 4841 2053 4895 luncae
2083 4840 2223 4894 ostio
2254 4837 2624 4893 revolvebant.
2659 4835 2811 4892 Tunc
2849 4833 3062 4890 Domini
3105 4832 3276 4888 nostri
3333 4829 3466 4885 Iesu

1880 4931 2084 4986 Christi
2145 4932 2301 5002 jussu
2355 4931 2558 4986 sanctis
2590 4929 2694 4982 illis
2738 4928 2891 4990 viris,
2942 4928 3034 4996 qui
3090 4926 3142 4978 in
3205 4923 3464 4994 spelunca

1889 5026 2242 5086 dormierant,
2267 5024 2373 5076 vita
2426 5023 2674 5078 restituta
2703 5030 2805 5084 est,
2842 5028 2898 5074 et
2939 5034 3036 5072 vox
3065 5018 3175 5082 illa,
3211 5031 3329 5087 quae
3359 5014 3465 5069 La-

1889 5133 2071 5172 zarum
2103 5133 2132 5172 e
2170 5127 2523 5170 monumento
2573 5115 2853 5177 excitavit,
2909 5113 3096 5168 eadem
3157 5118 3213 5164 et
3262 5109 3466 5164 sanctis

1887 5201 2212 5282 martyribus
2282 5211 2406 5263 vita:
2462 5208 2709 5278 spiritum
2764 5208 3018 5262 restituit.
3093 5203 3466 5259 Surrexerunt

1889 5305 2069 5381 igitur,
2100 5311 2153 5356 et
2188 5302 2358 5354 Deum
2387 5299 2666 5354 laudantes
2711 5299 3095 5360 consederunt,
3123 5305 3176 5351 et
3206 5293 3464 5365 quemad-

1888 5395 2105 5448 modum
2141 5392 2380 5462 quotidie
2403 5399 2817 5456 consueverant,
2878 5405 2937 5444 se
2973 5387 3210 5443 vicissim
3267 5389 3469 5443 saluta-

1885 5486 2036 5550 bant,
2095 5485 2350 5555 quoniam
2398 5486 2607 5539 nullum
2649 5484 2706 5538 in
2763 5483 2841 5539 eis
2878 5483 3091 5554 signum
3149 5479 3465 5546 exsistebat,

1887 5593 1951 5632 ex
1983 5594 2090 5648 quo
2130 5588 2376 5633 mortuos
2426 5593 2483 5634 se
2527 5577 2696 5633 fuisse
2743 5576 2986 5647 judicare
3030 5581 3288 5646 possent:
3340 5587 3468 5628 nam

266 5741 349 5813 (1)
384 5739 522 5795 Vide
553 5738 846 5799 Baronium
885 5746 935 5800 in
998 5749 1139 5804 notis
1184 5749 1250 5804 ad
1303 5748 1738 5821 Martyrologium
1779 5752 1880 5808 hoc
1906 5752 2014 5806 die.

307 5903 322 5934 '
364 5901 531 5959 Joan.
571 5918 622 5970 γ,
648 5898 736 5956 26.

878 5905 894 5934 ²
928 5903 1075 5963 Deut.
1101 5925 1155 5970 ιι,
1189 5911 1238 5964 Ζλ
1277 5913 1292 5939 ³
1336 5909 1525 5970 Ezerh.
1589 5910 1908 5966 xxxx-n12.
