4180 6496
765 424 869 488 439

2077 434 2356 494 MENSIS
2390 435 2682 496 JULIUS.

3897 438 3997 503 440

767 546 822 591 et
854 550 1029 594 vestes
1068 542 1201 597 tales
1229 552 1405 607 erant,
1438 545 1626 613 quales
1649 557 1703 598 et
1735 554 1916 607 antea,
1953 560 2110 614 quam
2160 548 2301 603 obiis

2437 550 2625 618 ἱμάτια
2648 549 2827 601 αὐτῶν
2858 550 3048 621 ὥσπερ
3076 546 3217 619 ἦσαν
3233 548 3576 621 ἐνδεδυμένοι
3622 552 3730 623 πρὸ
3754 552 3852 606 τοῦ
3895 554 3994 607 αὖε

764 636 887 686 sent
909 645 924 683 :
949 645 1177 699 corpora
1208 632 1368 686 etiam
1406 634 1521 702 ipsa
1551 633 1835 697 llorebant,
1861 634 2185 690 hilaritatem
2217 648 2328 706 prae

763 734 822 772 se
850 716 1113 774 ferentia:
1142 720 1371 791 denique
1400 723 1532 777 tales
1552 731 1729 785 erant,
1758 732 1818 777 ιιι
1843 724 1885 777 si
1915 723 2085 794 pridie
2116 724 2324 793 vesperi

761 828 1009 867 somnum
1051 814 1359 883 cmpissent,
1398 823 1452 867 et
1498 814 1753 883 postridie
1809 830 1968 869 mane
2022 814 2323 885 experrecti

759 904 1009 959 fuissent.
1032 904 1221 959 Adhuc
1238 912 1387 960 etde
1421 905 1688 961 idolorum
1740 908 2123 976 superstitione
2174 907 2322 962 solli-

757 994 870 1059 citi,
906 1009 935 1049 a
971 996 1133 1051 Decio
1161 998 1486 1068 imperatore
1526 1014 1585 1053 se
1633 998 1833 1069 inquiri
1895 999 2317 1054 existimabant:

756 1082 825 1136 ob
863 1081 1028 1151 idque
1096 1083 1263 1137 multa
1318 1099 1445 1139 cura
1476 1084 1677 1149 allecti,
1725 1086 2003 1141 vertebant
2037 1087 2219 1142 oculos
2253 1089 2317 1143 ad

754 1172 1072 1227 Jamblicum
1088 1182 1508 1242 procuratorem,
1541 1174 1677 1229 etab
1695 1189 1761 1228 eo
1792 1176 1973 1229 denuo
1987 1178 2315 1245 qumrebant,

754 1280 998 1332 qumnam
1024 1267 1192 1335 pridie
1215 1269 1423 1337 vesperi
1453 1267 1751 1322 audivisset
1768 1268 1834 1323 de
1855 1267 1984 1334 ipsis
2009 1268 2063 1321 in
2079 1269 2315 1325 civitate.

754 1357 963 1423 Quibus
989 1358 1286 1415 Jamblieus
1329 1360 1634 1428 respondit:
1672 1359 2132 1426 Quemadmodum
2168 1362 2321 1416 vobis

751 1448 862 1502 dixi
899 1448 1012 1503 heri
1041 1448 1277 1519 vesperi,
1308 1457 1361 1503 et
1389 1464 1488 1504 nos
1520 1465 1624 1504 una
1664 1465 1786 1505 cum
1834 1449 2057 1519 reliquis
2110 1450 2319 1505 civibus

751 1539 965 1608 quaesiti
992 1540 1214 1607 fuimus,
1246 1540 1426 1596 utdiis
1470 1541 1875 1596 itnmolaremus
1918 1557 2099 1596 coram
2142 1542 2317 1611 impe-

755 1639 977 1685 ratore:
1036 1630 1130 1700 qui
1194 1630 1298 1686 nisi
1340 1632 1460 1702 ejus
1512 1632 1687 1702 jussui
1740 1631 2315 1702 obtemperaverimus,

2431 646 2557 704 τοῦς
2589 641 2921 712 κοιμηθῆναι
2953 643 3046 697 καὶ
3072 643 3398 710 ἀναστῆναι,
3426 641 3598 707 οὕτως
3634 639 3778 715 ἦσαν
3809 645 3996 700 ἐπάνω

2430 733 2628 788 αὐτῶν.
2646 735 2755 787 Kal.
2786 734 2851 787 τὰ
2874 733 3101 800 σώματα
3132 734 3314 789 αὐτῶν
3335 730 3474 805 ἦσαν
3501 733 3713 805 ἀνθηρὰ
3737 736 3835 789 καὶ
3866 753 3996 803 φαι-

2429 824 2531 893 δρὰ
2560 825 2655 876 καὶ
2692 821 2865 886 οὕτως
2892 819 3032 893 ἦσαν
3066 824 3139 887 ὼς
3181 821 3544 895 κοιμηθέντες
3593 824 3703 877 ἀπὸ
3750 826 3852 894 ὀψὲ
3899 827 3994 879 καὶ

2430 914 2752 985 ὲγερθέντες
2795 915 3030 984 πρωτας,
3060 914 3275 984 ἔχοντες
3321 915 3419 985 τὴν
3458 916 3718 984 φροντίδα
3760 916 3861 968 καὶ
3895 916 3993 987 τὴν

2428 1006 2606 1076 λύπην
2627 1009 2725 1076 τῆς
2745 1006 3214 1074 εἰδωλολατρείας,
3232 1007 3328 1059 καὶ
3356 1005 3663 1075 ἐλογίζοντο
3691 1008 3776 1061 ὅτι
3802 1008 3993 1070 Δέκιος

2425 1098 2454 1150 ὁ
2480 1098 2733 1168 βασιλεὺς
2751 1097 3003 1169 ἐπιζητεῖ
3030 1095 3247 1161 αὐτούς.
3278 1097 3386 1152 Καὶ
3416 1098 3473 1151 ὲν
3513 1099 3694 1168 πολλῷ
3723 1099 3875 1171 φόνῳ
3902 1099 3994 1153 καὶ

2423 1192 2595 1260 ἀγῶνι
2620 1191 2886 1261 ὑπῆρχον,
2920 1190 3014 1244 καὶ
3036 1190 3341 1261 ἐπέϐλεψαν
3380 1191 3536 1261 πρὸς,
3561 1188 3874 1263 Ἰάμϐλιχον
3903 1190 3993 1245 τὸν

2422 1284 2711 1353 οἰκονόμον
2746 1284 2927 1337 αὐτῶν
2953 1324 2967 1347 ,
2998 1284 3093 1337 καὶ
3125 1282 3494 1355 ἐπηρώτησαν
3521 1285 3685 1338 αὐτὸν
3714 1286 3853 1357 περὶ
3883 1285 3991 1339 τῶν

2426 1372 2769 1443 λαλουμένων
2792 1374 2889 1443 ὀψὲ
2915 1377 2972 1427 ὲν
3001 1376 3065 1443 τῇ
3093 1375 3281 1441 πόλειλ
3306 1375 3401 1429 καὶ
3433 1369 3587 1427 εἶπεν
3626 1376 3811 1439 αὐτοῖς
3839 1375 3990 1445 Ἰάμ-

2423 1465 2630 1532 ϐλιχος,
2667 1463 2855 1534 ὥσπερ
2910 1467 3172 1535 προεῖπον
3205 1467 3353 1535 ὑμῖν,
3375 1466 3457 1519 ὅτι
3508 1466 3865 1536 ὲζητήθημεν
3891 1468 3989 1537 ὀψὲ

2418 1555 2560 1626 μετὰ
2608 1556 2717 1609 τῶν
2770 1556 3208 1626 πολιτευομένων
3257 1556 3515 1612 ὲπιθύσαι
3561 1560 3674 1622 τοῖς
3732 1557 3983 1623 εἰδώλοις

2416 1648 2647 1701 ἐνώπιον
2678 1647 2773 1702 τοῦ
2811 1648 3095 1718 βασιλέως,
3133 1651 3228 1702 καὶ
3265 1648 3375 1703 ἰδοὺ
3430 1649 3800 1721 ἐντεθύμηται
3837 1651 3986 1705 κακὰ

753 1728 1017 1775 tormenta
1046 1735 1103 1776 se
1136 1722 1297 1777 nobis
1324 1723 1609 1777 allaturum
1639 1720 1940 1777 constituit.
1970 1720 2108 1789 Quid
2134 1731 2310 1779 autem

2418 1740 2548 1807 περὶ
2580 1738 2734 1808 ἡμῶν
2759 1755 2772 1770 ’
2811 1710 2863 1791 τί
2891 1710 3106 1810 ποιήσει
3135 1739 3191 1792 δὲ
3218 1740 3318 1792 οὐκ
3349 1735 3487 1794 οἴδα.

750 1809 993 1865 {acturus
1017 1812 1107 1875 sit,
1150 1812 1353 1866 nescio.

819 1897 957 1955 Xlll.
979 1898 1129 1956 Tunc
1147 1901 1426 1971 respondit
1443 1900 1839 1961 Maximilianus
1866 1904 1974 1978 (2):
2002 1904 2176 1977 Agite,
2210 1904 2316 1960 fra-

750 2002 883 2055 tres,
923 1994 1091 2063 parati
1118 1996 1285 2051 simus
1327 1995 1538 2065 prodire
1581 1997 1636 2051 in
1673 2009 2025 2068 conspectum
2080 2000 2315 2068 impera-

752 2084 882 2140 toris
909 2085 1050 2142 illius
1080 2086 1336 2141 terribilis
1361 2096 1416 2141 et
1462 2087 1575 2141 veri
1612 2089 1704 2142 Dei
1736 2087 2106 2153 Jesquristi,
2138 2105 2316 2159 neque

748 2177 1037 2232 timeamus
1063 2178 1344 2233 mortalem
1380 2178 1541 2233 istum
1597 2182 2003 2245 imperatorem.
2050 2181 2131 2235 Tu
2162 2198 2310 2248 vero,

746 2268 1047 2333 Jatnbliee,
1112 2271 1179 2325 da
1248 2286 1469 2342 operam
1536 2283 1596 2328 ut
1646 2285 1867 2343 paretur
1930 2275 2087 2329 nobis
2159 2277 2314 2330 cibus

745 2362 813 2417 ad
846 2359 1032 2417 heram
1067 2366 1442 2421 constitutam.
1479 2367 1675 2435 Accipe
1703 2376 2008 2436 argentum,
2033 2367 2314 2437 ingredere

748 2453 801 2507 in
833 2455 1041 2519 urbem,
1076 2470 1197 2511 eme
1232 2471 1397 2526 panes
1433 2457 1667 2512 multos:
1714 2457 1871 2527 pauci
1910 2456 2056 2511 enim
2098 2458 2316 2511 luerunt

745 2559 885 2613 quos
918 2545 1035 2600 beri
1098 2547 1307 2616 vesperi
1364 2548 1617 2612 attulisti,
1676 2548 1747 2603 ob
1804 2548 1965 2617 idque
2021 2546 2311 2603 esurimus.

744 2634 945 2691 Eadem
987 2652 1150 2707 opera
1209 2639 1410 2716 discas,
1476 2640 1605 2710 quid
1661 2641 1854 2696 Decius
1902 2643 2201 2712 imperator
2246 2644 2312 2697 de

743 2724 904 2784 nobis
936 2730 1209 2784 decernat.
1238 2729 1558 2799 Cogitabam
1579 2731 1723 2786 enim
1754 2747 1813 2787 se
1840 2741 1996 2787 nocte
2028 2732 2311 2802 superiore

742 2818 1020 2882 cubuisse,
1079 2830 1135 2876 et
1192 2823 1453 2891 postridie
1504 2838 1667 2878 mane
1722 2833 2068 2894 experrectos
2120 2823 2307 2878 fuisse.

744 2908 901 2967 Tunc
937 2912 1099 2983 igitur
1132 2915 1273 2969 bene
1296 2930 1454 2970 mane
1492 2913 2072 2983 surrexitJamblieus,
2108 2926 2161 2972 et
2221 2933 2311 2971 ar-

736 3014 961 3074 gentum
988 3006 1300 3075 sumpsitex
1339 3007 1548 3075 loculis,
1591 3008 2045 3077 quemadmodum
2077 3024 2306 3064 consuev

740 3102 912 3148 verat.
947 3094 1074 3149 Erat
1096 3102 1277 3150 autem
1315 3108 1534 3153 moneta
1566 3099 1651 3152 illa
1683 3108 1867 3154 vetere
1888 3108 2017 3152 nota
2043 3098 2304 3168 impressa

738 3199 861 3254 quae
890 3186 1086 3254 partim
1116 3187 1499 3257 quadraginta,
1530 3189 1726 3258 partim
1751 3190 2029 3258 sexaginta
2052 3206 2305 3245 nummo-

740 3290 869 3355 rum.
894 3275 1067 3343 pretio
1101 3276 1442 3344 pendebatur
1474 3289 1714 3333 veterum
1747 3280 2135 3349 imperatorum
2165 3290 2303 3335 tem-

738 3358 981 3433 poribus,
1014 3381 1135 3420 eum
1176 3368 1345 3423 sancti
1380 3368 1567 3423 viride
1604 3368 1802 3438 quibus
1834 3369 1996 3424 verba
2053 3367 2303 3435 faciams,

740 3455 889 3526 prius
956 3457 1228 3513 vivebant.
1294 3457 1675 3516 Praeterierant
1728 3470 1906 3514 autem
1965 3461 2195 3513 trecenti
2252 3470 2307 3513 et

738 3549 1075 3617 septuaginta
1138 3551 1265 3603 anni
1318 3568 1382 3603 ex
1435 3567 1542 3620 quo
1589 3550 1921 3606 dormierant
1999 3565 2169 3625 usque
2238 3548 2305 3604 ad

738 3639 880 3695 diem
914 3655 1020 3711 quo
1048 3654 1485 3697 resurrexeruut.

812 3828 963 3883 XIV.
998 3826 1132 3879 Cum
1168 3825 1328 3895 igitur
1379 3826 1664 3890 illuxisset,
1720 3826 1852 3881 exiit
1895 3825 2185 3883 Jatnblicus
2236 3845 2297 3883 ex

741 3922 1018 3991 spelunca,
1053 3930 1107 3975 et
1141 3920 1273 3978 vidit
1297 3920 1505 3991 lapides
1538 3932 1662 3974 ante
1706 3921 2016 3989 Speluncam
2070 3923 2297 3993 positos,

736 4025 897 4084 atque
920 4014 1225 4083 obstupuit:
1286 4014 1421 4067 nihil
1448 4013 1594 4068 enim
1628 4011 1696 4068 de
1729 4012 2000 4085 lapidibus
2053 4014 2158 4070 illis
2210 4031 2324 4071 co--

734 4116 1015 4177 gnoverat.
1064 4106 1405 4162 Descendens
1462 4115 1643 4161 autem
1691 4106 1759 4163 de
1810 4118 2012 4175 monte,
2077 4109 2304 4163 timebat

735 4197 1103 4254 deambulare.
1130 4198 1313 4267 Itaque
1339 4198 1391 4263 in
1426 4198 1510 4252 via
1540 4206 1685 4252 totus
1708 4199 2030 4269 trepidabat,
2054 4210 2303 4254 metuens

745 4291 805 4346 in
836 4292 1023 4346 urbem
1059 4292 1293 4361 ingredi,
1318 4307 1385 4347 ne
1405 4308 1514 4362 quo
1538 4291 1698 4347 modo
1728 4300 2134 4361 agnosceretur,
2158 4303 2210 4347 et
2230 4288 2301 4347 ad

2486 1904 2582 1959 II".
2605 1902 2737 1957 Τότε
2754 1905 3025 1975 ἀπεκρίθη
3041 1904 3467 1975 Μαξιμιλλιανὸς
3489 1904 3583 1959 καὶ
3606 1899 3759 1958 εἶπεν
3773 1902 3981 1969 αὐτοῖς’

2420 1997 2685 2065 Ἀδελφοί,
2751 1997 2979 2065 ἑτοίμως
3019 1996 3213 2067 ἔχομεν
3249 1997 3588 2066 παραστῆναι
3620 1995 3856 2050 ἐνώπιον
3888 1996 3982 2049 τοῦ

2420 2089 2683 2159 βασιλέως
2716 2088 2922 2141 ἐκείνου
2950 2088 3045 2140 τοῦ
3099 2086 3330 2157 φοϐεροῦ
3358 2088 3452 2141 καὶ
3475 2087 3706 2157 φρικτοῦ
3738 2086 3981 2157 Χριστοῦ

2413 2181 2505 2234 τοῦ
2546 2179 2803 2249 ἀληθινοῦ
2837 2180 2970 2232 Θεοῦ
3002 2181 3183 2250 ἡμῶν,
3237 2181 3333 2233 καὶ
3369 2178 3444 2250 μὴ
3474 2178 3842 2249 δειλιὰσωμεν
3874 2182 3982 2233 ἀπο

2414 2272 2505 2325 τοῦ
2535 2272 2773 2341 φθαρτοῦ
2818 2272 3011 2325 τούτου
3075 2272 3339 2340 βασιλέως
3378 2290 3391 2303 ·
3424 2269 3579 2325 εἶπεν
3614 2271 3672 2325 δὲ
3714 2273 3811 2326 καὶ
3847 2272 3983 2342 πρὸς

2427 2364 2727 2432 Ἰάμϐλιχον
2756 2364 2901 2424 ὅπως
2934 2364 3212 2431 ἑτοιμάσει
3248 2365 3429 2425 αὐτοῖς
3453 2363 3550 2432 τὴν
3570 2364 3780 2433 τροφὴν
3806 2363 3983 2416 αὐτῶν

2413 2448 2492 2518 εἰς
2522 2456 2619 2524 τὴν
2642 2454 2957 2525 ὡρισμένην
3000 2454 3171 2525 ὥραν,
3204 2456 3299 2507 καὶ
3323 2450 3493 2507 εἶπεν·
3532 2453 3679 2506 Λάϐε
3712 2454 3981 2523 ἀργύριον

2412 2550 2469 2601 ὲν
2516 2550 2635 2611 ταῖς
2692 2548 2849 2619 χερσὶ
2902 2564 2995 2600 σου
3065 2548 3159 2600 καὶ
3209 2546 3418 2600 εἴσελθε
3463 2544 3543 2609 εἷς
3570 2545 3669 2617 τὴν
3702 2548 3863 2598 πόλιν
3892 2543 3981 2597 καὶ

2412 2642 2681 2713 ἀγόρασον
2735 2640 3030 2712 περισσοὺς
3081 2635 3303 2710 ἄρτους,
3356 2641 3437 2693 ὅτι
3489 2638 3658 2709 ὀλίγοι
3724 2633 3866 2709 ἦσαν
3891 2637 3981 2701 οὓς

2411 2728 2649 2801 ἣνεγκας
2680 2732 2938 2801 ἑσπέρας.
2968 2733 3063 2784 καὶ
3118 2732 3226 2784 ἰδοὺ
3270 2730 3570 2799 πεινῶμεν,
3621 2731 3715 2783 καὶ
3754 2730 3895 2800 μάθε
3930 2728 3979 2781 τί

2410 2822 2716 2876 ἐντέλλεται
2757 2822 2883 2892 περὶ⁵
2914 2821 3069 2892 ἡμῶν
3092 2822 3282 2883 Δέκιος
3324 2822 3351 2874 ό
3384 2821 3659 2892 βασιλεὺς,
3689 2818 3836 2872 οὕτω
3875 2820 3979 2887 γὸρ

2409 2912 2656 2983 ἐνόμιζον
2691 2914 2773 2966 ὅτι
2834 2913 2934 2982 τῆν
2991 2912 3159 2966 νύκτα
3193 2914 3409 2984 ἐκείνην
3456 2911 3839 2983 ἐκοιμήθησαν
3888 2912 3979 2963 καὶ

2409 3003 2729 3072 ἀνέστησαν.
2763 3003 2968 3056 Ἕωθεν
2992 3003 3047 3055 δὲ
3077 3004 3312 3067 ἀναστὰς
3353 3003 3658 3073 Ίὰμϐλιχος
3686 3001 3884 3056 ἔλαϐεν
3921 3002 3979 3055 τὸ

2410 3093 2673 3163 ἀργύριον
2715 3094 2779 3144 ἐκ
2826 3094 2932 3143 τῶν
2984 3091 3288 3161 βαλαντίων
3329 3094 3531 3159 αὐτῶν,
3565 3091 3750 3155 καθὼς
3786 3094 3978 3147 εἴωθεν

2408 3185 2515 3237 ἀπὸ
2544 3185 2641 3253 τῆς
2681 3186 2902 3253 μονῐτας
2934 3184 3031 3254 τῆς
3067 3187 3540 3255 μεμονετευμένης
3563 3187 3976 3254 τεσσαράκοντα

2407 3276 2661 3345 νουμίων,
2702 3275 2919 3345 καὶτῆς
2965 3276 3132 3343 ἄλλης
3167 3277 3389 3344 pavitare
3419 3276 3683 3344 ἐξήκοντα
3734 3275 3977 3345 νουμίων

2405 3371 2502 3438 τῆς
2531 3365 2698 3436 οὔσης
2734 3368 2793 3418 ὲν
2825 3370 2943 3429 ταῖς
3007 3366 3243 3436 ἡμέραις
3293 3367 3403 3418 τῶν
3427 3365 3672 3435 ἀρχαίων
3709 3366 3974 3437 βασιλέων

2406 3457 2510 3508 τῶν
2544 3456 2711 3508 ὄντων
2742 3458 2799 3509 ὲν
2829 3460 2939 3522 τοῖς
2987 3458 3202 3527 χρόνοις
3256 3456 3370 3513 τῶν
3428 3458 3599 3527 ἁγίων
3640 3460 3849 3514 τούτων
3896 3462 3975 3514 ὅτι

2404 3548 2461 3599 ὲν
2514 3547 2659 3619 αὑτῷ
2715 3548 2793 3620 τῷ
2848 3550 3026 3621 καιρῷ
3079 3550 3290 3620 ἐφάνη,
3339 3548 3434 3603 καὶ
3488 3547 3634 3620 εἶχον
3682 3552 3974 3621 τριακόσια

2405 3644 2772 3717 ἑϐδομήκοντα
2831 3644 2924 3698 δύο
2959 3647 3050 3715 ἔτη
3085 3648 3188 3708 ’ἐως
3237 3647 3357 3697 ὅτου
3426 3642 3827 3716 ὲξυπνῖσθῆσαν
3883 3646 3975 3699 καὶ

2405 3738 2708 3805 ἀνέστησαν
2736 3739 2782 3788 οἱ
2814 3736 2961 3804 ἅγιοι
2987 3738 3196 3799 παῖδες.

2478 3828 2575 3882 1Δ’.
2606 3829 2734 3881 Ὅτε
2764 3828 2816 3880 δὲ
2853 3830 3069 3896 ἐγενετο
3098 3828 3279 3898 ἡμέρα
3308 3827 3533 3899 ἐξῆλθεν
3571 3826 3883 3901 Ἰἁμὸλιχος
3913 3828 3974 3881 ἐκ

2405 3920 2493 3976 τοῦ
2519 3919 2782 3992 σπηλαίου
2809 3921 2901 3975 καὶ
2926 3918 3062 3974 εἶδεν
3082 3923 3205 3985 τοὺς
3227 3914 3405 3985 λίθους
3420 3922 3707 3991 κειμένους
3732 3922 3974 3991 ἔμπροσ-

2402 4014 2493 4068 θεν
2524 4012 2618 4067 τοῦ
2657 4012 2921 4081 σπηλαίου
2952 4014 3045 4064 καὶ
3073 4011 3371 4080 ἐξεπλάγη.
3404 4005 3971 4081 οὐδὲνγὰρέγίνωσκε

2403 4107 2529 4177 περὶ
2558 4105 2759 4169 αὐτῶν,
2793 4102 3063 4174 κατῆλθεν
3079 4102 3135 4156 δὲ
3162 4102 3268 4157 ἀπὸ
3296 4104 3388 4157 τοῦ
3411 4102 3572 4174 ὄρους
3601 4103 3696 4157 καὶ
3723 4104 3972 4171 ἑφοόεῖτο

2405 4198 2729 4266 περιπατεῖν
2775 4196 2832 4248 ὲν
2860 4199 2924 4268 τῇ
2980 4196 3085 4268 ὁδῷ
3137 4196 3233 4249 τοῦ
3287 4197 3550 4250 εἰσελθεῖν
3605 4198 3662 4248 ὲν
3690 4200 3757 4266 τῇ
3798 4197 3967 4257 πόλει.

2403 4289 2648 4359 ἐφοϐεῖτο
2666 4290 2771 4359 γὰρ
2806 4290 2879 4359 μή
2914 4306 3030 4350 πως
3064 4288 3283 4357 γνωσθῇ
3318 4289 3420 4340 ὑπό
3466 4304 3611 4351 τινος
3642 4290 3740 4341 καὶ
3794 4290 3973 4359 ἐμφα-

733 4381 1115 4451 imperatorem
1181 4381 1400 4438 Decium
1464 4384 1675 4439 vinctus
1731 4386 2051 4452 duceretur;
2101 4385 2300 4455 quippe

2406 4385 2524 4454 νίση
2581 4384 2710 4452 περὶ
2759 4380 2947 4443 αὐτοῦ,
2986 4380 3080 4434 xui.
3134 4381 3498 4451 κατασχόντες
3546 4381 3969 4451 παραδώσουσιν

735 4474 1019 4546 ignorabat
1069 4475 1187 4547 ejus
1246 4476 1458 4547 tyranni
1504 4492 1626 4531 ossa
1679 4478 1734 4532 in
1761 4478 2011 4547 sepulcro
2063 4478 2303 4545 putrefa-

731 4578 819 4622 cta
848 4583 991 4623 esse.
1016 4568 1149 4622 Cum
1180 4584 1310 4622 vero
1339 4570 1393 4623 in
1427 4569 1612 4626 urbem
1645 4571 2033 4641 ingrederetur,
2062 4578 2114 4625 et
2139 4584 2302 4624 vene-

734 4657 916 4712 randae
956 4659 1133 4714 crucis
1175 4659 1387 4729 signum
1448 4672 1569 4717 ante
1622 4662 1771 4716 urbis
1825 4672 2004 4732 portas
2059 4672 2297 4715 erectum

736 4733 975 4810 vidisset.
1036 4752 1114 4804 sie
1174 4752 1473 4819 obstupuit,
1513 4761 1565 4806 ut
1597 4768 1626 4805 a
1658 4762 1837 4807 mente
1863 4754 1971 4807 fere
2004 4753 2294 4809 exciderit:

736 4851 899 4911 atque
956 4844 1011 4896 in
1069 4857 1447 4913 quamcunque
1513 4854 1716 4914 partem
1775 4844 1966 4899 oculos
2021 4846 2293 4909 vertisset,

738 4946 920 4987 rerum
976 4938 1216 4990 novitate
1277 4936 1574 5004 perculsus,
1623 4937 1792 5005 magis
1861 4935 2294 5002 obstupesecbnt.

733 5023 1065 5079 Accessitad
1094 5025 1251 5077 aliam
1296 5027 1443 5079 urbis
1473 5036 1702 5094 portam,
1738 5036 1791 5077 et
1820 5020 1925 5077 illic
1961 5024 2121 5077 etiam
2174 5040 2299 5077 eru-

734 5131 849 5170 cem
898 5118 1065 5184 ipsam
1134 5130 1311 5185 supra-
1347 5132 1530 5170 muros
1580 5124 1812 5170 erectam
1860 5114 2011 5169 vidit.
2054 5114 2296 5183 Cumque

734 5222 924 5261 omnes
952 5216 1133 5276 portas
1176 5208 1419 5272 obiisset,
1475 5209 1793 5262 veneranda:
1839 5210 2017 5263 crucis
2071 5208 2294 5277 figuram

731 5299 1016 5365 aspiciens,
1050 5316 1161 5370 pne
1191 5310 1408 5369 stupore
1460 5310 1644 5354 mutus
1713 5303 1886 5354 factus
1946 5308 2047 5353 est.
2106 5300 2292 5368 Itaque

731 5401 852 5440 cum
895 5388 959 5440 ad
985 5392 1208 5457 primam
1260 5388 1403 5443 illaut
1457 5400 1667 5457 portam
1716 5403 1773 5441 se
1831 5389 2166 5448 contulisset,
2221 5391 2293 5442 ita

728 5494 911 5533 secum
944 5478 1299 5549 loquebatur:
1330 5481 1585 5548 quidnam
1619 5479 1719 5533 hoc
1752 5480 1869 5533 est?
1916 5479 2042 5533 Heri
2082 5482 2291 5548 vesperi

731 5564 891 5637 bilius
948 5572 1129 5627 crucis
1188 5570 1401 5641 signum
1462 5572 1513 5624 in
1580 5569 1815 5625 latibulis
1850 5572 2182 5634 servabatur,
2239 5582 2292 5624 et

729 5676 871 5714 nunc
900 5663 1157 5731 apertcin
1194 5663 1363 5731 ipsius
1404 5660 1552 5715 urbis
1600 5660 1801 5716 foribus
1861 5671 2099 5715 erectum
2140 5662 2286 5715 vide-

802 5849 874 5921 (2)
910 5850 1032 5903 Vide
1065 5848 1353 5902 Baronium
1384 5848 1470 5903 ubi
1512 5860 1693 5917 supra.

2405 4476 2567 4527 αὑτὸν
2597 4474 2675 4542 τῷ
2724 4472 2950 4543 βασιλεῖ,
3000 4472 3096 4526 καὶ
3146 4474 3247 4527 οὐκ
3303 4474 3418 4544 ᾔδει
3449 4476 3529 4526 ὅτι
3555 4469 3699 4541 ἦσαν
3728 4474 3798 4525 τὰ
3838 4474 3973 4526 όστι

2401 4568 2493 4623 τοῦ
2521 4568 2792 4640 τυράννου
2834 4569 2891 4622 ἐν
2940 4569 3019 4640 τῷ
3056 4570 3179 4640 ἆδῃ.
3216 4571 3326 4623 Καὶ
3359 4569 3445 4621 ὅτε
3478 4566 3721 4637 ἔφθασεν
3753 4567 3781 4620 ὁ
3816 4567 3971 4637 Ἰάμ-

2399 4664 2580 4733 ϐλιχος
2610 4663 2688 4726 εἰς
2710 4666 2809 4731 τὴν
2864 4662 3017 4715 πόλιν
3066 4661 3322 4725 ἀτενίσας
3353 4657 3492 4715 εἶδεν
3541 4662 3631 4714 τὸν
3668 4660 3842 4712 τύπον
3874 4660 3968 4710 τοῦ

2399 4754 2579 4822 τιμίου
2620 4751 2851 4818 σταυροῦ
2904 4750 3258 4820 πεπηγμένον
3313 4749 3455 4803 κατᾶ
3506 4749 3613 4799 τῶν
3651 4747 3841 4799 πυλῶν
3870 4746 3967 4815 τῆς

2401 4842 2630 4904 πόλεως,
2660 4842 2752 4892 καὶ
2780 4840 2975 4907 ἐξέστη
3010 4840 3066 4891 ὲν
3101 4842 3164 4910 τῇ
3199 4839 3411 4909 διανοίᾳ⁸
3438 4836 3626 4890 αὐτοῦ.
3692 4838 3802 4892 Καὶ
3837 4853 3962 4891 κατ-

2398 4933 2541 4985 ενόει
2570 4924 2668 4984 ὦδε
2690 4949 2783 4985 και
2808 4925 2907 4984 ὦδε
2929 4932 3019 4983 καὶ
3044 4930 3426 4999 ἐξεπλήττετο,
3468 4930 3669 4998 ὁμοίως
3700 4929 3758 4981 δὲ
3797 4930 3968 4981 ἀττελ-

2399 5026 2507 5079 θὼν
2538 5025 2629 5078 καὶ
2653 5027 2732 5086 εἰς
2755 5024 2853 5095 τὴν
2886 5022 3054 5093 ἄλλην
3086 5023 3263 5093 πύλην
3286 5022 3382 5095 τῆς
3409 5022 3635 5085 πόλεως,
3680 5018 3823 5074 εἶδεν
3863 5023 3966 5071 κὰ-

2398 5121 2547 5167 κείσε
2587 5105 2818 5185 σταυρὸν
2849 5113 3203 5183 πεπηγμένον
3255 5115 3438 5168 ἐπάνω
3464 5115 3632 5184 αὐτῆς
3662 5114 3757 5165 καί
3800 5111 3965 5165 ἐθαύ-

2400 5208 2590 5277 μαζον,
2624 5209 2716 5259 καὶ
2742 5206 3047 5278 περιελθὼν
3080 5206 3205 5270 ὅλας
3228 5208 3327 5287 εᾲς
3358 5207 3551 5270 πύλας,
3607 5199 3769 5271 εὗρεν
3808 5198 3965 5269 οὗτος

2397 5303 2485 5353 τὸν
2535 5300 2702 5353 τύπον
2748 5300 2841 5352 τοῦ
2899 5301 3083 5369 τιμίου
3140 5300 3400 5368 σταυροῦ,
3456 5300 3549 5350 καὶ
3597 5298 3786 5351 ἵστατο
3817 5298 3963 5359 ὲνεὸς

2394 5392 2830 5461 ἐκπληττόμενος
2872 5391 2967 5445 ἐπὶ
2986 5390 3219 5455 τούτοις
3263 5393 3391 5443 Ὅτε
3414 5388 3505 5441 οὖν
3540 5383 3704 5461 ἦλθεν
3737 5382 3831 5441 ἐπὶ
3861 5387 3965 5457 τὴν

2394 5470 3005 5551 πρώτην,’διελογίζετο
3044 5484 3101 5537 ὲν
3146 5481 3342 5549 ἐαυτῷ,
3373 5480 3466 5534 καὶ
3494 5481 3679 5546 ἔλεγεν
3707 5494 3720 5507 '
3758 5478 3824 5531 Τί
3855 5478 3965 5547 ἄρα.

2392 5574 2509 5627 ἐστι
2538 5576 2694 5627 τοῦτο
2722 5573 2781 5626 τὸ
2844 5577 3070 5647 σημεῖον
3122 5572 3215 5626 τοῦ
3250 5572 3495 5644 σταυροῦ
3518 5574 3598 5623 ὅτι
3631 5571 3871 5640 ἑσπέρας
3900 5564 3963 5620 ὲὺ

2394 5664 2466 5737 τῷ
2496 5665 2722 5738 κρυπτῷ
2754 5661 2850 5735 ἦν,
2910 5667 3002 5719 καὶ
3032 5664 3127 5720 νῦν
3179 5666 3585 5735 περανέρωται,
3628 5664 3767 5733 μετὰ
3822 5658 3965 5727 παῤ-
