4180 6492
213 433 316 497 ul

1310 443 1403 503 DE
1442 442 1744 503 SEPTEM
1784 441 2386 504 DOR-MIENTIBUS.

3352 434 3456 498 442

200 548 408 621 ρησίας
448 548 544 605 ἐπὶ
570 548 679 603 τῶν
702 548 889 605 πυλῶν
914 551 1013 622 τῆς
1054 551 1285 618 πόλεως,
1319 554 1505 621 ἔλεγεν
1539 554 1597 607 δὲ
1628 556 1686 607 ἐν
1712 556 1772 623 τῇ

1886 567 2025 606 mus.
2066 550 2273 607 Verene
2312 554 2412 608 hoc
2438 552 2615 613 video,
2637 565 2704 603 an
2730 549 2928 619 spectri
2952 548 3180 617 alicujus
3206 546 3457 602 illusione

198 637 419 709 διανοίᾳ
455 637 625 692 αὐτοῦ
696 639 830 709 μήτι
884 640 1073 711 ὅραμα
1115 642 1233 695 ἐστι
1292 641 1486 709 τοῦτο;
1523 644 1677 697 Μετὰ
1729 644 1786 696 δὲ

198 726 380 782 ταῦτα
416 728 599 782 λαϐὼν
628 727 829 801 θάρσος
854 731 1132 785 ἐσκέπασε
1162 732 1263 803 τὴν
1311 734 1559 804 κεφαλὴν
1616 735 1785 788 αὐτοῦ

200 818 297 872 καὶ
326 820 588 891 εἰσῆλθεν
635 823 719 886 εις
774 824 875 893 τὴν
930 824 1108 889 πόλιν,
1165 825 1261 878 καὶ
1310 827 1515 896 ἤκουσε
1573 826 1787 879 πολλῶν

200 912 484 981 λεγόντων
520 914 617 967 καὶ
639 915 952 984 όμνυόντων
983 916 1042 969 ἐν
1075 915 1153 991 τῷ
1179 916 1406 987 ὀνόματι
1446 918 1541 971 τοῦ
1576 919 1784 990 Κυρίου

199 1004 363 1073 ἡμῶν
406 1005 585 1075 Ἰησοῦ
632 1005 892 1073 Χριστοῦ,
929 1006 1026 1060 καὶ
1058 1007 1154 1063 νῦν
1204 1008 1413 1077 ἑκάστη
1441 1009 1666 1077 γλῶσσα
1696 1028 1785 1063 τε-

198 1096 485 1164 τράνωται
512 1099 571 1149 ἐν
600 1096 773 1166 αὐτῷ,
792 1098 961 1152 πάλιν
989 1100 1047 1153 δέ
1077 1100 1265 1168 ἔλεγεν
1297 1102 1354 1153 ἐν
1398 1100 1601 1170 ἐαυτῷ,
1638 1100 1782 1170 τάχα

199 1187 303 1239 οὐκ
330 1186 489 1242 ἐστιν
529 1187 667 1258 αὕτη
710 1188 745 1249 ἠ
779 1190 937 1252 πόλις
974 1191 1209 1259 Ἔφεσος
1231 1192 1375 1245 διατι
1397 1192 1466 1245 τὰ
1509 1191 1785 1261 οἰκήματα

199 1278 379 1347 αὐτῆς
418 1280 571 1331 ἐστὶν
628 1278 1036 1350 ἐνηλλαγμένα,
1080 1284 1175 1335 καὶ
1216 1284 1248 1352 ἡ
1290 1281 1571 1343 διάλεκτος
1614 1282 1784 1351 αὐτῆς

196 1369 559 1439 δεδιδαγμένη
584 1369 641 1422 ἐν
672 1369 748 1439 τῷ
779 1372 1021 1442 Χριστῷ,
1055 1374 1150 1426 καὶ
1179 1373 1349 1440 ἄλλην
1367 1373 1523 1426 πόλιν
1538 1373 1637 1426 οὐκ
1666 1369 1784 1425 οἶδα

196 1460 351 1529 εἰμὴ
402 1460 611 1530 ταύτην
650 1463 847 1533 μόνην.
907 1466 1019 1517 Καὶ
1082 1465 1537 1536 περιερχόμενος,
1593 1463 1781 1535 ἠρώτα

194 1550 321 1602 τινὰ
375 1551 490 1604 τῶν
547 1553 789 1607 πολιτῶν
847 1555 1045 1623 λέγων,
1100 1557 1216 1625 πῶς
1277 1557 1585 1626 καλεῖταιῆ
1628 1557 1785 1619 πόλις

193 1643 340 1712 αὕτη
368 1660 382 1673 ⁸
414 1646 443 1696 ό
470 1644 529 1699 δὲ
563 1641 717 1701 εἶπεν
744 1663 760 1678 ⁶
794 1648 942 1719 Αὕτη
1000 1649 1236 1719 Ἔφεσός
1290 1651 1406 1702 ἐστι
1444 1665 1459 1679 ⁸
1496 1649 1588 1701 καὶ
1630 1646 1783 1703 εἶπεν

207 1734 526 1805 Ἰάμϐλιχός
560 1740 687 1806 παρ’
709 1738 889 1806 ὀλίγον
928 1740 1071 1807 Ἐγὼ
1100 1741 1444 1809 ἐπελαθόμην
1492 1741 1586 1792 καὶ
1616 1739 1781 1792 ἐπλα-

193 1827 376 1897 νήθην
411 1832 471 1881 ἐν
504 1828 583 1900 τῷ
629 1830 712 1882 νοΐ
758 1847 887 1899 μου,
930 1831 1046 1883 ἀλλ’
1078 1830 1281 1894 ἐξέλθω
1333 1832 1397 1882 ἐκ
1424 1828 1522 1896 τῆς
1569 1829 1780 1893 πόλεως

193 1917 415 1989 ταύτης
450 1921 525 1988 μή
571 1937 684 1982 πως
716 1920 997 1990 πλανηθῶ.

1887 640 2166 711 decipior?
2195 642 2329 696 Cum
2367 642 2481 695 haec
2519 641 2745 704 diceret,
2788 648 2842 694 et
2870 641 3047 695 crucis
3073 639 3297 709 ﬁguram
3334 638 3460 691 ubi-

1886 748 1991 803 que
2046 733 2207 787 lixam
2255 733 2481 797 videret,
2513 732 2696 785 animo
2722 732 2892 801 magis
2920 728 3257 793 conﬁrmato;
3287 728 3338 781 in
3370 745 3459 781 ur-

1886 825 2007 879 bem
2039 837 2225 893 aperto
2264 824 2438 893 capite
2470 824 2746 892 ingressus
2773 831 2877 876 est.
2945 820 3189 890 Cumque
3249 820 3459 890 longius

1887 916 2531 988 progrederetur,audivit
2552 916 2749 970 multos
2767 932 2862 987 per
2886 914 3013 969 Jesu
3032 914 3231 969 Christi
3247 928 3454 967 nomen

1882 1010 2087 1079 jurare.
2123 1007 2301 1072 Quare
2361 1006 2525 1075 magis
2578 1005 2902 1075 perculsus:
2959 1003 3098 1070 Quid
3153 1005 3268 1058 haec
3323 1006 3454 1067 sint,

1887 1100 2082 1168 inquit,
2118 1099 2331 1168 ignoro.
2365 1095 2491 1151 Heri
2532 1096 2743 1165 vesperi
2776 1111 2937 1151 nemo
2986 1096 3154 1150 libere
3174 1095 3455 1149 Christum

1884 1190 2217 1252 nominabat,
2247 1198 2303 1243 et
2336 1204 2484 1243 nunc
2518 1196 2623 1242 tam
2650 1186 2832 1243 multis
2893 1187 3093 1258 linguis
3143 1186 3345 1241 Christi
3366 1202 3465 1239 no-

1886 1297 2013 1337 men
2039 1281 2379 1337 celebratur?
2406 1281 2613 1334 Rursus
2650 1294 2831 1335 secum
2884 1279 3180 1348 ambigens.
3208 1278 3424 1332 dicebat
3447 1295 3459 1329 :

1888 1371 2141 1426 Fortasse
2176 1371 2363 1425 urbem
2383 1371 2662 1440 Ephesum
2694 1386 2801 1425 non
2838 1368 3015 1428 video.
3047 1368 3305 1438 quoniam
3343 1367 3463 1437 eius

1887 1464 2113 1521 aedilicia
2141 1467 2367 1521 omnino
2389 1475 2593 1520 mutata
2627 1474 2775 1527 sunt,
2810 1473 2863 1518 et
2923 1463 3094 1532 ipsius
3126 1463 3327 1530 lingua,
3356 1461 3461 1513 alia

1891 1555 2134 1625 qua‘dam
2169 1566 2251 1609 est
2282 1555 2530 1608 Cbistum
2576 1553 2800 1607 edocta:
2848 1552 2991 1620 quod
3060 1551 3111 1602 in
3157 1549 3300 1602 nulla
3358 1548 3459 1600 alia

1890 1649 2020 1702 urbe
2044 1648 2156 1701 lieri
2186 1648 2290 1701 vidi
2323 1648 2449 1711 ,nisi
2484 1648 2539 1701 in
2566 1647 2665 1700 bac
2708 1644 2841 1699 sola.
2890 1642 3215 1712 PrOgressus
3276 1640 3459 1709 igitur,

1883 1740 2126 1808 quaesivit
2147 1756 2176 1794 a
2203 1741 2437 1809 quodam
2466 1739 2603 1811 cive,
2634 1753 2741 1806 quo
2779 1735 2994 1791 nomine
3023 1734 3150 1789 urbs
3181 1734 3267 1789 illa
3301 1750 3460 1788 voca-

1887 1844 2073 1887 retur:
2110 1832 2373 1901 Ephesus,
2404 1830 2577 1900 inquit
2608 1830 2716 1891 ille,
2747 1831 2856 1881 [nec
2891 1836 3138 1881 vocatur.
3199 1824 3314 1878 Non
3369 1840 3482 1879 cie

1825 1915 1865 1970 Β
1896 1923 2032 1977 didit
2082 1923 2400 1987 Jamblicus,
2460 1922 2554 1978 sed
2616 1936 2799 1975 secum
2846 1919 3122 1989 cogitans:
3173 1916 3459 1983 Deceptus.

189 2010 395 2077 inquit,
424 2022 575 2062 certe
600 2023 742 2074 sum,
777 2009 1022 2064 locorum
1052 2008 1271 2075 oblitus,
1332 2016 1552 2078 totaque
1602 2018 1783 2064 mente
1839 2012 2115 2067 oberrans.
2166 2010 2483 2066 Exeundutn
2521 2012 2684 2081 igitur
2739 2009 2871 2065 mihi
2922 2016 3006 2064 est
3047 2023 3115 2064 ex
3168 2007 3267 2063 bac
3304 2006 3457 2071 urbe,

188 2120 260 2158 ne
293 2102 470 2171 magis
492 2118 691 2158 errem.

264 2191 375 2246 ιε’.
408 2194 499 2256 Ὠς
535 2193 629 2247 οὖν
651 2195 708 2247 ἐν
741 2192 923 2265 πολλῷ
952 2195 1104 2263 φόϐῳ
1132 2194 1226 2249 καὶ
1258 2194 1470 2267 ἀγωνίᾳ
1487 2191 1578 2267 ἦν,
1608 2196 1785 2267 βουλό-

190 2302 360 2357 μενος
414 2284 653 2349 ἐξελθεῖν
683 2286 747 2339 ὲκ
767 2288 869 2357 τῆς
896 2288 1131 2351 πόλεως,
1175 2288 1451 2359 προσῆλθε
1492 2290 1629 2361 πρὸς
1657 2290 1785 2354 τοὺς

1998 2199 2093 2253 XV
2122 2238 2138 2254 .
2198 2199 2333 2253 Cum
2360 2213 2487 2268 ergo
2525 2199 2893 2255 sollicitudine
2942 2214 3132 2269 magna
3187 2206 3463 2251 teneretur

1886 2302 1945 2348 et
1985 2291 2130 2347 illinc
2159 2292 2310 2347 exire
2354 2292 2535 2357 vellet,
2570 2291 2723 2361 prius
2757 2291 2926 2345 voluit
2956 2306 3123 2359 panes
3167 2303 3372 2351 emere,
3405 2299 3461 2342 et

185 2379 620 2450 πιπράσκοντας
672 2379 799 2441 τοὺς
857 2378 1056 2449 ἄρτους
1081 2380 1374 2448 ἀγοράσαι,
1407 2380 1502 2433 καὶ
1536 2380 1772 2433 ἐκϐαλὼη

1887 2394 2171 2454 argentum
2225 2383 2474 2452 sumpsit,
2538 2390 2599 2436 ut
2646 2382 2877 2452 pretium
2941 2382 3115 2436 daret.
3174 2380 3276 2447 Qui
3327 2396 3460 2436 vero

186 2471 493 2541 ἀργύριον,
553 2470 752 2523 ἔδωκεν
809 2470 996 2530 αὐτοῖς
1039 2481 1055 2497 ⁶
1088 2470 1244 2521 αὐτοὶ
1277 2472 1332 2523 δε
1375 2470 1637 2534 λαϐόντες
1689 2490 1772 2524 και

1889 2494 2081 2547 panem
2112 2478 2483 2540 vendiderant,
2531 2491 2653 2531 cum
2695 2484 2967 2530 monetam
3017 2474 3171 2529 illam
3210 2487 3459 2544 magnam

185 2564 400 2627 ἰδόντες
426 2562 527 2630 τὴν
561 2559 784 2630 μονίταν
802 2560 883 2612 ὅτι
919 2561 1133 2629 μεγάλη
1153 2556 1221 2625 ἦν
1252 2561 1347 2613 καὶ
1374 2560 1771 2631 ὲνηλλαγμένη,

180 2654 518 2723 ἐθαύμασαν
541 2653 638 2705 καὶ
654 2651 903 2721 ἀλλήλοις
917 2652 1267 2706 ἐπεδείκνυον
1299 2652 1490 2723 αὐτὴν,
1512 2654 1608 2705 καὶ
1629 2669 1771 2721 παρ-

180 2743 319 2815 ῆλθε
357 2744 451 2797 διὰ
482 2742 674 2796 πασῶν
701 2746 809 2797 τῶν
825 2744 1104 2815 καθεδρῶν
1142 2746 1249 2798 τῶν
1286 2744 1613 2799 πωλούντων
1642 2744 1772 2808 τοὺς

175 2838 416 2907 ἄρτους,
446 2836 543 2889 καὶ
576 2836 897 2907 ἐψιθύριζον
938 2837 1059 2905 μετ’
1090 2838 1339 2909 ἀλλήλων
1387 2839 1483 2892 καὶ
1536 2837 1772 2891 ἔϐλεπον

178 2933 259 2994 εἰς
281 2931 381 2984 τὸν
430 2930 739 2999 Ἰάμϐλιχον
760 2930 852 2981 καὶ
882 2923 1065 2981 εἶπον·
1093 2924 1261 2991 Οὗτος
1296 2928 1567 2999 θησαυρὸν
1586 2923 1764 2997 εὗρεν,

178 3022 280 3075 καὶ
335 3021 461 3073 ἐστι
514 3020 728 3073 πολλῶν
786 3020 943 3076 ἐτῶν.
994 3020 1051 3073 ’0
1086 3020 1142 3073 δὲ
1208 3021 1514 3091 Ἰάμϐλιχός
1553 3019 1768 3089 βλέπων

177 3118 308 3175 τοὺς
364 3112 737 3181 προσέχοντας
808 3110 958 3180 αὐτῷ
1010 3110 1419 3181 ψιθυρίζοντας,
1474 3109 1761 3180 ἐφοϐήθη·

177 3205 413 3274 ἐνόμιζε
461 3204 574 3275 γὰρ
622 3205 705 3257 ὅτι
761 3202 1058 3274 ἐγνώριζον
1107 3205 1268 3259 αὐτὸν
1313 3205 1409 3258 καὶ
1479 3202 1761 3273 βούλονται

179 3296 530 3365 παραδοῦναι
558 3297 719 3350 αὐτὸν
741 3298 915 3369 Δεκίῳ
936 3297 1012 3367 τῷ
1040 3298 1270 3368 βασιλεῖ,
1305 3296 1491 3350 πολλοὶ
1512 3296 1569 3350 δὲ
1591 3312 1767 3367 προσ·

179 3391 425 3463 ήρχοντο
448 3390 810 3459 ἐμϐλέποντες
843 3392 923 3455 εἰς
950 3392 1007 3443 τὸ
1049 3393 1341 3460 πρόσωπον
1368 3391 1554 3456 αὐτοῦ,
1582 3393 1675 3444 καὶ
1696 3391 1770 3453 ὼς

178 3483 410 3533 ἵσταντο
458 3479 787 3548 κατέχοντες
843 3482 1008 3532 αὑτὸν
1058 3484 1116 3534 ἐν
1181 3483 1332 3548 μέσῳ
1377 3483 1479 3548 τῆς
1533 3482 1766 3549 ἀγορᾶς,

178 3572 535 3640 συνέδραμεν
590 3571 743 3640 ὄχλος
780 3570 951 3635 πολὺς
998 3572 1093 3626 καὶ
1116 3570 1339 3643 ἐξῆλθεν
1363 3572 1567 3639 ὁλόγος
1616 3565 1770 3632 οὗτος

179 3659 326 3711 κατὰ
381 3660 565 3711 πᾶσαν
616 3658 712 3729 τὴν
737 3659 895 3713 πόλιν
922 3659 1187 3729 λεγόντων
1223 3662 1305 3715 ὅτι
1341 3660 1662 3732 Κατεσχέθη
1687 3679 1767 3726 τις

180 3750 408 3812 νεανίας
451 3750 629 3821 εὑρὼν
677 3752 976 3823 θησαυρόν.
1036 3755 1146 3806 Καὶ
1192 3754 1563 3825 συνήχθησαν,
1586 3754 1769 3805 ἐπάνω

180 3846 351 3898 αὐτοῦ
396 3844 557 3914 ὄχλος
606 3846 772 3909 πολὺς
822 3847 1120 3915 φάσκοντες
1147 3863 1159 3877 ·
1214 3842 1385 3908 Οὗτος
1420 3848 1449 3898 ό
1480 3846 1767 3917 ἄνθρωπος

184 3933 336 4005 ξένος
358 3937 503 3999 ἐστὶ,
537 3937 629 3988 καὶ
660 3936 923 3990 οὐδέποτε
951 3937 1133 4003 ἴδομεν
1169 3939 1352 3991 αὐτόν.
1381 3936 1491 3989 Καὶ
1521 3936 1767 4007 ὴτένιζον

185 4032 263 4091 εἰς
294 4029 358 4081 τὸ
402 4027 702 4097 πρόσωπον
751 4028 946 4083 αὑτοῦ.
1010 4030 1121 4083 Καὶ
1164 4027 1417 4082 ἐϐούλετο
1465 4028 1766 4100 Ἰάμϐλιχος

184 4120 585 4187 ἀπολογεῖσθαι
627 4120 817 4184 αὐτοῖς
862 4121 945 4175 ὅτι
994 4121 1094 4191 οὐχ
1125 4119 1251 4191 εὗρε
1308 4122 1608 4193 θησαυρὸν,
1661 4122 1757 4173 καὶ

185 4214 289 4267 ὑπὸ
317 4214 420 4281 τῆς
471 4214 788 4283 ἐκπλήξεως
816 4215 1175 4284 συνεχόμενος
1202 4215 1301 4268 οὐκ
1340 4216 1528 4285 ἴσχυσε
1551 4229 1564 4242 ·
1592 4228 1762 4281 προσ-

185 4304 326 4373 έχων
376 4304 435 4358 δὲ
485 4305 847 4373 περιεσκόπει
897 4308 980 4367 εἰς
1020 4306 1113 4358 τὸν
1155 4305 1333 4375 ὄχλον,
1388 4307 1481 4358 καὶ
1518 4304 1629 4357 οὐδ’
1670 4305 1765 4357 ἕνα

188 4397 555 4465 ἐπεγίνωσκε,
584 4400 679 4451 καὶ
706 4399 815 4467 γὰρ
841 4396 1095 4467 λαμπρὸν
1138 4397 1232 4450 καὶ
1258 4399 1562 4466 περιφανὲς
1608 4397 1765 4465 γένος

184 4488 333 4559 εἶχεν
354 4494 416 4544 ἐν
461 4492 540 4561 τῷ
559 4491 815 4561 παλατίῳ
854 4488 1106 4558 Ἐφέσου,
1163 4490 1257 4541 καὶ
1299 4488 1478 4552 καθὼς
1515 4490 1765 4559 ἐνόμιζεν

1887 2581 1943 2624 et
1993 2570 2259 2623 diversam
2321 2568 2604 2629 vidissent,
2667 2567 2843 2621 mirati
2886 2576 3035 2627 sunt,
3096 2574 3151 2619 et
3218 2565 3458 2621 vicissim

1878 2677 1995 2717 eam
2028 2660 2127 2716 sibi
2154 2659 2531 2715 ostendebant.
2582 2658 2687 2713 Per
2752 2672 2945 2712 manus
3008 2657 3176 2726 igitur
3237 2655 3454 2720 tradita,

1877 2765 2093 2810 moneta
2156 2752 2245 2807 illa
2305 2768 2403 2823 per
2475 2765 2667 2807 omnes
2718 2751 2811 2821 qui
2874 2761 3072 2821 panem
3123 2749 3452 2813 vendebant,

1880 2847 2120 2903 transiit.
2168 2845 2269 2913 Qui
2293 2844 2533 2900 vicissim
2574 2845 2627 2899 in
2676 2859 2863 2900 aurem
2919 2844 3351 2909 insusurrantes,
3403 2852 3460 2899 et

1880 2938 2204 2991 Jamblicum
2252 2937 2546 3002 intuentes,
2600 2936 2857 2991 dicebant
2895 2953 2910 2989 :
2945 2936 3082 2991 Vere
3137 2936 3299 2991 homo
3356 2935 3457 2989 iste

1877 3030 2194 3087 lhesaurum
2227 3027 2457 3090 invenit,
2481 3036 2717 3080 veterem
2741 3026 2889 3079 illum
2915 3026 3155 3094 quidem,
3184 3036 3241 3079 et
3271 3026 3458 3081 multis

1874 3121 2071 3176 abhinc
2152 3118 2308 3173 annis
2370 3117 2733 3173 reconditum.
2792 3112 3091 3170 Jamblicus
3150 3130 3277 3169 cum
3335 3115 3454 3170 illos

1869 3228 2215 3269 susurrantes
2238 3213 2465 3276 videret,
2489 3211 2654 3281 carpit
2683 3211 2873 3264 timere
2910 3228 2924 3263 :
2946 3209 3289 3264 existimabat
3310 3209 3453 3263 enim

1876 3320 1934 3360 se
1961 3304 2028 3358 ab
2084 3302 2189 3356 illis
2236 3302 2478 3371 agnosci,
2529 3310 2585 3353 et
2641 3300 2790 3352 Decii
2844 3299 3073 3367 imperio
3133 3298 3453 3351 tradendum

1876 3414 2015 3455 esse.
2042 3395 2177 3451 Cum
2208 3408 2336 3449 vero
2372 3393 2528 3448 multi
2570 3391 2952 3455 accessissent,
2978 3400 3034 3446 et
3070 3391 3189 3461 ejus
3223 3390 3451 3444 formam

1877 3505 2212 3560 nequaquam
2243 3500 2566 3559 cognoscere
2584 3493 2829 3556 possent,
2861 3484 2917 3539 in
2949 3484 3129 3538 medio
3156 3481 3272 3537 loro
3294 3481 3451 3537 illum

1876 3581 2215 3637 detinebant.
2266 3579 2453 3649 Itaque
2506 3578 2680 3633 turba:
2729 3578 2911 3632 multa!
2962 3575 3358 3639 conﬂuxerunt,
3398 3584 3453 3630 et

1877 3686 2056 3725 sermo
2088 3669 2177 3722 hic
2204 3683 2301 3736 per
2326 3676 2493 3720 tutam
2522 3666 2797 3718 civitatem
2830 3665 3081 3733 vulgatus
3105 3672 3205 3728 est,
3237 3663 3451 3716 adoles-

1874 3770 2085 3815 centem
2114 3757 2402 3829 quemdam
2432 3754 2887 3827 comprehensum
2938 3755 3127 3820 fuisse,
3184 3754 3275 3825 qui
3332 3754 3452 3809 the-

1874 3866 2093 3907 saurum
2119 3850 2418 3905 invenerat.
2438 3849 2636 3904 Turba:
2660 3856 2840 3902 autem
2859 3847 2924 3902 ad
2945 3862 3069 3901 eum
3092 3855 3449 3915 congregatae,

1877 3947 2171 4002 dicebant:
2202 3945 2373 3999 Homo
2396 3944 2497 3997 iste
2535 3942 2850 4013 peregrinus
2881 3950 2983 4003 est,
3017 3953 3191 4006 neque
3216 3952 3449 4007 unquam

1877 4040 2027 4092 illum
2078 4036 2331 4090 vidimus.
2385 4033 2514 4088 Haec
2574 4033 2844 4096 dicebant,
2888 4039 2942 4084 et
2996 4028 3218 4084 intentis
3254 4029 3447 4094 oculis,

1876 4127 2047 4196 magis
2076 4125 2352 4195 magisque
2382 4126 2560 4194 ipsum
2598 4122 2973 4177 intuebantur.
3019 4119 3246 4187 Volebat
3301 4116 3453 4172 Jam-

1874 4217 2047 4272 blicus
2066 4230 2285 4271 causam
2315 4230 2468 4269 suam
2494 4227 2680 4283 agere,
2701 4212 2845 4281 quod
2865 4210 3060 4264 falsum
3092 4218 3260 4270 esset,
3302 4213 3447 4277 quod

1875 4308 1941 4362 de
1968 4306 2255 4362 thesauaro
2284 4304 2501 4357 invento
2540 4302 2822 4356 dicerent:
2854 4299 2950 4355 sed
3002 4308 3226 4367 stupore
3260 4296 3450 4351 deten-

1878 4411 1983 4462 tus,
2020 4398 2072 4452 id
2103 4398 2279 4451 facere
2304 4410 2416 4450 non
2448 4402 2680 4466 poterat.
2714 4392 2959 4460 Cumque
3006 4404 3203 4448 omnes
3262 4388 3452 4443 turbas

1875 4489 2340 4561 circumspiceret,
2396 4488 2670 4541 neminem
2722 4486 3065 4557 agnoscebat.
3132 4493 3187 4537 et
3242 4480 3446 4535 nemini

184 4578 263 4629 ὃτι
292 4578 535 4647 ἐσπέρας
600 4581 839 4646 γνωστὸς
898 4575 966 4649 ἦν
998 4580 1133 4632 πᾶσι
1186 4578 1280 4632 καὶ
1331 4579 1498 4632 ἕωθεν
1526 4581 1634 4634 οὐδ’
1671 4581 1765 4633 ἐνα

1877 4592 2036 4639 notus
2069 4592 2206 4645 erat,
2254 4582 2378 4634 licet
2400 4579 2549 4635 claro
2572 4586 2629 4633 et
2664 4576 2856 4631 illustri
2886 4588 3083 4645 genere
3109 4572 3248 4642 apud
3270 4569 3450 4641 Ephe-

184 4670 568 4739 ἐπιγινώσκων
623 4671 953 4738 ἐθαύμαζεν,
1007 4675 1104 4726 κλὶ
1132 4672 1206 4737 ὡς
1235 4672 1544 4743 ἐξεστηκὼς
1595 4690 1765 4744 προσ-

1868 4690 1987 4730 sum
2018 4683 2178 4728 natus
2226 4680 2392 4727 esset.
2434 4670 2774 4738 Quapropter
2799 4665 3161 4722 admiratione
3219 4664 3449 4717 maxima

188 4766 332 4832 εἶχεν
364 4765 449 4826 εἰς
512 4762 605 4815 τὸν
656 4761 816 4832 ὄχλον
856 4763 984 4814 ἰδεῖν
1009 4762 1099 4814 τὸν
1130 4765 1348 4835 πατέρα
1368 4764 1533 4817 αὐτοῦ
1564 4764 1597 4832 ἣ
1642 4763 1764 4818 τινὰ

1877 4766 2225 4830 letinebatur,
2270 4763 2415 4834 quod
2469 4759 2644 4830 pridie
2714 4758 2927 4828 vesperi
2983 4756 3235 4813 omnibus
3287 4764 3450 4809 notus

186 4857 292 4907 τῶν
318 4855 589 4923 ἀδελφῶν.
608 4855 702 4907 καὶ
726 4854 841 4907 οὐδ’
864 4847 942 4917 εἷς
976 4853 1218 4924 ὑπῆρχεν
1249 4854 1309 4919 ἐξ
1336 4856 1484 4909 αὑτῶ
1498 4874 1549 4909 ν.

1862 4858 2076 4921 luisset,
2137 4866 2193 4914 et
2244 4853 2505 4926 postridie
2558 4868 2717 4908 mane
2772 4850 3050 4906 neminem
3121 4853 3443 4917 agnosceret

187 4952 415 5004 omnino
456 4959 509 5003 et
539 4949 653 5017 ipse
694 4950 929 5019 ignotus.
962 4948 1130 5003 Dabat
1157 4964 1377 5019 operam
1418 4960 1476 5005 ut
1527 4951 1668 5007 inter
1705 4952 1917 5008 turbam
1958 4954 2103 5009 illam
2135 4962 2339 5025 patrem
2378 4950 2459 5005 vel
2492 4950 2726 5019 aliquem
2753 4964 2823 5005 ex
2853 4944 3111 5001 fratribus
3154 4942 3448 5008 inveniret,

191 5058 365 5111 neque
392 5058 718 5114 quemquam
753 5044 990 5098 videbat.

259 5134 376 5201 ις’.
402 5137 545 5208 ςΓότε
599 5136 844 5206 ἐγνώσθη
881 5140 908 5189 ό
938 5138 1092 5207 λόγος
1116 5138 1173 5191 ἐν
1216 5140 1316 5212 ὅλῃ
1345 5143 1410 5211 τῇ
1464 5141 1617 5194 πόλει
1669 5143 1763 5196 καὶ

189 5230 289 5291 Iw;
319 5229 415 5281 τοῦ
453 5230 837 5283 ἐπισκοπείου.
865 5230 1080 5303 Εὑρέθη
1110 5232 1166 5286 δέ
1194 5236 1290 5285 καὶ
1342 5235 1765 5305 κατοικονομίαν

191 5322 322 5377 Θεοῦ
373 5322 471 5373 καὶ
521 5325 551 5376 ό
596 5321 913 5387 ἀνθύπατος
973 5325 1076 5395 τῆς
1139 5326 1352 5390 πόλεως
1402 5328 1523 5381 κατ’
1594 5328 1766 5399 αὐτὴν

191 5417 285 5487 τὴν
311 5412 469 5483 ὤραν
498 5415 873 5486 ἀνερχόμενος
906 5416 1043 5487 πρὸς
1073 5420 1163 5471 τὸν
1196 5421 1523 5477 ἐπίσκοπον.
1555 5424 1664 5475 Καὶ
1693 5423 1768 5487 ώς

189 5505 559 5576 διελογίζοντο
581 5508 711 5577 περί
743 5509 840 5561 τοῦ
874 5509 1157 5582 θησαυροῦ
1192 5511 1441 5584 ἐγνώσθη
1470 5516 1501 5584 ὴ
1534 5516 1771 5570 ἀνάστα-

194 5619 272 5667 σις
294 5602 405 5655 τῶν
437 5600 659 5669 νεκρῶν
709 5602 845 5654 πᾶσι
896 5606 1014 5667 τοῖς
1072 5604 1245 5669 λαοῖς,
1314 5608 1409 5661 καὶ
1471 5607 1766 5663 ἐκέλευσαν

194 5699 331 5761 μετὰ
370 5696 559 5761 πᾶσης
593 5693 1008 5765 φιλανθρωπίας
1054 5697 1398 5768 φυλαχθῆναι
1463 5701 1552 5753 τὸν
1588 5703 1760 5755 νεανί-

190 5803 315 5840 σκον
347 5792 445 5848 καὶ
497 5785 785 5855 ἐνεχθῆναι
828 5789 965 5859 πρὸς
1000 5792 1226 5856 αὐτοὺς,
1260 5791 1449 5862 ἔχοντα
1488 5794 1548 5847 τὸ
1596 5795 1767 5864 ἀργύ-

178 5880 362 5967 -ριονδ
419 5881 759 5953 ἐπεφέρετο,
820 5882 1013 5946 καλῶς
1069 5881 1248 5942 εἷλκον
1308 5888 1401 5941 τὸν
1458 5888 1765 5961 Ἰάμϐλιχον

1939 5142 2076 5198 XVI.
2108 5142 2262 5197 Tunc
2290 5156 2353 5197 ea
2373 5158 2458 5198 res
2488 5156 2583 5211 per
2607 5147 2771 5194 totam
2798 5138 2986 5194 urbem
3014 5136 3249 5207 vulgata,
3275 5146 3448 5203 usque

1868 5238 1935 5291 ad
1959 5236 2196 5307 episcopi
2221 5250 2383 5289 aures
2402 5232 2667 5303 pervertit.
2692 5232 2879 5287 Divina
2901 5243 3119 5301 quoque
3147 5225 3449 5282 Providen-

1872 5330 1943 5383 tia
1972 5326 2171 5381 l‘actum
2201 5337 2306 5393 est,
2340 5334 2397 5379 ut
2422 5323 2540 5395 ejus
2566 5324 2717 5380 urbis
2746 5320 3031 5393 proconsul
3059 5319 3145 5373 illa
3178 5319 3293 5388 ipsa
3314 5316 3446 5371 hora

1872 5422 2083 5480 veniret
2101 5422 2168 5476 ad
2200 5421 2537 5491 episcopum.
2572 5418 2674 5485 Qui
2700 5417 2828 5473 dum
2852 5416 3057 5470 diceret
3076 5412 3145 5469 de
3166 5412 3444 5473 thesauro,

1875 5531 2036 5586 quem
2057 5516 2125 5570 ab
2159 5514 2496 5569 adolescente
2527 5511 2618 5565 illo
2638 5512 2916 5565 inventum
2943 5505 3231 5576 cogitabat,
3264 5517 3326 5556 ea
3359 5516 3447 5556 res

1875 5612 2021 5676 fecit,
2082 5621 2140 5665 ut
2194 5618 2529 5663 mortuorum
2564 5604 2891 5662 resurrectio
2932 5610 3141 5673 pateret
3170 5600 3445 5655 omnibus.

1874 5700 2337 5759 Jusserunteuim
2390 5710 2494 5755 tam
2549 5698 2859 5773 proconsul,
2923 5709 3083 5765 quam
3137 5698 3442 5761 episcopus,

1874 5797 2267 5853 adolescentem
2296 5794 2443 5851 illum
2494 5792 2726 5862 benigne
2752 5797 3039 5846 tractatum
3070 5784 3348 5845 custodiri,
3393 5791 3446 5836 et

1875 5890 1941 5944 ad
1964 5905 2019 5943 se
2044 5887 2165 5945 duci
2193 5903 2313 5945 cum
2349 5894 2593 5957 argento,
2619 5883 2774 5952 quod
2802 5894 2988 5936 secum
3034 5877 3282 5932 habebat.
3311 5876 3444 5930 Cum
