4180 6454
716 414 823 476 463

2030 415 2313 476 MENSIS
2353 415 2645 479 IULIUS.

3873 417 3978 480 444

720 527 883 598 igitur
907 525 1202 580 Jamblicus
1258 526 1323 582 ad
1357 524 1641 580 ecclesiam
1691 529 2017 593 traheretur,
2073 529 2294 595 putabat

2407 531 2477 592 είς
2510 533 2610 598 τὴν
2671 532 2970 601 ἐκκλησίαν
3029 532 3284 600 ἐνόμιζεν
3325 532 3408 585 ὅτι
3461 532 3598 599 πρὸς
3639 532 3834 583 Δέκιον
3887 535 3978 583 τὸν

721 619 786 672 ad
816 618 1039 672 Decium
1098 618 1481 685 imperatorem
1525 634 1582 672 se
1613 619 1770 672 trahi.
1832 620 2015 688 Itaque
2070 621 2177 674 huc
2237 629 2293 674 et

722 709 849 763 illuc
876 708 1367 776 circumspiciebat,
1402 718 1461 762 ut
1489 709 1719 778 aliquem
1778 727 2000 764 suorum
2053 712 2288 778 videret,

721 796 804 850 vel
837 797 1390 865 consanguineorum,
1417 798 1498 850 vel
1529 813 1716 851 eorum
1753 801 1949 868 quibus
1993 811 2152 856 notus
2179 802 2294 856 fue-

719 898 822 941 rat.
855 888 1266 941 Adolesccntem
1317 889 1388 942 ita
1435 890 1966 960 circumspicientem
2018 896 2194 959 turba,
2235 904 2293 948 ut

719 979 970 1033 insanum
1017 981 1271 1048 aliquem,
1325 981 1616 1035 irridebat:
1670 983 1851 1052 itaque
1896 987 2184 1038 violentius
2227 986 2293 1040 ad

719 1071 1005 1124 ecclesiam
1063 1073 1457 1139 impellebatur.
1530 1073 1646 1128 lam
1709 1090 1839 1130 vero
1902 1079 2190 1145 proconsul
2238 1087 2295 1133 et

722 1163 1032 1231 Stephanus
1093 1165 1383 1233 episc0pus
1459 1177 1734 1220 monetam
1793 1169 1937 1221 illam
1998 1169 2048 1222 in
2100 1187 2292 1226 manus

718 1262 985 1320 sumptam
1017 1254 1387 1322 inspicientes,
1408 1257 1833 1311 admirabantur.
1873 1258 2025 1313 Tune
2059 1276 2292 1329 procon-

719 1343 802 1397 sul
847 1342 1171 1397 Jamblicum
1236 1346 1608 1412 interrogans:
1667 1350 1919 1410 Ubinam.
1975 1353 2168 1420 inquit,
2210 1365 2293 1408 est

720 1433 1030 1494 thesaurus,
1056 1450 1214 1502 quem
1240 1437 1490 1492 invenisti
1511 1441 1532 1491 ‘?
1552 1439 1760 1494 Moneta
1784 1443 1929 1495 enim
1955 1443 2065 1496 luec
2111 1459 2140 1497 e
2174 1446 2293 1500 the-

718 1538 878 1576 sauro
933 1525 1192 1592 subrepta
1274 1537 1375 1580 est.
1433 1528 1670 1592 Minime,
1743 1532 1916 1599 inquit
1971 1533 2286 1600 Jamblicus,

720 1614 1033 1668 thesaurum
1060 1617 1261 1681 inveni,
1299 1622 1754 1687 quemadmodum
1775 1638 1858 1677 me
1887 1640 1976 1678 vos
2008 1627 2291 1684 insimula-

723 1706 811 1758 tis.
893 1708 1026 1760 lllud
1083 1724 1251 1760 unum
1323 1721 1472 1763 certo
1527 1713 1658 1773 scio,
1729 1730 1792 1767 ex
1862 1719 2102 1784 paternis
2156 1721 2290 1776 meis

721 1800 968 1867 pecuniis
1004 1808 1288 1869 argentum
1321 1802 1423 1857 hoc
1452 1820 1592 1866 esse,
1630 1805 1748 1871 ejus
1783 1818 2010 1860 moneta:
2041 1818 2166 1862 nota
2192 1811 2291 1862 im—

722 1904 989 1957 pressum,
1017 1909 1133 1960 qua:
1154 1893 1277 1945 huic
1333 1894 1450 1946 urbi
1513 1898 1770 1951 consueta
1833 1907 1932 1953 est.
1990 1899 2092 1954 Sed
2150 1913 2297 1958 certe

722 1983 910 2043 miror,
944 1998 1117 2050 neque
1153 1987 1387 2053 cogitare
1439 2002 1682 2054 possum,
1737 1990 2006 2045 undenam
2071 1998 2299 2051 tentatio

724 2073 840 2126 hrec
893 2075 1032 2127 mihi-
1063 2075 1343 2131 areiderit.
1383 2080 1459 2130 Ad
1509 2080 1621 2132 haec
1682 2096 1922 2148 limosos:
1987 2087 2294 2150 lindenam,

725 2164 927 2231 inquit,
954 2182 1012 2219 es
1039 2168 1136 2219 tu?
1170 2169 1246 2221 llli
1283 2180 1462 2222 autem
1513 2176 1789 2241 respondit
1818 2175 2116 2233 Jamblicus
2145 2200 2159 2235 :
2218 2182 2297 2236 Ex

724 2256 826 2308 hac
865 2257 1014 2320 urbe,
1056 2269 1113 2312 ut
1168 2260 1381 2328 opinor,
1445 2277 1543 2330 ego
1579 2281 1721 2319 sum.
1779 2269 1897 2331 Quo
1935 2281 2088 2337 patre
2114 2276 2300 2327 natus?

726 2350 902 2417 inquit
935 2368 1157 2421 prteses.
1239 2355 1404 2407 Estne
1465 2358 1684 2423 aliquis,
1732 2361 1822 2427 qui
1884 2373 1936 2414 te
1993 2368 2300 2433 agnoscat?

726 2440 934 2501 Veniat.
967 2455 1020 2495 et
1061 2445 1426 2502 testimiminm
1467 2450 1609 2503 dicat
1666 2467 1762 2521 pro
1797 2461 1866 2517 te,
1914 2464 1967 2508 et
2016 2458 2299 2512 credemus

725 2532 844 2586 tibi.
880 2532 1104 2586 Protulit
1133 2537 1428 2595 Jamhlicus
1461 2543 1627 2609 patris
1681 2555 1735 2598 et
1789 2545 2014 2600 fratrum
2078 2565 2296 2603 suorum

727 2624 941 2677 nomina
989 2642 1210 2695 :neque
1269 2633 1552 2700 quisquam
1615 2649 1856 2698 noverat,
1909 2655 2044 2706 quos
2077 2639 2296 2694 diceret.

731 2712 868 2766 Tum
898 2730 1136 2782 praeses:
1180 2716 1556 2793 Vera,inquit,
1594 2742 1700 2780 non
1750 2739 1897 2791 sunt,
1969 2744 2088 2796 quae
2145 2731 2298 2786 dicis.

726 2803 851 2860 Hec
886 2810 1116 2863 audiens
1141 2811 1458 2882 Jamblieus,
1501 2820 1772 2886 perplexo
1805 2829 1921 2872 erat
1953 2821 2152 2885 animo,
2186 2839 2286 2878 nec

726 2899 934 2952 habens
979 2904 1105 2969 quid
1160 2908 1533 2974 reSponderet,
1582 2911 1792 2966 silebat.
1841 2914 2009 2977 Quem
2058 2930 2178 2968 cum
2233 2917 2301 2970 ita

727 2989 1037 3058 perplexum
1071 2993 1276 3048 tristem
1300 2996 1538 3051 vidisset:
1563 2999 1837 3062 Fortasse,
1858 3003 2052 3071 inquit.
2080 3005 2302 3059 insanus

729 3089 849 3141 est.
883 3083 969 3139 alii
1021 3084 1303 3141 dicebant:
1359 3088 1706 3160 Nequaquam
1753 3094 1974 3148 insanus
2033 3109 2136 3157 est,
2210 3099 2302 3152 sed

2397 620 2625 687 βασιλέα
2707 623 2937 690 ἄγουσιν
2983 623 3170 676 αὐτόν.
3205 623 3314 675 Καὶ
3338 624 3702 693 περιεσκόπει
3741 615 3847 676 ὧδε
3883 624 3979 674 καὶ

2393 706 2497 766 ὦδε
2565 715 2695 766 ἰδεῖν
2738 716 2859 768 τινὰ
2891 717 2999 768 τῶν
3027 716 3173 767 ἰδίων
3204 716 3368 768 αὑτοῦ
3404 716 3500 769 καὶ
3526 716 3848 784 γνωρίμων,
3875 715 3973 766 καὶ

2395 803 2424 855 6
2453 803 2608 871 ὖχλος
2673 805 2944 872 κατεγέλα
2992 807 3160 858 αὐτοῦ
3220 807 3315 859 καὶ
3365 794 3689 873 προσεῖχον⁹
3721 803 3877 872 αὐτῷ
3906 804 3978 866 ὡς

2399 897 2589 967 μωρῷ,
2627 897 2722 949 καὶ
2773 897 2916 949 οὕτω
2982 901 3118 967 μετὰ
3155 899 3298 968 βίας,
3359 898 3533 952 ὤθουν
3563 899 3727 949 αὑτὸν
3765 899 3848 959 εἰς
3877 898 3977 964 τὴν

2398 991 2713 1060 ἐκκλησίαν.
2766 991 2825 1044 Ὀ
2857 993 2913 1044 δέ
2966 993 3274 1054 ἀνθύπατος
3327 993 3424 1045 καὶ
3488 992 3760 1058 Στέφανος
3796 993 3823 1043 6
3860 989 3982 1042 ἐπί-

2397 1096 2621 1143 σκοπος,
2656 1083 2914 1144 λαϐόντες
2981 1086 3112 1152 παρ’
3165 1084 3327 1136 αὐτοῦ
3376 1084 3435 1135 τὸ
3490 1083 3778 1152 ἀργύριον,
3841 1077 3981 1131 εἶδον

2395 1176 2490 1226 καὶ
2524 1173 3017 1241 ἐθαύμαζον.Τότε
3052 1173 3418 1243 ἀποκριθεὶςό
3447 1173 3788 1234 ἀνθύπατος,
3822 1166 3978 1221 εἶπεν

2395 1265 2530 1334 πρὸς
2552 1264 2641 1318 τὸν
2676 1263 2998 1333 Ἰάμϐλιχον,
3037 1265 3144 1317 nos
3169 1267 3314 1318 ἐστιν
3342 1265 3368 1316 6
3400 1265 3671 1333 θησαυρὶς
3703 1263 3764 1316 δν
3793 1253 3978 1330 εὗρες,

2396 1357 2583 1427 ἐπειδὴ
2625 1360 2685 1410 τὸ
2735 1358 2998 1428 ἀργύριον
3040 1358 3066 1410 ὃ
3100 1359 3409 1427 βαστάζεις.
3465 1357 3522 1422 ἐξ
3563 1357 3728 1409 αὑτοῦ
3793 1358 3982 1408 ἐστιν·

2407 1443 2712 1512 Ἰάμϐλιχος
2759 1442 2943 1497 εἶπεν·
2982 1446 3264 1515 Θησαυρὸν
3327 1445 3424 1512 μὲν
3480 1446 3739 1496 οὐδέποτε
3798 1441 3983 1514 εὗρον,

2393 1535 2576 1596 καθὼς
2655 1537 3008 1605 κατηγορείτέ
3062 1555 3199 1605 μου,
3262 1537 3377 1590 ἀλλ’
3433 1533 3550 1589 οἶδα
3594 1536 3706 1602 ἐγὼ
3763 1538 3985 1590 ὅτιτῶν

2395 1627 2680 1698 πατρικῶν
2706 1645 2808 1696 μου
2834 1629 2972 1691 ἐστὶ,
3003 1630 3098 1682 καὶ
3128 1630 3225 1698 τῆς
3263 1629 3606 1696 συναλλαγῆς
3636 1631 3736 1696 τῆς
3765 1631 3983 1691 πόλεως

2395 1718 2633 1788 ὑπάρχει
2680 1719 2740 1772 τὸ
2800 1720 3084 1791 ἀργύριον,
3140 1722 3223 1783 τίς
3263 1721 3318 1775 δέ
3370 1723 3518 1775 ἐστιν
3554 1723 3580 1773 6
3613 1721 3977 1787 πειρασμδςό

2399 1810 2756 1879 συμῦεὸηκώς
2784 1829 2872 1879 μοι
2896 1812 3010 1877 νῦν,
3044 1812 3144 1865 οὐκ
3166 1809 3303 1867 οἶδα.
3334 1813 3440 1866 Καὶ
3465 1812 3492 1863 6
3517 1811 3832 1871 ἀνθύπατος
3854 1811 3982 1879 ἔφην

2330 1879 2369 1933 Β
2405 1903 2574 1957 Πόθεν
2620 1901 2686 1966 εἷ,
2713 1907 2737 1956 6
2769 1905 2824 1956 δὲ
2899 1905 3200 1973 Ἰάμϐλιχος
3251 1905 3611 1974 ἀπεκρίνατο,
3660 1903 3747 1964 Ὡς
3781 1900 3978 1968 νομίζει

2405 2000 2468 2049 ἐκ
2515 1998 2614 2063 τῆς
2665 1998 2874 2060 πόλεως
2925 1997 3152 2065 ταύτης,
3213 1996 3305 2049 καὶ
3354 1999 3379 2048 6
3423 1997 3732 2056 ἀνθύπατος
3779 1992 3940 2047 εἷπεν
3970 2009 3988 2027 ο

2402 2093 2529 2152 Υἱὸς
2547 2092 2688 2152 τίνος
2710 2085 2777 2148 εί,
2807 2093 2837 2160 ἢ
2872 2091 2954 2152 τίς
2991 2107 3047 2141 σε
3078 2067 3334 2155 γῖνὼσκει
3367 2087 3623 2149 ἐνταῦθα,
3654 2087 3826 2139 ἐλθὼν
3850 2104 3990 2157 μαρ-

2401 2185 2628 2251 τυρήσει
2688 2183 2816 2251 περὶ
2866 2180 2983 2242 σοῦ,
3015 2184 3108 2233 καὶ
3143 2181 3473 2250 πιστεύομέν
3506 2197 3607 2233 σοι.
3638 2178 3775 2232 Τότε
3837 2181 3989 2248 Ίάμο

2403 2270 2585 2337 ὕλιχος
2638 2265 2794 2320 εἶπεν
2870 2270 2970 2336 τὴν
3023 2270 3405 2337 προσηγορίαν
3463 2269 3559 2321 τοῦ
3633 2269 3845 2335 πατρδς
3886 2271 3981 2328 κα).

2401 2361 2510 2412 τῶν
2573 2359 2823 2427 ἀδελφῶν
2890 2359 3102 2419 αὑτοῦ,
3220 2359 3314 2411 καὶ
3364 2360 3541 2420 οὐδεὶς
3604 2361 3985 2425 ἐπεγίνωσκεν

2402 2451 2615 2512 αὐτούς.
2666 2449 3010 2516 Ἀποκριθεὶς
3035 2448 3090 2501 δὲ
3111 2451 3136 2502 6
3160 2450 3468 2510 ἀνθύπατος
3489 2445 3662 2500 εἶπεν.
3693 2447 3810 2500 Οἰικ
3840 2451 3977 2518 ἀλη-

2403 2543 2602 2606 θεύεις,
2628 2544 2654 2593 6
2681 2543 2736 2595 δὲ
2779 2543 3085 2610 ἰἀμῦλιχος
3114 2542 3490 2610 ἀπορούμενος
3530 2541 3769 2607 ἔστηκεν
3831 2542 3977 2607 ησυ-

2403 2637 2604 2705 γάζυΝ.
2637 2634 2744 2686 Καί
2791 2651 2932 2696 τινες
2972 2634 3172 2694 ἱδὸντες
3222 2634 3382 2685 αὑτὸν
3415 2634 3470 2684 ἐν
3508 2632 3736 2701 τοιαύτῃ
3772 2631 3986 2702 ἀθυμίᾳ

2405 2725 2555 2778 εἷπον
2592 2741 2604 2755 ·
2638 2725 2787 2794 Τάχα
2844 2723 3027 2792 μωρὸς
3064 2725 3210 2774 ἐστιν
3237 2737 3251 2751 ⁶
3289 2723 3437 2775 ἄλλοι
3488 2722 3544 2772 δέ
3578 2722 3787 2787 ἔλεγον,
3843 2723 3984 2788 Οὐχὶ

2405 2818 2538 2870 ἀλλὰ
2589 2819 2988 2886 προσποιεῖται,
3047 2817 3193 2877 ὅπως
3242 2813 3411 2883 ῥυσθῇ
3469 2815 3531 2866 ἐκ
3578 2813 3674 2880 τῆς
3727 2812 3982 2880 ἀνάγκης

2404 2911 2624 2980 ταύτης,
2678 2911 2790 2963 ὁδὲ
2837 2909 3149 2971 ἀνθύπατος
3193 2907 3486 2977 αὐστηρῶς
3545 2905 3693 2975 αὖτῷ
3750 2906 3982 2959 ἐπαπει-

2404 3001 2710 3070 λησάμενος
2739 2995 2891 3051 εἶπεν
2914 3015 2927 3029 ⁸
2962 2999 3082 3060 ῐῐώς
3117 2997 3484 3065 ἀνασχώμεθα
3521 2999 3614 3048 καὶ
3671 2995 3983 3048 πιστεύσω·-

2411 3092 2508 3161 μέν
2564 3111 2646 3144 σοι
2714 3092 2795 3144 ὅτι
2851 3091 2912 3143 τὸ
2942 3090 3208 3161 ἀργύριον
3245 3091 3403 3141 τοῦτο
3427 3089 3533 3141 τῶν
3580 3086 3851 3154 πατρώων
3888 3102 3980 3137 σου

734 3171 997 3226 insaniam
1023 3179 1258 3241 simulat,
1299 3189 1355 3232 ut
1375 3182 1610 3248 pericula
1637 3183 1878 3252 eﬂiigiat.
1911 3187 2299 3242 Accrbioribus

2409 3187 2585 3239 ἐστίν·
2612 3188 2693 3239 ὅτι
2726 3187 2757 3255 ἡ
2796 3186 2990 3254 μονίτα
3024 3185 3161 3252 αὕτη
3213 3184 3364 3254 δηλοῖ
3391 3187 3451 3235 ἐκ
3483 3184 3579 3251 τῆς
3615 3180 3979 3272 ἐπικειμένης

731 3263 911 3318 verbis
974 3281 1173 3334 praeses
1227 3269 1547 3341 increpans:
1581 3274 1693 3338 Qua
1716 3275 1942 3340 ratione,
1997 3277 2192 3346 inquit,
2258 3293 2308 3338 te

732 3353 873 3409 ferre
920 3375 1221 3426 possumus.
1266 3365 1473 3417 auttibi
1505 3369 1746 3430 credere,
1797 3379 2078 3438 argenturm
2106 3373 2206 3426 hoc
2241 3392 2306 3430 ex

732 3451 970 3517 paternis
1011 3453 1256 3520 pecuniis
1304 3456 1368 3509 ad
1432 3465 1483 3511 te
1540 3460 1874 3526 pervenisse,
1921 3477 2042 3514 eum
2095 3479 2307 3519 moneta

734 3540 847 3594 haec
884 3544 1316 3612 exinscriptionc
1344 3557 1395 3599 et
1433 3559 1556 3600 nota
1616 3552 1899 3619 signiticet,
1927 3553 2066 3620 quod
2098 3564 2310 3610 trecen-

730 3633 802 3684 tis
839 3643 889 3687 et
914 3637 1184 3704 octoginta
1219 3639 1376 3693 annis
1405 3650 1531 3696 ante
1558 3657 1659 3698 nos
1685 3643 1865 3708 fuerit,
1898 3661 1962 3701 ac
1992 3649 2308 3718 priusquam

737 3723 929 3778 Decius
968 3730 1279 3794 imperaret.
1329 3747 1502 3800 neque
1556 3736 1658 3787 ulla
1693 3753 1758 3789 ex
1810 3750 1961 3806 parte
2003 3741 2193 3797 similis
2246 3745 2317 3796 sit

736 3817 831 3879 illi,
868 3833 987 3884 quae
1020 3833 1164 3871 nunc
1194 3821 1248 3872 in
1302 3823 1435 3875 urbe
1487 3824 1855 3892 impenditur?
1887 3828 2022 3882 Num
2064 3843 2316 3900 parentes

734 3916 806 3960 ita
850 3919 1076 3969 veteres.
1108 3923 1160 3966 et
1197 3922 1324 3969 ante
1353 3925 1625 3972 trecentos
1654 3936 1826 3976 annos
1866 3924 2075 3994 genitos
2117 3927 2315 3981 habere

728 4011 884 4066 potes
920 4012 996 4066 tu,
1027 4005 1117 4072 qui
1159 4008 1478 4064 adolescens
1515 4013 1618 4064 es?
1654 4016 1731 4066 An
1776 4027 1932 4083 putas
1965 4027 2015 4073 te
2045 4018 2124 4073 sic
2158 4029 2310 4073 astu-

728 4092 846 4142 tum
895 4107 1033 4154 esse.
1065 4104 1124 4148 ut
1177 4112 1335 4152 senes
1391 4109 1446 4152 et
1501 4100 1784 4170 Ephesinae
1835 4109 1983 4162 urbis
2041 4110 2310 4180 sapientes

733 4182 1009 4252 deripias‘!
1044 4188 1140 4243 His
1173 4189 1240 4244 de
1279 4193 1643 4264 causisjubeo
1679 4205 1730 4252 te
1755 4197 1810 4251 in
1844 4201 2056 4255 vincula
2085 4205 2306 4276 conjici.

2411 3280 2547 3348 αὑτῇ
2584 3281 2804 3346 γραφῆς
2827 3280 2921 3330 καὶ
2945 3276 3262 3344 σφραγῖδος,
3301 3274 3410 3325 ἀπὸ
3440 3272 3775 3343 τριακοσίων
3831 3270 3983 3321 ἐϐδο-

2417 3374 2660 3441 μήκοντα
2707 3370 2842 3420 ἐτῶν
2902 3370 3190 3438 ὑπάρχειν,
3240 3367 3333 3418 καὶ
3382 3367 3465 3417 ὅτι
3518 3365 3634 3416 ἐστὶ
3661 3366 3772 3433 προ
3796 3361 3986 3414 Δεκίου

2412 3465 2506 3517 τοῦ
2528 3463 2811 3532 βασιλέως,
2841 3463 2934 3514 καὶ
2966 3463 3065 3514 οὐκ
3114 3459 3347 3530 ἠλλάγη,
3403 3459 3493 3511 καὶ
3529 3457 3626 3510 οὐκ
3646 3457 3797 3509 ἐστιν
3826 3459 3988 3525 ὁμοία

2415 3554 2554 3626 αὕτη
2582 3559 2612 3625 ἡ
2651 3557 2842 3626 μονίτα
2870 3557 2962 3607 καὶ
2982 3556 3079 3623 τῆς
3105 3551 3531 3617 πολιτευομένης
3554 3550 3667 3612 νῦν,
3696 3552 3752 3600 ἐν
3845 3553 3991 3601 ἐστιν

2414 3648 2450 3721 ἦ
2481 3652 2624 3712 δόσις
2660 3651 2756 3702 καλ⁵
2786 3649 3030 3717 ήκλῆσις
3053 3646 3143 3698 τοῦ
3175 3644 3392 3717 καιροῦ⁸
3422 3643 3636 3694 τούτου.
3663 3643 3755 3710 Μὴ
3789 3645 3852 3693 ὲκ
3886 3644 3991 3693 τῶν

2414 3742 2829 3812 παρῳχημένων
2852 3740 2946 3792 καὶ
2975 3740 3084 3790 τῶν
3113 3739 3388 3790 τοσούτων
3416 3736 3622 3805 χρόνων
3647 3735 3994 3803 ὑπάρχουσιν

2412 3838 2458 3889 οἱ
2491 3838 2669 3902 γονεῖς
2718 3850 2810 3884 σου
2849 3835 2947 3898 ,ὅτι
2974 3834 3036 3884 σὺ
3076 3830 3193 3892 νέος
3239 3828 3314 3882 ὢν
3345 3828 3511 3901 βούλῃ
3557 3827 3832 3895 πλανῆσαι
3868 3827 3994 3887 τοὺς

2413 3931 2675 3998 γέροντας
2703 3927 2799 3979 καὶ
2834 3925 3028 3992 σοφοὺς
3067 3924 3312 3990 Ἐφέσου.
3357 3923 3453 3974 Διὰ
3480 3921 3640 3973 τοῦτο
3672 3919 3995 3986 ἐντέλλομαι

2413 4021 2509 4074 νῦν
2567 4023 2644 4082 είς
2675 4020 2846 4088 δεσμά
2877 4020 2968 4070 καὶ
3015 4018 3284 4086 μάστιγας
3314 4017 3408 4068 καὶ
3440 4014 3649 4082 θλίψεις
3683 4013 3998 4081 παραδοθῆ-

2419 4112 2504 4166 ναί
2530 4129 2610 4176 σε,
2644 4113 2747 4175 ἓως
2783 4104 2844 4164 οὗ
2901 4111 3265 4180 ὁμολογήσῃς,
3301 4107 3403 4160 ποῦ
3469 4109 3615 4158 ἐστιν
3646 4106 3673 4156 6
3715 4104 3994 4178 θησαυρρς

2417 4201 2590 4270 οὗτος.

726 4286 788 4331 τί
817 4278 1038 4346 “agellis
1069 4285 1362 4350 verberari,
1398 4290 1572 4345 donec
1609 4295 1939 4361 conﬁtearis,
1983 4297 2204 4353 ubinam
2233 4300 2302 4353 sit
2335 4298 2622 4354 thesaurus
2654 4301 2777 4354 iste.

809 4375 944 4429 XVII
967 4416 982 4432 .
1017 4377 1141 4433 Haec
1174 4383 1400 4443 audiens
1429 4384 1740 4449 Jamblicus.
1765 4399 1817 4443 et
1851 4393 2068 4456 timens,
2113 4393 2307 4451 faciem

740 4469 791 4520 in
823 4478 1016 4524 terrain
1049 4477 1361 4542 prostravit.
1395 4487 1450 4532 et
1489 4480 1573 4533 his
1605 4481 1784 4536 verbis
1815 4482 1932 4536 illos
1955 4485 2152 4541 aﬂ‘atus
2183 4499 2303 4545 est:

2492 4394 2592 4449 lZ'.
2637 4394 2826 4448 Ταῦτα
2869 4392 3109 4456 ἀκούσας
3171 4391 3486 4460 Ἰάμϐλιχος
3535 4389 3676 4441 πάνυ
3725 4389 3996 4460 ἐφοϐήθη,

2419 4487 2513 4541 καὶ
2539 4486 2732 4539 ἔπεσεν
2765 4487 2856 4537 ἐπὶ
2888 4488 3183 4552 προαωττον
3214 4481 3452 4534 ἐνώπιον
3476 4479 3665 4543 αὑτοῦ,
3699 4483 3794 4533 καὶ
3823 4478 3998 4534 εἶπενο

738 4559 935 4615 Precor
998 4580 1114 4627 vos,
1177 4577 1234 4619 ut
1263 4568 1391 4622 mihi
1455 4586 1562 4624 non
1594 4575 1887 4643 gravemini
1923 4576 2126 4640 dicere,
2164 4581 2303 4648 quod

2417 4579 2622 4646 Δέομσι
2671 4577 2843 4646 ὑμῶν,
2877 4575 3057 4644 κύριοί
3091 4589 3212 4641 μου,
3245 4571 3570 4640 ὁμολογήσω
3612 4572 3763 4641 ὑμῖν,
3808 4576 4000 4636 Δέκιος

732 4656 1033 4719 quresiero:
1065 4659 1243 4711 omnia
1277 4661 1420 4714 enim
1451 4663 1617 4717 libere
1645 4668 2110 4724 vobis-confessus
2137 4671 2307 4727 fuero.

738 4743 931 4799 Decius
966 4748 1284 4817 imperator,
1323 4753 1412 4820 qui
1475 4765 1591 4808 erat
1638 4756 1692 4810 in
1744 4759 1842 4812 hac
1895 4762 2045 4825 urbe,
2083 4764 2306 4830 Vivitne,

737 4849 804 4886 an
833 4839 975 4890 non?
1009 4839 1086 4892 Ad
1131 4840 1244 4895 haec
1276 4840 1587 4912 Stephanus
1639 4849 1961 4918 episcopus:
2025 4851 2140 4905 Non
2205 4865 2309 4918 est,

739 4928 930 4996 inquit,
965 4930 1060 4993 fili,
1102 4937 1190 4999 qui
1215 4935 1375 4990 hodie
1407 4939 1459 4991 in
1491 4941 1592 4994 hac
1635 4945 1854 5011 regione
1910 4943 2104 4998 Decius
2139 4947 2315 5014 impe-

734 5029 887 5073 rator
921 5027 1250 5078 nominetur.
1279 5027 1431 5082 Tunc
1477 5029 1802 5089 Jamblicus:
1861 5037 2070 5101 Venite,
2109 5053 2311 5106 qumso,

739 5128 975 5178 mecum,
1005 5123 1058 5168 et
1114 5120 1397 5173 ostendam
1462 5125 1614 5179 vobis
1670 5127 1722 5178 in
1791 5128 2047 5196 spelunca
2118 5133 2315 5184 montis

739 5202 945 5258 Ochlon
978 5208 1155 5262 socios
1187 5225 1355 5272 meos.
1388 5226 1446 5268 ut
1469 5219 1536 5267 ab
1565 5218 1668 5270 illis
1706 5220 1928 5274 discatis
1955 5239 2141 5276 verum
2173 5237 2311 5286 esse,

742 5299 885 5363 quod
910 5301 1051 5355 dico.
1080 5302 1239 5358 Certe
1268 5307 1380 5358 scio
1410 5309 1475 5360 ah
1506 5311 1832 5379 imperatore
1869 5315 2029 5370 Decio
2061 5333 2160 5370 nos
2187 5317 2315 5381 illuc

742 5382 970 5455 fugisse:
997 5402 1154 5455 quem
1189 5392 1410 5446 Decium
1447 5404 1499 5447 et
1529 5413 1626 5465 ego
1652 5400 1767 5454 heri
1793 5403 2002 5470 vesperi
2042 5405 2093 5455 in
2130 5405 2312 5457 urbem

741 5477 1016 5546 Ephesum
1051 5480 1440 5550 ingredientem
1469 5487 1598 5541 vidi.
1636 5490 1713 5547 Sit
1743 5504 1922 5551 autem
1971 5511 2144 5550 necne
2187 5496 2315 5553 urbs

744 5570 844 5626 ista
876 5574 1145 5642 Ephesus,
1176 5567 1380 5634 nescio.
1409 5581 1561 5639 Tunc
1577 5585 1864 5655 episcopus
1906 5587 2215 5657 Stephanus
2262 5589 2312 5643 in

746 5676 864 5716 eam
896 5668 1279 5737 cogitationem
1308 5672 1548 5738 veniens,
1579 5675 1722 5745 quod
1759 5676 1900 5729 Deus
1939 5695 2033 5745 per
2058 5679 2314 5747 juvenem

748 5758 896 5812 illum
924 5762 1118 5825 aliquid
1148 5765 1224 5817 eis
1285 5766 1531 5819 revelare
1600 5770 1796 5823 vellet:
1842 5768 2060 5834 Eamus,
2121 5773 2312 5840 inquit,

752 5862 805 5903 et
836 5853 1130 5908 videamus.
1166 5858 1465 5926 Statimque.
1487 5860 1774 5931 episc0pus
1795 5873 1844 5916 et
1877 5865 2158 5929 proconsul
2192 5880 2312 5920 cum

2420 4673 2448 4723 6
2480 4669 2734 4738 βασιλεὺς
2758 4671 2784 4719 6
2814 4667 2888 4719 ὢν
2917 4669 2974 4718 ἐν
3005 4670 3071 4735 τῇ
3105 4662 3257 4717 πόλει
3290 4665 3486 4737 ταύτῃ.
3521 4666 3736 4718 ἵσταται
3777 4667 3881 4726 ἕως
3907 4670 4000 4717 τοῦ

2420 4761 2537 4825 νῦν,
2565 4761 2596 4830 ἢ
2629 4759 2712 4824 ob;
2749 4757 3016 4822 ’Λκούσας
3036 4759 3089 4811 δὲ
3117 4755 3291 4812 ταῦτα
3323 4760 3596 4826 Στέφανος
3629 4760 3655 4808 6
3692 4756 4000 4822 ἀγιὼτατος

2421 4852 2740 4912 ἐπίσκοπος,
2773 4846 2924 4903 εἶπεν
2951 4851 3122 4917 αὐτῷ’
3159 4849 3382 4909 Τέκνον.
3419 4849 3518 4899 οὒκ
3555 4846 3705 4899 ἔστιν
3733 4850 3791 4900 ἐν
3830 4851 3895 4916 τῇ
3927 4853 3995 4918 τῇ

2423 4946 2662 5014 σήμερον
2686 4945 2974 5012 λεγόμενος
2999 4940 3252 5012 βασιλεὺς
3286 4941 3631 5002 Δέκιος·τότε
3668 4942 3998 5005 ἀποκριθεὶς

2434 5040 2743 5106 Ἰάμϐλιχος
2768 5034 2940 5096 εἷπεν,
2966 5036 3064 5089 Διά
3092 5035 3251 5088 τοῦτο
3277 5034 3465 5103 δέομαι
3492 5035 3668 5104 ὑμῶν,
3695 5034 3850 5086 δεῦτε
3881 5035 3998 5103 μετ’

2422 5131 2577 5199 ἐμοῦ,
2620 5132 2713 5182 καὶ
2764 5126 2999 5181 δεικνύω
3048 5130 3177 5197 ὑμῖν
3219 5128 3347 5192 τοὺς
3388 5129 3642 5197 ἑταίρους
3691 5145 3795 5195 μου
3829 5130 3886 5180 ἐν
3919 5128 3997 5195 τῷ

2423 5225 2678 5296 σπηλαίῳ
2714 5222 2789 5289 τῷ
2813 5224 2926 5275 ὄντι
2962 5225 3019 5276 ἐν
3045 5223 3123 5289 τῷ
3148 5221 3267 5292 ὄρει
3303 5222 3507 5293 μοχλῷ,
3551 5223 3647 5273 καὶ
3686 5223 3995 5289 μανθάνετε

2424 5319 2551 5386 παρ’
2571 5316 2751 5370 αὐτῶν
2770 5316 2844 5379 ὡς
2865 5317 3022 5383 κάγὼ
3055 5311 3192 5380 οἶδα,
3227 5316 3307 5368 ὅτι
3340 5314 3448 5368 ἀπὸ
3471 5315 3768 5385 προσώπου
3801 5317 3994 5369 Δεκίου

2420 5408 2513 5460 τοῦ
2551 5398 2815 5476 βασιλέως
2846 5407 3203 5476 πεφεύγαμεν
3248 5409 3431 5458 ἐκεῖσε
3459 5448 3472 5473 ,
3529 5407 3684 5471 κάγὼ
3724 5403 3865 5460 είδον
3899 5405 3996 5472 ὀψὲ

2422 5498 2501 5558 εἰς
2549 5497 2648 5566 τὴν
2698 5497 2856 5550 πόλιν
2914 5496 3152 5562 Ἔφεσον
3202 5497 3297 5548 τὸν
3345 5498 3557 5551 Δέκιον.
3616 5497 3678 5549 El
3714 5494 3811 5552 οὖν
3854 5495 3992 5563 αὕτη

2423 5595 2569 5645 ἐστὶν
2599 5593 2631 5661 ή
2672 5591 2829 5651 πόλις
2869 5588 3124 5656 Ἔφεσος,
3156 5589 3256 5640 οὐκ
3282 5586 3425 5644 οἴδα.
3453 5591 3589 5641 Τότε
3626 5593 3653 5643 6
3686 5588 3995 5656 ἀγιὼτατο;

2425 5685 2699 5753 Στέιρανος
2727 5685 2753 5734 6
2779 5682 3080 5744 ἐπίσκοπος
3111 5681 3424 5753 ἐνεθυμήθη
3455 5683 3510 5733 ἐν
3533 5685 3597 5752 τῇ
3632 5679 3865 5750 διανοίᾳ,
3904 5681 3994 5733 καὶ

2424 5773 2609 5830 εἶπενο
2655 5774 3023 5842 Ἀποκάλυψίν
3053 5792 3172 5827 τινα
3194 5777 3373 5837 οΘεὸς
3412 5774 3665 5844 βούλεται
3708 5772 3843 5837 ἡμῖν
3892 5790 3997 5842 τρει-

2424 5871 2654 5930 vendis-az
2693 5871 2932 5936 σήμερον
2966 5867 3054 5924 διὰ
3081 5867 3176 5922 τοῦ
3216 5870 3500 5922 νεανίσκου
3529 5863 3754 5918 τούτου·
3801 5869 3890 5920 καὶ
3933 5867 3994 5940 δὴ
