4180 6492
175 415 282 480 449

1315 419 1492 478 νιΤΑ
1532 417 1594 480 S.
1633 420 2302 486 PANTELEEMONIS.

3322 424 3428 487 450

158 527 376 600 (ἐφοίτα
405 526 513 599 γὰρ
549 529 627 591 εἰς
653 527 717 581 τά
750 526 996 598 βασίλεια
1020 527 1096 600 τῷ
1120 529 1426 601 διδασκάλῳ
1446 532 1730 603 ἑπόμενος)

1843 550 2074 605 sequens
2119 536 2463 608 magistrum)
2519 551 2627 590 non
2669 534 2887 590 silentio
2921 534 3246 607 praeterierit
3282 554 3294 590 :
3332 539 3428 593 sed

150 622 212 675 ού
241 624 370 691 σιγῇ
407 622 722 691 παρελθεῖν,
747 621 882 676 ἀλλὰ
902 623 969 674 δι’
1000 623 1226 694 ἐρεύνης
1242 625 1309 678 τά
1329 625 1534 680 ἐκείνου
1564 629 1732 679 ποιεῖ-

155 716 280 768 σθαι
341 715 862 786 προσκαλεσάμενον
918 717 1011 769 καὶ
1069 718 1202 770 ὅπου
1239 717 1326 783 εἴη
1357 719 1448 770 καὶ
1485 717 1605 770 ὅθεν
1641 721 1736 771 καὶ

152 807 323 860 τᾶλλα
355 808 702 877 διερωτῶντα
745 809 805 864 ού
850 808 954 878 μὴν
1002 807 1136 860 ἀλλὰ
1181 808 1275 860 καὶ
1310 808 1388 877 τῷ
1423 809 1733 880 διδασκάλῳ

151 899 466 967 ἐπισκῆψαι
520 899 656 969 πρὸς
687 899 849 970 τάχος
884 899 1042 952 αὐτὸν
1088 900 1185 967 τὴν
1243 893 1498 970 ἰατρικὴν
1551 902 1732 954 πᾶσαν

150 990 557 1060 ἐκμελετῆσαι·
583 991 723 1066 ἥσθη
761 991 866 1062 γὰρ
894 991 984 1042 ἐπὶ
1015 989 1090 1056 τῷ
1125 990 1290 1044 αὑτοῦ
1324 991 1442 1061 ἤθει
1475 993 1640 1061 ἀρετῇ
1675 1009 1730 1043 τε

148 1085 212 1152 τῇ
241 1083 386 1155 ἄλλῃ
422 1086 514 1136 καί
551 1082 766 1155 ἔκρινεν
789 1083 932 1151 ἔχειν
967 1084 1172 1135 ἐκεῖνον
1206 1084 1283 1145 εἰς
1314 1083 1378 1136 τὰ
1419 1083 1682 1154 βασίλεια,

219 1176 294 1229 Γ.
322 1177 462 1228 Κατ’
497 1179 670 1232 ἐκεῖνο
699 1176 754 1234 δὲ
784 1175 978 1245 καιροῦ
1018 1175 1328 1246 πρεσϐύτης
1369 1192 1452 1238 τις
1486 1174 1728 1244 τοῦνομα

158 1262 469 1338 Ἑρμόλαος
498 1269 552 1320 ἐν
586 1267 844 1335 δωματίῳ
870 1268 974 1320 τινῖ
1000 1268 1098 1320 σὺν
1118 1270 1211 1320 καὶ
1239 1267 1420 1330 ἄλλοις
1447 1265 1561 1336 ἅμα
1591 1267 1728 1336 Χρι-

148 1363 390 1421 στιανοῖς
424 1359 801 1428 κρυπτόμενος
828 1354 894 1432 ἦν
921 1359 1101 1428 (τοῦτο
1119 1360 1227 1430 γὰρ
1244 1357 1377 1413 ότοῦ
1397 1359 1728 1427 κρατοῦντος

144 1451 310 1518 φόϐος
342 1449 674 1516 ἐποίει).⁶“ος
700 1450 933 1508 ἀπιόντα
958 1451 1045 1501 τὸν
1075 1449 1442 1502 Παντολέοντα
1480 1450 1558 1512 είς
1592 1449 1731 1503 διδα-

143 1543 346 1593 σκάλου
383 1539 658 1610 Θεῶμενος
694 1549 786 1593 καὶ
827 1542 904 1610 τῷ
936 1539 1168 1611 θύραθεν
1200 1541 1454 1612 ὀστράκῳ
1473 1541 1564 1597 τὸν
1595 1542 1728 1596 εἴσω

140 1631 630 1702 ἐγκαλυπτόμενον
699 1634 1048 1705 μαργαρίτην
1111 1634 1412 1700 κατανοῶν,
1476 1635 1623 1695 ὅπως
1669 1650 1728 1686 τε

143 1720 254 1798 εἶχε
309 1728 641 1795 κινήματος,
687 1727 839 1789 ὅπως
874 1725 1183 1797 βλέμματος
1206 1728 1306 1780 ,καὶ
1340 1727 1414 1790 ὼς
1452 1727 1500 1779 οἱ
1529 1726 1731 1794 ὀφθαλ-

143 1813 237 1884 μοὶ
272 1814 427 1884 αὐτῷ
461 1815 668 1885 ἥμερον
695 1815 884 1884 ἐώρων
917 1819 1010 1870 καὶ
1057 1817 1290 1887 γαληνόν
1315 1834 1330 1848 ⁸
1362 1815 1536 1870 ταῦτα
1581 1819 1728 1870 ἐκεῖ·

1839 641 1964 681 eum
1995 643 2305 692 accersens,
2337 629 2403 683 de
2443 629 2560 698 ipso
2593 628 2918 698 inquisicrit.
2951 628 3238 698 cujusnam
3280 639 3428 684 esset

1842 717 2005 782 illius,
2034 727 2087 773 ct
2117 721 2284 785 unde,
2321 729 2375 774 et
2407 721 2508 775 alia
2572 720 2841 792 rogaverit
2876 738 2888 772 :
2917 722 3047 791 quin
3077 721 3240 774 etiam
3285 736 3427 790 prae»-

1840 811 2042 878 ceptori
2100 812 2444 871 mandaverit
2486 821 2543 868 ut
2587 830 2735 876 eum,
2787 829 2947 884 quam
2997 813 3262 870 citissime
3307 813 3423 868 fieri

1839 912 2044 972 posset,
2108 907 2161 959 in
2212 907 2360 961 omni
2421 917 2700 963 exerceret
2760 889 3214 975 medicinazejus
3275 905 3419 960 enim

1838 997 2086 1054 moribus
2113 1006 2168 1051 et
2221 997 2352 1054 ﬂore
2401 999 2621 1056 virtutis
2673 999 3072 1065 delectabatur,
3126 1007 3182 1053 et
3230 1002 3423 1055 statuit

1837 1085 1987 1142 illum
2021 1091 2219 1146 habere
2250 1095 2303 1146 in
2336 1095 2499 1164 regia.

1908 1179 1998 1235 Ill.
2036 1182 2128 1237 lllo
2174 1196 2355 1240 autem
2390 1195 2632 1256 tempore
2687 1188 2906 1257 quidam
2942 1203 3107 1242 senex
3166 1188 3423 1258 religione

1838 1271 2211 1342 Christianus,
2251 1279 2471 1332 nomine
2496 1279 2836 1344 Hermolaus,
2873 1289 2990 1334 erat
3041 1281 3338 1336 absconsus
3370 1282 3420 1334 in

1834 1365 2066 1435 quadam
2101 1368 2429 1426 domuncula
2463 1387 2586 1427 cum
2627 1373 2748 1426 aliis
2805 1373 3130 1428 Christianis
3166 1374 3241 1442 (id
3273 1375 3419 1428 enim

1846 1459 2076 1515 faciebat
2136 1473 2314 1520 metus
2390 1466 2779 1536 imperatoris).
2852 1466 2954 1534 Qui
3028 1483 3152 1522 cum
3209 1468 3420 1522 videret

1838 1552 2224 1611 Pantoleonem
2239 1567 2456 1612 euntem
2474 1561 2538 1614 ad
2554 1569 3026 1629 praeeeptorem,et
3039 1568 3262 1614 externa
3282 1569 3419 1614 testa

1836 1646 2292 1704 animadverteret
2310 1650 2474 1704 celari
2497 1653 2868 1721 margaritam,
2889 1651 3245 1706 considerans
3271 1652 3421 1719 quis-

1835 1753 1960 1792 nam
1995 1751 2142 1794 esset
2168 1742 2288 1810 ejus
2321 1743 2585 1807 incessus,
2617 1743 2737 1812 quis
2765 1753 2964 1802 motus.
2995 1743 3116 1812 quis
3139 1753 3419 1812 aspectus,

1837 1843 2038 1900 quanta
2058 1842 2202 1887 esset
2218 1834 2337 1902 ejus
2361 1835 2640 1891 oculorum
2659 1836 2923 1890 serenitas
2940 1843 2992 1889 et
3017 1837 3376 1904 tranquillitas
3402 1853 3419 1903 ;

142 1920 232 1967 νος
285 1906 439 1975 ὀρῶν
487 1906 582 1957 καὶ
644 1906 836 1976 ῶσπερ
884 1907 1008 1958 τινὰ
1058 1909 1256 1976 εὐγενῆ
1317 1909 1505 1972 ἵππον,
1534 1901 1645 1960 οἷον
1680 1908 1727 1960 oi

1843 1919 1980 1984 haec,
2013 1901 2259 1990 inquam,
2295 1935 2418 1976 cum
2452 1922 2539 1976 ille
2587 1922 2818 1987 videret,
2878 1936 2952 1984 et,
3000 1901 3422 1993 sic-utjgenero;

138 1996 267 2066 περὶ
300 1996 481 2048 ταῦτα
521 1996 704 2061 δεινοὶ,
732 1999 826 2048 καὶ
860 1996 938 2048 ἑτι
975 1997 1152 2050 πῶλον
1195 1998 1324 2050 ὄντα
1351 1998 1546 2066 κρίνας
1605 1998 1726 2071 ἄρι-

141 2103 268 2139 στον
306 2086 555 2154 ἔσεσθαι,
577 2088 733 2156 γνούς
754 2106 816 2141 τε
850 2089 936 2142 διὰ
969 2089 1059 2142 τοῦ
1094 2091 1251 2158 ᾁγίου
1289 2089 1728 2160 Πνεύματος,ὃτι

143 2179 340 2243 σκεῦος
370 2180 607 2252 ἐκλογῆς
631 2181 932 2251 ὀφθήσεται
965 2182 1107 2234 κατὰ
1133 2182 1364 2246 Παῦλον,
1403 2184 1546 2252 μέγα
1577 2185 1730 2235 ἐποι-

139 2273 266 2327 οῦτο
297 2276 399 2327 καὶ
437 2273 632 2327 πολλοῦ
688 2275 847 2328 τοῦτο
906 2275 1058 2344 ἠξίου
1089 2274 1150 2326 τὸ
1208 2275 1464 2345 τοιαύτην
1521 2276 1728 2335 ἐκεῖνον

141 2368 639 2438 ἀγρεῦσαιψυχήν.
674 2369 814 2421 [lock
867 2369 996 2439 γοῦν
1050 2370 1320 2439 παριόντα
1355 2368 1731 2438 προσκαλεσά-

145 2476 332 2528 μενος,
355 2459 623 2512 εἰσελθεῖν
656 2460 804 2512 ἔνδον
838 2460 988 2527 ἠξίου
1027 2463 1084 2512 ἐν
1119 2454 1162 2528 ᾧ
1195 2462 1397 2524 ἐκεῖνος
1427 2459 1730 2529 ἐκρύπτετο

140 2553 408 2624 δωματίῳ
437 2555 535 2613 καὶ
563 2552 617 2615 ὃς
660 2552 835 2623 εἰσῄει
865 2553 960 2605 καὶ
994 2553 1222 2622 πλησίον
1262 2554 1424 2606 αὐτὸν
1474 2569 1731 2622 παρακα-

142 2647 468 2714 θισάμενος,
501 2646 688 2715 ὴρῶτα
720 2646 874 2713 γένος
924 2663 981 2697 τε
1031 2648 1124 2698 καὶ
1165 2647 1405 2714 πατέρας
1430 2646 1521 2697 καὶ
1547 2646 1730 2701 όποῐον

139 2738 454 2802 ἀσπάζοιτο
481 2736 644 2800 σέϐας
676 2739 770 2790 καὶ
812 2737 935 2808 ἑξῆς
964 2737 1188 2790 ἕκαστα.
1210 2737 1319 2790 Καὶ
1356 2739 1383 2789 ὁ
1409 2736 1728 2794 Παντολέων

139 2831 308 2894 εὐθὺς
368 2830 588 2884 ἅπαντα
641 2830 777 2900 πρὸς
817 2830 1073 2901 ἀλήθειαν
1121 2830 1412 2897 καταλέγει
1438 2869 1452 2894 ,
1478 2830 1571 2882 καὶ
1595 2830 1667 2892 ὡς
1697 2831 1730 2901 ἡ

147 2923 244 2992 μὲν
279 2924 472 2993 μήτηρ
505 2922 771 2976 ἀποθάνοι
806 2922 906 2996 ἥδη
937 2922 1005 2974 τά
1054 2921 1399 2993 Χριστιανῶν
1439 2922 1730 2996 σεϐομένη,

143 3015 172 3066 ό
199 3015 388 3083 πατὴρ
416 3015 472 3065 δὲ
503 3012 611 3078 ζῶν
636 3013 867 3082 τέθνηκε
896 3014 993 3082 τὴν
1023 3013 1298 3082 Ἑλλήνων
1343 3014 1548 3082 μετιὼν
1599 3015 1732 3086 θρη-

145 3108 361 3160 σκείαν.
395 3102 530 3158 Εἶτα
559 3107 586 3158 ό
633 3106 950 3176 πρεσϐύτης
1008 3107 1265 3178 προσθείς
1289 3124 1303 3138 ’
1330 3108 1501 3170 Λύτὺς
1528 3107 1608 3170 δὲ,
1634 3109 1734 3160 παῖ

145 3200 302 3262 καλὲ,
331 3199 463 3273 ἔφη,
502 3202 651 3262 τίνος
704 3199 909 3270 μέρους
959 3193 1100 3252 εἶναι
1131 3198 1313 3268 βούλει
1364 3198 1459 3252 καὶ
1495 3201 1728 3268 ποτέρου

1833 2025 1953 2066 sum
1990 2015 2278 2082 quemdam
2328 2029 2526 2082 equum
2561 2013 2620 2076 ii,
2654 2012 2744 2082 qui
2784 2025 2970 2066 tenent
3011 2012 3201 2066 harum
3236 2032 3418 2070 rerum

1831 2100 2145 2164 scientiam,
2202 2102 2417 2157 etiamsi
2460 2103 2530 2159 sit
2563 2102 2740 2156 adhuc
2777 2103 2975 2170 pullus,
3027 2102 3271 2171 judicant
3305 2104 3418 2159 fore

1831 2189 2094 2258 optimum
2135 2200 2276 2245 :aut
2318 2206 2382 2244 ex
2449 2201 2633 2245 tenera
2697 2192 2876 2246 adhuc
2927 2195 3108 2261 planta
3166 2196 3417 2250 arborem

1829 2291 2008 2350 aptam
2064 2280 2132 2334 ad
2165 2281 2400 2335 fructum
2436 2300 2447 2335 :
2485 2285 2831 2352 cognovisset
2876 2302 2972 2354 per
3001 2287 3249 2355 spiritum
3284 2287 3417 2347 fore.

1833 2386 1890 2428 ut
1964 2372 2118 2428 Pauli
2201 2377 2472 2431 sententia
2557 2387 2880 2431 cerneretur
2943 2393 3038 2431 vas
3108 2378 3415 2443 electionis,

1832 2468 2011 2540 magni
2066 2469 2308 2524 ducebat
2364 2477 2423 2522 et
2471 2469 2690 2539 plurimi
2725 2472 2828 2526 hoc
2870 2469 3121 2536 faciebat,
3162 2473 3207 2527 si
3259 2474 3416 2527 talem

1832 2560 1975 2614 illam
2002 2571 2228 2618 venatus
2258 2571 2404 2617 esset
2455 2564 2710 2620 animam.
2741 2565 2876 2619 Cum
2910 2580 3034 2619 eum
3072 2567 3253 2635 itaque
3282 2583 3422 2635 prie-

1834 2660 2136 2706 tereuntem
2172 2653 2465 2720 aliquando
2487 2656 2852 2720 accersiisset,
2890 2659 3120 2727 rogavit,
3149 2669 3207 2712 ut
3238 2660 3419 2730 ingre-

1831 2740 2052 2794 deretur
2088 2741 2141 2795 in
2179 2742 2324 2794 illam
2390 2742 2442 2795 in
2474 2758 2577 2812 qua
2607 2744 2830 2808 latebat,
2869 2745 3278 2803 domunculam.
3325 2748 3419 2803 [lle

1831 2842 2008 2886 autem
2071 2834 2346 2904 ingressus
2380 2843 2482 2888 est.
2542 2834 2714 2900 Quem
2777 2851 2901 2891 cum
2969 2853 3139 2908 prope
3200 2843 3420 2896 fecisset

1832 2928 2042 2991 sedere,
2073 2927 2283 2998 rogavit
2322 2926 2390 2981 de
2423 2943 2643 2998 genere,
2676 2937 2730 2982 et
2765 2929 3106 2999 parentibus,
3138 2940 3193 2984 et
3224 2932 3415 3002 cujus-

1831 3034 1955 3072 nam
1987 3029 2134 3073 esset
2171 3019 2466 3090 religionis,
2487 3031 2540 3075 et
2571 3022 2829 3092 deinceps
2870 3024 3102 3094 singula.
3124 3024 3417 3080 Pantolcon

1832 3125 1961 3166 vero
1997 3111 2179 3166 statim
2206 3112 2386 3164 omnia
2431 3113 2616 3174 refert,
2651 3120 2710 3166 ut
2763 3113 2838 3165 rei
2894 3114 3131 3168 habebat
3165 3117 3366 3171 veritas
3399 3135 3412 3169 :

1832 3214 1881 3260 et
1914 3204 2056 3276 quod
2088 3214 2260 3259 mater
2291 3204 2510 3275 quidem
2537 3205 2648 3275 jam
2683 3214 2831 3260 esset
2870 3213 3106 3274 mortua,
3141 3223 3262 3278 qua:
3300 3219 3418 3263 erat

143 3291 533 3363 σεϐάσματος;
561 3292 712 3346 Καὶό
733 3290 1047 3344 Παντολέων
1068 3305 1080 3319 ·
1119 3290 1181 3343 Ἢ
1202 3291 1302 3360 μὲν
1327 3290 1534 3361 μήτηρ,
1558 3285 1730 3354 εἶπεν,

1837 3298 2092 3367 religione
2144 3298 2452 3354 Christiana
2483 3317 2495 3364 ;
2533 3307 2687 3370 pater
2719 3311 2899 3354 autem
2938 3302 3123 3355 vivens
3158 3302 3230 3355 sit
3267 3317 3414 3354 mor-

145 3388 228 3441 ἔτι
288 3386 560 3459 περιοῦσα
623 3388 736 3447 τοῖς
762 3388 948 3450 αὐτοῖς
998 3402 1065 3455 με
1122 3383 1414 3446 συνθέσθαι
1471 3384 1726 3455 παρῄνει,

141 3482 282 3552 ὅπερ
313 3481 380 3550 δὴ
419 3480 516 3533 καὶ
542 3480 704 3543 αὐτὸς
729 3479 1047 3550 ἠϐουλόμην
1067 3496 1082 3511 ο
1109 3482 1136 3529 ό
1158 3479 1214 3531 δέ
1266 3478 1454 3549 πατὴρ
1490 3477 1586 3540 ita
1637 3477 1730 3531 καὶ

146 3575 373 3646 μείζονα
406 3574 508 3640 τὴν
544 3575 695 3642 ἰσχὺν
729 3574 893 3641 ἔχων,
918 3576 982 3645 τῇ
1021 3571 1186 3623 αὑτοῦ
1237 3572 1529 3641 προσέχειν
1561 3574 1732 3644 ἀναγ-

142 3669 304 3730 κάζει
342 3665 640 3734 θρησκείᾳ.
695 3663 822 3715 ἐπεὶ
867 3664 960 3714 καὶ
991 3661 1244 3731 βούλεται
1278 3665 1389 3725 τοῖς
1423 3663 1518 3714 τοῦ
1553 3663 1728 3715 παλα-

143 3760 264 3814 τίου
321 3759 478 3830 ἡμᾶς
540 3754 904 3824 ἐντάξαι.Τίς
927 3755 983 3809 δὲ
1016 3757 1081 3827 ἣν
1130 3755 1371 3826 μετέρχῃ
1425 3755 1730 3808 παιδείανό

142 3853 473 3926 πρεσϐύτης
508 3853 706 3924 φησίνς
753 3849 1110 3915 ’Λσκληπιοῦ,
1141 3849 1270 3920 ἓιρη,
1295 3854 1389 3903 καὶ
1434 3849 1731 3917 Ἱπποκρά-

140 3965 265 4010 τους
307 3947 482 4016 τέχνη
534 3946 626 3997 καὶ
681 3942 948 4010 Γαληνοῖκ
973 3942 1142 3995 Τοῦτο
1175 3945 1284 4014 γὰρ
1335 3944 1427 3995 καὶ
1457 3941 1535 4012 τῷ
1562 3941 1730 4014 πατρί

142 4055 246 4108 μου
270 4035 471 4091 δοκοῦν
499 4052 512 4070 ’
547 4034 681 4087 ἀλλὰ
705 4038 800 4088 καὶ
827 4033 1030 4095 αὑτὸςὸ
1055 4034 1374 4097 διδάσκαλός
1403 4051 1469 4104 με
1488 4034 1728 4107 βεϐαιῶν

139 4126 531 4200 πάρεστιν,ὡς
561 4126 608 4178 εί
649 4125 860 4196 ταύτην
912 4125 1140 4194 μάθοιμι
1194 4125 1462 4195 ἀκριϐῶς,
1504 4126 1728 4191 δυνατὸς

141 4221 284 4276 εἶναι
333 4220 520 4275 πᾶσαν
563 4217 913 4291 ἀνθρωπίνην
961 4217 1142 4270 ἰᾶσθαι
1190 4219 1344 4271 νόσον
1394 4217 1488 4271 καὶ
1522 4217 1726 4283 παντὸς

137 4316 350 4380 πάθους
421 4313 782 4384 ἰσχυροτέραν
830 4309 1233 4384 προϐάλλεσθαι
1284 4311 1528 4388 ταύτην·
1577 4312 1670 4374 καὶ
1699 4315 1726 4365 ό

149 4407 487 4479 Ἑρμόλαος,
529 4406 786 4474 ἀφορμὰς
818 4405 918 4475 ήδη
967 4406 1060 4458 καὶ
1096 4405 1388 4475 σπέρματα
1435 4405 1584 4475 παρὰ
1617 4404 1727 4466 τῶν

140 4501 358 4552 ἐκείνου
381 4497 558 4566 λόγων
578 4495 782 4557 λαϐὼν,
799 4496 1052 4566 καθάπερ
1074 4497 1301 4571 ἀγγείου
1329 4496 1508 4573 τυχὼν
1534 4496 1723 4561 καλοῦ,

138 4594 198 4645 τὸ
227 4593 380 4646 θεῖον
432 4591 535 4661 τῆς
588 4589 827 4652 πίστεως
859 4588 1030 4660 μύρον
1081 4590 1342 4659 ἐμϐαλεῖν
1396 4589 1569 4659 ἠξίου.
1616 4592 1726 4644 Καὶ
1759 4630 1806 4688 D

138 4683 402 4755 πείσθητί
441 4700 532 4753 μοι
559 4726 574 4747 ,
606 4684 1005 4754 ἐφη,κάλλιστε
1064 4681 1383 4749 νεανίσκων,
1427 4685 1521 4738 καί
1558 4685 1727 4759 γνῶθι

137 4780 220 4834 ὅτι
252 4778 324 4832 τά
369 4774 705 4847 Ἀσκληπιοῦ
730 4775 906 4830 ταῦτα
935 4775 1028 4829 καὶ
1066 4774 1464 4847 Ἱπποκράτους
1499 4777 1592 4830 καὶ
1625 4777 1663 4829 Γ
1666 4795 1728 4831 α·

139 4871 306 4942 ληνοῦ
348 4868 530 4944 μικρὰ
557 4869 649 4923 καὶ
682 4866 831 4939 πρὸς
878 4870 1074 4940 μικρὸν
1117 4871 1231 4932 τοῖς
1263 4870 1570 4941 χριομένοις
1601 4869 1728 4942 βοη-

142 4965 254 5018 θεῖν
283 4966 519 5019 δύναται
544 4980 558 4994 ·
594 4961 731 5018 ἀλλὰ
764 4963 858 5014 καὶ
891 4961 1006 5014 θεοὶ
1036 4961 1188 5014 αὐτοὶ
1216 4962 1310 5023 οὓς
1343 4961 1562 5016 σέϐεται
1602 4964 1725 5016 Μα-

145 5059 400 5126 ξιμιανὸς
433 5054 592 5125 μῦθοι
623 5056 770 5110 κενοὶ
808 5058 1150 5126 κουφοτέρων
1193 5056 1371 5108 ἀκοῶν
1411 5055 1726 5125 κλέμματα,

142 5152 383 5220 ὠφελεῖν
418 5149 478 5202 δὲ
509 5147 660 5200 οὐδὲν
694 5150 754 5200 τὸ
791 5146 1054 5217 παράπαν
1079 5149 1393 5218 δυνάμενοι,
1437 5147 1553 5199 ἀλλ’
1574 5150 1600 5201 ό
1629 5148 1728 5216 μό-

141 5259 228 5306 νος
255 5242 474 5311 etnon;
499 5237 631 5303 Θεὸς
658 5240 685 5291 ὀ
717 5239 973 5308 Χριστὸς,
1007 5241 1084 5301 εἰς
1112 5239 1171 5301 ὃν
1209 5241 1510 5302 πιστεύσας
1561 5239 1726 5302 αὑτοῦ

145 5336 310 5407 μόνου
341 5334 408 5402 τῇ
442 5332 726 5402 ἐπικλήσει
759 5331 904 5383 ἆπαν
936 5331 1146 5401 νόσημα
1179 5332 1500 5398 φυγαδεύων
1529 5332 1647 5402 ἔσῃ.
1670 5331 1728 5394 ὃς

142 5426 370 5497 τυφλοῖς
407 5422 513 5491 μὲν
543 5425 678 5492 φῶς,
709 5424 922 5494 νεκροῖς
969 5424 1026 5476 δὲ
1061 5423 1380 5485 ἀνάστασιν,
1423 5425 1645 5498 λεπροῖς
1670 5424 1726 5477 δὲ

145 5520 422 5588 κάθαρσιν
455 5515 793 5588 ἐδωρήσατο,
819 5516 911 5569 καὶ
963 5515 1022 5577 ὃς
1054 5518 1177 5581 τοὺς
1231 5516 1334 5569 ὑπὸ
1377 5516 1726 5591 Μαξιμιανοῦ

147 5607 669 5685 προσκυνουμὲνους
702 5610 959 5678 δαίμονας
989 5607 1132 5678 λόγῳ
1175 5611 1324 5681 μόνῳ
1367 5609 1460 5661 καὶ
1501 5609 1729 5678 ἐπιτάγ-

149 5725 280 5776 ματι
298 5704 568 5773 ἐξήλαυνε
588 5701 695 5753 τῶν
709 5703 1032 5774 ἀνθρώπων,
1054 5696 1114 5754 οὗ
1155 5705 1249 5756 καὶ
1275 5703 1367 5754 τοῦ
1391 5705 1726 5774 ,κρασπέδου

147 5802 283 5868 γυνὴ
313 5797 580 5867 ἁψαμένη
604 5791 698 5844 τοῦ
727 5793 944 5862 ἱματίου
976 5795 1194 5864 ὀχετοὺς
1214 5794 1446 5864 αἵματος
1469 5797 1555 5864 ἐφ’
1585 5797 1726 5857 ὅλοις

146 5889 355 5944 δώδεκα
389 5890 611 5961 χρόνοις
638 5887 858 5959 ῥέοντας
893 5889 1050 5952 εὐθὺς
1081 5880 1297 5962 ἔστησε,
1336 5890 1442 5942 Καὶ
1473 5891 1524 5942 τί
1555 5891 1634 5945 δεῖ
1659 5889 1724 5942 τὰ

1833 3396 1978 3453 tuus,
2022 3390 2304 3459 gentilium
2360 3405 2595 3460 sequens
2667 3392 3137 3459 superstitionem.
3213 3391 3417 3446 Deinde

1832 3495 1956 3537 cum
1993 3481 2284 3551 adjecisset
2315 3495 2479 3536 senex
2508 3499 2523 3538 :
2556 3479 2638 3536 Tu
2668 3491 2872 3542 autem,
2912 3481 3052 3536 bone
3094 3482 3187 3544 ﬁli,
3229 3484 3419 3552 cujus-

1830 3588 1956 3628 nam
1989 3574 2070 3629 vis
2099 3589 2218 3630 esse
2249 3573 2438 3643 partis,
2474 3582 2529 3628 et
2570 3573 2742 3627 utrius
2771 3572 3080 3642 religionis?
3111 3571 3414 3626 Pantaleon

1828 3664 2204 3725 verozbiater
2265 3665 2505 3736 quidem,
2573 3664 2767 3734 inquit,
2826 3680 2950 3716 cum
3017 3675 3166 3718 esset
3237 3665 3420 3720 adhuc

1830 3766 2126 3828 superstes,
2199 3759 2390 3824 suasit,
2461 3767 2520 3812 ut
2595 3756 2893 3812 assentirer
2962 3757 3078 3826 ejus
3149 3758 3416 3827 religioni,

1829 3851 1972 3921 quod
2009 3849 2228 3919 quidem
2286 3850 2417 3903 mihi
2453 3849 2699 3918 placebat
2733 3867 2746 3913 ;
2777 3860 2930 3916 pater
2959 3859 3163 3910 autem,
3210 3858 3270 3902 ut
3324 3849 3416 3919 qui

1829 3944 1902 4000 sit
1929 3943 2146 4009 fortior,
2195 3943 2448 4015 cogitme
2487 3941 2735 4013 religioni
2785 3955 2896 3996 sua:
2954 3942 3082 3994 dare
3142 3955 3361 4009 Operam
3400 3960 3414 4002 ;

1833 4039 1943 4093 vult
1993 4039 2138 4093 enim
2170 4052 2255 4091 me
2311 4035 2516 4090 referre
2571 4035 2627 4089 in
2682 4048 2967 4088 numerum
3029 4032 3413 4102 palatinorum.

1829 4128 2088 4196 Quanam
2120 4143 2250 4183 vero
2305 4134 2390 4181 est
2430 4140 2515 4191 ea,
2568 4124 2653 4180 cui
2703 4124 2915 4186 studes,
2987 4124 3310 4191 disciplina?
3342 4126 3418 4178 ait

1829 4238 1992 4280 senex
2057 4239 2070 4275 :
2135 4219 2454 4288 Alsculapii,
2524 4217 2722 4288 inquit,
2795 4225 2850 4271 et
2920 4215 3287 4286 Hippocratis,
3358 4232 3416 4281 et

1828 4313 2037 4370 Galeni.
2104 4313 2239 4365 Nam
2282 4313 2385 4365 hoc
2447 4323 2666 4380 quoque
2704 4307 2879 4364 visum
2946 4317 3031 4362 est
3077 4307 3215 4376 patri
3272 4324 3414 4362 meo.

1828 4408 1969 4475 Quin
1999 4405 2162 4461 etiam
2198 4405 2312 4475 ipse
2341 4403 2497 4456 nobis
2553 4399 2840 4459 aﬂirmavit
2874 4397 3149 4471 magister,
3180 4400 3322 4468 quod
3367 4400 3412 4454 si

1827 4515 1946 4555 eam
2014 4507 2266 4552 accurate
2325 4493 2589 4556 didicero,
2663 4501 2855 4562 potero
2911 4506 3107 4546 curare
3193 4507 3408 4546 onmem

1830 4593 2078 4648 morbum
2111 4591 2406 4644 humanum
2439 4595 2490 4642 et
2527 4601 2671 4652 eam,
2727 4597 2786 4640 ut
2817 4584 3118 4649 fortiorem,
3173 4585 3409 4653 objieere

1831 4687 2004 4743 cuivis
2033 4683 2322 4739 aﬂ‘ectioni.
2380 4682 2698 4736 Hermolaus
2727 4688 2909 4732 autem
2943 4694 3010 4732 ex
3056 4679 3200 4731 illius
3232 4679 3412 4732 verbis

1829 4781 2115 4837 occasione
2163 4787 2382 4846 accepta
2412 4784 2467 4831 et
2521 4773 2752 4842 semine,
2789 4780 3044 4842 tanquam
3104 4771 3409 4841 pulcherri-

1829 4891 1978 4930 mum
2039 4884 2230 4930 nactus
2281 4855 2701 4940 receptaculum,
2755 4865 2922 4936 cmpit
2975 4866 3219 4921 divinum
3285 4863 3408 4921 ﬁdei

1828 4969 2088 5025 ﬂuentum
2148 4967 2199 5019 in
2257 4964 2308 5017 id
2361 4961 2637 5017 eﬂ'undere
2671 4979 2684 5014 :
2713 4958 2886 5015 Crede
2921 4958 3076 5024 mihi,
3139 4959 3349 5021 dicens,
3381 4975 3414 5012 o

1828 5059 2031 5129 Optime
2085 5055 2423 5119 adolescens,
2456 5066 2582 5108 vera
2634 5051 2858 5113 dicenti,
2917 5049 3039 5102 Hzec
3094 5047 3410 5116 Aiseulapii,

1828 5149 2170 5221 Hippocratis
2228 5155 2282 5199 et
2307 5144 2490 5200 Caleni
2511 5156 2674 5212 parva
2695 5149 2920 5203 sunt,et
2941 5153 3130 5209 parum
3183 5150 3414 5206 possunt

1830 5244 2087 5315 prodesse
2148 5238 2214 5294 iis
2240 5237 2332 5308 qui
2364 5237 2444 5291 eis
2474 5243 2720 5290 utuntur.
2777 5232 2918 5298 Quin
2947 5233 3109 5286 etiam
3158 5231 3230 5282 dii
3289 5229 3410 5299 ipsi,

1829 5351 1962 5406 quos
1989 5333 2119 5389 colit
2148 5329 2526 5392 Maximianus,
2552 5335 2681 5381 sunt
2708 5339 2844 5378 vana
2874 5323 3096 5378 omnino
3119 5322 3319 5380 fabula,
3359 5333 3414 5375 et

1831 5422 2092 5477 leviorum
2114 5417 2372 5473 mentium
2397 5414 2666 5485 deeeptio.
2701 5411 2852 5468 Unus
2873 5421 3053 5465 autem
3089 5409 3236 5463 solus
3255 5423 3416 5463 verus

1832 5513 1971 5568 Deus
2000 5522 2082 5568 est
2108 5511 2355 5566 Christus
2390 5528 2402 5562 :
2436 5509 2487 5562 in
2514 5521 2674 5576 quem
2714 5505 2760 5560 si
2799 5500 3118 5563 credideris,
3153 5502 3270 5566 ejus
3301 5499 3414 5554 sola

1831 5606 2172 5662 invocatione
2217 5617 2410 5655 omnes
2453 5601 2673 5656 morbos
2717 5597 2893 5652 solves
2929 5603 2982 5650 et
3035 5592 3244 5664 lugabis
3279 5610 3290 5644 :
3324 5593 3414 5660 qui

1831 5702 1986 5757 eaeeis
2016 5699 2231 5768 quidem
2261 5697 2461 5759 lucem,
2496 5695 2727 5750 mortuis
2776 5701 2957 5746 autem
3006 5692 3198 5752 vitam,
3235 5689 3418 5754 lepro-

1833 5798 1910 5850 sis
1957 5795 2103 5848 dedit
2158 5793 2578 5864 purgationem:
2613 5791 2707 5858 qui
2753 5801 2850 5842 eos
2882 5787 2972 5856 qui
3009 5801 3037 5836 a
3095 5781 3415 5836 Maximiano

1833 5889 2151 5956 adorantur,
2185 5887 2486 5953 dasntones,
2520 5883 2632 5938 solo
2673 5881 2837 5939 verbo
2893 5888 2946 5934 et
2998 5877 3152 5947 jussu
3207 5872 3416 5944 expulit
