4180 6478
747 421 845 486 451

2074 412 2362 475 MENSIS
2401 415 2698 478 IULIUS.

3912 423 4015 482 45a

749 529 816 592 ab
844 529 1157 588 hominibus
1193 549 1204 585 :
1240 529 1396 602 cujus
1419 529 1582 586 etiam
1619 526 1926 583 vestimenti
1956 526 2192 594 ﬂmbria,
2218 544 2340 584 cum

2450 530 2659 584 ἐκείνου
2691 529 2904 599 λέγειν;
2934 534 3045 586 ἴσον
3067 536 3171 604 γάρ
3205 536 3351 587 ἐστιν
3376 535 3603 605 ψάμμον
3635 552 3692 587 τε
3731 539 3958 607 μετρεῖν
3986 539 4016 609 ἦ

748 642 865 680 eam
919 625 1094 680 solum
1136 624 1401 695 tetigisset
1435 622 1651 684 mulier,
1705 623 1883 676 statim
1932 622 2067 676 stitit
2122 623 2340 676 canales

2450 623 2672 692 Ξστέρας
2703 623 2833 692 χόας
2865 641 2924 676 τε
2960 626 3232 696 θαλάττης
3284 630 3378 680 καὶ
3407 628 3476 679 τὰ
3531 628 3698 680 αὐτοῦ
3758 628 4018 698 θαύματα

748 717 1048 786 sanguinis.
1109 717 1198 784 qui
1244 715 1539 771 duodecim
1593 729 1765 768 annos
1815 713 2057 784 integros
2087 712 2334 767 ﬂuxerat.

748 811 812 864 Et
844 810 970 880 quid
1005 825 1141 879 opus
1186 818 1290 873 est,
1325 825 1413 864 res
1463 808 1608 863 illius
1644 806 1866 862 dicere?
1897 805 2122 876 perinde
2179 807 2326 859 enim

747 911 849 962 est,
883 916 946 954 ac
1001 914 1240 964 arenam,
1282 899 1486 962 stellas,
1544 905 1596 951 et
1663 911 1813 966 aquae
1869 899 2048 967 guttas
2078 895 2335 958 dimetiri,

746 994 864 1062 ejus
896 992 1160 1044 miracula
1230 1004 1550 1043 enumerare
1614 995 1671 1043 et
1723 986 2009 1056 magnalia.
2071 987 2139 1040 Et
2193 1001 2340 1042 nunc

744 1100 961 1155 quoque
981 1084 1134 1137 adest
1171 1083 1281 1136 suis
1311 1081 1527 1152 adjutor
1561 1079 2015 1149 inexpugnabilis,
2051 1079 2340 1135 consolans

746 1179 801 1234 in
827 1177 1106 1242 molestiis,
1133 1176 1362 1231 dilatans
1384 1176 1437 1228 in
1458 1173 1784 1229 afﬂictione:
1807 1172 1859 1227 in
1885 1173 2070 1234 rebus,
2096 1172 2341 1240 inquam,

745 1273 1006 1335 adversis,
1045 1281 1100 1326 et
1167 1271 1232 1326 iis
1279 1285 1399 1339 qua:
1462 1277 1657 1336 praeter
1714 1277 1953 1322 nostram
2012 1264 2342 1318 voluntatem

742 1366 1019 1429 accidunt,
1044 1379 1231 1435 preces
1257 1363 1481 1416 minime
1511 1366 1852 1429 exspectans,
1885 1357 1977 1411 sed
2012 1357 2347 1425 prmveniens

2437 714 2531 765 καὶ
2570 713 2838 782 μεγαλεῖα
2893 714 3235 785 ἐξαριθμεῖν
3265 716 3437 778 ὅςκαὶ
3492 716 3587 768 νῦν
3622 723 3862 787 πάρεστι
3912 722 4021 780 τοῖς

2437 805 2604 858 αὑτοῦ
2635 807 2862 870 δούλοις,
2901 809 3186 879 σύμμαχός
3219 825 3276 860 τε
3312 809 3404 862 καὶ
3445 808 3637 879 βοηθὸς
3661 811 3897 879 ἄμαχος,
3931 827 4022 860 πα-

2441 899 2692 968 ρακαλῶν
2722 902 2781 951 ὲν
2808 899 3026 964 λύπαις,
3075 900 3362 954 πλατύνων
3411 901 3470 953 ὲν
3520 902 3722 971 Θλίψει,
3771 907 3829 955 ὲν
3864 920 4019 970 περι-

2442 991 2632 1043 στάσει
2661 991 2755 1044 καὶ
2789 992 2898 1043 τῶν
2931 993 3246 1062 ἀϐουλήτων
3287 994 3587 1062 ἀπαγωγῇ,
3623 994 3697 1062 μὴ
3727 996 4020 1061 ἀναμένων

2441 1084 2540 1152 τὴν
2575 1083 2782 1153 δέησιν,
2821 1085 2936 1136 ἀλλ’
2964 1086 3132 1154 αὐτὴν
3171 1084 3495 1154 προφοάνωι
3524 1087 3626 1154 τὴν
3659 1085 3758 1154 τῆς
3794 1085 4020 1152 καρδίας

2442 1177 2872 1246 ὲτοιμασίαν,οὑ
2934 1177 3038 1245 μὴν
3098 1177 3233 1231 ἀλλὰ
3275 1180 3368 1228 καὶ
3403 1179 3516 1238 τοῖς
3547 1177 3710 1230 αὑτὸν
3752 1175 4024 1243 φοϐουμέ·

2445 1283 2555 1328 νοις
2588 1268 2813 1337 μείζονα
2843 1269 2874 1338 ἢ
2911 1271 3119 1331 ἐκεῖνος
3148 1270 3364 1339 ἔδρασε,
3387 1269 3644 1338 παρέχων
3665 1267 4022 1336 θαυματουρ-

2448 1362 2586 1425 γεῖν,
2618 1357 2737 1411 εἶτα
2769 1362 2861 1412 καὶ
2904 1361 3048 1430 ζωὴν
3088 1360 3431 1440 δωρούμενος
3459 1361 3704 1416 αἰωνίαν.

744 1459 923 1525 ipsum
974 1472 1188 1526 quoque
1226 1464 1433 1510 motum
1491 1453 1690 1508 cordis.
1746 1451 1851 1516 Qui
1902 1451 2062 1505 etiam
2119 1450 2186 1503 iis
2234 1451 2323 1518 qui
2383 1452 2559 1518 ipsum
2618 1453 2867 1523 diligunt,
2943 1456 3148 1523 majora
3213 1472 3374 1525 quam
3426 1456 3543 1526 ipse
3595 1456 3744 1521 fecit,
3778 1454 4024 1525 pratbeus

743 1545 987 1602 facienda
1017 1547 1297 1608 miracula,
1324 1547 1490 1599 donat
1513 1543 1709 1598 deinde
1730 1542 1916 1607 vitam,
1948 1556 2065 1611 quas
2114 1539 2320 1593 nullum
2361 1541 2521 1596 habet
2547 1542 2732 1599 (luem.

820 1643 906 1697 IV.
940 1640 1065 1695 llaec
1122 1641 1286 1695 verba
1339 1654 1462 1693 cum
1521 1637 1845 1699 Pantoleon,
1885 1644 2136 1704 tanquam
2195 1634 2336 1687 bona

745 1744 911 1796 terra,
943 1740 1108 1786 corde
1159 1731 1460 1798 accepisset
1514 1736 1568 1782 et
1616 1726 2005 1788 abscondisset,
2057 1725 2332 1790 credebat,

745 1837 799 1880 et
829 1840 954 1879 vera
987 1838 1106 1877 esse
1137 1822 1433 1891 judicabat,
1477 1829 1532 1874 et
1565 1819 1632 1873 ab
1663 1819 1743 1874 eis
1774 1818 1999 1872 omnino
2039 1816 2333 1886 pendebat,

746 1925 800 1971 et
827 1917 1064 1970 suaviter
1095 1915 1146 1968 in
1178 1915 1256 1968 eis
1287 1913 1666 1976 meditabatur,
1699 1920 1753 1965 et
1783 1911 1996 1964 dicebat
2026 1908 2336 1971 Hermolao,

745 2025 805 2064 se
835 2026 897 2065 ea
929 2024 1070 2078 Supe
1105 2007 1374 2061 audivisse
1409 2021 1438 2057 a
1475 2015 1668 2066 matre,
1702 2013 1757 2056 et
1793 2003 1991 2055 \idisse
2023 2015 2143 2054 eam
2181 2015 2342 2053 oran-

748 2116 878 2167 tem,
926 2112 980 2156 et
1027 2100 1218 2158 Deum.
1255 2113 1416 2168 quem
1470 2099 1583 2165 ipse
1636 2094 1913 2166 praadicat,
1969 2095 2336 2147 invocantem.

747 2195 972 2250 Volebat
1002 2201 1181 2248 autem
1208 2195 1320 2247 haec
1346 2206 1562 2260 quoque
1585 2204 1686 2245 suo
1714 2189 1975 2259 magistro
2006 2187 2337 2256 signiﬁcare.

745 2287 999 2353 Quotidie
1034 2300 1161 2352 ergo
1190 2285 1305 2337 ibat
1349 2282 1644 2336 Pantaleon
1686 2281 1752 2335 ad
1798 2295 2007 2344 senem,
2041 2287 2094 2333 et
2122 2294 2180 2333 se
2223 2276 2344 2347 pul-

747 2379 895 2434 chris
944 2378 1028 2430 his
1086 2374 1300 2428 ﬂuentis
1355 2373 1660 2427 oblectabat
1717 2381 1771 2426 et
1825 2372 1889 2424 ad
1937 2385 2119 2424 veram
2182 2371 2342 2423 ﬁdem

746 2471 1002 2541 paulatim
1035 2468 1459 2523 conﬁrmabatur
1491 2483 1503 2518 :
1536 2474 1590 2518 et
1626 2464 1690 2517 ad
1732 2465 2050 2532 magistrum
2105 2462 2344 2531 quotidie

747 2563 1039 2621 ventitans,
1075 2575 1184 2614 non
1239 2559 1388 2629 prius
1433 2559 1653 2613 domum
1705 2556 1934 2619 redibat,
1991 2570 2152 2624 quam
2217 2570 2345 2609 suas

748 2671 909 2710 aures
960 2653 1290 2708 oblectasset
1342 2651 1524 2705 verbis
1573 2650 1739 2706 senis.
1803 2648 2109 2718 Aliquando
2164 2648 2345 2718 itaque

749 2760 1029 2805 revertens
1067 2763 1096 2800 a
1131 2754 1482 2816 prreceptore,
1525 2759 1645 2798 cum
1704 2759 1893 2816 parum
1932 2759 1963 2797 a
1990 2742 2074 2796 via
2124 2752 2347 2812 propter

749 2859 905 2898 usum
940 2843 1171 2912 aliquem
1193 2840 1539 2903 decliuasset,
1569 2837 1718 2890 videt
1746 2836 2008 2889 infantem
2046 2846 2344 2890 mortuum.

746 2952 908 3008 quem
950 2934 1315 2988 momorderat
1344 2934 1550 2999 vipera,
1583 2939 1640 2983 et
1671 2930 1842 2998 ipsam
1900 2929 2133 2983 belluam
2176 2942 2346 2998 pr0pe

748 3045 870 3084 eum
888 3035 1143 3087 stantem,
1159 3035 1212 3078 et
1240 3023 1406 3078 veluti
1432 3021 1831 3086 ostendentem,
1858 3021 2107 3091 quisnam
2141 3022 2344 3075 caedem

749 3116 986 3177 fecisset.
1050 3117 1185 3172 Eum
1214 3132 1363 3186 ergo,
1392 3131 1514 3169 cum
1548 3113 1599 3166 id
1647 3113 1890 3179 vidiSSet,
1925 3113 2119 3167 invasit
2165 3113 2344 3174 timor,

2515 1636 2587 1689 Δ’.
2619 1639 2804 1692 Ταῦτα
2838 1641 2864 1693 ὀ
2896 1641 3235 1699 Παντολέων,
3280 1641 3472 1711 ὥσπερ
3513 1644 3580 1711 γῆ
3613 1643 3815 1712 ἀγαθὴ,
3841 1646 3908 1697 τὰ
3945 1647 4026 1714 ῥή-

2449 1746 2597 1797 ματα
2628 1734 2707 1791 είς
2754 1734 2976 1802 καρδίαν
3006 1733 3338 1802 παραλαῦὼν
3371 1737 3463 1786 καὶ
3498 1737 3732 1805 κρύψας,
3769 1739 4024 1791 ἐπίστευέ

2442 1837 2500 1871 τε
2533 1823 2624 1873 καὶ
2673 1822 2850 1891 ἀληθῆ
2907 1825 3121 1892 ἔκρινεν
3157 1819 3301 1876 εἶναι
3337 1829 3429 1878 καὶ
3475 1827 3610 1889 ὅλως
3651 1829 3835 1878 αὐτῶν
3873 1831 4027 1896 ἑξήρ-

2442 1929 2573 1982 τητο
2608 1917 2699 1965 καὶ
2750 1914 2980 1984 μελέτην
3005 1911 3117 1984 εἶχε
3148 1915 3321 1970 ταῦτα
3365 1918 3620 1984 γλυκεῖαν
3663 1917 3822 1984 ἔλεγέ
3853 1936 3910 1969 τε
3941 1920 4025 1970 καὶ

2443 2006 2595 2072 παρὰ
2624 2007 2722 2074 τῆς
2763 2007 2968 2076 μητρὸς
3002 2010 3140 2060 αὑτά
3190 2010 3454 2072 πολλάκις
3501 2011 3736 2064 ἀκοῦσαι
3792 2029 4026 2080 προσευο

2443 2097 2681 2163 χομένην
2709 2111 2766 2145 τε
2801 2097 2972 2164 αὐτὴν
3019 2099 3152 2167 ὁρᾷν
3178 2101 3266 2149 καὶ
3292 2098 3349 2150 ὃν
3382 2102 3443 2150 σὺ
3476 2104 3766 2169 κηρύττεις
3799 2102 4027 2154 ἐπιϐοω-

2447 2186 2616 2255 μένην
2670 2185 2838 2238 Θεόν·
2886 2189 3147 2256 ἠϐούλετο
3173 2191 3228 2243 δὲ
3282 2192 3358 2261 τῷ
3400 2193 3518 2244 διδα
3559 2194 3707 2261 κάλῳ
3769 2195 4023 2264 γνώριμα

2443 2278 2617 2332 ταῦτα
2652 2279 2878 2334 θέσθαι·
2918 2283 3132 2350 ἡμέρας
3162 2282 3255 2335 οῦν
3287 2285 3523 2353 ἑκάστης
3569 2285 3732 2355 ἀπῄει
3764 2289 3790 2338 ὁ
3828 2287 4025 2339 Παντο-

2444 2371 2580 2424 λέων
2613 2375 2746 2441 πρὸς
2773 2375 2864 2426 τὸν
2919 2376 3234 2445 πρεσϐύτην
3264 2381 3355 2430 καὶ
3417 2382 3524 2431 τῶν
3573 2381 3758 2432 καλῶν
3816 2381 4022 2434 τούτων

2447 2465 2656 2532 ἐτρύφα
2688 2466 2945 2534 ναμάτων
2976 2471 3069 2521 καὶ
3103 2471 3236 2538 πρὸς
3269 2471 3366 2539 τὴν
3409 2471 3613 2540 εὐσεϐῆ
3648 2474 3834 2524 πίστιν
3886 2475 4022 2527 κατά

2452 2558 2648 2626 μικρὸν
2676 2560 2992 2628 ἐστηρίζετο
3034 2564 3130 2616 καὶ
3178 2565 3315 2632 πρὸς
3359 2563 3448 2616 τὸν
3501 2565 3821 2617 διδάσκαλον
3853 2566 3910 2617 δὲ
3941 2567 4020 2622 διὰ

2448 2651 2624 2721 πάσης
2653 2653 2840 2719 ἐφοίτα
2875 2657 2968 2705 καὶ
2988 2656 3046 2707 οὐ
3083 2657 3350 2724 πρότερον
3379 2658 3561 2709 οἶκαδε
3586 2656 3840 2726 ἐπανῄει,
3868 2659 3916 2707 εί
3949 2657 4020 2726 μὴ

2445 2742 2543 2804 τὰς
2571 2746 2738 2807 ἀκοὰς
2771 2745 3018 2814 ηῦφρανε
3053 2750 3146 2800 καὶ
3173 2751 3284 2808 τοῖς
3312 2750 3518 2816 ῥήμασι
3551 2749 3645 2801 τοῦ
3675 2749 3984 2820 πρεσϐύτου
4005 2764 4020 2780 ⁸

2449 2835 2578 2886 ποτὲ
2610 2839 2789 2889 τοίνυν
2816 2840 2924 2891 ἀπὸ
2952 2839 3046 2891 τοῦ
3071 2840 3389 2894 διδασκάλου
3418 2842 3765 2909 Εὐφροσύνου
3790 2843 4022 2894 ἐπανιὼν

2449 2925 2543 2978 καὶ
2577 2927 2773 2996 μικρὸν
2798 2928 2901 2994 τῆς
2951 2931 3070 2984 ὀδοῦ
3127 2933 3271 2986 κατά
3300 2950 3351 2986 τι
3377 2934 3578 2996 δεῆσαν
3623 2934 3904 2998 ἐκκλίνας,
3930 2937 4025 3006 ὁρᾷ

2449 3019 2659 3073 παιδίον
2693 3021 2784 3074 ὑπ’
2817 3024 3032 3094 ἐχίδνης
3069 3026 3401 3097 δεδηγμένον
3430 3029 3522 3080 xal
3551 3028 3819 3098 τεθνηκός
3855 3044 3867 3058 ·
3900 3029 4026 3082 αὺτὸ

2448 3126 2508 3161 τε
2540 3113 2598 3163 τὸ
2627 3113 2816 3183 θηρίον
2848 3117 3014 3184 ὲγγύς
3051 3135 3154 3170 που
3193 3121 3366 3190 παρὸν
3397 3123 3488 3173 καὶ
3517 3121 3708 3191 ὣσπερ
3741 3123 3834 3174 τὸν
3867 3125 4026 3190 φονέα

751 3223 807 3269 et
847 3210 1078 3266 secessit
1118 3209 1416 3280 paululum.
1463 3207 1667 3260 Deinde
1708 3220 1832 3258 cum
1884 3218 2070 3257 rursus
2117 3204 2345 3270 seipsqu

2459 3202 2608 3268 ὅστις
2645 3209 2728 3278 εἴη
2791 3206 3016 3278 εῦδη).ον
3049 3210 3330 3263 καθιστόνο
3366 3212 3539 3266 ίδοντα
3586 3209 3678 3266 οὖν
3720 3213 3889 3281 φόϐος
3922 3210 4026 3274 εἷλε

750 3305 1078 3373 collegisset,
1114 3311 1197 3355 est
1253 3313 1526 3362 reversus,
1587 3305 1641 3350 et
1688 3295 1836 3351 stetit
1882 3294 2034 3363 juna
2091 3309 2346 3364 puerum.

750 3382 1034 3453 δυάὶυαὺοι
1061 3395 1203 3449 enim
1247 3393 1347 3446 hoc
1402 3406 1524 3446 esse
1570 3389 1843 3444 sulllciens
1894 3387 2105 3457 signum
2161 3401 2348 3441 eorum

751 3507 874 3562 quae
925 3504 1090 3544 senex
1131 3488 1367 3549 dixerat,
1413 3485 1457 3537 si
1501 3498 1630 3537 vera
1673 3488 1861 3534 essent
1897 3477 2134 3549 :Surget
2180 3479 2347 3535 enim.

753 3585 955 3654 inquit,
1013 3597 1148 3651 puer
1200 3580 1319 3648 ejus
1382 3578 1570 3641 Verbo,
1627 3582 1681 3628 et
1743 3573 1794 3627 id
1861 3573 2094 3641 patietur
2149 3569 2348 3623 bellua.

752 3677 894 3746 quod
921 3677 1019 3746 ipsi
1053 3674 1199 3728 fecit.
1234 3671 1350 3728 lloc
1382 3672 1429 3724 ei
1468 3671 1522 3723 in
1553 3674 1790 3723 mentem
1820 3662 1992 3723 venit,
2025 3669 2078 3713 et
2098 3660 2351 3730 precibus

753 3769 967 3839 petivit,
998 3775 1052 3818 et
1083 3764 1240 3815 simul
1298 3762 1444 3813 visus
1497 3766 1580 3811 est
1619 3754 1798 3809 infans
1851 3753 2029 3813 vivus,
2086 3761 2140 3806 et
2173 3751 2349 3806 bellua

755 3867 991 3919 mortua,
1019 3862 1072 3908 et
1105 3867 1224 3924 quae
1258 3853 1398 3920 apud
1430 3866 1549 3908 eam
1587 3858 1725 3911 erat,
1758 3862 1821 3901 ea
1848 3860 1968 3915 quae
1991 3845 2348 3915 intelligentia

755 3947 1208 4020 apprehenditur,
1293 3943 1473 3997 bellua
1535 3939 1706 3993 multo
1787 3937 1958 4006 magis
1998 3936 2210 4006 perdita
2295 3942 2347 3989 et

755 4052 970 4099 enecta.

823 4160 890 4216 ν.
921 4161 1054 4214 Cum
1095 4157 1160 4213 ad
1193 4155 1585 4227 perfectionem
1619 4164 1747 4220 ergo
1800 4148 1923 4203 ﬁdei
1965 4148 2018 4201 in
2066 4145 2346 4201 Christum

754 4255 832 4314 sic
865 4252 1202 4324 pervenisset
1231 4248 1549 4308 Pantoleon,
1585 4245 1767 4300 statim
1799 4244 2013 4310 aspexit
2040 4241 2094 4294 in
2149 4242 2345 4296 cmlum

756 4347 995 4406 externis
1016 4342 1209 4405 oculis,
1240 4349 1296 4397 et
1347 4339 1474 4403 Deo,
1510 4336 1602 4406 qui
1659 4351 1781 4390 eum
1828 4341 2113 4389 vocaverat
2141 4347 2171 4388 a
2199 4341 2347 4385 tene-

756 4437 870 4493 bris
909 4434 1168 4490 interitus
1227 4431 1298 4486 ad
1348 4430 1523 4485 lucem
1575 4427 1839 4490 veritatis,
1891 4425 2171 4484 benedixit
2220 4437 2343 4477 cum

758 4529 927 4583 multa
959 4527 1127 4580 animi
1185 4523 1593 4593 tranquillitate.
1645 4519 1847 4572 Deinde
1876 4533 2000 4573 cum
2044 4518 2187 4570 ferre
2233 4529 2342 4567 non

758 4627 943 4690 posset
989 4617 1253 4682 laetitiam,
1302 4615 1367 4668 ad
1399 4627 1585 4668 senem
1632 4609 1846 4665 accedit
1891 4607 2264 4671 Hermolaum,
2303 4620 2357 4665 et

759 4714 984 4782 exponit
1032 4712 1082 4765 id
1111 4711 1254 4781 quod
1309 4707 1599 4768 acciderat,
1649 4715 1706 4760 et
1753 4704 2123 4760 venerandum
2176 4701 2243 4755 ab
2290 4715 2356 4754 eo

758 4806 895 4877 petit
927 4805 1279 4874 baptismum.
1308 4801 1400 4856 llle
1429 4808 1610 4854 autem
1639 4797 1867 4866 (sciebat
1917 4797 2063 4848 enim
2094 4793 2355 4864 quidnam

759 4897 977 4952 cuinam
1009 4896 1254 4965 largitur)
1292 4897 1347 4948 in
1380 4895 1481 4949 hoc
1511 4892 1745 4946 libenter
1809 4887 2061 4951 inseruit,
2102 4895 2157 4941 et
2202 4902 2349 4950 eum,

758 4989 848 5059 qui
888 4995 1006 5043 erat
1055 4985 1175 5039 luce
1212 4985 1429 5054 dignus,
1489 4981 1674 5034 divino
1727 4977 1938 5050 perlicit
2002 4977 2349 5046 baptismate-

758 5081 895 5136 Cum
955 5095 1082 5135 vero
1141 5087 1349 5148 septem
1417 5073 1533 5129 dies
1594 5073 1882 5130 mansisset
1936 5069 2081 5139 apud
2146 5081 2352 5132 senem,

759 5171 1066 5243 poculentis
1128 5169 1298 5239 ipsius
1381 5167 1562 5223 verbis
1623 5179 1720 5218 eor
1784 5163 1903 5231 ejus
1955 5161 2232 5230 irrigatur,
2301 5173 2356 5220 et

758 5265 1024 5337 pinguetit
1057 5262 1257 5327 anima,
1299 5271 1596 5332 venterque
1627 5254 1826 5317 divinis
1860 5253 2115 5324 impletur
2175 5249 2352 5304 ﬂumi-

759 5361 945 5416 nibus.
978 5358 1175 5429 Sicque
1203 5353 1339 5412 vixit
1397 5354 1498 5407 sub
1521 5353 1664 5407 bono
1710 5347 1928 5419 spiritu,
1983 5345 2169 5400 multis
2222 5357 2356 5398 con-

759 5461 1010 5509 servatus
1041 5451 1248 5505 utilitas
1274 5453 1332 5502 et
1361 5444 1713 5498 illuminatio.
1741 5439 1876 5494 Cum
1936 5437 2129 5492 fuisset
2175 5444 2353 5489 autem

757 5546 874 5601 dies
905 5553 1152 5607 octavus,
1183 5541 1328 5597 venit
1352 5537 1420 5593 ad
1474 5544 1703 5606 patrem.
1737 5531 1830 5587 Ille
1862 5545 1991 5585 vero
2027 5544 2041 5581 :
2081 5527 2182 5582 Ubi
2209 5541 2352 5588 eras,

760 5639 962 5709 inquit,
1025 5635 1122 5701 illi,
1176 5634 1450 5704 prioribus
1484 5626 1696 5688 diebus,
1729 5631 1782 5676 et
1832 5637 1916 5676 me
1956 5618 2235 5689 conjecisti
2297 5617 2352 5681 in

760 5745 1011 5801 magnam
1047 5726 1215 5781 animi
1250 5715 1659 5793 aegritudinem?
1703 5714 1975 5782 Numquid
2027 5713 2120 5767 tibi
2156 5710 2355 5765 accidit

759 5822 964 5892 aliquid
1000 5831 1198 5891 praeter
1227 5808 1734 5885 exspectationem?
1771 5807 1820 5862 ls
1843 5820 1970 5860 vero
2003 5823 2016 5858 :
2045 5805 2124 5860 Ad
2156 5818 2349 5872 quem-

760 5916 906 5980 dam,
950 5915 1142 5983 inquit,
1201 5928 1268 5967 ex
1319 5909 1384 5964 iis
1416 5905 1507 5975 qui
1559 5912 1848 5958 versantur
1899 5899 1956 5953 in
2020 5898 2143 5954 aula
2184 5895 2348 5968 regia,

2455 3298 2543 3350 καὶ
2569 3299 2762 3368 μικρὸν
2797 3301 3071 3372 ὑπεχώρει
3093 3319 3107 3332 °
3140 3298 3258 3357 εἶτα
3288 3305 3449 3358 πάλιν
3480 3305 3672 3358 ἑαυτοῦ
3708 3308 4025 3376 γενόμενος,

2453 3390 2682 3460 ἐπανῄει
2740 3394 2833 3445 καὶ
2885 3394 2963 3462 τῷ
3021 3395 3220 3464 παιδίῳ
3268 3397 3602 3466 παρίσταται
3639 3413 3653 3428 ο
3688 3398 3876 3466 ἔκρινε
3929 3403 4030 3469 γὰρ

2455 3478 2721 3551 αῦταρκες
2752 3485 2974 3553 σημεῖον
3002 3486 3160 3538 τοῦτο
3201 3487 3311 3539 τῶν
3353 3487 3444 3539 τοῦ
3477 3489 3788 3555 πρεσϐύτου
3837 3491 4028 3558 λόγων,

2453 3572 2685 3644 ὀφθῆναι
2712 3577 2759 3628 εί
2783 3578 3026 3646 ἀψευδὼς
3058 3579 3232 3650 ἔχοιεν
3251 3594 3262 3607 ⁸
3287 3582 3651 3649 ἀναστήσεται
3683 3583 3794 3652 γὰρ
3819 3583 3883 3634 τὸ
3915 3601 4031 3635 παι-

2451 3665 2582 3732 δίον,
2607 3669 2734 3738 ἔφη,
2757 3671 2833 3738 τῷ
2865 3671 3029 3724 αὑτοῦ
3056 3677 3264 3742 ῥήματι
3288 3675 3382 3726 καὶ
3411 3673 3469 3726 τδ
3505 3675 3694 3746 θηρίον
3717 3676 3745 3727 ὃ
3770 3677 4031 3745 δέδρακεν

2452 3761 2647 3825 έκεῖνο,
2673 3766 2942 3817 πείσεται.
2961 3765 3131 3815 Τοῦτο
3147 3767 3224 3824 είς
3246 3765 3368 3818 νοῦν
3398 3782 3454 3817 τε
3481 3765 3637 3818 ἔλαϐε
3667 3771 3759 3819 καὶ
3777 3769 3847 3818 δι’
3869 3771 4030 3838 εὐχῆς

2453 3853 2622 3923 ᾔτησε
2648 3857 2739 3908 καὶ
2762 3855 2874 3924 ἅμα
2896 3856 3076 3925 ὠρᾶτο
3096 3856 3203 3920 ζῶν
3225 3857 3286 3907 τὸ
3306 3857 3534 3922 παιδίον,
3560 3858 3586 3908 δ
3603 3858 3703 3926 θὴρ
3729 3859 4028 3928 τεθνηκὼς,

2449 3945 2478 3998 ὀ
2506 3947 2698 4016 νοητός
2728 3963 2786 3998 τε
2820 3946 2952 4016 παρ’
2987 3947 3164 4019 ἑαυτῷ
3197 3947 3298 4019 θὴρ
3326 3951 3422 4002 καὶ
3448 3951 3544 4019 τῆς
3569 3951 3830 4014 ἀσεϐείας
3856 3955 4032 4023 πατὴρ

2451 4038 2611 4109 (πῆρ)
2657 4039 2838 4112 πολλῷ
2887 4041 3050 4094 πλέον
3122 4040 3422 4106 ἀπολωλὼς
3471 4043 3563 4094 καὶ
3610 4043 4029 4119 διεφθαρμένος.

2523 4130 2801 4200 Ε’.Ταύτη
2850 4131 3136 4200 τοιγαροῦν
3163 4133 3190 4183 ὁ
3226 4132 3542 4186 Παντολέων
3576 4134 3654 4195 είς
3685 4135 3786 4204 τὴν
3833 4135 4035 4198 (ελειῷ

2447 4237 2586 4289 τητα
2616 4223 2712 4293 τῆς
2742 4222 2884 4276 κατὰ
2936 4221 3169 4291 Χριστὸν
3219 4224 3465 4282 πίστεως
3501 4227 3875 4291 καταντήσας,
3901 4222 4033 4277 εἶδεν

2450 4314 2612 4378 εὐθὺς
2645 4317 2724 4378 είς
2754 4322 2844 4368 τὸν
2872 4317 3100 4384 οὐρανὸν
3129 4317 3239 4375 τοῖς
3269 4313 3380 4379 ἔξω
3408 4314 3522 4384 ἅμα
3561 4316 3655 4369 καὶ
3693 4319 3805 4378 τοῖς
3835 4317 4034 4368 ἔσωθεν

2452 4406 2757 4476 ὀφθαλμοῖς
2806 4408 3026 4460 καὶτὸν
3093 4393 3406 4461 καλέσαντα
3459 4404 3592 4463 Θεὸν
3652 4410 3759 4461 ἀπὸ
3791 4408 3888 4461 τοῦ
3941 4412 4033 4477 τῆς

2459 4499 2734 4562 ἀπωλείας
2767 4499 2991 4562 σκότους
3025 4501 3104 4561 είς
3129 4497 3190 4551 es
3231 4499 3440 4567 φέγγος
3477 4500 3575 4565 τῆς
3612 4498 3872 4566 ἀληθείας
3904 4502 4036 4570 μετά

2462 4593 2660 4662 πολλῆς
2691 4593 2904 4661 εὐλόγει
2954 4594 3053 4662 τῆς
3089 4593 3384 4659 εὐθυμίας,
3434 4591 3567 4644 Εἶτα
3601 4592 3698 4660 οὐχ
3728 4585 3843 4656 οἷός
3869 4609 3930 4645 τε
3963 4593 4032 4645 ὼν

2460 4675 2646 4757 φ’έρειν
2678 4688 2776 4758 τὴν
2809 4687 3027 4756 ἡδονὴν,
3067 4685 3144 4754 τῷ
3181 4686 3466 4757 πρεσδύτῃ
3515 4687 3801 4756 πρόσεισιν
3839 4685 4033 4754 Ἕρμου

2458 4779 2572 4847 λάῳ
2599 4781 2691 4831 καὶ
2724 4780 2783 4830 τὸ
2805 4777 3028 4845 γεγονὸς
3053 4776 3332 4848 ἐξηγεῖται
3359 4781 3458 4833 καὶ
3484 4780 3544 4832 τὸ
3573 4779 3714 4830 Θεῖον
3735 4779 3884 4828 αἰτεῖ
3907 4775 4034 4847 παρ’

2458 4870 2624 4924 αὑτοῦ
2655 4870 2956 4941 βάπτισμα.
2990 4869 3048 4923 Ὀ
3080 4871 3136 4922 δὲ
3169 4871 3305 4940 (ᾔδει
3335 4873 3445 4938 γὰρ
3468 4864 3580 4920 οἷον
3604 4868 3702 4938 οἴῳ
3724 4869 4034 4938 χαρίζεται)

2459 4964 2694 5035 ἄσμενος
2759 4964 2982 5036 ἀσμένῳ
3035 4963 3300 5031 ὑπηρετεῖ
3377 4964 3470 5014 καὶ
3509 4962 3638 5031 θείῳ
3691 4962 4036 5034 βαπτίσματι

2457 5060 2549 5112 τὸν
2586 5059 2683 5111 τοῦ
2721 5060 2898 5127 φωτὸς
2946 5059 3094 5122 ἀξιον
3128 5055 3349 5109 τελειοῖ.
3397 5055 3569 5109 Ἐπτά
3609 5056 3666 5106 δὲ
3717 5058 3937 5124 ἡμέρας
3966 5055 4038 5126 τῷ

2458 5154 2676 5223 γέροντι
2727 5151 3092 5220 παραμείνας,
3138 5152 3250 5212 τοῖς
3301 5148 3556 5216 ποτίμοις
3627 5146 3794 5200 αὐτοῦ
3863 5148 4038 5217 λόγοις

2457 5246 2682 5314 ἄρδεται
2732 5242 2830 5316 τὴν
2891 5242 3140 5314 καρδίαν,
3214 5239 3495 5294 πιαίνεται
3535 5241 3636 5306 τὴν
3682 5240 3887 5310 ψυχὴν,
3943 5244 4038 5308 τὴν

2457 5336 2664 5390 κοιλίαν
2701 5337 2962 5406 ποταμῶν
3018 5332 3175 5387 θείων
3235 5331 3492 5399 ἔμπλεως
3572 5330 3804 5398 γίνεται.
3857 5332 4040 5393 Οὕτως

2462 5429 2568 5482 ὑπὸ
2600 5425 2676 5496 τῷ
2708 5427 2902 5498 ἀγαθῷ
2954 5423 3229 5492 πνεύματι
3281 5421 3381 5491 ἔζη
3416 5420 3631 5483 πολλοῖς
3669 5421 3916 5490 ὠφέλεια
3949 5419 4040 5470 καὶ

2459 5519 2740 5590 φωτισμδς
2774 5515 3232 5586 συντηρούμενοςο
3271 5514 3490 5582 ἡμέρας
3530 5512 3586 5566 δὶ
3621 5513 3925 5582 γενομένης
3962 5510 4042 5576 61-

2455 5614 2605 5684 δύης,
2650 5609 3064 5679 καταλαμϐάνει
3098 5607 3233 5676 πρὸς
3265 5604 3360 5656 τὸν
3395 5607 3634 5674 πατέρα.
3669 5607 3779 5658 Καὶ
3811 5604 3901 5665 ὃς·
3936 5602 4039 5655 Ποῦ

2455 5703 2542 5778 ἧς,
2571 5706 2781 5767 τέκνον,
2807 5704 2904 5766 τὰς
2933 5702 3037 5773 πρὸ
3065 5699 3160 5750 τοῦ
3187 5698 3423 5767 ἡμέρας,
3446 5701 3632 5766 φησὶν,
3653 5697 3748 5748 καί
3777 5711 3842 5760 με
3878 5695 4041 5762 πολλῇ

2458 5797 2781 5871 περιὲῦαλες
2811 5796 2994 5866 ὀδύνῃ,
3021 5792 3094 5863 μή
3129 5789 3209 5843 σοί
3233 5809 3291 5843 τε
3322 5794 3434 5846 τῶν
3458 5791 3741 5858 ἀδοκήτων
3776 5786 4039 5855 συμϐαίη,

2473 5896 2531 5947 ’0
2564 5893 2647 5944 δέ’
2685 5892 2909 5960 Ἄνδρα,
2952 5888 3079 5959 ἔφη,
3121 5883 3229 5935 τῶν
3262 5884 3395 5950 περὶ
3451 5882 3518 5934 τὰ
3571 5879 3820 5948 βασίλεια
3858 5880 4045 5936 ὄντων,
