4180 6492
188 435 295 499 453

1320 430 1498 494 VITA
1537 430 1599 491 S.
1645 424 2310 488 PANTELEEMONIS.

3344 431 3452 495 454

183 547 323 617 νόσῳ
354 544 549 617 βαρείᾳ
588 543 1025 616 κατειλημμένον
1053 541 1454 615 περιοδεύοντες
1483 538 1625 614 ἦμεν
1649 538 1761 610 ἐγώ

1871 540 2016 611 gravi
2074 540 2268 596 morbo
2304 538 2662 603 laborantem,
2718 537 2951 610 profecti
2999 555 3218 598 eramus
3272 558 3374 616 ego
3404 556 3458 602 et

184 656 242 693 τε
277 640 372 693 καὶ
400 640 429 692 ὸ
463 637 815 702 διδάσκαλος·
845 639 939 691 καὶ
972 638 1095 692 ἐπεὶ
1123 635 1201 708 τῷ
1233 636 1453 708 βασιλεί
1477 628 1634 700 οὗτος
1666 652 1760 689 κε-

183 731 521 804 χαρισμένος
544 727 611 802 ἦν
647 732 742 785 καὶ
780 730 1061 801 φροντίδος
1092 730 1176 783 ὅτι
1212 730 1413 799 πολλῆς
1453 729 1626 794 ἄξιος,
1660 730 1763 783 οὐκ

180 819 248 894 ἦν
281 822 494 876 ἐκεῖθεν
530 823 663 891 ἡμῖν
696 821 756 874 τὸ
786 821 1085 890 ἀποστῆναι
1122 819 1325 892 ῥᾴδιον,
1363 820 1501 875 ἀλλά
1526 819 1763 874 διετελέ-

182 931 357 983 σαμεν
396 912 604 974 ταύτας
642 911 707 981 δὴ
745 912 843 973 τὰς
889 911 1033 964 ἑπτὰ
1069 910 1340 980 παρόντες
1389 911 1624 981 ἡμέρας.
1657 910 1762 974 ἕως

181 1005 435 1076 καθαρᾶς
467 1006 676 1066 ἐκεῖνος
719 1002 993 1056 ἀπέλαυσε
1049 1001 1280 1070 ὐγιείας.
1306 1002 1489 1056 Ταῦτα
1540 1001 1764 1070 εἴρηκεν

178 1098 241 1151 οὐ
278 1097 608 1166 φιλοψευδὴς
656 1093 752 1161 ὢν,
800 1094 918 1148 ἀλλ’
962 1094 1266 1162 οἰκονομῶν
1305 1096 1364 1146 ἐν
1407 1093 1588 1163 κρίσει
1636 1094 1764 1156 τοὺς

179 1188 374 1255 λόγους
402 1203 417 1219 ο
461 1187 580 1239 ἐστι
609 1190 718 1257 γὰρ
758 1187 847 1239 ὅτε
889 1187 980 1239 καὶ
1018 1185 1078 1239 τὸ
1108 1184 1302 1254 ψεῦδος
1352 1185 1719 1255 προτιμητέον
1746 1199 1763 1217 ο

181 1280 239 1332 οὐ
277 1278 425 1332 κατά
457 1296 512 1331 τι
538 1278 767 1346 φαῦλον,
796 1280 891 1330 καὶ
922 1276 1279 1346 ἀνελεύθερον
1306 1275 1764 1346 σπουδαζόμενον,

182 1371 319 1425 ἀλλὰ
343 1371 470 1423 κατ’
500 1369 821 1441 οἰκονομίαν
852 1369 1146 1439 ἐπαινετὴν
1199 1369 1692 1439 προσκρινόμενον.

253 1463 345 1531 cr.
369 1464 564 1535 Ταύτῃ
588 1481 672 1515 τοι
704 1463 796 1515 καὶ
826 1461 925 1533 τὴν
963 1460 1229 1516 ἐπιοῦσαν
1277 1462 1418 1534 πρὸς
1468 1464 1560 1516 τὸν
1615 1463 1767 1517 διδά-

189 1557 391 1609 σκαλον
424 1556 769 1622 Εὐφρόσυνον
804 1553 1062 1621 γεγονὼς,
1090 1557 1211 1610 ἐπεὶ
1235 1557 1483 1619 κάκεῖνος
1510 1556 1581 1608 τὰ
1605 1557 1766 1627 ὃμοια

183 1648 364 1717 ἤρετο,
384 1645 779 1716 παραπλησίαν
803 1645 1002 1699 δέδωκε
1020 1648 1114 1699 καὶ
1145 1647 1295 1717 αὐτῷ
1320 1648 1418 1716 τὴν
1441 1647 1763 1715 ἀπολογίαν.

190 1737 248 1789 '0
297 1737 508 1805 πατὴρ,
540 1737 737 1804 λέγων,
772 1739 943 1806 ἀγρὸν
986 1737 1237 1807 ὠνήσατο
1293 1738 1388 1790 καὶ
1422 1737 1613 1791 τοῦτον
1663 1737 1764 1808 ἐμὲ

180 1829 525 1899 παραλαϐεῖν
580 1829 992 1898 προσετρέψατο
1016 1846 1030 1860 ·
1060 1824 1228 1900 οὐπερ
1270 1830 1371 1882 οὐκ
1397 1825 1463 1900 ἦν
1516 1846 1606 1898 μοι
1633 1831 1767 1883 ἀπο-

182 1918 374 1987 στῆναι
406 1918 597 1988 σχολὴ,
620 1917 723 1982 ἓως
756 1923 932 1971 πάντα
972 1919 1042 1971 τὰ
1083 1920 1246 1972 αὐτοῦ
1282 1921 1556 1989 ἐπόψομαι
1596 1938 1766 1992 προσ-

180 2010 416 2078 εχὸντως
444 2050 460 2071 ,
492 2012 587 2061 καὶ
616 2006 693 2071 οἷς
738 2010 1021 2079 προσῆκον
1055 2011 1266 2063 ἐκείνου
1308 2011 1406 2079 τὴν
1442 2012 1765 2083 ἐπιμέλειαν

182 2103 496 2169 ὲγχειρίσω.
520 2101 721 2154 Πολλοῦ
748 2103 857 2170 γὰρ
888 2101 1038 2164 ἄξιος
1069 2094 1227 2165 οὗτος
1272 2103 1369 2154 καὶ
1412 2102 1587 2155 οὐδενὶ
1619 2103 1764 2170 ἄλλῳ

179 2197 484 2263 κτημάτων
521 2193 1027 2263 παραὸαλλύμενος.
1062 2192 1231 2245 Τοῦτο
1257 2193 1315 2246 δὲ
1350 2194 1507 2261 ἔλεγε
1552 2196 1649 2265 τὴν
1671 2194 1765 2247 τοῦ

181 2287 322 2338 θείου
358 2286 740 2355 βαπτίσματος
768 2285 1221 2354 ὐπαινιττόμενος
1255 2290 1439 2358 χάριν.
1476 2288 1680 2356 Ἔργον
1708 2289 1764 2340 δὲ

181 2379 421 2429 ἐποιεῖτο
460 2378 558 2429 καὶ
612 2377 731 2429 λίαν
785 2378 1043 2445 ἐπιμελὲς
1076 2380 1385 2447 ἀποστῆσαι
1419 2380 1519 2449 τῆς
1554 2380 1767 2450 πλάνης

180 2470 271 2523 τὸν
322 2470 545 2538 πατέρα
602 2469 767 2522 αὐτοῦ
810 2470 903 2523 καὶ
948 2471 1234 2523 συνθέσθαι
1268 2474 1336 2541 τῇ
1373 2471 1626 2543 εὐσεϐείᾳ
1662 2449 1769 2525 τέα.

188 2564 538 2633 ρασκειιάσαι
588 2562 746 2632 χρέος
798 2563 877 2614 ὅτι
939 2562 1173 2629 μάλιστα
1232 2563 1599 2616 δυσαπόδοτον
1636 2564 1758 2617 υἱοῦ

185 2658 318 2726 πρὸς
353 2657 572 2720 πατέρα
607 2656 705 2723 τῆς
747 2656 829 2716 είς
867 2654 927 2705 τὸ
957 2650 1096 2706 εἶναι
1126 2654 1371 2723 δηλονότι
1422 2659 1764 2727 παραγωγῆς

184 2749 487 2817 φιλοτίμως
522 2746 811 2799 ἀποδοῦναι
846 2747 1161 2809 σπουδάζων
1199 2749 1292 2800 καὶ
1322 2748 1412 2800 τὸν
1451 2750 1592 2802 κατά
1630 2752 1761 2822 σάρ-

182 2860 253 2895 κα
284 2841 630 2910 γεγενηκότα
673 2840 759 2893 διὰ
794 2839 1099 2908 πνεύματος
1155 2841 1519 2910 ἀναγεννῆσαι
1575 2841 1761 2911 pom-

186 2950 368 3005 μενος.
394 2935 559 2987 Ὅθεν
594 2935 653 2986 οὐ
676 2935 884 2987 διέλιπε
918 2934 1097 3002 σοφῶς
1131 2936 1295 2988 αὐτὸν
1331 2934 1517 2988 ὑπιὼν
1540 2935 1763 3001 πεύσεις

180 3044 239 3080 τε
288 3028 600 3097 προτείνων
644 3028 744 3080 οὐκ
801 3027 1055 3091 εὐλύτους
1103 3029 1201 3081 καὶ
1237 3027 1383 3081 οὕτω
1421 3030 1765 3082 διασαλεύειν

180 3120 277 3184 τὴν
310 3120 614 3188 θρησκείαν
634 3120 797 3171 αὐτοῦ
820 3122 1178 3186 πειρώμενος.
1200 3120 1263 3170 Τί
1284 3138 1411 3173 ποτε
1435 3122 1563 3191 γὰρ.
1585 3122 1760 3188 ἔλεγε,

1868 631 2146 703 magister,
2200 632 2543 702 etquoniam
2602 632 2648 687 is
2695 641 2812 688 erat
2870 642 3056 704 gratus
3115 636 3457 706 imperatori,

1867 734 1923 779 et
1976 725 2174 795 dignus
2219 725 2374 796 cujus
2417 740 2613 796 magna
2656 740 2786 781 cura
2834 738 3135 797 gereretur,
3184 745 3293 783 non
3340 740 3458 787 erat

1867 816 2091 870 omnino
2124 815 2281 871 facile
2311 816 2467 871 nobis
2500 816 2650 870 illinc
2698 817 2981 885 recedere,
3012 819 3107 873 sed
3164 830 3459 889 perpetuos

1866 913 2074 973 septem
2100 903 2217 958 dies
2247 902 2356 958 illic
2395 903 2597 959 fuimus
2628 914 2949 973 praesentes,
2972 905 3149 961 donec
3179 906 3268 961 ille
3307 909 3459 962 sani-

1869 1005 2031 1051 tatem
2058 1012 2246 1066 puram
2277 1006 2360 1051 est
2384 1006 2732 1051 consecutus.
2770 998 2897 1053 Hac
2926 998 3083 1062 dixit,
3128 1015 3238 1054 non
3266 1000 3459 1056 dicens

1866 1089 2234 1155 mendacium,
2306 1090 2402 1143 sed
2470 1090 2696 1159 mystice
2777 1092 2945 1146 verba
3019 1092 3344 1160 dispensans
3402 1096 3459 1147 in

1863 1177 2071 1247 judicio
2102 1178 2440 1244 meononiix,
2488 1193 2601 1234 non
2660 1189 2842 1235 autem
2891 1179 3021 1237 mali
3074 1181 3301 1251 alicujus
3325 1196 3461 1237 con-

1866 1269 1975 1325 silii
1997 1285 2184 1325 causa.

1935 1457 2025 1513 Vl.
2057 1457 2248 1513 ltidem
2284 1473 2405 1513 cum
2464 1458 2714 1529 sequenti
2766 1474 2984 1530 quoque
3012 1460 3103 1516 die
3131 1460 3371 1516 venisset
3395 1463 3461 1518 ad

1866 1550 2185 1619 magistrum
2252 1550 2671 1622 Eupbrosynum
2742 1553 3024 1623 (quoniam
3087 1553 3176 1608 ille
3244 1570 3464 1624 quoque

1864 1640 2055 1695 eadem
2088 1641 2488 1711 interregavit),
2521 1641 2588 1695 ad
2643 1656 2769 1696 eum
2805 1643 2966 1697 simili
3004 1660 3133 1698 usus
3182 1652 3266 1699 est
3300 1660 3465 1700 excu-

1866 1736 2128 1789 satione:
2177 1733 2359 1798 Pater,
2428 1735 2640 1800 dicens,
2697 1737 2831 1790 emit
2886 1746 3158 1807 agrum,et
3214 1754 3300 1793 me
3340 1754 3464 1793 eum

1865 1826 2027 1894 jussit
2074 1825 2342 1896 accipere,
2384 1841 2414 1879 a
2455 1841 2563 1896 quo
2602 1840 2713 1882 non
2751 1836 2836 1882 est
2870 1828 3001 1883 mibi
3062 1832 3234 1884 etiam
3286 1832 3466 1885 disce-

1870 1918 2055 1985 dendi,
2103 1920 2275 1974 donec
2303 1920 2423 1989 ejus
2462 1919 2643 1975 omnia
2686 1930 2907 1975 attente
2956 1921 3246 1990 inspexero
3273 1963 3288 1987 ,
3317 1932 3371 1977 et
3399 1925 3466 1978 iis

1868 2010 2066 2080 quibus
2120 2021 2358 2079 Oportet,
2397 2026 2584 2065 curam
2651 2012 2798 2066 illius
2850 2012 3139 2069 tradidero.
3180 2009 3277 2068 Est
3314 2015 3463 2069 enim

1868 2105 2044 2175 magni
2077 2103 2235 2173 pretii
2265 2120 2279 2169 ;
2314 2112 2366 2159 et
2398 2104 2488 2173 qui
2525 2119 2647 2158 cum
2679 2105 2827 2158 nulla
2858 2108 2962 2161 alia
2989 2117 3166 2176 potest
3224 2107 3466 2165 conferri

1868 2200 2235 2268 possessione.
2302 2195 2416 2251 lloc
2473 2213 2604 2252 vero
2669 2198 2909 2263 dicebat,
2999 2202 3161 2255 tacite
3226 2206 3466 2260 innitens

1866 2291 2094 2360 gratiam
2136 2292 2320 2344 divini
2360 2292 2726 2362 baptismatis.
2753 2292 2921 2346 l‘orro
2971 2302 3153 2348 autem
3204 2310 3462 2364 magnum

1865 2384 2155 2440 adhibebat
2216 2386 2455 2438 Studium
2517 2394 2573 2440 et
2625 2386 2985 2454 diligentiam,
3042 2400 3099 2442 ut
3154 2400 3362 2459 patrem
3394 2390 3464 2444 ab

1866 2491 2051 2529 errore
2081 2477 2394 2541 abduceret,
2428 2486 2478 2531 et
2515 2478 2774 2539 efﬁceret,
2807 2490 2865 2533 ut
2922 2481 3111 2550 pietati
3163 2486 3465 2537 assentire-

1869 2573 1976 2631 tur,
2018 2582 2142 2622 eum
2199 2572 2289 2637 qui
2328 2569 2502 2638 ipsum
2533 2582 2802 2640 genuerat
2846 2573 3148 2626 secundum
3216 2588 3453 2643 carnem,

1868 2658 1982 2728 ipse
2012 2676 2107 2728 per
2164 2659 2415 2730 spiritum
2468 2661 2695 2715 studens
2748 2677 3091 2733 regenerare.
3140 2663 3260 2730 Quo
3316 2668 3461 2720 circa

1876 2764 2154 2818 nunquam
2211 2752 2450 2805 cessavit
2505 2752 2680 2822 ipsum
2757 2755 3035 2821 sapienter
3117 2757 3355 2825 aggredi,
3407 2764 3463 2809 et

1866 2853 2169 2909 proponere
2233 2842 2711 2914 interrogationes,
2780 2861 2899 2914 qua:
2930 2861 3037 2900 non
3103 2846 3261 2902 facile
3323 2848 3461 2903 solvi

1866 2944 2109 3001 possent,
2160 2945 2213 2989 et
2240 2935 2320 2988 sic
2367 2935 2485 3005 ejus
2536 2936 2591 2989 in
2622 2936 2785 2990 falsos
2832 2938 2964 2991 deos
3016 2941 3461 3007 superstitionem

1867 3028 2051 3078 conari
2104 3027 2422 3081 dissolvere.
2448 3026 2691 3091 Quanam
2730 3028 2875 3083 enim
2906 3030 2973 3084 de
3011 3046 3195 3094 causa,
3223 3030 3459 3095 dicebat.

1868 3131 1900 3169 ο
1930 3126 2103 3185 pater,
2147 3118 2238 3184 qui
2271 3122 2338 3169 ab
2374 3118 2536 3171 initio
2572 3120 2793 3187 quidem
2838 3121 3072 3184 stabant,
3103 3136 3249 3174 nunc
3283 3123 3462 3176 adhuc

181 3215 227 3264 οί
258 3213 395 3272 θεοὶ,
460 3213 657 3277 πάτερ,
680 3210 728 3262 οἱ
778 3214 876 3277 μὲν
935 3210 993 3272 ἐξ
1037 3213 1207 3279 ἀρχῆς
1247 3213 1526 3277 ἱστάμενοι
1559 3215 1638 3265 ἔτι
1672 3217 1764 3267 καὶ

1876 3217 2046 3275 stant,
2123 3208 2344 3262 sedendi
2410 3224 2687 3279 nunquam
2753 3213 3062 3266 memores?
3130 3213 3461 3283 Quicunque

182 3305 277 3361 νῦν
318 3304 597 3367 ἵστανται,
626 3302 894 3373 μηδέποτε
917 3302 1185 3373 καθέδρας
1218 3304 1547 3372 μνησθέντες
1571 3324 1585 3370 ;
1612 3306 1765 3359 Ὅσοι

180 3399 235 3453 ει
290 3400 568 3469 κάθηνται
608 3398 791 3465 πάλιν,
837 3397 981 3451 οὕτω
1011 3398 1099 3451 δια
1149 3400 1353 3461 παντὸς
1407 3400 1628 3467 μένουσι
1674 3398 1769 3450 καὶ

181 3492 447 3545 οὐδεποτε
482 3490 745 3563 ὦᾳοησαν
801 3490 1166 3553 ἀναστάντεςς
1202 3489 1420 3541 Τούτων
1454 3492 1547 3542 καὶ
1591 3490 1768 3542 ἄλλων

182 3585 396 3654 ὁμοίων
444 3588 471 3635 ὁ
504 3585 687 3652 πατὴρ
746 3582 1005 3643 ἀκούσας,
1035 3584 1255 3643 ἀπόρως
1321 3578 1434 3651 εἶχε
1489 3584 1623 3653 πρὸς
1671 3582 1769 3649 τὴν

186 3676 442 3727 ἐπίλυσιν
475 3678 568 3725 καί
597 3674 696 3743 ηδη
728 3674 859 3743 περὶ
890 3672 1016 3733 τοὺς
1062 3674 1257 3734 αὐτοὺς
1301 3673 1639 3724 διεσέσειστο
1675 3676 1769 3726 καὶ

186 3765 513 3835 ὑπόψυχρος
552 3759 643 3834 ἦν,
697 3765 835 3833 ὅπερ
868 3770 894 3814 ο
921 3762 1237 3814 Παντολέων
1267 3761 1409 3831 ὀρῶν
1460 3762 1768 3827 ὲμεγάλυνε

185 3858 278 3910 τοῦ
311 3856 558 3929 Χριστοῦ
590 3855 648 3907 τὸ
681 3855 855 3924 ὄνομα
896 3853 991 3907 καὶ
1039 3854 1265 3923 χάριτας
1298 3850 1446 3923 αὐτῷ
1479 3852 1766 3921 ὡμολόγει,

185 3950 266 4001 ὃτι
291 3954 437 4010 τὲως
470 3947 600 4015 γοῦν
633 3945 1008 4009 ὲπιδοιάξοντα
1039 3944 1202 4015 ἔθηκε
1241 3945 1335 3996 τὸν
1361 3944 1523 3996 αὐτοῦ
1556 3948 1769 4015 πατέρα

185 4042 283 4093 καὶ
322 4035 376 4105 (ὅ
413 4056 580 4106 φησιν
624 4037 783 4105 Ὠσηὲ
814 4040 841 4087 ὀ
866 4036 1027 4102 θεῖος)
1052 4037 1345 4104 μερίζοντα
1372 4037 1620 4104 καρδίαν,
1645 4036 1771 4089 ὅθεν

185 4130 310 4182 οὐδὲ
344 4126 575 4195 ἑώρακα
598 4126 664 4177 τά
689 4125 787 4196 τὴν
813 4124 1187 4192 προλαϐοῦσαν
1217 4125 1506 4197 συνήθειαν
1530 4127 1771 4197 δαψιλῶς

186 4222 350 4275 αὐτὸν
387 4221 792 4290 προσφέροντα,
808 4218 904 4282 τὰς
939 4217 1150 4279 θυσίας.

258 4315 336 4371 τ’.
367 4314 660 4383 Βουληθεὶς
686 4310 778 4366 οὖν
808 4313 903 4381 τὴν
931 4313 1154 4383 πρώτην
1174 4312 1463 4381 συντρίψαι
1498 4314 1590 4365 καὶ
1634 4312 1772 4366 καθ-

187 4412 329 4465 ελεῖν
373 4412 446 4463 τὰ
482 4408 577 4461 τοῦ
627 4408 835 4479 πατρὸς
889 4408 1084 4459 εἴδωλα
1139 4407 1310 4459 πολλὰ
1342 4407 1472 4460 ὄντα
1510 4407 1660 4476 παρὰ
1692 4406 1771 4477 τῷ

187 4502 357 4562 αὑτοῦ
388 4501 633 4565 κοιτῶνι,
661 4503 884 4568 ἐπέσχε,
904 4500 979 4569 μὴ
1031 4500 1363 4569 παροργίσαι
1404 4499 1725 4569 βουλόμενος
1752 4514 1768 4531 ο

1880 3313 2063 3355 autem
2091 3318 2278 3357 rursus
2312 3302 2524 3366 sedent,
2558 3304 2635 3356 sic
2662 3312 2884 3357 manent
2920 3314 3203 3373 perpetuo,
3236 3316 3293 3359 et
3322 3320 3456 3360 num

1876 3408 2033 3461 quam
2056 3396 2153 3447 risi
2180 3410 2401 3463 surgere
2422 3397 2444 3447 ?
2464 3396 2587 3448 Haec
2611 3406 2664 3450 et
2689 3397 2787 3450 alia
2814 3393 3009 3451 similia
3034 3410 3183 3467 pater
3209 3398 3457 3461 audiens,

1883 3479 2167 3541 haesitabat
2200 3486 2256 3539 in
2292 3502 2478 3540 eorum
2512 3487 2801 3551 solutione,
2828 3499 2882 3541 et
2907 3489 3017 3557 jam
3052 3492 3108 3541 in
3138 3504 3235 3542 sua
3260 3490 3328 3544 de
3357 3490 3462 3546 diis

1879 3579 2136 3648 Opinione
2202 3580 2531 3642 labescebat,
2572 3588 2629 3635 et
2685 3588 2803 3633 erat
2855 3579 3108 3649 ancipitis
3147 3580 3459 3636 sententias.

1878 3672 2031 3739 Quod
2058 3673 2275 3742 quidem
2303 3673 2494 3725 videns
2530 3672 2848 3733 Pantaleon,
2878 3669 3073 3726 Christi
3116 3688 3313 3727 nomen
3341 3688 3461 3727 ma~

1878 3766 1998 3836 gnis
2029 3766 2276 3820 laudibus
2302 3765 2582 3829 elIerebat,
2601 3772 2659 3816 et
2690 3776 2912 3834 magnas
2942 3764 2988 3817 ei
3021 3764 3211 3834 agebat
3239 3762 3456 3834 gratias.

1877 3857 2021 3925 quod
2059 3866 2264 3923 patrem
2299 3868 2457 3906 suum
2505 3854 2697 3905 saltem
2744 3850 3068 3906 reddidisset
3100 3852 3457 3915 dubitantem,

1878 3958 1934 4003 et
1968 3948 2131 4018 (quod
2162 3946 2379 4001 divinus
2403 3946 2481 3999 ait
2507 3942 2678 4000 Oseas
2706 3947 2749 4017 ')
2781 3959 2877 3999 cor
2916 3945 3271 3997 dividentem.
3305 3943 3448 4008 Quov

1878 4044 2022 4098 circa
2072 4058 2175 4097 nec
2223 4056 2347 4096 eum
2411 4040 2646 4103 videbat,
2674 4046 2736 4092 ut
2783 4037 3014 4106 solebat,
3070 4036 3459 4108 lrequentiaet

1877 4136 2083 4206 optima
2111 4134 2431 4188 oil‘erentem
2462 4132 2751 4188 sacriﬁcia.

1965 4320 2071 4376 νει.
2146 4321 2280 4380 Cum
2329 4321 2508 4390 itaque
2557 4319 2733 4389 primo
2780 4316 3044 4372 voluisset
3073 4325 3357 4374 conterere
3402 4326 3459 4371 et

1877 4414 2157 4469 destruere
2212 4414 2383 4483 patris
2415 4411 2722 4474 simulacra,
2764 4425 2883 4476 qua:
2915 4410 2967 4463 in
3026 4410 3148 4481 ejus
3201 4409 3456 4465 cubiculo

1880 4517 2035 4565 erant
2066 4506 2257 4564 multa,
2289 4517 2347 4556 se
2382 4501 2673 4557 continuit.
2706 4504 2755 4556 ls
2776 4502 2920 4556 enim
2956 4502 3222 4555 honorare
3245 4510 3453 4570 patrem

191 4593 399 4647 πολλοῦ
443 4595 557 4660 γὰρ
593 4590 756 4659 ἐτίμα
801 4591 863 4641 τὸ
898 4592 1112 4659 πατέρα
1143 4592 1329 4661 τιμᾷν.
1366 4592 1557 4658 Ἔλεγε
1592 4592 1766 4653 δὲ,ὄτι

1879 4600 2056 4671 magni
2090 4594 2569 4653 faciebat.l)iccbat
2591 4594 2736 4647 enim
2763 4605 2778 4651 :
2808 4591 2920 4663 Ego
2945 4608 3071 4647 eum
3095 4593 3273 4661 potius
3292 4593 3453 4646 indu-

188 4686 373 4739 πειθοῖ
430 4682 635 4753 μᾶλλον
693 4680 857 4735 αὐτὸν
910 4683 1182 4750 ἐπάξομαι
1234 4685 1328 4734 καὶ
1369 4685 1644 4754 ἐπιεικείᾳ
1695 4685 1772 4752 τῷ

185 4776 417 4847 Χριστῷ
485 4773 800 4838 πιστεῦσαι,
846 4776 939 4828 καὶ
985 4772 1156 4837 οὓτως
1209 4772 1533 4844 ἀμφοτέροις
1595 4773 1768 4837 ἔσται,

184 4870 367 4923 ταῦτα
395 4867 752 4922 καταϐαλεῖν.
772 4870 868 4919 Διὰ
894 4866 1054 4919 τοῦτο
1087 4865 1181 4918 καὶ
1205 4867 1233 4917 ὁ
1261 4869 1358 4936 τὴν
1383 4866 1604 4937 ἐντολὴν
1649 4866 1772 4930 δοὺς

187 4963 413 5030 πατέρα
450 4962 642 5031 τιμᾷν,
670 4958 769 5028 τῆς
798 4957 1001 5026 πολλῆς
1019 4958 1222 5027 ταύτης
1252 4957 1539 5021 εὐλαϐείας
1564 4960 1772 5012 ἐκεῖνον

184 5052 653 5120 ἀποδειξάμενος,
699 5049 957 5120 ἀφορμὴν
1041 5051 1315 5120 παρέσχεν
1368 5049 1703 5119 ἐπιτηδείαν,
1734 5051 1768 5120 ἦ

186 5149 279 5199 καὶ
311 5146 409 5199 τὸν
444 5140 613 5195 αὐτοῦ
644 5145 860 5208 πατέρα
892 5140 1109 5212 ὁμαλῶς
1144 5140 1289 5193 οὕτω
1331 5142 1426 5194 καὶ
1455 5143 1635 5210 ἠπίως
1679 5158 1771 5193 stt-

187 5237 424 5291 στεῦσαι
454 5234 748 5303 πεποίηκε,
768 5235 1021 5286 κάκεῖνον
1040 5232 1234 5288 ἑαυτοῦ
1254 5233 1447 5302 μισθοῦ
1466 5234 1591 5286 ὅσου
1605 5236 1768 5287 κατέ-

185 5345 358 5401 στησε
390 5326 678 5396 πρόξενον.
702 5323 886 5378 Ταῦτα
916 5326 1025 5395 γὰρ
1055 5324 1426 5396 ὲνθυμωμένῳ
1458 5326 1536 5393 τῷ
1567 5327 1767 5379 Παντο-

185 5423 366 5477 λέοντι
394 5418 799 5490 προσέρχονταί
837 5434 981 5479 τινες
1022 5419 1536 5490 χειραγωγούμενον
1570 5420 1767 5486 τυφλὸν

185 5514 554 5583 ἐπαγόμενοι.
589 5512 870 5581 Κόψαντες
912 5506 1005 5565 οὖν
1039 5512 1138 5582 τὴν
1190 5511 1381 5581 θύραν,
1407 5510 1768 5566 ἐπυνθάνοντο

184 5610 232 5661 εί
256 5586 456 5679 παρὼν
488 5605 576 5673 εἴη
611 5605 924 5659 Παντολέων
951 5622 977 5658 ο
1006 5604 1205 5674 ἰατρός.
1232 5606 1511 5666 Μαθόντες
1536 5606 1590 5656 δὲ
1624 5620 1767 5673 παρ-

182 5706 343 5771 εἶναι,
394 5702 747 5772 προσέμενον
786 5717 800 5732 ο
841 5699 1021 5764 καὶςός
1067 5698 1328 5766 ἀκούσας,
1378 5699 1513 5770 μετά
1563 5698 1765 5768 πολλῆς

252 5865 272 5895 ’
303 5861 454 5921 Osee
489 5877 548 5922 κ.
582 5861 637 5915 2.

1875 4707 1995 4747 cam
2028 4687 2399 4757 persuasione,
2434 4685 2764 4751 lenitateque
2792 4692 2847 4735 et
2887 4682 3302 4739 mansuetudine
3337 4681 3454 4736 ειη.

1874 4784 2037 4842 ciam,
2071 4788 2127 4831 ut
2162 4775 2380 4829 Christo
2409 4773 2595 4827 credat
2630 4790 2643 4827 :
2678 4784 2735 4827 et
2756 4774 2835 4828 sic
2882 4772 3145 4828 ambobus
3176 4788 3239 4827 ea
3269 4772 3453 4834 licebit

1874 4873 2132 4943 dejicere.
2163 4870 2230 4925 Et
2256 4868 2377 4922 ideo
2407 4866 2474 4929 is,
2512 4867 2601 4934 qui
2634 4878 2840 4936 patrem
2865 4869 3124 4938 pracepit
3160 4867 3449 4932 honorare,

1878 4966 2024 5021 illius
2060 4978 2305 5033 magnam
2350 4961 2686 5030 amplectens
2722 4959 2976 5028 pietatem
3009 4970 3188 5029 aptam
3224 4962 3454 5030 prabuit

1875 5058 2241 5117 occasionem,
2270 5069 2391 5122 quae
2423 5053 2570 5115 fecit,
2595 5063 2653 5107 ut
2679 5054 2796 5122 ejus
2819 5062 2969 5123 pater
2992 5050 3148 5119 plane
3170 5058 3223 5104 et
3240 5050 3447 5120 placide

1870 5151 2119 5208 crederet
2149 5167 2160 5201 :
2192 5156 2246 5201 et
2276 5145 2607 5216 procuravit,
2627 5154 2685 5199 ut
2713 5145 2802 5198 ille
2832 5158 3081 5213 magnam
3107 5142 3207 5198 sibi
3236 5154 3457 5210 parare:

1881 5240 2207 5293 mercedem.
2246 5236 2371 5289 llaec
2396 5250 2517 5289 cum
2550 5232 3152 5302 cogitaretPantoleon,
3185 5233 3450 5287 accedunt

1878 5330 2118 5401 quidam,
2156 5343 2379 5390 caecum,
2407 5327 2498 5397 qui
2524 5341 2686 5380 manu
2722 5326 3031 5393 deducitur,
3066 5325 3397 5381 adducentes
3430 5344 3443 5384 :

1875 5426 2009 5479 Cum
2039 5424 2184 5478 fores
2218 5431 2399 5476 autem
2429 5421 2759 5490 pulsassent,
2806 5421 3065 5489 rogabant
3117 5434 3187 5473 an
3231 5421 3449 5474 adesset

1877 5513 2171 5568 Pantaleon
2207 5513 2467 5567 medicus.
2496 5510 2634 5565 Cum
2665 5526 2793 5565 vero
2817 5511 3007 5566 adesse
3035 5511 3446 5579 intellexissent,

1872 5606 2276 5676 csSpcctabant.
2307 5604 2399 5658 Ille
2427 5613 2605 5660 autem
2641 5619 2763 5660 cum
2794 5602 3075 5668 audiisset,
3114 5620 3235 5660 cum
3271 5607 3447 5660 maxi-

1874 5714 1961 5753 mo
2024 5698 2204 5751 studio
2253 5695 2550 5767 egreditur,
2606 5706 2811 5768 patrem
2861 5712 3077 5769 quoque
3096 5698 3255 5755 simul
3292 5712 3447 5754 assu-
