4180 6482
706 411 816 482 455

2027 409 2307 475 MENSIS
2346 411 2638 473 IULIUS.

3867 414 3970 476 456

710 540 886 581 mens.
917 524 1047 578 Cum
1078 531 1254 577 autem
1301 522 1522 577 \idisset
1549 538 1774 590 cmcum,
1806 525 2013 595 rogavit
2067 539 2303 593 quonam

2419 522 2552 592 ἐξῄει
2582 523 2678 591 τῆς
2704 521 2959 592 σπουδῆς,
2985 522 3320 592 παραλαϐὼν
3352 524 3465 593 ἄμα
3511 525 3600 577 καὶ
3637 527 3725 578 τὸν
3750 529 3984 598 πατέρα,

708 631 847 687 opus
913 616 1160 670 haberet.
1215 615 1310 669 Ille
1362 631 1489 669 vero
1523 635 1534 668 :
1574 615 1739 679 Luce,
1789 617 1984 686 inquit,
2035 633 2139 687 qua
2180 632 2302 670 sum

710 710 975 778 privatus,
1030 718 1084 762 et
1133 722 1237 777 qua
1287 707 1423 760 nihil
1483 717 1565 762 est
1619 706 1933 765 hominibus
1984 709 2301 777 jucundius.

709 800 1076 856 Misericordia
1111 816 1237 872 ergo
1271 811 1454 855 motus
1511 816 1645 854 mea:
1697 802 2044 866 calamitatis,
2089 803 2177 868 da,
2235 819 2304 856 ne

711 893 791 946 sic
849 892 1022 945 vivam
1084 891 1424 960 imperfecte,
1479 903 1532 946 et
1583 893 1745 946 veluti
1776 909 1842 947 ex
1899 895 2171 949 dimidio:
2210 895 2305 948 sed

713 984 920 1036 videam
954 983 1141 1045 solem,
1180 985 1389 1037 videam
1426 984 1643 1038 malum.
1674 983 1806 1038 Nam
1848 1000 1947 1038 nos
1977 985 2194 1053 quidem
2227 987 2306 1042 sic

712 1074 979 1136 viventes,
1008 1072 1146 1125 nihil
1171 1072 1482 1127 diﬂ'erlmus
1518 1074 1585 1127 ab
1617 1073 1680 1126 iis
1707 1075 1797 1142 qui
1825 1081 1952 1126 sunt
1988 1074 2130 1143 apud
2172 1076 2308 1127 inie-

717 1179 828 1220 ros.
887 1165 1107 1218 Etcum
1177 1164 1464 1220 facultates
1520 1181 1711 1220 omnes
1772 1165 1999 1220 medicis
2060 1167 2310 1236 przebue-

716 1258 910 1319 rimus,
962 1258 1237 1312 modicum
1269 1273 1485 1338 quoque
1535 1259 1742 1325 lumen,
1797 1260 1941 1328 quod
1993 1268 2109 1313 erat
2156 1259 2310 1314 nobis

718 1349 1012 1419 reliquum,
1070 1350 1353 1404 amisimus
1387 1369 1399 1405 :
1433 1351 1536 1404 hoc
1599 1351 1773 1404 solum
1803 1366 1834 1404 a
1867 1351 2140 1419 praeclaris
2206 1351 2310 1404 illis

719 1442 945 1495 medicis
972 1442 1232 1504 assecuti,
1259 1442 1404 1510 quod
1431 1458 1554 1498 cum
1612 1441 1959 1497 facultatibus
1997 1443 2116 1496 luce
2171 1457 2311 1511 quo-

718 1550 823 1604 que
853 1536 1024 1589 simus
1082 1536 1302 1604 privati.
1363 1534 1661 1589 Pantoleon
1719 1544 1898 1588 autem
1937 1554 1946 1587 :
1979 1534 2113 1588 Cum
2166 1535 2309 1598 aliis,

719 1624 918 1693 inquit,
950 1624 1175 1678 medicis
1207 1635 1328 1679 tuas
1358 1625 1573 1678 dederis
1637 1625 1943 1688 facultates,
1993 1635 2049 1680 et
2104 1627 2310 1680 nullam

720 1719 996 1784 acceperis
1022 1717 1330 1780 utilitatem,
1359 1718 1402 1770 si
1431 1733 1618 1772 rursus
1656 1719 1957 1786 aspexeris,
1989 1718 2119 1786 quid
2176 1719 2312 1772 mihi

721 1807 911 1863 dabis?
941 1808 1035 1861 Ille
1067 1822 1196 1862 vero
1228 1825 1244 1861 :
1273 1809 1402 1873 Qum
1439 1821 1583 1873 sunt,
1615 1809 1811 1877 inquit,
1846 1808 2051 1878 reliqua
2083 1824 2148 1863 ex
2180 1811 2316 1864 meis

720 1899 1092 1964 facultatibus,
1145 1901 1423 1954 exsolvam
1469 1909 1721 1971 prompto
1769 1908 1825 1954 et
1872 1901 2038 1956 alacri
2110 1903 2312 1956 animo.

724 1987 928 2043 Deinde
978 1989 1273 2044 Pantoleon
1307 2005 1322 2042 ι
1360 1991 1568 2044 Donum
1623 1990 1865 2061 quidem,
1924 1993 2120 2063 inquit,
2177 1996 2317 2050 lucis

721 2096 819 2150 per
845 2097 944 2135 nos
973 2082 1067 2136 tibi
1094 2083 1241 2138 dabit
1295 2085 1452 2138 Pater
1486 2082 1757 2139 luminum
1795 2105 1807 2141 :
1837 2096 1893 2140 tu
1946 2096 2147 2150 autem,
2197 2104 2317 2157 quae

723 2173 853 2227 mihi
888 2189 947 2228 es
975 2175 1271 2243 pollicitus,
1303 2177 1459 2233 vade.
1491 2189 1546 2230 et
1570 2176 1633 2230 da
1663 2179 2013 2247 pauperibus.

793 2266 932 2319 Vlll.
997 2266 1119 2322 Haec
1160 2284 1284 2322 cum
1349 2269 1610 2324 audiisset
1657 2280 1828 2340 pater.
1885 2287 2008 2325 eum
2061 2288 2089 2326 a
2138 2283 2318 2344 erepto

723 2357 1022 2414 abducebat
1057 2378 1070 2413 :
1118 2359 1259 2427 Noli,
1294 2363 1503 2429 dicens,
1527 2379 1558 2416 ο
1581 2363 1925 2429 cbarissime,
1959 2381 2027 2418 ne
2066 2374 2123 2418 tu
2152 2367 2315 2418 etiam

723 2449 1021 2505 irridearis.
1054 2452 1195 2517 Quid
1248 2456 1394 2508 enim
1447 2457 1569 2524 plus
1620 2457 1843 2525 poteris,
1895 2471 2055 2524 quam
2109 2458 2316 2526 priores

721 2542 964 2598 medici?
1009 2544 1308 2600 Pantaleon
1369 2556 1550 2601 autem
1593 2546 1825 2615 :Nemo,
1875 2549 2068 2618 inquit,
2111 2565 2173 2603 ex
2201 2551 2318 2604 aliis

723 2637 952 2690 medicis
982 2637 1084 2690 scit
1136 2638 1282 2692 hunc
1329 2639 1604 2694 hominem
1642 2649 1894 2705 tractare,
1942 2651 2001 2695 ut
2047 2656 2146 2712 ego
2194 2658 2314 2696 sum

726 2738 1078 2785 tractaturus.
1103 2729 1328 2784 Multum
1355 2732 1502 2783 enim
1535 2731 1759 2785 interest
1796 2734 1940 2786 inter
1965 2749 2078 2800 eos,
2108 2745 2162 2789 et
2190 2751 2314 2789 eum

725 2820 818 2889 qui
852 2836 953 2874 nos
975 2822 1180 2875 docuit.
1211 2821 1346 2876 Cum
1375 2831 1618 2892 putasset
1651 2831 1832 2879 autem
1865 2836 2019 2896 pater
2049 2841 2172 2880 eum
2205 2828 2318 2880 haec

727 2911 927 2966 dixisse
951 2912 1018 2966 de
1046 2912 1446 2984 Euphrosyno;
1490 2915 1640 2969 illum
1666 2931 1907 2984 quoque,
1965 2915 2167 2984 inquit,
2218 2917 2315 2981 ﬁli,

724 3004 886 3057 audio
909 3005 964 3057 in
992 3004 1093 3060 hoc
1125 3007 1368 3060 curando
1400 3021 1555 3061 suam
1597 3006 1913 3061 adhibuisse
1949 3007 2308 3077 diligentiam,

725 3099 781 3146 et
839 3091 975 3144 nihil
997 3094 1314 3162 profecisse.
1351 3095 1648 3151 Pantaleon
1695 3112 1824 3152 vero
1857 3114 1872 3152 :
1903 3098 2186 3169 Exspecta,
2229 3102 2316 3155 in-

2417 614 2561 668 Ἰδὼν
2591 609 2684 667 οὖν
2719 615 2806 667 τὸν
2846 615 3049 682 τυφλὸν
3106 616 3228 667 ὅτου
3290 615 3461 668 δέοιτο
3492 616 3774 684 ἐπηρώτα.
3811 617 3872 671 'O
3896 617 3986 670 δέ·

2406 699 2479 758 Οὖ
2508 705 2811 777 ἐστέρημαι
2844 707 3041 772 φωτὸς,
3088 705 3259 774 ἔλεγε,
3286 711 3382 758 καὶ
3412 700 3472 758 οὗ
3505 709 3669 776 μηδὲν
3699 709 3856 778 ἣδιον
3903 710 3994 770 ἀντ

2408 796 2644 866 θρώποις
2673 814 2688 828 ·
2715 797 2860 849 ἔλεον
2885 799 3065 850 τοίνυν
3097 797 3277 851 λαϐὼν
3311 816 3414 867 μου
3447 803 3548 869 τῆς
3581 803 3890 869 συμφορᾶς,
3911 800 3992 862 δὸς

2407 889 2547 944 οὓτω
2584 891 2659 960 μὴ
2687 891 2894 953 ἀτελῶς
2929 891 3027 959 ζῇν
3056 893 3148 944 καὶ
3177 885 3287 944 οἷον
3330 891 3388 955 ἐξ
3413 893 3691 961 ἡμισείας,
3710 894 3831 945 ἀλλ’
3861 895 3993 964 ὁρᾷν

2407 983 2580 1052 ἣλιον,
2614 983 2687 1045 ὠς
2713 983 2807 1036 νῦν
2841 998 2899 1050 γε
2929 983 3081 1034 οὐδὲν
3111 983 3310 1045 ζῶντες
3341 986 3501 1054 ἡμεῖς
3523 985 3631 1036 τῶν
3656 986 3711 1035 ὲν
3734 984 3839 1057 ᾄδῃ
3861 985 3997 1036 διεν-

2408 1076 2706 1144 ηνόχαμεν.
2735 1075 2919 1128 Πάντα
2974 1073 3083 1144 γὰρ
3115 1075 3183 1128 τὰ
3217 1075 3346 1126 ὄντα
3385 1077 3591 1147 ἰατροῖς
3618 1077 3997 1147 παρασχόντες

2409 1167 2502 1220 καὶ
2535 1167 2569 1235 ἢ
2605 1168 2949 1236 περιελίττετο
2991 1167 3192 1236 μᾶλλον
3256 1167 3484 1236 μετρίαν
3522 1169 3694 1237 αὐγὴν
3722 1169 3996 1220 ἀπολέσα-

2413 1277 2534 1330 μεν.
2555 1258 2728 1311 Τοῦτο
2755 1259 2864 1310 τῶν
2899 1260 3080 1311 καλῶν
3128 1259 3354 1312 ἐκείνων
3408 1261 3612 1330 ἰατρῶν
3655 1263 3996 1328 ἀπονὰμενοι

2410 1352 2470 1404 τὸ
2516 1351 2845 1420 στερηθῆναι
2887 1355 2984 1420 τῆς
3036 1351 3229 1413 οὐσίας
3294 1352 3432 1420 μετά
3466 1352 3558 1403 τοῦ
3612 1352 3994 1420 φωτό;.Κα“ιο

2413 1443 2730 1496 ῐίαντολέων
2759 1458 2769 1471 ’
2797 1440 2921 1504 Τοῖς
2965 1442 3062 1510 μὲν
3093 1443 3276 1504 ἄλλοις
3324 1446 3548 1511 ἰατροῖς,
3594 1444 3721 1512 ἔφη,
3763 1443 3833 1495 τι
3869 1444 4000 1494 ὄντα

2411 1535 2534 1596 δοὺς
2587 1534 2843 1604 οὐδεμιᾶς
2894 1531 3207 1595 ἀπελαύσας
3242 1534 3534 1601 ὠφελείας,
3579 1536 3701 1604 ἐμοὶ
3739 1535 3797 1586 δὲ
3852 1534 3904 1584 τί
3934 1533 3998 1584 ἂν

2414 1631 2725 1698 ἀναϐλέψας
2784 1629 3135 1699 παράσχοις;
3169 1628 3280 1680 Καὶ
3308 1628 3390 1692 ὃς,
3439 1629 3520 1679 Τὰ
3553 1627 3996 1696 περιλειφθέντα,

2417 1720 2558 1787 εἷπε,
2585 1724 2683 1792 τῆς
2707 1723 2897 1786 οὐσίας
2945 1722 3240 1791 προθύμως
3292 1720 3602 1773 καταϐαλῶ.
3637 1715 3770 1771 Εἶτα
3797 1724 3823 1772 ὁ
3850 1721 3996 1771 Παν-

2419 1818 2649 1870 τολέων·
2706 1815 2815 1883 Τὴν
2868 1817 2964 1884 μὲν
3011 1815 3107 1868 τοῦ
3184 1816 3385 1886 φωτὲς,
3432 1813 3793 1883 ἔφη,δωρεὰν
3825 1814 3853 1863 ὀ
3894 1814 3999 1864 τῷν

2423 1911 2614 1980 φώτων
2647 1911 2839 1976 Πατὴρ
2862 1909 2990 1970 Θεὸς
3019 1910 3083 1960 δι’
3116 1910 3272 1978 ἡμῶν
3304 1908 3456 1961 ἔσται
3490 1927 3571 1962 σοι
3594 1907 3961 1978 χαριούμενος
3984 1924 3998 1939 ο

2422 2002 2486 2054 σὺ
2517 2001 2593 2066 δὲ,
2619 2002 2652 2055 ἃ
2690 2001 2814 2069 ἐμοὶ
2854 2001 3189 2070 ἐπηγγείλω,
3223 2002 3514 2072 πορευθεὶς
3560 2004 3757 2070 πένησι
3815 2001 4001 2069 παρά-

2422 2111 2573 2164 σχον.

2489 2257 2574 2308 H'.
2611 2255 2830 2308 Τούτων
2873 2257 2900 2307 ὁ
2937 2258 3120 2325 πατὴρ
3171 2255 3409 2320 ἀκούων,
3455 2254 3668 2321 ἀπῆγεν
3699 2254 3869 2306 αὐτον
3907 2257 3999 2308 τοῦ

2421 2349 2864 2418 ἐγχειρήματοςο
2916 2350 3008 2417 Μὴ
3056 2349 3210 2414 σύγε,
3255 2349 3501 2416 φίλτατε,
3551 2348 3749 2415 λέγων,
3804 2348 4004 2418 μήκαὶ

2421 2440 2632 2508 γέλωτα
2667 2438 2872 2507 ὅφλοις.
2915 2439 2979 2490 Τί
3019 2439 3127 2508 γὰρ
3160 2439 3223 2490 ἂν
3262 2440 3424 2491 πλέον
3462 2441 3569 2490 τῶν
3609 2441 4004 2508 προλαϐόντων

2423 2530 2622 2600 ἰατρῶν
2661 2529 2824 2593 αὐτὸς
2858 2530 3114 2600 δυνηθῇς.
3157 2530 3264 2581 Καὶ
3298 2531 3326 2582 ὁ
3363 2530 3681 2582 Παντολέων
3710 2548 3721 2559 ·
3768 2531 3862 2591 Ὠς
3895 2532 4005 2596 ἐγὼ

2420 2623 2704 2692 βούλομαι,
2762 2621 2889 2692 ἔφη,
2930 2621 3009 2692 τῷ
3043 2622 3197 2689 ἀνδρὶ
3234 2621 3371 2691 τῷδε
3417 2620 3752 2690 χρήσασθαι,
3824 2621 4003 2681 οὐδεὶς

2417 2715 2526 2766 τῶν
2564 2713 2738 2767 ἄλλων
2783 2715 3073 2767 ἐπίσταται
3107 2713 3346 2783 ἰατρῶν·
3393 2715 3529 2766 πολύ
3572 2716 3682 2784 γὰρ
3726 2714 3789 2765 τὺ
3834 2713 4001 2782 μέσον

2420 2813 2598 2866 αὐτῶν
2634 2829 2691 2866 τε
2738 2813 2831 2863 καὶ
2872 2811 2967 2862 τοῦ
3018 2812 3164 2879 ἡμᾶς
3207 2810 3674 2880 μαθητεύσαντος.
3727 2810 3905 2867 ΔὸΞαν
3945 2811 4000 2862 δὲ

2417 2907 2494 2974 τῷ
2537 2905 2705 2975 πατρὶ
2731 2901 2893 2955 αὐτοῦ
2921 2903 3048 2972 περὶ
3079 2903 3435 2971 Εὐφροσυνου
3477 2903 3650 2956 ταῦτα
3681 2903 4001 2974 εἰρηκέναιο

2419 2997 2710 3061 Κάκεῖνον,
2745 2991 2918 3058 εἶπεν,
2949 2996 3182 3065 ἀκήκοα,
3217 2994 3435 3060 τέκνον,
3471 2996 3791 3065 ἐπιμελείας
3839 2996 4001 3062 ἀξιῶ·

2422 3107 2516 3141 σαι
2544 3090 2634 3140 τὸν
2666 3088 2834 3158 ἄνδρα
2869 3088 2961 3141 καὶ
2991 3089 3160 3159 μηδὲν
3198 3090 3359 3143 πλέον
3392 3092 3608 3160 ὀνῆσαι.
3657 3091 3715 3144 Ὀ
3757 3093 3815 3144 δὲ
3854 3095 4003 3145 [Iav-

724 3183 864 3253 quit,
899 3196 1074 3254 pater,
1107 3195 1163 3241 et
1193 3187 1308 3256 ipsa
1337 3202 1424 3242 res
1457 3187 1740 3243 indicabit.
1771 3187 1896 3242 Haec
1920 3203 2043 3242 cum
2075 3191 2313 3255 dixisset,

2424 3181 2661 3236 τολέων·
2698 3178 3032 3252 Ἐπίμεινον,
3061 3183 3185 3252 ἔφη,
3216 3185 3412 3252 πάτερ.
3446 3184 3540 3235 καί
3585 3183 3718 3235 αὐτὸ
3747 3184 3916 3248 δείξει
3946 3185 4004 3237 τδ

725 3284 782 3328 ct
812 3276 939 3331 caeci
969 3279 1156 3330 oculos
1187 3278 1472 3348 tetigisset,
1516 3288 1570 3332 et
1610 3293 1862 3348 magnum
1888 3279 2092 3336 Christi
2121 3297 2318 3339 nomen

727 3377 997 3434 vocasset,
1030 3379 1086 3424 et
1109 3370 1177 3424 ab
1202 3371 1320 3440 ipso
1343 3369 1595 3440 precibus
1618 3372 1865 3442 petiisset
1899 3373 2042 3428 illius
2081 3379 2320 3433 curatio-

729 3478 881 3527 nem,
913 3466 1096 3520 statim
1153 3452 1229 3520 illi
1285 3466 1503 3535 quidem
1563 3466 1868 3530 oculorum,
1938 3469 2078 3534 patri
2137 3477 2317 3523 autem

729 3557 895 3611 solvit
957 3557 1211 3611 tenebras
1275 3556 1590 3623 impietatis,
1653 3563 1709 3608 et
1763 3554 1942 3610 cﬂ‘ecit
2001 3566 2059 3610 ut
2125 3567 2313 3628 aperte

729 3647 1089 3703 confiteretur
1132 3648 1385 3717 pietatem
1420 3663 1434 3701 :
1469 3648 1550 3701 vel
1608 3649 1789 3718 potius
1823 3664 1966 3702 emco
2027 3650 2302 3721 duplicem

737 3740 886 3795 dedit
916 3740 1205 3794 medelam.
1241 3742 1432 3794 Carnis
1468 3743 1612 3792 enim
1668 3750 1722 3793 et
1757 3742 1950 3794 animat:
1993 3743 2313 3796 catcutiebat

730 3826 926 3888 oculis,
969 3835 1027 3878 ut
1055 3825 1144 3894 qui
1176 3827 1590 3883 essetadorator
1611 3828 1900 3894 idolorum,
1935 3839 1988 3885 et
2017 3847 2111 3900 per
2138 3833 2312 3887 lucem

727 3920 836 3988 iam
895 3933 1210 3988 corpoream
1268 3929 1488 3987 apertos
1545 3921 1725 3974 cordis
1772 3922 2048 3976 habuisset
2107 3926 2314 3980 oculos.

737 4011 941 4065 Ambos
998 4025 1148 4080 ergo,
1202 4027 1326 4064 cum
1383 4010 1765 4080 credidissent,
1822 4013 2009 4069 divino
2067 4015 2318 4087 dignatur

730 4101 1078 4173 baptismate,
1111 4109 1166 4156 et
1224 4103 1391 4159 refert
1421 4105 1477 4158 in
1531 4121 1830 4161 numerum
1894 4107 2157 4164 ﬁdelium.
2211 4107 2317 4163 Sed

734 4209 841 4249 non
872 4209 937 4250 eo
965 4210 1136 4266 usque
1167 4194 1283 4250 sisti
1330 4205 1548 4259 poterat
1613 4196 1881 4269 Eustorgii
1934 4201 2171 4256 studium
2205 4202 2320 4276 pie-

731 4291 879 4356 tatis,
931 4301 990 4346 ut
1039 4293 1128 4362 qui
1168 4300 1311 4347 esset
1344 4299 1499 4363 pater
1552 4293 1737 4365 magni
1768 4292 2116 4350 Pantoleonis
2152 4313 2168 4352 :
2222 4296 2317 4352 sed

730 4382 1073 4450 apertissime
1090 4384 1386 4440 ostendens
1414 4399 1472 4439 se
1507 4400 1750 4441 errorem
1787 4386 1988 4442 habere
2017 4387 2164 4454 odio,
2192 4403 2316 4444 cum

732 4473 1086 4530 contrivisset
1115 4475 1257 4530 idola
1304 4491 1423 4545 quae
1459 4485 1616 4531 erant
1671 4477 1728 4531 in
1762 4479 2037 4546 cubiculo,
2068 4495 2130 4534 ea
2187 4481 2320 4551 jacit

2425 3277 2678 3345 πρᾶγμα.
2718 3273 2902 3327 Ταῦτα
2937 3274 3107 3326 εἰπὼν
3130 3275 3223 3326 καὶ
3253 3276 3364 3325 τῶν
3391 3275 3688 3342 ὀφθαλμῶν
3720 3276 4004 3343 ἁψάμενος

2420 3367 2512 3419 τοῦ
2545 3367 2771 3434 τυφλοῦ,
2803 3370 2863 3417 τὸ
2900 3367 3042 3434 μέγα
3079 3383 3135 3417 τε
3171 3367 3342 3434 ὄνομα
3376 3365 3467 3416 τοῦ
3492 3365 3729 3434 Χριστοῦ
3765 3365 4004 3427 καλέσας

2431 3457 2525 3508 καὶ
2562 3456 2692 3524 παρ’
2742 3455 2907 3508 αὐτοῦ
2960 3457 3104 3508 ἴασιν
3157 3456 3554 3524 ἐπευξάμενος,
3591 3455 3755 3518 εὐθὺς
3807 3455 4005 3524 ἐκείνῳ

2423 3545 2613 3618 μὲνῇτὸ
2655 3546 2761 3598 τῶν
2801 3547 3115 3618 ὀφθαλμῶν,
3166 3547 3244 3618 τῷ
3292 3549 3459 3618 πατρὶ
3503 3547 3559 3599 δὲ
3616 3548 3676 3599 τὸ
3731 3548 3836 3617 τῆς
3880 3549 4004 3599 ἀσε-

2429 3639 2579 3703 ϐείας
2627 3639 2785 3693 ἔλυσε
2844 3643 3033 3704 σκότος
3085 3643 3177 3693 καὶ
3233 3643 3447 3711 τρανῶς
3493 3641 3780 3711 ὁμολογεῖν
3831 3659 4002 3709 παρε-

2423 3729 2687 3780 σκεύασεν
2710 3731 2807 3799 τὴν
2832 3732 3142 3794 εὐσέϐειαν,
3181 3732 3382 3800 μᾶλλον
3408 3733 3462 3785 δὲ
3489 3734 3567 3803 τῷ
3594 3735 3779 3802 τυφλῷ
3804 3734 4005 3802 διπλῆν

2421 3819 2654 3889 παρέχει
2684 3820 2781 3888 τὴν
2820 3822 2964 3874 ίασιν
2986 3838 2997 3850 ·
3037 3817 3104 3890 ἦν
3144 3824 3250 3892 γὰρ
3290 3825 3385 3876 καὶ
3419 3825 3620 3893 σαρκὸς
3649 3815 3880 3893 ὄμματα
3910 3830 4003 3877 καὶ

2418 3914 2597 3985 ψυχῆς
2645 3915 2994 3981 τυφλώττων,
3049 3906 3143 3968 ἆτε
3198 3917 3292 3968 καὶ
3342 3917 3502 3978 αὐτὸς
3545 3916 3782 3970 εἰδώλων
3833 3936 4004 3987 προσ-

2422 4005 2665 4076 κυνητὴς
2692 4005 2782 4058 ὧν.
2818 4005 2927 4057 Καὶ
2957 4003 3043 4059 διὰ
3075 4005 3167 4058 τοῦ
3199 4004 3516 4074 σωματικοῦ
3542 4003 3720 4074 φωτὸς
3753 4005 3849 4056 καὶ
3879 4005 4006 4065 τοὺς

2417 4101 2515 4168 τῆς
2564 4100 2791 4169 καρδίας
2845 4101 3135 4168 διανοιγείς
3190 4099 3502 4168 ὀφθαλμούς
3533 4115 3546 4129 ⁸

2422 4193 2766 4259 ἀμφοτέρους
2819 4193 2914 4244 τοῦ
2975 4193 3117 4244 θείου
3174 4192 3549 4261 βαπτίσματος
3601 4189 3747 4254 ἀξιοῖ
3801 4194 3900 4244 καὶ
3940 4195 4004 4262 τῇ

2421 4283 2530 4334 τῶν
2570 4282 2781 4334 πιστῶν
2819 4283 2997 4353 μερίδι
3028 4282 3336 4336 συντάττει.
3376 4284 3484 4335 Καὶ
3518 4282 3578 4333 οὐ
3617 4281 3782 4350 μέχρι
3811 4286 4006 4337 τούτου

2419 4374 2511 4427 τὸν
2559 4375 2892 4445 Εὐστόργιον
2944 4377 3139 4444 στῆσαι
3197 4375 3254 4427 τὸ
3305 4373 3624 4441 φιλευσεϐὲς
3665 4368 3759 4444 ἦν,
3803 4376 4008 4428 Παντο-

2422 4468 2636 4530 λέοντός
2659 4487 2718 4537 γε
2743 4451 2872 4520 ὄντα
2895 4470 2990 4520 τοῦ
3027 4467 3264 4538 μεγάλου
3291 4473 3504 4540 πατέρα
3523 4485 3537 4502 ο
3563 4469 3704 4522 ἀλλα
3726 4469 4008 4539 πρόδειξιν

3598 4099 4006 4160 πιστεύσαντας

733 4563 790 4621 in
851 4565 1083 4634 fossam,
1139 4575 1200 4622 ut
1239 4542 1360 4638 quae
1393 4578 1582 4625 essent
1613 4568 1883 4626 oblivione
1934 4577 1990 4626 et
2024 4542 2313 4642 profundo

2425 4561 2632 4624 ἐκεῖνος
2673 4560 2767 4614 τοῦ
2811 4560 3042 4629 μισῆσαι
3087 4559 3187 4632 τὴν
3242 4562 3454 4633 πλάνην
3502 4562 3706 4632 ἀκριϐῆ
3744 4565 4007 4633 παρέχων

730 4675 860 4721 vere
891 4661 1077 4732 digna.

799 4837 895 4893 IX.
925 4836 1080 4894 Haud
1111 4838 1182 4893 ita
1214 4851 1467 4911 magnum
1497 4839 1787 4897 intercedit
1817 4841 2070 4912 Spatium,
2101 4850 2158 4898 et
2196 4858 2314 4899 mo-

730 4932 868 4986 ritur
900 4941 1052 5002 pater
1079 4929 1448 4986 Pantoleonis.
1487 4930 1715 4987 Moritur
1739 4943 1920 4987 autem
1986 4944 2161 4989 morte
2193 4951 2315 4990 cor-

729 5023 877 5093 poris
912 5035 926 5080 :
958 5038 1080 5076 nam
1113 5037 1143 5077 a
1170 5031 1345 5078 morte
1374 5023 1570 5076 animm
1606 5025 1714 5093 jam
1749 5033 1865 5079 erat
1890 5026 2114 5079 omnino
2172 5026 2310 5080 libe-

728 5123 882 5168 ratus
911 5129 1008 5184 per
1059 5113 1218 5168 ﬁdem
1273 5123 1328 5168 et
1395 5113 1635 5169 divinum
1669 5115 2016 5184 baptismum.
2051 5116 2315 5180 Quocirca

728 5204 1024 5262 Pantoleon
1055 5221 1179 5262 cum
1237 5208 1534 5264 invenisset
1595 5219 1808 5278 tempus
1855 5225 2013 5280 Opem
2053 5210 2193 5268 ferre
2223 5229 2316 5265 vo-

728 5298 952 5363 luntati,
1008 5298 1244 5356 famulos
1283 5300 1502 5370 quidem
1538 5301 1731 5355 liberat
1761 5316 1788 5355 a
1837 5302 2116 5367 servitute,
2151 5314 2206 5359 et
2238 5305 2321 5359 eis

729 5389 862 5446 satis
889 5389 1036 5445 dedit
1072 5393 1356 5461 pecuniae:
1416 5392 1520 5446 alia
1557 5403 1739 5446 autem
1777 5394 2080 5447 habuerunt
2119 5412 2314 5451 manus

731 5495 1051 5550 pauperum.
1073 5482 1274 5540 Deinde
1291 5499 1386 5539 eos
1409 5485 1595 5546 etiam,
1614 5485 1709 5553 qui
1734 5486 1962 5538 erantin
1981 5489 2309 5557 carceribus,

730 5580 786 5625 et
815 5571 909 5639 qui
943 5577 1228 5630 tormentis
1256 5574 1594 5630 vexabantur
1638 5584 1694 5629 et
1727 5576 1951 5637 morbis,
1988 5577 2317 5636 circumiens

732 5664 981 5729 curabat,
1010 5677 1064 5721 et
1089 5683 1152 5722 ea
1187 5670 1458 5739 praebens,
1496 5684 1616 5740 qua:
1656 5677 1812 5722 erant
1870 5673 2179 5727 necessaria
2210 5691 2222 5726 :
2259 5684 2313 5725 ut

733 5771 841 5809 non
907 5758 1078 5812 solum
1126 5761 1300 5816 morbi
1332 5761 1611 5815 videretur
1676 5762 1942 5823 medicus,
1997 5764 2089 5819 sed
2155 5766 2315 5819 etiam

731 5851 1009 5920 egestatis.
1069 5851 1182 5918 Qua
1242 5868 1307 5907 ex
1369 5869 1425 5907 rc
1475 5853 1730 5922 quidnam
1783 5853 2018 5910 accidit?
2055 5855 2316 5911 Univcr'sa

2419 4652 2488 4706 τὰ
2533 4653 2589 4704 ὲν
2629 4653 2703 4721 τῷ
2739 4651 2958 4704 κοιτῶνι
3008 4654 3308 4722 συντρίψας
3338 4654 3554 4716 εἴδωλα,
3586 4653 3661 4722 τῷ
3695 4652 3883 4724 βόθρῳ
3932 4654 4008 4706 δί·

2418 4747 2571 4807 δωσι,
2602 4745 2668 4796 τὰ
2691 4744 2860 4815 λήθης
2891 4745 3058 4809 ὅντως
3089 4747 3179 4799 καί
3206 4745 3370 4815 βυθοῦ
3397 4747 3540 4810 ἄξια.

2491 4839 2568 4892 ϐ’.
2620 4840 2693 4892 Οὐ
2724 4839 2857 4891 πολὺ
2891 4838 2950 4890 τὸ
2999 4842 3056 4892 ὲν
3092 4840 3241 4909 μέσῳ
3269 4841 3365 4892 καὶ
3407 4841 3436 4893 ὁ
3477 4841 3570 4894 τοῦ
3605 4843 4008 4912 Παντολέοντος

2421 4924 2575 4993 οὗτος
2609 4935 2787 5002 πατὴρ
2821 4932 3068 5000 θνήσκει,
3098 4930 3321 5000 θνήσκει
3343 4933 3398 4985 δὲ
3432 4934 3665 4988 θάνατον
3694 4917 4009 5008 τὸνισωμαί

2422 5022 2596 5084 τικον,
2628 5023 2750 5076 ἐπεὶ
2792 5022 2884 5074 τοῦ
2925 5024 3026 5089 τῆς
3059 5023 3234 5093 ψυχῆς
3263 5024 3354 5075 διὰ
3379 5027 3476 5094 τῆς
3516 5027 3757 5090 πίστεως
3787 5031 4008 5091 πάντως

2424 5114 2638 5181 ἀνείθη,
2683 5114 2776 5167 καὶ
2818 5113 2910 5165 τοῦ
2959 5114 3107 5165 θείου
3141 5115 3544 5182 βαπτίσματος.
3582 5116 3752 5171 Ὅθεν
3800 5121 3826 5171 ὁ
3862 5121 4006 5174 Παν-

2432 5205 2631 5258 τολέων
2664 5205 2756 5257 τὸν
2804 5208 2997 5275 καιρον
3035 5203 3212 5274 εὐρὼν
3261 5208 3688 5280 συμπράττοντα
3732 5209 3812 5284 τῷ
3849 5211 4006 5281 θελή-

2430 5318 2581 5370 ματι,
2614 5298 2741 5360 τοὺς
2778 5297 2876 5364 μὲν
2917 5298 3136 5358 οίκέτας
3172 5297 3368 5367 ἀφίησι
3401 5301 3498 5370 τῆς
3530 5299 3800 5364 δουλείας,
3847 5306 4004 5355 ἰκανᾶ

2426 5394 2690 5462 χρήματα
2740 5391 3190 5460 παρασχόμενος,
3248 5391 3417 5442 τᾶλλα
3489 5392 3545 5442 6':
3604 5394 3790 5460 χεῖρες
3861 5389 4002 5463 εἶχον

2430 5484 2704 5553 πενήτων.
2743 5479 2874 5535 Εἶτα
2908 5483 3000 5534 καί
3035 5483 3159 5542 τοὺς
3194 5483 3252 5532 ἐν
3287 5481 3553 5550 φυλακαῖς
3602 5486 3695 5534 καὶ
3745 5483 4003 5552 βασάνοις

2425 5576 2659 5644 περιὼν,
2706 5572 3008 5642 ἐθεράπευε
3053 5573 3122 5624 τὰ
3169 5572 3454 5642 ἐπιτήδεια
3504 5574 3886 5642 παρεχόμενος
3918 5577 4001 5626 καὶ

2425 5667 2602 5728 διδοὺς
2640 5665 2780 5734 μετά
2814 5666 2912 5734 τῆς
2963 5663 3177 5732 ὑγιείας
3211 5663 3303 5714 καὶ
3340 5664 3438 5734 τὴν
3481 5664 3572 5716 τοῦ
3614 5666 3687 5734 μὴ
3741 5667 3998 5718 πένεσθαι

2426 5757 2747 5828 θεραπείαν,
2773 5756 2848 5819 ὼς
2884 5755 3084 5827 μικροῦ
3116 5755 3298 5807 πᾶσαν
3327 5757 3426 5824 τὴν
3465 5755 3619 5808 πόλιν
3659 5757 3867 5830 ἰατροί,
3898 5760 4002 5828 τοῖς

2425 5853 2608 5914 ἄλλοις
2643 5850 2852 5930 χαίρειν
2884 5850 3159 5913 εἰπόντας,
3206 5849 3284 5917 τῷ
3322 5850 3677 5901 (1αντολέοντι
3712 5849 3996 5923 ποοσιέναι
