4180 6474
739 378 842 441 459

2023 382 2301 442 MENSIS
2340 384 2635 445 IULIUS.

3877 390 3985 454 450

751 502 913 559 quam
941 500 1120 540 czrcus
1153 484 1432 555 Evangelii
1468 502 1481 538 :
1516 484 1618 550 Tu,
1653 485 1849 555 inquit,
1885 495 1934 542 te
1960 487 2123 541 stulte
2154 488 2312 557 geris,

2422 493 2602 555 γελίου
2651 491 2849 560 τυφλὸν
2898 492 3140 564 ἀτεχνῶς
3174 493 3721 565 παρρησιασάμεειος’
3762 498 3835 551 Συ
3870 520 3990 567 μω-

738 585 829 651 qni
879 596 975 636 eos
1015 579 1108 649 qui
1156 587 1282 633 sunt
1309 578 1434 632 caci
1472 593 1635 632 vocas
1667 579 1884 633 datores
1913 579 2069 641 lucis,
2105 579 2305 648 quibus

738 674 1094 729 consimiliter
1144 680 1201 725 tu
1241 686 1454 740 quoque
1487 687 1664 725 cwcus
1713 687 2020 740 permanes,
2053 673 2142 742 qui
2181 673 2304 726 talia

736 767 999 837 apinaris,
1041 775 1094 818 et
1129 779 1236 817 non
1272 773 1429 832 potes
1475 763 1675 817 intueri
1712 765 1779 817 ad
1815 764 1990 818 lucem
2038 765 2300 819 veritatis.

738 863 966 928 Propter
1001 859 1114 911 haec
1150 866 1413 926 tyrannus
1453 855 1552 910 fuit
1586 857 1663 909 ira
1703 857 1982 910 incitatus.
2022 856 2303 923 Quomodo

735 953 880 1007 enim
911 952 1135 1004 omnino
1165 964 1344 1011 aures,
1379 965 1496 1018 quae
1527 961 1912 1004 emarcuerunt
1943 959 1994 1004 et
2037 959 2302 1019 corruptae

736 1057 865 1100 sunt
897 1042 1377 1103 assentationibus.
1416 1043 1774 1111 asperiorem,
1811 1058 1929 1111 qua:
1981 1059 2041 1096 ex
2075 1044 2302 1096 veritate

697 1138 956 1208 ldicitur,
1013 1134 1374 1187 sustinuerint
1429 1133 1778 1186 orationem?
1820 1133 2125 1200 Statimque
2177 1147 2299 1185 vera

736 1244 857 1284 esse
889 1227 1162 1296 judicans,
1213 1240 1332 1293 qius:
1367 1225 1414 1278 ei
1451 1229 1602 1293 prius
1637 1225 1778 1278 dicta
1819 1223 2034 1278 fuerant
2065 1237 2094 1276 a
2129 1222 2299 1276 rnedi-

733 1322 832 1383 eis,
881 1319 1035 1388 jubet
1089 1318 1248 1370 amici
1304 1315 1503 1370 Christi
1559 1314 2039 1384 eaputamputari,
2085 1328 2298 1382 poenam

735 1411 977 1466 veritatis
1002 1409 1048 1461 ei
1084 1417 1312 1460 mortem
1350 1407 1614 1470 inferens,
1660 1416 1713 1459 et
1742 1405 1944 1458 imitus
1976 1405 2301 1466 eiliciens,ut

735 1503 993 1571 pulchras
1036 1498 1252 1553 Christo
1293 1497 1523 1552 referret
1563 1499 1788 1567 gratias,
1842 1497 1930 1564 qui
1968 1512 2088 1549 eum
2141 1511 2302 1549 cura-

736 1604 904 1656 verat,
958 1607 1156 1660 nempe
1188 1591 1614 1644 confessionem.
1660 1588 1840 1642 Bonus
1878 1599 2058 1641 autem
2101 1587 2298 1642 Pantoo

733 1689 852 1740 leon
884 1700 952 1738 ne
992 1685 1070 1737 sie
1105 1683 1322 1751 quidem
1356 1682 1594 1751 neglexit
1627 1696 1686 1734 ea
1742 1680 1942 1740 facere,
1991 1696 2110 1747 qua:
2169 1688 2299 1731 tem-

732 1777 849 1847 pori
887 1785 940 1829 et
964 1775 1126 1828 rebus
1156 1772 1584 1832 conveniebant;
1618 1770 1710 1823 sed
1744 1786 1864 1823 cum
1899 1770 2149 1839 martyris
2176 1785 2295 1822 cor-

733 1885 834 1938 pus
875 1869 1099 1921 emisset
1139 1866 1205 1917 ah
1243 1865 1309 1917 iis
1338 1863 1428 1931 qui
1468 1862 1849 1924 interfuerant,
1901 1861 1950 1914 id
1987 1877 2109 1914 cum
2149 1873 2297 1930 patre
2333 1843 2373 1896 Β

733 1977 832 2016 suo
867 1960 1080 2030 sepelit,
1121 1969 1176 2012 ut
1208 1958 1298 2026 qui
1346 1974 1442 2027 per
1475 1973 1624 2011 suam
1657 1957 1710 2009 in
1758 1957 2034 2010 Christum
2083 1955 2300 2010 confes-

730 2057 962 2117 sionem,
1007 2068 1130 2106 eum
1164 2051 1265 2104 sibi
1320 2051 1602 2118 proprium
1645 2063 1767 2102 esse
1813 2049 2080 2108 duxisset,
2113 2057 2167 2101 et
2211 2063 2303 2099 co-

730 2145 990 2218 gnatione
1040 2142 1321 2212 sanguinis
1359 2155 1486 2194 eum
1535 2149 1840 2209 reputasset
1877 2140 2033 2210 longe
2071 2140 2300 2210 conjun-

733 2239 983 2293 ctiorem.

801 2349 917 2403 XII.
953 2345 1157 2400 Deinde
1192 2344 1489 2412 imperator
1521 2340 1587 2394 ad
1626 2355 1684 2394 se
1723 2341 1976 2394 accersiit
2008 2336 2300 2395 Pantoleo-

736 2457 882 2496 nem.
930 2440 1020 2493 Ille
1077 2453 1207 2492 vero
1253 2451 1376 2491 cum
1424 2435 1811 2497 abduceretur,
1856 2432 2024 2486 labris
2066 2433 2300 2487 canebat

735 2536 1002 2605 psalmum
1053 2530 1284 2599 tempori
1334 2529 1807 2582 convenientem:
1859 2525 2020 2590 Deus,
2088 2525 2297 2586 dicens,

732 2628 939 2681 laudem
992 2625 1161 2677 meant
1197 2635 1258 2674 ne
1308 2619 1534 2672 tacueris
1577 2632 1595 2670 :
1630 2618 1879 2687 qubuiam
1925 2633 1981 2669 os
2012 2617 2299 2684 peccatoris

732 2732 780 2773 ct
811 2718 978 2772 dolosi
1016 2719 1070 2769 in
1109 2730 1189 2767 me
1234 2725 1478 2780 apertum
1512 2720 1607 2766 est.
1646 2710 1825 2764 Locuti
1857 2718 1976 2762 sunt
2018 2714 2298 2762 adversum

731 2829 813 2866 me
843 2810 1022 2879 lingua
1058 2808 1261 2869 dolosa,
1299 2817 1344 2858 et
1375 2803 1543 2858 verbis
1572 2804 1676 2856 odii
1705 2805 2160 2854 circumdederunt
2195 2817 2294 2862 me,

730 2913 778 2955 et
826 2906 1264 2969 oppugnaverunt
1302 2911 1382 2947 me
1421 2894 1608 2962 gratis.
1656 2892 1764 2944 Pro
1805 2908 1862 2944 eo
1909 2901 1963 2944 ut
1998 2908 2075 2943 me
2103 2892 2294 2960 dilige-

731 2999 866 3054 rent,
902 2987 1367 3042 calunmiabaulur
1403 2999 1420 3037 .'
1450 2999 1542 3052 ego
1576 2993 1749 3035 autem
1791 2984 2029 3035 orabam.
2066 2981 2132 3034 Et
2173 2985 2294 3036 red-

736 3084 983 3136 diderunt
1048 3079 1172 3131 mihi
1238 3077 1382 3129 mala
1453 3092 1547 3140 pro
1619 3076 1784 3138 bouis,
1843 3086 1890 3128 et
1949 3077 2126 3128 odium
2201 3092 2294 3141 pro

2419 588 2643 658 ραίνεις,
2683 586 2811 656 Em,
2855 587 3031 654 φωτὸς
3067 587 3316 657 δωτῆρας
3345 590 3471 648 τοὺς
3502 591 3738 657 τυφλοὺς
3773 593 3990 663 ὄνομά.

2409 680 2535 742 ζων,
2563 674 2644 742 οἷς
2677 681 2770 732 καὶ
2803 681 2966 743 αὐτὸς
3011 683 3213 750 όμοὲως
3262 682 3595 749 τυφλώττων
3624 681 3693 749 εἷ,
3745 687 3984 740 τοιαῦτα

2408 769 2644 836 δοξάζων
2675 774 2768 824 καὶ
2809 772 2945 840 πρὸς
2974 773 3032 824 τὸ
3069 774 3184 841 φῶς
3211 774 3309 840 τῆς
3345 774 3608 842 ἀληθείας
3650 778 3870 830 ἀπιδεῖν
3908 779 3986 848 μὴ

2407 861 2730 929 δυνάμενος.
2768 861 2960 928 Θυμὸς
3009 865 3103 913 ἐπὶ
3130 863 3339 925 τούτοις
3381 860 3494 932 εἶχε
3536 865 3624 917 τὸν
3667 866 3943 935 τύραννον
3969 908 3983 920 .

2407 951 2515 1006 Ποῦ
2552 953 2660 1021 γὰρ
2706 953 2826 1012 ὅλος
2860 953 3175 1015 κολακείαις
3226 954 3533 1023 ὖπόσαθρος
3581 956 3675 1007 καὶ
3723 957 3986 1028 διεςθαρ-

2407 1044 2539 1113 μένη
2596 1043 2742 1114 ψυχὴ
2785 1045 2966 1111 λόγων
3017 1044 3106 1096 ὑπ’
3140 1046 3398 1112 ἀληθείας
3458 1047 3807 1118 δριμυτὲρων
3843 1049 3980 1102 ἀνά-

2406 1153 2614 1205 σχοιντο
2647 1137 2712 1189 ἂν
2745 1153 2757 1202 ;
2792 1139 2886 1189 καὶ
2921 1138 3122 1197 εὐθέως
3157 1138 3364 1205 ἀψευδῆ
3396 1141 3587 1209 κρίνας
3625 1141 3691 1193 τά
3729 1141 3837 1194 ὑπο
3873 1142 3984 1194 τῶν

2412 1229 2613 1296 ίατρῶν
2671 1231 2897 1282 ἐκείνων
2957 1229 3238 1299 λεχθέντα,
3296 1230 3509 1284 κελεύει
3567 1233 3671 1302 τὴν
3731 1235 3983 1303 κεφαλὴν

2404 1321 2710 1390 ἐκκοπῆναι
2775 1322 2867 1374 τοῦ
2923 1323 3300 1391 φιλοχρίστου,
3357 1324 3633 1391 ἐπιτίμιον
3683 1326 3836 1394 αὑτῷ
3883 1328 3983 1394 τῆς

2403 1412 2658 1480 ἀληθείας
2708 1413 3022 1480 ὲπ-νεγκὼν
3069 1416 3161 1467 τὸν
3194 1416 3426 1468 θάνατον
3474 1417 3568 1468 καὶ
3599 1416 3752 1469 ἄκων
3798 1433 3984 1486 παρα-

2405 1506 2697 1567 σκευάσας,
2752 1505 2924 1566 καλὰς
2971 1506 3138 1558 αὑτὸν
3167 1506 3468 1559 ἀποδοῦναι
3515 1509 3748 1578 χάριτας
3776 1510 3857 1578 τῷ
3891 1525 3982 1560 τε·

2403 1598 2762 1666 θεραπευκὸτι
2827 1599 3046 1665 Χριστῴ
3101 1599 3200 1666 τὴν
3265 1601 3594 1670 μαρτυρίαν.
3663 1603 3721 1654 ’0
3789 1605 3982 1672 μέντοι

2404 1690 2720 1743 Παντολέων
2766 1690 2886 1742 οὐδὲ
2921 1689 3096 1750 οὕτως
3143 1688 3335 1760 ἡμέλει
3387 1693 3564 1745 ταῦτα
3624 1698 3981 1763 προσήκοντα

2404 1781 2479 1849 τῷ
2515 1782 2686 1852 meti)
2717 1782 2810 1834 καὶ
2843 1785 2951 1844 τοῖς
2986 1784 3279 1852 πράγμασι
3315 1787 3490 1836 ποιεῖν
3520 1802 3534 1815 ⁸
3586 1784 3719 1839 ἀλλὰ
3755 1789 3977 1858 Ζρτῖρλι·

2405 1893 2510 1928 των
2553 1876 2891 1945 ὀνησάμενος
2927 1879 3078 1946 παρὰ
3127 1877 3236 1928 τῶν
3267 1878 3571 1929 ἀνελόντων
3600 1879 3661 1930 τὸ
3694 1882 3859 1947 σῶμα
3885 1883 3981 1932 τοῦ

2407 1968 2704 2036 μάρτυρος,
2735 1967 2810 2036 τῷ
2848 1971 3016 2038 πατρὶ
3047 1971 3340 2024 συνθάπτει
3373 1971 3444 2040 τῷ
3476 1971 3691 2034 ἑαυτοῦ,
3724 1971 3980 2041 καθάπερ

2403 2061 2490 2113 διά
2513 2062 2609 2128 τῆς
2640 2063 2718 2123 εἰς
2745 2063 2977 2132 Χριστὸν
3002 2064 3294 2131 ὁμολογίας
3325 2067 3484 2117 αὐτὸν
3510 2064 3938 2134 ἐξιδιωσάμενος
3961 2079 3978 2093 ⁸

2403 2155 2493 2204 καὶ
2521 2154 2698 2222 πολλῴ
2729 2157 2824 2223 τῆς
2855 2155 2920 2207 δι’
2943 2156 3170 2223 αἵματος
3203 2159 3525 2224 συγγενείας
3556 2158 3746 2211 τοῦτον
3777 2159 3983 2210 οἰκειό-

2403 2260 2560 2312 τερον
2591 2247 2666 2315 τῷ
2699 2247 2875 2314 ἑαυτῷ
2906 2247 3287 2315 λογισάμενος.

2474 2334 2574 2388 ΙΒ’.
2612 2334 2742 2388 Εἶτα
2774 2339 2800 2388 ὁ
2827 2337 3094 2405 βασιλεὺς·
3113 2337 3203 2389 τὸν
3229 2336 3603 2392 Πανταλέοντα
3628 2341 3812 2395 ἐκάλει
3845 2343 3983 2413 πρὸς

2405 2427 2619 2492 ἑαυτὸν,
2661 2430 2752 2481 καὶ
2804 2429 2862 2492 ὃς
2896 2431 3247 2499 ἀπαγόμενος
3298 2433 3500 2482 οἰκεῖον
3533 2433 3607 2500 τῷ
3641 2435 3821 2502 καιρῷ
3870 2438 3983 2497 τοῖς

2401 2520 2607 2589 χείλεσι
2636 2522 2849 2592 ψαλμὸν
2884 2520 3011 2598 ᾖδεν
3033 2541 3044 2554 ·
3095 2524 3157 2577 '0
3207 2523 3374 2589 Θεὸς,
3407 2523 3520 2591 τὴν
3557 2526 3799 2578 αῖνεσίν
3837 2543 3980 2593 μου,

2399 2613 2572 2681 λέγων
2598 2655 2607 2674 ,
2648 2616 2731 2683 μὴ
2757 2617 3256 2687 παρασιωπήσῃς,
3291 2618 3379 2670 ὅτι
3401 2620 3596 2686 στόμα
3623 2618 3981 2685 ἁμαρτωλοῡ

2400 2709 2497 2758 καί
2547 2711 2739 2776 στόμα
2787 2709 2999 2761 δολίου
3043 2710 3134 2761 ἐπ’
3171 2711 3275 2778 ἐμὲ
3313 2712 3602 2779 ἠνοίχθη·
3659 2713 3982 2778 ἐλάλησαν

2401 2801 2528 2850 κατ’
2590 2799 2736 2865 ἐμοῦ
2797 2801 3048 2868 γλώσσῃ
3104 2800 3307 2866 δολίῃ,
3371 2805 3468 2854 καί
3508 2804 3710 2870 λόγοις
3759 2807 3979 2870 μίσους

2398 2891 2753 2944 ἐκύκλευσάν
2787 2893 2998 2958 με,καί
3042 2890 3431 2958 ἐπολέμησάν
3467 2909 3540 2959 με
3563 2893 3811 2958 δωρεὰν,
3844 2895 3978 2946 ἀντὶ

2399 2980 2503 3033 τοῦ
2535 2979 2776 3047 ἀγαπᾷν·
2808 2996 2903 3048 με,
2947 2979 3341 3033 ἐνδιέὄαλλόν
3384 2998 3488 3048 με,
3537 2981 3651 3051 ἐγὼ
3691 2983 3760 3036 δὲ
3785 2998 3978 3051 προσ-

2396 3075 2696 3142 ηιιχόμην.
2733 3075 2827 3125 καί
2870 3075 3075 3126 ἔθεντο
3113 3074 3241 3126 κατ’
3289 3074 3436 3141 ἐμοῦ
3472 3075 3626 3128 κακὰ
3665 3076 3799 3128 ἀντὶ
3834 3078 3976 3145 dra-

733 3172 1008 3226 dilectione
1040 3185 1175 3223 mea.
1228 3167 1334 3222 Sed
1380 3167 1458 3234 [er
1491 3167 1617 3218 mihi
1662 3182 1833 3230 opem,
1885 3166 2104 3217 Domine
2156 3164 2293 3219 Deus

2403 3164 2517 3218 θῶν
2549 3165 2641 3218 καὶ
2687 3166 2862 3233 μίσος
2903 3165 3036 3218 ἀντὶ
3077 3165 3182 3233 τῆς
3231 3167 3590 3235 ἁγαπήσεὼς
3619 3184 3776 3237 μου·
3819 3170 3979 3224 ἀλλὰ

736 3279 899 3321 meus,
941 3273 988 3313 et
1027 3261 1232 3312 soluunt
1270 3274 1350 3310 me
1385 3259 1470 3326 [ac
1498 3257 1784 3309 secundum
1817 3267 1962 3309 tuam
1998 3257 2293 3310 miscricor-

733 3355 901 3408 diam.
926 3351 1248 3410 Iuduautur,
1293 3349 1381 3410 qui
1411 3363 1490 3400 me
1516 3347 1938 3411 calumniantur,
1971 3350 2292 3418 confusione,

731 3455 780 3499 st
830 3444 1179 3506 aruiciautur,
1233 3453 1490 3508 tauquam
1530 3439 1779 3508 diploide,
1825 3440 2114 3507 ignominia
2148 3456 2240 3491 sua
2277 3455 2293 3490 :

735 3552 917 3590 seruus
975 3543 1155 3586 autem
1205 3544 1328 3584 tuus
1369 3532 1638 3583 la’tabitur
1687 3532 1743 3581 in
1793 3535 1840 3584 te
1889 3530 1929 3583 ⁸.
1969 3530 2104 3584 Cum
2144 3529 2296 3584 ﬁnita

732 3638 913 3683 autem
951 3636 1092 3681 esset
1126 3624 1245 3694 ejus
1281 3624 1544 3694 precatio,
1583 3624 1738 3678 stetit
1766 3637 1950 3678 coram
2001 3637 2146 3691 rege,
2182 3633 2293 3685 aut,

734 3730 794 3774 ut
841 3719 1041 3772 melius
1073 3719 1274 3781 dicam,
1323 3732 1430 3769 non
1466 3731 1650 3768 coram
1695 3716 1808 3777 illo,
1851 3714 1948 3769 sed
1984 3730 2166 3769 coram
2199 3715 2296 3768 im-

734 3812 977 3871 mortali,
1032 3817 1087 3861 ct
1139 3823 1206 3862 eo
1263 3808 1350 3876 qui
1405 3817 1487 3861 est
1543 3807 1598 3860 in
1669 3817 1961 3861 aeternum.
2006 3805 2200 3861 Coram
2233 3823 2299 3862 co

734 3901 878 3955 enim
914 3913 1040 3953 vere
1079 3902 1282 3958 stabat,
1316 3906 1371 3948 et
1403 3902 1584 3947 mente
1618 3891 2175 3946 eonvcrsabatur.Cui
2208 3892 2298 3946 ille

736 3991 973 4060 primum
1021 3985 1228 4055 placide
1279 3993 1334 4039 et
1389 3981 1671 4051 benigne:
1728 3979 1844 4034 Non
1891 3979 2032 4035 bona
2065 3989 2211 4041 sunt,
2268 3995 2300 4036 ο

735 4081 1057 4141 Pantoleon,
1098 4093 1162 4131 ea
1208 4092 1327 4146 quae
1358 4080 1421 4129 dc
1454 4085 1504 4130 te
1535 4075 1863 4137 audivimus,
1898 4089 1926 4126 a
1965 4082 2014 4126 te
2046 4089 2298 4145 magnum

734 4175 951 4246 quidem
1003 4186 1119 4228 esse
1163 4170 1495 4238 contemptui
1541 4169 1783 4221 habitum
1822 4165 2216 4234 lEscuiapium,
2248 4175 2302 4219 et

733 4270 890 4329 alios,
933 4265 1023 4335 qui
1067 4273 1196 4318 sunt
1243 4262 1381 4330 apud
1416 4271 1488 4324 te,
1538 4260 1671 4314 deos
1723 4276 1734 4312 :
1788 4260 1840 4313 in
1893 4260 2043 4312 illurn
2118 4267 2299 4312 autem

733 4360 1036 4418 Christum,
1071 4354 1160 4422 qui
1193 4352 1330 4406 male
1366 4351 1548 4421 periit,
1585 4361 1636 4406 te
1673 4360 1818 4403 tuam
1850 4366 2000 4418 spem
2031 4352 2294 4420 posuisse,

732 4458 786 4502 et
834 4461 956 4501 eum
1014 4443 1190 4498 solum
1244 4442 1411 4496 Deum
1465 4443 1770 4496 nominare.
1822 4443 2141 4510 Quanquam
2188 4458 2294 4495 non

735 4541 950 4611 ignoras
999 4537 1244 4593 omnino.
1290 4551 1450 4602 quam
1484 4549 1582 4602 ego
1614 4544 1666 4587 te
1711 4533 1961 4603 benignis
1993 4534 2297 4602 aspexerim

736 4631 932 4689 oculis,
984 4636 1038 4681 et
1087 4625 1568 4695 quemadmodum,
1617 4639 1738 4677 cum
1790 4639 1889 4694 ego
1940 4635 1989 4678 te
2034 4627 2087 4678 in
2123 4640 2298 4679 meam

734 4721 1086 4776 adscivissetn
1121 4718 1402 4779 familiam,
1453 4719 1770 4787 prmeeptori
1818 4729 1909 4771 tuo
1940 4717 2302 4788 Euphrosyno

737 4813 1028 4882 diligenter
1067 4809 1458 4874 mandaverint,
1494 4819 1549 4860 ut
1581 4817 1634 4862 te
1666 4810 2067 4877 quamprimum
2104 4809 2303 4863 faceret

735 4905 791 4955 in
850 4901 1121 4956 medicina
1170 4900 1706 4970 praestantissimum,
1759 4909 1818 4954 ut
1869 4901 1999 4953 mihi
2050 4917 2111 4954 ea
2156 4902 2206 4953 in
2245 4917 2301 4954 re

739 5008 928 5066 posses
955 5007 1078 5048 esse
1113 4993 1248 5046 usui.
1288 4990 1364 5044 Tu
1398 4991 1760 5046 autem...Sed
1795 4993 2020 5045 omnino
2051 4994 2304 5048 homines

739 5087 906 5142 multa
966 5084 1097 5139 falsa
1149 5085 1384 5138 dixerint
1439 5093 1494 5138 et
1530 5085 1735 5142 inania.
1798 5085 1863 5139 Et
1927 5087 2049 5140 ideo
2111 5095 2162 5140 te
2223 5104 2304 5142 ac-

736 5177 956 5242 cersiri,
1015 5187 1071 5231 ut
1104 5177 1191 5231 illa
1227 5192 1345 5246 quae
1376 5191 1404 5231 a
1465 5193 1546 5232 me
1597 5187 1723 5231 sunt
1758 5179 1962 5241 audita,
2009 5190 2306 5250 arguantur

736 5288 856 5327 esse
877 5287 1030 5334 vana,
1049 5283 1099 5324 et
1115 5272 1624 5342 invidorumalioqui
1647 5273 1927 5326 hominum
1945 5276 2301 5328 calumniam:

735 5373 790 5412 et
825 5360 1072 5412 maximis
1099 5360 1224 5424 diis,
1248 5369 1302 5413 ut
1332 5375 1428 5429 par
1453 5363 2136 5424 est,oﬂerassacrilicium.

808 5449 1028 5504 Xlll.Ad
1071 5451 1184 5505 Ιιωο
1233 5450 1528 5507 Pantaleon
1561 5472 1575 5508 :
1606 5453 1791 5519 Facta,
1827 5455 2025 5524 inquit,
2065 5472 2097 5510 ο
2128 5457 2302 5528 impe-

735 5553 906 5608 ratur,
950 5553 1076 5596 sunt
1118 5545 1299 5598 verbis
1339 5547 1510 5616 magis
1560 5547 1839 5602 credibilia
1891 5557 1947 5600 et
1991 5547 2302 5614 fortiora,et

735 5645 860 5691 ante
903 5651 1094 5692 omnes
1146 5636 1364 5706 quidem
1411 5654 1498 5692 res
1545 5639 1682 5694 alias
1729 5639 2037 5708 praecedere
2082 5653 2298 5710 Oportet

737 5793 758 5828 ³
784 5793 919 5847 Psal.
952 5808 1096 5860 cvm,
1129 5795 1239 5859 1—5,
1273 5793 1355 5861 26,
1401 5793 1491 5858 28,
1513 5795 1603 5852 29.

2392 3256 2709 3324 ,βοήθησον
2737 3276 2866 3324 μοι.
2901 3261 3073 3324 Κύριε
3108 3264 3139 3312 ό
3181 3261 3326 3324 Θεός
3371 3278 3510 3323 μου,
3535 3262 3629 3314 καὶ
3664 3261 3879 3315 σῶσόν
3907 3279 3979 3329 με

2397 3347 2547 3400 κατὰ
2597 3351 2659 3399 τὸ
2716 3349 2884 3411 ἔλεός
2919 3365 3071 3400 ιὀυο
3127 3349 3614 3404 ἑνδυσάσθωσαν
3651 3356 3707 3405 οι
3741 3353 3975 3406 διαϐάλ-

2397 3439 2610 3502 λοντές
2659 3455 2734 3505 με
2782 3438 3103 3504 ἐντροπὴν,
3156 3441 3253 3491 καὶ
3308 3442 3851 3504 περιδαλέσθωσιιγ
3897 3445 3976 3509 ὡς

2399 3528 2674 3583 διπλοΐδα
2729 3530 3032 3596 αἰσχύνην
3087 3530 3325 3584 αὐτῶνθ
3380 3535 3413 3584 ὀ
3464 3531 3531 3583 δὲ
3582 3532 3810 3600 δοῦλός
3857 3552 3973 3589 σου

2398 3622 2878 3689 εὐφρανθήσεται
2925 3622 3026 3673 ἐπὶ
3085 3625 3209 3680 σοι’.
3264 3624 3379 3677 Καὶ
3431 3625 3530 3692 τῆς
3591 3625 3760 3694 εὐχῆς
3829 3627 3978 3696 αὑτῷ

2399 3708 2659 3781 ληξάσης,
2699 3712 2943 3779 εἱστήκει
2983 3713 3075 3766 τοῦ
3109 3713 3381 3782 βασιλέως
3405 3715 3663 3782 ἐνώπιον,
3702 3717 3733 3787 ἢ
3775 3718 3979 3786 μᾶλλον

2400 3806 2597 3870 εἰπεῖν,
2626 3806 2726 3857 οὐκ
2752 3807 2986 3867 ἐκείνου,
3018 3807 3110 3858 τοῦ
3138 3807 3412 3862 ἀθανάτου
3441 3809 3496 3861 δὲ
3519 3811 3614 3862 καὶ
3646 3810 3979 3874 διαιωνίζονο

2402 3909 2514 3956 τος.
2551 3897 2710 3963 Αὐτῷ
2745 3899 2852 3963 γὰρ
2885 3893 2952 3964 ἦν
2989 3899 3404 3967 παριστάμενος
3434 3903 3655 3972 ἀληθῶς
3685 3907 3830 3956 κατὰ
3856 3906 3978 3958 νοῦν

2402 3988 2450 4039 οἱ
2487 3988 2899 4057 συγγινόμενος,
2939 3989 2997 4041 ὂν
3027 3991 3234 4054 ἐκεῖνος
3276 3993 3504 4062 ὁμαλῶς
3542 3995 3610 4047 τά
3646 3997 3843 4065 πρῶτα
3885 4002 3979 4054 καὶ

2404 4079 2524 4133 λίαν
2562 4068 2762 4150 ὴπίωςέ
2793 4082 2906 4134 Οὐκ
2931 4081 3134 4148 ἀγαθά,
3168 4083 3376 4152 ἔλεγεν,
3423 4080 3469 4141 ὧ
3501 4087 3822 4163 Παντόλεον,
3853 4091 3888 4143 ἃ
3917 4092 3979 4159 δὴ

2404 4175 2532 4240 περὶ
2561 4173 2655 4226 σοῦ
2699 4175 3043 4243 ἀκηκόαμεν,
3084 4177 3160 4239 ὼς
3192 4178 3505 4246 ἠμελῆσθαι
3548 4180 3646 4247 μὲν
3680 4181 3772 4233 τὸν
3805 4182 3979 4252 μέγαν

2417 4261 2745 4330 Ἀσκληπιὸν
2784 4266 2878 4314 καὶ
2916 4265 3042 4322 τοὺς
3089 4263 3282 4325 ἅλλους
3337 4267 3490 4335 παρὰ
3535 4271 3619 4318 σοὶ
3664 4269 3848 4334 Geo-3;,
3887 4275 3978 4325 ἐπὶ

2405 4351 2643 4423 Χριστὸν
2667 4352 2723 4404 δὲ
2757 4355 2962 4404 ἐκεῖνον
2989 4353 3078 4404 τὸν
3103 4355 3428 4412 ἀπολωλότα
3458 4358 3643 4420 κακῶς
3670 4362 3768 4414 ἀνα
3783 4366 3978 4433 ρτῆσαί

2409 4459 2468 4495 σε
2495 4445 2591 4507 τὰς
2617 4444 2837 4506 ἐλπίδας
2866 4445 2958 4496 καὶ
2985 4445 3172 4499 τοῦτον
3201 4449 3363 4517 μόνον
3379 4451 3665 4520 ὀνομάζειν
3685 4455 3842 4522 Θεὸν,
3863 4457 3982 4509 καί·

2408 4553 2554 4603 τοιγε
2587 4537 2686 4590 οὐκ
2714 4537 2988 4608 ἠγνόησας
3015 4539 3083 4591 τά
3111 4540 3219 4609 ἐμὰ
3243 4543 3582 4604 πάντως.καὶ
3597 4539 3706 4597 οἷον
3729 4549 3976 4618 εὐμενῶς

2411 4633 2594 4701 ἑώρων
2627 4633 2760 4701 πρὸς
2793 4632 2851 4683 σὲ
2897 4633 2989 4683 καὶ
3049 4633 3195 4695 ὅπως
3224 4633 3658 4706 ἑξοικειούμενός
3693 4655 3752 4692 σε
3812 4642 3978 4697 πολλὰ

2410 4722 2484 4791 τῷ
2525 4723 2830 4792 διδασκάλῳ
2883 4740 2976 4776 σου
3010 4725 3346 4797 Εὑφροσὺνῳ
3395 4731 3721 4800 ἐπήγγειλα,
3759 4735 3980 4803 ἄριστόν

2411 4828 2466 4863 σε
2506 4814 2600 4881 τὴν
2653 4815 2904 4885 ἰατρικὴν
2953 4815 3027 4878 ὡς
3075 4817 3306 4887 τάχιστα.
3341 4822 3650 4886 ἀποδεῖξαι,
3690 4823 3838 4878 ὥστε
3898 4847 3979 4898 μοι

2409 4905 2478 4955 τά
2523 4907 2656 4976 πρὸς
2689 4908 2859 4976 τούτῳ
2895 4907 3194 4978 εθχρηστον
3224 4907 3387 4966 εἶναι.
3423 4913 3493 4966 Σὺ
3525 4914 3602 4977 δὲ,
3637 4916 3778 4971 ἀλλά
3814 4922 3979 4974 πολλά

2411 4997 2627 5058 πάντως
2662 4997 2866 5049 εἴποιεν
2900 4997 3177 5067 ἄνθρωποι
3210 5000 3424 5066 ψευδῶς
3449 5005 3541 5054 καὶ
3575 5007 3849 5074 ματαίως,
3889 5013 3977 5064 καὶ

2409 5087 2495 5139 διὰ
2524 5089 2681 5142 τοῦτό
2715 5107 2773 5143 σε
2809 5092 3253 5161 προσκέκλημαι,
3291 5092 3434 5148 ὥστε
3468 5099 3700 5153 κάκεῖνα
3734 5101 3879 5173 ἅπερ
3913 5105 3973 5172 δὴ

2411 5184 2505 5235 καὶ
2546 5185 2791 5254 ἠκούσθη
2829 5205 2939 5256 μοι,
2977 5189 3108 5240 κενὰ
3140 5188 3311 5258 δήπου
3361 5192 3455 5242 καὶ
3485 5190 3777 5259 βασκάνων
3809 5197 3976 5260 άλλως

2408 5277 2765 5342 συκοφαντίαν
2815 5279 3222 5350 ἀπελεγχθηναι
3271 5284 3364 5335 καὶ
3418 5284 3478 5336 σὲ
3533 5287 3646 5347 τοῖς
3695 5289 3975 5356 μεγίστοις

2411 5367 2572 5433 θεοῖς,
2599 5367 2674 5430 ὡς
2703 5370 2968 5439 προσῆκε,
3004 5371 3196 5424 θυσίαν
3228 5376 3640 5443 προσενεγκεῖν.

2485 5461 2581 5513 ll".
2646 5459 2787 5531 Πρὸς
2841 5465 3015 5517 ταῦτα
3065 5468 3091 5518 ὁ
3145 5468 3500 5538 Παντολέων·
3538 5471 3718 5542 Ἔργα
3781 5476 3972 5545 λόγων,

2415 5551 2656 5620 βασιλεῦ,
2710 5555 2836 5623 ἔφη,
2869 5559 3170 5629 πιστότερά
3225 5577 3282 5613 τε
3318 5563 3408 5614 καὶ
3482 5565 3850 5638 ἰσχυρότερα,
3890 5571 3976 5622 καὶ

2410 5645 2624 5699 πάντων
2651 5647 2749 5716 μὲν
2791 5647 2882 5702 καῖ⁵
2911 5649 3018 5704 τῶν
3043 5651 3221 5707 ἄλλων
3250 5657 3596 5726 πραγμάτων
3627 5661 3812 5714 πίστιν
3851 5679 3975 5734 προ-
