4180 6468
266 424 365 493 461

1419 441 1589 502 νιτΑ
1627 443 1689 503 S.
1730 441 2383 513 PANTELEEMONIS.

3412 466 3519 530 462

264 540 520 613 ηγεῖσθαι
566 545 649 599 δεῖ
720 549 813 601 καὶ
844 548 1127 621 ἀλήθειαν.
1195 552 1259 606 Ἡ
1280 552 1337 607 δὲ
1388 556 1517 625 περὶ
1567 556 1629 609 τὸ
1683 556 1816 610 Θεῖο·

1947 558 2106 615 fidem
2155 572 2212 618 et
2262 567 2576 622 veritatem.
2630 567 2687 623 ln
2724 570 2896 629 Deum
2935 584 3118 630 autem
3165 576 3369 647 pietas,
3407 597 3516 653 quo

264 637 523 692 εὐσέϐεια
547 641 673 694 ὅσον
695 642 1027 714 ὑψηλοτέρα,
1053 644 1313 699 τοσοῦτον
1337 644 1447 716 ἄρα
1469 649 1564 701 καὶ
1595 650 1841 715 πλείονος

262 728 491 802 δεομένη
523 734 624 803 τῆς
651 735 960 806 ἀκριϐείας.
1008 738 1065 790 '0
1091 739 1188 808 μὲν
1216 733 1309 793 οὖν
1341 741 1471 811 παρ’
1504 742 1641 813 ἐμοῦ
1674 762 1841 816 προσ-

260 839 426 876 κυνου
436 842 596 893 μενος
635 828 867 897 οὐρανὸν
903 832 1149 900 εποίησε,
1172 833 1275 899 γῆν
1306 833 1607 906 ὑπέστησε,
1629 842 1842 908 νεκροῖς

258 917 585 983 ἀνάστασιν,
632 922 859 988 τυφλοῖς
906 924 1223 992 ἀνάϐλεψιν,
1266 925 1492 997 λεπροῖς
1546 930 1836 1001 κάθαρσιν,

258 1011 622 1077 παρειμένοις
685 1013 990 1082 ἀνόρθωσιν
1020 1014 1291 1085 θελήματι
1354 1018 1503 1089 μόνῳ
1556 1022 1650 1074 καὶ
1698 1021 1838 1092 λόγῳ

258 1100 528 1170 παρέσχε.
560 1101 685 1154 Θεοὶ
714 1104 771 1157 δὲ
803 1108 852 1156 οἱ
882 1107 1014 1175 παρ’
1046 1106 1202 1175 ὑμῶν
1228 1103 1519 1178 λεγόμενοι
1549 1114 1644 1165 καὶ
1679 1115 1835 1168 6566-

259 1206 415 1261 μενοι
446 1194 547 1246 οὐκ
577 1192 695 1248 οἶδα
748 1197 802 1247 εἴ
836 1212 889 1249 τι
932 1198 1176 1253 τοιοῦτον
1207 1195 1240 1272 ἢ
1279 1204 1609 1273 εἰργάσαντο
1637 1202 1668 1275 ἦ
1701 1208 1836 1272 ὅλως

254 1283 366 1335 sisi.
430 1284 652 1337 δυνατοὶ
714 1288 1083 1356 ἐργάσασθαι.
1139 1293 1200 1344 El
1258 1293 1317 1346 δὲ
1369 1295 1567 1365 βούλει.
1613 1299 1705 1349 κάι
1738 1297 1833 1349 νῦν

252 1375 441 1438 αὐτοῖς
472 1378 786 1446 πράγμασι,
833 1378 1081 1448 βασιλεῦ,
1118 1384 1216 1454 τὴν
1245 1383 1477 1454 βάσανον
1510 1386 1708 1457 δῶμεν,
1743 1386 1834 1442 καὶ

252 1464 583 1537 παρελθέτω
618 1485 700 1530 τις
740 1470 979 1524 ἐνταῦθα
1023 1474 1131 1525 τῶν
1165 1475 1360 1529 ἀνίατα
1407 1477 1707 1533 νοσούντων
1741 1483 1833 1535 καὶ

248 1551 325 1611 ὧν
373 1559 693 1632 ἀνθρωπίνη
772 1565 940 1636 τέχνη
988 1570 1085 1619 καὶ
1155 1571 1277 1638 χεὶρ
1339 1567 1679 1639 ἀπαγορεύει
1731 1574 1832 1643 τὴν

249 1651 1028 1724 θεραπείαν.ῐ]αρελθέτωσαν
1052 1650 1106 1712 δὲ
1136 1664 1227 1712 καὶ
1250 1662 1297 1713 οί
1328 1666 1459 1733 παρ’
1484 1663 1613 1734 ὑμῖν
1642 1667 1826 1739 ἱερεῖς.

248 1738 381 1796 Εἶτα
414 1747 741 1817 ἐπικλητέον
775 1751 1010 1813 ἐκείνοις
1044 1752 1145 1820 μὲν
1186 1752 1426 1822 πρώτοις
1460 1758 1587 1819 τοὺς
1619 1753 1831 1811 ἑαυτῶν

247 1834 430 1902 θεοὺς,
465 1840 591 1908 ἐμοὶ
633 1828 688 1893 δὲ
721 1844 815 1893 τὸν
849 1842 944 1895 ὑπ’
992 1843 1128 1913 ἐμοῦ
1174 1846 1577 1917 λατρευόμενον
1626 1848 1741 1915 καὶ,
1770 1849 1830 1913 ὃς

1944 662 2030 707 est
2071 656 2366 724 excelsior,
2399 675 2464 715 eo
2495 662 2686 733 majori
2717 665 3056 734 perfectione
3082 678 3136 725 et
3168 671 3518 731 absolutione

1943 746 2169 818 indiget.
2228 750 2407 821 Atque
2460 753 2507 809 is
2564 756 2814 825 quidem,
2863 760 2955 830 qui
3010 775 3039 816 a
3094 778 3183 819 me
3226 767 3433 824 colitur
3463 779 3518 826 et

1939 838 2218 905 adoratur,
2262 845 2460 899 ctelum
2497 846 2656 914 fecit,
2697 859 2896 907 terram
2927 856 3235 917 constituit.
3267 870 3517 919 mortuos

1939 932 2248 1001 suscitavit,
2292 939 2452 993 caecis
2490 941 2668 995 visum
2713 945 2971 1012 reddidit,
3004 948 3254 1019 leprosos
3280 958 3513 1021 curavit,

1943 1027 2285 1097 paralyticos
2319 1034 2495 1087 erexit
2526 1053 2539 1089 :
2568 1035 2732 1106 idque
2762 1039 2876 1093 sola
2915 1041 3199 1099 voluntate
3231 1056 3287 1100 et
3321 1048 3514 1104 verbo.

1937 1115 2043 1181 Qui
2073 1131 2254 1175 autem
2284 1138 2311 1175 a
2341 1125 2497 1179 vobis
2526 1125 2790 1183 dicuntur
2820 1140 2876 1186 et
2904 1132 3164 1189 coluntur
3195 1137 3297 1204 dil,
3333 1142 3515 1199 nescio

1935 1225 2003 1263 an
2038 1213 2240 1283 aliquid
2269 1213 2374 1271 tale
2407 1217 2660 1285 fecerint,
2690 1233 2785 1278 aut
2811 1226 3027 1295 possint
3051 1231 3280 1287 omnino
3309 1232 3512 1288 facere.

1934 1300 2002 1355 Et
2043 1304 2091 1357 si
2130 1306 2284 1370 velis,
2324 1308 2374 1363 id
2411 1324 2557 1365 nunc
2606 1325 2663 1366 re
2712 1314 2829 1384 ipsa
2863 1318 3236 1387 experiamur.
3274 1325 3514 1378 Accedat

1937 1394 2046 1449 huc
2093 1400 2293 1469 aliquis
2340 1416 2404 1456 ex
2447 1403 2514 1458 iis
2550 1406 2639 1474 qui
2676 1407 2927 1465 laborant
2960 1413 3513 1477 immedicabiliter,et

1934 1501 2165 1555 quorum
2193 1494 2534 1549 curationem
2560 1497 2813 1569 desperat
2842 1515 2930 1557 ars
2955 1503 3188 1559 humana
3212 1514 3264 1560 et
3293 1521 3507 1563 manus.

1934 1580 2216 1638 Accedant
2250 1595 2435 1641 autem
2483 1590 2669 1654 etiam,
2721 1593 2816 1659 qui
2867 1604 2997 1650 sunt
3023 1598 3166 1667 apud
3199 1613 3296 1654 vos
3327 1616 3513 1657 sacer~

1934 1670 2113 1727 dotes.
2143 1672 2348 1730 Deinde
2387 1679 2456 1733 ab
2484 1680 2565 1735 eis
2599 1682 2821 1750 quidem
2855 1696 2982 1741 sunt
3013 1690 3247 1758 primum
3279 1692 3353 1746 dii
3388 1693 3511 1748 illo-

1933 1778 2054 1818 rum
2091 1766 2377 1823 invocandi
2412 1788 2425 1823 :
2468 1790 2497 1825 a
2528 1786 2615 1827 me
2649 1786 2831 1830 autem
2867 1795 2912 1832 IS
2951 1796 3113 1850 quem
3147 1786 3287 1839 colo.
3322 1787 3382 1839 Et
3415 1791 3509 1859 qui

1934 1858 2252 1915 nominatus
2296 1863 2546 1919 morbum
2589 1865 2880 1937 fugaverit,
2913 1872 2959 1926 is
2988 1874 3131 1928 Deus
3160 1878 3311 1932 solus
3348 1896 3508 1952 repu-

244 1930 312 1983 ἃν
352 1931 686 2000 ὀνομασθεὶς
722 1933 941 2002 φυγάδα
976 1934 1094 2006 θείη
1141 1938 1242 2007 τὴν
1275 1939 1454 2004 νόσον,
1490 1933 1647 2003 οὗτος
1691 1941 1816 2002 Θεὸς

2652 1930 2675 1937 -
2868 1930 2878 1935 -
3174 1930 3177 1931 ν
3260 1930 3306 1932 η
3348 1930 3477 1952 -ντν

1933 1956 2076 2003 tetur
2105 1960 2159 2003 et
2189 1951 2400 2007 colatur
2432 1972 2446 2008 :
2476 1956 2612 2012 alios
2640 1971 2823 2014 autem
2857 1963 2910 2015 in
2946 1966 3144 2021 malam
3176 1984 3286 2023 rem
3316 1983 3510 2027 aman-

245 2022 410 2091 μόνος
444 2025 539 2076 καὶ
563 2024 870 2093 λογιζέσθω
896 2027 1070 2098 δήπου
1099 2028 1194 2080 καὶ
1222 2030 1540 2094 σεϐαζέσθω
1561 2045 1575 2059 °
1613 2031 1742 2092 τοὺς
1768 2030 1824 2084 at

238 2114 437 2178 ἄλλους
475 2115 738 2186 οἰμώζειν
775 2118 980 2189 ἐῶμεν,
1028 2121 1200 2190 λήθην
1244 2122 1424 2173 αὐτῶν
1460 2120 1681 2190 μακρὰν
1725 2137 1825 2173 κα-

237 2210 539 2276 ταχέαντες
563 2248 577 2262 .
607 2210 848 2278 Ἤρεσκε
880 2211 1051 2262 ταῦτα
1076 2213 1151 2279 τῷ
1184 2212 1414 2280 βασιλεῖ.
1449 2209 1585 2265 Θεοῦ
1618 2213 1725 2281 γὰρ
1753 2210 1824 2282 ἦν

237 2299 399 2351 τοῦτο
430 2302 530 2352 καὶ
571 2301 669 2369 τῆς
704 2302 919 2355 ἄνωθεν
960 2304 1221 2373 προνοίας
1268 2306 1581 2376 οἰκονομία,
1623 2307 1711 2359 ἵνα
1756 2306 1822 2374 δὴ

234 2386 305 2436 τά
335 2386 437 2453 τῆς
466 2386 708 2450 πίστεως
740 2391 838 2442 καὶ
869 2392 983 2454 τοῖς
1013 2392 1232 2465 ἐχθροῖς
1260 2396 1613 2465 ἀναμφίλογα
1644 2391 1699 2469 ᾖ,
1724 2397 1823 2449 καὶ

234 2476 411 2539 οὕτως
442 2480 501 2531 ὲν
530 2480 608 2551 τῷ
650 2488 927 2553 προφανεῖ
958 2486 1159 2556 μᾶλλον
1192 2488 1470 2558 νικήσειεν
1496 2492 1527 2559 ἡ
1561 2490 1819 2561 ἀλήθεια.

306 2569 404 2627 lA'.
444 2576 672 2642 Ἀγεται
706 2579 886 2629 τοίνυν
937 2582 1016 2642 είς
1049 2582 1215 2647 μέσον
1272 2582 1604 2651 παρειμένος
1655 2584 1822 2653 ἀνὴρ,

233 2664 560 2735 κλινοπετὴς
590 2667 666 2720 ὢν
719 2669 926 2737 καὶτῷ
972 2672 1277 2741 παραμόνῳ
1332 2674 1563 2741 παρέσει
1619 2675 1820 2743 μικροῦ

233 2758 400 2810 πλέον
436 2760 539 2828 τῆς
570 2759 802 2828 ἐχούσης
830 2761 991 2813 αὑτὸν
1022 2761 1211 2832 κλίνης
1246 2762 1380 2835 μηδὲ
1410 2764 1678 2818 κινεῖσθαι
1726 2764 1819 2818 δυο

231 2851 493 2918 νάμευος.
530 2852 905 2921 Παριστάντες
945 2850 1039 2907 οὖν
1068 2856 1117 2907 οἱ
1147 2856 1255 2908 τῶν
1298 2857 1544 2925 ματαίων
1579 2858 1715 2911 θεῶν
1742 2861 1788 2911 is

234 2945 347 3013 ρεῖς
384 2959 446 2994 τε
472 2944 566 2996 καὶ
606 2944 780 3016 ἰατροὶ
812 2948 1190 3015 ματαιότατοι,
1219 2947 1267 2999 σί
1319 2950 1418 3017 μὲν
1463 2950 1814 3020 Ἀσκληπιὸν,

229 3036 279 3087 oi
312 3037 367 3088 δὲ
404 3036 528 3099 Δία,
559 3039 607 3088 οξ
637 3037 691 3090 δὲ
733 3040 1021 3107 Ἄρτεμιν,
1074 3041 1225 3093 ἄλλοι
1260 3040 1314 3093 δὲ
1372 3042 1565 3106 ἄλλους
1618 3048 1819 3097 ἐπεκα-

227 3126 441 3191 λοῦντο,
497 3129 717 3198 ἀνόητοι
777 3132 1021 3197 ἀνοήτων
1082 3133 1259 3184 ίκέται
1315 3134 1687 3203 δεικνύμενοι,
1723 3138 1816 3190 καὶ

232 3220 471 3285 μάλιστα
499 3221 558 3269 ἐν
586 3219 756 3283 οὕτως
790 3221 1009 3292 ὲκτὸπῳ
1044 3224 1136 3276 καὶ
1176 3225 1452 3294 ὑπερφυεῖ
1506 3228 1810 3297 πράγματι·

1929 2038 2145 2102 demus,
2174 2057 2270 2097 eos
2298 2061 2490 2116 magna
2518 2049 2818 2108 obruentes
2844 2054 3140 2113 oblivione.
3175 2060 3507 2119 Placuerunt

1929 2129 2044 2185 haec
2082 2133 2422 2204 imperatori.
2464 2140 2594 2197 Erat
2628 2147 2773 2200 enim
2806 2147 2907 2203 hoc
2947 2149 3037 2205 Dei
3068 2161 3122 2206 et
3154 2154 3354 2212 divinae
3386 2160 3507 2229 ejus

1927 2226 2289 2292 providentia
2332 2234 2647 2300 consilium,
2683 2249 2743 2292 ut
2773 2242 2852 2297 sic
2885 2256 3030 2301 recta
3065 2248 3200 2306 fides
3235 2254 3317 2308 vel
3359 2226 3506 2327 apud

1926 2313 2076 2383 ipsos
2141 2318 2400 2377 inimicos
2454 2338 2602 2384 esset
2657 2331 2794 2385 citra
2847 2343 3305 2412 controversiam,
3339 2358 3395 2403 et
3448 2350 3502 2403 iu

1925 2417 2120 2475 aperto
2156 2412 2331 2482 magis
2370 2414 2619 2477 vinceret
2670 2426 2895 2483 veritas.

1997 2566 2136 2671 xiv.
2164 2572 2471 2630 Adducitur
2499 2582 2684 2652 itaque
2703 2586 2754 2641 in
2776 2590 3014 2646 medium
3042 2594 3124 2647 vir
3150 2600 3500 2672 paralyticus,

1923 2660 2016 2727 qui
2043 2660 2154 2727 jam
2188 2664 2351 2735 longo
2385 2680 2632 2740 tempore
2686 2677 3053 2739 decumbebat
3092 2660 3165 2740 ἱει-
3194 2660 3358 2755 lecto,
3420 2705 3476 2749 et

1921 2752 2013 2819 qui
2056 2760 2445 2823 propemodum
2478 2777 2586 2817 non
2622 2780 2833 2833 poterat
2863 2776 3032 2845 magis
3065 2782 3292 2843 moveri,
3338 2797 3502 2853 quam

1921 2846 2013 2914 qui
2049 2863 2172 2902 eum
2219 2853 2438 2907 tenebat
2482 2856 2676 2915 lectus.
2722 2862 2857 2917 Cum
2907 2866 3089 2935 itaque
3136 2877 3500 2933 accessissent

1921 2952 2188 2995 vanorum
2229 2944 2452 2999 deorum
2486 2951 2822 3015 sacerdotes,
2863 2966 2917 3010 et
2949 2959 2985 3011 ii
3020 2961 3112 3029 qui
3146 2967 3347 3020 versati
3380 2968 3500 3024 fue‘

1921 3042 2043 3085 rant
2096 3034 2149 3087 in
2207 3038 2497 3102 medicina,
2555 3044 2646 3099 alii
2698 3048 2918 3116 quidem
2950 3050 3354 3127 Esculapium,
3407 3063 3497 3117 alii

1918 3140 2050 3179 vero
2106 3125 2318 3192 Jovem,
2372 3133 2465 3186 alii
2511 3148 2692 3190 autem
2747 3140 2993 3206 Dianam,
3043 3145 3133 3201 alii
3182 3166 3313 3205 vero
3363 3156 3498 3213 alios

1920 3215 2055 3273 deos
2104 3219 2456 3292 invocabant,
2502 3239 2748 3287 amentes
2782 3234 2847 3287 iis
2892 3237 3057 3294 rebus
3099 3245 3494 3314 supplicantes,

229 3308 342 3361 ἴσον
376 3310 487 3379 γάρ
515 3306 579 3379 ἦν
617 3312 778 3364 αὐτὸν
810 3314 1082 3383 ρᾳσθήναι
1110 3317 1205 3368 καὶ
1234 3320 1361 3379 τοὺς
1409 3318 1629 3372 ἐκείνων
1659 3320 1813 3384 θεοὺς

1921 3325 2043 3377 qua:
2080 3325 2262 3370 mente
2291 3326 2346 3371 et
2376 3333 2541 3375 sensu
2588 3336 2798 3388 carent,
2832 3338 2888 3383 et
2928 3335 3165 3390 maxime
3197 3338 3254 3391 iu
3290 3355 3349 3395 re
3385 3350 3493 3396 tam

225 3404 489 3473 αἴσθησιν
522 3404 754 3475 ὀφθῆναι
792 3409 884 3460 καὶ
920 3408 1078 3477 λόγον
1111 3411 1357 3480 ἔχοντας.
1412 3412 1543 3466 Τίνα
1605 3408 1698 3466 οὖν
1745 3410 1814 3467 τά

224 3495 399 3559 οὕτως
437 3497 631 3566 ἄφωνα
668 3500 759 3552 καὶ
813 3503 993 3569 κωφὰ,
1028 3502 1150 3557 τίνα
1183 3506 1447 3576 παρέχειν
1478 3507 1658 3570 ἄλλοις
1686 3507 1814 3577 ἡδύ-

227 3606 389 3642 ναντο
415 3591 738 3659 θεραπείανῖ
767 3591 981 3645 Οὔκουν
1011 3596 1129 3648 οὐδὲ
1154 3600 1450 3666 παρέσχον,
1481 3600 1615 3652 ἀλλὰ
1644 3600 1813 3653 πολλὰ

223 3682 335 3734 τῶν
369 3682 680 3751 εἰρημένων
710 3686 1118 3754 αἰτηςαμένων,
1152 3688 1285 3741 αὐτὸ
1308 3688 1469 3741 τοῦτο
1503 3691 1641 3758 ὅπερ
1673 3690 1811 3761 ἦσαν

225 3777 320 3825 καὶ
350 3776 466 3834 τοῖς
494 3772 770 3843 δεηθεῖσιν
796 3777 1103 3848 ἐφάνησαν.
1138 3776 1242 3840 Οὒς
1276 3782 1303 3831 ὀ
1329 3780 1647 3834 Παντολέων
1668 3784 1810 3852 ὀρῶν

223 3865 548 3935 μειδιάματι
578 3868 848 3937 εὐπρεπεῖ
877 3870 976 3941 τὴν
1011 3872 1409 3939 ματαιοπονίαν
1442 3875 1623 3928 αὐτῶν
1673 3878 1810 3945 ἐμυ-

218 3960 511 4027 κτήρισεν.
568 3959 720 4012 Ἐπεὶ
753 3961 812 4014 δὲ
872 3964 968 4013 xal.
1002 3964 1162 4024 αὐτὸς
1192 3966 1292 4032 τὴν
1330 3966 1621 4037 ἐπίκλησιν
1675 3971 1807 4022 έπε-

214 4050 426 4119 τράπη,
455 4051 605 4117 αἴρει
635 4046 732 4118 μὲν
769 4051 829 4102 τὸ
855 4052 1009 4120 ὄμμα
1046 4055 1126 4116 είς
1154 4055 1247 4107 τὸν
1277 4056 1533 4123 οὐρανὸν,
1567 4074 1806 4112 συνανα-

214 4142 384 4192 τείνει
428 4140 487 4192 δὲ
538 4142 717 4212 τούτῳ
753 4145 847 4196 καὶ
878 4144 976 4216 τὴν
1001 4144 1264 4213 διάνοιαν,
1306 4149 1419 4214 καὶ,
1448 4152 1644 4217 Κύριε,
1686 4155 1805 4205 εισ-

211 4231 508 4293 ἁκουσον.
530 4234 655 4302 ἔφη,
686 4234 793 4303 τῆς
824 4238 1175 4305 προσευχῆς
1201 4257 1342 4307 μου,
1388 4242 1484 4294 καί
1514 4242 1551 4309 ti
1577 4246 1805 4312 κραυγή

204 4342 326 4393 μου
358 4330 518 4393 πρὸς
546 4329 620 4380 σὲ
650 4329 891 4381 ἐλθέτω·
919 4330 1004 4397 μὴ
1035 4330 1431 4400 ἀποστρέψῃ(-
1480 4336 1548 4387 τὸ
1574 4338 1807 4403 πρόσω-

210 4422 332 4473 πόν
356 4436 482 4473 σου
509 4418 611 4471 ἀπ’
638 4419 815 4486 ἐμοῦ,
842 4416 965 4491 ἐνῇ
992 4420 1065 4474 ἂν
1087 4423 1275 4490 ἡμέρᾳ
1301 4426 1808 4494 ολίσωμαικλῒνον

206 4519 361 4587 πρός
389 4533 471 4585 με
502 4516 568 4568 τὸ
602 4511 711 4581 οὖς
741 4531 879 4570 σου*
906 4518 976 4570 ἐν
1016 4513 1054 4589 ᾖ
1078 4519 1154 4572 ἂν
1189 4522 1378 4589 ἡμέρᾳ
1431 4522 1805 4577 ἐπικαλέσω-

1920 3416 2195 3471 ntagna.et
2226 3424 2347 3474 qua:
2379 3426 2548 3479 usque
2578 3414 2712 3472 adeo
2742 3422 3035 3484 superabat
3066 3437 3339 3486 naturam.
3369 3433 3496 3488 Erat

1920 3495 2067 3549 enim
2101 3512 2257 3567 atque
2296 3500 2539 3569 difficile,
2569 3516 2624 3559 et
2656 3507 2829 3577 ipsum
2866 3514 3276 3588 convalescere,
3311 3534 3369 3579 et
3408 3527 3494 3579 vi-

1916 3586 2031 3642 deri
2064 3588 2282 3646 illorum
2316 3593 2446 3650 deos
2479 3610 2643 3652 sensu
2676 3609 2731 3654 et
2764 3602 2974 3659 ratione
3012 3586 3286 3675 praeditos.
3332 3614 3494 3681 Qua»

1916 3696 2041 3735 nam
2094 3686 2239 3738 enim
2274 3687 2411 3742 adeo
2454 3700 2603 3745 muta
2632 3702 2685 3747 et
2714 3696 2883 3749 surda
2914 3711 3143 3766 possunt
3169 3704 3293 3760 aliis
3329 3709 3491 3764 ullam

1913 3776 2160 3841 prmbere
2193 3782 2585 3837 curationem?
2632 3784 2770 3855 Ergo
2816 3803 2920 3843 nec
2966 3793 3322 3861 praebuerunt
3351 3817 3364 3851 :
3392 3804 3490 3857 sed

1912 3883 2037 3922 cum
2074 3871 2239 3926 multa
2268 3874 2561 3943 petiissent
2588 3876 2627 3931 ii
2661 3880 2751 3947 qui
2789 3881 2922 3936 dicti
2960 3896 3113 3949 sunt,
3149 3886 3253 3945 hoc
3310 3890 3487 3960 ipsum

1912 3963 2056 4031 quod
2089 3973 2265 4027 erant,
2303 3976 2499 4035 nempe
2522 3968 2746 4036 lapides,
2779 3971 2845 4025 iis
2870 3976 2961 4040 qui
2998 3978 3281 4047 rogabant,
3303 3988 3491 4052 aperte.

1911 4064 2308 4121 apparuerunt.
2361 4057 2636 4125 Rogantes
2686 4072 2870 4117 autem
2926 4065 3118 4120 videns
3167 4069 3486 4137 Pantoleou.

1911 4144 2132 4200 inanem
2183 4163 2373 4202 eorum
2420 4150 2661 4207 laborem
2714 4154 2915 4211 decore
2965 4161 3321 4227 subridendo,
3358 4166 3491 4220 sub-

1910 4239 2183 4293 sannavit.
2252 4239 2543 4310 Postquam
2578 4261 2708 4298 vero
2760 4247 2873 4317 ipse
2906 4265 3125 4320 quoque
3168 4253 3355 4322 jussus
3384 4257 3487 4311 fuit

1909 4330 2189 4397 invocare,
2239 4333 2379 4389 tollit
2413 4336 2633 4405 quidem
2672 4340 2724 4393 in
2771 4341 2969 4396 cmlum
3000 4345 3212 4412 oculos,
3248 4364 3370 4403 cum
3406 4349 3476 4405 iis

1907 4435 2089 4480 autem
2137 4428 2349 4483 extollit
2385 4444 2600 4492 vocem,
2669 4439 2746 4495 et,
2773 4433 3017 4501 Domine,
3063 4436 3258 4508 inquit,
3289 4444 3484 4496 exaudi

1908 4519 2203 4572 orationem
2246 4534 2441 4584 meam,
2491 4530 2542 4575 et
2584 4521 2789 4578 clamor
2815 4542 2959 4581 meus
2990 4531 3059 4581 ad
3099 4540 3148 4585 te
3176 4535 3373 4589 ueniat.
3405 4536 3487 4591 Ne

198 4611 312 4676 μαί
331 4624 410 4663 σε
454 4608 612 4677 ταχὺ
660 4609 1010 4666 ἐπάκουσον
1050 4629 1192 4681 μου,
1248 4616 1341 4667 καὶ
1388 4614 1560 4681 δεῖξον
1594 4619 1705 4679 τοῖς
1742 4634 1801 4670 σε

1921 4621 2116 4666 avertas
2165 4614 2354 4683 [aciem
2403 4625 2555 4668 tuam
2592 4632 2626 4669 a
2674 4634 2799 4682 me;
2829 4619 2883 4671 in
2912 4636 3224 4693 quacunque
3251 4626 3337 4679 die
3382 4629 3485 4680 tri-

203 4701 469 4769 άγνοοῦςι
532 4704 626 4755 καὶ
678 4707 789 4766 τοῖς
850 4705 925 4775 μὴ
975 4700 1094 4758 οὖσι
1142 4704 1459 4774 σεϐομένοις
1502 4708 1665 4771 θεοῖς,
1719 4711 1801 4764 δτι

201 4797 390 4850 mi“:
443 4794 696 4859 δύνπαιν
754 4796 1009 4864 Βωιλεῧν
1078 4797 1332 4851 ἀδυνατεί
1390 4798 1447 4852 δέ
1504 4817 1584 4854 σοι
1621 4802 1798 4858 οὐδέν.

201 4889 401 4951 Οὕτως
419 4887 548 4957 ’ἔφη
584 4884 675 4939 καὶ
706 4886 804 4957 τῆς
843 4888 1023 4959 χειρὸς
1049 4887 1331 4958 ἁψάμενος
1364 4886 1459 4940 τοῦ
1514 4891 1798 4959 κειμένου,

199 4986 294 5040 Ἑν
350 4986 436 5055 τῷ
474 4984 729 5051 ὀνόματι,
784 4984 956 5050 λέγει,
997 4984 1236 5056 Χριστοῦ
1292 4984 1388 5037 τοῦ
1442 4985 1799 5057 άνορθοῦντος

199 5079 328 5139 τοὺς
361 5077 881 5145 κατερῤαγμένους,
913 5078 1072 5148 ὑγιὴς
1102 5076 1193 5130 ἔσο
1221 5079 1309 5129 καὶ
1335 5077 1503 5143 ὑγιῶς
1550 5081 1663 5139 τοῖς
1701 5080 1800 5148 μὲ-

199 5167 319 5221 λεσι
364 5166 682 5239 χρώμενος.
728 5165 894 5221 Εἶπεν
928 5170 1016 5221 καὶ
1047 5171 1074 5221 ό
1097 5168 1252 5237 λόγος
1281 5171 1357 5232 είς
1395 5170 1555 5238 ἔργον
1607 5169 1794 5239 ἐξέϐη,

202 5263 295 5312 καὶ
327 5262 362 5327 ἠ
408 5260 575 5327 κλίνη
608 5259 702 5313 τὸν
757 5263 1091 5331 παρειμένον
1147 5261 1355 5323 οὐκέτι,
1392 5261 1506 5313 ἀλλ’
1534 5263 1583 5314 οί
1635 5263 1796 5326 πόδες

204 5348 346 5422 εἶχον
366 5352 575 5406 ἑαυτοῦ
599 5351 941 5423 θαρρούντως
963 5354 1216 5425 βαίνοντα
1240 5354 1333 5407 καὶ
1356 5353 1544 5428 σχεδὸν
1565 5352 1791 5426 ᾁττοντα

203 5448 294 5500 καὶ
329 5445 467 5497 εὐθὺ
501 5447 657 5499 οἴκου
689 5446 830 5515 μετά
877 5447 1085 5518 θερμῆς
1143 5448 1274 5515 ὅσης
1330 5448 1427 5517 τῆς
1462 5446 1655 5517 ἡδονῆς
1692 5458 1790 5500 πο-

204 5539 531 5609 ρευόμενον.

1906 4702 2077 4767 bulor,
2106 4703 2300 4757 inclina
2338 4706 2410 4758 ad
2442 4722 2524 4759 me
2556 4722 2744 4760 aurem
2773 4717 2943 4768 tuam.
2976 4710 3045 4766 In
3074 4729 3181 4782 qua
3208 4715 3295 4770 die
3332 4717 3486 4772 inuo-

1904 4812 2090 4856 cavero
2111 4805 2179 4859 te,
2208 4799 2447 4853 celeriter
2472 4801 2669 4855 exaudi
2696 4804 2838 4872 me‘;
2869 4816 2925 4860 et
2949 4810 3179 4863 ostende
3214 4811 3280 4865 iis
3307 4815 3397 4881 qui
3430 4824 3483 4867 te

1907 4891 2181 4960 ignorant,
2231 4899 2285 4945 ct
2336 4905 2433 4947 eos
2481 4894 2572 4963 qui
2628 4910 2739 4949 non
2792 4905 2941 4961 sunt,
2994 4899 3130 4957 deos
3184 4903 3393 4968 colunt,
3430 4908 3482 4965 te

1903 4983 2082 5043 omnia
2122 4997 2302 5051 posse,
2338 4998 2371 5035 ο
2403 4982 2539 5045 Rex,
2564 4995 2653 5040 tua
2689 4992 2953 5057 potentia.
2984 4990 3129 5047 Nihil
3162 5004 3244 5049 est
3274 5007 3480 5057 autem.

1901 5076 2042 5145 quod
2075 5092 2102 5128 a
2139 5087 2191 5131 te
2225 5093 2332 5132 non
2371 5080 2546 5149 possit
2579 5082 2718 5135 ticri.
2754 5081 2844 5137 Sic
2874 5085 3017 5142 dixit
3046 5103 3061 5145 ί
3091 5098 3148 5144 et
3176 5105 3301 5145 cum
3344 5094 3482 5147 teti-

1903 5169 2070 5236 gissct
2118 5182 2340 5222 manum
2374 5171 2518 5243 ejus,
2555 5173 2650 5240 qui
2678 5174 2920 5242 jacebat,
2951 5178 3088 5234 dicit
3125 5196 3138 5231 :
3174 5182 3230 5235 In
3258 5185 3485 5238 nomine

1900 5259 2127 5321 Christi,
2156 5261 2248 5330 qui
2280 5261 2440 5334 erigit
2460 5278 2555 5318 eos
2572 5264 2664 5334 qui
2688 5275 2818 5320 sunt
2839 5267 3125 5334 confracti,
3148 5281 3270 5326 esto
3289 5288 3477 5337 sanus.

1904 5362 1961 5408 et
1990 5366 2120 5408 sane
2155 5363 2308 5408 utere
2348 5355 2611 5410 membris
2636 5357 2765 5414 tuis.
2785 5360 2956 5425 Dixit,
2979 5371 3033 5416 et
3062 5362 3287 5419 verbum
3313 5368 3476 5423 etleco

1905 5459 1993 5504 tus
2015 5461 2099 5505 est
2123 5458 2458 5505 consecutus
2486 5467 2501 5505 :
2526 5463 2705 5519 neque
2734 5451 2970 5521 amplius
3031 5451 3211 5510 lectus
3259 5460 3468 5530 paraly-

1909 5539 2099 5609 ticum,
2155 5542 2247 5597 sed
2268 5542 2388 5610 ejus
2423 5542 2589 5611 pedes
2614 5543 2980 5609 sustinebant,
3006 5547 3263 5604 audacter
3290 5550 3477 5621 ingre-

200 5634 469 5692 dientem,
511 5639 569 5685 et
603 5631 999 5701 propemodum
1074 5632 1441 5692 exsilientem,
1475 5640 1530 5685 et
1563 5634 1745 5687 statim
1780 5650 1902 5689 cum
1940 5647 2135 5704 magna
2168 5633 2443 5701 voluptate
2475 5634 2640 5689 domo
2667 5635 3061 5707 egredientem.

269 5728 368 5783 ιε’.
400 5727 479 5782 Οὐ
515 5726 683 5795 μέχρι
706 5724 896 5779 τούτου
931 5726 997 5778 τὰ
1027 5727 1127 5797 τῆς
1159 5726 1454 5799 θεραπείας
1490 5726 1643 5799 ἔστη,
1674 5727 1789 5779 ἀλλ’

314 5895 510 5959 ‘Psal.
549 5915 625 5966 ct,
663 5898 717 5966 2,
752 5902 804 5956 5.

1974 5725 2083 5781 XV.
2117 5723 2301 5797 Neque
2337 5742 2462 5783 vero
2499 5728 2565 5782 ad
2610 5743 2733 5783 eum
2770 5743 2942 5799 usque
2973 5730 3219 5787 constitit
3240 5735 3473 5801 curatio.
