4180 6524
231 484 330 552 £61

1384 487 1556 549 VlTA
1593 487 1655 546 S.
1696 481 2348 548 PANTELEEMONIS.

3378 487 3483 551 462

230 598 486 673 ηγεῖσθαι
533 602 615 656 δεῖ
687 602 780 656 καὶ
811 601 1093 674 ἀλήθειαν.
1162 602 1226 655 Ἠ
1247 600 1304 656 δὲ
1355 602 1485 671 περί
1534 601 1596 654 τὸ
1650 599 1805 653 Θεῖον

1919 599 2073 654 [idem
2122 609 2178 655 et
2229 602 2542 655 veritatem.
2596 597 2654 654 lu
2691 600 2862 657 Deum
2902 610 3085 656 autem
3132 600 3335 672 pietas,
3372 618 3481 673 quo

231 695 490 751 εὐσέϐεια
514 698 640 750 ὅσον
664 696 995 766 ὑψηλοτέρα,
1021 694 1281 749 τοσοῦτον
1305 692 1416 763 ἄρα
1437 694 1532 747 καὶ
1564 694 1810 757 πλείονος

230 789 459 860 δεομένη
491 790 593 859 τῆς
622 789 930 861 ἀκριϐείας.
977 789 1034 841 '0
1060 789 1157 858 μὶν
1185 782 1278 842 οὖν
1310 787 1440 858 παρ’
1473 787 1610 859 ἐμοῦ
1644 804 1810 859 προσ-

230 898 396 935 κυνου
406 899 566 952 μενος
605 883 837 952 οὐρανὸν
872 884 1119 951 ἐποίησε,
1142 882 1245 948 γῆν
1276 881 1577 951 ὑπέστησε,
1599 883 1812 950 νεκροῖς

229 977 556 1039 ἀνάστασιν,
604 976 831 1043 τυφλοῖς
877 974 1195 1043 ἀνάϐλεψιν,
1238 973 1463 1043 λεπροῖς
1517 973 1807 1044 κάθαρσιν,

230 1068 595 1137 παρειμένοις
659 1067 962 1136 ἀνόρθωσιν
993 1064 1264 1135 θελήματι
1327 1065 1475 1135 μόνῳ
1528 1066 1623 1118 καὶ
1670 1063 1810 1134 λόγῳ

231 1160 501 1229 παρέσχε.
534 1158 659 1210 Θεοὶ
690 1159 745 1211 δὲ
777 1161 826 1210 oi
856 1158 987 1227 παρ’
1020 1156 1176 1225 ὑμῶν
1202 1151 1493 1225 λεγόμενοι
1523 1158 1618 1209 καὶ
1652 1157 1809 1210 656d-

234 1267 389 1321 μενοι
420 1252 521 1303 οὐκ
552 1248 671 1304 οἶδα
723 1251 776 1301 εἴ
811 1265 865 1302 τι
906 1249 1151 1303 τοιοῦτον
1182 1244 1215 1320 ἢ
1254 1251 1584 1319 εἰργάσαντο
1611 1246 1643 1318 ἢ
1676 1251 1811 1313 ὅλως

230 1343 341 1395 sisi
406 1342 629 1395 δυνατοὶ
690 1341 1059 1410 ἐργάσασθαι.
1114 1342 1176 1394 ΕΙ
1234 1341 1293 1394 δὲ
1346 1342 1543 1411 βούλει.
1588 1342 1681 1392 καὶ
1713 1339 1809 1391 νῦν

230 1435 416 1497 αὐτοῖς
448 1434 763 1503 πράγμασι,
810 1432 1058 1502 βασιλεῦ,
1095 1433 1194 1503 τὴν
1223 1431 1454 1502 βάσανον
1487 1431 1685 1500 δῶμεν,
1720 1429 1811 1484 καὶ

231 1522 562 1596 παρελθέτω
598 1540 679 1586 τις
719 1524 957 1576 ἐνταῦθα
1001 1525 1110 1575 τῶν
1144 1524 1339 1577 ἀνίατα
1385 1521 1685 1576 νοσούντων
1719 1524 1811 1576 καὶ

228 1612 304 1671 ὧν
352 1617 674 1687 ἀνθρωπίνη
752 1619 920 1688 τέχνη
967 1620 1065 1670 καὶ
1135 1620 1256 1687 χεὶρ
1318 1614 1658 1684 ἀπαγορεύει
1710 1615 1811 1684 τὴν

230 1711 1009 1782 θεραπείαν.ῐ]αρελθέτωσαν
1033 1702 1087 1762 δὲ
1117 1712 1208 1762 καὶ
1231 1710 1278 1760 οἱ
1309 1712 1439 1779 παρ’
1464 1706 1594 1778 ὑμῖν
1622 1710 1806 1782 ἱερεῖς.

229 1799 363 1856 Εἶτα
394 1804 723 1873 ἐπικλητέον
757 1804 991 1864 ἐκείνοις
1027 1802 1127 1870 μὲν
1168 1799 1408 1870 πρώτοις
1442 1802 1568 1863 τοὺς
1600 1797 1813 1853 ἑαυτῶν

230 1896 412 1960 θεοὺς,
447 1898 574 1966 ἐμοὶ
618 1886 672 1948 δὲ
705 1899 798 1948 τὸν
833 1894 927 1947 ὑπ’
976 1893 1112 1963 ἐμοῦ
1157 1893 1559 1963 λατρευόμενον
1608 1891 1724 1956 καὶ,
1752 1891 1812 1954 ὃς

1912 702 1998 747 est
2040 692 2333 759 excelsior,
2365 709 2431 749 eo
2462 693 2653 764 majori
2685 693 3024 764 perfectione
3050 702 3104 750 et
3136 695 3484 752 absolutione

1911 786 2139 856 indiget.
2197 786 2375 856 Atque
2427 787 2474 842 is
2533 786 2783 856 quidem,
2832 787 2924 858 qui
2979 802 3008 842 a
3064 803 3152 843 me
3195 789 3400 845 colitur
3430 798 3485 846 et

1909 877 2189 942 adoratur,
2233 881 2429 934 caelum
2467 879 2626 945 fecit,
2667 890 2866 936 terram
2896 882 3203 940 constituit.
3235 891 3484 937 mortuos

1911 970 2219 1036 suscitavit,
2263 973 2422 1027 caecis
2461 973 2639 1027 visum
2684 973 2942 1039 reddidit,
2974 975 3224 1044 leprosos
3250 978 3482 1041 curavit,

1915 1064 2257 1134 paralyticos
2292 1068 2467 1121 erexit
2498 1086 2512 1121 :
2541 1067 2704 1137 idque
2734 1067 2849 1122 sola
2886 1067 3170 1123 voluntate
3202 1079 3257 1123 et
3290 1068 3484 1125 verbo.

1911 1154 2017 1221 Qui
2047 1169 2228 1211 autem
2258 1173 2285 1211 ε
2315 1159 2470 1212 vobis
2500 1157 2764 1213 dicuntur
2793 1168 2849 1214 et
2877 1159 3136 1215 coluntur
3168 1160 3269 1227 dil,
3304 1161 3487 1218 nescio

1910 1266 1978 1302 an
2013 1250 2215 1320 aliquid
2244 1248 2349 1305 tale
2382 1251 2635 1315 fecerint,
2664 1262 2760 1307 aut
2786 1254 3001 1323 possint
3025 1254 3253 1309 omnino
3282 1253 3484 1308 facere.

1910 1339 1978 1394 Et
2019 1342 2068 1396 si
2106 1343 2261 1406 velis,
2300 1343 2351 1397 id
2386 1358 2533 1397 nunc
2581 1357 2638 1397 re
2687 1343 2805 1414 ipsa
2838 1344 3211 1414 experiamur.
3250 1345 3490 1399 Accedat

1913 1434 2023 1488 huc
2070 1437 2271 1505 aliquis
2318 1451 2381 1490 ex
2423 1436 2490 1490 iis
2527 1437 2616 1505 qui
2653 1437 2904 1492 laborant
2936 1439 3490 1496 lmmedicabiliter.et

1912 1541 2144 1595 quorum
2172 1528 2511 1583 curationem
2537 1529 2791 1599 desperat
2819 1544 2907 1584 ars
2932 1530 3166 1584 humana
3190 1536 3242 1583 et
3271 1543 3485 1583 manus.

1914 1618 2196 1674 Accedant
2230 1629 2414 1674 autem
2461 1622 2648 1685 etiam,
2700 1622 2795 1689 qui
2847 1630 2976 1676 sunt
3002 1622 3145 1692 apud
3178 1636 3275 1676 vos
3306 1636 3492 1677 sacer-

1915 1709 2094 1765 dotes.
2124 1710 2328 1765 Deinde
2368 1712 2436 1767 ab
2464 1712 2545 1767 eis
2579 1713 2801 1781 quidem
2835 1723 2962 1767 sunt
2993 1714 3228 1783 primum
3260 1714 3334 1768 dii
3368 1714 3491 1768 illo-

1914 1818 2035 1856 rum
2071 1803 2359 1858 invocandi
2393 1821 2407 1857 :
2450 1822 2479 1857 a
2510 1818 2596 1858 me
2631 1816 2812 1859 autem
2848 1823 2894 1860 IS
2933 1823 3095 1876 quem
3129 1809 3269 1862 colo.
3304 1809 3363 1861 Et
3397 1811 3491 1879 qui

1916 1896 2235 1951 nominatus
2278 1896 2529 1951 morbum
2572 1897 2863 1967 fugaverit,
2896 1900 2941 1953 is
2971 1900 3114 1954 Deus
3144 1900 3293 1955 solus
3331 1917 3492 1973 repu-

229 1992 297 2044 ἇν
336 1988 671 2059 ὀνομασθείς
706 1986 925 2056 φυγάδα
961 1986 1079 2056 θείη
1126 1987 1227 2056 τὴν
1260 1986 1439 2050 νόσον,
1474 1977 1631 2046 οὗτος
1674 1983 1806 2043 Θεὸς

1919 1995 2060 2040 tetur
2088 1997 2144 2039 et
2172 1987 2384 2042 colatur
2415 2005 2430 2041 :
2460 1988 2595 2043 alios
2625 2000 2807 2044 autem
2842 1991 2894 2043 in
2930 1991 3128 2046 malam
3160 2007 3271 2046 rem
3301 2004 3495 2047 aman-

232 2082 395 2153 μόνος
428 2083 524 2134 καὶ
548 2080 857 2148 λογιζέσθω
882 2079 1056 2150 δήπου
1084 2076 1180 2130 καὶ
1208 2076 1526 2140 σεδαζέσθω
1546 2089 1560 2104 ο
1598 2074 1726 2134 τοὺς
1752 2072 1809 2124 δὲ

226 2175 423 2237 ἄλλους
461 2171 725 2243 οἰμώζειν
762 2171 968 2242 ἐῶμεν,
1015 2172 1187 2240 λήθην
1232 2169 1411 2221 αὐτῶν
1446 2163 1667 2234 μακράν
1710 2179 1810 2215 κα·

226 2268 528 2336 ταχὲιντες
553 2305 567 2320 .
596 2266 837 2333 Ἤρεσκε
869 2263 1039 2314 ταῦτα
1064 2262 1141 2329 τῷ
1173 2260 1402 2329 βασιλεῖ.
1436 2253 1572 2310 Θεοῦ
1604 2256 1713 2323 γὰρ
1740 2251 1811 2323 ἦν

226 2359 387 2413 τοῦτο
419 2360 520 2410 καὶ
561 2358 659 2425 τῆς
695 2355 909 2410 ἄνωθεν
951 2354 1211 2424 προνοίας
1258 2350 1570 2420 οἰκονομία,
1612 2349 1700 2401 ἴνα
1744 2348 1810 2416 δὴ

225 2448 296 2497 τά
325 2445 427 2512 τῆς
456 2444 699 2505 πίστεως
730 2444 830 2496 καὶ
860 2444 975 2506 τοῖς
1005 2442 1224 2515 ἐχθροῖς
1252 2440 1603 2512 ἀναμφίλογα
1634 2434 1689 2511 ᾖ,
1714 2438 1812 2491 καὶ

226 2537 401 2599 οὕτως
433 2539 493 2589 ὲν
522 2537 600 2607 τῷ
642 2540 920 2607 προφανεῖ
951 2536 1153 2607 μᾶλλον
1185 2535 1463 2605 νικήσειεν
1489 2536 1521 2603 ἡ
1554 2532 1810 2604 ἀλήθεια.

298 2630 396 2687 IA'.
436 2635 666 2699 Ἀγεται
699 2633 880 2684 τοίνυν
931 2634 1010 2693 είς
1044 2632 1210 2698 μέσον
1267 2628 1598 2697 παρειμένος
1649 2627 1815 2694 ἀνὴρ,

228 2725 555 2793 κλινοπετὴς
585 2724 661 2776 ὼν
715 2722 921 2790 καὶτῷ
967 2720 1272 2789 παραμένῳ
1328 2719 1559 2787 παρέσει
1616 2716 1814 2786 μικροῦ

228 2819 394 2872 πλέον
430 2818 535 2886 τῆς
566 2815 798 2884 ἐχούσης
826 2813 987 2865 αὑτὸν
1018 2810 1208 2881 κλίνης
1242 2809 1376 2882 μηδὲ
1407 2808 1676 2862 κινεῖσθαι
1723 2807 1814 2860 δυ-

226 2912 489 2978 νάμενος.
525 2907 901 2977 Παριστάντες
942 2902 1036 2958 οὖν
1066 2906 1114 2957 οἱ
1145 2904 1252 2957 τῶν
1296 2903 1542 2972 ματαίων
1576 2902 1713 2955 θεῶν
1740 2903 1785 2952 is

230 3006 343 3073 ρεῖς
381 3018 442 3054 τε
468 3002 564 3054 καὶ
604 3000 777 3071 ἰατροὶ
810 2999 1188 3068 ματαιότατοι,
1217 2995 1265 3047 οἱ
1317 2996 1416 3064 μὲν
1461 2993 1811 3063 Ἀσκληπιὸν,

227 3097 276 3149 οἱ
310 3097 364 3148 δὲ
402 3095 527 3157 Δία,
558 3095 605 3145 oi
636 3093 690 3145 δὲ
731 3094 1020 3160 Ἄρτεμιν,
1073 3090 1223 3143 ἄλλοι
1259 3088 1313 3141 δὲ
1370 3087 1564 3149 ἄλλους
1617 3090 1817 3139 ἐπεκα-

226 3188 439 3251 λοῦντο,
497 3186 718 3254 ἀνόητοι
777 3186 1021 3249 ἀνοήτων
1082 3183 1259 3233 ἱκέται
1315 3179 1686 3248 δεικνύμενοι,
1723 3179 1816 3231 καὶ

231 3280 472 3346 μάλιστα
499 3278 559 3327 ὲν
587 3275 757 3338 οὕτως
791 3274 1010 3344 ὲκτὸπῳ
1045 3273 1138 3326 καὶ
1177 3273 1452 3341 ὑπερφυεῖ
1507 3271 1811 3340 πράγματι*

1914 2077 2130 2139 demus,
2159 2093 2255 2132 eos
2283 2094 2475 2150 magna
2503 2081 2804 2136 obruentes
2830 2081 3126 2138 oblivione.
3161 2084 3493 2139 Placuerth

1914 2168 2030 2223 haec
2067 2170 2409 2240 imperatori.
2451 2173 2581 2228 Erat
2615 2176 2760 2229 enim
2792 2175 2894 2231 hoc
2933 2176 3024 2231 Dei
3055 2187 3109 2231 et
3142 2177 3342 2234 divina:
3373 2181 3493 2249 ejus

1914 2263 2277 2331 providentia:
2320 2267 2635 2330 consilium,
2671 2279 2730 2322 ut
2761 2270 2839 2325 sic
2873 2281 3017 2327 recta
3053 2273 3188 2330 ﬁdes
3222 2277 3305 2330 vel
3346 2280 3493 2347 apud

1915 2361 2065 2422 ipsos
2129 2361 2389 2411 inimicos
2442 2370 2590 2417 esset
2646 2361 2783 2415 citra
2836 2367 3294 2434 controversiam,
3329 2379 3385 2424 et
3438 2370 3491 2423 iu

1914 2454 2110 2514 aperto
2146 2447 2321 2517 magis
2361 2448 2609 2509 vinceret
2659 2454 2885 2511 veritas.

1988 2604 2129 2662 XIV.
2156 2608 2463 2664 Addueitnr
2491 2614 2676 2682 itaque
2695 2615 2746 2670 in
2768 2616 3007 2672 medium
3034 2620 3116 2673 vir
3142 2622 3493 2694 paralyticus,

1917 2698 2009 2766 qui
2036 2698 2148 2764 jam
2181 2700 2344 2768 longo
2377 2714 2625 2772 tempore
2679 2706 3047 2765 decumbebat
3086 2711 3141 2765 in
3188 2712 3352 2777 lecto,
3413 2726 3470 2769 et

1916 2791 2007 2857 qui
2050 2794 2440 2860 propemodum
2473 2810 2580 2848 non
2616 2809 2828 2864 poterat
2858 2803 3027 2871 magis
3060 2804 3286 2866 moveri,
3332 2817 3496 2874 quam

1916 2884 2009 2953 qui
2044 2900 2167 2938 eum
2214 2886 2433 2941 tenebat
2477 2887 2671 2944 lectus.
2717 2891 2853 2945 Cum
2902 2892 3086 2961 itaque
3133 2898 3495 2954 accessissent

1917 2990 2185 3031 vanorum
2226 2979 2449 3033 deormu
2483 2981 2819 3043 sacerdotes.
2860 2992 2914 3037 et
2946 2985 2983 3038 ii
3017 2987 3109 3055 qui
3144 2988 3343 3042 versati
3378 2990 3497 3045 {uei-

1920 3079 2040 3123 rant
2093 3070 2147 3123 in
2205 3072 2495 3134 medicina,
2553 3074 2644 3128 alii
2696 3076 2916 3145 quidem
2948 3076 3352 3150 Esculapium,
3406 3084 3495 3137 alii

1918 3179 2049 3217 vero
2104 3161 2317 3227 Jovem,
2371 3165 2463 3218 alii
2510 3178 2691 3219 autem
2746 3169 2992 3231 Dianam,
3043 3169 3133 3225 alii
3181 3190 3312 3227 vero
3362 3176 3498 3233 alios

1920 3254 2055 3310 deos
2106 3256 2455 3324 invocabant,
2502 3269 2748 3316 amentes
2781 3263 2847 3315 iis
2892 3264 3057 3319 rebus
3100 3267 3495 3337 supplicantes,

230 3370 343 3421 ἴσον
377 3369 488 3438 γάρ
516 3364 581 3436 ἦν
620 3367 780 3420 αὐτὸν
813 3366 1084 3436 ρᾳσθήναι
1112 3366 1208 3417 καὶ
1236 3366 1363 3426 τοὺς
1411 3362 1631 3416 ἐκείνων
1660 3361 1814 3425 θεοὺς

1923 3363 2044 3416 qua:
2080 3360 2263 3405 mente
2292 3360 2348 3405 et
2377 3366 2543 3406 sensu
2589 3364 2800 3415 carent.
2833 3365 2889 3410 et
2930 3360 3167 3414 maxime
3198 3361 3255 3414 in
3291 3377 3350 3417 re
3386 3371 3495 3416 tam

227 3464 490 3532 αἴσθησιν
525 3460 758 3530 ὀςιθῆναι
795 3462 889 3513 καὶ
923 3459 1082 3527 λόγον
1115 3460 1361 3528 ἔχοντας.
1415 3456 1547 3511 Τίνα
1608 3451 1701 3509 οὖν
1747 3450 1817 3508 τὰ

226 3556 403 3618 οὕτως
440 3555 637 3624 ἄφωνα
674 3554 764 3607 καὶ
817 3555 998 3621 κωφά,
1033 3552 1155 3606 τίνα
1187 3552 1451 3622 παρέχειν
1482 3550 1662 3612 ἄλλοις
1690 3547 1818 3618 ἡδύ-

230 3666 393 3704 ναντο
419 3648 744 3717 θεραπείανι
772 3644 987 3697 Οὔκουν
1017 3646 1135 3697 οὐδὲ
1160 3647 1456 3713 παρέσχον,
1486 3644 1620 3695 ἀλλὰ
1648 3641 1818 3694 πολλὰ

228 3743 341 3795 τῶν
374 3740 689 3810 εἰρημένων
718 3737 1125 3807 αἰτησαμένων,
1159 3736 1291 3789 αὐτὸ
1314 3734 1475 3786 τοῦτο
1509 3735 1647 3801 ὅπερ
1680 3731 1816 3803 ἦσαν

230 3837 327 3885 καὶ
357 3834 472 3893 τοῖς
501 3830 777 3900 δεηθεῖσιν
803 3830 1112 3899 ἐφάνησαν.
1146 3824 1250 3888 Οὓς
1285 3829 1311 3879 ὁ
1337 3826 1654 3877 Παντολέων
1676 3825 1817 3894 ὁρῶν

231 3926 556 3997 μειδιάματι
588 3923 857 3991 εὐπρεπεῖ
887 3922 985 3992 τὴν
1020 3918 1418 3990 ματαιοπονίαν
1452 3918 1631 3971 αὐτῶν
1681 3920 1818 3987 ἐμυ-

228 4020 519 4086 κτήρισεν.
578 4015 732 4067 Ἐπεὶ
765 4014 821 4068 δὲ
881 4016 977 4066 καὶ
1012 4014 1173 4073 αὐτὸς
1203 4014 1302 4079 τὴν
1340 4012 1630 4081 ἐπίκλησιν
1684 4012 1816 4063 ιπε-

225 4110 437 4179 τράπη,
466 4108 618 4175 αἴρει
649 4104 746 4173 μὲν
781 4105 839 4156 τὸ
866 4105 1020 4172 ὄμμα
1057 4105 1137 4165 εἰς
1165 4103 1258 4156 τὸν
1289 4103 1545 4169 οὐρανὸν,
1578 4117 1817 4153 συνανα-

226 4202 397 4253 τείνει
440 4199 500 4250 δὲ
552 4197 731 4267 τούτῳ
767 4199 859 4249 καὶ
889 4196 987 4268 τὴν
1013 4195 1277 4260 διάνοιαν,
1318 4195 1431 4260 καὶ,
1460 4196 1655 4261 Κύριε,
1697 4196 1817 4245 810'-

226 4292 521 4352 ἁκουσον,
544 4291 671 4358 ἔφη,
701 4288 806 4357 τῆς
837 4288 1189 4357 προσευχῆς
1215 4305 1356 4356 μου,
1401 4287 1497 4339 καὶ
1526 4286 1564 4353 ἠ
1590 4286 1818 4354 κραυγή

222 4402 343 4454 μου
376 4388 532 4453 πρὸς
562 4384 636 4435 σὲ
668 4384 905 4435 ἐλθέτω·
933 4381 1018 4449 μὴ
1049 4378 1446 4446 ἁποστρέψῃς
1495 4379 1562 4431 τὸ
1588 4379 1821 4445 πρόσω-

232 4481 351 4532 πόν
375 4495 499 4532 σου
524 4474 629 4529 ἀπ’
656 4474 830 4542 ἐμοῦ,
857 4472 927 4526 ἐν
942 4469 981 4544 ᾖ
1007 4472 1080 4526 ἂν
1102 4472 1291 4540 ἡμέρᾳ
1317 4469 1823 4538 θλίὸωμαικλῒνον

231 4578 381 4646 πρός
409 4591 488 4643 με
520 4573 586 4626 τὸ
621 4567 730 4636 οὖς
759 4586 896 4625 σου·
924 4571 993 4623 ἐν
1033 4564 1071 4640 ᾖ
1094 4569 1170 4622 ἂν
1206 4569 1395 4636 ἡμέρᾳ
1448 4566 1821 4619 ἐπικαλέσω-

1922 3452 2197 3508 magna.ct
2229 3458 2349 3509 qua:
2381 3458 2551 3511 usque
2580 3444 2714 3501 adeo
2744 3448 3037 3511 superabat
3070 3461 3342 3507 naturam.
3370 3454 3499 3508 Erat

1923 3533 2071 3587 enim
2104 3548 2261 3602 aeque
2300 3533 2542 3601 ditiicile,
2572 3546 2627 3589 ct
2659 3537 2833 3607 ipsum
2870 3540 3279 3610 convalescere,
3315 3554 3374 3600 et
3412 3547 3498 3601 vi-

1920 3624 2036 3680 deri
2069 3625 2287 3680 illorum
2321 3626 2451 3683 deos
2484 3642 2648 3682 sensu
2680 3637 2736 3683 et
2769 3630 2979 3685 ratione
3016 3633 3291 3700 prteditos.
3336 3635 3500 3702 Quaaa

1922 3734 2046 3772 nam
2100 3721 2245 3774 enim
2280 3720 2417 3775 adeo
2458 3732 2609 3775 muta
2638 3731 2690 3776 et
2720 3723 2888 3777 surda
2919 3735 3149 3793 possunt
3175 3728 3299 3782 aliis
3334 3730 3497 3785 ullam

1920 3813 2167 3880 pmbere
2199 3815 2591 3867 curationem?
2638 3813 2777 3884 Ergo
2823 3828 2927 3869 nec
2973 3818 3329 3886 prtcbuerunt
3358 3839 3371 3873 :
3399 3824 3497 3877 sed

1920 3920 2045 3961 cum
2081 3906 2248 3960 multa
2276 3906 2570 3977 petiissent
2596 3906 2635 3960 ii
2669 3908 2759 3977 qui
2797 3908 2930 3963 dicti
2969 3921 3121 3974 sunt,
3157 3909 3261 3968 hoc
3319 3912 3496 3981 ipsum

1921 4000 2066 4069 quod
2098 4008 2274 4061 erant,
2312 4008 2507 4067 nempe
2530 3999 2755 4067 lapides,
2788 3999 2854 4053 iis
2879 4001 2971 4066 qui
3007 4002 3290 4072 rogabant,
3312 4008 3500 4073 aperte

1922 4098 2319 4160 apparuerunt.
2372 4090 2647 4157 Rogantes
2696 4100 2880 4144 autem
2936 4091 3129 4146 videns
3176 4093 3497 4157 Pantaleon,

1923 4183 2143 4238 inanem
2195 4197 2385 4236 eorum
2431 4183 2672 4237 laborem
2725 4183 2927 4238 decore
2977 4185 3333 4249 subrideudo,
3370 4186 3502 4241 sub-

1923 4275 2197 4328 sannavit.
2264 4273 2556 4342 Postquam
2590 4290 2721 4328 vero
2772 4275 2885 4344 ipse
2919 4292 3138 4345 quoque
3181 4276 3368 4345 jussus
3396 4278 3500 4331 fuit

1923 4368 2203 4432 invocare,
2252 4367 2393 4422 tollit
2426 4367 2647 4437 quidem
2686 4368 2738 4421 in
2785 4367 2983 4423 caelum
3013 4369 3226 4435 oculos,
3262 4385 3384 4424 cum
3420 4370 3490 4425 iis

1923 4472 2104 4517 autem
2152 4462 2364 4517 extollit
2400 4476 2615 4522 vocem,
2684 4468 2761 4524 et,
2788 4461 3031 4526 Domine,
3078 4461 3273 4531 inquit,
3303 4464 3499 4516 exaudi

1925 4556 2219 4609 orationem
2262 4567 2456 4616 meam,
2507 4560 2557 4606 et
2600 4551 2804 4606 clamor
2831 4569 2975 4607 meus
3006 4556 3075 4607 ad
3114 4564 3164 4609 te
3191 4557 3389 4610 veniat.
3421 4556 3502 4611 Nc

225 4670 335 4737 [ταί
354 4684 430 4722 σε
473 4665 632 4734 ταχὺ
680 4664 1028 4719 ἐπὰκουσόν
1069 4679 1210 4732 μου,
1266 4662 1360 4714 καὶ
1406 4660 1577 4726 δεῖξον
1612 4661 1723 4721 τοῖς
1759 4674 1814 4711 σε

1926 4658 2134 4703 avertas
2183 4648 2371 4719 [aciem
2420 4657 2571 4699 tuam
2609 4662 2643 4699 a
2691 4661 2772 4698 me
2797 4663 2816 4710 ;
2845 4646 2901 4697 in
2930 4662 3240 4715 quacunque
3268 4647 3354 4699 die
3399 4648 3503 4700 tri-

231 4760 490 4829 ἀγνοοῦσι
552 4760 647 4813 καὶ
699 4761 809 4820 τοῖς
870 4758 944 4828 μὴ
994 4751 1113 4809 οὖσι
1161 4752 1478 4821 σεϐομένοις
1521 4752 1684 4814 θεοῖς,
1737 4752 1819 4804 δτι

232 4857 413 4909 πάντα
465 4852 718 4914 δύναται,
775 4850 1031 4915 Βασιλεῦ,
1098 4846 1353 4900 ἀδυνατεῖ
1410 4844 1468 4898 δέ
1524 4861 1605 4897 σοι
1642 4844 1818 4897 οὐδέν.

234 4945 570 5014 οῦτως’ἔφη
605 4938 699 4995 καὶ
728 4940 826 5010 τῆς
865 4940 1044 5011 χειρὸς
1071 4936 1352 5008 ἁψάμενος
1385 4932 1480 4987 τοῦ
1536 4934 1819 5003 κειμένου,

231 5046 325 5099 Ἐν
378 5044 461 5113 τῷ
497 5041 753 5107 ὀνόματι,
806 5037 979 5103 λέγει,
1020 5032 1260 5106 Χριστοῦ
1314 5031 1411 5084 τοῦ
1464 5028 1821 5101 ἀνορθοῦντος

230 5138 357 5197 τοὺς
389 5131 905 5202 κατερῥαγμένους,
937 5129 1096 5198 ὑγιὴς
1127 5126 1217 5180 ἔσο
1245 5126 1333 5177 καὶ
1359 5123 1527 5189 ὑγιῶς
1574 5124 1687 5182 τοῖς
1725 5120 1823 5189 μὲ-

229 5228 349 5281 λεσι
392 5224 709 5298 χρώμενος.
755 5218 920 5275 Εἶπεν
953 5221 1042 5273 καὶ
1072 5221 1100 5271 ὁ
1123 5217 1277 5286 λόγος
1306 5218 1382 5278 εἰς
1421 5215 1581 5284 ἔργον
1632 5211 1819 5279 ἐξέϐη,

231 5322 325 5373 καὶ
356 5322 391 5386 ἡ
435 5318 601 5384 κλίνη
636 5315 729 5367 τὸν
784 5314 1117 5383 παρειμένον
1174 5309 1381 5369 οὐκέτι,
1419 5306 1532 5359 ἀλλ’
1560 5307 1609 5357 oi
1661 5304 1822 5365 πόδες

232 5408 377 5482 εἶχον
396 5408 601 5464 ἑαυτοῦ
626 5407 968 5477 θαρρούντως
991 5405 1243 5476 βαίνοντα
1268 5401 1360 5455 καὶ
1384 5398 1571 5475 σχεδὸν
1592 5397 1818 5469 ᾀττοντα

232 5508 326 5562 καὶ
360 5504 494 5557 εὐθὺ
528 5504 687 5557 οῖκου
719 5499 860 5570 μετά
906 5498 1114 5570 θερμῆς
1172 5497 1303 5564 ὅσης
1359 5495 1455 5563 τῆς
1490 5489 1683 5560 ἡδονῆς
1720 5499 1818 5541 πο-

234 5599 561 5671 ρευόμενον.

1926 4740 2096 4805 bulor,
2125 4738 2319 4793 inclina
2357 4738 2428 4790 ad
2460 4753 2542 4790 me
2575 4752 2762 4789 aurem
2791 4744 2961 4794 tuam.
2995 4736 3063 4790 In
3092 4753 3200 4806 qua
3226 4737 3313 4792 die
3350 4737 3504 4792 ίηυος

1925 4851 2110 4894 cavero
2131 4841 2199 4895 te.
2228 4833 2466 4887 celeriter
2492 4830 2688 4886 exaudi
2715 4832 2857 4899 me‘;
2888 4842 2945 4887 et
2968 4833 3198 4888 ostende
3233 4833 3299 4886 lis
3327 4835 3417 4902 qui
3449 4843 3502 4886 te

1928 4930 2202 4999 ignorant.
2252 4933 2307 4980 et
2357 4938 2454 4979 eos
2502 4925 2593 4994 qui
2648 4939 2760 4978 non
2812 4932 2962 4987 sunt,
3015 4924 3150 4980 deos
3205 4925 3414 4989 colunt,
3450 4928 3503 4985 te

1925 5021 2105 5081 omnia
2144 5032 2325 5088 posse,
2360 5032 2393 5068 ο
2425 5014 2561 5076 Rex,
2586 5026 2675 5070 tua
2710 5018 2974 5085 potentia.
3005 5015 3151 5071 Nihil
3184 5026 3267 5071 est
3296 5028 3502 5076 autem.

1925 5115 2066 5183 quod
2099 5129 2126 5165 a
2163 5123 2215 5167 te
2248 5127 2357 5166 non
2394 5112 2569 5181 possit
2603 5110 2741 5165 llcri.
2776 5109 2867 5165 Sic
2898 5111 3040 5167 dixit
3069 5128 3084 5169 :
3114 5122 3172 5168 et
3200 5128 3323 5167 cum
3367 5114 3505 5167 teti-

1928 5208 2095 5275 gisset
2142 5218 2365 5257 manum
2398 5204 2542 5275 ejus,
2579 5202 2673 5271 qui
2702 5202 2944 5271 iacebat,
2976 5203 3112 5259 dicit
3150 5221 3162 5255 :
3197 5204 3254 5258 In
3283 5205 3510 5259 nomine

1926 5296 2154 5357 Christi,
2182 5296 2274 5365 qui
2306 5294 2466 5367 erigit
2485 5309 2581 5349 eos
2597 5294 2689 5364 qui
2713 5302 2844 5348 sunt
2865 5292 3151 5359 confracti,
3174 5303 3295 5349 esto
3314 5310 3503 5357 sanus.

1932 5400 1989 5447 et
2017 5404 2147 5445 sane
2182 5398 2335 5443 utere
2376 5386 2638 5442 membris
2662 5385 2791 5442 tuis.
2812 5386 2982 5451 Dixit,
3005 5395 3060 5441 et
3088 5385 3314 5441 verbum
3340 5388 3503 5443 effero

1934 5497 2021 5542 tus
2043 5497 2128 5542 est
2151 5492 2487 5541 consecutus
2515 5498 2529 5536 :
2554 5494 2733 5548 neque
2762 5478 2998 5548 amplius
3059 5476 3238 5533 lectus
3287 5480 3496 5550 paraly‘

1939 5577 2130 5645 ticum,
2184 5577 2277 5633 sed
2298 5576 2418 5644 ejus
2452 5573 2618 5643 pedes
2643 5570 3009 5634 sustinebant,
3035 5572 3292 5626 audacter
3319 5571 3507 5642 ingre-

232 5662 498 5751 dientem.
540 5697 599 5742 et
634 5683 1031 5756 propemodum
1106 5680 1472 5738 exsilientem,
1506 5684 1561 5729 et
1594 5674 1776 5730 statim
1810 5689 1933 5729 cum
1972 5684 2166 5741 magna
2198 5666 2474 5735 voluptate
2507 5665 2670 5721 domo
2697 5662 3091 5735 egredientem.

303 5787 399 5843 lE'.
431 5786 509 5841 Οὐ
546 5783 716 5852 μέχρι
739 5778 929 5833 τούτου
964 5777 1031 5829 τὰ
1060 5777 1160 5846 τῆς
1191 5772 1486 5847 θεραπείας
1522 5770 1675 5842 ἔστη,
1705 5766 1821 5821 ἀλλ’

346 5955 542 6018 ‘Psal.
581 5973 660 6023 «τι,
696 5953 752 6021 ‘2,
787 5956 839 6009 5.

2005 5763 2116 5819 XV.
2148 5759 2333 5831 Neque
2369 5774 2495 5815 vero
2531 5758 2596 5813 ad
2641 5772 2767 5812 eum
2801 5769 2975 5825 usque
3005 5753 3251 5810 constitit
3271 5755 3504 5820 curatio.
