4180 6474
692 436 799 503 463

2013 415 2296 481 MENSIS
2333 414 2627 479 IULIUS.

3841 396 3943 461 464

693 554 790 613 sed
833 555 951 624 ipse
993 549 1208 621 quidem
1245 560 1501 616 corpore,
1547 541 1705 597 multi
1735 548 1916 594 autem
1957 534 2046 590 alii
2081 533 2265 589 animo

2389 528 2529 580 ιύτδν
2570 526 2667 595 μὲν
2704 521 2845 578 κατὰ
2879 522 3063 592 σῶμα,
3100 517 3284 574 πολλοὶ
3315 516 3371 571 δὲ
3424 515 3572 570 ἄλλοι
3620 513 3951 582 παρειμένοι

693 645 1003 719 paralytici.
1039 653 1095 698 et
1138 641 1330 696 morbo
1370 635 1668 708 impietatis
1714 631 1981 695 enervati,
2025 643 2148 684 cum
2185 626 2260 680 vi-

691 739 1074 810 dissentquod
1111 737 1312 791 factum
1354 732 1556 795 fuerat,
1608 736 1968 784 surrexerunt
2011 731 2065 778 et
2097 719 2263 776 erecti

693 843 823 891 sunt
869 850 885 888 :
916 839 972 886 et
1008 839 1284 902 postremo
1316 825 1484 896 priori
1522 836 1709 877 errore
1743 819 2128 878 condemnato,
2173 829 2266 869 ve-

695 943 815 982 rum
856 925 1028 979 Deum
1078 920 1387 975 coluerunt.
1437 916 1528 970 Sic
1563 915 1709 968 enim
1747 911 2011 965 Dominus
2054 916 2108 961 et
2146 907 2266 960 illu-

693 1022 864 1076 minat
894 1031 1089 1078 eccos,
1125 1022 1180 1069 et
1212 1012 1314 1068 scit
1341 1010 1551 1080 erigere
1583 1005 1912 1062 confractus.
1945 1005 2120 1071 Atque
2153 1015 2270 1054 see—

692 1113 895 1166 leratos
947 1105 1166 1176 quidem
1220 1101 1536 1156 sacerdotes
1586 1107 1642 1154 et
1692 1096 1958 1156 medicos,
2018 1094 2112 1163 qui
2173 1107 2268 1147 sua

695 1216 889 1276 sponte
925 1211 1084 1258 erant
1117 1197 1571 1256 immedicabiles,
1610 1210 1721 1248 non
1755 1193 1928 1247 subiit
1959 1192 2143 1244 lumen
2173 1203 2258 1243 ve-

693 1300 870 1354 ritatis
893 1314 907 1350 :
933 1296 1027 1351 sed
1051 1309 1175 1348 cum
1199 1308 1230 1346 a
1259 1291 1414 1345 malis
1445 1289 1609 1342 rebus
1636 1286 1859 1341 liberari
1885 1299 1994 1336 non
2021 1289 2267 1352 possent,

683 1401 755 1447 ut
792 1390 882 1460 qui
932 1395 1117 1442 essent
1163 1386 1229 1438 iis
1261 1384 1352 1436 diu
1421 1379 1736 1442 assuefacti,
1820 1375 2147 1430 accedentes
2201 1374 2268 1426 ad

693 1480 1105 1542 Maximianum,
1170 1477 1237 1531 ad
1302 1473 1641 1529 iracundiam
1706 1477 2076 1537 provocarunt
2144 1481 2270 1520 eum

696 1575 961 1631 adversus
1004 1580 1273 1626 sanctum.
1336 1566 1394 1620 Si
1434 1565 1629 1619 siveris
1665 1563 1814 1616 illum
1859 1561 2061 1622 vivere,
2117 1558 2268 1613 dice-

695 1669 848 1732 bant,
900 1675 956 1721 et
999 1663 1072 1718 dii
1121 1661 1284 1717 simul
1333 1659 1429 1714 tibi
1476 1657 1732 1728 peribunt
1766 1664 1822 1710 et
1867 1652 2135 1708 sacriﬁcia
2173 1668 2185 1703 :
2218 1657 2274 1704 et

693 1770 883 1830 aperte
940 1756 1122 1810 fabula
1177 1764 1362 1808 nostra
1441 1750 1719 1803 videbitur
1772 1746 1962 1815 religio
2011 1753 2066 1798 et
2117 1757 2272 1797 sacra

696 1852 885 1922 orgia;
924 1844 1228 1903 Christiani
1281 1852 1465 1897 autem
1515 1855 1618 1894 nos
1654 1839 1873 1909 profuse
1907 1838 2183 1897 ridebunt,
2217 1845 2273 1890 et

691 1957 786 1998 res
813 1941 1035 1994 illorum
1069 1936 1237 2006 magis
1264 1933 1556 1991 florebunt.
1588 1941 1644 1986 et
1673 1939 1837 1985 erunt
1867 1929 2071 1982 nostris
2097 1926 2268 1981 multo

698 2035 1014 2090 validiores.
1073 2030 1196 2084 Haec
1253 2043 1375 2082 cum
1427 2025 1718 2087 dixissent,
1779 2023 1867 2076 ille
1924 2022 2138 2076 facilem
2189 2020 2271 2074 eis

698 2144 884 2185 aurem
925 2123 1178 2196 praebuit,
1207 2131 1263 2175 et
1291 2120 1490 2190 paruit.
1526 2117 1787 2171 Sanctum
1825 2115 2006 2183 itaque
2041 2112 2271 2167 accersit

701 2225 1020 2291 imperator.
1054 2225 1110 2270 et
1138 2225 1394 2282 tanquam
1427 2225 1604 2264 escam
1637 2203 1992 2275 benignitatis
2023 2203 2070 2256 ei
2102 2203 2274 2270 impe-

701 2324 848 2369 rator
876 2312 1156 2380 porrigens
1184 2302 1611 2360 admonitionem
1637 2317 1650 2354 :
1677 2296 1850 2352 Crede
1881 2295 2036 2358 mihi,
2070 2294 2271 2361 inquit,

701 2405 1023 2462 Pantoleon,
1056 2411 1111 2454 et
1146 2399 1250 2453 diis
1280 2396 1412 2450 offer
1443 2390 1792 2447 sacrificium.
1829 2393 1912 2440 An
1945 2401 2052 2439 non
2096 2385 2274 2442 vides.

703 2498 846 2570 quod
879 2497 1295 2567 quibuscunque
1325 2501 1434 2540 non
1457 2495 1540 2538 est
1573 2494 1914 2550 persuasum,
1948 2486 2005 2531 ut
2036 2476 2274 2530 facerent

704 2568 848 2664 quod
882 2590 1085 2644 dictum
1119 2583 1314 2644 fuerat,
1344 2579 1377 2634 ii
1411 2575 1731 2648 gravissima
1762 2568 2024 2638 supplicia
2052 2578 2105 2622 et
2128 2581 2273 2620 mor-

706 2657 819 2740 t—em
884 2666 1660 2735 habuerunt,incredulitatis
1734 2657 2278 2718 remunerationem?

705 2778 910 2832 Horum
941 2779 1027 2826 est
1071 2767 1246 2830 testis,
1292 2764 1381 2834 qui
1426 2776 1603 2830 nuper
1645 2758 1845 2811 misere
1877 2757 1988 2809 vita
2032 2756 2279 2822 privatus

706 2880 811 2933 est,
846 2866 1136 2921 Anthimus
1187 2860 1275 2914 ille
1320 2872 1506 2910 senex.
1553 2853 1663 2920 Ego
1710 2859 1893 2904 autem
1929 2861 2116 2900 curam
2151 2861 2281 2914 gero

707 2972 815 3023 tum
863 2954 1191 3029 juventutis,
1246 2962 1422 3017 neque
1477 2945 1600 3000 volo
1641 2951 1692 2994 te
1735 2950 1840 2992 tam
1883 2938 2024 2991 male
2073 2936 2276 3006 perire.

713 3047 864 3107 Scito
909 3047 1078 3108 enim,
1128 3043 1244 3098 fore
1280 3048 1340 3094 ut
1377 3049 1427 3092 te
1467 3034 1634 3090 multa
1682 3041 1736 3088 et
1777 3032 1961 3101 gravia
2002 3029 2281 3097 excipiant

711 3139 1001 3212 supplicia,
1036 3136 1079 3189 si
1116 3133 1363 3188 eamdem
1397 3126 1642 3194 sequaris
1672 3120 2118 3176 inobedientiam.

780 3208 921 3288 ις’νι.
957 3228 1252 3282 Pantoleon
1289 3235 1437 3283 vero,
1490 3218 1664 3272 vitans
1709 3214 1926 3282 quidem
1957 3208 2283 3264 admonitloo

710 3343 830 3390 les,
872 3331 1129 3392 tanquam
1167 3324 1406 3384 apertam
1442 3310 1707 3372 fraudem,
1740 3307 1916 3358 minas
1944 3312 2125 3357 autem
2157 3317 2287 3356 con-

712 3432 987 3478 temnens,
1028 3424 1284 3479 tanquam
1318 3405 1450 3476 ipsis
1487 3402 1716 3456 somniis
1748 3397 2136 3453 imbecilliores
2166 3411 2178 3447 :
2209 3392 2286 3447 Ne

714 3512 1017 3569 existimes.
1052 3505 1249 3571 inquit,
1282 3516 1314 3553 ο
1349 3502 1667 3566 imperator,
1700 3494 1816 3545 fore
1848 3499 1906 3543 ut
1937 3505 2023 3543 me
2057 3501 2287 3555 persua-

714 3605 845 3658 deas
895 3591 1386 3653 admonitionibus,
1448 3600 1549 3639 nec
1607 3594 1662 3636 ut
1697 3597 1782 3636 me
1836 3581 2002 3634 minis
2056 3587 2282 3631 terreas.

715 3695 854 3762 Quid
886 3689 1030 3744 enim
1064 3701 1150 3741 me
1189 3684 1269 3737 vel
1304 3697 1373 3735 ex
1405 3678 1566 3734 bouis
1593 3674 1780 3729 mundi
1816 3673 2014 3740 capiet,
2049 3669 2134 3722 vel
2183 3675 2291 3720 ter-

715 3787 859 3842 rebit
891 3798 957 3835 ex
986 3779 1148 3833 rebus
1180 3772 1540 3833 terribilibus,
1571 3769 1661 3836 qui
1693 3781 1798 3818 non
1836 3765 2010 3816 solum
2057 3767 2288 3813 mortem

716 3877 1036 3934 contemno,
1068 3869 1161 3923 sed
1191 3880 1310 3919 eam
1351 3864 1512 3915 etiam
1555 3857 1846 3927 optandam
1883 3850 2117 3905 arbitror
2160 3864 2289 3916 pro-

719 3981 839 4041 pter
886 3961 1210 4023 Christum?
1257 3957 1362 4012 Pro
1402 3970 1466 4009 eo
1516 3961 1696 4006 autem
1753 3953 2023 4002 tormenta
2080 3951 2291 3996 tantum

720 4064 877 4117 abest
920 4067 980 4112 ut
1021 4056 1393 4110 extimescam,
1431 4056 1491 4100 ut
1530 4048 1693 4098 etiam
1737 4052 1992 4106 magnum
2035 4035 2292 4088 damnum

721 4153 1054 4210 existimem,
1106 4147 1150 4200 si
1181 4158 1288 4197 non
1341 4139 1452 4193 sint
1486 4136 1638 4206 plura
1687 4142 1742 4186 et
1781 4129 2126 4202 gravissima,
2161 4138 2215 4177 et
2242 4125 2294 4176 in

724 4247 791 4301 iis
842 4240 1195 4299 clementiam
1239 4234 1434 4304 quavis
1464 4227 1787 4283 crudelitate
1819 4222 1959 4276 duco
2007 4234 2126 4274 esse
2173 4233 2294 4288 gra-

723 4343 953 4394 viorem.
1022 4328 1309 4403 Egregium
1357 4333 1506 4380 certe
1571 4318 1916 4379 Antliimum,
1975 4328 2085 4366 non
2150 4320 2208 4363 ut
2241 4320 2297 4362 tu

721 4434 1011 4490 miserum,
1060 4402 1160 4480 sed
1213 4419 1368 4474 valde
1428 4416 1594 4469 etiam
1648 4413 1866 4466 beatum
1912 4417 2035 4460 esse
2085 4402 2297 4472 judico.

722 4534 782 4585 et
824 4522 944 4592 eius
994 4525 1226 4572 mortem
1273 4507 1446 4565 cuivis
1508 4504 1629 4557 vita:
1669 4499 1923 4570 praefero,
1998 4496 2143 4565 quod
2204 4492 2295 4546 tali

2368 621 2460 673 καὶ
2481 618 2658 689 ψυχὴν
2686 617 2781 670 καὶ
2805 614 3063 676 ἀσεϐείας
3091 613 3251 666 πάθει
3279 607 3718 680 κατερραγμένοι
3760 605 3821 657 τὸ
3855 620 3953 672 γει

2367 711 2522 780 γονδς
2555 710 2902 778 θεασάμενοι,
2938 704 3246 774 ἀνέστησάν
3283 718 3341 754 τε
3384 703 3474 754 καὶ
3512 696 3951 768 ἀνωρθώθησαν,

2371 807 2463 858 καὶ
2509 805 2606 874 τῆς
2663 803 2941 873 προτέρας
2992 800 3199 867 πλάνης
3235 794 3407 850 πολλὰ
3458 792 3826 860 καταγνόντες
3857 790 3950 842 τὸν

2368 895 2576 964 ἀψευδῆ
2637 892 2768 946 Θεὸν
2810 889 3210 958 ἐσεϐάσθησαν.
3247 886 3372 949 Τοῖς
3430 886 3648 952 μιαροῖς
3708 882 3809 952 μὲν
3860 879 3955 932 οὖν

2373 983 2579 1056 ἱερεῦσι
2610 984 2704 1035 καὶ
2733 981 2967 1041 ἀνιάτως
3013 978 3230 1048 ἔχουσιν
3264 976 3468 1046 ίατροῖς
3518 968 3950 1026 ἐθελοκακοῦσιν

2370 1051 2469 1129 οὐκ
2501 1075 2679 1127 εἰσέδυ
2726 1074 2787 1126 τὸ
2822 1071 3026 1140 φέγγος
3054 1069 3152 1138 τῆς
3181 1069 3236 1121 εὑ
3249 1067 3484 1131 σεδείας,
3510 1064 3646 1118 ἀλλά
3671 1051 3956 1116 δυσαπαλ-

2369 1170 2582 1231 λάκτως
2617 1163 2765 1235 εἶχον
2820 1165 2930 1216 τῶν
2968 1161 3277 1232 μοχθηρῶν,
3307 1160 3382 1222 ῶς
3428 1159 3494 1212 ἂν
3527 1156 3621 1210 ἐπὶ
3654 1154 3790 1207 πολὺ
3823 1153 3951 1206 τού-

2369 1281 2497 1326 τους
2524 1258 2951 1327 συνειθισμένοι,
2977 1257 3097 1308 ὅθεν
3127 1254 3221 1308 καὶ
3251 1252 3326 1323 τῷ
3351 1248 3679 1319 Μαξιμιανῷ
3716 1245 3960 1318 προσελο

2374 1357 2578 1417 θόντες,
2611 1349 2908 1421 ὲξὼργιζον
2936 1349 3101 1400 αὐτὸν
3135 1345 3276 1398 κατὰ
3307 1341 3398 1396 τοῦ
3436 1344 3593 1410 ἁγίου
3624 1339 3744 1403 καὶ,
3767 1338 3830 1392 Εἰ
3855 1337 3956 1406 ζῇν

2372 1449 2579 1500 ἐκεῖνον
2606 1447 2807 1507 ἐάσεις,
2843 1441 3047 1507 ἔλεγον,
3085 1437 3293 1508 οἴχεταί
3326 1453 3409 1488 σοι
3437 1432 3575 1502 μετά
3611 1434 3718 1484 τῶν
3749 1427 3959 1482 θυσιῶν

2372 1541 2466 1594 καὶ
2503 1541 2568 1592 τά
2589 1536 2751 1602 θεῶν,
2787 1536 2881 1588 καὶ
2916 1532 3082 1603 μῦθος
3113 1531 3372 1600 ἄντικρυς
3413 1526 3553 1590 δόξει
3584 1523 3858 1595 θρησκεία
3895 1535 3959 1570 τε

2375 1633 2619 1702 ἡμετέρα
2650 1629 2744 1680 καὶ
2776 1627 2897 1694 ἱερά
2930 1625 3112 1693 δργια,
3148 1618 3467 1690 Χριστιανοὶ
3491 1616 3547 1668 δὲ
3586 1615 3758 1667 πλατὺ
3786 1610 3954 1680 γελά-

2377 1739 2527 1775 σουσι
2565 1719 2687 1773 καθ’
2725 1716 2880 1788 ήμῶ’ν
2919 1718 3012 1769 καὶ
3045 1712 3348 1783 ἰσχύσουσι,
3383 1709 3477 1762 καὶ
3516 1706 3585 1758 τὰ
3622 1705 3807 1757 αὐτῶν
3859 1703 3957 1755 ἀν-

2377 1818 2531 1888 θήσει
2567 1812 2790 1885 μᾶλλον,
2823 1811 2916 1864 καὶ
2949 1809 3084 1861 πολὺ
3147 1808 3302 1858 ἐσται
3343 1801 3450 1854 τῶν
3481 1799 3777 1871 ἡμετέρων
3836 1797 3958 1847 ἑπι-

2308 1894 2346 1952 B
2375 1911 2737 1981 κρατὲστερα.
2771 1904 2960 1958 Ταῦτα
3010 1901 3285 1961 εἰπόντες,
3313 1893 3606 1955 ἀκούοντος
3637 1891 3833 1958 ἔτυχον
3865 1885 3962 1940 καὶ

2380 2020 2448 2055 πε
2478 2002 2706 2069 θομένου
2737 2000 2848 2058 τοῖς
2894 1992 3231 2061 λεγομένοις.
3275 1986 3682 2042 Μετακαλεῖται
3721 1983 3907 2035 τοίνυν
3934 1978 3963 2030 δ

2381 2092 2637 2164 βασιλεὺς
2682 2091 2772 2142 τὸν
2803 2085 3174 2141 Παντολέοντα
3204 2083 3296 2134 καὶ
3335 2080 3497 2131 οἱονεὶ
3540 2077 3732 2142 δέλεαρ
3766 2077 3964 2141 φιλαν-

2381 2183 2630 2254 θρωπίας
2669 2182 2767 2249 τὴν
2798 2176 3118 2246 παραίνεσιν
3153 2171 3303 2240 αὐτῷ
3342 2167 3665 2239 προτείνωνδ
3695 2162 3964 2231 ῐΙείσθητί

2384 2295 2497 2349 μοι,
2529 2276 2703 2342 ἔλεγε,
2737 2269 3062 2333 Παντόλεον,
3099 2267 3193 2317 καὶ
3230 2263 3420 2315 θυσίαν
3459 2259 3796 2330 προσένεγκε
3852 2256 3965 2315 τοῖς

2383 2370 2543 2428 θεοῖς’
2582 2365 2614 2433 ἢ
2648 2364 2743 2431 οὐχ
2772 2363 2930 2430 ὁρᾷς,
2990 2360 3070 2411 ὅτι
3109 2358 3223 2408 ὅσοι
3257 2352 3413 2407 τοῦτο
3448 2350 3670 2418 ποιῆσαι
3724 2345 3970 2416 ἠπείθη-

2385 2477 2504 2525 σαν,
2567 2456 2875 2528 βαρυτάτας
2916 2449 3165 2511 κολάσεις
3202 2447 3295 2499 καὶ
3345 2443 3574 2495 θάνατον
3635 2439 3797 2507 ἔσχον
3865 2436 3966 2504 τῆς

2386 2552 2665 2613 ἀπειθείας
2707 2547 2996 2609 ἀντίδοσινς
3035 2541 3129 2594 le
3187 2541 3398 2610 μάρτυς
3455 2533 3643 2587 τούτου
3674 2532 3701 2582 ό
3733 2529 3844 2598 πρὸ
3874 2545 3967 2597 μι-

2386 2645 2522 2715 κροῦ
2563 2642 2762 2702 ἀθλίως
2818 2637 2912 2690 τοῦ
2962 2637 3062 2706 ζῇν
3115 2630 3452 2703 ἀπορῤαγεὶς
3490 2625 3754 2693 Ἀνθιμος
3784 2622 3812 2671 ὁ
3870 2616 3967 2686 γε·

2390 2758 2520 2811 ρων.
2560 2734 2701 2803 Ἐγὼ
2729 2735 2787 2785 δέ
2823 2750 2914 2784 σου
2949 2731 3184 2797 κήδομαι
3220 2725 3317 2793 τῆς
3352 2722 3600 2790 νεότητος
3626 2718 3721 2769 καὶ
3747 2715 3811 2768 οὐ
3841 2711 3969 2783 βού-

2388 2832 2549 2900 λομαι
2589 2827 2758 2887 οὕτως
2790 2821 2975 2884 κακῶς
3012 2815 3330 2872 ἀπολέσθαι.
3374 2812 3512 2865 Ἱσθι
3552 2813 3684 2878 γάρ,
3711 2809 3795 2860 ὅτι
3841 2803 3974 2856 πολ-

2388 2897 2477 2974 λαί
2513 2938 2573 2972 σε
2613 2919 2708 2971 καὶ
2768 2914 3001 2985 χαλεπαὶ
3037 2908 3366 2970 διαδέξονται
3427 2904 3646 2974 βάσανοι
3707 2898 3811 2968 τῆς
3871 2897 3971 2947 αύ-

2389 3013 2490 3080 τῆς
2527 3009 2786 3080 ἐχόμενον
2813 3001 3117 3063 ἀπειθείας.

2463 3196 2587 3261 1Q".
2611 3190 2767 3248 Καὶὸ
2791 3184 3110 3242 Παντολέων
3128 3181 3224 3244 τὰς
3257 3180 3356 3250 μὲν
3387 3176 3739 3248 παραινέσεις
3763 3173 3840 3236 ὡς
3873 3190 3972 3242 quo

2391 3288 2554 3358 νερὲιν
2587 3283 2802 3350 ἀπάτην
2832 3277 3118 3339 ἐκκλίνων,
3149 3275 3246 3334 τὰς
3274 3270 3504 3326 ἀπειλὰς
3533 3268 3586 3318 δὲ
3618 3266 3693 3327 ὡς
3745 3265 3972 3316 ἀσθενεο

2393 3380 2589 3445 στέρας
2619 3377 2714 3427 καὶ
2768 3372 3062 3439 ὀνειράτων
3104 3361 3473 3435 περιφρονῶν
3509 3358 3659 3428 Μηδὲ
3705 3356 3975 3427 παραινέ-

2395 3486 2561 3532 σεσιν,
2584 3465 2707 3535 ἔφη,
2729 3460 2972 3534 βασιλεῦ,
3000 3458 3111 3511 οἴου
3145 3473 3213 3527 με
3245 3454 3484 3517 πείσειν,
3519 3455 3654 3521 μήτε
3688 3448 3976 3519 καταπλή-

2397 3562 2509 3626 ξειν
2536 3562 2651 3621 ταῖς
2677 3556 2952 3616 ἀπειλαῖς.
2976 3553 3040 3605 Τί
3070 3553 3176 3621 γὰρ
3207 3551 3238 3614 ἦ
3266 3544 3374 3599 τῶν
3396 3546 3488 3597 τοῦ
3519 3546 3728 3609 κόσμου
3752 3541 3974 3608 ἀγαθῶν

2394 3649 2699 3720 αἱρήσει,ἢ
2750 3647 2856 3696 τῶν
2890 3642 3137 3711 φοὸερῶν
3168 3639 3431 3702 δεδίξεται
3481 3633 3574 3683 τὸν
3629 3633 3728 3700 οὐχ
3787 3629 3978 3689 ἀπλῶς

2395 3745 2631 3797 θανάτου
2669 3736 3140 3807 καταφρονοῦντα,
3175 3732 3311 3785 ἀλλά
3354 3731 3444 3782 καί
3479 3726 3752 3799 μακάριον
3782 3723 3975 3777 τοῦτον

2397 3839 2490 3888 καὶ
2520 3837 2784 3902 ἐράσμιον
2817 3828 2957 3881 εἶναι
2994 3827 3084 3878 διὰ
3121 3824 3356 3892 Χριστὸν
3387 3820 3763 3887 λογιζόμενον;
3801 3818 3900 3878 τὰς
3921 3817 3978 3867 δι

2398 3928 2537 3996 ὑπὲρ
2568 3923 2732 3977 αὑτοῦ
2789 3921 3055 3992 βασάνους
3111 3913 3365 3969 τοσοῦτον
3415 3912 3605 3982 ἀπέχω
3651 3909 3981 3972 δεδοικέναι,

2397 4019 2539 4073 ὥστε
2567 4019 2658 4070 καὶ
2696 4015 2902 4083 ζημίαν
2955 4011 3015 4064 οὐ
3055 4011 3260 4080 μικράν
3294 4007 3530 4077 ἥγημαι,
3571 4004 3619 4056 εί
3652 4003 3727 4073 μὴ
3761 4002 3982 4063 πλείους

2399 4113 2510 4165 εἷεν
2538 4112 2629 4163 καὶ
2660 4108 3044 4178 χαλεπώταται
3106 4103 3200 4155 καὶ
3237 4101 3335 4170 τὴν
3383 4103 3510 4170 περὶ
3549 4098 3751 4159 ταύτας
3787 4097 3988 4165 φιλαν-

2401 4203 2650 4276 θρωπίαν
2680 4204 2856 4270 πάσης
2885 4201 3172 4270 ὠμότητος
3204 4194 3430 4264 τίθεμαι
3485 4192 3813 4261 βαρυτέραν⁸
3846 4189 3989 4258 ἀμέρ

2401 4299 2482 4351 λει
2533 4299 2636 4351 καὶ
2691 4294 2955 4362 ’Δνθιμον
3039 4291 3131 4343 τὸν
3175 4289 3357 4350 καλὸν,
3396 4287 3492 4355 οὑχ
3538 4285 3613 4346 ῶς
3669 4283 3735 4333 σὺ
3773 4281 3984 4344 ἄθλιον,

2403 4392 2539 4443 ἀλλὰ
2575 4394 2668 4442 καὶ
2709 4387 2915 4456 σφόδρα
2949 4384 3221 4455 μακάριον
3253 4378 3394 4434 εἶναι
3419 4382 3590 4453 κρίνω
3623 4379 3718 4430 καὶ
3753 4378 3848 4429 τὸν
3886 4378 3984 4429 αὺ-

2404 4486 2499 4538 τοῦ
2539 4484 2766 4538 θάνατον
2805 4481 2949 4550 ζωῆς
3000 4479 3330 4549 προτίθεμαι
3375 4477 3575 4544 πάσης,
3627 4474 3710 4525 ὅτι
3755 4471 3986 4539 τοιούτῳ

723 4562 782 4585 ς.
825 4562 854 4578 ν
883 4562 943 4574 ι..-
994 4562 1224 4572 --η-----
1282 4562 1320 4565 -ν
1669 4562 1687 4570 _
1911 4562 1914 4563 ν
2015 4562 2031 4565 _

723 4618 830 4672 [ine
857 4562 1031 4668 ‘talem
1064 4604 1282 4662 ornavit
1311 4604 1675 4658 senectutem,
1707 4600 1762 4647 et
1795 4589 2014 4645 canitiei
2048 4587 2285 4638 alborem

2404 4575 2548 4632 τέλει
2579 4575 2638 4627 τὸ
2671 4572 2868 4644 σεμνὸν
2903 4572 3180 4640 ἐκόσμησε
3208 4569 3382 4636 γῆρας
3421 4563 3517 4616 καί⁵
3549 4562 3852 4632 λευκότητα
3891 4576 3986 4613 πο·

720 4704 986 4777 sanguine
1043 4692 1355 4753 cruentavit
1411 4687 1680 4759 martyrii.
1735 4683 1893 4750 Quod
1932 4682 1977 4737 si
2032 4681 2143 4746 ille,
2204 4677 2296 4747 qui

723 4807 843 4855 erat
888 4805 997 4850 tam
1026 4797 1300 4863 provectae
1330 4783 1528 4843 aetatis,
1565 4779 1702 4832 adeo
1736 4778 1932 4831 fortem
1961 4783 2019 4828 et
2043 4781 2302 4828 constan~

725 4905 833 4948 tem
865 4903 925 4943 se
953 4881 1216 4943 ostendit,
1247 4892 1353 4941 me,
1384 4875 1475 4944 qui
1509 4886 1631 4926 sum
1655 4870 1834 4923 adhuc
1859 4865 2088 4935 juvenili
2119 4871 2297 4917 astate.

725 4995 847 5051 qua:
871 4993 983 5032 non
1013 4978 1236 5044 oportet
1277 4965 1460 5038 gravia
1495 4961 1793 5023 sustinere,
1827 4965 1887 5010 ut
1918 4955 2132 5014 iisdem,
2183 4951 2304 5019 qui-

727 5047 832 5129 bus
877 5082 1064 5131 senex,
1108 5061 1326 5118 coronis
1371 5057 1565 5125 dignus
1599 5051 1836 5107 habear?
1862 5047 1982 5102 Non
2013 5059 2141 5115 ergo
2175 5058 2300 5113 per—

731 5163 1013 5226 suadebis.
1045 5171 1157 5212 non
1198 5147 1559 5223 expugnabis,
1595 5159 1705 5199 non
1747 5159 1848 5197 nos
1882 5143 1949 5196 ab
1991 5141 2092 5195 hac
2133 5138 2306 5192 abdu-

731 5276 822 5315 ces
862 5252 1211 5314 confessione
1263 5265 1276 5300 :
1330 5261 1438 5299 non
1491 5257 1586 5311 per
1626 5253 1780 5296 sacra
1831 5237 1965 5291 mihi
2009 5245 2063 5291 et
2121 5235 2310 5290 divina

733 5354 906 5421 signa,
954 5346 1166 5415 quibus
1195 5353 1295 5412 ego
1326 5338 1504 5391 factus
1548 5346 1669 5387 sum
1709 5331 1911 5386 certior
1952 5329 2019 5383 de
2054 5328 2305 5381 veritate.

734 5442 973 5498 Patriam
1000 5439 1148 5492 enim
1180 5434 1391 5504 pudore
1419 5425 1715 5486 alfecerim,
1748 5434 1799 5478 et
1832 5422 2042 5485 matris,
2073 5433 2192 5486 quae
2221 5429 2307 5469 me

735 5537 969 5607 peperit,
1022 5525 1304 5598 pietatem,
1340 5537 1375 5575 a
1411 5534 1516 5590 qua
1570 5518 1624 5570 in
1662 5514 1728 5567 iis
1771 5527 1890 5580 qua:
1933 5510 2000 5563 ad
2046 5509 2305 5576 pietatem

740 5602 1031 5695 pertinent,
1078 5615 1310 5688 pulchre
1353 5611 1505 5680 prius
1552 5607 1628 5662 fui
1683 5602 2029 5664 informatus,
2081 5608 2136 5652 et
2183 5611 2306 5651 cum

735 5734 840 5786 qua
881 5715 936 5769 in
971 5713 1188 5768 attentis
1236 5701 1609 5763 tabernaculis
1651 5708 1885 5766 propero
1940 5696 2305 5760 requiescere.

738 5785 865 5865 Haec
909 5809 1045 5865 dixit
1094 5803 1419 5864 Pantaleon,
1470 5805 1524 5851 et
1561 5791 1751 5866 paucis
1787 5788 2053 5850 ostendit,
2095 5785 2310 5856 qualem

745 5905 920 5959 virum
948 5900 1262 5958 oll'endisset
1293 5897 1338 5953 is
1362 5893 1451 5965 qui
1483 5878 1550 5948 de
1579 5884 1808 5958 sceptris
1837 5893 1887 5941 et
1919 5882 2117 5938 throno
2152 5893 2208 5934 se
2234 5876 2314 5946 ja-

2407 4670 2528 4732 λιᾶς
2573 4669 2766 4738 αἵματι
2807 4663 3041 4734 ὲφοίνιξε
3083 4661 3414 4730 μαρτυρίου.
3467 4656 3527 4708 Ei
3559 4655 3615 4708 δὲ
3654 4658 3865 4718 ἐκεῖνος
3897 4653 3988 4707 οὔ·

2404 4781 2511 4826 τως
2560 4760 2782 4832 ἡλικίας
2829 4757 2989 4823 ἔχων,
3038 4751 3424 4819 οὕτωςέφάνη
3475 4748 3828 4820 καρτερικὸς,
3886 4745 3989 4814 ἐμὲ

2404 4857 2496 4907 τὸν
2540 4849 2777 4904 ἐνταῦθα
2815 4846 3062 4916 νεότητος
3089 4844 3240 4906 ὄντα,
3268 4844 3420 4894 ποῖον
3480 4842 3538 4894 οὺ
3571 4843 3653 4891 δεῖ
3679 4839 3790 4890 τῶν
3822 4835 3985 4906 χαλε-

2407 4948 2525 5001 πῶν
2561 4943 2880 5010 ὑποστῆναι,
2920 4941 3003 4992 ἵνα
3042 4939 3152 4991 τῶν
3179 4939 3308 4988 ἴσων
3339 4937 3413 5006 τῷ
3457 4935 3681 5003 γέροντι
3699 4933 3986 5000 στεφάνων

2406 5038 2648 5105 ἀξιωθῶ;
2699 5034 2775 5087 Οὐ
2834 5032 3015 5084 τοίνυν
3049 5030 3282 5093 πείσεις,
3333 5028 3432 5096 ούχ
3488 5026 3761 5096 αἱρήσεις,
3792 5026 3854 5076 ού
3888 5025 3984 5090 τῆς

2409 5130 2701 5203 ὁμολογίας
2741 5123 2943 5195 ταύτης
2979 5125 3267 5193 ὲκστήσεις
3311 5120 3484 5189 ἡμᾶς,
3530 5115 3776 5187 βασιλεῦ,
3813 5113 3875 5166 οὐ
3912 5117 3986 5178 μά

2411 5232 2479 5281 τὰ
2519 5224 2640 5294 ἱερά
2674 5239 2765 5291 μοι
2809 5222 2904 5273 καὶ
2938 5220 3058 5272 θεία
3095 5213 3399 5284 μαρτύρια,
3437 5207 3515 5274 οἷς
3557 5207 3668 5278 ἐγὼ
3715 5205 3988 5278 πεπληρο-

2412 5317 2661 5385 φόρημαι
2700 5310 2799 5379 τὴν
2847 5309 3129 5379 ἀλήθειανο
3188 5304 3557 5373 αἰσχυναίμην
3615 5297 3725 5366 γὰρ
3783 5297 3850 5350 ἀν
3901 5298 3989 5350 καὶ

2412 5407 2647 5477 πατρίδα
2683 5403 2777 5454 καὶ
2808 5404 2903 5471 τῆς
2946 5398 3048 5469 ἐμὲ
3078 5395 3348 5465 τεκούσης
3385 5393 3592 5465 μητρὸς
3631 5394 3691 5444 τὸ
3717 5389 3984 5461 φιλόθεον.

2413 5501 2544 5568 παρ’
2625 5513 2716 5568 μοι
2745 5493 2926 5556 καλῶς
2958 5492 3050 5543 καὶ
3074 5491 3141 5542 τά
3164 5487 3261 5556 τῆς
3286 5487 3565 5547 εὐσεϐείας
3590 5479 3986 5554 προσετυπὼθη

2413 5595 2506 5647 καὶ
2545 5585 2680 5664 ᾗπερ
2712 5591 2767 5641 ἐν
2804 5586 3029 5656 σκηναῖς
3072 5582 3313 5643 αἰωνίοις
3340 5577 3823 5634 συναναπαύεσθαι
3858 5586 3987 5624 itac-

2417 5686 2734 5753 επείγομαι.
2799 5681 2947 5745 Ἐςρη
2986 5675 3163 5729 ταῦτα
3191 5677 3216 5727 ὁ
3244 5671 3588 5737 Παντολέων,
3626 5674 3718 5723 καὶ
3742 5668 3833 5718 διὰ
3861 5664 3988 5732 βραρ

2415 5782 2551 5853 χέων
2581 5772 2885 5836 ὑπέδειξεν,
2913 5769 3011 5839 οἴῳ
3043 5764 3474 5839 προσϐεϐληκῶς
3511 5761 3576 5834 ἦν
3603 5766 3629 5814 ό
3659 5759 3771 5819 τοῖς
3817 5756 3983 5824 σκήπν

2414 5849 2563 5946 τροις
2596 5871 2688 5924 καὶ
2710 5867 2784 5936 τῷ
2807 5865 2979 5936 θρόνῳ
3009 5859 3544 5933 μεγαλαυχούμενος,
3565 5852 3656 5909 καὶ
3685 5853 3763 5907 ὅτι
3795 5849 3986 5904 ἐκεῖνον
