4180 6482
247 441 355 510 £65

1378 447 1550 506 VITA
1591 449 1648 508 S.
1693 448 2354 511 PANTELEEMONIS.

3382 438 3494 510 $166

247 558 463 610 πείσειν
524 556 745 620 ἐλπίσας
801 558 1003 628 δικτύῳ
1037 557 1296 628 θηράσειν
1324 558 1497 628 αὔρας
1527 557 1754 627 ἠλπισεν
1784 561 1795 612 i

1921 558 2122 621 ctabat.
2171 557 2536 624 Quamobrem
2577 573 2700 614 cum
2733 559 2989 623 nesciret,
3029 578 3261 631 quanam
3307 576 3493 634 posset

242 651 405 702 ἁστὶν
436 648 578 702 ἑλεῖν
635 652 692 702 ιν
732 651 982 720 νεφέλαις
1017 650 1476 720 ὑπεριπτάμενον.
1505 649 1668 702 Ὅθεν
1718 650 1812 702 καὶ

241 738 467 808 ἀπορῶν
497 739 590 792 τοῦ
641 740 871 805 πείθειν,
907 744 1099 812 πεῖραν
1145 741 1296 811 αύτῷ
1330 740 1542 805 καθῆκε
1588 742 1688 810 τὴν
1723 740 1811 794 διὰ

237 824 346 876 τῶν
376 826 648 894 βασάνων,
685 827 713 880 δ
762 829 862 898 τῆς
895 829 1139 894 ἐξουσίας
1183 825 1270 899 ἦν,
1323 831 1444 900 οὐχὶ
1487 831 1587 899 τῆς
1621 829 1810 899 σοφίας

238 920 332 970 καὶ
363 920 462 988 τῆς
501 922 840 990 φρονήσεως.

308 1009 406 1064 lZ'.
445 1013 553 1063 Καὶ
585 1014 774 1081 πρῶτα
810 1013 909 1082 μὲν
940 1013 1094 1078 ξύλου
1116 1017 1399 1085 ἁπήρτητο
1446 1015 1540 1068 καὶ
1573 1015 1810 1086 σιδηροῖς

235 1103 262 1151 ὖ
295 1103 508 1170 μάρτυς
536 1105 680 1168 ὄνυξι
710 1106 1014 1172 κατεξέετοο
1047 1109 1181 1178 πρὸς
1203 1109 1258 1160 δὲ
1290 1108 1384 1161 καὶ
1409 1108 1687 1176 λαμπάδες
1713 1125 1812 1159 πυ.

236 1195 328 1263 ρδς
358 1200 480 1257 ταῖς
511 1198 675 1250 αὑτοῦ
709 1199 970 1269 πλευραῖς
1002 1200 1344 1254 ὑπεκαίοντο.
1390 1199 1450 1254 Ὀ
1497 1201 1553 1255 δὲ
1583 1201 1643 1252 ού
1689 1204 1809 1264 ταῖς

237 1289 476 1356 πληγαῖς
506 1291 596 1341 καὶ
628 1294 744 1354 ταῖς
777 1296 1062 1356 καύσεσιν,
1095 1295 1232 1346 ἀλλὰ
1260 1293 1336 1364 τῷ
1369 1294 1653 1364 δυναμένῳ
1680 1293 1806 1364 βοη-

234 1379 348 1433 θεῖν
380 1384 636 1452 προσεῖχε
670 1385 762 1434 καὶ
793 1385 853 1435 τὸ
884 1385 1036 1454 δμμα
1060 1385 1228 1454 αἴρων
1250 1385 1330 1448 εἰς
1355 1384 1604 1456 οὐρανὸν,
1638 1403 1803 1455 προσ-

238 1470 439 1538 ηύχετο
475 1473 568 1524 καὶ
623 1475 708 1526 διὰ
737 1475 896 1527 τοῦτο
927 1476 1106 1546 παρῆν
1131 1476 1292 1539 εὐθὺς
1318 1477 1346 1528 6
1398 1479 1682 1548 ῥυόμενοςο
1716 1481 1811 1531 καὶ

232 1559 259 1608 6
304 1560 546 1627 Χριστὸς
596 1565 652 1614 ὲν
687 1565 930 1635 σχήματι
971 1565 1273 1636 Ἐρμολάου
1323 1569 1609 1637 ἐπιφανεὶς
1662 1569 1810 1638 αὐτῷ

231 1650 324 1702 τοῦ
387 1653 717 1722 πρεσϐύτου,
769 1658 1104 1726 παρακαλῶν
1158 1656 1224 1730 ἦν
1256 1661 1398 1714 πάνυ
1430 1663 1666 1730 γνησίως
1717 1663 1810 1714 καὶ

232 1743 643 1813 ἀνακτώμενον
686 1749 829 1814 Ἐγὼ
859 1753 966 1818 γάρ
993 1755 1109 1820 εἰμι
1138 1755 1274 1820 μετὰ
1305 1753 1418 1812 σοῦ,
1453 1753 1642 1824 ῶσπερ
1671 1756 1808 1823 πρό-ο

229 1851 389 1904 τερον
415 1839 519 1906 ἔφη
549 1841 661 1900 τοῖς
707 1842 1048 1904 ἀποστόλοις,
1097 1845 1153 1894 ἐν
1187 1847 1353 1896 πᾶσιν
1379 1839 1459 1907 οἷς
1491 1846 1715 1915 πάσχων
1741 1848 1808 1899 δι’

1924 653 2138 706 ratione
2191 652 2549 721 persuadere.
2597 661 2853 722 expertus
2902 664 2986 707 est
3027 668 3122 723 per
3168 663 3488 711 tormenta:

1919 741 2064 809 quod
2123 751 2241 794 erat
2309 741 2618 810 potestatis,
2686 757 2796 797 non
2851 753 3034 797 autem
3105 745 3385 815 sapientia:
3435 755 3492 802 et

1918 834 2243 903 prudentiae.

1989 1013 2152 1071 XVll.
2203 1015 2267 1069 Et
2311 1017 2547 1085 primum
2590 1018 2814 1086 quidem
2866 1018 2919 1072 in
2965 1018 3110 1088 ligno
3152 1018 3254 1074 fuit
3290 1035 3492 1090 appen-

1917 1121 2034 1169 sus,
2089 1114 2143 1160 et
2194 1105 2386 1160 ferreis
2433 1114 2635 1178 martyr
2684 1107 2990 1162 laniabatur
3054 1111 3296 1176 ungulis.
3350 1110 3492 1167 Prat-

1922 1207 2066 1251 terea
2109 1208 2290 1252 autem
2336 1199 2476 1269 ignis
2500 1215 2717 1268 quoque
2765 1199 3040 1269 lampades
3085 1201 3348 1256 lateribus
3373 1204 3492 1274 ejus

1919 1290 2372 1345 admovebantur.
2407 1292 2501 1346 llle
2535 1307 2666 1346 vero
2694 1307 2802 1346 non
2849 1293 3018 1365 plagis
3062 1303 3115 1349 et
3156 1295 3488 1362 nationibus,

1918 1381 2012 1436 sed
2067 1381 2115 1435 ei
2174 1383 2268 1450 qui
2336 1390 2514 1451 potest
2575 1397 2737 1452 opem
2807 1384 2972 1446 ferre,
3036 1385 3374 1449 attendebat.
3436 1395 3492 1442 et

1918 1475 2104 1527 oculos
2155 1475 2209 1527 in
2264 1475 2462 1530 cadum
2510 1477 2724 1538 tollens.
2776 1477 2986 1532 orabat.
3035 1479 3099 1532 Et
3144 1479 3266 1533 ideo
3305 1479 3488 1535 statim

1918 1563 2092 1618 adfuit
2147 1565 2426 1631 liberator,
2459 1576 2514 1620 et
2564 1567 2812 1622 Christus
2867 1582 3137 1636 apparens
3191 1569 3244 1622 in
3302 1569 3489 1624 habitu

1922 1657 2192 1714 llermolai
2239 1659 2407 1722 senis,
2455 1673 2579 1714 eum
2613 1676 2740 1714 vere
2769 1675 2834 1714 ao
2865 1677 3122 1728 germane
3165 1662 3488 1716 consolaba-

1919 1761 2009 1804 tur
2053 1760 2103 1804 et
2149 1751 2476 1804 recreabat:
2526 1752 2635 1820 Ego
2673 1751 2819 1805 enim
2866 1766 2985 1805 sum
3035 1763 3237 1817 tecum,
3277 1752 3485 1816 dicens.

1919 1840 1973 1893 in
2024 1843 2302 1905 omnibus,
2370 1843 2422 1895 in
2475 1843 2675 1910 quibus
2727 1854 2952 1914 propter
3009 1859 3094 1898 me
3148 1845 3383 1912 patiens,
3433 1854 3489 1900 to

229 1930 328 1998 ἐμὲ
365 1937 676 2002 καρτεριῐς·
728 1935 822 1984 καὶ
851 1935 932 1987 ὅτι
981 1937 1182 2006 παρῆν,
1228 1938 1452 2010 ὲγγὺςὴ
1513 1941 1795 2006 ἀπόδειξις.

1913 1931 2129 1986 fortiter
2173 1935 2336 2003 geris.
2388 1933 2543 1997 Quod
2602 1944 2785 1990 autem
2844 1936 3085 1994 adesset.
3134 1951 3241 1988 non
3297 1938 3485 2004 procul

230 2021 382 2090 Ἀμα
409 2027 518 2092 γάρ
573 2025 665 2075 καὶ
699 2026 755 2076 αἱ
785 2025 892 2079 τῶν
925 2028 1136 2097 δημῐων
1173 2033 1432 2099 ’παρεῖντο
1471 2034 1674 2101 χεῖρες,
1711 2035 1805 2086 καὶ

229 2116 283 2165 al
312 2115 595 2182 λαμπάδες
628 2117 972 2183 ὲσϐἐννυντο,
1003 2122 1093 2172 καὶ
1129 2123 1156 2171 6
1186 2120 1435 2187 βασιλεὺς
1467 2127 1556 2176 καὶ
1588 2126 1679 2178 τοῦ
1713 2143 1804 2179 κο-

227 2205 410 2268 λάζειν
436 2208 600 2259 πλέον
619 2207 898 2278 ἀπείχετο.
917 2210 1141 2264 Κελεύει
1163 2216 1452 2284 τοιγαροῦν
1481 2217 1642 2271 αὐτὸν
1668 2235 1801 2271 κατ-

225 2299 513 2368 ενεχθῆναι
564 2300 659 2353 τοῦ
695 2301 882 2368 ξύλου,
941 2304 1040 2357 οὐκ
1099 2306 1265 2360 ἐλεῶν
1298 2309 1518 2378 μᾶλλον,
1554 2311 1667 2364 ἀλλ’
1697 2314 1723 2365 ὃ
1752 2331 1805 2366 τι

227 2389 488 2455 πράξοιτο
527 2390 804 2462 διαπορῶν
837 2393 929 2445 καὶ
960 2395 1052 2446 τοῦ
1106 2394 1350 2461 πλείονος
1378 2400 1501 2467 τόγε
1528 2400 1661 2468 γοῦν
1699 2403 1803 2456 ὑπὸ

225 2477 323 2550 τῆς
356 2481 473 2534 ἄνω
519 2485 700 2552 χειρὸς
746 2485 1088 2554 ειργόμενος.
1140 2485 1271 2542 Εἶτα
1311 2491 1597 2563 προσεχὼν
1628 2496 1798 2564 αύτῷ,

225 2571 321 2635 Τίς
362 2575 394 2642 ή
438 2576 603 2643 τέχνη
639 2575 778 2646 αὕτη
817 2577 917 2643 τῆς
963 2579 1236 2644 γοητείας,
1269 2579 1443 2649 ἔλεγε,
1480 2584 1798 2650 Παντόλεον,

222 2661 256 2730 ἦ
285 2677 365 2713 σοι
396 2665 486 2714 καὶ
521 2664 618 2726 τὰς
652 2665 938 2734 λαμπάδας
967 2668 1157 2721 ἔσϐεσε
1191 2673 1281 2723 καὶ
1311 2676 1437 2734 τοὺς
1467 2661 1799 2747 δορυφόρους

223 2754 280 2804 ἑν
303 2755 497 2824 ἀτονία
521 2757 898 2827 κατέστησε-ις
941 2760 998 2813 Ὀ
1025 2762 1102 2813 δέ·
1143 2763 1205 2815 Ἠ
1235 2764 1359 2834 ἐμὴ,
1391 2764 1519 2836 ἔφη,
1550 2772 1796 2836 γοητεία,

223 2844 460 2914 Χριστός
486 2847 657 2912 ἐστιν,
691 2849 750 2912 ὃς
787 2854 877 2904 καὶ
907 2853 1239 2925 παρίσταταί
1267 2874 1355 2926 μοι
1391 2858 1563 2911 ταῦτα
1594 2860 1798 2931 διενερ-

220 2937 354 3003 γῶν.
413 2939 475 2992 El
527 2939 620 2993 οὖν
657 2944 927 3011 μείζονας,
961 2950 987 2998 6
1033 2947 1284 3016 βασιλεὺς
1323 2949 1495 3016 εἶπεν,
1526 2954 1797 3024 ἐπάξομαι

217 3029 316 3092 τὰς
354 3031 647 3098 βασάνους,
691 3035 744 3086 τί
779 3053 902 3088 ποτε
959 3039 1214 3108 δράσειςς
1253 3043 1320 3094 Τί
1349 3044 1497 3109 ἄλλο,
1557 3050 1722 3115 φησὶν
1772 3050 1800 3101 6

220 3121 457 3190 μάρτυς,
493 3123 524 3187 ἢ
562 3124 656 3174 καὶ
683 3122 844 3186 αὐτὸς
881 3127 1144 3194 μειζόνων
1179 3132 1475 3187 ἀπολαύσω
1505 3136 1612 3187 τῶν
1643 3139 1797 3190 άντι-

217 3214 458 3283 λήψεωη
500 3215 738 3269 Ἦκουεν
772 3218 804 3288 ἡ
843 3222 1074 3291 πονηρία
1107 3224 1200 3275 καὶ
1235 3226 1432 3294 πεῖραν
1484 3226 1790 3296 ἐπήγαγεν⁸
1825 3261 1866 3317 C

215 3307 339 3360 οὔτε
378 3309 490 3379 γάρ
531 3312 808 3363 πιστεύειν
867 3313 980 3384 ᾔδει
1037 3317 1147 3378 τοῖς
1197 3316 1444 3382 ἀγαθοῖς,
1505 3319 1629 3372 οὕτε
1687 3321 1795 3374 τῶν

217 3399 575 3468 βλαπτόντων
625 3402 900 3473 ἀπείχετο.
966 3405 1248 3459 Ἐκέλευεν
1282 3403 1374 3461 οὖν
1411 3409 1615 3482 λέϐητα
1650 3414 1794 3484 σιδη-

217 3491 365 3560 ροῦν,
400 3484 446 3558 ᾧ
479 3491 728 3559 μόλιϐδος
760 3495 905 3561 ὲνῆν,
952 3500 1319 3566 παραχθῆναι,
1377 3502 1510 3570 πυρί
1543 3521 1599 3556 τε
1633 3506 1794 3559 αὐτὸν

212 3581 463 3635 κάτωθεν
486 3583 848 3637 ὑποκαίεσθαι
878 3587 970 3639 καὶ
998 3588 1175 3658 τούτῳ
1201 3591 1289 3642 τὸν
1327 3592 1563 3663 ἀθλητὴν
1585 3597 1793 3666 ἐμϐληο

211 3674 393 3744 θῆναι.
444 3674 598 3728 Ἐπεὶ
642 3676 697 3729 δὲ
729 3679 928 3749 σπουδῇ
983 3681 1044 3734 τὸ
1087 3681 1376 3736 κελευσθὲν
1413 3685 1629 3756 ἠνύετο,
1674 3687 1788 3746 ,ἀπο

210 3769 484 3837 αγόμενος
518 3769 656 3838 πρὸς
679 3771 776 3840 τὴν
801 3774 1076 3842 τιμωρίαν
1100 3776 1126 3826 6
1158 3775 1394 3844 μάρτυς,
1429 3778 1528 3848 τὴν
1560 3797 1793 3849 προσευ⁴

209 3859 310 3929 χὴν
345 3860 516 3912 πάλιν
550 3860 625 3924 ῶς
661 3879 712 3915 τι
745 3863 1067 3935 σϐεστήριον
1095 3867 1191 3919 καὶ
1218 3870 1564 3939 παράκλησιν
1591 3874 1790 3937 ἱκανῶς

207 3948 517 4018 ἀναψύχειν
583 3951 746 4001 αὐτὸν
783 3953 1113 4023 δυναμένην,
1140 3955 1408 4025 λαμϐάνει
1438 3959 1515 4027 τῷ
1559 3961 1788 4028 στόματι

207 4043 301 4094 καὶ
333 4041 547 4112 ταύτην
590 4041 685 4094 τοῦ
717 4043 888 4097 δεινὸν
929 4046 1286 4111 ἀπειλοῦντος
1316 4051 1526 4104 ἐκείνου
1585 4055 1785 4124 κατῇδε

203 4134 455 4205 λέϐητος·
491 4134 898 4200 Εισάκουσον,
928 4140 959 4192 d
986 4140 1151 4204 Θεὸς,
1184 4142 1390 4211 φωνῆς
1407 4162 1546 4212 μου,
1579 4145 1783 4214 λέγων,

203 4228 275 4280 ἐν
304 4226 388 4292 τῷ
427 4225 676 4282 δέεσθαι
704 4245 780 4299 με
814 4231 962 4299 πρὸς
1010 4232 1104 4295 σὲ,
1159 4233 1278 4286 ἀπὸ
1335 4237 1524 4303 φόϐου
1571 4237 1786 4306 ἐχθροῦ

201 4319 422 4384 ἐξελοῦ
481 4320 600 4385 τὴν
633 4321 846 4388 ψυχήν
872 4340 1006 4391 μου.
1056 4325 1376 4380 Σκέπασόν
1405 4345 1478 4396 με
1520 4331 1638 4383 ἀπὸ
1672 4347 1785 4383 συ-

201 4409 481 4481 στροφῆς
529 4415 1048 4482 πονηρευομένων,
1094 4419 1212 4471 ἀπὸ
1250 4419 1521 4486 πλήθους
1555 4420 1786 4490 ἐργαζο-

196 4507 397 4574 μένων
424 4507 690 4560 ἀδικίαν.
732 4507 918 4571 Οὕτως
972 4509 1194 4578 ηὔξατο,
1237 4513 1331 4564 καὶ
1371 4511 1528 4579 αὖθις
1563 4518 1622 4569 ὲν
1651 4519 1782 4570 εῖδει

1909 2025 2081 2079 abluit
2121 2027 2397 2094 probatio.
2426 2026 2558 2080 Nam
2601 2028 2764 2081 simul
2813 2029 3003 2082 laxatae
3037 2028 3258 2083 fuerunt
3290 2043 3485 2083 manus

1911 2119 2184 2185 lictorum,
2218 2120 2498 2174 exstinctae
2532 2136 2751 2191 quoque
2783 2129 2911 2175 sunt
2940 2121 3306 2188 lampades.et
3339 2136 3368 2176 a
3394 2135 3487 2174 ca-

1907 2213 2155 2278 stigando
2211 2213 2478 2266 abstinuit
2529 2214 2848 2280 imperator,
2881 2223 2937 2268 et
2987 2215 3145 2282 plane
3197 2215 3487 2270 dubitabat

1903 2303 2036 2371 quid
2069 2312 2274 2371 ageret.
2303 2301 2467 2357 lubet
2502 2319 2631 2372 ergo
2663 2318 2789 2357 eum
2822 2304 3038 2358 demitti
3072 2305 3138 2358 tle
3169 2305 3334 2376 ligno,
3372 2320 3482 2360 non

1905 2396 2052 2466 quod
2098 2397 2468 2460 misereretur,
2497 2397 2589 2451 sed
2619 2398 2800 2466 p0tius
2827 2399 2972 2468 quod
3017 2398 3173 2467 plane
3221 2401 3476 2464 nesciret,

1905 2488 2034 2557 quid
2074 2497 2279 2558 ageret.
2321 2488 2524 2542 Deinde
2559 2489 2781 2558 pr0pius
2834 2492 3105 2546 accedens
3157 2511 3168 2544 :
3218 2492 3480 2556 Quaenam

1905 2585 2008 2641 est,
2063 2578 2259 2646 inquit,
2311 2593 2344 2631 ο
2390 2576 2714 2640 Pantoleon,
2757 2593 2845 2632 ars
2891 2578 3308 2649 praestigiarum,
3361 2595 3484 2648 qua:

1904 2669 1997 2722 tibi
2030 2669 2289 2724 exstinxit
2317 2670 2614 2738 lampades.
2647 2681 2699 2724 et
2734 2671 3060 2725 satellitibus
3087 2673 3227 2726 vires
3253 2681 3306 2725 et
3330 2672 3480 2743 vigo-

1902 2775 2018 2816 rem
2069 2760 2332 2816 abstulit?
2383 2762 2471 2814 Ille
2517 2774 2724 2826 autem,
2775 2761 2922 2825 Meae,
2951 2763 3146 2831 inquit,
3197 2765 3484 2835 praestigias

1901 2859 1984 2905 est
2019 2850 2287 2912 Christus,
2315 2852 2402 2920 qui
2431 2851 2594 2904 etiam
2627 2851 2780 2904 adest
2813 2851 2944 2904 mihi
2978 2851 3093 2904 haac
3131 2865 3386 2918 operans.
3419 2850 3479 2904 Si

1901 2957 2050 3008 ergo,
2097 2942 2291 3010 inquit.
2329 2944 2532 3010 majora
2579 2942 2675 2996 tibi
2709 2952 2978 2996 tormenta
3021 2942 3282 3013 indigam,
3318 2941 3479 3010 quid-

1900 3051 2024 3090 nam
2070 3036 2274 3090 facies?
2307 3035 2448 3102 Quid
2479 3038 2644 3100 aliud,
2680 3038 2852 3106 inquit
2885 3048 3111 3108 martyr,
3158 3053 3321 3105 quam
3360 3038 3477 3107 ipse

1899 3146 2117 3199 quoque
2151 3130 2390 3198 majores
2424 3145 2732 3198 consequar
2763 3129 3268 3188 remunerationes?
3304 3129 3475 3183 Audi-

1899 3223 1977 3275 ιιι
2035 3221 2378 3289 improbitas,
2418 3229 2473 3275 et
2521 3221 2693 3274 voluit
2753 3222 3010 3290 experiri.
3076 3219 3263 3288 Neque
3322 3221 3474 3273 enim

1900 3310 2058 3363 bonis
2111 3321 2339 3364 noverat
2369 3313 2613 3374 credere,
2653 3327 2830 3380 neque
2872 3311 3184 3365 abstinebat
3215 3326 3246 3363 a
3291 3309 3468 3364 malis.

1895 3399 2064 3455 Jussit
2114 3417 2246 3472 ergo
2292 3401 2474 3456 all'erri
2533 3402 2765 3456 lebetem
2825 3403 3087 3467 ferreum,
3144 3403 3230 3456 cui
3290 3403 3472 3456 inerat

1898 3495 2206 3564 plumbum,
2243 3496 2530 3565 ipsumque
2577 3497 2704 3563 igne
2739 3495 2952 3549 inferne
3000 3495 3284 3558 succendi,
3325 3503 3380 3549 et
3413 3494 3467 3549 in

1895 3604 2019 3642 eum
2074 3590 2331 3643 athletam
2386 3590 2554 3660 injici.
2612 3589 2903 3657 Postquam
2938 3597 3120 3642 autem
3179 3590 3472 3656 diligenter

1896 3679 2097 3734 factum
2131 3692 2233 3740 est,
2283 3683 2426 3749 quod
2471 3683 2685 3749 jussum
2739 3679 2938 3742 luerat,
3002 3696 3126 3734 cum
3175 3681 3468 3735 duceretur

1895 3781 2094 3841 martyr
2130 3772 2197 3826 ad
2237 3771 2594 3841 supplicium,
2634 3787 2826 3826 rursus
2861 3775 3166 3827 orationem
3205 3784 3465 3840 tanquam

1894 3866 1958 3920 ad
2005 3865 2462 3934 exstinguendum
2499 3877 2890 3936 comparatam,
2925 3876 2980 3920 et
3009 3866 3459 3931 consolationem,

1891 3976 2011 4030 qua:
2059 3959 2191 4018 satis
2242 3960 2412 4030 possit
2464 3975 2587 4014 eum
2642 3959 2986 4030 refrigerare,
3044 3960 3208 4014 sumit
3252 3959 3306 4012 in
3342 3975 3460 4023 ore.

1891 4061 1945 4106 et
1993 4067 2111 4104 eam
2168 4052 2220 4104 in
2281 4051 2504 4108 terribili
2564 4053 2660 4106 illo
2714 4052 2911 4110 cecinit
2968 4053 3142 4108 lebete
3177 4071 3188 4105 :
3227 4050 3461 4116 Exaudi,

1894 4142 2049 4201 Deus.
2081 4158 2254 4195 vocem
2283 4158 2468 4206 meam,
2507 4143 2716 4204 dicens.
2748 4147 2870 4196 dum
2913 4161 3005 4197 ora
3039 4147 3108 4198 ad
3138 4154 3186 4198 te
3219 4160 3237 4199 :
3273 4145 3463 4199 timore

1890 4234 2090 4286 inimici
2145 4235 2310 4287 libera
2357 4235 2592 4286 animam
2632 4251 2826 4288 meum.
2876 4234 3097 4306 Protege
3150 4251 3230 4289 me
3264 4252 3296 4288 α
3337 4251 3462 4290 cort-

1889 4337 2042 4381 ventu
2076 4328 2505 4396 mliguantium,
2540 4345 2572 4380 a
2605 4328 2945 4382 multitudine
2993 4332 3328 4396 operantium
3357 4331 3460 4384 iui-

1888 4419 2143 4486 quitatcm
2187 4420 2231 4474 '.
2279 4419 2368 4473 Sic
2408 4421 2602 4482 oravit,
2642 4430 2696 4474 et
2746 4437 2937 4476 rursus
2981 4419 3039 4475 in
3069 4419 3242 4476 forma
3283 4421 3458 4478 sancti

1887 4513 2037 4564 senis
2079 4509 2346 4564 Hermolai
2387 4511 2637 4566 Christus
2671 4515 2740 4566 ab
2776 4529 2840 4567 eo
2883 4515 3030 4567 visus
3077 4524 3184 4578 est;
3221 4524 3276 4569 et
3310 4515 3459 4570 lebe-

197 4597 292 4650 τοῦ
328 4597 482 4666 ἱεροῦ
520 4600 778 4667 γέροντος
819 4601 1122 4674 Ἑρμολάου
1149 4604 1176 4656 6
1219 4605 1455 4673 Χριστὸς
1487 4609 1636 4676 αὐτῷ
1682 4627 1782 4660 κα-

1900 4614 1996 4656 Lem
2045 4617 2150 4657 una
2193 4617 2316 4656 cum
2353 4618 2420 4657 eo
2452 4613 2533 4656 est
2586 4605 2886 4675 ingressus,
2941 4615 2997 4659 et
3031 4605 3170 4675 ignis
3206 4605 3457 4676 protinus

198 4690 440 4761 θωράτο,
466 4690 548 4760 τῷ
575 4691 763 4758 λέϐητι
788 4711 845 4746 τε
874 4697 970 4749 σὺν
999 4696 1150 4766 αὐτῷ
1199 4698 1458 4764 ἐγκατὲδυ
1484 4702 1574 4752 καὶ
1591 4700 1648 4752 τὸ
1674 4700 1783 4770 πῦρ

197 4784 402 4846 εὐθέως
430 4781 825 4848 ἀπεσϐέννυτο,
850 4787 942 4838 καὶ
970 4790 998 4840 6
1026 4788 1276 4856 μόλιϐδος
1308 4789 1389 4853 εἰς
1419 4791 1518 4860 τὴν
1545 4791 1782 4862 φυσικὴν

197 4874 522 4943 ψυχρότητα
559 4876 939 4944 μετεϐάλλετο.
980 4880 1088 4931 Καὶ
1129 4880 1296 4931 πάλιν
1331 4883 1469 4951 εὐχὴ
1511 4883 1663 4953 αὐτῷ
1688 4887 1781 4939 καὶ

195 4966 413 5035 ψαλμδς
474 4968 621 5019 κατά
655 4971 849 5039 καιρὸν
887 4973 1062 5042 ᾔδετοο
1107 4973 1249 5038 Ἐγὼ
1292 4973 1442 5040 πρὸς
1494 4974 1600 5028 τὸν
1632 4979 1780 5030 Θεὸν

194 5061 516 5129 ἐκέκραξα,
551 5060 647 5113 καὶ
685 5067 717 5114 ό
747 5064 961 5131 Κύριος
989 5065 1357 5130 εἰσήκουσέν
1386 5087 1525 5138 μου.
1566 5069 1776 5123 Ἑσπέ-

187 5170 300 5220 ρας
345 5156 447 5208 καὶ
508 5154 663 5221 πρωῒ
706 5156 803 5208 καὶ
841 5161 1207 5226 μεσημεριάς
1249 5160 1611 5230 διηγήσομαι
1675 5165 1774 5216 καὶ

192 5243 546 5314 ἀπαγγελῶ,
575 5245 675 5300 καὶ
703 5249 1122 5305 εἰσακούσεται
1148 5251 1255 5316 τῆς
1280 5251 1485 5320 φωνῆς
1511 5272 1650 5323 μου.

263 5336 373 5392 ιη’.
420 5337 551 5390 Τῶν
607 5339 703 5407 μὶν
758 5342 1043 5410 παρόντων
1097 5344 1221 5401 τοὺς
1267 5345 1460 5408 ἄλλους
1525 5345 1771 5408 ἅπαντας

194 5431 458 5502 Ξκπληξις
497 5425 614 5500 εἶχε
637 5448 650 5464 ο
705 5432 862 5501 μόνος
895 5435 949 5486 δὲ
981 5439 1008 5487 6
1045 5435 1299 5504 βασιλεὺς
1330 5439 1433 5490 ὑπὸ
1464 5441 1560 5507 τῆς
1603 5439 1771 5508 αὐτῆς

193 5521 400 5592 πλάνης
433 5520 678 5592 ἰσχυρῶς
708 5525 905 5594 εἴχετο,
944 5529 1036 5580 καὶ
1063 5526 1220 5580 τοῦτο
1255 5525 1317 5598 ἦν
1340 5529 1426 5581 διά
1463 5531 1763 5599 μεριμνῶν,

194 5615 314 5686 ποίᾳ
341 5615 575 5669 κολάσει
605 5613 696 5667 τὸν
717 5615 808 5670 τοῦ
841 5619 1078 5686 Χριστοῦ
1107 5622 1362 5689 μάρτυρα
1390 5624 1766 5690 τιμωρήσαιτο

191 5708 275 5760 καὶ
308 5707 339 5778 ἢ
374 5705 724 5777 μεταθέσθαι
777 5708 876 5777 τῆς
925 5710 1205 5774 εὐσεϐείας
1263 5712 1438 5765 πείσει
1497 5711 1526 5780 ἦ
1581 5713 1762 5776 κακῶς

282 5907 301 5939 ⁸
335 5906 490 5963 Psal.
538 5921 693 5972 Lam,
735 5906 790 5974 ἓ,
828 5909 880 5965 3.
994 5912 1011 5939 '
1041 5908 1182 5967 Psal.
1219 5928 1326 5982 Ltv,
1367 5915 1564 5987 17,18.

1884 4703 1969 4749 est
2005 4695 2334 4758 exstinctus,
2365 4704 2422 4750 et
2449 4695 2728 4764 plumbum
2762 4697 2814 4750 in
2851 4698 3152 4752 naturalem
3187 4706 3466 4753 mutatum.

1883 4794 1967 4838 est
2011 4785 2390 4854 (rigiditatem.
2441 4787 2504 4839 Et
2545 4803 2738 4841 rursus
2777 4790 2974 4850 oratio.
3009 4799 3064 4842 et
3091 4789 3330 4858 psalmus
3357 4804 3428 4860 op

1881 4884 2114 4946 portune
2143 4879 2212 4930 ab
2241 4892 2307 4932 eo
2342 4877 2641 4932 cauebatur
2671 4896 2684 4932 :
2739 4878 2852 4950 Ego
2880 4882 2952 4934 ad
3001 4879 3168 4936 Deum
3200 4883 3451 4945 clamaui.

1881 4979 1927 5022 et
1965 4967 2220 5025 Dominus
2254 4973 2522 5029 exaudiuit
2557 4990 2656 5028 me.
2702 4971 2923 5044 Vespere
2951 4985 3000 5030 et
3033 4992 3184 5030 mane
3210 4986 3258 5030 et
3291 4979 3451 5030 meri-

1880 5064 1964 5115 die
1996 5064 2232 5116 narrabo
2265 5074 2315 5116 et
2366 5068 2716 5127 annuntiabo,
2749 5078 2797 5119 et
2839 5070 3085 5121 exaudiet
3128 5071 3453 5143 deprecatio-

1877 5170 1991 5207 uem
2033 5155 2269 5209 meam.‘

1949 5353 2132 5410 XVI";
2179 5358 2352 5427 Atque
2393 5373 2455 5413 ex
2499 5359 2564 5413 iis
2602 5360 2844 5430 quidem,
2881 5361 2971 5431 qui
3027 5362 3275 5430 aderant,
3315 5366 3448 5419 alios

1881 5463 2073 5501 omnes
2123 5449 2264 5518 cepit
2319 5451 2607 5506 admiratio
2649 5469 2664 5506 :
2715 5452 2863 5508 solus
2915 5464 3095 5509 autem
3152 5457 3445 5526 imperator

1885 5538 2053 5592 valide
2085 5539 2138 5592 in
2171 5555 2272 5593 suo
2301 5541 2456 5596 haesit
2487 5558 2674 5598 errore
2706 5563 2717 5597 :
2752 5543 2841 5612 qui
2883 5547 3026 5614 apud
3060 5561 3117 5600 se
3151 5548 3441 5617 cogitabat,

1879 5639 2114 5696 quonam
2179 5630 2446 5699 supplicio
2486 5630 2688 5687 Christi
2752 5633 2969 5702 puniret
3021 5646 3334 5707 martyrem,
3389 5649 3448 5690 et

1877 5728 1968 5772 aut
2011 5734 2136 5776 eum
2172 5736 2198 5776 a
2233 5721 2432 5793 pietate
2467 5725 2796 5791 traduceret,
2832 5735 2924 5783 aut
2958 5727 3094 5785 male
3128 5729 3233 5782 vita
3266 5727 3444 5798 priva-
