4180 6492
209 401 317 468 473

213 613 368 680 θῆναι
426 621 524 671 καὶ
585 627 699 686 τοῖς
741 630 873 699 παρ’
923 631 1080 699 ἡμῶν
1141 634 1492 704 φιλουμένοις
1545 642 1787 695 καὶτῶν

211 707 451 774 πρώτων
483 713 816 786 ἠξιωμένοις
849 724 1029 792 τιμῶν
1079 730 1435 798 συνταγῆναι,
1494 734 1787 804 πεισθῆναι

209 798 400 852 τοῦτον
460 811 927 874 παρασκευάσατι
979 816 1091 876 τοῖς
1145 816 1286 882 θεοῖς
1342 820 1522 876 θῦσαι.
1583 827 1644 878 Oi
1686 827 1785 881 δέ’

207 890 331 953 Πῶς
363 891 432 944 ἂν
463 895 624 950 τοῦτο
655 900 929 968 δράσειαν,
966 902 1140 970 εἷπον,
1178 913 1226 962 οἱ
1262 914 1512 981 πρώτους
1557 917 1787 982 ἑαυτοὺς

205 981 500 1050 πείσαντες
533 990 608 1060 μὴ
663 993 964 1063 ἀποστῆναι
1016 999 1253 1067 Χριστοῦ
1303 1005 1438 1073 μηδὲ
1471 1010 1673 1073 κωφοῖς
1706 1011 1786 1060 εί-

200 1073 396 1138 δώλθις
452 1078 646 1134 Θυσίαν
699 1094 1121 1156 πρυσενεγκεῖνς
1177 1094 1363 1148 Ταῦτά
1414 1115 1472 1149 τε
1531 1101 1782 1163 εἰπόντες

202 1168 295 1217 καὶ
325 1169 409 1229 είς
443 1172 710 1238 οὐρανοὺς
739 1175 966 1243 ὄμματα
996 1182 1231 1248 αἰσθητά
1257 1200 1314 1235 τε
1344 1184 1459 1252 ἅμα
1491 1187 1585 1240 καὶ
1614 1189 1778 1255 νοητά

195 1252 363 1330 ἦραν.
409 1261 570 1314 Οὕτω
603 1263 658 1316 δὲ
720 1269 1035 1338 εὐχομένοις
1086 1275 1430 1341 ἐπιφαίνεται
1477 1280 1503 1328 ὁ
1551 1252 1760 1349 Σωτήρ,

269 1357 400 1413 KA'.
441 1358 500 1412 ’0
542 1363 597 1412 δέ
628 1378 690 1429 γε
729 1368 849 1426 ταῖς
892 1368 1170 1434 ἀληθείαις
1200 1372 1645 1444 διασεσεισμένος
1690 1379 1782 1430 τὸν

197 1449 325 1502 νοῦν
390 1450 648 1521 βασιλεὺς
725 1461 853 1521 τοὺς
901 1460 1054 1524 θεοὺς
1114 1462 1218 1532 ἔφη
1287 1468 1782 1538 ἀγανακτήσαντας

193 1541 377 1593 σεῖσαι
431 1547 534 1610 τὴν
581 1546 730 1614 γῆνς
769 1551 908 1617 πρὸς
938 1551 999 1602 ὃν
1039 1555 1066 1605 ὁ
1099 1558 1312 1624 μάρτυς
1352 1560 1495 1626 μάλα
1544 1563 1783 1623 συνετῶς

192 1633 286 1683 καὶ
321 1633 592 1699 γενναίως
614 1654 627 1667 ο
663 1639 721 1690 Ei
747 1640 802 1690 δὲ
839 1643 929 1693 καὶ
963 1644 1162 1704 αὐτοὺς
1199 1648 1441 1717 συμϐαίη
1471 1652 1594 1714 τοὺς
1628 1653 1782 1717 θεούς

191 1741 286 1778 σου
317 1735 687 1783 καταπεσεῖν·
712 1732 882 1787 Οὔπω
910 1737 1084 1805 πέρας
1112 1733 1260 1807 εἶχεν
1288 1745 1314 1792 ὁ
1354 1742 1534 1809 λόγος,
1579 1748 1669 1798 καί
1699 1764 1783 1809 τις

189 1816 296 1868 τῶν
328 1819 426 1871 τοῦ
460 1820 728 1888 βασιλέως
760 1829 1212 1896 παραγενόμενος
1231 1826 1297 1899 ἦν
1327 1832 1560 1898 ἄγγελος
1589 1839 1779 1907 ἐκείνῳ

187 1909 286 1978 τῆς
321 1915 649 1980 συμφορᾶς·
687 1916 750 1968 οι
800 1917 933 1978 θεοὶ,
969 1912 1012 1970 ὧ
1047 1919 1291 1988 βασιλεῦ,
1346 1923 1545 1992 λέγων,
1581 1928 1778 1984 ἔπεσόν

186 2016 242 2051 τε
280 2003 376 2053 καί
409 2004 831 2074 συνετρίϐησαν.
866 2009 1054 2073 Οὕτως
1079 2014 1127 2065 οί
1163 2016 1387 2083 epotis-poi.
1429 2019 1517 2069 καὶ
1543 2021 1641 2090 τὴν
1672 2023 1773 2089 γῆν

188 2092 452 2160 σείοντες,
497 2096 698 2166 πτῶμα
743 2099 955 2154 ἔκειντο
1008 2107 1264 2175 πονηρδν,
1295 2112 1408 2172 τοῖς
1436 2112 1534 2181 οὐχ
1572 2116 1773 2184 ὁμοίως

183 2189 408 2280 1τυφλοῖς
434 2188 558 2241 οὐδὲ
591 2190 914 2263 αὐτόχρημα
937 2195 1105 2261 λίθοις
1143 2201 1338 2254 πολλοῦ
1374 2205 1608 2270 γέλωτος
1642 2209 1775 2280 ἀλη-

183 2273 291 2339 θῶς
322 2279 494 2341 ἄξιοι.
532 2281 758 2353 Ἕτερος
797 2287 896 2354 μὲν
924 2284 1018 2341 οὖν
1061 2293 1153 2344 καὶ
1192 2292 1451 2364 βραχείας
1483 2299 1773 2356 ἀπολαύων

184 2371 384 2436 φρενὸς
418 2374 515 2424 καὶ
553 2373 625 2445 μὴ
673 2379 736 2447 τῇ
773 2383 952 2449 μορφῇ
989 2384 1125 2456 μόνη
1160 2386 1252 2438 τοῦ
1287 2388 1363 2457 μὴ
1399 2391 1597 2456 κτῆνος
1631 2391 1772 2449 εἶναι

184 2464 440 2535 φανερῶς
480 2469 870 2537 πιστευόμενος
908 2473 1008 2523 κᾶν
1041 2475 1255 2542 ἐπέγνω
1285 2479 1376 2531 τὸν
1407 2483 1607 2552 ἀψευδῆ
1639 2486 1771 2538 Θεὸν

183 2557 276 2608 καὶ
306 2561 487 2614 ποιεῖν
536 2559 707 2611 ταῦτα
741 2560 1043 2629 δυνάμενον
1067 2583 1079 2597 ο
1109 2566 1224 2619 ἀλλ’
1250 2569 1349 2622 οῦκ
1385 2571 1622 2637 ἐκεῖνος·
1655 2578 1771 2630 ἀλλ’

181 2645 235 2697 si
269 2663 322 2698 τι
373 2646 605 2714 βελτίων
658 2650 871 2723 ὑπῆρχε
909 2657 1002 2707 καὶ
1054 2656 1178 2710 ὅσον
1238 2661 1493 2717 ἀπώνατο
1528 2667 1636 2718 ἀπὸ
1669 2669 1767 2738 τῆς

181 2735 508 2806 θεοσημίας,
567 2743 675 2795 ἀπ’)
725 2745 833 2798 τῶν
883 2746 1060 2815 ἔργων
1117 2751 1281 2814 εὐθὺς
1340 2755 1498 2825 δῆλος
1535 2760 1763 2826 γίνεται.

178 2829 391 2882 Λύτίκα
423 2835 537 2901 γὰρ
584 2832 691 2887 τῶν
737 2836 835 2906 μὲν
867 2840 1037 2908 τριῶν
1067 2842 1242 2908 ἁγίων
1269 2847 1498 2900 ἐκείνων
1533 2856 1670 2919 μετὰ
1705 2853 1768 2906 τὸ

179 2922 353 2976 πολλὰ
382 2924 612 2990 τούτους
642 2929 866 2983 κολάσαι
899 2934 992 2984 τδν
1028 2934 1116 2987 διά
1149 2936 1338 3006 ξίφους
1384 2941 1615 2996 θάνατον
1645 2947 1766 3000 δια-

179 3014 356 3084 κρίνει
380 3031 394 3044 ·
431 3017 806 3073 Παντολέοντα
854 3023 910 3075 δὲ
949 3024 1040 3076 τὸν
1072 3028 1245 3094 μέγαν
1291 3029 1368 3099 τῷ
1400 3030 1762 3108 δεσμωτηρίῳ

177 3106 320 3161 κατὰ
344 3107 408 3159 τὸ
441 3110 621 3177 παρὸν
659 3110 863 3164 δίδωσι.
904 3115 983 3168 Τά
1017 3117 1116 3186 μὲν
1144 3118 1237 3172 οὖν
1266 3121 1623 3194 ἀναιρεθέντα
1653 3106 1762 3183 τῶν

177 3200 484 3270 μαρτύρων
536 3201 764 3273 σώματα
810 3205 953 3260 οὕτω
984 3211 1212 3280 κείμενα
1246 3215 1594 3284 Χριστιανοῖς
1629 3222 1758 3294 ἐμέ-

173 3292 340 3363 λησεν
371 3295 662 3350 ἀνελέσθαι
693 3299 782 3351 καὶ
812 3299 886 3362 ὠς
917 3305 1194 3373 προσῆκον
1221 3303 1289 3380 ἦν
1318 3311 1454 3366 αὐτὰ
1483 3292 1678 3383 essm.

242 3388 375 3441 κε’.
415 3389 786 3445 Παντολέοντα
828 3394 881 3446 δὲ
928 3397 1035 3449 ἀπὸ
1069 3401 1167 3469 τῆς
1200 3401 1428 3471 εἱρκτῆς
1462 3407 1699 3469 καλέσας
1726 3411 1754 3461 ὁ

171 3477 462 3548 βασιλεύς⁶
495 3483 656 3533 Δοκεῖ
685 3499 786 3546 σοι,
819 3485 944 3556 ἔφη,
979 3489 1169 3558 ὅτιπερ
1209 3492 1316 3553 ζῶν
1345 3497 1442 3557 τὰς
1477 3498 1616 3565 ἐμὰς
1645 3502 1754 3568 χεῖ-

168 3589 267 3642 ρας
301 3573 516 3644 δυνήσῃ
568 3574 870 3642 διαφυγεῖν,
920 3581 967 3631 εί
1016 3581 1089 3649 μὴ
1143 3585 1457 3651 προσελθὼν
1488 3591 1754 3662 πρότερον

165 3666 338 3736 θύσῃς
393 3667 511 3728 τοῖς
561 3664 723 3729 θεοῖς.
779 3669 873 3722 καὶ
921 3671 1094 3726 ταῦτα
1145 3675 1239 3727 τοῦ
1288 3677 1612 3735 διδασκάλου
1660 3701 1752 3738 σου

173 3757 510 3828 Ἐρμολάου,
576 3757 886 3830 Ἑρμίππου
937 3781 995 3816 τε
1059 3766 1153 3818 καὶ
1230 3767 1640 3843 Ἑρμοκράτους
1693 3779 1753 3830 τὸ

161 3850 334 3903 καλὸν
382 3851 488 3921 ἤδη
555 3853 836 3920 μαθόντων
884 3858 980 3907 καὶ
1023 3861 1134 3918 τοῖς
1166 3857 1308 3922 θεοῖς
1357 3862 1545 3917 Θυσίαν
1579 3883 1751 3935 προστ

159 3942 530 4010 ενεγκὸντων,
593 3942 642 3994 οἳ
709 3948 802 3995 καὶ
857 3949 1098 4013 ἀμοιϐὴν
1149 3951 1249 4019 τῆς
1308 3953 1642 4018 εὐπειθείας,
1693 3960 1753 4012 τὸ

159 4037 369 4106 πρῶτος
423 4030 566 4087 εἶναι
618 4035 710 4086 νῦν
745 4039 801 4087 ἐν
828 4036 904 4107 τῷ
957 4040 1202 4112 παλατίῳ
1248 4044 1382 4114 παρ’
1414 4048 1569 4115 ἡμῶν
1605 4036 1758 4122 εἰλήέ

158 4148 363 4198 φασινς
404 4131 584 4202 Εἴπερ
620 4127 712 4186 οὖν
744 4135 835 4186 καὶ
865 4135 929 4188 σὺ
960 4137 1056 4207 τὴν
1088 4139 1258 4208 καλὴν
1292 4142 1472 4194 αὐτῶν
1502 4145 1751 4214 ζηλώσας

160 4225 476 4296 μεταϐολὴν
521 4226 727 4289 θύσεις,
773 4227 892 4280 τότε
933 4229 1076 4299 ὕψει,
1132 4231 1452 4299 Παντόλεον,
1486 4233 1597 4301 οἷος
1641 4241 1750 4308 ἐγὼ

159 4318 332 4390 βαρὺς
359 4319 442 4372 ὢν
466 4319 547 4388 τῷ
573 4319 822 4383 κολάζειν
855 4323 980 4387 τοὺς
1007 4324 1394 4394 ἀπειθοῦντας,
1426 4333 1578 4403 παρά
1615 4334 1746 4386 πολὺ

155 4410 262 4464 τῶν
321 4410 674 4477 πειθομένων
721 4410 952 4482 ὑπάρχω
1004 4416 1081 4485 τῷ
1133 4418 1518 4488 εὐγνωμονεῖν,
1582 4423 1746 4495 θερα-

157 4504 350 4556 πεύειν
378 4501 821 4571 φιλοτιμότατος·
851 4505 1008 4560 τοῦτο
1038 4510 1094 4562 δὴ
1125 4514 1265 4566 κατὰ
1292 4515 1490 4585 πολλὴν
1519 4516 1622 4587 ἔφη
1650 4521 1747 4587 τὴν

155 4596 524 4664 κακοήθειαν,
586 4596 686 4650 ὅσα
731 4597 870 4667 πρὸς
925 4601 986 4654 τὸ
1040 4603 1348 4674 πεισθῆναι,
1405 4609 1569 4677 φημὶ,
1616 4613 1744 4676 τοὺς

155 4691 366 4758 ἁγίους.
408 4689 537 4752 Πῶς
580 4691 709 4758 γὰρ.
755 4691 846 4756 οὓς
897 4693 996 4765 ήδη
1050 4671 1262 4765 φθάσας
1321 4671 1564 4769 ἀνεῖλενς
1600 4671 1743 4758 ’Λλλί
1771 4671 1824 4731 D

155 4782 239 4834 ῖνα
285 4782 368 4851 τῷ
421 4781 602 4849 ὁμοίῳ
652 4780 881 4855 δελεάσῃ
921 4787 1011 4838 τὸν
1058 4790 1122 4842 ὲκ
1162 4789 1296 4841 Θεοῦ
1345 4793 1738 4864 φωτιζόμενον,

153 4873 270 4924 ὅθεν
285 4874 409 4926 οὐδὲ
440 4872 631 4926 λαθεῖν
666 4874 903 4943 ἴσχυσεν,
943 4878 1080 4943 ἀλλ’,
1111 4881 1233 4933 Ἷδω
1257 4881 1478 4952 τούτους
1514 4891 1607 4941 καὶ
1644 4891 1739 4943 αι)-

156 4970 260 5032 τὸς,
295 4969 520 5038 εἴρηκε,
558 4969 807 5036 βασιλεῦ,
850 4973 956 5036 πρὸ
985 4971 1079 5023 τοῦ
1112 4972 1205 5023 σοῦ
1263 4977 1552 5045 προσώπου
1595 4998 1740 5052 παρ..

157 5062 509 5130 ιτταμένους.
547 5059 608 5111 '0
641 5061 822 5126 μέντοι
849 5060 1192 5131 Μαξιμιανὸς
1214 5063 1292 5118 ἔτι
1320 5065 1411 5118 τοῦ
1435 5068 1738 5124 δολιοῦσθαι

157 5157 248 5209 καὶ
283 5158 458 5226 μηδὲν
493 5154 647 5222 ὑγιὲς
677 5154 854 5222 λέγειν
881 5158 978 5211 οὐκ
1011 5160 1381 5229 ἀφιστάμενος
1411 5164 1596 5232 (ἔθετο
1626 5169 1734 5236 γὰρ

158 5249 245 5301 καὶ
272 5249 332 5300 τὸ
361 5250 531 5311 σέϐας
569 5249 660 5302 καὶ
688 5250 784 5317 τὴν
813 5250 1001 5304 ἐλπίδα
1024 5251 1237 5320 ψεῦδος,
1271 5255 1412 5307 κατά
1445 5261 1536 5310 τὸν
1561 5263 1733 5329 μέγαν

165 5342 395 5394 Ἡσαΐαν
439 5342 632 5410 φάναι,
665 5341 757 5394 καὶ
792 5340 868 5409 τῷ
900 5341 1085 5410 ψεύδει
1122 5345 1300 5415 ἔκρινε
1350 5354 1727 5422 σκεπασθήσε-

158 5431 425 5497 σθαι),ού
465 5433 724 5499 πάρεισιν
765 5433 1019 5498 δνταῦθα,
1045 5435 1172 5503 ἔφη,
1206 5439 1341 5490 ἀλλὰ
1367 5441 1504 5493 κατὰ
1537 5444 1725 5512 χρείαν

157 5523 270 5577 τινὰ
298 5523 584 5578 καλοῦσαν
623 5523 702 5585 είς
733 5524 924 5595 ἑτέραν
969 5529 1125 5581 πόλιν
1151 5529 1280 5599 παρ’
1315 5534 1473 5600 ἡμῶν
1502 5534 1736 5604 ἐξεπέμ-

155 5618 386 5685 φθησαν.
434 5615 498 5665 Ὀ
553 5616 613 5668 δι
660 5616 897 5686 μάρτυςο
936 5622 1044 5675 Καὶ
1095 5621 1265 5688 ἄκων,
1314 5626 1450 5694 ἔφη,
1500 5629 1736 5696 τάληθὲς

151 5710 374 5780 εἴρηκας
402 5707 432 5758 δ
459 5704 523 5758 τὸ
552 5706 746 5774 ψεῦδος
781 5710 972 5776 φιλῶνο
1007 5714 1066 5766 ἑν
1090 5715 1339 5786 οὐρανοῖς
1364 5717 1472 5789 γάρ
1500 5719 1605 5772 εἰσι
1636 5721 1730 5773 νῦν

151 5800 200 5848 ιν
232 5804 296 5872 τῇ
329 5798 429 5853 τοῦ
467 5797 608 5848 Θεοῦ
648 5800 798 5854 πόλει
825 5801 1121 5872 διάγοντες.

251 5920 288 5952 ³¹
356 5920 465 5979 isa.
532 5928 726 5973 xxrtu.
766 5916 847 5989 l5.

1357 433 1532 496 VITA
1571 438 1629 497 S.
1673 438 2341 503 PANTELEEMONIS.

214 521 478 586 βούλεσθε
516 531 614 584 καὶ
651 531 750 601 τῆς
781 537 1056 608 προτέρας
1105 542 1311 614 ταύτης
1358 546 1542 610 αίτίας
1594 549 1798 602 ἀπολυ-

3384 446 3488 509 (74

1828 553 2278 616 Aannumerari.
2315 555 2509 610 eﬂicitc
2557 567 2613 610 ut
2676 557 2722 611 ei
2790 560 3182 627 persuadeatur
3231 560 3334 613 iliis
3396 577 3486 614 sa-

1895 641 2165 697 criﬁcare.
2237 643 2314 698 Illi
2383 663 2534 712 vero,
2611 648 2935 714 Quomodo,
3010 651 3309 720 inquiunt.
3386 655 3489 706 hoc

1896 731 2189 790 fecerimus
2247 739 2337 807 qui
2399 741 2633 809 primum
2666 744 2824 798 nobis
2855 745 3293 813 persuaserimus
3331 745 3487 798 Chri-

1894 835 2036 880 stum
2079 845 2187 883 non
2224 833 2498 897 deserere,
2557 851 2659 890 nec
2691 837 2868 891 surdis
2925 838 3234 891 simulacris
3281 837 3483 892 oﬂ'erre

1893 926 2249 980 Sacrificium?
2299 928 2421 985 Haec
2468 932 2750 994 dixerunt,
2807 944 2860 988 et
2915 948 3112 988 sensus
3170 944 3227 987 et
3281 937 3481 987 mentis

1893 1017 2082 1071 oculos
2118 1021 2168 1072 in
2202 1022 2370 1076 caelos
2400 1024 2763 1078 sustulerunt.
2791 1027 2879 1079 Sic
2922 1027 3273 1096 precantibus
3297 1035 3479 1078 autem

1891 1120 2120 1176 apparet
2143 1111 2502 1169 Salvator:et
2527 1123 2674 1170 totus
2725 1118 2904 1170 statim
2953 1117 3109 1171 l0cus
3160 1104 3398 1189 agitatur
3426 1127 3480 1172 et

1890 1211 2162 1256 ηιονθιυτ.

1827 1289 1923 1339 καὶ
1968 1293 1994 1341 6
2050 1294 2210 1356 τόπος
2246 1299 2410 1361 εὐθὺς
2470 1301 2591 1363 ὅλος
2620 1302 2794 1370 κλόνῳ
2828 1304 2922 1355 καὶ
2952 1303 3162 1370 σεισμῷ
3198 1304 3474 1372 Sili-mh

1955 1387 2138 1443 XXIV.
2177 1393 2384 1449 Εηιοιω
2449 1409 2633 1450 autem
2696 1415 2883 1452 revera
2931 1399 3130 1452 mentis
3173 1400 3475 1467 imperator

1883 1481 2120 1540 dicebat.
2154 1487 2286 1539 deos
2321 1487 2633 1558 indignatos
2663 1495 2899 1546 movisse.
2934 1505 3158 1549 terram.
3183 1496 3280 1550 Cui
3330 1513 3472 1550 mar-

1885 1587 2028 1645 tyres
2061 1580 2358 1646 prudenter
2393 1583 2685 1638 admodum
2729 1597 2783 1639 et
2821 1588 3054 1641 fortiter:
3086 1589 3139 1642 Si
3170 1590 3467 1661 contigerit

1884 1658 2032 1739 ipsos
2057 1689 2272 1742 quoque
2299 1675 2432 1729 deos
2466 1688 2608 1738 tuos.
2638 1679 2911 1748 inquiunt,
2945 1698 3047 1734 una
3076 1683 3297 1736 cadere?
3328 1685 3470 1736 Non-

1880 1763 2008 1816 dum
2042 1765 2187 1819 finita
2221 1778 2334 1821 erat
2365 1771 2560 1829 oratio.
2601 1781 2654 1825 et
2689 1774 2908 1841 quidam
2936 1791 3001 1828 ex
3041 1776 3311 1830 ministris
3361 1776 3470 1851 im.

1880 1860 2146 1924 peratoris
2171 1863 2399 1914 acrrssit
2424 1864 2488 1916 ad
2523 1865 2694 1926 illum,
2728 1869 2955 1921 nuntius
2975 1871 3321 1925 calamitatis:
3366 1871 3467 1934 Dii.

1882 1950 2089 2014 dicens,
2115 1969 2147 2005 o
2172 1955 2488 2024 imperator.
2512 1959 2828 2015 ceciderunt
2857 1973 2910 2015 et
2935 1965 3152 2017 contriti
3179 1976 3327 2018 sunt.
3374 1966 3467 2021 Sic

1887 2045 1959 2097 illi
1985 2048 2254 2101 terribiles
2293 2059 2346 2103 et
2381 2058 2576 2105 terram
2611 2053 2940 2121 quatientes,
2973 2057 3230 2123 jaccliant
3255 2059 3307 2112 in
3351 2069 3464 2114 ter-

1886 2155 1998 2192 ram
2031 2141 2224 2208 dejecti
2252 2144 2388 2197 tristi
2421 2161 2571 2203 casu.
2607 2145 2670 2199 iis
2700 2147 2790 2216 qui
2837 2163 2942 2200 non
2965 2158 3122 2203 erant
3151 2165 3303 2218 teque
3338 2153 3464 2206 caeci

1881 2241 1935 2284 et
1991 2231 2150 2299 plane
2185 2232 2408 2301 lapides,
2453 2237 2684 2290 ridiculi.
2723 2240 2900 2306 Atque
2929 2239 3069 2292 alius
3099 2241 3338 2308 quidem.
3370 2243 3460 2310 qui

1882 2324 1965 2376 vel
2002 2340 2189 2394 parum
2235 2324 2514 2380 habuisset
2545 2328 2869 2396 prudentiae.
2899 2338 2953 2384 et
2977 2347 3080 2383 non
3113 2333 3158 2384 ei
3195 2332 3311 2387 sola
3347 2331 3458 2385 for—

1883 2431 1964 2468 ma
1993 2418 2253 2479 obstaret.
2283 2433 2349 2471 ne
2368 2427 2552 2487 aperte
2577 2421 2894 2476 crederetur
2920 2437 3040 2477 esse
3065 2438 3254 2493 pecus.
3288 2425 3457 2477 Deum

1881 2526 2066 2562 verum
2095 2512 2425 2581 agnovisset,
2450 2520 2503 2564 et
2532 2512 2620 2580 qui
2645 2525 2822 2582 posset
2854 2514 2968 2569 inec
2993 2515 3189 2577 facere,
3229 2516 3322 2570 sed
3349 2530 3457 2571 non

1880 2600 1986 2653 ille:
2021 2603 2109 2668 qui
2143 2612 2403 2668 quantum
2446 2604 2638 2656 melior
2663 2605 2946 2666 evasisset,
2981 2615 3034 2659 et
3061 2618 3320 2675 quantum
3352 2608 3461 2660 uti-

1878 2694 2080 2746 litatem
2114 2707 2176 2745 ex
2200 2694 2399 2761 pietate
2433 2695 2785 2763 percepisset,
2817 2697 2997 2749 statim
3050 2712 3115 2750 ex
3137 2699 3298 2751 rebus
3329 2699 3460 2769 ipsis

1876 2785 2070 2853 aperit.
2100 2785 2293 2840 Statim
2315 2787 2460 2840 enim
2489 2797 2599 2840 tres
2622 2787 2742 2841 illos
2769 2800 3010 2850 sanctos,
3045 2801 3332 2859 postquam
3361 2807 3456 2845 eos

1877 2881 2064 2935 multis
2088 2881 2359 2934 alfecisset
2397 2883 2695 2950 suppliciis,
2721 2883 2941 2937 damnat
2960 2885 3175 2954 capitis.
3201 2883 3454 2956 Magnum

1873 2984 2055 3028 autem
2090 2974 2472 3028 Pantoleonem
2509 2977 2726 3030 interim
2758 2979 2921 3030 mittit
2946 2977 2999 3030 in
3025 2993 3323 3034 carcerem.
3360 2979 3455 3032 At-

1871 3081 1976 3134 que
2035 3076 2330 3135 martyrum
2391 3067 2608 3136 qnidem
2647 3067 2727 3121 sic
2765 3068 3180 3122 interfectorum
3223 3086 3454 3140 corpora

1870 3174 2011 3212 curae
2045 3157 2147 3212 fuit
2180 3159 2507 3214 Christianis
2539 3159 2749 3222 tollere.
2782 3171 2834 3215 et
2857 3177 2942 3228 ea,
2969 3172 3026 3216 ut
3056 3177 3154 3232 par
3196 3172 3334 3230 erat,
3367 3179 3454 3219 se-

1872 3252 2061 3320 pelire.

1784 3332 1831 3393 C

1931 3404 2096 3460 XXV.
2129 3405 2519 3460 Pantoleoncm
2549 3415 2731 3460 autem
2752 3423 2877 3461 cum
2907 3408 3207 3478 imperator
3254 3423 3450 3464 vocas-

1856 3509 1940 3556 set
1962 3516 2226 3556 ecarcere
2253 3518 2267 3556 :
2297 3501 2550 3564 Putasne.
2596 3501 2795 3572 inquit,
2830 3511 2880 3555 te
2904 3516 3061 3570 posse
3089 3502 3270 3557 vivum
3299 3514 3450 3557 meas

1856 3610 2053 3649 manus
2101 3595 2366 3666 elingere,
2423 3595 2467 3649 si
2501 3611 2608 3649 non
2632 3594 2900 3649 accedens
2928 3596 3079 3665 prius
3129 3595 3233 3650 diis
3280 3594 3449 3650 sacri-

1856 3686 2144 3741 ficaveris?
2183 3688 2343 3754 idque
2377 3702 2500 3739 cum
2527 3686 2721 3740 doctor
2742 3694 2867 3739 tuus
2907 3686 3244 3749 Hermolaus,
3308 3684 3445 3739 Her-

1855 3780 2185 3849 mippusque
2237 3786 2294 3833 et
2347 3777 2730 3833 Hermociates
2766 3778 2842 3840 id.
2901 3780 3046 3848 quod
3100 3777 3303 3832 bonum
3334 3788 3439 3839 est.

1856 3874 2044 3928 mutati
2064 3873 2172 3942 jam
2203 3873 2513 3936 didicerint,
2544 3881 2596 3926 et
2628 3873 2732 3927 diis
2759 3873 3084 3926 sacriﬁcium
3116 3872 3440 3930 obtulerint.

1855 3969 1944 4036 qui
1979 3968 2141 4021 etiam
2179 3981 2207 4019 a
2231 3967 2391 4020 nobis
2424 3966 2751 4020 obedientire
2792 3973 3128 4032 acceperunt
3181 3979 3438 4017 remune-

1856 4062 2147 4124 rationem,
2195 4069 2253 4114 ut
2288 4061 2397 4112 sint
2422 4057 2582 4126 primi
2612 4059 2664 4110 in
2702 4057 2928 4127 palatio?
2955 4057 3011 4110 Si
3033 4073 3163 4125 ergo
3191 4066 3243 4109 tu
3271 4057 3439 4111 sacri.

1855 4154 2128 4214 ficavcris,
2173 4166 2362 4208 earum
2414 4151 2696 4222 pulchram
2757 4152 2998 4205 imitatus
3053 4151 3438 4207 mutationem.

1854 4251 1986 4301 tunc
2021 4245 2253 4309 videbis,
2290 4243 2609 4308 Pantoleon,
2647 4260 2812 4312 quam
2838 4257 2957 4312 ego,
2984 4243 3075 4311 qui
3113 4257 3230 4295 sum
3259 4241 3440 4309 gravis

1852 4340 1907 4394 in
1955 4339 2253 4409 puniendis
2289 4337 2357 4391 iis
2391 4335 2481 4405 qui
2522 4350 2631 4388 non
2669 4345 2886 4404 parent,
2917 4337 3019 4388 sim
3076 4331 3319 4387 liberalis
3385 4341 3440 4385 et

1852 4431 2144 4486 munificus
2163 4431 2215 4484 in
2243 4428 2636 4484 benefaciendo
2665 4428 2732 4481 iis
2757 4426 2847 4496 qui
2874 4435 3086 4495 parent.
3114 4424 3224 4478 Hoc
3251 4433 3436 4481 autem

1850 4525 2066 4579 dicebat
2097 4523 2328 4593 maligne
2349 4531 2404 4575 et
2440 4521 2709 4574 malitiose
2743 4519 2906 4589 (quod
2939 4518 3156 4579 attinet,
3185 4517 3431 4586 inquam,

1851 4618 1917 4672 ad
1945 4616 2184 4686 sanctos)
2217 4615 2284 4668 ad
2325 4615 2400 4669 illi
2427 4614 2893 4684 persuadendum.
2949 4610 3234 4676 Quomodo
3259 4610 3431 4672 enim.

1850 4727 1988 4783 quos
2014 4711 2126 4781 jam
2171 4719 2297 4766 ante
2328 4708 2718 4763 interfecerat?
2748 4707 2842 4760 sed
2876 4713 2932 4759 ut
2974 4706 3242 4758 inescaret
3281 4716 3428 4763 eum,

1846 4808 1936 4876 qui
1985 4819 2016 4858 a
2056 4803 2166 4858 Deo
2223 4801 2654 4855 illuminabatur.
2700 4797 3069 4864 Quamobrem
3115 4810 3216 4850 nec
3262 4801 3430 4848 latere

1843 4897 2053 4967 potuit;
2087 4894 2180 4950 sed
2211 4911 2222 4946 :
2255 4891 2361 4947 Eos
2387 4892 2500 4962 ipse
2527 4907 2747 4961 quoque
2782 4891 3018 4956 videam,
3047 4889 3240 4958 inquit,
3268 4904 3300 4941 ο
3325 4887 3428 4940 im-

1844 4999 2081 5061 perator.
2126 4999 2252 5042 ante
2292 4996 2437 5041 tuam
2491 4994 2732 5039 astantes
2799 4982 3016 5040 faciem.
3071 4981 3431 5035 Maximianus

1843 5094 2025 5138 autem
2058 5081 2300 5134 nondum
2337 5093 2560 5133 cessans
2591 5076 2783 5131 fraude
2834 5090 2999 5145 agere
3033 5075 3240 5146 (posuit
3277 5075 3424 5128 enim

1840 5177 1954 5246 ipse
1974 5189 2189 5245 quoque
2215 5187 2364 5238 spem
2386 5173 2759 5230 mendacium,
2783 5178 2842 5223 ut
2868 5167 3044 5223 dicam
3075 5182 3199 5219 cum
3230 5181 3425 5236 magno

1835 5267 1970 5325 Isaia
2001 5271 2064 5332 “,
2096 5278 2149 5324 et
2174 5266 2364 5322 statuit
2386 5282 2443 5323 se
2479 5263 2760 5319 mendacio
2790 5261 3030 5333 tegere):
3069 5258 3183 5313 Non
3222 5259 3422 5313 adsunt

1831 5363 1940 5425 hic.
1992 5362 2146 5426 dixit,
2178 5359 2271 5416 sed
2303 5359 2480 5426 aliqua
2513 5356 2817 5411 necessaria
2836 5355 2901 5409 de
2927 5369 3088 5408 causa
3113 5354 3262 5406 missi
3291 5364 3418 5407 sunt

1835 5473 1864 5511 ει
1933 5455 2092 5511 nobis
2153 5455 2206 5509 in
2272 5453 2432 5505 aliam
2470 5451 2765 5504 ciVitatem.
2799 5447 3001 5519 Marlyr
3045 5457 3228 5500 autem
3265 5463 3278 5497 :
3319 5444 3413 5499 γει

1835 5547 2280 5616 invitus,inquit,
2318 5559 2510 5600 verum
2545 5541 2752 5608 dixisti,
2795 5555 2921 5596 cum
2963 5540 3156 5608 diligas
3186 5537 3416 5592 menda-

1834 5642 2012 5701 cium;
2065 5648 2194 5694 sunt
2278 5637 2425 5693 enim
2473 5649 2620 5691 nunc
2685 5632 2742 5689 in
2803 5632 2975 5698 ctelis,
3045 5631 3308 5702 degentes
3358 5629 3410 5682 in

1832 5730 2047 5786 civitate
2081 5725 2196 5782 Dei.
