4180 6492
172 434 284 500 481

1340 412 1748 496 CERTAMEN
1791 439 1853 500 s.
1898 439 2303 499 CALLINICI.

3341 440 3454 503 482

172 549 468 619 Σακερδὼς
517 552 692 622 τούτῳ
736 551 928 620 ὖνομα,
972 543 1014 617 ᾧ
1068 550 1162 604 καὶ
1209 550 1404 604 θᾶττον
1453 551 1480 603 6
1523 551 1749 623 ἀθλητὴς

1884 555 1962 608 ira
1991 565 2046 608 et
2075 556 2422 611 crudelitate.
2457 558 2514 611 Ei
2545 568 2724 612 autem
2754 565 2873 613 erat
2913 571 3112 611 nomen
3160 557 3455 615 Sacerdos.

173 644 546 713 προσαχθεὶς,
575 646 651 706 είς
677 644 798 714 ὄψιν
824 659 882 696 τε
909 639 1057 713 αὑτῷ
1079 641 1366 712 παραστάς
1392 655 1407 672 ⁶
1431 642 1518 706 Τί,
1546 647 1711 713 φησιν
1743 647 1770 698 6

178 737 388 805 θρασὺς
413 737 604 808 ἅρχων
635 737 728 790 καὶ
758 733 974 800 ἀλαζὼν
1007 733 1142 804 πρὸς
1172 735 1263 788 τὸν
1293 736 1470 801 ἅγιον,
1505 737 1645 788 κατά
1679 753 1764 788 το-

181 829 374 880 σούτου
405 831 647 897 κράτους
677 830 832 898 μόνος
853 827 958 879 τῶν
986 826 1162 880 ἄλλων
1189 829 1395 897 τολμᾷς
1424 826 1768 890 αὐθαδάζεσ-

184 918 295 982 θαι,
317 920 608 972 καὶταῦτα
635 920 834 988 ἔπηλυς
867 917 943 970 ῶν
975 920 1068 970 καὶ
1096 919 1195 989 οὐχ
1223 919 1526 988 ἡμεδαπὸς.
1554 918 1770 970 πάντων

182 1011 616 1063 ὐποκυπτόντων
667 1013 757 1062 καὶ
803 1010 990 1073 Θυσίας
1035 1013 1150 1074 τοῖς
1192 1011 1332 1072 θεοῖς
1382 1011 1769 1079 προσαγόντων

183 1104 278 1156 καὶ
314 1104 521 1164 αὐτοὺς
557 1104 807 1170 εὐμενεῖς
842 1103 988 1171 ἔχειν
1023 1102 1396 1164 σπευδόντων.
1432 1102 1499 1156 δι’
1530 1097 1604 1155 ῶν
1641 1104 1775 1171 ἡμῖν

180 1195 360 1248 πάντα
385 1194 644 1264 δωρεῖται
663 1194 730 1246 τά
750 1195 1044 1260 κάλλιστα;
1071 1191 1231 1246 Ἀλλά
1259 1193 1321 1244 σύ
1347 1209 1410 1259 γε
1437 1193 1498 1244 οὑ
1525 1193 1684 1260 μόνον
1712 1193 1772 1244 οὐ

181 1286 472 1356 προσέρχῃ
501 1284 679 1336 θύσων
703 1284 888 1346 αὐτοῖς
920 1285 1016 1336 καὶ
1044 1283 1481 1352 ἐξιλεωσόμενος,
1509 1283 1646 1335 ἀλλά
1678 1282 1772 1332 καὶ

177 1378 306 1438 τοὺς
340 1376 634 1444 προσιέναι
671 1376 1034 1444 βουλομένους
1069 1376 1303 1445 ἀφιστᾷς
1336 1375 1431 1428 καὶ
1462 1375 1643 1440 λόγοις
1676 1391 1770 1442 φε-

175 1466 379 1535 νακίζῃ
416 1469 756 1535 ἐπαγωγοῖς,
785 1470 923 1536 μήτε
963 1465 1214 1536 σώματος
1259 1467 1482 1536 μεγέθει
1525 1465 1766 1538 θαρρῶν.

176 1560 319 1628 μήτε
360 1561 629 1630 περιϐολῇ
664 1559 999 1629 ἀξιώματος.
1048 1560 1194 1631 Πρὸς
1237 1561 1297 1613 δν
1339 1563 1366 1614 6
1413 1561 1622 1630 μάρτυς
1677 1559 1768 1612 τοῦ

172 1651 421 1721 Χριστοῦ
458 1656 648 1723 πράως
681 1653 822 1707 οὕτω
847 1656 940 1706 καὶ
970 1654 1260 1724 προσηνῶς
1293 1655 1658 1724 ἀπεκρίνατο·

1875 648 1954 701 Ad
1985 663 2146 716 quem
2180 663 2301 701 cum
2334 648 2629 716 productus
2660 658 2804 703 esset
2833 650 3062 712 athleta.
3098 658 3154 704 et
3211 652 3455 707 venisset

1877 734 1931 789 in
1966 737 2084 802 ejus
2111 745 2462 804 conspectum
2500 755 2513 790 :
2543 737 2704 801 Quid.
2734 738 2910 806 inquit
2959 739 3140 792 audax
3201 748 3256 792 et
3303 755 3456 797 arro-

1874 844 2007 898 gans
2044 842 2245 896 praeses
2296 838 2509 892 sancto,
2563 831 2826 883 adversus
2889 839 3093 883 tantam
3151 830 3451 900 potentiam

1872 921 2040 971 audes
2067 919 2215 971 solus
2242 934 2307 971 ex
2333 919 2451 973 aliis
2486 932 2536 972 te
2571 921 2868 975 insolenter
2891 938 3106 991 gerene,
3133 923 3294 991 idque
3323 938 3448 976 cum

1875 1011 1950 1064 sis
1978 1011 2204 1072 advena,
2236 1020 2290 1065 et
2321 1027 2426 1064 non
2462 1021 2694 1078 nostras,
2725 1014 2980 1068 omnibus
3017 1028 3075 1068 se
3124 1014 3452 1068 submitten-

1879 1102 2048 1163 tibus.
2081 1109 2134 1154 et
2165 1102 2268 1155 iliis
2309 1103 2572 1156 sacrificia
2607 1103 2982 1165 olTerentibus.
3016 1114 3072 1158 et
3104 1120 3198 1158 eos
3225 1105 3452 1159 studen-

1874 1195 2017 1248 tibus
2048 1193 2252 1248 habere
2287 1194 2580 1248 benevolos
2603 1209 2666 1249 ac
2701 1194 2985 1263 propitios.
3019 1211 3113 1264 per
3142 1212 3279 1264 quos
3300 1195 3456 1250 nobis

1872 1282 2168 1346 donantur.
2213 1302 2550 1356 quaecunque
2587 1297 2714 1340 sunt
2766 1289 2971 1354 optima
3027 1296 3080 1339 et
3146 1287 3452 1355 pulcherri-

1875 1375 1996 1427 ma?
2026 1375 2129 1428 Sed
2170 1387 2225 1430 tu
2282 1379 2499 1446 quidem
2539 1394 2647 1431 non
2707 1377 2883 1431 solum
2919 1393 3023 1430 non
3078 1377 3294 1431 accedis
3348 1377 3452 1431 diis

1877 1469 2302 1532 sacriﬁcaturus.
2336 1479 2390 1524 et
2426 1486 2520 1524 eos
2557 1474 2870 1539 placaturns
2906 1489 2918 1523 :
2951 1471 3046 1524 sed
3073 1485 3167 1524 eos
3191 1472 3352 1524 etiam
3381 1469 3451 1523 ab

1880 1559 2130 1611 instituto
2159 1558 2467 1619 diinovens.
2493 1559 2584 1628 qui
2623 1562 2809 1613 volunt
2839 1561 3123 1624 accedere,
3163 1555 3340 1614 verbis
3382 1559 3450 1613 ad

1878 1649 2244 1702 inducendum
2283 1652 2709 1703 accommodatis
2739 1652 2968 1719 decipis,
3031 1665 3208 1720 neque
3252 1667 3452 1719 corpo-

172 1746 250 1799 ris
310 1746 490 1801 l'retus
552 1749 948 1818 magnitudine,
999 1763 1179 1819 neque
1240 1750 1568 1804 auctoritate
1629 1747 1734 1802 ulla
1774 1754 1868 1800 aut
1921 1745 2204 1816 dignitate.
2246 1745 2345 1799 Cui
2402 1754 2604 1816 martyr
2637 1745 2842 1800 Christi
2889 1748 2970 1800 sic
3031 1756 3318 1801 mansuete
3358 1762 3456 1804 ree

170 1841 400 1907 spondit
430 1851 487 1894 et
525 1842 776 1910 placide:

241 1931 318 1987 A'.
370 1933 514 2000 Ἐγὼ
549 1935 646 2003 μὶν
675 1934 959 2002 ἄνθρωπος
989 1930 1132 1986 εἶναι
1159 1935 1406 2004 ὁμολογῶ
1441 1935 1663 2002 εὐτελὴς
1693 1935 1752 1987 τὸ
1790 1938 1832 1995 Β

167 2027 502 2094 φαινόμενον
531 2026 620 2076 καὶ
648 2027 864 2094 μικρός
889 2027 1174 2097 περιφέρω
1194 2027 1248 2079 δὲ
1274 2014 1337 2079 ἐν’
1356 2029 1431 2097 τῷ
1454 2026 1757 2095 ὀστρακίνῳ

171 2133 278 2186 μου
307 2117 487 2184 τούτῳ
523 2116 708 2170 σκεύει
731 2119 820 2170 τὸν
857 2119 988 2186 ἐμὸν
1023 2119 1323 2190 πολύτιμον
1355 2121 1631 2190 θησαυρὸν
1663 2120 1758 2173 καὶ

169 2210 530 2277 μαργαρίτην
559 2210 816 2277 Χριστὸν,
867 2210 957 2263 τὸν
1007 2213 1210 2283 Κύριον
1244 2230 1344 2282 μου
1393 2214 1484 2264 καὶ
1529 2213 1755 2281 Σωτῆρα

179 2297 426 2364 Ἰησοῦν,
463 2295 526 2352 οὗ
553 2299 737 2362 δοῦλός
772 2303 921 2369 εἰμι,
954 2295 1106 2372 ᾧπερ
1141 2303 1307 2376 ρίφην
1337 2303 1450 2356 ἀπὸ
1479 2302 1710 2371 γαστρὸς
1739 2342 1752 2364 ,

165 2391 225 2451 ὃς
253 2389 487 2453 πλοῦτος
515 2393 640 2460 ἐμοὶ
665 2394 760 2445 καὶ
785 2393 1048 2464 καύχημα
1075 2385 1167 2448 καὶ
1196 2398 1346 2464 ἰσχὺς
1369 2397 1436 2448 δι’
1467 2390 1539 2448 ῶν
1565 2397 1756 2467 ἥδιστα

165 2483 290 2550 ἐμοὶ
316 2487 412 2535 καὶ
440 2484 650 2554 τερπνά
681 2486 746 2538 τά
776 2487 869 2538 τοῦ
897 2486 1012 2554 βίου
1050 2491 1261 2538 ἅπαντα
1296 2487 1539 2553 ἀλγεινά.
1589 2487 1756 2538 Οὐδὲν

163 2572 258 2626 οὖν
285 2577 626 2644 θαυμαστὸν,
660 2572 702 2629 ὦ
733 2577 977 2645 ἡγεμὼν,
1008 2578 1056 2628 εί
1084 2578 1328 2629 τοιούτου
1355 2579 1627 2630 Δεσπότου
1655 2577 1752 2643 ῶν,

163 2667 388 2717 σπεύδω
422 2670 517 2718 καὶ
549 2669 889 2734 ἀγωιίξομαι
912 2708 925 2732 ,
955 2668 1103 2729 ὅπως
1130 2685 1186 2719 τε
1217 2669 1376 2730 αὐτὸς
1410 2667 1506 2720 τοῦ
1543 2668 1623 2720 ἰοῦ
1655 2669 1752 2736 τῆς

164 2758 366 2818 κακίας
402 2759 646 2824 ἐμαυτὸν
686 2759 1050 2828 ἀποξέσαιμι,
1089 2760 1210 2812 καθ’
1242 2761 1364 2812 ὅσον
1407 2753 1578 2812 οἷόντε
1625 2777 1753 2812 συν-

162 2851 417 2918 τηρήσας
453 2850 762 2920 ἀλῶὸητον,
793 2854 886 2903 καὶ
918 2853 1064 2914 ὅπως
1087 2855 1184 2923 τῆς
1211 2854 1317 2906 τῶν
1348 2854 1580 2907 εἰδώλων
1618 2857 1752 2908 πλά-

163 2961 260 3012 νης
303 2947 430 3005 τους
470 2946 862 3012 ἠπατημένους
902 2946 1243 3015 ἐκσπάσαιμι
1289 2949 1382 3000 καὶ
1413 2949 1479 3017 τῇ
1523 2947 1752 3019 ἀληθεία

165 3037 538 3105 προσάξαιμι.
598 3036 657 3088 ὐ
693 3039 801 3104 γὰρ
833 3037 1062 3103 ἐξάγων
1093 3041 1448 3105 ἁμαρτωλὸν
1488 3040 1556 3092 ἐκ
1596 3039 1752 3091 πλά-

160 3145 274 3192 νης
326 3126 478 3179 (δοῦ
521 3128 706 3180 αὑτοῦ
761 3123 817 3198 (ᾖ
865 3145 998 3195 φησι
1051 3132 1118 3181 τι
1172 3129 1510 3182 θεόπνευστα
1569 3130 1748 3197 λόγια)

160 3219 347 3270 σώσει
377 3218 502 3286 μὲν
535 3217 746 3287 ψυχὴν
778 3219 846 3270 ἐκ
888 3218 1148 3272 θανάτου
1181 3219 1280 3272 καὶ
1305 3221 1564 3288 καλύψει
1593 3223 1748 3289 πλῆ-

158 3314 263 3378 θος
312 3312 643 3381 ἁμαρτιῶν.
696 3311 824 3366 Εἴθε
876 3311 968 3367 οὖν
1026 3313 1247 3367 ἐπείθου
1302 3333 1390 3385 μοι
1445 3318 1540 3368 καὶ
1588 3317 1748 3378 αὐτὸς

156 3407 255 3475 τὴν
290 3408 390 3474 μὲν
429 3405 715 3474 παροῦσαν
745 3407 963 3476 ἀπάτην
997 3406 1340 3472 καταλιπεῖν,
1363 3407 1441 3477 τῷ
1475 3409 1531 3460 δέ
1555 3425 1614 3474 γε
1651 3407 1750 3475 τῆς

157 3498 421 3561 ἀληθείας
451 3499 596 3564 φωτὶ
623 3499 1012 3567 προσδραμεῖν.
1061 3500 1275 3566 Ἐγνως
1302 3503 1406 3569 γὰρ
1430 3501 1496 3551 ἄν
1527 3499 1645 3551 τότε
1672 3499 1746 3562 ῶς

154 3590 395 3659 ἀληθῶς,
424 3591 479 3641 τί
511 3590 610 3657 μὲν
642 3591 668 3640 6
696 3589 806 3640 τῶν
834 3590 970 3641 ὅλων
993 3589 1126 3646 Θεὸς
1159 3591 1252 3642 καὶ
1281 3593 1576 3659 Δεσπότης,
1612 3592 1664 3643 τί
1689 3586 1745 3645 δέ

155 3681 221 3731 τὰ
264 3683 397 3751 παρ’
444 3680 602 3747 ὑμῶν
634 3681 822 3733 εἴδωλα
862 3681 958 3734 καὶ
989 3680 1186 3749 κωφὰ,
1217 3681 1253 3735 ἃ.
1286 3682 1465 3753 ψυχῆς
1503 3683 1744 3752 ἀτεχνῶς

154 3771 373 3841 δλεορος
417 3775 520 3825 καὶ
553 3773 819 3828 ἀπώλεια.

223 4033 299 4088 E’.
329 4034 557 4085 Τούτων
585 4032 861 4087 ἀκούσασα
889 4033 995 4088 τῶν
1018 4034 1190 4104 λόγων
1214 4037 1244 4108 ἡ
1271 4037 1446 4109 φαύλη
1470 4039 1615 4111 ψυχὴ
1644 4043 1738 4096 καὶ

156 4128 474 4196 μισόχαλος.
515 4127 885 4198 ἀκατασχέτου
914 4130 1032 4182 λίαν
1065 4131 1390 4202 ὑπεπλήσθη
1423 4133 1735 4204 θυμοῦ,καὶ

151 4221 222 4288 τῷ
270 4220 415 4286 ἁγίῳ
465 4217 726 4288 βλοσυρὸν
755 4221 940 4272 ἐνιδὼν
984 4223 1076 4274 καὶ
1109 4223 1273 4291 δριμύ
1303 4238 1317 4251 ·
1350 4221 1574 4291 Ἔοικας
1616 4247 1731 4296 μοι,

152 4315 299 4380 φησι,
325 4316 420 4365 τὸν
441 4313 672 4365 θάνατον
698 4313 795 4382 τῆς
821 4315 1039 4386 ἡδίστης
1068 4315 1211 4386 ζωῆς
1236 4323 1508 4391 προτιμᾷν
1534 4323 1627 4374 καὶ
1646 4321 1732 4375 διὰ

149 4406 299 4456 τοῦτο
348 4407 596 4473 ῥήμασιν
639 4405 1090 4476 ἀπονενοημένοις
1131 4411 1396 4480 κέχρησαι
1441 4418 1580 4465 κατά
1622 4416 1730 4469 τῶν

151 4496 306 4561 θεῶν,
342 4496 616 4563 συνείρων
649 4498 916 4548 ἀπνευστὶ
946 4500 1014 4550 τὰ
1065 4503 1399 4573 παιδαριώδη
1428 4505 1597 4559 ταῦτα
1633 4510 1726 4563 καὶ

1779 3279 1827 3337 C

1932 1926 2016 1982 IV.
2049 1929 2158 1995 Ego
2194 1930 2414 1998 quidem
2455 1945 2542 1985 me
2574 1930 2748 1984 fateor
2781 1946 2903 1986 esse
2941 1931 3216 1986 hominem
3264 1936 3450 2003 specie

1860 2025 2121 2079 humilem
2151 2033 2203 2078 et
2262 2026 2518 2094 pusillum
2555 2042 2571 2080 :
2607 2027 2933 2081 circumfero
2992 2037 3177 2081 autem
3218 2029 3271 2081 in
3346 2030 3450 2082 hoc

1860 2131 1983 2170 meo
2019 2132 2146 2171 vase
2188 2116 2338 2171 ﬁctili
2387 2118 2692 2185 pretiosum
2751 2134 2934 2172 meum
2995 2120 3338 2182 thesaurum.
3393 2133 3450 2175 et

1861 2215 2210 2278 margaritam
2244 2208 2522 2262 Christum
2567 2209 2857 2263 Dominum
2892 2227 3070 2264 meum
3101 2217 3156 2263 et
3194 2213 3447 2266 Salvato-

1860 2316 1972 2354 reni
2001 2300 2210 2361 Jesuni.
2239 2300 2395 2368 cujus
2421 2315 2544 2353 sum
2598 2317 2792 2356 servus
2824 2318 2838 2353 :
2869 2304 2955 2356 cui
2991 2303 3266 2371 proiectus
3322 2320 3444 2359 sum

1860 2393 1927 2448 ab
1956 2405 2134 2457 utero,
2161 2395 2252 2463 qui
2285 2403 2370 2447 est
2402 2394 2536 2446 mihi
2565 2395 2788 2458 divitize.
2844 2395 3094 2466 gloriatio
3145 2407 3200 2451 et
3249 2397 3440 2461 virtus.

1861 2498 1958 2551 per
2017 2497 2138 2550 quae
2196 2492 2322 2536 sunt
2385 2485 2516 2536 mihi
2550 2484 2890 2539 delectabilla
2932 2495 2984 2538 et
3041 2487 3199 2556 longe
3250 2486 3446 2556 jucum

1858 2573 2082 2627 dissiina
2123 2590 2462 2643 qumcunque
2494 2586 2622 2630 sunt
2660 2577 2711 2628 in
2759 2577 2862 2630 vita
2899 2594 3088 2647 aspera
3107 2592 3161 2632 et
3192 2581 3441 2637 molesta.

1856 2662 1971 2715 Non
2002 2674 2084 2716 est
2124 2681 2254 2733 ergo
2284 2666 2505 2730 mirum,
2539 2682 2572 2719 ο
2619 2684 2840 2736 praeses,
2906 2669 2948 2722 si
3010 2686 3133 2724 cum
3182 2672 3308 2726 talis
3372 2669 3443 2727 sit

1861 2752 1996 2808 mihi
2036 2758 2316 2819 Dominus.
2341 2758 2616 2810 contendo
2653 2769 2709 2811 et
2735 2759 2976 2821 decerto.
3015 2771 3074 2813 ut
3102 2771 3155 2814 et
3207 2762 3322 2831 ipse
3354 2779 3441 2816 tne

1857 2861 1886 2900 a
1925 2847 2038 2901 vitii
2079 2849 2331 2918 rubigine
2358 2850 2649 2917 expoliam.
2683 2867 2768 2904 me
2835 2853 3108 2924 integrum
3159 2865 3215 2908 et
3263 2858 3444 2912 since-

1860 2955 2003 3004 rum.
2033 2943 2215 3010 quoad
2249 2943 2366 3011 ejus
2424 2944 2540 2996 ﬁeri
2599 2954 2798 3013 potest.
2851 2961 3206 3014 conserimus,
3274 2961 3441 3020 utque

1857 3029 1924 3082 ab
2027 3045 2212 3083 errore
2307 3033 2572 3085 idolorum
2649 3049 2764 3095 eos.
2859 3042 2951 3104 qui
3024 3050 3154 3092 sunt
3239 3043 3442 3112 decep-

1859 3122 1918 3185 ti,
1990 3120 2237 3183 avellam.
2272 3130 2325 3174 et
2361 3123 2627 3176 adducam
2693 3125 2759 3178 ad
2792 3129 3104 3181 veritatem.
3158 3127 3259 3193 Qui
3288 3136 3431 3186 enim

1856 3212 2066 3265 abducit
2089 3221 2415 3282 peccaturem
2447 3216 2512 3268 ab
2533 3232 2707 3270 errore
2737 3221 2832 3270 via:
2860 3235 2969 3272 sua
2993 3230 3076 3287 (ut
3106 3222 3295 3277 diciint
3351 3225 3436 3278 di-

1857 3307 2055 3359 vinitus
2079 3308 2341 3375 inspirata
2375 3308 2622 3376 Eloquia)
2657 3313 2881 3363 servabit
2912 3315 3146 3364 minuam
3192 3331 3224 3366 α
3272 3330 3441 3371 morte

1854 3407 1899 3448 et
1933 3399 2126 3465 aperiet
2163 3399 2557 3451 multitudinem
2596 3408 2921 3466 peccatorum
2952 3404 2989 3456 '.
3021 3406 3196 3473 Atque
3227 3407 3434 3461 utinam

1857 3489 1911 3542 tu
1949 3505 2164 3560 quoque
2193 3506 2221 3544 a
2267 3507 2354 3546 me
2413 3495 2821 3562 persuadereris
2853 3506 3176 3565 prazsentem
3214 3501 3435 3569 quidem

1858 3585 2167 3654 relinquere
2202 3586 2603 3653 deceptioncrn.
2639 3589 2702 3639 ad
2737 3589 2981 3640 veritatis
3021 3601 3204 3643 autem
3258 3593 3433 3647 lucem

1847 3678 2125 3731 accedere.
2161 3679 2312 3730 Tunc
2340 3680 2482 3730 enim
2535 3695 2728 3734 revera
2762 3683 3131 3751 cognovisses,
3171 3687 3298 3754 quid
3362 3690 3436 3741 sit

1856 3769 2238 3823 universorum
2276 3773 2495 3838 quidem
2531 3772 2672 3826 Deus
2710 3785 2764 3827 et
2798 3773 3058 3828 Dominus
3093 3793 3106 3828 :
3157 3779 3285 3845 quid
3337 3795 3434 3833 au-

1848 3867 2130 3927 tem,qu:e
2186 3872 2314 3912 sunt
2348 3861 2487 3929 apud
2551 3878 2646 3914 vos
2695 3866 3004 3930 simulacra,
3060 3882 3181 3935 quae
3241 3873 3454 3923 revera'

1843 3955 1971 4002 sunt
2002 3950 2196 4001 animae
2230 3949 2458 4002 exitium
2491 3959 2544 4003 et
2567 3951 2842 4006 interitus.

1913 4038 2119 4094 V.H-.ce
2149 4056 2271 4094 cum
2321 4041 2458 4094 mala
2491 4041 2733 4094 audisset
2784 4042 2984 4107 anima.
3043 4054 3096 4099 et
3144 4060 3280 4114 qua.
3313 4059 3432 4116 quae

1840 4141 1968 4189 sunt
2002 4134 2250 4190 honesta.
2271 4133 2432 4186 habet
2457 4135 2670 4198 odio,ea
2701 4151 2820 4202 quae
2845 4137 3239 4192 continerinon
3272 4148 3435 4206 pote-

1836 4237 1919 4279 rat
1949 4226 2025 4277 ira
2050 4224 2149 4278 fuit
2211 4225 2433 4292 repleta,
2462 4234 2514 4278 et
2541 4227 2785 4278 sanctum
2809 4237 2957 4282 tOrve
2990 4229 3208 4308 intuen's
3237 4245 3252 4282 :
3277 4228 3437 4294 Mihi,

1835 4318 2029 4387 inquit,
2059 4319 2261 4373 videris
2295 4329 2526 4373 mortem
2555 4322 2676 4372 vita:
2704 4324 2959 4390 praeferre
2986 4321 3424 4390 jucundissima.

1833 4425 1887 4467 et
1913 4414 2039 4467 ideo
2065 4418 2325 4469 adversus
2355 4417 2486 4468 deos
2512 4415 2691 4468 verbis
2719 4431 2846 4468 usus
2876 4432 2935 4469 es
2961 4414 3343 4478 insolentibus.
3373 4427 3432 4472 et

1831 4508 2125 4559 amentiam
2150 4516 2292 4558 tuam
2319 4507 2777 4575 signiﬁcantibus,
2802 4508 2914 4560 haec
2935 4509 3221 4578 pueriliaet
3245 4510 3433 4562 inania

153 4589 353 4657 μάταια
378 4604 392 4618 ι
422 4587 543 4639 ἀλλ’
573 4586 680 4638 ἴσθι
701 4588 773 4651 ὡς
800 4590 950 4642 οὐδέν
981 4607 1038 4642 σε
1065 4593 1269 4644 τούτων
1295 4596 1477 4666 ὀνήσει
1500 4600 1616 4651 οὐδέ
1646 4604 1724 4665 τίς

1853 4609 2148 4662 τοηιειεης,
2166 4609 2217 4652 et
2240 4614 2376 4652 vano
2402 4600 2590 4668 spiritu
2625 4599 2906 4667 proferens
2933 4614 2946 4651 :
2983 4601 3078 4652 sed
3105 4600 3248 4654 scias
3274 4599 3426 4655 futu-

153 4697 206 4731 σι
236 4682 344 4732 τῶν
373 4679 532 4747 ἐμῶν
555 4679 816 4744 ὲξελεῖται
843 4686 1042 4753 χειρῶν
1074 4688 1181 4739 οὐδ’
1209 4689 1266 4740 δν
1296 4692 1604 4764 ἐπαγγέλλῃ
1635 4696 1740 4748 Σωι

150 4774 283 4844 τῆρα
321 4773 418 4825 σὺν
448 4775 548 4825 καὶ
581 4775 728 4827 Θεόν.
762 4777 946 4827 Πάντα
982 4781 1090 4848 γάρ
1124 4799 1213 4832 σου
1245 4783 1642 4857 διαψηλαφήσω
1670 4792 1737 4844 τὰ

152 4862 306 4929 μέλη,
346 4865 447 4916 καὶ
488 4863 598 4914 πᾶν
629 4864 680 4914 εί
707 4881 757 4915 τι
787 4865 982 4933 πικρὸν
1004 4868 1187 4932 ἐπάξω
1226 4886 1307 4922 σοι
1340 4875 1692 4946 κολαστήριον
1715 4920 1730 4943 ,

148 4951 214 5011 ὼς
254 4953 319 5004 ἀν
347 4957 494 5023 αὐτῇ
534 4958 697 5027 πείρα
735 4959 896 5028 γνῷς,
929 4961 1050 5012 ὅσον
1079 4962 1139 5013 τὸ
1171 4965 1414 5018 ἀπειθεῖν
1449 4973 1558 5032 τοῖς
1591 4990 1729 5042 κρα-

150 5043 293 5096 τοῦσι
331 5046 539 5107 κακὸν,
572 5050 665 5098 καὶ
704 5050 852 5112 ὅσαις
889 5053 1179 5107 ὑπεύθυνοι
1211 5060 1504 5126 τιμωρίαις
1536 5066 1584 5115 oi
1605 5068 1728 5130 τοὺς

151 5133 294 5204 θεοὺς
332 5139 771 5206 μυκτηρίξοντες
805 5145 899 5194 καὶ
937 5145 1032 5215 τὴν
1059 5148 1235 5200 αὐτῶν
1267 5149 1521 5220 λατρείαν
1553 5160 1724 5212 ἁπαν-

153 5227 439 5311 αινόμενοι.
485 5227 627 5296 Πρὸς
654 5227 710 5280 ὃν
741 5231 768 5280 6
800 5235 1012 5300 μάρτυς
1045 5237 1489 5312 θαρσαλεώτερον
1546 5250 1723 5301 ἀτενίο

153 5331 242 5378 σας
266 5334 277 5345 ·
310 5321 401 5388 Μὴ
437 5319 605 5386 μέλλε
628 5359 644 5386 ,
679 5318 796 5375 εἷπε
820 5363 833 5387 ,
870 5328 992 5396 μηδ’
1018 5329 1246 5384 ἀναδύου
1271 5375 1284 5397 ,
1321 5335 1438 5387 ἀλλ’
1470 5338 1722 5409 ἑτοίμαζε

151 5409 345 5475 ταχέως
381 5413 572 5465 πάντα
615 5431 705 5466 σου
741 5416 806 5468 τὰ
849 5418 958 5470 τῶν
993 5418 1428 5494 βασανιστηρίων
1472 5430 1678 5498 ὄργανα
1703 5451 1715 5463 ο

150 5500 426 5595 ἡκέτωσαν
466 5504 527 5556 αἱ
569 5508 832 5577 μάστιγες
855 5550 868 5574 ,
903 5513 962 5564 τὸ
991 5512 1175 5581 ξίφος,
1209 5517 1269 5568 τὸ
1302 5520 1434 5591 πῦρ,
1458 5525 1483 5573 6
1509 5527 1720 5595 τροχὸς,

150 5590 237 5641 καὶ
269 5591 370 5645 ὅσα
420 5611 512 5647 σοι
550 5595 687 5650 ἄλλα
720 5601 854 5670 πρὸς
888 5607 1152 5676 τιμωρίαν
1184 5608 1557 5680 ἐπινενόηται·
1599 5619 1723 5685 ἐμοὶ

150 5681 249 5752 γὰρ
286 5683 342 5736 ἒν
372 5689 546 5756 μόνον
579 5690 806 5764 φοὸιρὸν
842 5698 932 5749 καὶ
961 5699 1160 5772 φρίκης
1188 5703 1450 5769 ἀξιον,-τὸ
1478 5681 1718 5780 φιοσηθῆ-

249 5896 262 5925 ¹
287 5896 401 5957 Jac.
448 5915 507 5967 τ’,
571 5898 665 5954 20.

1843 4709 1983 4756 rum,
2013 4703 2071 4746 ut
2093 4690 2229 4744 nihil
2270 4691 2464 4743 horum
2501 4691 2598 4743 tibi
2632 4693 2824 4758 prosit.
2857 4705 3032 4758 neque
3060 4699 3108 4744 te
3135 4691 3332 4758 aliquis
3357 4708 3422 4746 ex

1837 4790 1972 4841 meis
1991 4786 2238 4836 manibus
2252 4783 2464 4850 eripiat,
2480 4797 2548 4834 ne
2568 4785 2610 4833 is
2632 4783 2872 4850 quidem.
2889 4799 3052 4851 quem
3076 4793 3128 4836 tu
3150 4785 3428 4852 proﬁteris

1833 4877 1998 4931 Deum
2021 4887 2073 4929 et
2099 4876 2454 4928 Salvatorem.
2491 4872 2684 4928 Omnia
2711 4891 2855 4932 enim
2884 4885 2978 4928 tua
3008 4877 3248 4930 membra
3281 4891 3419 4929 con--

1834 4971 2097 5035 trectabo.
2134 4983 2188 5026 et
2222 4973 2584 5042 quodcunque
2616 4980 2698 5025 est
2726 4971 3008 5031 acerbum,
3045 4969 3135 5022 tibi
3185 4968 3425 5024 inferam

1837 5066 2207 5133 supplicium:
2263 5075 2320 5116 ut
2365 5066 2479 5132 ipsa
2537 5063 2679 5116 sc'ras
2731 5062 3093 5130 experientia,
3149 5073 3419 5130 quantum

1836 5160 1906 5212 sit
1931 5157 2130 5210 malum
2165 5171 2272 5209 non
2333 5171 2530 5224 parere
2559 5154 2624 5208 iis
2648 5156 2737 5224 qui
2771 5157 3108 5208 dominatum
3143 5157 3425 5217 obtinent,

1835 5262 1887 5306 et
1910 5265 2069 5320 quam
2108 5249 2292 5302 multis
2317 5249 2428 5302 sint
2461 5249 2634 5317 poenis
2671 5246 2891 5303 obnoxii
2930 5248 2963 5300 ii
3000 5247 3092 5314 qui
3127 5247 3260 5301 deos
3290 5249 3426 5303 subv

1833 5353 2086 5402 sannant.
2133 5350 2187 5393 et
2217 5356 2404 5394 eorum
2447 5341 2653 5392 cultum
2700 5341 3008 5408 repudiauit.
3053 5339 3227 5402 Quem
3270 5346 3416 5393 mar-

1833 5448 1916 5507 lyr
1966 5437 2223 5489 audacius
2275 5433 2394 5486 fixis
2460 5433 2680 5488 intuens
2737 5437 2908 5488 oculis
2962 5450 2976 5486 :
3024 5432 3166 5499 Noli,
3221 5434 3420 5502 inquit.-

1831 5529 2072 5592 differre,
2112 5543 2208 5581 nec
2233 5527 2555 5595 protrahere
2589 5545 2600 5580 :
2644 5528 2736 5581 scd
2772 5529 2884 5580 cito
2908 5542 3033 5596 para
3090 5526 3272 5578 omnia
3303 5537 3421 5579 toro

1829 5633 2135 5675 mentorum
2185 5617 2567 5672 instrumenta.
2631 5618 2859 5671 Veniant
2960 5617 3188 5686 ﬂagella,
3242 5617 3406 5676 ensis.

1831 5715 1990 5786 ignis.
2025 5723 2258 5776 rotm,et
2295 5727 2634 5782 quicunque
2685 5714 2786 5768 alia
2841 5715 3142 5780 excogitata
3191 5711 3414 5766 luerunt
