4180 6476
756 429 859 493 483

2093 419 2377 483 MENSIS
2417 418 2707 481 IULIUS.

3921 410 4020 473 ιιι

753 541 818 594 ad
847 539 1139 610 supplicia.
1173 538 1267 594 Est
1298 541 1443 595 enim
1492 535 1628 592 mihi
1663 549 1828 590 ulmm
1885 532 2059 586 solum
2094 529 2337 586 terribile

2453 530 2530 582 mi
2563 546 2615 580 τι
2645 529 2752 598 πρὸ
2785 526 2919 581 Θεοῦ
2950 527 3045 580 καὶ
3078 526 3180 597 τῆς
3216 525 3428 579 ἐκεῖθεν
3467 522 3806 595 χωρισθῆναι
3840 539 4019 592 μακα-

753 644 810 687 et
842 631 1267 696 lormidandum,
1302 647 1372 686 ne
1400 630 1531 701 quid
1571 629 1830 683 timeatur
1847 624 2132 696 plusquam
2168 623 2332 687 Deus,

751 725 889 780 etab
909 739 969 777 ea
997 739 1117 793 qua:
1141 723 1248 778 illic
1279 733 1382 786 est.
1419 737 1646 792 separer
1679 715 2037 772 beatitudine.
2076 713 2195 767 Alia
2233 727 2335 764 au-

753 826 860 870 tem
891 815 1094 878 omnia,
1117 829 1236 885 qua:
1267 830 1390 869 meo
1415 811 1629 883 corpori
1663 808 1933 870 intuleris,
1987 805 2328 874 voluptatem

754 907 884 960 milii
915 905 1096 975 potius
1158 906 1448 975 reputabo,
1515 918 1676 973 quam
1732 901 2063 962 cruciatum,
2113 906 2335 966 propter

753 1014 932 1054 meum
957 1001 1012 1052 in
1044 999 1211 1053 Deum
1239 1012 1502 1051 amorem.

825 1113 1073 1168 VLTuue
1102 1128 1302 1185 przeses
1326 1127 1449 1167 cum
1483 1111 1832 1180 desperasset
1863 1106 1978 1161 fore
2006 1112 2064 1159 ut
2089 1110 2333 1157 mutare-

753 1215 862 1268 tur,
887 1207 1037 1277 jubet
1070 1211 1119 1260 ei
1147 1213 1318 1260 totum
1339 1219 1541 1274 corpus
1564 1203 1696 1257 cadi
1719 1199 1901 1255 nervis
1919 1193 2332 1254 crudelissimis.

754 1295 854 1362 Qui
892 1297 1373 1360 cumeaederetur,
1441 1293 1712 1348 clamabat
1777 1305 1958 1362 przeco
2014 1309 2027 1344 :
2087 1289 2335 1358 Agnosco

755 1389 910 1454 deos,
944 1389 1226 1453 Callinice,
1291 1400 1346 1442 et
1374 1402 1469 1442 eos
1503 1387 1717 1451 invoca,
1761 1395 1823 1439 ut
1877 1395 1928 1438 te
1958 1383 2025 1436 ab
2063 1382 2166 1436 lioe
2223 1388 2336 1431 tor-

754 1489 940 1534 mento
981 1481 1241 1534 eximant.
1289 1478 1381 1533 llle
1409 1487 1592 1538 autem
1636 1486 1740 1531 tam
1767 1477 1962 1531 leniter
2011 1475 2193 1544 plagas
2232 1486 2325 1524 ac-

756 1572 1012 1641 cipiebat,
1057 1578 1114 1624 ut
1164 1586 1232 1624 ne
1265 1569 1540 1624 videretur
1591 1569 1807 1638 quidem
1874 1567 2098 1620 oumiuo
2153 1564 2262 1633 pati
2322 1580 2334 1615 :

759 1674 968 1718 tantum
1003 1665 1174 1727 abest,
1222 1671 1281 1716 ut
1320 1661 1656 1728 concideret,
1723 1669 1817 1714 aut
1872 1657 2206 1717 ﬂecteretur,
2271 1655 2338 1709 ad

759 1754 928 1808 Deum
961 1754 1136 1810 solum
1169 1763 1336 1806 totum
1400 1761 1637 1805 mentem
1681 1751 1946 1818 dirigens,
2005 1757 2058 1800 et
2109 1747 2157 1799 ei
2205 1760 2339 1799 eon-

758 1855 964 1900 stantcr
1001 1861 1165 1914 agens
1199 1845 1420 1914 gratias,
1453 1858 1551 1912 pro
1583 1857 1689 1911 quo
1732 1842 1844 1894 haec
1902 1840 2008 1907 pati
2049 1839 2336 1908 delegerat.

761 1933 822 1987 Et
853 1949 960 2004 quo
989 1937 1158 2004 magis
1181 1933 1393 1987 videbat
1435 1947 1636 2001 corpus
1673 1929 1941 2000 Sanguine
1966 1927 2231 1992 diillm-re,
2272 1942 2337 1981 eo

760 2029 930 2096 magis
961 2026 1336 2080 subsnnnabat
1369 2040 1461 2079 eos
1493 2025 1584 2094 qui
1625 2025 2010 2087 verberabant,
2043 2023 2185 2090 quod
2230 2036 2337 2074 non

759 2117 943 2186 plures
973 2126 1028 2170 ct
1064 2117 1500 2169 vehementiores
1531 2116 1578 2168 ei
1632 2116 1815 2184 plagas
1863 2114 2147 2166 inferrent.
2203 2110 2340 2165 Sunt

773 2226 850 2263 ea:
885 2209 1054 2271 enim,
1089 2208 1285 2277 inquit.
1345 2207 1502 2278 longe
1560 2206 1801 2260 minores
1843 2215 1897 2261 et
1935 2204 2340 2267 imbecilliores,

761 2319 927 2372 quam
963 2318 1064 2373 ego
1123 2303 1451 2371 exspectavi,
1480 2309 1535 2354 et
1581 2315 1744 2369 quam
1779 2299 1881 2354 sim
1926 2299 2154 2354 tolerare
2189 2314 2344 2368 para-

761 2404 870 2449 tus.
907 2395 1130 2464 Propter
1153 2409 1271 2464 quae
1313 2392 1502 2461 majori
1529 2390 1714 2445 furore
1770 2391 2014 2460 percitus
2049 2390 2340 2453 Sacerdos,

755 2488 910 2557 jubet
938 2501 1060 2542 eum
1098 2487 1330 2556 pendere
1365 2502 1394 2539 a
1423 2486 1591 2556 ligno,
1647 2493 1702 2539 et
1730 2483 1922 2537 ferreis
1983 2482 2174 2535 laniari
2240 2497 2343 2533 un-

759 2580 918 2651 gulis.
953 2579 1123 2644 Quem
1195 2594 1320 2634 cum
1377 2580 1541 2633 ctiam
1583 2576 2074 2634 circumstetissent
2127 2574 2346 2628 lictores

760 2681 1002 2744 agrestes
1031 2682 1086 2727 et
1112 2673 1380 2734 crudeles,
1413 2671 1639 2725 scrutati
1673 2681 1801 2724 sunt
1828 2677 1992 2723 totam
2028 2681 2343 2736 compagem

761 2766 1028 2833 corporis,
1063 2764 1194 2817 nulli
1228 2766 1478 2832 corporis
1514 2761 1656 2832 parti
1722 2770 2034 2832 parcentes.
2105 2757 2346 2811 Dixisses

760 2873 884 2911 eum
921 2858 1120 2912 habere
1174 2866 1424 2913 naturam
1465 2856 1679 2926 lapidis,
1759 2864 1849 2909 aut
1893 2854 2124 2922 aliquam
2187 2853 2344 2906 aliam

762 2959 975 3009 eorum,
1017 2960 1136 3015 qua:
1180 2945 1466 3000 suntdura
1522 2955 1578 2997 et
1637 2943 2020 3014 repugnantia,
2074 2958 2196 2995 cum
2262 2941 2345 2994 vi-

762 3037 937 3092 disses
971 3052 1096 3091 eum
1121 3037 1264 3091 nulla
1296 3037 1433 3092 allici
1457 3036 1722 3101 molestia,
1749 3051 1852 3089 nec
1885 3035 1992 3088 ullo
2033 3033 2208 3102 frangi
2251 3031 2348 3086 do-

761 3127 898 3182 lore.
927 3126 1016 3182 Sic
1041 3143 1164 3181 eum
1197 3129 1422 3180 mutavit
1449 3129 1568 3194 ejus
1625 3141 1779 3180 amor
1844 3125 1898 3178 in
1957 3122 2257 3186 Christum,
2291 3130 2348 3174 ut

762 3221 901 3289 ejus,
933 3235 1093 3288 quam
1123 3220 1375 3284 habebat,
1405 3218 1823 3272 oblivisceretur
1850 3225 2079 3268 naturae.
2110 3212 2342 3268 Tantum

763 3316 908 3365 enim
937 3312 1128 3374 abluit,
1161 3320 1219 3364 ut
1264 3325 1476 3364 summo
1516 3320 1789 3363 tormento
1841 3305 2240 3369 succumberet,
2292 3311 2352 3356 ut

765 3418 902 3457 voce
952 3403 1120 3457 libera
1180 3403 1430 3457 irridet-et
1487 3412 1542 3456 et
1611 3401 1987 3455 ludiﬁcaretur
2037 3407 2350 3468 tyrannum.

767 3496 884 3561 Qua
914 3495 981 3549 de
1011 3510 1174 3549 causa
1245 3495 1531 3550 videbatur
1607 3494 1695 3548 hic
1741 3495 1958 3562 quidem
2019 3492 2354 3560 inexpugna-

770 3588 923 3654 bilis,
962 3587 1051 3642 ille
1081 3599 1265 3642 autem
1299 3587 1503 3657 pudore
1531 3586 1780 3654 alIectus,
1811 3592 1867 3638 ct
1929 3583 2044 3638 sola
2105 3583 2340 3651 quadam

769 3678 917 3736 inani
947 3694 1005 3733 se
1035 3680 1395 3734 exsultatione
1418 3680 1692 3747 jactitans.

778 3877 782 3882 ’
841 3877 1120 3933 \‘ll.Cum
1178 3884 1361 3932 autem
1425 3874 1650 3931 omnino
1702 3873 2049 3943 desperasset
2100 3869 2350 3934 stolidus,

769 3972 834 4026 ad
885 3972 992 4026 hoc
1039 3971 1290 4024 ultimum
1347 3985 1642 4023 conversus
1687 3977 1774 4023 est
1825 3967 2173 4036 supplicium,
2205 3964 2352 4035 quod

770 4064 956 4127 solus,
1010 4063 1094 4116 vel
1153 4077 1277 4115 cum
1338 4061 1631 4115 admodum
1684 4059 1873 4130 paucis
1919 4058 2245 4127 excogitavit
2301 4055 2355 4109 et

771 4155 980 4209 invenit
1042 4170 1056 4208 :
1101 4152 1246 4223 quod
1290 4151 1510 4220 quidem
1554 4161 1672 4205 erat
1716 4151 1928 4220 signum
1958 4149 2077 4216 ejus
2140 4147 2355 4200 furiosa:

769 4255 824 4300 et
855 4246 1087 4300 amentis
1118 4245 1333 4298 animae.
1369 4244 1503 4297 Nam
1530 4260 1653 4298 eum
1685 4243 1934 4312 crepidas
1982 4241 2149 4295 clavis
2181 4241 2354 4293 acutis

770 4340 1102 4401 conlixisset,
1131 4339 1287 4407 jubet
1330 4337 1538 4404 alligari
1581 4336 1810 4406 pedibus
1844 4335 2116 4402 martyris,
2149 4341 2201 4387 et
2256 4333 2356 4385 int-

771 4440 923 4500 pcrat
951 4433 1016 4484 iis
1043 4432 1133 4498 qui
1160 4445 1284 4484 eum
1345 4430 1707 4490 abducebant.
1782 4428 2084 4490 lictoribus,
2128 4438 2185 4480 ut
2243 4436 2356 4480 tra-

771 4533 892 4578 ctus
932 4525 1097 4578 iniret
1128 4526 1269 4577 viam
1302 4523 1572 4593 Gangram
1606 4539 1797 4592 usque.
1834 4523 1904 4577 Ut
1947 4531 2129 4575 autem
2181 4520 2352 4587 majo-

771 4629 858 4669 res
897 4626 952 4670 ct
977 4616 1217 4669 acriores
1247 4617 1294 4667 ei
1325 4615 1652 4666 atl'errcntur
1681 4613 1898 4666 dolores
1969 4627 2032 4666 ex
2103 4609 2350 4678 perlora-

772 4706 918 4759 tione
944 4709 1246 4769 clavorum,
1275 4721 1397 4759 cum
1470 4703 1606 4757 alios
1659 4704 1876 4758 lictores
1914 4703 2233 4755 collocasset
2295 4698 2348 4751 in

771 4796 926 4864 equis
952 4793 1375 4864 pernicissimis,
1409 4795 1639 4861 cogebat
1675 4802 1802 4846 ante
1832 4808 1926 4846 eos
1958 4806 2179 4846 currere
2235 4789 2352 4840 ath-

774 4887 935 4942 letam
996 4887 1164 4941 clavis
1236 4886 1532 4939 confixum.
1602 4886 1840 4941 Omnino
1901 4886 1984 4941 vel
2038 4886 2104 4939 ad
2176 4883 2350 4936 solum

773 4977 1146 5046 spectaculum
1207 4975 1413 5031 fruetus
1487 4987 1638 5031 esset
1716 4979 1894 5031 omnis
1977 4977 2214 5037 animus,
2284 4987 2352 5026 ne

775 5074 977 5138 apertis
1018 5069 1239 5136 quidem
1286 5070 1458 5124 oculis
1520 5068 1636 5124 haec
1696 5066 1876 5122 ferens
1920 5068 2184 5136 aspicere.
2245 5065 2353 5118 Sed

777 5176 887 5216 non
918 5161 1007 5216 ille
1033 5161 1309 5223 immanis,
1347 5171 1403 5216 et
1425 5163 1588 5215 corde
1626 5163 1786 5230 plane
1819 5161 2054 5230 lapideo,
2073 5169 2165 5212 aut
2192 5170 2352 5212 natu.

775 5271 834 5309 ra
864 5265 947 5309 est
977 5251 1083 5309 ullo
1141 5253 1302 5306 modo
1327 5262 1656 5315 commotus,
1691 5263 1784 5306 aut
1813 5254 2055 5307 dolorem
2082 5251 2356 5320 reputavit

778 5344 1200 5415 insuperabilem
1245 5361 1259 5397 :
1324 5345 1418 5397 sed
1454 5356 1707 5414 tanquam
1745 5344 1811 5398 iis
1840 5360 1959 5413 qua:
2006 5349 2352 5414 gerebantur,

778 5443 1068 5504 insultans,
1136 5438 1461 5512 praesidebat
1535 5442 1825 5510 superbus,
1906 5441 2123 5508 impiam
2201 5452 2353 5492 suam

779 5537 1014 5590 animam
1081 5535 1312 5601 impleus
1369 5532 1564 5587 talibus
1630 5534 1976 5601 spectaculis.
2036 5530 2140 5598 Qui
2194 5532 2354 5584 etiam

773 5630 937 5697 jussit
980 5627 1292 5691 lictoribus,
1329 5637 1387 5680 ut
1439 5624 1604 5681 simul
1643 5634 1806 5692 atque
1842 5627 2041 5678 dictam
2077 5623 2356 5679 ascendis-

779 5733 902 5775 sent
931 5721 1236 5784 civitatem,
1271 5717 1812 5773 vehementissimam
1855 5715 2130 5772 fornacem
2163 5731 2358 5770 accen-

777 5813 988 5876 derent,
1032 5822 1084 5865 et
1123 5822 1372 5865 sanetum
1405 5811 1454 5863 iu
1499 5825 1616 5864 eam
1685 5810 2009 5879 injicerent:
2079 5820 2138 5865 ut
2193 5811 2354 5864 etiam

779 5904 869 5975 qui
898 5903 1004 5958 illic
1034 5912 1181 5972 sunt,
1219 5904 1415 5970 aiebat,
1467 5903 1712 5959 viderent
1760 5906 1879 5974 ejus
1935 5902 2355 5958 inobedienliam

2441 621 2708 691 ριοτητος.
2739 620 2819 672 Τὰ
2844 620 2889 673 δ’
2915 619 3049 673 ἄλλα
3086 620 3283 684 πάντα,
3307 617 3406 672 ὅσα
3435 618 3501 671 ἂν
3529 617 3604 686 τῷ
3639 616 3759 687 ὲμῷ
3791 613 4021 680 ἐπάξαις

2439 716 2684 783 σώματι,
2721 714 2884 783 ἠδονὴ
2918 731 3009 781 μοι
3043 711 3244 782 μᾶλλον
3284 711 3316 781 ἢ
3348 710 3586 778 τιμωρία
3616 708 3706 762 διὰ
3739 706 3833 760 τὸν
3884 708 4020 777 πρὶς

2437 804 2569 858 Θεῖιν
2593 803 2903 870 λελύγισται
2933 802 3132 873 ἔρωτα.

2512 1091 2603 1155 ς’.
2627 1086 2758 1141 Τὁτε
2777 1085 2804 1138 ὁ
2827 1083 3049 1158 ἡγεμὼν
3073 1084 3174 1155 τὴν
3201 1083 3502 1154 μεταϐολὴν
3527 1082 3836 1142 ἀπελπίσας
3859 1075 4022 1152 προσ.

2438 1182 2630 1234 τάσσει
2663 1180 2877 1250 νεύροις
2911 1177 3215 1248 ὼμοτάτοις
3239 1176 3380 1229 κατὰ
3404 1175 3605 1238 παντος
3635 1174 3729 1227 τοῦ
3769 1177 4025 1241 σώματος

2437 1272 2770 1332 τύπτεσθαι,
2803 1263 2961 1337 ᾧκαὶ
2995 1270 3316 1338 τυπτομένῳ
3341 1267 3541 1319 ὲπεϐτὲα
3569 1270 3596 1319 ὁ
3632 1265 3836 1335 κήρυξ’
3881 1265 4026 1316 Ἐπί-

2441 1365 2629 1430 γνωθι,
2661 1364 2971 1427 Καλλίνικε,
2995 1365 3120 1418 τοὺς
3149 1361 3306 1422 θεοὺς
3335 1361 3428 1411 καὶ
3453 1359 3597 1412 αὐτο·
3621 1375 3648 1422 ς
3675 1356 4025 1418 ἐπικάλεσαε,

2439 1457 2588 1518 ὅπως
2620 1472 2677 1508 σε
2702 1455 2903 1523 ταύτης
2936 1455 3032 1522 τῆς
3064 1453 3301 1523 βασάνου
3333 1453 3642 1518 ἐξέλωνται.
3677 1450 3739 1504 Ὀ
3769 1450 3829 1502 δὲ
3857 1449 4028 1508 οὕτως

2441 1549 2689 1617 ἀτρέμας
2720 1548 2930 1616 ἐδέχετο
2958 1552 3058 1608 τὰς
3087 1546 3324 1614 πληγὰς,
3360 1545 3434 1606 ὼς
3468 1544 3603 1613 μηδὲ
3629 1542 3864 1610 πάσχειν
3894 1539 4028 1601 ὅλως

2442 1646 2640 1708 δοκεῖν,
2672 1644 2866 1696 πολλοῦ
2886 1661 2948 1709 γε
2979 1645 3060 1696 δεῖ
3090 1644 3453 1695 καταπίπτειν
3485 1641 3516 1712 ἢ
3549 1636 4026 1709 ὲπικάμπτεσθαι,

2444 1738 2563 1807 Θεῴ
2610 1739 2756 1808 μόνῳ
2786 1737 2881 1808 τὴν
2929 1737 3056 1806 ὅλην
3098 1737 3292 1788 τείνων
3320 1735 3561 1786 διάνοιαν
3592 1735 3684 1784 καὶ
3713 1729 3870 1799 αὐτῷ
3911 1731 4030 1778 ἑπι-

2449 1832 2627 1900 μόνως
2658 1829 3021 1898 εὐχαριστῶν.
3050 1829 3165 1881 ἀνθ’
3190 1822 3250 1881 οὗ
3279 1827 3446 1880 ταῦτα
3476 1823 3670 1876 παθεῖν
3699 1824 3898 1881 εἵλετο,
3935 1821 4030 1873 καὶ

2444 1924 2552 1992 ὅσῳ
2593 1923 2793 1992 μᾶλλον
2821 1921 2964 1988 ἐώρα
3001 1923 3110 1984 τοῖς
3144 1921 3338 1989 αἵμασι
3373 1919 3433 1972 τὸ
3470 1918 3627 1985 σῶμα
3657 1916 4027 1986 κατάρρυτον,

2443 2017 2682 2083 τοσούτῳ
2715 2016 2836 2074 τοὺς
2868 2013 3164 2075 τύπτοντας
3187 2011 3573 2080 ὲμιθκτήριζεν³
3594 2010 3672 2062 ὅτι
3702 2005 3778 2076 μὴ
3807 2005 4029 2067 πλείους

2445 2106 2593 2175 αὐτῷ
2651 2108 2744 2158 καὶ
2804 2105 3167 2175 σφοδροτέρας
3241 2103 3341 2165 τὰς
3394 2100 3606 2168 πληγὰς
3653 2098 4026 2166 ἐπιφέροιντο.

2457 2197 2741 2260 Ἐλάττους
2777 2197 2883 2267 γάρ
2904 2181 3259 2264 α’ὑταὶ,φησῖ,
3289 2198 3381 2248 καὶ
3421 2195 3666 2262 ἀδρανεῖς
3707 2190 3853 2244 κατὰ
3896 2187 4028 2240 πολῦ

2444 2286 2520 2346 ὧν
2553 2291 2933 2360 προσεδόκησα
2959 2295 3051 2342 καὶ
3083 2290 3218 2354 πρὸς
3250 2289 3283 2341 ἃ
3315 2281 3804 2356 παρεσκεύασμαι.
3848 2278 3967 2347 Ἐφ’
3990 2273 4032 2342 ᾧ

2446 2385 2541 2437 καὶ
2566 2383 2727 2435 πλέον
2773 2383 2801 2433 ὁ
2832 2381 3118 2450 Σακερδὼς
3161 2381 3446 2447 ἐκμανεὶς,
3475 2373 3816 2443 ἀναρτᾶσθαι
3870 2368 4031 2424 αὐτὸν

2449 2475 2541 2528 ἐπὶ
2577 2475 2736 2540 ξύλου
2767 2472 2976 2525 κελεύει
3017 2472 3106 2525 καὶ
3138 2470 3377 2540 σιδηροῖς
3409 2470 3520 2530 τοῖς
3549 2466 3693 2530 ὄνυξι
3725 2461 4027 2530 ξαίνεσθαι,

2447 2570 2504 2623 ὃν
2531 2569 2622 2621 καὶ
2658 2571 2841 2638 δήμιοι
2871 2567 3228 2637 περιστάντες
3261 2565 3439 2633 ἄγριοι
3473 2561 3563 2613 καὶ
3603 2560 3748 2629 ὠμοὶ
3774 2557 3876 2627 τὴν
3904 2557 4031 2624 ὃλην

2451 2662 2714 2732 ἁρμονίαν
2737 2659 2832 2714 τοῦ
2859 2660 3105 2728 σώματος
3129 2658 3512 2728 διηρεύνησαν,
3543 2653 3766 2723 μηδενὸς
3796 2651 3911 2702 τῶν
3933 2648 4030 2715 τῆς

2451 2755 2653 2824 σαρκὸς
2708 2753 2910 2823 μορίων
2956 2753 3294 2820 φεισάμενοι.
3340 2744 3506 2809 Εἶπες
3556 2747 3619 2799 ἂν
3664 2745 3833 2798 αὑτὸν
3881 2741 4027 2793 λίθον

2453 2843 2614 2912 φύσιν
2662 2843 2696 2912 ἦ
2746 2859 2865 2895 τινα
2913 2842 3079 2911 ἄλλην
3122 2842 3265 2908 ἔχειν
3311 2839 3418 2892 τῶν
3471 2836 3784 2890 ἀντιτύπων
3828 2851 3890 2886 τε
3941 2834 4030 2884 καὶ

2454 2936 2696 3006 στερρῶν
2717 2935 2776 2987 τὸ
2807 2935 3110 3003 ἀνάλγητον
3137 2932 3302 2984 αὑτοῦ
3343 2930 3670 2999 τεθεαμένος
3700 2928 3795 2978 καὶ
3829 2930 4030 2994 ἁτέρα-

2457 3046 2613 3100 μνον,
2647 3027 2821 3088 οὕτως
2852 3025 3014 3078 αὐτὸν
3042 3026 3069 3077 ὁ
3102 3025 3236 3094 πρὸς
3276 3024 3509 3092 Χριστὸν
3538 3021 3676 3090 ἔρως
3707 3017 4028 3087 ἠλλοίωτεν,

2451 3120 2526 3182 ὡς
2556 3120 2648 3173 καλ⁸
2675 3119 2844 3188 αὐτῆς
2872 3117 3221 3169 ἐπιλαθέσθαι
3253 3112 3318 3185 ἧς
3346 3115 3526 3184 εἴληχε
3560 3114 3800 3182 φύσεως.
3833 3106 4032 3164 T0605-

2451 3231 2544 3266 τον
2575 3214 2683 3282 γὰρ
2706 3213 2898 3281 ἀπεῖχε
2926 3210 2991 3280 τῇ
3024 3208 3439 3281 ὑπερϐαλλούσῃ
3463 3208 3634 3276 ταύτῃ
3659 3204 4033 3260 ὑποκατακλί-

2456 3305 2637 3358 νεσθαι
2671 3303 2905 3373 βασάνῳ,
2942 3303 3017 3364 ὡς
3043 3304 3136 3355 καὶ
3170 3300 3705 3372 πεπαρρησιασμένῃ
3744 3297 3847 3366 ἥδη
3881 3299 4029 3366 φωνῇ

2453 3396 2813 3458 ἑπιτωθάζειν
2843 3397 2932 3448 τὸν
2958 3394 3216 3464 τύραννον
3229 3393 3324 3444 καὶ
3350 3390 3496 3457 αὑτῴ
3512 3390 3797 3458 ὲπιγελᾷψ
3849 3388 3934 3458 ἐφ’
3961 3382 4032 3440 ὧν

2452 3483 2608 3550 οὗτος
2641 3491 2738 3557 μὲν
2762 3489 2944 3556 Capito
2965 3472 3428 3552 άκαταγώνιστος,
3455 3484 3656 3546 ἐκεῖνος
3679 3481 3724 3532 δ’
3747 3481 4034 3553 ᾐσχυμμέ-

2455 3595 2543 3642 νος
2569 3578 2666 3631 καὶ
2700 3578 2844 3648 μόνῳ
2872 3575 2950 3647 τῷ
2978 3575 3209 3646 διακένῳ
3241 3575 3564 3645 φρυάγματι
3609 3571 4030 3644 βρενθυόμενος.

2528 3872 2596 3928 Ζ’.
2648 3873 2734 3934 Ὠς
2762 3869 2818 3924 δὲ
2845 3869 2954 3932 τοῖς
2983 3864 3123 3928 ὅλοις
3141 3862 3448 3931 ἀπεγνώκει
3480 3863 3509 3916 δ
3541 3861 3794 3932 μάταιος,
3830 3859 3927 3914 ἐπὶ
3944 3859 4034 3932 τὴν

2455 3968 2690 4036 ἐσχάτην
2727 3962 2930 4030 ταύτην
2964 3957 3236 4027 τιμωρίαν
3265 3956 3567 4026 ἐτράπετο,
3607 3954 3638 4024 ἢ
3671 3953 3838 4022 μόνος
3876 3953 3908 4022 ἢ
3949 3970 4032 4005 κο-

2461 4061 2585 4130 μιδῇ
2611 4062 2706 4111 σὺν
2725 4057 2928 4123 ὀλίγοις
2954 4057 3044 4105 καὶ
3078 4053 3394 4119 διενοήσατο
3417 4048 3511 4101 καὶ
3536 4047 3723 4116 ἐξεῦρε
3769 4046 4036 4114 σύμϐολον

2456 4151 2624 4204 οὖσαν
2663 4149 2760 4214 τῆς
2799 4147 3116 4218 ἐμπλήκτου
3171 4143 3336 4196 αὐτοῦ
3365 4142 3458 4194 καὶ
3487 4142 3808 4210 παραφόρού
3833 4141 4031 4211 ψυχῆς.

2460 4245 2746 4314 Κρηπῖδας
2774 4243 2882 4310 γὰρ
2918 4240 3066 4309 ἥλοις
3106 4236 3250 4300 ὀξέσι
3274 4236 3636 4304 διαπερνήσας
3674 4233 4035 4303 amamur...“

2458 4339 2790 4406 προστάσσει
2829 4334 2918 4385 τὸν
2961 4333 3208 4400 μάρτυρα
3249 4329 3341 4380 καὶ
3376 4328 3565 4379 τοῦτον
3604 4329 3907 4395 συρόμενον
3947 4328 4036 4395 τὴν

2463 4433 2622 4503 μέχρι
2666 4426 2928 4499 Γαγγρῶν
2967 4425 3205 4494 βαδίζειν
3243 4422 3358 4476 tatu
3399 4423 3507 4482 τοῖς
3546 4421 3846 4483 ἐπάγουσιν
3879 4423 4036 4473 αὑτὸν

2459 4524 2671 4596 δημίοις
2703 4518 3090 4590 παρήγγειλεν.
3111 4515 3221 4578 ’Ὠς
3255 4513 3320 4567 ἂν
3344 4514 3398 4567 δὲ
3428 4513 3650 4584 μείζους
3678 4513 3830 4580 αὐτῷ
3859 4513 4036 4564 ὀδύναι

2459 4619 2550 4668 καὶ
2585 4612 2912 4683 δριμῦτεραι
2942 4613 3003 4661 ἐκ
3031 4610 3138 4660 τῶν
3160 4609 3254 4673 τῆς
3279 4606 3424 4674 ἥλων
3448 4605 3656 4670 γένοιτο
3677 4602 4033 4671 διατρήσεως,

2461 4707 2679 4774 ἑτέρους
2723 4702 2950 4769 δημίους
2997 4699 3184 4759 ἵπποις
3223 4695 3551 4756 ἐπιϐιϐάσας
3594 4693 3902 4758 ὠκυτάτοις
3951 4696 4037 4748 καὶ

2460 4799 2722 4867 ταχινοῖς.
2761 4794 2904 4845 θέειν
2931 4789 3242 4861 ἔμπροσθεν
3274 4787 3453 4841 αὐτῶν
3482 4788 3573 4838 τὸν
3603 4788 3714 4848 τοῖς
3743 4787 3900 4854 ἣλοις
3931 4788 4039 4839 δια-

2463 4887 2816 4955 πεπαρμένον
2841 4882 3080 4952 ἀθλητὴν
3103 4879 3510 4948 κατηνάγκαζε.
3537 4877 3760 4938 Πάντως
3782 4880 3878 4928 καὶ
3909 4877 4037 4945 πρὸς

2466 4983 2634 5050 μόνην
2669 4978 2768 5046 τὴν
2800 4977 2929 5029 θέαν
2963 4973 3200 5039 ἐκλάσθη
3234 4973 3298 5023 ἂν
3339 4961 3499 5022 πᾶσα
3525 4968 3671 5036 ψυχὴ
3712 4967 3835 5037 μηδ’
3870 4970 4037 5038 ἀνεῳ-

2462 5073 2616 5140 γόσιν
2639 5071 2942 5140 ὀφθαλμοῖς
2968 5064 3194 5117 τοιαῦτα
3222 5061 3467 5129 φέρουσα
3493 5057 3735 5129 καθορᾷν
3761 5077 3775 5090 ο
3800 5058 3919 5111 ἀλλ’
3946 5060 4036 5127 οὐχ

2462 5166 2490 5216 ὸ
2518 5161 2857 5240 λιθοκάρδιος
2889 5158 2980 5210 καὶ
3006 5154 3222 5224 ἀπηνὴς
3255 5153 3288 5223 ἢ
3321 5169 3373 5205 τι
3405 5150 3540 5220 πρὸς
3571 5148 3671 5219 τὴν
3706 5148 3875 5215 φύσιν
3906 5149 4037 5200 Επα-

2464 5255 2601 5322 θενῆ
2629 5256 2687 5306 τὸ
2709 5239 2804 5322 τῆς
2830 5250 3019 5316 ὀδύνης
3039 5247 3317 5314 ἐλογίσατο
3337 5241 3765 5311 ἀνυπέρϐλητον,
3791 5239 3914 5292 ἀλλ’
3934 5240 4036 5294 dicr-

2464 5350 2581 5405 ανεέι
2613 5349 2725 5408 τοῖς
2765 5342 3064 5415 δρωμένοις
3096 5335 3471 5405 ἐπεντρυφῶν,
3509 5331 3860 5403 προυκάθητο
3887 5333 4038 5385 σοϐα-

2468 5443 2582 5514 ρὸς.
2623 5415 2729 5512 τὴν
2761 5434 3115 5505 ἀνοσιουργον
3145 5430 3310 5484 αὐτοῦ
3331 5429 3509 5499 ψυχὴν
3540 5424 3802 5478 τοιούτων
3837 5424 4038 5495 θεαμάο

2464 5552 2571 5586 των
2611 5527 3007 5600 κατεμπιπλῶν
3039 5542 3052 5557 ·
3080 5525 3137 5584 ὃς
3175 5539 3239 5589 γε
3268 5523 3501 5582 καὶτοῖς
3537 5519 3756 5589 δημίοις
3799 5533 4036 5588 παρεκε-

2465 5622 2695 5675 λεύσατο
2739 5625 2856 5690 ἅμα
2898 5617 2974 5687 τῷ
3020 5615 3273 5683 ἐπιϐῆναι
3323 5612 3420 5682 τῆς
3465 5611 3765 5680 εἰρημένης
3811 5610 4033 5669 πόλεως,

2467 5713 2698 5782 κάμινον
2731 5707 3100 5779 σφοδροτάτην
3130 5701 3397 5756 ἐκκαῦσαι
3433 5705 3527 5753 καὶ
3561 5697 3733 5768 ταύτῃ
3762 5699 3858 5748 τὸν
3890 5700 4037 5761 ἅγιον

2467 5804 2744 5875 ἐμϐαλεῖν,
2776 5801 2850 5863 ὡς
2883 5799 2947 5852 ἂν
2976 5797 3068 5850 καὶ⁵
3097 5797 3146 5848 oi
3177 5798 3310 5859 ἐκεῖ,
3341 5793 3496 5863 φησι,
3528 5790 3586 5844 τὸ
3617 5788 3845 5851 ἀπειθὲς
3880 5785 4034 5841 αὑτοῦ

2469 5898 2750 5952 Θιὰσοιντο
2787 5892 2884 5945 καὶ
2905 5889 3273 5958 άπόσκληρον,
3305 5886 3424 5937 ἐπεὶ
3457 5884 3559 5936 κάν
3586 5882 3758 5949 ταύτῃ
3786 5882 3855 5947 τῇ
3889 5879 4036 5934 πόλει
