4180 6482
743 393 850 455 48Ἱ

2055 390 2344 451 MENSIS
2384 392 2675 454 IULIUS.

3901 391 4011 455 488

748 505 1116 574 suppeditarit
1154 519 1308 559 suam
1331 502 1816 558 misericordiam?
1845 500 1946 568 Qui
1983 519 2106 558 cum
2137 505 2322 567 etiam,

2449 507 2694 573 ρονικοῖς,
2738 505 2826 558 τὸν
2862 505 3027 558 αὐτοῦ
3077 505 3541 575 ἐπεδαψιλεύσατο
3585 506 3771 570 Eheu;
3809 504 3876 558 Οἳ
3917 506 4012 558 καὶ

749 604 809 649 ut
837 596 1096 661 diximus,
1124 595 1342 650 abunde
1401 595 1672 650 bibissent
1724 610 1790 650 ex
1851 594 1940 649 illa
2008 611 2146 664 aqua
2206 611 2325 664 qum

748 685 1053 747 aliluxerat,
1088 696 1140 740 et
1160 701 1289 740 suos
1311 698 1654 740 recreasscnt
1682 695 1734 739 et
1763 688 2068 742 erexissent
2093 689 2325 750 animos,

751 787 1113 848 perrexerunt
1185 779 1289 833 iter
1375 778 1576 841 facere,
1634 789 1898 848 sequente
1948 795 2045 833 eos
2113 795 2329 849 quoque

752 880 1006 939 martyre.
1043 868 1198 934 Quod
1231 886 1354 924 cum
1389 871 1513 924 totis
1548 871 1893 941 septuaginta
1950 872 2138 925 stadiis
2199 888 2328 925 con-

755 963 1034 1022 fecissent.
1064 961 1333 1033 Gangram
1369 974 1761 1033 pervenerunt,
1799 966 1939 1018 sicut
1973 964 2056 1018 eis
2095 965 2329 1034 impera-

755 1067 865 1108 tum
900 1056 1074 1108 fuerat

826 1146 892 1200 Χ.
947 1147 1220 1201 (la-terum
1249 1149 1470 1202 lictores
1510 1163 1617 1202 non
1646 1149 1898 1203 labentes
1926 1149 2145 1219 quidem
2207 1148 2332 1214 (lia-

754 1236 958 1292 bebant
999 1240 1142 1291 enim
1210 1248 1338 1293 ante
1391 1231 1578 1294 oculos
1645 1244 1898 1311 martyris
1956 1240 2329 1310 beneﬁcium).

753 1329 849 1383 sed
893 1329 1019 1385 victi
1064 1340 1212 1384 metu
1264 1347 1476 1396 eorum,
1523 1333 1614 1401 qui
1642 1332 1958 1385 obtinebant
1995 1332 2334 1386 dominatum

756 1424 1055 1490 (habebant
1085 1425 1232 1478 enim
1254 1428 1465 1478 animos
1494 1425 1684 1478 molles
1727 1434 1779 1479 et
1805 1424 2065 1480 ﬂexibiles
2094 1435 2150 1479 et
2182 1425 2337 1479 hian-

759 1525 839 1570 tes
867 1517 932 1570 ad
965 1533 1025 1570 ea
1063 1518 1176 1571 sola
1211 1533 1331 1587 quae
1365 1517 1736 1588 videbantur),
1785 1518 2118 1573 festinarunt
2160 1517 2338 1572 facere

757 1609 834 1671 id,
872 1611 1014 1679 quod
1044 1611 1183 1678 jussi
1219 1610 1458 1674 fuerant,
1501 1625 1596 1664 eos
1633 1613 1866 1665 maxime
1900 1611 2164 1665 incitante
2196 1626 2338 1664 mar-

760 1710 873 1772 tyre
903 1712 959 1756 ut
985 1704 1162 1756 abiret
1187 1704 1417 1757 celerius
1449 1702 1513 1756 ad
1541 1719 1662 1756 eum
1693 1719 1853 1772 quem
1883 1704 2160 1773 cupiebat.
2195 1702 2340 1769 Quo-

757 1795 902 1847 circa
952 1809 1075 1846 cum
1138 1797 1416 1848 lornacem
1478 1795 1912 1857 succendissent,
1970 1805 2026 1848 et
2089 1806 2336 1850 sanetum

2429 594 2674 661 ἀφθόνως
2706 597 2766 647 ἐκ
2799 597 2888 648 τοῦ
2922 596 3400 668 καταρρεύσαντος
3441 597 3652 649 ἐκείνου
3689 597 3886 660 ὕδατος
3919 616 4014 650 πε·

2431 688 2694 747 πωκὸτες.
2730 687 2802 750 ὡς
2840 690 3072 757 ἔφαμεν,
3107 691 3202 742 καὶ
3233 692 3328 752 τὰς
3361 690 3568 742 ἑαυτῶν
3598 689 3773 758 ψυχὰς
3801 688 4016 748 ἀνσξω·

2433 780 2778 846 πυρήσαντες
2799 821 2814 846 ,
2841 783 3047 849 εἴχοντο
3079 780 3178 848 τῆς
3209 781 3351 844 ὀδοῦ,
3394 780 3667 847 ἑπομένου
3703 780 3890 840 αὐτοῖς
3920 780 4015 828 καὶ

2431 870 2524 926 τοῦ
2576 872 2876 941 μάρτυρος,
2925 874 2989 942 ἢν
3030 875 3123 924 καὶ
3164 873 3534 941 ἐϐδομήκοντα
3582 873 3727 932 ὅλοις
3774 869 4013 930 σταδξοις

2435 965 2887 1034 συμπεράναντες
2927 967 3025 1034 τὴν
3069 966 3323 1034 Γάγγραν
3353 965 3451 1035 ἥδη
3498 962 3818 1025 κατέλαϐον,
3870 961 4011 1013 καθὰ

2433 1055 2639 1117 τούτοις
2671 1057 3029 1125 προσέτακτο.

2510 1149 2564 1203 l'.
2613 1150 2754 1202 Ἀλλ’
2787 1152 2835 1202 οἱ
2885 1152 3070 1218 δήμιοι
3118 1148 3508 1216 εὐλαϐούμενοι
3547 1144 3716 1217 (εἶχον
3756 1147 3871 1213 γὰρ
3913 1144 4013 1214 ἤδη

2435 1245 2542 1312 πρὸ
2571 1237 2838 1312 ὀμμάτων
2854 1244 2951 1313 τὴν
2969 1243 3288 1312 εὐεργεσίαν
3307 1240 3399 1293 τοῦ
3427 1240 3746 1309 μάρτυρος),
3767 1240 3938 1306 cperim)
3961 1235 4016 1288 δὲ

2435 1335 2585 1402 ὅμως
2625 1334 2719 1386 τοῦ
2756 1336 2908 1406 παρὰ
2954 1335 3062 1386 τῶν
3109 1333 3453 1404 κρατούντων
3491 1332 3785 1401 ἡττώμενοι
3821 1329 4019 1396 (illo);

2437 1444 2493 1478 τε
2522 1429 2615 1479 καὶ
2645 1427 2822 1498 ψυχας
2853 1429 3065 1497 ἔχοντες
3087 1425 3447 1487 ὲκλύτουςκαὶ
3481 1421 3727 1491 μαλακὰς
3759 1422 3854 1471 καὶ
3883 1418 4021 1488 πρὶς

2444 1526 2578 1591 μόνα
2617 1522 2914 1592 κεχηνοίας
2941 1521 3008 1570 τὰ
3037 1517 3310 1589 ὁρώμενα)
3344 1517 3435 1568 τὸν
3469 1512 3760 1567 κελευσῢὲν
3791 1511 4021 1578 ποιῆσαι

2440 1618 2756 1686 ἠπείγοντο,
2789 1615 3026 1678 μάλιστα
3059 1611 3152 1661 καὶ
3181 1609 3271 1660 τοῦ
3306 1610 3581 1676 μαρτυρο,
3615 1603 4024 1674 παρορμῶντος

2442 1709 2638 1770 αὐτοὺς
2689 1706 2763 1768 ὡς
2810 1704 2874 1757 ἂν
2918 1704 3113 1756 θᾶττον
3155 1703 3291 1770 ἀπιῃ
3341 1699 3476 1767 προς
3519 1697 3608 1749 τὸν
3661 1696 4024 1763 ποθούμενον.

2446 1802 2609 1854 Ὅθεν
2664 1801 2756 1852 atati.
2819 1798 3052 1866 κάμινον
3103 1792 3487 1861 ὑπανὰψαντες
3526 1789 3617 1841 καὶ
3658 1787 3892 1856 πλησίον
3940 1786 4029 1835 τὸν

758 1899 927 1952 prope
956 1886 1300 1951 statuissent,
1349 1889 1454 1954 iam
1519 1886 1789 1940 laetantem
1847 1898 1902 1941 et
1965 1888 2336 1942 exsoltautem

2449 1899 2599 1966 ἅγιον
2635 1896 3094 1966 περιστήσαντες,
3129 1893 3391 1960 χαίροντα
3423 1887 3521 1956 ἤδη
3550 1885 3645 1938 καὶ
3679 1880 4032 1950 ἀγαλλιώμε-

762 1978 816 2030 in
844 1993 962 2030 eam
998 1979 1326 2045 injecerunt.
1363 1977 1466 2042 Qui
1519 1994 1643 2032 cum
1681 1979 1844 2032 etiam
1895 1979 2101 2034 ultimis
2162 1979 2342 2032 verbis

759 2070 931 2122 Deum
975 2070 1276 2133 laudassu,
1305 2081 1357 2123 et
1396 2074 1449 2123 in
1495 2072 1818 2124 certaminis
1865 2072 2341 2125 consummatione

759 2159 962 2227 egisset
993 2158 1217 2228 gratias,
1245 2160 1297 2211 in
1333 2174 1528 2213 manus
1557 2159 1769 2214 Domini
1803 2161 2023 2214 tradidit
2065 2162 2339 2230 spiritum,

701 2273 706 2277 ε
758 2255 812 2298 et
841 2245 906 2300 ad
938 2261 1055 2300 eam
1083 2263 1202 2316 quae
1234 2249 1341 2301 illic
1373 2260 1476 2310 est,
1513 2251 1726 2304 transiit
1755 2251 2170 2315 beatitudinem,
2197 2252 2344 2305 vice-

760 2337 901 2391 simo
935 2353 1081 2391 nono
1116 2341 1323 2392 mensis
1369 2339 1520 2393 Julii.
1581 2341 1690 2394 Sed
1723 2352 1778 2395 tu
1812 2343 2056 2412 quidem,
2078 2359 2111 2396 o
2166 2346 2342 2409 beate,

763 2437 1061 2498 martyrum
1097 2427 1266 2482 decus
1290 2440 1345 2483 et
1376 2440 1780 2494 ornamentum,
1823 2432 1903 2486 sic
1943 2448 1974 2486 e
2008 2435 2118 2487 vita
2162 2450 2344 2504 egi-es.

762 2533 877 2579 sus,
902 2527 958 2570 et
993 2519 1338 2586 praemiorum
1362 2519 1709 2589 stigmatibus
1745 2523 2053 2586 decoratus,
2077 2538 2222 2577 nunc
2243 2539 2344 2592 pu-

765 2624 856 2661 rus
886 2613 1040 2663 sedes
1074 2626 1196 2664 cum
1222 2611 1438 2666 Christo
1465 2627 1669 2681 sponso
1703 2616 1995 2684 purissimo
2021 2655 2035 2679 ,
2066 2615 2119 2668 in
2154 2615 2256 2670 hoc
2295 2626 2346 2669 te

762 2702 1042 2758 oblectans
1067 2714 1120 2757 et
1137 2704 1484 2770 exihilarans,
1507 2720 1560 2758 et
1579 2723 1776 2761 corona
1799 2708 1985 2778 gloria:
2011 2709 2078 2763 ab
2097 2723 2163 2763 eo
2186 2723 2347 2763 coro-

765 2804 954 2846 natus.
988 2795 1262 2850 Memento
1292 2809 1473 2851 autem
1509 2803 1914 2870 nostriquoquc
1943 2799 2225 2870 deinceps,
2247 2801 2340 2871 qui

769 2896 822 2938 te
848 2887 1103 2949 colimus.
1122 2897 1176 2942 et
1199 2890 1300 2944 hoc
1321 2905 1538 2944 sacrum
1561 2895 1712 2945 tuum
1746 2894 1943 2946 festum
1968 2895 2305 2948 celebramus
2333 2913 2345 2949 :

766 2988 825 3035 et
854 2981 919 3035 da
947 2982 1136 3046 nobis,
1169 2993 1225 3037 ut
1265 2986 1609 3054 aequabiliter
1649 2999 1704 3040 et
1732 2987 1853 3040 sine
1889 2989 1995 3040 ulla
2038 2989 2348 3044 oll'ensionc

766 3071 1131 3140 transigamus
1157 3078 1282 3128 vitae
1319 3078 1672 3145 asperitatem
1717 3095 1729 3130 :
1767 3088 1825 3131 ut
1853 3093 1976 3132 cum
2012 3095 2118 3133 non
2169 3082 2346 3134 obruti

2444 2008 2556 2051 νον,
2587 1988 2762 2058 ταύτῃ
2785 1986 3091 2048 ὲνέὸαλλον,
3117 1985 3172 2044 ὃς
3201 1983 3291 2035 καὶ
3336 1982 3542 2053 ῥήμασι
3576 1974 3918 2036 τελευταίοις
3947 1971 4032 2023 τὸν

2444 2082 2581 2136 Θεὸν
2611 2083 2881 2152 ὑμνήσας,
2915 2079 3011 2132 καὶ
3041 2076 3189 2145 αὑτῷ
3215 2077 3306 2128 ἐπὶ
3352 2077 3414 2142 τῇ
3448 2071 3540 2124 τοῦ
3565 2070 3776 2136 ἀγῶνος
3810 2067 4033 2120 τελειώ-

2431 2176 2529 2228 ’σει
2553 2173 2958 2243 εὐχαριστήσας
2984 2172 3103 2230 ταῖς
3128 2167 3222 2220 τοῦ
3249 2166 3516 2219 Δεσπότου
3536 2164 3693 2232 χερσὶ
3720 2163 3781 2214 τὸ
3814 2161 4036 2228 πνεῦμα

2448 2267 2733 2336 παρέδωκε
2760 2264 2859 2316 καὶ
2888 2264 3026 2334 πρὸς
3054 2262 3152 2328 τὴν
3181 2259 3392 2311 ἐκεῖθεν
3416 2257 3597 2323 ἀπέϐη
3624 2255 4032 2324 μακαριότητα,

2449 2357 2640 2409 εἰκάδα
2673 2356 2870 2424 ἐνάτην
2900 2352 2994 2404 τοῦ
3016 2351 3233 2403 Ἰουλίου
3265 2351 3512 2416 ἄγοντες.
3548 2348 3708 2398 Ἀλλὰ
3740 2350 3806 2399 σὺ
3846 2349 3967 2414 μὲν,
3995 2339 4036 2396 ὦ

2453 2445 2748 2518 μαρτύρων
2795 2444 3121 2512 ἐντρύφημα
3167 2441 3263 2493 καὶ
3305 2438 3692 2506 καλλώπισμα,
3743 2437 3896 2488 οὓτω
3945 2441 4036 2488 και

2455 2542 2604 2612 βιοὺς
2648 2541 2741 2593 καὶ
2779 2538 3052 2608 μεταστὰς
3099 2536 3194 2588 καὶ
3243 2536 3352 2595 τοῖς
3383 2533 3649 2601 στίγμασι
3697 2531 3809 2582 τῶν
3859 2528 4035 2582 ἆθὶων

2449 2633 2766 2703 ὼραῖσῢεὶς,
2819 2632 2914 2682 νῦν
2965 2627 3205 2698 καθαρὸς
3263 2626 3342 2689 τῷ
3385 2623 3765 2694 καθαρωτάτῳ
3817 2622 4036 2690 νυμφίῳ

2451 2724 2790 2792 παρίστασαι
2839 2718 3082 2789 Χριστῷ,
3131 2718 3451 2785 ὲνηδομενος
3498 2717 3674 2785 τούτῳ
3721 2717 3819 2764 καὶ
3872 2717 4034 2765 Exso-

2454 2813 2814 2884 φραινόμενος
2849 2813 2942 2859 καὶ
2982 2809 3057 2876 τῷ
3088 2810 3184 2875 τῆς
3219 2805 3377 2871 δόξης
3418 2806 3667 2872 στεφάνῳ
3704 2802 3840 2873 παρ’
3873 2801 4034 2860 aito?»

2454 2904 2854 2970 ’ταινιούμενο;,
2900 2899 3150 2968 μέμνησο
3187 2898 3242 2950 δὲ
3279 2901 3373 2948 καὶ
3409 2895 3564 2966 ἡμῶν
3598 2895 3784 2946 λοιπον
3815 2896 3928 2946 τῶν
3962 2911 4038 2946 τι·

2457 2996 2683 3069 μώντων
2730 3013 2786 3048 σε
2823 2999 2916 3046 καὶ
2957 2996 3053 3060 τὴν
3102 2993 3254 3062 ἱεράν
3288 3008 3381 3042 σου
3420 2990 3623 3060 ταύτην
3665 2990 4037 3060 ἑορταξόιτων

2457 3096 2786 3157 πανήγυριν,
2816 3088 2909 3137 καὶ
2939 3085 3081 3136 δίδον
3113 3087 3246 3153 ἡμῖν
3287 3084 3506 3153 ὁμαλῶς
3544 3085 3634 3135 καὶ
3664 3085 4037 3152 ἁπροσκόπως

767 3165 1174 3220 enataVerimus
1219 3183 1285 3222 ex
1315 3169 1417 3223 ltoc
1450 3173 1584 3224 mari
1621 3175 2006 3235 tentationum,
2041 3175 2094 3224 in
2131 3185 2345 3240 portum

2459 3183 2556 3247 τὴν
2605 3178 2695 3230 τοῦ
2732 3178 2849 3244 βίον
2897 3174 3143 3227 διανῦσαι
3176 3176 3515 3245 τραχύτητα,
3545 3175 3619 3234 ὡς
3662 3174 3726 3224 ἂν
3777 3177 4036 3227 ἄκλυστοι

766 3258 967 3326 quietis
1018 3260 1378 3328 appellamus,
1423 3263 1599 3328 ipsum
1640 3263 1906 3316 habentes
1937 3265 2350 3333 gubernatorem

770 3347 880 3401 tuis
913 3350 1401 3407 intercessionibus
1457 3353 1748 3408 Dominum
1801 3365 2046 3410 nostrum
2079 3366 2131 3410 et
2169 3356 2356 3410 Salva-

773 3449 944 3494 turcm
982 3442 1260 3499 Christum
1299 3464 1311 3500 :
1347 3463 1509 3516 quem
1541 3448 1696 3504 decet
1727 3450 1908 3504 omnis
1944 3451 2119 3504 honor
2143 3459 2198 3504 et
2229 3450 2359 3504 ado-

773 3533 912 3586 ratio
943 3532 997 3585 in
1030 3539 1228 3589 saecula
1254 3540 1608 3593 saeculorum.
1643 3541 1840 3594 Amen.

791 3796 1784 3824 Μ

2455 3273 2551 3343 τὴν
2581 3270 2688 3325 τῶν
2719 3269 3042 3338 πειρασμῶν
3080 3267 3460 3335 διανηξάμενοι
3498 3265 3778 3316 θάλασσαν
3803 3268 3918 3325 τοῖς
3944 3267 4036 3332 τῆς

2455 3364 2816 3424 ἀναπαύσεως
2848 3363 3034 3426 λιμέσι
3068 3360 3596 3427 καθορμισθείημεν,
3625 3359 3788 3409 αὑτὸν
3823 3359 4034 3425 ἔχοντες

2459 3457 2800 3525 κυϐερνήτην
2826 3455 2912 3505 διὰ
2939 3454 3048 3504 τῶν
3078 3451 3182 3503 σῶν
3201 3450 3509 3520 πρεσϐειῶν
3531 3452 3621 3501 τὸν
3650 3449 3855 3518 Κύριον
3886 3452 4036 3518 ἡμῶν

2462 3552 2552 3599 καὶ
2606 3545 2837 3612 Σωτῆρα
2889 3543 3146 3614 Χριστὸν,
3208 3535 3252 3608 ᾧ
3297 3541 3498 3611 πρέπει
3549 3544 3697 3593 πᾶσι
3757 3543 3898 3612 τιμὴ
3949 3543 4038 3594 καὶ

2463 3632 2836 3705 προσκύνησις
2882 3633 2962 3695 εἰς
2995 3634 3119 3696 τοὺς
3165 3633 3366 3696 αἰῶνας
3405 3634 3514 3690 τῶν
3553 3635 3789 3688 αἰώνων.
3842 3634 4035 3705 Ἀμην.

1778 3808 3959 3840 Mm

2237 3960 2588 4078 VITA

1461 4203 1875 4291 SANCTI

1989 4205 2139 4293 ET
2253 4207 2590 4298 JUS'l'l

2723 4213 3368 4305 EUDOCIMI.

1483 4393 1651 4453 (Apud
1690 4393 1890 4441 Suriurn
1917 4395 1975 4442 ad
1999 4395 2132 4444 diem
2166 4395 2227 4444 29
2260 4397 2399 4447 Julii.
2427 4401 2648 4450 Graecum
2674 4408 2870 4452 textum
2891 4418 2994 4474 non
3020 4404 3343 4472 invenimus.)

853 4648 895 4707 1.
931 4649 1238 4713 Eudocimi,
1293 4646 1386 4716 qui
1435 4641 1830 4702 convenienter
1879 4663 1979 4704 suo
2032 4653 2238 4706 nomini
2295 4670 2345 4709 et

2472 4662 2632 4714 nibus
2657 4667 3072 4733 tempestatibus
3125 4667 3487 4735 sordibnsque
3527 4668 3700 4737 plenae
3735 4679 3886 4738 sunt,
3949 4692 4041 4747 pu-

779 4738 893 4799 Deo
914 4743 1128 4796 laudem
1157 4749 1241 4794 est
1271 4749 1577 4803 assecutus,
1614 4745 1782 4794 vitam
1814 4741 2012 4795 bonum
2065 4755 2150 4796 est
2179 4760 2362 4815 expo—

779 4846 931 4889 nere.
977 4830 1114 4886 Hinc
1156 4832 1300 4884 enim
1358 4830 1517 4883 simul
1581 4831 1830 4899 voluptas
1888 4843 1941 4887 et
1999 4833 2205 4889 utilitas
2252 4853 2358 4890 non

777 4928 920 4981 redit
951 4925 1127 4978 solum
1160 4923 1226 4977 ad
1292 4924 1655 4990 expositores,
1698 4925 1792 4978 sed
1847 4926 2021 4979 multo
2075 4929 2242 4997 magis
2294 4930 2362 4984 ad

779 5021 1058 5073 auditores
1085 5034 1100 5082 ;
1127 5031 1237 5070 non
1269 5016 1446 5071 solum
1475 5017 1621 5085 quod
1643 5032 1702 5070 se
1732 5019 2034 5071 ostenderit
2065 5021 2364 5073 vehemen-

781 5112 890 5160 tem
947 5114 1244 5158 amatorem
1314 5105 1549 5163 virtutis,
1584 5114 1640 5158 et
1690 5106 1832 5172 quod
1901 5116 1985 5159 est
2045 5105 2361 5166 honestum.

783 5199 964 5252 statim
997 5199 1224 5268 elegerit
1248 5197 1317 5251 ab
1352 5198 1578 5251 ineunte
1605 5207 1803 5262 atate;
1837 5212 1959 5250 cum
1999 5199 2184 5251 multis
2216 5203 2359 5253 enim

781 5290 903 5343 aliis
934 5289 1034 5343 luit
1068 5290 1154 5342 hic
1183 5289 1304 5343 vita:
1336 5291 1486 5343 ῑρΙιιε
1514 5291 1561 5344 ei
1621 5292 1928 5344 communis
1959 5309 1969 5343 :
2006 5292 2099 5345 sed
2129 5292 2270 5359 quod
2307 5293 2359 5345 in

784 5383 876 5436 illo
908 5383 1243 5453 praecipuum
1281 5392 1336 5437 et
1361 5397 1502 5453 pene
1555 5383 1854 5452 singulare,
1909 5383 1990 5436 vel
2050 5382 2222 5444 omni,
2275 5385 2358 5436 vel

787 5489 978 5544 magna
1009 5491 1073 5528 ex
1105 5483 1258 5545 parte
1285 5475 1563 5537 excelluit,
1590 5477 1711 5546 ejus
1738 5477 1790 5529 in
1824 5476 2028 5530 mundo
2060 5477 2163 5528 luit
2195 5489 2360 5543 supra

786 5567 1050 5620 mundum
1083 5568 1191 5622 vita
1252 5576 1355 5622 :et
1408 5569 1551 5638 quod
1611 5585 1734 5624 cum
1797 5569 2002 5623 viveret
2055 5570 2110 5621 in
2186 5569 2364 5623 medio

789 5660 1145 5725 tumultuum,
1177 5669 1231 5716 et
1263 5661 1453 5718 harum
1479 5678 1662 5718 rerum
1697 5660 2056 5724 instabilium,
2096 5675 2211 5730 qum
2246 5675 2364 5715 om-

891 5843 949 5899 ³1
983 5839 1105 5896 Cor.
1140 5858 1230 5898 vn.

2463 4772 2580 4809 ram
2613 4766 2669 4810 et
2724 4762 3090 4828 tranquillam,
3131 4773 3186 4816 et
3218 4763 3440 4818 minime
3491 4765 3828 4833 inquinatam
3890 4788 4036 4828 suam

2463 4849 2867 4902 conservat-erit
2902 4850 3135 4905 animum
3171 4870 3184 4907 :
3212 4863 3265 4906 et
3295 4856 3594 4911 ostenderit
3624 4868 3747 4912 esse
3784 4860 3961 4916 timidi
3991 4875 4040 4917 et

2465 4939 2640 5007 pusilli
2685 4938 2873 5005 animi,
2910 4943 3092 4995 mundi
3153 4942 3330 5013 fugam
3368 4950 3715 5016 persequi,et
3770 4953 4038 5021 adjutricc

2466 5034 2540 5084 uti
2573 5031 2886 5096 solltudine,
2929 5035 3150 5102 perinde
3190 5051 3253 5089 ae
3302 5036 3344 5088 si
3379 5040 3497 5103 quis
3548 5039 3602 5093 in
3656 5047 3822 5100 maris
3893 5053 4036 5102 trau-

2466 5125 2731 5191 quillitate
2764 5127 3045 5196 navigans,
3080 5136 3133 5185 et
3162 5131 3367 5195 absque
3404 5132 3522 5183 ullis
3553 5132 3807 5187 ﬂuctibus
3841 5139 4036 5193 ventis-

2468 5232 2574 5285 que
2620 5218 3059 5284 vehementibus,
3140 5223 3265 5274 velit
3315 5225 3490 5276 vocari
3563 5225 3774 5293 peritus
3825 5233 4033 5298 nat-iga-

2472 5309 2655 5367 tionis.
2691 5318 2743 5360 et
2785 5309 3090 5382 intelligens
3107 5327 3294 5366 eorum
3320 5331 3437 5382 quae
3461 5315 3526 5369 ad
3561 5332 3710 5370 mare
3743 5323 4036 5387 pertinent.

2470 5401 2736 5464 Quoniam
2769 5417 2898 5472 ergo
2939 5406 3080 5459 illius
3136 5405 3236 5458 vita
3272 5417 3356 5460 est
3414 5410 3688 5477 exemplar
3743 5412 4038 5473 sumtiens,

2470 5509 2591 5546 cum
2625 5496 2898 5559 omnibus,
2927 5508 2985 5551 ut
3015 5499 3183 5552 semel
3211 5500 3408 5563 dicant,
3430 5500 3520 5570 qui
3554 5502 3768 5557 virtutis
3798 5507 4035 5560 studium

2472 5587 2573 5642 sibi
2627 5589 2937 5652 vendicant,
2980 5599 3038 5644 ut
3096 5590 3160 5644 iis
3222 5592 3312 5661 qui
3366 5591 3418 5644 in
3475 5594 3677 5646 mundo
3723 5595 3938 5659 vivunt,
3990 5607 4043 5650 et

2482 5681 2686 5737 mundo
2739 5683 2822 5753 (ut
2877 5698 2999 5738 cum
3041 5681 3227 5738 divino
3278 5684 3442 5740 Paulo
3491 5685 3690 5757 dicam)
3724 5689 3804 5744 uti
3872 5689 4039 5744 solum
