4180 6510
194 470 291 537 489

1454 466 1633 527 VITA
1671 463 1731 526 S.
1782 465 2182 527 EUDOClMl.

3353 453 3458 517 490

198 600 304 641 non
339 581 488 638 abuti
523 581 750 651 eligunt,
786 580 1035 635 dicantur
1066 594 1155 634 res
1196 576 1357 641 illius,
1420 584 1471 629 et
1527 576 1768 632 virorum
1803 588 1844 644 Α
1878 592 1997 648 quae
2050 575 2266 637 dicunt,
2306 572 2406 643 ipsi
2440 571 2589 642 prius
2619 576 2886 639 pugnant,
2943 577 2998 623 et
3022 584 3081 623 re
3109 568 3223 638 ipsa
3272 577 3459 638 aperte

197 678 463 733 honorum
499 674 701 729 animis
741 681 1049 744 apponatur
1102 684 1292 726 mensa
1330 667 1536 731 divina,
1568 678 1624 723 et
1667 685 1768 741 op-

193 767 368 834 sonia,
395 783 520 838 quae
552 782 829 837 nunquam
857 773 1275 821 consumuntur.

263 859 327 913 ll.
365 858 609 913 Sanctus
634 872 762 930 ergo
794 858 1125 913 Eudocimus
1148 871 1320 928 genus
1347 856 1569 927 quidem
1618 853 1773 910 duxit

190 965 254 1004 ex
299 948 740 1019 Cappadocihus,
790 947 999 1017 piorum
1053 955 1341 1017 parentum
1398 947 1483 1015 pia
1533 944 1768 1000 soboles.

191 1041 435 1106 Quorum
504 1040 645 1094 alter
701 1039 916 1110 quidem
975 1038 1225 1105 Basilius,
1288 1038 1528 1093 Eudocia
1586 1048 1770 1092 autem

191 1134 436 1197 nomine,
469 1149 594 1203 quae
624 1139 904 1203 genuerat.
936 1140 1093 1185 erant
1121 1144 1321 1200 genere
1360 1131 1620 1200 insignes,
1652 1128 1773 1198 opi-

191 1224 293 1279 bus
350 1223 721 1286 abundantes,
789 1220 1138 1290 illustresque
1196 1220 1538 1275 auctoritate.
1597 1219 1774 1274 Patri-

188 1316 404 1371 ciorum
435 1315 584 1371 enim
621 1314 887 1385 dignitate
930 1313 1112 1369 clarus
1141 1320 1259 1367 erat
1315 1312 1569 1367 Basilius.
1634 1310 1772 1367 Cum

189 1420 300 1464 tam
330 1408 627 1479 praeclaros
657 1417 841 1460 autem
877 1404 1099 1475 generis
1134 1403 1315 1458 fontes
1349 1404 1574 1458 haberet
1606 1402 1773 1469 ﬁlius,

187 1518 296 1557 non
323 1512 435 1556 tam
464 1501 617 1555 visus
648 1508 731 1554 est
761 1498 959 1553 nobilis
988 1511 1054 1551 ex
1088 1497 1429 1567 parentibus,
1458 1508 1638 1567 neque
1663 1506 1777 1552 tan-

188 1606 299 1649 tam
327 1608 394 1647 ex
422 1591 503 1646 eis
530 1591 744 1661 accepit
766 1589 1013 1660 gloriam,
1039 1595 1304 1658 quantam
1337 1591 1453 1659 ipse
1504 1588 1779 1659 praeclaris

186 1686 301 1740 suis
328 1684 489 1739 factis
520 1698 588 1737 ex
621 1697 682 1737 se
704 1682 1051 1736 nobilitatam
1085 1682 1198 1735 suis
1216 1680 1398 1735 attulit
1435 1679 1770 1751 parentibus.

183 1778 323 1831 Nam
360 1775 503 1829 ﬁlios
528 1774 773 1844 quidem,
810 1773 903 1843 qui
926 1788 996 1827 ex
1028 1772 1190 1827 claris
1252 1772 1356 1827 orti
1406 1779 1536 1826 sunt
1571 1786 1778 1841 paren-

186 1868 354 1930 tibus,
390 1865 699 1937 permultos
733 1864 981 1918 invenies
1014 1870 1318 1932 :parentes
1350 1871 1532 1916 autem
1586 1860 1775 1915 talium

1878 666 2282 731 contradicunt,
2306 680 2429 720 cum
2454 662 2642 735 procul
2673 661 2740 716 ab
2762 661 2830 716 iis
2859 675 2980 731 quae
2995 660 3273 727 dicuntur,
3304 661 3463 717 aber-

1876 770 1958 816 ret
1987 775 2179 815 eorum
2212 760 2448 813 animus.
2475 754 2914 827 Temperantiam
2940 763 3148 818 autem,
3186 769 3306 824 qua:
3338 770 3466 811 vere

1874 853 2090 923 publica
2119 862 2224 918 est,
2254 860 2310 907 et
2344 849 2751 921 pulchritudine
2785 847 2921 903 alias
2950 848 3173 903 excellit
3209 849 3464 910 virtutes.

1876 946 1958 1001 sic
1988 946 2210 1010 amavit,
2241 945 2394 999 etab
2433 959 2496 997 ea
2547 943 2618 997 ita
2676 951 2865 1012 aperte
2892 950 2979 997 est
3028 954 3341 1013 superatus,
3409 953 3469 998 ttt

1875 1054 1994 1094 eam
2015 1040 2069 1093 in
2103 1040 2211 1093 vita
2252 1038 2483 1099 sociant,
2522 1046 2720 1105 etqute
2744 1049 2931 1089 secum
2962 1034 3258 1099 habitaret,
3312 1036 3467 1091 dele-

1875 1128 2038 1197 gerit,
2069 1137 2123 1183 et
2152 1127 2414 1182 audacter
2434 1139 2557 1181 eum
2584 1123 2687 1179 Job
2716 1124 2927 1179 diceret
2952 1140 3063 1179 non
3088 1126 3191 1181 hoc
3245 1127 3420 1182 solum
3450 1148 3461 1182 :

1876 1220 2094 1277 Oculum
2133 1238 2302 1275 meum
2340 1237 2439 1273 non
2480 1230 2553 1274 est
2599 1236 2688 1272 cor
2705 1228 3038 1273 consecutum
3079 1220 3122 1284 ⁷,
3152 1220 3463 1285 sed'etiam,

1876 1314 2020 1384 quod
2051 1315 2142 1368 illo
2196 1322 2281 1368 est
2327 1314 2524 1382 majus,
2578 1320 2795 1383 pactum
2852 1311 3050 1366 fecisse
3099 1327 3226 1367 cum
3261 1314 3464 1377 oculis,

1878 1404 2029 1459 nullo
2055 1405 2217 1459 modo
2240 1403 2572 1459 intellexisse
2604 1415 2770 1470 super
2795 1401 3066 1470 virginem
3091 1403 3112 1435 ⁸
3144 1412 3234 1457 :et
3290 1419 3467 1471 usque

1879 1496 2014 1553 adeo
2044 1496 2297 1551 vitaverit
2336 1512 2459 1551 cum
2491 1495 2713 1550 muliere
2736 1495 2993 1566 colloqui,
3023 1504 3083 1550 ut
3140 1496 3241 1552 soli
3303 1500 3468 1556 matri

1879 1605 1991 1644 non
2026 1598 2173 1644 esset
2215 1588 2554 1659 prohibitum
2609 1587 2675 1641 ad
2729 1602 2855 1642 eum
2908 1589 3191 1651 accedere,
3218 1604 3381 1660 quam
3412 1594 3465 1643 in

1880 1695 2077 1752 magna
2118 1680 2354 1735 habebat
2405 1678 2802 1734 veneratione:
2860 1688 2920 1733 ut
2976 1680 3066 1749 qui
3127 1695 3234 1734 non
3290 1680 3467 1736 solum

1880 1772 2163 1838 maternis,
2194 1775 2291 1828 sed
2329 1771 2549 1827 virtutis
2582 1772 2750 1826 etiam
2777 1772 2995 1827 cederet
3046 1772 3277 1844 legibus.
3323 1772 3473 1829 Prm-

1883 1878 1968 1922 tcr
1994 1884 2115 1924 eam
2146 1879 2325 1924 autem
2359 1868 2495 1923 nulli
2518 1868 2717 1923 licebat
2747 1868 2957 1923 mulieri
2984 1884 3107 1925 cum
3139 1886 3205 1926 eo
3240 1872 3466 1928 omnino

184 1933 448 2024 ﬁliorum,
481 1959 578 2030 qui
617 1958 669 2011 iu
704 1955 885 2010 medio
916 1955 1123 2009 mundo
1181 1952 1350 2006 vitam
1394 1951 1528 2006 nulli
1590 1967 1774 2022 repre-
1809 1933 1851 1992 Β
1885 1961 2059 2031 loqui,
2084 1969 2176 2017 aut
2198 1962 2263 2017 ad
2282 1977 2407 2018 eum
2440 1961 2611 2016 adire.

182 2050 445 2106 heusioni
483 2049 701 2103 attinem
734 2050 1143 2116 transegerunt,
1181 2042 1482 2099 admodum
1542 2058 1769 2113 paucos.

182 2142 280 2198 Ille
330 2154 465 2210 ergo
493 2137 755 2193 doetrinaz
791 2144 847 2192 et
900 2134 1203 2206 disciplinis
1241 2133 1427 2203 jussus
1471 2133 1772 2199 attendere,

184 2247 447 2303 magnum
481 2232 537 2285 in
574 2230 660 2285 bis
691 2229 877 2301 posuit
925 2228 1190 2293 studium,
1248 2241 1358 2279 non
1432 2225 1774 2290 verberibus,

183 2343 295 2382 non
323 2326 649 2389 terroribus,
676 2339 783 2378 non
821 2321 1006 2391 aliquo
1040 2319 1149 2374 alio
1186 2317 1435 2389 indigens
1459 2332 1523 2372 ex
1555 2317 1622 2372 iis
1657 2333 1777 2387 qua:

182 2428 420 2490 possunt
450 2418 712 2489 puerilem
747 2416 814 2471 ad
856 2430 945 2471 res
1002 2414 1265 2469 honestas
1299 2410 1539 2468 excitare
1592 2425 1777 2466 socor-

184 2513 330 2568 diam
370 2530 383 2565 :
417 2512 514 2566 sed
548 2510 668 2581 ipse
696 2518 816 2565 erat
879 2507 982 2563 sibi
1015 2504 1269 2561 stimulus
1302 2518 1367 2559 ex
1412 2503 1777 2574 propensione

185 2614 241 2661 et
280 2604 453 2658 animi
486 2602 768 2658 alacritate
794 2600 862 2655 ad
918 2613 980 2653 ea
1015 2612 1138 2668 qua:
1195 2596 1335 2651 bona
1388 2604 1543 2650 sunt.
1607 2593 1775 2650 Multo

185 2707 373 2752 autem
410 2694 586 2767 magis
637 2692 961 2763 invigilabat
1025 2688 1251 2745 lectioni
1292 2688 1601 2745 divinorum
1660 2687 1777 2743 elo-

184 2790 467 2861 quiorum,
503 2796 560 2841 et
589 2786 808 2841 assidue
835 2785 888 2839 in
914 2784 994 2840 eis
1020 2784 1361 2848 versabatur,
1390 2782 1530 2838 adeo
1572 2788 1631 2836 ut
1658 2780 1775 2851 ipse

184 2895 406 2953 quoque
446 2887 669 2935 caneret
712 2893 837 2933 cum
877 2876 1066 2932 divino
1129 2874 1332 2929 Davide
1396 2891 1408 2927 :
1483 2872 1775 2927 Ezsultabo

184 2990 276 3046 ego
302 2991 463 3044 super
497 2972 705 3044 eloquia
734 2980 850 3036 tua,
884 2978 940 3023 ut
968 2968 1057 3038 qui
1085 2968 1278 3022 invertit
1312 2964 1481 3036 spolia
1508 2963 1677 3018 multa
1730 2965 1771 3019 ’.

185 3068 252 3121 Et
291 3086 304 3123 :
341 3066 520 3130 Quam
570 3064 734 3119 dilexi
782 3062 946 3134 legem
987 3073 1157 3123 tuam,
1208 3057 1430 3114 Domine
1475 3074 1495 3113 :
1537 3066 1647 3113 tota
1693 3058 1776 3134 die

184 3156 463 3208 meditatio
494 3171 611 3207 mea
638 3165 712 3209 est
736 3155 777 3208 ⁸.
811 3132 1099 3223 Propterea
1127 3152 1176 3205 ei
1212 3158 1525 3219 reputatum
1570 3158 1654 3205 est
1684 3132 1776 3204 su-

183 3263 278 3318 pra
310 3246 486 3301 millia
521 3245 641 3300 auri
664 3253 722 3300 et
783 3243 1060 3312 argenti‘,
1118 3242 1271 3314 juxta
1336 3240 1580 3300 divinum
1637 3241 1775 3296 Pro-

180 3343 433 3413 phetam,
464 3340 589 3397 dico
630 3337 909 3394 Davidem.
955 3336 1020 3391 Et
1042 3335 1138 3391 Dei
1170 3334 1385 3406 eloquia
1420 3334 1598 3391 dulcia
1648 3338 1772 3407 gut-

180 3437 290 3491 turi
324 3437 450 3507 ejus
484 3433 733 3500 fuerunt,
770 3441 828 3488 et
850 3429 1137 3502 supra'mel
1166 3430 1248 3485 ori
1280 3430 1402 3501 ejus
1423 3431 1464 3483 ⁸.

250 3550 347 3606 lll.
387 3547 629 3602 Vacabat
655 3555 838 3602 autem
871 3544 1069 3600 divinis
1103 3544 1321 3614 templis
1349 3551 1403 3599 et
1438 3542 1658 3598 assidue
1707 3544 1773 3598 ad

176 3658 242 3697 ea
269 3639 562 3695 veniebat.
595 3637 660 3691 Et
709 3652 835 3691 eum
893 3636 1013 3706 ejus
1067 3636 1307 3705 aequales
1373 3643 1430 3690 et
1478 3634 1774 3689 familiares

178 3734 355 3791 dediti
393 3741 590 3789 essent
618 3728 1019 3794 venationibus,
1062 3737 1117 3783 et
1175 3742 1441 3797 equorum
1494 3725 1772 3787 cursibus.

174 3840 233 3885 et
254 3829 382 3885 aliis
415 3825 836 3881 adulescentum
872 3822 1086 3885 studiis,
1118 3820 1207 3874 ille
1238 3835 1299 3874 ea
1351 3834 1493 3889 aegre
1545 3816 1773 3880 ferebat,

174 3925 324 3979 etab
358 3923 447 3977 eis
485 3919 710 3974 minime
733 3915 1072 3976 movebatur,
1142 3922 1196 3967 et
1244 3912 1377 3965 nulli
1431 3911 1659 3967 cedebat
1709 3926 1775 3964 ex

178 4019 246 4072 iis
317 4027 452 4084 quas
524 4008 863 4079 juvenilibus
925 4006 1284 4059 blandiuntur
1362 4002 1775 4070 cupiditatibus.

174 4104 435 4163 Jueunde
471 4115 605 4156 vero
644 4108 697 4153 et
768 4097 1011 4152 libenter
1056 4094 1377 4150 versabatur
1421 4092 1776 4160 Eudncimus,

170 4208 270 4256 aut
302 4199 360 4254 in
395 4197 572 4253 domo
605 4190 892 4258 orationis,
926 4199 1022 4246 aut
1048 4188 1105 4243 in
1160 4188 1403 4243 lectione
1453 4186 1770 4241 divinorum

173 4291 580 4362 Eloquiorum,
651 4300 747 4355 per
795 4298 916 4354 qua:
966 4280 1220 4337 studebat
1262 4279 1503 4348 seipsum
1552 4277 1780 4334 reddere

174 4384 450 4455 templum
519 4378 633 4434 Deo
700 4375 924 4449 dignum
983 4381 1045 4427 ut
1090 4371 1181 4445 qui
1254 4370 1392 4426 nihil
1460 4370 1782 4427 ostenderet

174 4474 582 4548 iniucundum,
663 4469 800 4523 nihil
841 4478 997 4537 turpe
1042 4480 1109 4521 ex
1182 4460 1530 4518 deformitate
1613 4458 1780 4514 animi

173 4564 691 4642 perturbationum,
727 4570 784 4614 et
832 4560 888 4613 in
916 4572 1011 4612 eas
1042 4556 1241 4613 collato
1277 4554 1484 4609 studio.
1526 4553 1642 4609 Non
1694 4568 1783 4610 res

1799 3296 1846 3361 C

1958 2053 2046 2107 ιν.
2071 2052 2207 2109 Cum
2248 2054 2609 2122 temperantia
2642 2069 2775 2109 vero
2805 2055 3089 2124 conjunxit
3119 2057 3286 2111 etiam
3322 2058 3468 2114 elec—

1888 2160 2196 2227 niosynam,
2232 2161 2355 2200 cum
2382 2144 2759 2215 pulcherrima
2784 2162 2902 2201 eam
2930 2163 3051 2218 quae
3105 2157 3189 2204 est
3232 2152 3470 2209 maxime

1886 2238 2075 2303 hilaris
2107 2238 2280 2294 :adeo
2309 2248 2369 2292 ut
2400 2238 2548 2293 illius
2582 2238 2804 2309 quidem
2837 2239 3047 2295 lumine
3104 2242 3469 2300 illustraretur

1888 2330 2077 2395 facies,
2131 2331 2296 2402 hujus
2347 2341 2528 2386 autem
2589 2331 2710 2387 oleo
2764 2347 2859 2387 cor
2893 2334 3469 2405 pinguetieret,esset—

1885 2439 1994 2497 que
2033 2432 2088 2480 et
2121 2425 2363 2481 mundus
2396 2436 2449 2481 et
2468 2424 2978 2483 misericors:adeo
2996 2436 3054 2483 ut
3073 2430 3327 2497 altitudo,
3346 2446 3470 2502 quas

1886 2517 2219 2603 proceditex
2254 2517 2517 2609 puritate,
2582 2516 2648 2573 ad
2712 2519 3021 2588 proximum
3072 2521 3156 2592 (nt
3208 2539 3307 2594 par
3360 2527 3466 2609 est)

1887 2624 1956 2665 ex
1978 2624 2249 2665 consensu
2274 2624 2332 2665 se
2360 2608 2657 2676 inclinans,
2684 2608 2739 2665 in
2776 2617 2895 2665 tuto
2916 2620 3083 2669 esset.
3116 2614 3251 2671 Tam
3277 2608 3465 2688 splen-

1887 2704 2015 2761 dide
2044 2716 2226 2760 autem
2278 2706 2593 2762 attendebat
2652 2707 3035 2781 eleemosyncc,
3089 2720 3143 2765 et
3189 2726 3309 2769 eam
3394 2716 3468 2771 ita

1886 2797 2338 2869 amplectebatur,
2377 2806 2436 2854 ut
2466 2814 2579 2855 non
2612 2798 2787 2855 solum
2815 2802 3122 2872 superfluis,
3150 2804 3245 2859 sed
3302 2806 3466 2862 etiam

1885 2889 2214 2945 necessariis
2233 2904 2291 2945 se
2323 2890 2413 2961 pie
2438 2899 2653 2962 gereret
2685 2908 2699 2946 :
2741 2900 2799 2946 et
2827 2907 2935 2948 non
2960 2910 3123 2964 parce
3150 2897 3465 2964 seminaret,

1886 2983 1984 3039 sed
2004 2982 2057 3037 in
2093 2982 2624 3040 benedictionibus:
2686 2994 2742 3039 et
2801 3000 2913 3040 non
2964 2987 3141 3043 solum
3194 2992 3468 3060 pecuniis,

1884 3075 1980 3131 sed
2016 3076 2181 3131 etiam
2208 3076 2487 3142 carnibus,
2517 3077 2559 3131 si
2586 3092 2651 3131 ex
2678 3077 2742 3133 iis
2764 3080 3101 3151 pauperibus
3129 3081 3249 3139 dari
3286 3096 3469 3156 posset

1888 3169 2170 3234 auxilium,
2197 3168 2424 3224 minime
2453 3178 2726 3238 parceret,
2762 3169 2925 3240 idque
2956 3173 3247 3231 admodum
3283 3178 3466 3249 hilari,

1886 3272 2248 3333 promptoque
2278 3271 2333 3318 et
2361 3262 2526 3318 alacri
2564 3262 2770 3327 animo,
2816 3274 2999 3323 motus
3055 3268 3354 3329 dilectione
3408 3274 3466 3330 in

1878 3354 2051 3409 Deum
2078 3364 2133 3409 et
2164 3356 2497 3425 proximum.
2530 3357 2767 3413 Fructus
2806 3360 2953 3415 enim
2995 3361 3312 3430 charitatis,
3386 3376 3471 3423 est

1876 3446 1932 3505 in
1964 3446 2189 3502 fratrem
2230 3446 2631 3514 misericordia,
2697 3452 2836 3508 adeo
2888 3463 2947 3509 ut
2992 3454 3110 3525 ipse
3166 3459 3472 3528 promptior

1877 3549 2023 3595 esset
2060 3539 2128 3596 ad
2156 3539 2417 3606 dandum,
2477 3556 2637 3611 quam
2700 3544 2789 3600 ille
2828 3545 2896 3603 ad
2921 3546 3301 3617 accipiendum
3326 3589 3341 3615 ,
3374 3554 3470 3621 qui

1879 3646 2018 3703 opus
2043 3632 2279 3689 habebat
2321 3635 2737 3691 misericordia:
2781 3652 2981 3695 etcum
3052 3640 3318 3709 dedisset,
3354 3642 3470 3713 ipse

1880 3722 2054 3798 m‘agis
2078 3727 2375 3794 lretaretur,
2408 3736 2465 3784 et
2497 3726 2619 3800 plus
2653 3745 2711 3786 se
2743 3730 2915 3798 iurari
2968 3733 3237 3798 crederet,
3299 3752 3467 3806 quam

1883 3818 1947 3882 is,
1972 3820 2062 3889 qui
2100 3830 2405 3889 acceperat,
2438 3823 2713 3891 quomodo
2744 3840 2831 3880 res
2871 3839 3001 3881 vere
3047 3825 3303 3885 habebat.
3358 3828 3473 3885 Ma-

1877 3908 2028 3978 jores
2073 3910 2219 3964 enim
2278 3919 2409 3966 sunt
2466 3912 2664 3967 divinae
2720 3915 2924 3984 gratiae,
2974 3933 3135 3986 quam
3191 3920 3469 3991 humanae,

1883 4017 2018 4071 quas
2040 4003 2155 4073 ipse
2190 4003 2333 4074 larga
2361 4019 2525 4059 manu
2563 4005 2779 4061 emebat
2809 4006 3015 4078 largius
3069 4008 3223 4069 illinc
3286 4025 3475 4073 scatu-

1882 4095 2105 4150 rientes.
2133 4094 2219 4162 Et,
2258 4097 2501 4154 utsemel
2529 4097 2729 4163 dicam,
2752 4100 3127 4172 orphanorum
3165 4115 3285 4160 erat
3316 4118 3474 4177 pater

1884 4186 2244 4253 Eudocimus,
2290 4198 2509 4245 curator
2541 4190 2849 4258 viduarum,
2872 4192 3259 4252 indumentum
3292 4200 3466 4256 nudo-

1884 4296 2027 4347 rum,
2059 4279 2216 4350 panis
2238 4282 2621 4348 esurientium,
2642 4284 2949 4340 animarum
2982 4300 3105 4356 qua:
3143 4289 3470 4359 mgritudine

1884 4373 2254 4445 gravabantur
2300 4374 2578 4432 solatium.

1957 4462 2019 4521 V.
2050 4461 2101 4515 ls
2140 4477 2263 4517 eum
2301 4473 2357 4518 et
2382 4465 2452 4518 ab
2473 4464 2803 4535 imperatore
2834 4470 3098 4539 honores,
3134 4483 3188 4528 et
3238 4487 3361 4544 qua:
3384 4483 3471 4529 est

1885 4551 1952 4607 ad
1994 4561 2232 4626 tempus,
2253 4553 2481 4626 gloriam
2515 4569 2903 4628 assequeretur
2927 4571 3151 4631 prapter
3187 4563 3467 4633 virtutem,

170 4666 449 4725 adversa,
486 4667 603 4710 non
650 4646 925 4715 secundae,
994 4661 1108 4703 non
1158 4646 1361 4715 aliquid
1406 4660 1474 4699 ex
1543 4645 1608 4701 iis
1663 4644 2027 4717 quaepnihil
2064 4659 2126 4699 ex
2159 4660 2224 4701 eo
2257 4646 2573 4714 lacdebatur,
2608 4658 2669 4702 ut
2700 4652 2860 4721 cujus
2918 4668 3021 4709 nec
3079 4653 3229 4710 calor
3276 4655 3473 4711 animm

169 4752 429 4808 animum
458 4750 696 4816 possunt
734 4752 830 4797 aut
884 4738 1100 4808 efferre,
1144 4744 1238 4792 aut
1284 4736 1618 4807 deprimere,
1684 4734 1787 4790 fuit

168 4843 309 4898 satis
336 4836 595 4893 validum
623 4832 688 4887 ad
716 4847 841 4887 eum
869 4846 898 4885 a
921 4844 1022 4885 suo
1063 4827 1320 4883 instituto
1348 4826 1776 4882 dimovendum:

169 4934 269 4991 sed
310 4926 574 4987 dexteris
596 4932 652 4980 et
674 4922 912 4981 sinistris
943 4920 1111 4975 armis
1175 4921 1260 4987 (ut
1308 4919 1445 4974 dicit
1498 4917 1699 4973 Paulus
1734 4917 1779 4989 ⁸)

167 5031 404 5083 dextere
440 5021 723 5086 utebatur,
755 5026 811 5073 et
839 5031 902 5071 ea
922 5012 1205 5068 materiam
1240 5011 1473 5068 faciebat
1531 5011 1778 5081 philoso-

167 5120 341 5189 phiae.
368 5116 524 5181 Quin
550 5111 713 5165 etiam
743 5124 868 5165 cum
893 5108 1035 5163 viam
1061 5120 1205 5174 saepe
1235 5104 1636 5177 ingrederetur,
1667 5113 1775 5157 tam

166 5227 296 5283 qua:
336 5206 567 5264 ferebat
600 5201 668 5258 ad
698 5201 922 5271 regiam,
954 5213 1119 5269 quam
1151 5212 1269 5266 qua:
1296 5196 1348 5250 in
1376 5194 1544 5250 ullum
1611 5194 1776 5249 alium

167 5308 383 5369 locum,
424 5306 680 5355 mentem
702 5294 865 5351 simul
885 5301 939 5348 et
972 5293 1210 5364 linguam
1239 5290 1479 5345 habebat
1509 5288 1780 5343 intentam

168 5397 332 5470 operi
372 5415 387 5448 :
428 5396 586 5447 hanc
633 5388 854 5459 quidem
906 5395 1192 5441 canentem
1243 5382 1489 5438 Psalmos
1538 5379 1776 5447 Davidis,

166 5492 320 5545 illam
346 5495 551 5542 autem
583 5482 978 5543 attendentem,
1018 5486 1074 5533 et
1096 5491 1216 5549 qua:
1241 5475 1564 5530 dicebantur
1613 5471 1782 5527 intel-

166 5583 478 5653 ligentem,
515 5580 575 5628 et
618 5570 829 5643 iubenti
891 5572 993 5642 ipsi
1054 5567 1242 5625 Davidi
1300 5573 1603 5637 parentem.
1658 5563 1779 5619 Non

168 5671 421 5730 enimid
474 5669 555 5732 ei,
588 5662 733 5736 quod
768 5663 977 5728 multis,
1036 5660 1420 5721 usuveniebat,
1479 5657 1573 5728 qui
1632 5656 1778 5728 psal-

170 5767 291 5823 lunt
314 5762 590 5836 quidem,
653 5756 747 5813 sed
774 5770 879 5810 non
931 5754 1244 5822 intelligunt
1280 5771 1293 5807 :
1326 5750 1527 5820 quique
1558 5765 1681 5804 cum
1714 5749 1780 5804 iis

1894 4742 2224 4805 tepescerct,
2299 4751 2479 4807 neque
2502 4738 2570 4793 ad
2621 4755 2846 4798 cursum
2910 4744 3252 4815 spiritualem
3317 4746 3472 4805 ﬁeret

1890 4826 2127 4897 impetus
2160 4826 2463 4884 hebetior:
2524 4830 2619 4886 sed
2683 4833 2866 4902 potius
2918 4849 3039 4889 eam
3092 4850 3311 4907 quoque
3357 4836 3470 4892 Deo

1889 4917 2168 4974 ascribens
2190 4918 2442 4991 gratiam,
2480 4918 2606 4978 hinc
2633 4923 2884 4980 sumebat
2913 4926 3265 4984 occasionem
3292 4928 3471 4999 majo-

1888 5014 1967 5066 ris
2006 5011 2058 5065 in
2091 5011 2266 5083 ipsum
2294 5012 2658 5077 desiderii,et
2702 5031 2828 5073 eum
2884 5018 3099 5075 colendi
3157 5020 3467 5091 promptius

1889 5115 1943 5158 et
1976 5104 2232 5161 alacrius.
2270 5104 2431 5161 Certe
2466 5122 2591 5161 cum
2622 5118 2767 5165 esset
2786 5110 3017 5177 electus,
3089 5120 3150 5171 ut
3203 5123 3469 5185 praeesset

1886 5195 2025 5264 parti
2068 5196 2343 5252 exercitus
2374 5198 2783 5270 Cappadocum,
2821 5212 2876 5258 et
2938 5212 3250 5261 moraretur
3318 5207 3464 5261 circa

1884 5284 1959 5352 id,
1992 5288 2140 5358 quod
2195 5299 2425 5345 vocatur
2477 5287 2867 5358 Charsianum,
2926 5298 3154 5366 gerebat
3212 5312 3464 5368 magnam

1882 5395 2067 5436 curam
2103 5382 2313 5453 populi,
2348 5392 2409 5438 ut
2439 5384 2533 5454 qui
2561 5398 2671 5439 non
2694 5384 2871 5441 solum
2898 5385 2967 5442 de
2998 5388 3081 5443 eis
3139 5398 3291 5445 esset
3358 5406 3450 5459 pa-

1884 5480 2038 5527 terne
2102 5474 2390 5541 sollicitus,
2444 5477 2537 5531 sed
2584 5491 2679 5533 eas
2727 5477 2917 5545 etiam,
2965 5494 3087 5549 qua:
3116 5493 3273 5536 erant
3321 5482 3466 5539 inter

1885 5578 1945 5618 se
1971 5563 2225 5629 invicem,
2257 5574 2317 5619 ut
2349 5566 2549 5631 solent,
2581 5569 2992 5626 controversias
3021 5573 3278 5638 solveret.
3337 5577 3461 5632 nul-

1883 5654 1994 5710 lam
2039 5655 2094 5710 in
2146 5666 2353 5727 partem
2414 5659 2789 5730 propendente
2842 5664 3044 5718 trutina
3096 5664 3364 5737 justitie:
3408 5679 3465 5724 et

1886 5750 2140 5823 judicans
2176 5754 2483 5825 orphanum
2523 5755 2604 5825 (ut
2643 5756 2821 5813 dicam
2854 5774 2977 5815 cum
3010 5758 3145 5817 Isaia
3177 5760 3243 5833 θ),
3269 5772 3324 5820 ct
3383 5765 3465 5831 vi-

242 5944 261 5976 ¹
294 5935 455 5997 Psal.
494 5943 690 5989 cxvm,
724 5925 843 5978 l6'2.
876 5926 894 5957 ³
924 5925 1057 5982 ibid.
1085 5927 1174 5982 97.
1202 5927 1223 5958 ⁵
1246 5926 1377 5983 ibid.
1405 5924 1494 5978 72.
1535 5925 1553 5955 ⁸
1588 5923 1718 5978 ibid.
1757 5925 1774 5977 l

1914 5927 1932 5958 ⁸
1960 5926 2001 5979 ll
2036 5926 2160 5983 Cor.
2201 5943 2273 5995 γι,
2305 5927 2359 5983 7.
2397 5928 2416 5960 ⁷
2442 5925 2563 5984 Job.
2590 5932 2811 5999 xxxt,7.
2850 5932 3025 5988 “ibid.
3067 5934 3117 5988 l.
3153 5935 3292 5991 ’lsa.
3317 5954 3351 5995 ι.
3376 5940 3459 6003 l7.

524 6024 798 6085 PATRGL.
847 6024 959 6083 Gn.
1005 6022 1187 6087 CXV.

3026 6028 3093 6087 lli
