4180 6460
767 409 865 472 491
2072 413 2356 474 MENSIS
2394 413 2418 472 J

2394 412 2687 472 IULIUS.
3904 405 4008 471 492

771 520 932 572 duatn
968 518 1293 588 justiﬁeans,
1329 533 1384 574 et
1424 520 1680 575 omnibus
1731 520 1868 572 idem
1919 534 2181 588 apparens
2237 535 2334 588 per
2364 529 2407 582 Α
2443 519 2609 571 multa
2641 517 2858 586 quidem
2895 515 3102 579 dicens,
3136 515 3302 569 multa
3353 522 3532 569 autem
3587 515 3824 580 faciens,
3886 529 4012 584 qua

773 610 1029 679 aequalem
1066 612 1117 664 in
1147 626 1338 667 omnes
1399 612 1860 667 benevolentiam.
1908 610 1973 665 Et
2021 611 2148 680 quid
2199 627 2336 678 opus
2441 609 2579 663 solet
2614 608 2791 662 facere
2823 607 3059 676 nequitia
3106 607 3410 660 daemonum
3446 607 3500 660 in
3562 606 3826 660 damnum
3906 608 4008 659 hu-

772 713 876 767 est.
909 713 967 758 ut
995 704 1169 758 dicam
1192 705 1398 775 singula
1423 707 1445 759 ?
1474 707 1600 760 Erat
1633 706 1832 759 virtute
1898 704 2169 773 perfectus
2222 703 2336 759 Eu-
2441 715 2612 753 manu!
2640 709 2867 763 naturae,
2909 715 3027 766 qum
3054 700 3288 767 desuper
3315 699 3458 752 bello
3480 699 3546 752 ab
3599 713 3664 751 eo
3704 699 4007 767 appetitur.

772 797 1058 859 decimus;
1086 809 1202 852 erat
1231 798 1457 868 insignis
1480 799 1745 852 charitate
1776 799 1830 850 in
1863 795 2051 859 Deum,
2094 806 2148 849 et
2203 796 2337 848 insi-
2440 790 2693 844 Daemone
2720 790 2938 859 quidem
2971 801 3116 844 moto
3146 806 3172 843 a
3208 799 3417 854 sancto,
3461 803 3554 843 aut
3581 806 3611 843 a
3655 791 3859 842 Christi
3918 805 4014 857 p0-

773 890 891 958 gnis
926 889 1188 943 charitate
1239 889 1291 943 in
1340 891 1665 958 proximum.
1772 888 2132 954 Quamobrem
2219 889 2338 957 eius
2440 891 2549 942 tius
2578 889 2793 952 virtute,
2835 897 3041 941 uteum
3075 887 3424 942 manifestum
3460 888 3663 942 faceret
3737 897 3791 939 et
3839 887 4013 938 hono-

774 979 996 1033 exitium
1027 988 1079 1034 et
1111 981 1413 1046 interitum,
1439 983 1703 1050 proximo,
1749 981 1992 1050 inquam,
2029 981 2335 1033 clanculum
2446 990 2627 1044 raret,
2673 988 2927 1034 movente
2978 990 3157 1032 autem
3194 990 3249 1034 et
3322 990 3627 1048 torquente.
3689 988 3742 1031 et
3777 980 4015 1030 maxima

774 1072 1084 1136 detrahere,
1116 1073 1251 1126 adeo
1287 1074 1411 1127 odio
1445 1075 1699 1137 habebat,
1734 1083 1792 1127 ut
1827 1090 1936 1127 non
1999 1073 2171 1126 solum
2225 1074 2339 1140 ipse
2444 1082 2761 1142 tempestate
2821 1074 3092 1126 hominem
3153 1074 3532 1132 conturbante.
3585 1090 3709 1127 cum
3755 1082 4016 1139 tanquam

774 1162 911 1216 nihil
940 1163 1042 1217 tale
1076 1163 1298 1229 faceret,
1332 1165 1426 1220 sed
1451 1166 1615 1219 etiam
1673 1165 1717 1218 si
1756 1165 1896 1218 alius
1942 1164 2104 1217 vellet
2136 1162 2336 1226 facere,
2440 1175 2715 1218 mortuum
2765 1163 2936 1217 Eliam
2993 1165 3139 1217 humi
3192 1165 3432 1233 iecisset,
3495 1166 3816 1219 Sceleratum
3888 1162 4019 1215 illud

774 1257 998 1308 minime
1032 1258 1327 1310 sustineret
1361 1271 1468 1309 non
1496 1255 1737 1308 honestis
1769 1255 1947 1309 verbis
1982 1269 2142 1308 aures
2191 1269 2340 1322 prre-
2442 1260 2764 1313 daemonium
2794 1261 2971 1314 statim
2998 1261 3147 1322 abiit,
3183 1276 3240 1312 ut
3268 1264 3407 1328 quod
3443 1261 3617 1314 fuerat
3647 1259 3858 1313 homini
3924 1272 4018 1310 ve-

773 1344 902 1398 bet‘c
939 1357 1028 1400 :ct
1061 1347 1206 1416 quod
1238 1348 1305 1400 ad
1341 1362 1399 1401 se
1436 1348 1652 1410 attinet,
1678 1345 1796 1400 illas
1854 1361 2074 1415 quoque
2119 1361 2341 1400 conser-
2443 1353 2540 1405 luti
2581 1353 2824 1420 quaedam
2857 1354 3234 1421 disciplina,ct
3277 1355 3728 1408 medicamentum
3799 1355 3866 1406 ad
3932 1368 4024 1404 ex-

778 1447 930 1492 varet
998 1440 1236 1507 peccatis
1297 1440 1632 1508 superiores.
2443 1444 2639 1513 pianda
2678 1453 2899 1511 peccata
2937 1445 3002 1497 iis
3036 1483 3049 1505 ,
3086 1461 3203 1511 qua:
3233 1445 3378 1502 Dens
3403 1447 3570 1510 novit,
3624 1445 3868 1513 jttdiciis.
3930 1443 4024 1497 At-

845 1530 934 1584 Ἣ.
962 1531 1115 1584 Illum
1151 1532 1229 1586 sic
1256 1531 1549 1598 viventem,
1583 1532 1841 1601 piumque
1873 1531 1995 1585 vitae
2026 1530 2339 1584 institutum
2442 1551 2550 1604 quc
2579 1536 2718 1590 tilias
2756 1537 2972 1605 quidem
3009 1538 3206 1590 sicfuit
3293 1540 3550 1593 libet-atus
3624 1553 3652 1590 a
3719 1539 3976 1591 daemone
4009 1552 4023 1587 :

773 1630 1178 1686 ειοοτεθιὶιειην
1212 1630 1264 1675 ει
1292 1631 1437 1676 Γϐειο
1491 1638 1548 1676 se
1592 1631 1866 1693 gerentem
1930 1622 2234 1676 communis
2288 1622 2342 1674 in
2448 1630 2586 1682 Deus
2618 1638 2797 1682 autem
2834 1644 2943 1681 non
2974 1644 3216 1698 eousque
3251 1629 3698 1684 feettconsistere
3739 1630 3822 1683 sui
3879 1629 4025 1682 servi

775 1717 997 1783 regione
1021 1717 1196 1770 aliena
1228 1716 1627 1785 ﬁnisoccupat,
1657 1731 1778 1769 cum
1809 1725 1953 1769 esset
1982 1716 2200 1785 triginta
2235 1724 2344 1768 tres
2445 1723 2666 1792 gloriam
2726 1740 2740 1777 ;
2796 1739 2904 1775 imo
2972 1739 3102 1777 vero
3167 1739 3288 1776 cum
3353 1735 3607 1789 tanquam
3672 1726 3799 1776 tuba
3869 1722 4028 1774 valde

778 1822 951 1861 annos
973 1816 1156 1872 natus,
1187 1815 1240 1860 et
1271 1806 1504 1860 necdum
1535 1805 1754 1875 quidem
1806 1805 1957 1858 canis
2016 1804 2235 1871 capillos
2267 1803 2346 1854 al-
2378 1881 2402 1882 7

2378 1881 2402 1882 ί
2447 1812 2708 1876 clamans,
2767 1813 2821 1865 in
2874 1814 3073 1869 multos
3115 1821 3262 1867 esset
3311 1814 3614 1882 diSpersunt
3673 1811 4023 1872 miraculum,

776 1899 1091 1959 Defecisset.
1123 1899 1414 1952 multorum
1454 1908 1634 1951 autem
1677 1913 1840 1951 canos
1887 1906 2170 1966 superaret
2221 1911 2348 1966 pru-
2376 1881 2422 1939 Β
2453 1905 2857 1958 multitudinem
2891 1920 3100 1969 eorum,
3136 1908 3227 1973 qui
3269 1907 3584 1960 laborabant
3637 1906 3804 1957 variis
3883 1919 4031 1956 mor-

779 1992 981 2047 dentia.
1027 1991 1162 2046 Male
1186 2002 1367 2045 autem
1399 1991 2030 2055 habebatEudoeimum,
2065 2005 2171 2043 non
2202 1988 2345 2058 quati
2457 1996 2559 2058 bis,
2593 1998 2803 2049 vocavit
2829 1997 2893 2049 ad
2918 1997 3248 2064 sepulcrum,
3300 1998 3633 2067 sepulcrum,
3670 1996 3920 2063 inquam,
3963 2010 4027 2047 ex

780 2083 1026 2138 absolute
1101 2093 1424 2147 moreretur,
1451 2092 1509 2136 ut
1557 2083 1646 2151 qui
1695 2098 1792 2151 per
1845 2092 2015 2137 totam
2076 2082 2237 2134 vitam
2294 2080 2348 2134 id
2457 2101 2564 2154 quo
2590 2087 2981 2140 admirabiliter
3011 2088 3194 2141 multis
3221 2089 3676 2142 seaturiebatvita
3709 2097 3763 2142 et
3790 2088 4026 2141 curatio.

791 2185 938 2231 esset
970 2175 1277 2238 meditatus,
1316 2184 1371 2228 et
1407 2190 1565 2244 quam
1597 2190 1717 2228 eum
1749 2176 1946 2244 egisset
1978 2175 2155 2237 vitam,
2207 2187 2351 2241 qnze-
2532 2175 2665 2232 Vlll.
2705 2178 2775 2231 Ex
2810 2178 2896 2232 his
2921 2194 3046 2232 vero
3072 2195 3176 2234 una
3204 2181 3548 2249 tnulier,quae
3568 2182 3805 2233 habebat
3833 2179 4026 2240 lilium,

792 2285 916 2322 nam
949 2283 1066 2322 sors
1112 2277 1258 2322 esset
1311 2283 1433 2322 eum
1497 2278 1787 2321 consecuta
1824 2284 1838 2320 :
1871 2276 1921 2320 et
1983 2265 2179 2334 alioqui
2226 2279 2348 2318 cum
2458 2271 2614 2340 cujus
2649 2271 2844 2324 soluta:
2878 2280 3036 2325 erant
3066 2286 3281 2334 manus,
3311 2273 3510 2341 quique
3541 2286 3634 2325 eas
3663 2271 3880 2324 ferebat
3919 2285 4025 2323 non

786 2373 931 2418 esset
969 2362 1202 2430 sapiens,
1239 2376 1346 2414 non
1373 2360 1654 2430 ignorabat
1683 2361 1926 2422 omnino,
1983 2357 2157 2428 qualis
2207 2364 2352 2411 esset
2459 2378 2620 2417 secus
2650 2372 2810 2431 atque
2836 2364 2971 2430 lapis
2995 2377 3058 2415 ac
3091 2371 3439 2427 statua,cum
3467 2364 3725 2417 ardenter
3759 2363 4028 2416 accessis-

781 2456 868 2510 lex
900 2455 1041 2507 inter
1079 2453 1375 2522 composita
1404 2469 1415 2504 :
1442 2466 1638 2519 nempe
1674 2451 1816 2518 quod
1865 2466 1987 2504 cum
2047 2448 2349 2517 accepisset
2460 2464 2543 2508 set.
2573 2454 2639 2508 ad
2678 2454 3008 2523 sepulcrum,
3040 2469 3148 2508 non
3200 2455 3355 2525 longa
3417 2471 3554 2525 npus
3621 2455 3814 2508 habuit
3854 2470 4025 2516 mora,

785 2545 1128 2618 principium,
1160 2558 1390 2598 necesse
1421 2551 1566 2596 esset
1616 2541 1776 2593 linem
1805 2555 2023 2610 quoque
2056 2537 2349 2606 consequi;
2460 2562 2571 2600 non
2605 2548 2855 2617 negotiis,
2890 2563 2997 2601 non
3027 2548 3220 2602 diebus
3254 2565 3267 2600 :
3304 2547 3396 2600 sed
3433 2563 3554 2600 cuin
3589 2549 3828 2616 primum
3860 2548 4028 2612 venit,

786 2637 1136 2708 quamobrem
1173 2650 1277 2687 non
1307 2648 1428 2687 eum
1467 2631 1820 2687 conturbabat
1855 2629 2096 2699 corporis
2129 2643 2351 2698 separa-

2461 2640 2507 2692 ei
2541 2654 2699 2708 opem
2737 2641 2862 2692 tulit
2891 2641 2954 2693 ad
2983 2640 3323 2694 liberandum
3354 2655 3384 2692 a
3411 2641 3600 2694 morbo
3625 2639 3820 2705 lilium,
3848 2641 4026 2693 oleum

788 2731 881 2788 tio.
909 2729 1001 2783 sed
1029 2727 1170 2797 quod
1204 2742 1326 2781 enin
1369 2735 1594 2780 matrem
1630 2737 1738 2779 non
1794 2722 2024 2776 vidisset
2090 2720 2351 2774 cltarissi-
2461 2741 2734 2798 sumptum
2776 2746 2842 2782 ex
2878 2732 3096 2782 lucerna
3131 2732 3272 2784 beati
3307 2732 3540 2799 sepuicri
3579 2749 3592 2784 τ
3637 2747 3744 2801 quo
3771 2747 3900 2786 cum
3941 2731 4030 2784 illa

791 2838 954 2884 mam.
1011 2821 1168 2889 longe
1225 2827 1368 2872 esset
1422 2817 1814 2887 peregt‘illatus-
1852 2814 2132 2879 QuomOdO
2171 2821 2351 2865 3010f"
2462 2822 2558 2874 lilii
2590 2836 2808 2874 manum
2850 2821 3113 2881 tinxisset,
3152 2823 3283 2874 vidit
3310 2823 3492 2875 statim
3526 2838 3648 2874 eum
3693 2833 3871 2874 totum
3904 2822 4030 2874 illae-

789 2922 866 2967 est
899 2909 1296 2964 mortuus?est
1329 2909 1472 2960 enim
1522 2908 1623 2960 hoc
1678 2905 1835 2958 simul
1891 2903 2245 2972 philosophia:
2301 2907 2356 2954 et

2462 2925 2603 2974 sum,
2654 2921 2710 2966 et
2766 2920 3010 2965 utentem
3061 2912 3314 2967 manibus
3366 2911 3529 2964 simul
3583 2913 3772 2966 liberis
3829 2922 3886 2965 et
3934 2927 4028 2965 suo

791 3001 1040 3056 utilitatis
1082 2999 1368 3068 particeps.
1413 2995 1732 3066 [Egrotabat
1771 2993 1986 3063 quidem
2019 2993 2098 3046 vir
2147 2992 2256 3056 ille,
2302 2999 2355 3045 et
2465 3002 2812 3070 fungentibus
2865 3002 3062 3056 οίῃείο,
3101 3004 3253 3057 Alius
3280 3013 3458 3056 ευιειη
3503 3019 3635 3072 pucl-
3667 3007 3863 3056 eodem
3905 3004 4026 3072 qui-

792 3091 1013 3146 morbus
1040 3105 1161 3144 eum
1189 3090 1299 3156 jam
1333 3103 1396 3142 eo
1426 3087 1744 3151 deduxerat,
1781 3097 1838 3140 ut
1864 3087 2108 3139 ultimum
2172 3093 2356 3154 ageret

2463 3095 2585 3147 dem
2620 3096 2777 3146 modo
2818 3094 3068 3157 allectus,
3131 3095 3182 3148 in
3238 3095 3343 3150 hoc
3395 3111 3521 3149 vero
3573 3098 3686 3151 solo
3745 3096 4026 3160 dilIerens,

790 3184 1066 3253 Spiritum.
1095 3181 1208 3250 Ipse
1229 3196 1354 3233 vero
1381 3195 1501 3233 cum
1533 3193 1660 3234 suos
1679 3175 2353 3238 accersiissetfamiliares,
2387 3235 2427 3259 ρ
2464 3189 2604 3256 qum]
2642 3189 2805 3257 priori
2835 3190 3053 3256 quidem
3081 3204 3299 3255 manus,
3332 3190 3381 3244 ei
3416 3200 3596 3244 autem
3651 3193 3819 3259 pedes
3878 3201 4028 3244 eram

792 3276 1025 3340 primum
1060 3273 1276 3340 quidem
1312 3271 1599 3339 diligenter
1645 3267 1933 3329 mandavit.
1991 3278 2046 3322 et
2096 3284 2190 3322 eos
2237 3235 2430 3338 jurec

2468 3235 2604 3256 1""
2642 3235 2805 3257 l""’"
2837 3235 3053 3256 ‘I"""’"'
3081 3235 3299 3255 """"""7
3335 3235 3381 3244 ν’
3416 3235 3596 3244 “’““¹¹““¹¹”
3651 3235 3818 3259 Υν*“¹“’
3880 3235 4028 3244 """"

2387 3235 2430 3291 Ο
2465 3282 2889 3334 ἱιιιιιιυιηιοδεόδ
2943 3297 3074 3348 ergo
3136 3282 3299 3334 simili
3365 3284 3466 3334 (ide
3515 3284 3751 3342 oblatus,
3800 3283 4030 3334 similem

785 3363 1021 3435 jurando
1051 3362 1248 3431 adegit,
1283 3371 1339 3413 ut
1391 3375 1513 3413 eum
1581 3359 1901 3412 mandarent
1957 3361 2227 3426 sepulcro,
2280 3361 2361 3415 sic
2463 3386 2678 3439 quoque
2708 3371 3162 3425 consecutusfuit
3205 3371 3571 3423 curationem.
3628 3371 3762 3424 Nam
3807 3388 3933 3423 cum
3989 3372 4032 3424 is

791 3461 1062 3520 indutum,
1106 3465 1158 3510 et
1184 3468 1523 3522 nequaquam
1560 3451 1813 3520 inipsuin
1844 3452 2361 3518 observarent,qu:n
2463 3474 2676 3528 quoque
2741 3469 2942 3512 unctus
2994 3469 3142 3513 esset
3194 3459 3249 3512 in
3308 3461 3542 3530 pedibus
3587 3462 3711 3516 οιρο
3765 3460 4030 3523 lacerum.

793 3551 1049 3606 solentin
1104 3546 1352 3600 mortuis.
1411 3544 1615 3598 Deinde
1675 3558 1797 3597 cntn
1857 3557 2047 3596 omnes
2107 3543 2363 3611 iussisset
2464 3553 2714 3621 protinus
2744 3552 2969 3617 exsiliit,
3000 3560 3055 3606 et
3107 3552 3210 3606 fuit
3259 3568 3424 3609 causa
3481 3569 3688 3625 magna:
3737 3556 4031 3624 gratiarum

791 3648 942 3693 extra
968 3637 1109 3692 fores
1139 3636 1344 3708 egredi,
1379 3636 1492 3705 ipse
1525 3636 1698 3688 solum
1743 3635 1983 3688 inclusus
2016 3635 2104 3686 dat
2141 3653 2197 3688 se
2245 3651 2364 3688 ora-
2465 3644 2716 3706 actionis,
2803 3661 2924 3710 qua;
3005 3643 3334 3700 Querebatur
3416 3647 3520 3716 ipsi
3609 3658 3824 3709 sancio.
3937 3649 4029 3715 qui

795 3732 949 3785 tioni.
999 3730 1186 3783 Oratio
1235 3739 1414 3781 autem
1453 3735 1568 3779 erat
1604 3727 1803 3792 (audita
1843 3728 1985 3779 enim
2020 3725 2121 3779 fuit
2154 3740 2181 3779 a
2230 3741 2364 3794 quo-
2465 3744 2772 3798 curaverat,
2817 3745 2870 3788 et
2905 3735 3037 3798 Deo,
3097 3737 3187 3804 qui
3238 3737 3544 3805 praebuerat
3575 3739 3803 3808 gratiam
3865 3756 4033 3792 cura-

794 3824 940 3885 dam,
999 3820 1088 3890 qui
1153 3834 1318 3889 prope
1383 3818 1525 3872 fores
1572 3818 1954 3884 auscultabat)
2009 3827 2066 3870 tit
2131 3819 2247 3888 ejus
2297 3817 2360 3872 ad
2468 3826 2695 3877 tionum.

796 3915 961 3970 Deum
995 3927 1253 3968 excessus
1281 3919 1428 3964 esset
1473 3911 1762 3973 obscurus,
1813 3919 1867 3961 et
1921 3909 2053 3962 nulli
2090 3909 2360 3978 cognitus,
2538 3915 2627 3968 ιχ,
2667 3916 2871 3969 Rursus
2925 3925 3106 3969 autem
3172 3916 3367 3970 mulier
3425 3927 3613 3971 vexata
3678 3931 3706 3970 a
3767 3917 4032 3980 daemone,

793 4005 1065 4077 quomodo
1088 4004 1250 4056 etiam
1285 4012 1391 4055 tota
1420 4002 1530 4054 fere
1565 4003 1682 4068 ejus
1713 4003 1817 4052 vita
1849 4001 1984 4051 nulli
2019 4000 2192 4053 evasit
2250 4015 2364 4052 nia-
2470 4007 2689 4059 liberata
2723 4017 2807 4060 est
2840 4023 2868 4060 a
2902 4009 3140 4076 maligno
3174 4009 3369 4078 Spiritu
3409 4025 3528 4064 eam
3593 4020 3848 4072 vexante,
3909 4027 4028 4066 cum

795 4094 1162 4152 nifestajlum
1195 4107 1322 4146 vero
1357 4091 1457 4144 alia
1515 4105 1726 4159 quoque
1781 4090 2069 4158 adjecisset
2109 4092 2361 4156 orationi,
2467 4097 2639 4150 solum
2664 4099 2987 4149 accessisset
3042 4099 3107 4150 ad
3145 4101 3489 4165 sepulcrum.
3526 4113 3580 4156 et
3610 4104 3838 4170 pulchre
3908 4104 4035 4156 didi-

797 4197 852 4242 ενι
882 4188 1078 4259 egisset
1101 4184 1323 4256 gratias,
1355 4191 1408 4235 et
1431 4192 1706 4250 postremo
1739 4179 1969 4233 dixisset
2009 4180 2110 4233 ειη
2177 4198 2363 4234 manus
2469 4188 2654 4251 cisset,
2689 4188 3142 4256 quemadmodum
3215 4192 3300 4242 lux
3359 4195 3700 4260 persequitur
3763 4198 4031 4259 tenebras,

797 4288 913 4330 tuas
945 4274 1245 4329 commendo
1305 4273 1547 4338 spiritum
1618 4286 1790 4321 meum
1829 4269 1894 4329 ¹⁰,
1946 4286 2073 4323 vere
2121 4281 2363 4324 sanctam
2469 4291 2520 4336 et
2563 4297 2719 4349 quam
2750 4282 2820 4334 sit
2852 4280 3128 4344 terribilis,
3170 4282 3342 4336 bonus
3374 4292 3427 4335 et
3460 4294 3640 4352 gratus
3672 4299 3868 4339 servus
3899 4293 4033 4341 malo

797 4368 978 4422 emisit
1011 4367 1266 4419 animam.
1288 4364 1515 4428 Quidam
1544 4368 1726 4414 autem
1764 4373 1828 4413 ex
1856 4361 1923 4414 iis
1947 4361 2036 4430 qui
2070 4362 2367 4430 sepultura:
2469 4387 2627 4426 servo
2655 4383 2708 4424 et
2741 4372 2984 4440 fugitivo,
3014 4382 3232 4440 propter
3259 4390 3376 4426 eam
3420 4391 3538 4444 (ιυμκ
3572 4377 3619 4429 ei
3654 4391 3774 4430 eum
3808 4376 4033 4433 Domino

799 4459 918 4528 eius
941 4458 1332 4518 ἱηεεῐνίεῦ³η¹-ν
1361 4455 1529 4526 magis
1557 4454 1790 4517 -τυειίεθο
1819 4469 1978 4524 quam
2011 4455 2120 4524 Ρῖθ.
2163 4454 2215 4508 in
2265 4456 2368 4509 hoc
2471 4464 2775 4523 intercedit,
2803 4464 3242 4531 conjuncrioneni
3275 4479 3329 4518 et
3359 4467 3804 4524 familiaritatem.
3874 4471 4035 4524 Porro

799 4547 1053 4601 mandato
1081 4546 1428 4613 exsequendo
1459 4543 1662 4603 allecti,
1698 4557 1804 4594 non
1837 4543 2012 4596 solum
2041 4558 2162 4596 cum
2199 4544 2363 4597 vesti-
2405 4567 2443 4622 ο
2477 4564 2657 4606 autem
2703 4554 2793 4605 alii
2827 4569 3042 4624 quoque
3071 4555 3305 4617 muneri,
3338 4573 3454 4625 τμη
3491 4561 3632 4626 gravi
3664 4563 3861 4613 morbo
3893 4563 4035 4615 ιειδη.

801 4640 1000 4694 mentis
1027 4648 1081 4692 et
1113 4639 1331 4698 calceis.
1365 4637 1567 4707 quibus
1608 4644 1725 4690 crat
1757 4636 2001 4699 indutus.
2040 4635 2136 4690 sed
2202 4636 2366 4689 etiam
2471 4647 2642 4708 rtibtil,
2680 4645 2780 4701 luit
2821 4647 3082 4700 mirabilis
3113 4650 3321 4704 curatio
3384 4651 3580 4702 solutio
3637 4653 3875 4718 sepulcri
3923 4656 4032 4722 piti-

800 4747 923 4787 ουιη
961 4731 1237 4801 ειτηϐυιίεο
1280 4731 1334 4784 in
1391 4731 1591 4798 (ιυίιωε
1641 4729 2163 4798 ἱθοοὺλινὶηιῖεηετ·
2206 4743 2367 4796 εθβελ
2467 4738 2547 4792 vis
2619 4750 2872 4807 sumptus
2933 4755 3054 4792 cum
3115 4738 3258 4805 ﬁde,
3320 4741 3514 4796 deinde
3573 4759 3710 4811 aqua
3777 4759 4031 4812 conSper-

803 4825 883 4879 sic
968 4822 1309 4891 impositum,
1373 4820 1523 4874 humi
1580 4819 1824 4874 condunt
1871 4835 2020 4882 eum,
2084 4819 2172 4888 qui
2237 4819 2370 4873 nihil
2468 4843 2580 4891 sus,
2617 4839 2710 4883 aut
2764 4839 2821 4884 ut
2855 4830 3047 4884 melius
3112 4831 3309 4890 dicam,
3353 4835 3469 4900 ejus
3518 4835 3792 4906 lacrymis,
3846 4849 3901 4891 et
3941 4838 4034 4889 im-

804 4915 1037 4970 habebat
1068 4913 1290 4983 dignum
1325 4911 1584 4974 tenebris,
1610 4912 1756 4964 nube
1794 4911 2018 4965 omnino
2052 4911 2245 4974 solem,
2279 4919 2370 4965 aut
2469 4920 2680 4989 positus
2740 4921 2880 4988 parti
2935 4921 3205 4988 carpat-isi
3250 4938 3369 4991 qua,
3412 4925 3546 4978 "me
3575 4940 3631 4978 se
3667 4927 3922 4980 habebat.
3982 4929 4036 4978 [ι

803 5009 1006 5080 lignum
1038 5004 1590 5073 modi0.autpotiUS.
1622 5005 1664 5058 si
1701 5005 1894 5068 mavis,
1931 5004 1982 5059 in
2016 5005 2148 5060 cella
2201 5020 2369 5075 ροηδε
2477 5012 2600 5066 ideo
2661 5026 2785 5066 cum
2856 5013 3182 5068 seminasset
3239 5015 3294 5068 in
3354 5017 3605 5086 lacrymis
3653 5016 3918 5072 ferventis
3986 5021 4030 5070 in

803 5100 883 5152 ria
917 5096 1376 5167 pretiosissimum
1401 5096 1740 5160 thesaurum,
1777 5105 1832 5150 et
1873 5098 1964 5166 qui
2028 5112 2135 5149 non
2191 5106 2371 5165 potest
2476 5105 2642 5156 Deum
2704 5103 2850 5170 ﬁdei,
2899 5105 3126 5159 ntessuit
3184 5106 3595 5162 exsultationem
3633 5110 3936 5162 curationis
3975 5112 4030 5161 ".

803 5187 1068 5242 consumi.
1103 5187 1208 5242 Sed
1243 5186 1332 5260 ille
1363 5186 1438 5240 sic
1462 5187 1682 5254 quidem
1710 5186 1812 5241 fuit
1863 5187 2116 5242 conditus
2151 5205 2163 5240 :
2227 5186 2370 5243 Deus
2473 5195 2590 5249 Non
2624 5197 2810 5264 paucis
2836 5211 3050 5265 quoque
3089 5197 3206 5250 aliis
3255 5199 3392 5253 male
3444 5199 3676 5262 allectis,
3737 5202 3830 5265 qui
3889 5201 4033 5266 longe

801 5287 984 5330 autem
1004 5291 1111 5330 non
1133 5291 1327 5348 passus
1344 5283 1564 5328 esteum
1581 5276 1766 5336 latere.
1794 5277 1888 5330 sed
1914 5291 2038 5330 eum
2063 5277 2370 5333 redditma-
2475 5286 2719 5350 aberant,
2757 5289 2858 5341 tidc
2918 5297 3098 5341 autem
3127 5303 3236 5341 non
3272 5300 3422 5344 erant
3478 5291 3655 5362 longe,
3708 5291 3801 5345 hic
3865 5294 4031 5360 pulvis

803 5367 1056 5424 nifestum
1089 5383 1251 5424 causa
1275 5367 1863 5425 multorumutilitatis.
1899 5369 1987 5423 Sic
2010 5379 2189 5424 autem
2213 5371 2360 5425 facit.
2477 5375 2542 5430 ad
2577 5392 2669 5430 eos
2699 5377 2915 5442 allatus,
2951 5384 3096 5433 visus
3147 5390 3229 5433 est
3294 5392 3478 5451 aptum
3535 5382 3589 5434 in
3653 5383 3804 5436 omni
3853 5385 4032 5436 inorbo

869 5461 985 5516 VII.
1023 5461 1114 5516 Vir
1136 5464 1354 5532 quidam
1389 5479 1418 5516 a
1451 5461 1644 5528 spiritu
1669 5463 1967 5516 vexabatur
2013 5462 2368 5530 daemoniaco,
2479 5464 2953 5529 medicamentum,
2986 5467 3206 5536 etquod
3240 5469 3423 5521 multis
3450 5483 3661 5536 quoque
3682 5468 3802 5522 aliis
3869 5469 4030 5522 modis

799 5553 946 5608 Elias
971 5556 1217 5618 nomine,
1250 5569 1370 5609 cum
1398 5563 1520 5623 post
1546 5564 1778 5608 mortem
1810 5554 1986 5608 sancti
2046 5569 2151 5606 non
2215 5556 2364 5608 mulli
2478 5567 2590 5608 erat
2621 5558 3095 5625 jucundissimum.
3123 5560 3255 5611 Nam
3282 5577 3401 5614 cum
3465 5578 3552 5628 eo,
3615 5563 3760 5630 quod
3817 5562 4030 5616 curabat

801 5643 914 5699 dies
943 5647 1358 5714 prtrteriissent.
1390 5643 1635 5712 Repente
1685 5644 1894 5698 accedit
1935 5644 2002 5698 ad
2035 5645 2363 5714 sepulcrum,
2479 5649 2800 5717 certissime,
2883 5651 3112 5705 habebat
3167 5653 3328 5706 etiam
3393 5653 3748 5719 celeritatem,
3810 5666 3865 5710 et
3918 5668 4026 5708 cum

908 5821 950 5853 ⁸ο
981 5819 1124 5878 Psal.
1162 5837 1292 5886 xxx,
1315 5821 1366 5875 6.
1481 5822 1519 5852 ¹¹
1554 5819 1697 5877 Psal.
1730 5835 1888 5885 cxxv,
1922 5819 1974 5873 5.
