4158 6500
773 450 877 512 495

2091 453 2370 515 MENSIS
2409 455 2438 515 J
2454 455 2576 516 UIJ
2592 455 2703 518 US.
3928 457 4020 521 496

770 565 1139 649 conﬁrmanda
1171 566 1582 623 validissimum.
1608 567 1804 623 Decem
1847 576 1901 622 et
1949 575 2071 623 octo
2107 581 2342 621 menses
2379 576 2419 630 Α
2452 568 2838 623 miraculorum
2870 569 3005 624 tales
3061 570 3306 625 ostendit
3339 571 3570 626 radios?
3616 572 3695 627 Ex
3723 580 3777 626 te
3801 571 4020 640 pulcher

770 661 1144 730 praterierant
1165 668 1285 730 post
1312 669 1566 727 mortem,
1590 663 1750 731 etqui
1780 670 1859 716 tot
1897 669 2024 714 ante
2061 659 2179 714 dies
2225 668 2343 714 erat

770 768 1037 821 mortuus,
1063 755 1267 810 nullum
1293 754 1487 810 habuit
1518 755 1755 825 signum,
1787 768 1896 808 non
1944 753 2191 824 corporis
2240 751 2345 807 ilu-

770 848 1007 914 xionem,
1031 863 1136 904 non
1151 847 1489 918 compaginis
1504 845 1858 913 solutionem,
1877 860 1984 900 non
2003 845 2185 900 carnis
2204 859 2336 900 cono

768 941 1157 1011 sumptionem,
1179 955 1286 993 non
1322 939 1622 1008 nigrorem,
1644 953 1751 992 non
1782 936 1989 1003 aliquid
2013 938 2157 1008 quod
2192 947 2341 992 esset

766 1033 1075 1094 evanidum,
1110 1029 1370 1099 autquod
1425 1030 1801 1094 emarcuisset,
1869 1039 1924 1084 et
1980 1038 2128 1084 esset
2165 1029 2337 1098 lique-

766 1126 965 1186 factum
995 1142 1008 1178 ε
1045 1125 1138 1179 sed
1177 1132 1321 1177 totus
1353 1123 1635 1179 videbatur
1687 1137 1904 1187 recens,
1939 1122 2169 1192 perinde
2204 1135 2269 1175 ac
2292 1120 2338 1174 si

765 1233 941 1288 nuper
982 1232 1103 1271 eum
1149 1217 1460 1284 reliquisset
1489 1216 1691 1269 anima.
1722 1213 2128 1284 Propemodum
2185 1212 2335 1267 vide-

765 1313 960 1366 bantur
991 1324 1112 1364 esse
1143 1309 1384 1363 membra
1417 1323 1537 1363 eum
1566 1317 1736 1373 motu,
1767 1322 1920 1379 gena:
1945 1322 2069 1361 cum
2116 1305 2335 1371 rubore,

763 1405 913 1460 labra
937 1418 1060 1458 cum
1088 1401 1239 1466 ﬂore,
1279 1416 1341 1456 os
1369 1416 1495 1457 cum
1537 1399 1809 1453 anhelitu.
1837 1397 2245 1461 Existimasses,
2283 1399 2338 1451 te

764 1511 892 1552 eum
949 1496 1174 1550 omnino
1227 1493 1412 1546 videre
1468 1507 1578 1546 non
1636 1500 1936 1555 mortuum,
1995 1490 2092 1544 sed
2161 1488 2340 1558 potius

763 1587 1148 1651 dormientem,
1172 1594 1266 1638 aut
1294 1584 1532 1654 seipsum
1562 1582 1927 1651 colligentem,
1954 1591 2008 1637 et
2028 1581 2340 1652 diligentius

764 1680 962 1750 aliquid
997 1679 1368 1732 meditantem.
1400 1676 1569 1730 Porro
1604 1673 2170 1744 autemipsaatunicze,
2207 1673 2339 1743 ipsze

762 1784 938 1828 vestes
967 1771 1213 1843 stragula:
1251 1770 1386 1825 adeo
1439 1778 1595 1823 erant
1643 1771 1869 1837 integra:
1903 1775 1958 1820 et
2017 1766 2216 1829 illaesa,
2281 1777 2336 1820 et

764 1867 911 1919 nullo
940 1866 1268 1919 detrimento
1315 1860 1520 1914 affecta:
1567 1860 1732 1932 (quod
1788 1857 1983 1913 attinet
2030 1856 2097 1911 ad
2153 1858 2338 1926 sepul-

2453 660 2670 729 quidem
2696 662 3021 731 germinavit
3059 665 3291 732 palmes,
3318 664 3414 719 sed
3441 665 3581 732 apud
3627 681 3727 719 nos
3769 665 4018 734 produxit

2453 752 2639 806 botros
2665 752 3075 819 miraculorum,
3109 763 3164 809 et
3187 754 3238 809 ei
3261 755 3487 824 placuit,
3513 767 3571 810 ut
3597 772 3696 811 nos
3720 759 4020 810 frueremur

2452 851 2633 896 musto
2697 842 2994 913 gratiarum
3056 853 3110 897 et
3149 844 3521 899 curationum.
3576 846 3698 900 Non
3735 856 3858 900 erat
3918 847 4020 901 Deo

2451 932 2688 997 difﬁcile,
2708 934 2752 987 si
2773 933 2913 989 unde
2930 935 3214 1004 processit,
3240 952 3363 991 eum
3389 937 3650 992 voluisset
3682 937 3815 992 illuc
3843 953 4020 992 rursus

2451 1025 2748 1081 divertere.
2780 1026 2856 1080 Ne
2892 1027 3129 1081 videaris
3153 1043 3282 1098 ergo
3342 1044 3639 1099 repugnare
3669 1030 3885 1099 judicio
3935 1030 4020 1082 Dei

2451 1127 2505 1173 et
2536 1117 2826 1181 voluntati,
2859 1133 3041 1189 neque
3072 1119 3232 1174 nobis
3261 1119 3474 1174 divinas
3498 1122 3699 1192 gratias
3758 1122 4019 1176 invideas.

2450 1209 2526 1265 Ne
2559 1225 2661 1266 nos
2693 1209 2841 1265 fonte
2875 1212 3203 1281 privaveris,
3236 1213 3328 1282 qui
3363 1228 3472 1266 non
3513 1213 3672 1267 nobis
3725 1214 3885 1276 solis,
3934 1217 4020 1268 sed

2449 1303 2611 1357 etiam
2640 1301 3003 1356 communiter
3031 1301 3286 1356 omnibus
3319 1303 3486 1356 estad
3507 1301 3800 1357 fruendum
3835 1318 4024 1373 propo-

2448 1393 2609 1448 situs.
2660 1393 2740 1448 Ad
2799 1395 3028 1463 gloriam
3085 1395 3180 1448 tibi
3206 1393 3430 1460 suilicit,
3485 1394 3632 1465 quod
3692 1397 3816 1464 ejus
3859 1406 4024 1450 mater

2448 1489 2789 1556 apparueris,
2833 1488 3072 1558 decujus
3102 1489 3264 1542 etiam
3317 1495 3536 1542 mortuo
3585 1501 3823 1554 corpore
3887 1497 4023 1540 tanta

2447 1589 2530 1634 est
2582 1582 2883 1637 contentio.
2957 1579 3066 1634 Nos
3123 1585 3276 1650 prius
3296 1596 3362 1634 ex
3416 1581 3518 1634 hac
3547 1579 3789 1647 expelles
3833 1579 4024 1648 patria,

2447 1687 2608 1741 quam
2637 1673 2740 1728 hoc
2773 1674 2918 1729 bono
2947 1663 3108 1729 nobis
3140 1690 3170 1730 a
3230 1673 3342 1728 Deo
3381 1674 3508 1728 dato
3555 1682 3803 1728 nostram
3849 1673 4026 1742 prives

2446 1767 2701 1837 patriam.
2745 1766 2837 1819 illa
2871 1777 3160 1836 postquam
3202 1766 3318 1820 haec
3352 1765 3633 1828 audiisset,
3671 1766 3860 1819 sciens
3912 1779 4025 1818 esse

2448 1854 2552 1908 sibi
2612 1854 2832 1923 aliquod
2919 1855 3225 1926 sapientius
3295 1854 3624 1924 capiendum
3709 1855 4023 1918 consilium,

763 1956 964 2026 turam)
985 1966 1144 2024 atque
1173 1955 1214 2008 si
1239 1953 1473 2008 fuissent
1505 1952 1695 2021 positae
1733 1950 1788 2005 in
1815 1965 1958 2014 arca,
2014 1958 2069 2004 et
2096 1948 2331 2019 diligen-
2364 1935 2408 1994 Β
2442 1947 2669 2016 quievit.
2701 1947 2908 2002 Deinde
2946 1958 3127 2004 autem
3161 1948 3560 2017 cumjussisset
3589 1962 3787 2002 omnes
3827 1947 4024 2012 valere,

762 2061 842 2104 ter
870 2047 1172 2104 custoditae.
1217 2043 1311 2098 Est
1343 2045 1575 2097 mortuis
1605 2042 1928 2111 corporibus
1958 2054 2027 2093 ex
2084 2053 2144 2094 se
2202 2037 2336 2108 quid

762 2139 1114 2212 iniucundum
1144 2153 1206 2191 ac
1241 2145 1463 2189 tetrum.
1520 2134 1615 2188 Est
1653 2132 1895 2186 vestibus
1949 2145 2164 2200 quoque
2217 2144 2338 2198 qum

761 2235 920 2304 longo
952 2229 1524 2301 temporcjaeuerunt,
1564 2233 1618 2279 et
1658 2224 1780 2278 aliis
1832 2221 2097 2294 ejusmodi
2163 2220 2338 2274 malus

760 2327 979 2399 quidam
1007 2324 1163 2388 odor,
1194 2332 1249 2376 et
1273 2323 1364 2390 qui
1401 2310 1633 2375 oﬂcndit
1668 2317 1977 2375 odoratum.
2009 2315 2124 2370 illic
2151 2323 2335 2368 autem

758 2419 894 2475 nihil
918 2415 1212 2490 ejusmodi,
1241 2417 1334 2469 sed
1368 2417 1543 2468 bonus
1572 2411 1731 2474 odor,
1767 2419 1821 2463 et
1843 2408 2042 2479 gratia,
2083 2416 2138 2461 et
2183 2406 2335 2460 dele-

759 2513 944 2577 ctatio,
976 2519 1230 2581 tanquam
1253 2521 1363 2562 non
1401 2503 1617 2575 aliquod
1649 2501 1960 2572 sepulcrum
1988 2507 2044 2553 et
2096 2498 2332 2559 loculus.

759 2607 854 2661 sed
882 2604 1071 2658 hortus
1110 2609 1254 2656 esset
1273 2607 1519 2670 apertus.
1551 2594 1861 2648 Probantur
1886 2607 1948 2646 ea
1994 2605 2116 2662 quae
2188 2588 2335 2644 dicta

757 2709 906 2758 sunt.
941 2707 997 2753 et
1026 2693 1171 2765 quod
1201 2704 1400 2762 corpus
1435 2696 1581 2744 esset
1612 2686 1792 2741 adhuc
1825 2684 2099 2755 integrum
2143 2693 2199 2738 et
2244 2697 2333 2737 re-

755 2803 906 2854 cens,
941 2802 1005 2842 ex
1027 2787 1131 2841 hoc
1160 2782 1306 2855 quod
1329 2780 1594 2851 sequitur.

827 2880 967 2937 XIV.
999 2877 1231 2944 Quidam
1267 2872 1595 2936 monachus,
1625 2870 1830 2938 Joseph
1873 2868 2116 2932 nomine,
2155 2879 2334 2920 sacer-

756 2979 876 3043 dos,
895 2984 947 3030 et
961 2975 1051 3043 qui
1071 2969 1257 3042 pietati
1276 2968 1554 3029 studebat,
1582 2979 1704 3018 cum
1730 2973 1862 3016 tunc
1881 2961 2118 3026 adesset,
2144 2958 2331 3029 subje-

755 3066 858 3120 ctis
884 3062 1156 3125 manibus,
1187 3068 1241 3113 et
1266 3057 1550 3125 amplexus
1570 3062 1869 3115 mortuum,
1895 3052 2197 3106 conabatur
2222 3048 2333 3104 eri-

754 3155 1002 3228 gere.llle
1021 3161 1203 3208 autem
1235 3150 1529 3206 cedebatet
1547 3146 1841 3200 videbatur
1864 3158 2078 3212 parere,
2106 3153 2160 3195 et
2182 3141 2330 3210 seip-

757 3265 878 3305 sum
932 3247 1170 3301 tradere.
1190 3244 1616 3309 Erectusitaque
1637 3236 1736 3290 fuit
1756 3235 1941 3290 virille
1975 3234 2326 3298 admirabilis,

754 3337 998 3393 articulis
1031 3331 1458 3403 etcompagibus
1484 3340 1630 3382 recte
1659 3327 1804 3381 inter
1826 3339 1951 3380 sese
1975 3324 2329 3378 habentibus.

755 3428 907 3497 Quod
938 3443 1062 3481 cum
1096 3425 1317 3480 vidisset
1349 3421 1649 3492 presbyter,
1685 3429 1740 3474 et
1778 3429 1928 3474 metu
1959 3427 2103 3471 esset
2154 3415 2334 3485 reple-

757 3534 863 3585 tus,
898 3517 1102 3587 rogavit
1147 3525 1206 3570 ut
1236 3514 1582 3585 permitteret
1612 3527 1673 3565 ea
1715 3509 1953 3571 auferre,
1987 3507 2185 3574 quibus
2217 3515 2333 3558 erat

754 3609 999 3663 indutus.
1029 3605 1150 3674 lpsc
1185 3611 1368 3657 autem
1391 3616 1584 3655 rursus
1608 3600 1809 3670 paruit,
1837 3607 1892 3652 ct
1955 3612 2147 3650 manus
2172 3594 2334 3648 remi-

753 3703 823 3757 sit
861 3697 1183 3770 presbytero
1207 3703 1262 3750 et
1320 3693 1512 3764 pedes,
1558 3692 1705 3746 utiis
1730 3699 1979 3744 uteretur
2036 3695 2093 3740 ut
2150 3687 2328 3738 vellet.

752 3792 915 3846 Exuit
962 3804 1091 3859 ergo
1142 3802 1268 3842 eum
1318 3785 1578 3839 sacerdos
1630 3781 1840 3845 tunica,
1895 3788 1951 3834 et
1998 3794 2125 3833 eum
2155 3776 2327 3831 altera

752 3883 948 3942 induit.
972 3883 1015 3936 Δ
1047 3879 1275 3951 pedibus
1325 3891 1453 3931 vero
1491 3882 1707 3930 amovet
1734 3887 1842 3927 non
1882 3873 2056 3927 solum
2089 3874 2328 3936 calceos,

751 3980 844 4034 sed
878 3992 942 4032 ea
970 3974 1159 4038 etiam,
1187 3987 1308 4042 qua:
1352 3971 1504 4024 intus
1532 3976 1690 4025 erant
1742 3982 1806 4023 ex
1866 3967 2044 4022 serico
2073 3967 2326 4034 imposita

751 4073 1002 4144 pedibus.
1028 4069 1154 4126 Ηξεο
1193 4081 1322 4138 ergo
1376 4067 1559 4121 omnia
1613 4075 1721 4117 tam
1757 4062 1915 4115 facile
1951 4060 2099 4123 fecit,
2123 4069 2177 4114 et
2197 4059 2330 4112 citra

753 4163 921 4218 ullum
966 4161 1228 4225 laborem,
1319 4155 1548 4225 perinde
1598 4170 1662 4209 ac
1693 4156 1736 4209 si
1798 4153 1890 4208 ille
1933 4167 2095 4223 opem
2162 4150 2332 4205 ferret

751 4254 1046 4318 sacerdoti,
1110 4261 1164 4307 et
1250 4267 1312 4307 se
1386 4250 1650 4313 traderet,
1750 4256 1810 4302 ut
1891 4261 1956 4301 eo
2042 4244 2330 4299 commode

752 4350 825 4403 uti
853 4356 1058 4418 posset.
1122 4343 1330 4398 Deinde
1395 4356 1522 4395 eum
1588 4354 1787 4393 rursus
1842 4337 2076 4391 reclinat
2131 4336 2188 4388 in
2242 4350 2327 4396 ea,

750 4459 852 4513 qua
886 4441 1037 4510 prius
1093 4446 1230 4503 erat,
1283 4435 1489 4505 ﬁgura:
1546 4432 1682 4487 adeo
1713 4441 1769 4486 ut
1825 4431 1881 4485 id
1922 4439 2094 4485 totum
2146 4427 2330 4482 divino

751 4538 954 4590 factum
1033 4531 1105 4587 sit
1182 4527 1441 4590 consilio,
1501 4525 1648 4596 quod
1700 4525 1780 4578 sic
1831 4523 2081 4594 sepultus
2141 4519 2326 4584 fuerit,

2441 2039 2664 2095 domum
2701 2043 3018 2096 revertitur.
3054 2043 3148 2097 llle
3173 2058 3302 2098 vero
3332 2043 3453 2112 pius
3504 2044 3559 2096 in
3594 2043 3790 2112 primis
3838 2053 4026 2097 mona-

2440 2133 2580 2188 chus
2608 2142 2665 2188 et
2679 2134 3040 2199 sacerdos,de
3058 2150 3166 2202 quo
3189 2135 3338 2205 prius
3367 2135 3620 2200 diximus,
3663 2149 3792 2189 cum
3811 2147 4024 2190 reman-

2441 2227 2622 2304 sisset,
2657 2237 2712 2282 et
2739 2228 2951 2283 dierum
3039 2229 3394 2284 multitudine
3433 2244 3652 2284 omnem
3701 2229 4028 2298 expulsisset

2438 2322 2830 2392 suspicionem,
2855 2333 2910 2376 et
2937 2323 2992 2377 in
3015 2339 3078 2378 eo
3101 2323 3459 2378 custodiendo
3475 2323 3753 2378 eil‘ecisset
3773 2322 4024 2379 custodes

2440 2413 2812 2477 socordiores,
2871 2423 3040 2467 noctu
3089 2415 3388 2483 ingressus,
3422 2415 3669 2469 divinum
3724 2412 4026 2469 suil'uratus

2441 2511 2524 2557 est
2554 2505 2898 2570 thesaurum,
2921 2516 2973 2559 et
3006 2522 3128 2560 eum
3163 2506 3312 2560 furto
3332 2506 3562 2575 aufugit.
3614 2506 3722 2560 Sed
3755 2507 3901 2561 odor
3930 2506 4028 2559 mi-

2441 2597 2753 2652 raculorum
2789 2598 3036 2653 ostendit
3069 2609 3437 2670 unguentum,
3457 2599 3605 2670 quod
3635 2599 3944 2663 celabatur,
3974 2608 4025 2652 et

2440 2691 2759 2749 morborum
2792 2694 3007 2748 curatio
3036 2692 3137 2748 fuit
3173 2693 3304 2748 furti
3338 2691 3668 2749 accusatrix.

2509 2781 2648 2836 XVI.
2681 2781 2876 2837 Mulier
2909 2786 3056 2838 enim
3095 2789 3368 2852 quaedam,
3402 2788 3532 2840 dum
3577 2786 3702 2840 isin
3734 2787 3827 2842 via
3853 2786 4026 2842 ferre-

2440 2882 2548 2938 tur,
2571 2882 2626 2928 et
2651 2875 2888 2944 quicum
2920 2875 3169 2932 ferebant
3216 2880 3271 2931 in
3299 2879 3560 2947 quodam,
3632 2888 3693 2932 ut
3746 2891 3836 2933 est
3899 2893 4026 2935 con-

2439 2975 2788 3029 sentaneum,
2837 2968 3039 3023 vellent
3066 2969 3188 3024 loco
3217 2970 3600 3040 requiescere:
3627 2971 3744 3035 illa,
3777 2971 4026 3040 inquam,

2438 3071 2561 3110 cum
2595 3072 2624 3110 a
2661 3058 2897 3130 maligno
2924 3070 3218 3116 vexaretur
3236 3061 3455 3131 Spiritu,
3490 3065 3545 3116 in
3571 3063 3815 3118 loculum
3839 3064 4024 3127 irruit,

2439 3159 2492 3204 et
2513 3151 2984 3220 graviterinsiliit,
3018 3162 3072 3206 et
3091 3155 3260 3208 veluti
3286 3170 3316 3208 a
3341 3171 3538 3227 magno
3561 3155 3731 3210 ﬂuctu
3763 3157 3874 3212 fuit
3898 3173 4026 3212 exa-

2437 3241 2624 3309 gitata.
2688 3243 2895 3299 Deinde
2945 3261 3068 3300 cum
3157 3256 3409 3302 sanctum
3461 3249 3800 3317 turpissimis
3880 3259 4029 3304 esset

2436 3329 2697 3387 insectata
2734 3336 3056 3400 maledictis,
3098 3351 3208 3389 non
3256 3335 3350 3389 illa
3397 3337 3614 3406 quidem
3639 3341 3900 3403 omnino,
3935 3339 4028 3394 sed

2435 3424 2525 3488 qui
2561 3439 2680 3479 eam
2730 3427 3097 3492 inhabitabat,
3149 3442 3315 3496 quem
3370 3427 3747 3483 adversarium
3795 3430 4028 3498 dixeris,

2436 3522 2593 3579 fortis
2625 3522 2715 3576 ille
2747 3523 2816 3576 ab
2848 3538 2914 3576 eo
2947 3538 3248 3591 percussus
3283 3524 3535 3587 recessit,
3563 3524 3755 3580 abiens
3789 3527 3846 3579 in
3889 3525 4026 3589 ioca,

2434 3619 2501 3672 ad
2531 3631 2650 3687 qua
2682 3631 2711 3670 a
2752 3615 2863 3670 Deo
2895 3615 3075 3670 fuerat
3098 3616 3524 3673 condemnatus.
3553 3617 3646 3672 Illa
3665 3631 3858 3674 autem
3897 3636 4027 3674 sana

2434 3712 2651 3764 domum
2678 3722 2868 3761 rursus
2910 3715 2994 3761 est
3045 3722 3290 3761 reversa.
3354 3709 3470 3762 Non
3529 3709 3750 3778 longum
3809 3721 4026 3780 tempus

2435 3802 2838 3863 intercesserat,
2870 3806 2924 3852 et
2976 3797 3126 3868 virgo
3159 3797 3409 3866 quaedam
3441 3799 3694 3867 praelecta
3746 3811 4028 3854 monaste-

2434 3892 2520 3956 rii,
2544 3889 2688 3960 quod
2743 3889 3039 3942 vocabatur
3070 3888 3435 3949 Mantineum,
3482 3902 3605 3941 cum
3637 3898 3862 3943 secreto
3893 3905 4031 3960 quo-

2433 3985 2558 4039 dam
2585 3994 2636 4037 et
2662 3981 2813 4054 gravi
2845 3979 3037 4036 morbo
3058 3979 3356 4046 laboraret,
3376 3989 3432 4035 et
3459 3995 3568 4037 non
3592 3991 3776 4050 posset
3806 3999 4027 4052 graves,

2432 4090 2566 4144 quos
2602 4072 2876 4129 sentiebat
2904 4087 2972 4127 ex
3004 4087 3090 4138 eo,
3122 4070 3265 4125 ferre
3290 4073 3530 4135 dolores,
3559 4088 3680 4127 cum
3711 4075 4030 4129 reseivisset

2435 4165 2565 4219 illud
2600 4174 2878 4218 mortuum
2938 4165 3107 4218 vitam
3161 4162 3402 4219 aiierens
3463 4177 3662 4234 corpus
3698 4163 3916 4231 aﬂ'erri,
3976 4177 4027 4221 et

2435 4270 2632 4326 magna
2664 4254 2770 4310 fide
2804 4253 3040 4311 etanimi
3061 4254 3260 4311 ardore
3312 4255 3362 4310 ei
3425 4254 3566 4309 facta
3624 4255 3873 4322 obviam,
3913 4270 4030 4312 tan-

2433 4363 2595 4415 quam
2625 4348 2832 4402 viventi
2864 4355 2919 4402 et
2948 4348 3189 4403 audienti
3221 4358 3415 4404 sancto
3440 4348 3505 4403 ad
3537 4347 3780 4403 loculum
3805 4349 3860 4404 ei
3880 4366 4030 4405 mor-

2433 4441 2560 4494 bum
2596 4439 2845 4503 dixisset,
2899 4438 3141 4494 ardentis
3204 4438 3332 4494 fidei
3373 4438 3706 4506 mercedem.
3785 4445 4026 4501 celerem

2433 4530 2644 4586 invenit
2673 4532 3035 4586 curationem.
3070 4529 3355 4600 Ejusmodi
3391 4533 3648 4588 miracula
3713 4533 3955 4599 faciens,
3975 4544 4030 4590 et

751 4639 810 4684 ut
847 4637 964 4683 erat
1010 4633 1172 4678 antea
1203 4640 1216 4676 :
1247 4628 1308 4675 ut
1371 4620 1455 4675 vel
1526 4634 1593 4673 ex
1644 4617 1748 4672 hoc
1787 4625 1932 4673 esset
1982 4613 2326 4667 manifestum
2359 4627 2406 4685 ι)
2433 4641 2552 4681 eam
2580 4639 2609 4678 ο
2650 4622 2761 4678 Deo
2785 4625 3012 4694 gloriam
3045 4625 3380 4696 adipiscens,
3425 4627 3743 4698 Byzantium
3797 4630 4026 4686 tandem

746 4723 1020 4782 omnibus,
1064 4715 1209 4787 quod
1270 4723 1395 4784 post
1477 4710 1816 4782 sepulturam
1891 4705 2152 4761 manserit
2203 4721 2328 4758 cor-

747 4831 850 4884 pus
932 4811 1210 4881 potentius
1289 4807 1516 4862 interitu
1587 4812 1642 4859 et
1715 4802 2099 4858 dissolutione.
2169 4796 2326 4862 Quod

748 4907 964 4978 quidem
989 4905 1164 4958 visum
1190 4901 1376 4955 multis
1410 4899 1757 4955 daemonibus
1801 4905 1857 4950 et
1902 4897 2112 4952 morbis
2161 4912 2327 4952 causa

751 5002 872 5065 fuit,
903 5007 962 5052 ut
1005 4997 1302 5065 fugerent;
1348 5000 1405 5046 et
1431 4991 1655 5044 merito.
1702 4991 1759 5042 Si
1804 4990 1951 5042 enim
2003 4990 2163 5042 etiam
2204 5005 2327 5044 cum

749 5103 896 5144 esset
919 5089 1269 5150 absconsum,
1299 5091 1415 5138 erat
1435 5081 1517 5137 eis
1547 5079 1814 5145 terribile,
1845 5088 2133 5149 postquam
2154 5095 2327 5150 appa-

753 5183 859 5236 ruit
883 5178 1156 5249 quomodo
1188 5189 1298 5231 non
1336 5184 1482 5230 esset
1538 5173 1831 5243 ejusmodi,
1885 5183 1942 5226 ut
1990 5187 2098 5225 non
2149 5181 2328 5240 posset

751 5271 975 5326 omnino
995 5266 1295 5323 sustineri?

823 5361 936 5416 XV.
960 5360 1098 5427 Quid
1141 5359 1405 5431 posthaec
1439 5369 1522 5413 est
1550 5366 1907 5414 consecutum
1941 5358 1964 5411 ἲ
2019 5357 2329 5412 Contende-

752 5457 842 5509 bat
871 5461 1065 5516 mater,
1097 5465 1253 5508 sacro
1284 5449 1499 5506 sublato
1539 5464 1791 5518 corpore.
1821 5451 2041 5505 demum
2100 5453 2325 5506 reverti.

754 5548 877 5602 Haec
898 5544 1067 5609 enim,
1089 5543 1319 5608 dicebat,
1349 5544 1505 5599 stella
1545 5559 1612 5599 ex
1640 5558 1758 5598 meo
1794 5556 1983 5598 ventre
2038 5559 2156 5600 orta
2221 5554 2324 5598 est.

751 5642 853 5706 Qui
891 5648 1069 5693 autem
1094 5636 1147 5689 in
1174 5649 1235 5688 ea
1266 5634 1584 5690 habitabant
1627 5635 1872 5705 regione.
1924 5637 2327 5690 contendebant

755 5749 860 5787 non
890 5729 1215 5790 concedere.
1257 5735 1315 5779 ut
1348 5727 1399 5778 id
1421 5727 1826 5798 aggrederetur,
1859 5728 1997 5780 Nam
2022 5729 2150 5794 etsi,
2177 5727 2325 5782 dieeo

754 5826 908 5887 bant,
936 5836 1000 5876 ex
1026 5828 1076 5874 te
1105 5817 1372 5890 processit
1397 5817 1484 5872 illa
1506 5817 1680 5882 stella,
1711 5819 1953 5873 cernitur
1982 5826 2161 5872 tamen
2187 5819 2326 5888 apud

755 5933 849 5975 nos
865 5917 1150 5975 occidisse.
1171 5913 1598 5984 Quornodo'ergo
1623 5926 1744 5968 eum
1765 5931 1793 5970 a
1811 5914 1968 5968 nobis
1981 5914 2219 5979 auferes,
2238 5914 2326 5982 qui

2426 4717 2797 4776 introducitur
2846 4732 3048 4788 corpus
3121 4720 3442 4788 parentibus
3522 4721 4024 4791 iucundissimum,

2430 4810 2862 4880 mortalibusque
2895 4809 3274 4879 utilissimum,
3311 4813 3467 4868 malis
3499 4814 3791 4882 spiritibus
3823 4825 4026 4884 poten-

2431 4904 2558 4965 tius,
2588 4900 3004 4967 aegritudinibus
3032 4911 3087 4956 et
3115 4905 3321 4958 morbis
3349 4903 3602 4970 validius,
3640 4905 4026 4964 medicamen-

2433 5004 2548 5047 tum
2583 5006 2706 5046 verc
2737 4992 3158 5062 inexpugnabile
3191 5010 3205 5048 :
3253 5010 3432 5065 neque
3465 4997 3655 5054 valens
3694 4999 3882 5054 solum
3923 5002 4025 5057 ad-

2431 5099 2622 5137 versus
2659 5099 2824 5139 unum
2859 5083 3132 5147 morbum,
3161 5085 3277 5150 sed,
3321 5097 3378 5142 ut
3407 5087 3575 5142 semel
3623 5084 3826 5155 dicam.
3888 5091 4026 5145 resi-

2431 5187 2581 5230 stens
2607 5175 2880 5228 omnibus.

2503 5271 2674 5323 Mater
2697 5281 2826 5336 ergo
2861 5268 2979 5322 la:ta
3005 5268 3096 5322 tali
3131 5268 3308 5322 reditu
3349 5267 3464 5334 lilii,
3491 5279 3546 5325 et
3572 5269 3734 5325 simul
3761 5281 3932 5334 caput
3968 5273 4024 5327 in

2430 5363 2650 5417 Christo
2677 5359 2887 5425 tollens,
2932 5360 3387 5430 splendoremque
3443 5370 3499 5415 et
3547 5352 4024 5432 magnificentiam

2432 5454 2485 5506 in
2540 5465 2787 5521 tempore
2864 5452 3187 5518 ostendens,
3257 5451 3468 5522 argenti
3529 5468 3727 5523 magno
3785 5468 4023 5527 sumptu

2430 5561 2646 5615 capsam
2682 5545 2898 5598 induit:
2935 5561 3040 5601 non
3067 5548 3242 5600 solum
3285 5545 3338 5599 id
3372 5545 3600 5612 faciens,
3662 5557 3930 5618 tanquam
3967 5553 4024 5605 in

2431 5639 2656 5708 gratiam
2697 5637 2808 5698 filii,
2842 5639 2933 5691 sed
2964 5653 3087 5692 eum
3121 5636 3348 5692 studens
3396 5640 3685 5704 honorare,
3752 5650 4026 5713 tanquam

2434 5730 2526 5783 Dei
2564 5728 2798 5782 amicum
2833 5747 2844 5783 :
2905 5738 2960 5780 ut
2997 5726 3126 5780 illud
3186 5729 3406 5796 quidem
3442 5737 3588 5784 esset
3647 5741 3881 5794 natum,
3916 5735 4030 5789 hoc

2433 5838 2562 5875 vero
2597 5821 2667 5889 pii
2700 5819 2890 5884 animi,
2918 5830 2970 5872 et
3000 5821 3199 5874 mentis
3227 5819 3399 5874 Deum
3458 5823 3713 5877 amantis.
3755 5823 3894 5877 Cum
3938 5826 4028 5879 sic

2433 5929 2561 5984 ergo
2599 5926 2814 5981 Capsam
2853 5923 3077 5982 argento
3107 5924 3363 5984 parentes
3391 5917 3580 5985 Optimi
3609 5917 4023 5976 circumdedis-
