4158 6540
127 475 222 539 ι91
875 485 1337 548 MARTYRlUM
1379 488 1429 547 S.
1479 487 1774 549 SOPHIE
1816 492 1904 550 ΕΓ
1952 493 2322 554 FlLiARUM
2368 494 2564 554 EJUS.
3272 494 3375 552 4υὸ

125 598 260 654 sent,
293 592 401 646 hoc
426 609 557 648 vere
587 609 799 651 sacrum
842 597 1101 666 templum
1159 597 1441 667 deponunt
1467 599 1521 652 in
1576 600 1698 670 pul-
1728 608 1774 665 Α
1803 615 1991 655 πηοτιυς
2023 599 2297 670 fugantur,
2330 601 2501 655 morhi
2534 601 2838 664 solvuntur,
2870 609 2922 655 et
2944 600 3084 655 Deus
3113 600 3167 653 in
3200 604 3376 654 omni-

122 679 249 734 ebro
267 685 503 752 templo,
528 687 671 754 quod
702 687 799 756 ipsi
819 687 1057 757 Deiparze
1075 697 1521 753 construxerant,
1546 705 1699 746 com-
1809 691 1929 753 bus,
1962 700 2015 746 et
2043 707 2141 763 per
2171 693 2354 747 omnia
2383 693 3022 764 gloriﬁcatur.Quoniam
3060 707 3184 745 enm
3217 690 3378 746 decet

119 785 310 826 munes
341 774 663 832 hominibus
691 778 866 834 eﬁ'ecti
899 779 1296 844 benefactores,
1333 781 1461 836 dato
1532 783 1699 849 dono,
1808 784 1986 838 omnis
2015 784 2206 853 gloria,
2241 786 2417 840 honor
2447 796 2501 840 et
2530 784 2796 849 adoratio,
2846 798 2994 838 nunc
3047 790 3103 838 et
3161 795 3379 853 semper

115 864 254 931 quod
283 869 612 923 extenditur
640 870 692 923 in
737 872 1126 940 sempiternum
1165 888 1180 924 :
1214 887 1310 942 per
1377 888 1536 944 quem
1590 875 1700 930 da—
1807 887 1862 931 et
1902 878 1956 930 in
1992 879 2185 939 saecula
2203 879 2552 933 smculorum.
2582 879 2774 931 Amen.

816 1148 1524 1304 MENSIS
1643 1148 2706 1309 AUGUSTUS.

764 1495 1406 1591 ΜΑΡΤΥΡΙΟΝ
1479 1501 1709 1588 ΤΩΝ

1841 1499 2127 1587 ιΓΙΩΝ
2200 1491 2770 1587 ΓΥΝᾸΙΚΩΝ

1456 1658 2082 1795 ΣΟΦΙΑΣ

1287 1856 1410 1912 ΚΑΙ
1441 1853 1578 1910 ΤΩΝ
1608 1853 2014 1910 ΘΥΓΑΤΕΡΩΝ
2045 1852 2278 1908 ΑΥΤΗΣ

435 1991 1149 2134 ΠΙΣΤΕΩΣ,
1250 1984 1940 2104 ΕΛΠΙΔΟΣ
2056 1988 2336 2099 ΚΑΙ
2451 1985 3118 2101 ΑΓΑΠΗΣ.

629 2285 1361 2379 MARTYBIUM
1439 2283 2152 2376 SANCTABUM
2235 2279 2881 2372 MULIERUM

1364 2455 2195 2575 SOPHle

1469 2644 1549 2695 ET
1583 2641 1734 2693 EJUS
1765 2639 2072 2692 FILIABUM

746 2765 1152 2901 FIDE],
1291 2763 1571 2868 SPEI
1682 2762 1847 2864 ET
1981 2725 2802 2866 CHABITATIS.

493 2981 688 3042 (Latine
712 2978 837 3040 apud
860 2973 1059 3025 Surium
1085 2971 1146 3020 ad
1168 2971 1299 3020 diem
1329 2973 1344 3022 ι
1379 2970 1611 3033 Augusti;
1640 2969 1807 3021 Grece
1841 2984 1902 3020 ex
1933 2971 2037 3019 cod.
2071 2981 2162 3017 ms.
2188 2967 2343 3017 Grave.
2377 2969 2511 3017 Paris
2555 2981 2605 3016 n.
2636 2967 2889 3037 i526,‘saec
2947 2969 3056 3025 xu.)

206 3283 288 3335 A'.
323 3278 490 3333 Μετὰ
534 3276 593 3329 τὸ
620 3275 1011 3346 διαγγελθῆναι
1051 3277 1330 3344 πανταχοῦ
1360 3277 1417 3328 τὸ
1460 3279 1730 3347 σωτήριον

1903 3275 1942 3331 l.
1977 3273 2271 3346 Postquam
2308 3273 2501 3329 fuisset
2521 3274 2774 3329 salutaris
2829 3274 3142 3344 praedicatio
3207 3275 3404 3346 ubique

131 3376 433 3443 κήρυγμα,
465 3368 820 3439 πλωρηθῆναί
863 3384 922 3420 τε
957 3365 1027 3420 τὰ
1060 3366 1238 3421 πάντα
1276 3366 1370 3419 τοῦ
1395 3367 1598 3434 γνῶναι
1633 3366 1727 3419 τὸν

1841 3369 2176 3430 annuntiata,
2208 3375 2264 3422 et
2295 3366 2479 3422 omnia
2507 3373 2690 3421 essent
2721 3366 2922 3435 repleta
2957 3367 3269 3437 cognitione
3301 3367 3405 3422 Do»

131 3464 371 3534 Κύριον,
407 3462 579 3514 οἱονεὶ
618 3459 869 3529 λείψανον
893 3459 1091 3522 κακίας
1131 3459 1407 3529 Ἀδριανὸς
1435 3459 1533 3530 τὴν
1561 3459 1724 3513 αύτο-

1841 3458 1985 3525 mini,
2019 3458 2184 3513 veluti
2209 3457 2453 3526 quaedam
2485 3458 2707 3512 sceleris
2721 3458 2963 3527 reliquiae
2992 3460 3258 3514 Adrianus
3290 3459 3370 3512 Ro
3398 3491 3402 3495 -

130 3558 394 3624 κράτορα
441 3553 723 3621 Ῥημαίων
766 3552 969 3602 διέπων
994 3551 1189 3620 ἀρχὴν,
1223 3551 1423 3618 πολλὴν
1459 3553 1616 3622 εἴπερ
1643 3569 1727 3615 τις

1841 3566 2114 3606 manorum
2143 3548 2528 3604 administrans
2587 3547 2875 3619 imperium
2900 3591 2915 3615 ,
2951 3552 3006 3604 in
3035 3550 3200 3606 falsos
3255 3550 3407 3616 deos,

128 3646 301 3706 ἄλλος
323 3644 428 3712 τὴν
477 3641 612 3710 πρὸς
637 3641 761 3703 τοὺς
789 3640 1178 3710 ψευδωνύμους
1207 3639 1360 3702 θεοὺς
1384 3642 1731 3696 ἐπεδείκνυτο

1841 3644 1927 3714 qui
1970 3642 2346 3705 nominantur,
2413 3641 2734 3696 ostendebat
2791 3641 3109 3712 plurimam,
3162 3641 3207 3695 si
3267 3641 3410 3696 ullus

129 3733 624 3804 δεισιδαιμονίαν,
678 3735 805 3796 τοὺς
856 3733 952 3802 μὲν
1015 3730 1277 3795 θωπείαις
1334 3731 1728 3805 ὑπερχόμενος,

127 3828 264 3889 τοὺς
295 3827 361 3879 δὲ
388 3826 487 3879 καὶ
513 3825 760 3886 ἀπειλαῖς
794 3824 1214 3894 καταπλήττων.
1248 3823 1384 3878 Κατ’
1417 3827 1592 3878 ἐκεῖνο
1626 3825 1733 3878 τοί-

129 3935 232 3969 νυν
267 3915 501 3985 καιροῦ,
536 3915 668 3982 γυνή
699 3930 782 3975 τις
810 3912 1041 3983 εὐσεϐὴς
1076 3915 1171 3965 καὶ
1205 3913 1471 3981 φιλόθεος,
1497 3913 1736 3985 τοῦνομα

127 4010 345 4076 Σοφία,
369 4007 564 4074 γένους
587 4006 694 4058 τῶν
713 4004 1011 4072 ἐπιφανῶν,
1037 4003 1217 4073 χώρας
1251 4005 1488 4069 Ἰταλῶν,
1511 4005 1737 4075 χηρείαν

129 4101 446 4154 ὑποστᾶσα
506 4098 697 4164 ἀνδρὸς
737 4095 1044 4165 θυγατράσι
1086 4096 1274 4165 μόναις
1308 4098 1457 4168 τρισὶ
1491 4098 1580 4152 τὸν
1623 4097 1737 4169 βίον

129 4191 438 4241 ἐσάλευεν.
487 4185 637 4254 Αὕτη
669 4186 733 4254 τῇ
786 4185 1116 4256 περιωνύμῳ
1142 4187 1252 4239 τῶν
1285 4189 1496 4242 πόλεων
1547 4189 1738 4261 Ῥώμῃ

124 4281 401 4352 ἒπιδημή
413 4294 556 4331 σασα
578 4279 694 4339 ταῖς
715 4276 1009 4348 παρθένοις
1036 4277 1170 4348 ὁμοῦ
1203 4280 1336 4333 πολὺ
1359 4281 1419 4333 τὸ
1437 4281 1623 4352 χάριεν
1646 4283 1739 4335 καὶ

132 4375 459 4442 ἐπαγωγὸν
518 4372 774 4440 ἐχούσαις
832 4373 971 4425 κατὰ
1009 4389 1066 4424 τε
1100 4371 1260 4441 σῶμα
1291 4373 1384 4424 καὶ
1405 4374 1503 4442 τὴν
1535 4372 1736 4442 ψυχὴν,

127 4463 235 4530 οὺχ
270 4458 519 4528 ὑπήχθη
552 4459 619 4525 τῇ
654 4457 855 4528 πλάνῃ,
895 4458 1010 4510 οὐδὲ
1048 4459 1182 4527 πρδς
1207 4458 1307 4527 τὴν
1331 4457 1424 4511 τοῦ
1449 4458 1742 4523 δυσσεὸοὖς

1834 3735 1992 3799 alius,
2013 3731 2480 3804 superstitionem,
2527 3731 2662 3786 alios
2694 3732 2913 3800 quidem
2968 3731 3214 3786 alliciens
3264 3730 3411 3786 blan-

1836 3824 2004 3888 ditiis,
2038 3825 2172 3878 alios
2221 3832 2404 3879 autem
2434 3823 2598 3878 etiam
2634 3822 2798 3877 minis
2831 3821 3106 3877 territans.
3159 3821 3256 3877 lllo
3310 3837 3410 3876 au-

1839 3927 1947 3972 tem
1977 3925 2220 3985 tempore
2249 3914 2444 3969 mulier
2487 3914 2733 3983 quedam
2769 3915 2854 3984 pia
2890 3923 2946 3970 et
2999 3913 3271 3984 religiosa,
3310 3929 3412 3968 no-

1844 4011 1992 4064 mine
2013 4007 2236 4078 Sophia,
2255 4008 2398 4063 clara
2428 4021 2649 4078 genere,
2673 4006 2806 4061 itala
2855 4006 3095 4072 natione,
3119 4021 3243 4062 eum
3268 4016 3425 4062 esset.

1842 4102 2060 4158 viduata
2095 4102 2313 4168 marito,
2339 4116 2463 4157 cum
2493 4101 2666 4156 tribus
2705 4100 2917 4156 ﬁliabus
2947 4099 3075 4156 solis
3109 4099 3271 4154 vitam
3297 4099 3414 4170 agi—

1840 4195 2009 4250 tabat.
2041 4193 2113 4247 Ea
2126 4209 2249 4248 cum
2272 4192 2432 4248 simul
2466 4208 2587 4249 cum
2607 4191 2924 4263 virginibus,
2953 4207 3073 4262 qua!
3100 4190 3418 4246 erantvalde

1842 4287 2106 4350 honestae,
2163 4292 2216 4338 et
2249 4283 2525 4353 elegantes
2580 4283 2762 4336 animo
2829 4293 2883 4335 et
2933 4295 3184 4350 corpore,
3232 4281 3418 4334 Roma:

1843 4384 2052 4432 versata
2079 4385 2244 4440 esset,
2275 4389 2385 4429 non
2419 4372 2521 4429 iuit
2573 4387 2758 4428 errore
2811 4371 3054 4436 seducta,
3118 4385 3294 4442 neque
3351 4372 3421 4427 ad

1844 4468 1999 4536 impii
2038 4466 2379 4536 imperatoris
2463 4464 2749 4518 reclinavit
2828 4461 3167 4532 religienem,
3262 4461 3420 4517 factis

131 4553 551 4623 βασιλεύοντος
589 4550 887 4618 θρησκείαν
928 4551 1211 4615 ἀπέκλινε,
1260 4552 1378 4604 λίαν
1416 4552 1515 4623 τὴν
1547 4553 1737 4623 κλῆσιν

1844 4559 1976 4628 ipsis
2073 4557 2299 4627 pulchre
2390 4569 2547 4610 suam
2626 4554 2922 4609 ostendens
2997 4553 3419 4623 appellationem

127 4646 233 4699 ἐπὶ
271 4645 396 4699 τῶν
429 4642 615 4711 ἔργων
641 4641 984 4704 δεικνύουσα,
1016 4643 1047 4712 ἡ
1079 4641 1174 4712 τῆς
1202 4642 1406 4696 ἄνωθεν
1448 4645 1615 4708 ὅντως
1655 4663 1737 4698 σο·

1845 4667 1966 4720 quae
1995 4665 2195 4705 nomen
2221 4664 2347 4704 vere
2413 4648 2732 4717 sumpsisset
2763 4663 2791 4701 a
2845 4662 3078 4716 superna
3130 4646 3421 4714 sapientia,

131 4741 268 4808 φίας
306 4736 640 4804 ἐπώνυμος.
684 4734 744 4787 Ἠ
767 4735 873 4805 γὰρ
897 4735 1102 4788 ἄνωθεν
1148 4737 1333 4804 σοφία,
1366 4737 1527 4805 φησὶν
1551 4739 1577 4789 ὁ
1599 4737 1742 4800 θεῖος

144 4827 455 4888 Ἰάκωϐος,
491 4825 710 4892 πρῶτον
743 4825 841 4892 μὲν
875 4825 1010 4893 ἁγνή
1046 4829 1213 4891 ἐστιν,
1249 4829 1441 4879 ἔπειτα
1469 4827 1740 4898 εἰρηνικὴ,

1846 4753 1903 4797 et
1937 4743 2212 4797 diceretur
2235 4741 2461 4809 SOpbia.
2485 4739 2615 4804 Qua:
2642 4745 2726 4793 est
2753 4737 2897 4793 enim
2927 4737 3160 4807 desuper
3192 4734 3424 4805 Sapien-

1848 4834 1943 4897 tia,
1977 4832 2153 4901 inquit
2180 4831 2396 4886 divinus
2437 4830 2692 4895 Iacobus,
2715 4829 2950 4899 primum
2971 4829 3192 4898 quidem
3219 4827 3418 4898 pudica

131 4920 449 4989 εὐπειθὴς,
515 4917 691 4986 μεστὴ
721 4915 903 4978 ἐλέους
952 4919 1045 4969 καὶ
1103 4917 1332 4986 καρπῶν
1369 4919 1608 4985 ἀγαθῶν.
1655 4919 1737 4986 Ἐξ

1849 4934 1952 4991 est,
1983 4924 2179 4980 deinde
2231 4923 2479 4995 paciﬁca,
2511 4921 2778 4984 modesta,
2813 4921 3096 4982 obediens,
3130 4920 3290 4989 plena
3323 4921 3425 4973 mi-

132 5007 215 5066 ὧν
252 5013 382 5080 γὰρ
413 5012 443 5061 ὁ
475 5011 581 5077 τῆς
611 5009 809 5079 ἀρετῆς
844 5009 972 5078 παρ’
1001 5009 1143 5078 αὐτῇ
1175 5011 1382 5080 acapna;
1415 5011 1737 5082 ἐγνωρίζετο

1853 5015 2148 5072 sericordia
2179 5023 2234 5070 et
2267 5012 2532 5068 fructibus
2565 5011 2746 5067 bonis.
2784 5011 2861 5065 Eo
2890 5009 3063 5074 enim,
3087 5010 3251 5080 ,quod
3307 5011 3420 5063 vir-

130 5105 260 5165 ταῖς
329 5100 659 5168 θυγατράσι
723 5102 819 5162 τὰς
863 5100 1237 5169 προσηγορίας
1309 5102 1615 5170 ἡρμόζετο·
1655 5103 1737 5156 καὶ

1855 5109 1989 5163 tutis
2027 5108 2237 5161 fructus
2270 5114 2413 5177 apud
2454 5118 2573 5158 eam
2646 5101 3069 5173 agnoscebatur,
3145 5101 3427 5171 adaptavit

133 5198 390 5249 ἐκεῖναι·
437 5189 611 5243 πάλιν
668 5189 1041 5256 ἀληθευούσας
1094 5191 1299 5255 ταύτας
1352 5194 1482 5262 παρ’
1528 5196 1737 5258 ἑαυταῖς

1857 5201 2068 5257 ﬁliabus
2129 5200 2241 5254 suis
2299 5197 2742 5269 appellationes:
2797 5204 2849 5250 et
2879 5195 2984 5249 illae
3019 5209 3208 5248 rursus
3267 5194 3320 5246 in
3366 5208 3425 5249 se

133 5288 468 5349 ἐδείκνυον,
510 5281 608 5334 καὶ
635 5279 786 5334 οὐδὲν
812 5282 1020 5354 ἀπᾷδον
1068 5281 1187 5334 οὐδὲ
1217 5282 1496 5354 ἀλλότριον
1524 5279 1670 5354 εἶχον
1697 5288 1737 5339 οι

1856 5293 2218 5348 ostendebant
2246 5305 2368 5347 esse
2395 5305 2576 5356 veras,
2631 5302 2812 5358 neque
2893 5287 3165 5351 habebant
3216 5285 3427 5357 aliquid

136 5379 343 5432 κλάδοι
374 5375 484 5443 τῆς
517 5371 701 5446 ρίξηςο
1859 5384 2018 5449 rami,
2048 5383 2193 5452 quod
2223 5383 2557 5451 discreparet
2583 5389 2676 5435 aut
2706 5387 2850 5434 esset
2877 5379 3113 5432 alienum
3145 5392 3174 5430 ιι
3221 5377 3423 5430 radice.

212 5469 297 5524 Κ.
357 5467 531 5519 Ἐπεὶ
573 5464 633 5518 δὲ
675 5463 824 5534 παρᾶ
861 5467 995 5518 nan
1035 5464 1408 5538 διεϐεεὸητοῆ
1443 5485 1501 5521 τε
1537 5468 1737 5533 σύνεσις

1932 5475 1996 5529 ιι.
2027 5475 2162 5532 Cum
2187 5483 2369 5529 autem
2384 5473 2750 5528 celebraretur
2765 5470 2908 5540 apud
2926 5484 3116 5524 omnes
3141 5477 3192 5524 et
3218 5468 3425 5521 illarum

134 5566 392 5617 ἐκείνων
450 5556 555 5609 καὶ
593 5558 625 5626 ἡ
665 5559 830 5626 ἀρετὴ
878 5558 970 5610 καὶ
1004 5558 1063 5610 "rb
1100 5559 1237 5627 πρὸς
1282 5560 1518 5630 Χριστὸν
1567 5561 1737 5624 σέϐας.

1861 5565 2146 5636 prudentia
2182 5566 2446 5627 etvirtus,
2485 5573 2539 5618 et
2569 5565 2623 5616 in
2655 5561 2934 5615 Christum
2966 5560 3170 5630 religio,
3203 5573 3312 5612 non
3345 5556 3430 5610 fe-

135 5660 244 5711 o-Lx
299 5651 573 5719 ἐνεγκὼν
611 5649 640 5698 ὁ
687 5648 780 5701 τοῦ
835 5649 1030 5717 φθόνου
1088 5651 1286 5721 πατὴρ,
1344 5652 1430 5705 διὰ
1467 5652 1737 5720 βασκάνωι

1862 5675 1988 5714 rens
2013 5667 2164 5728 pater
2187 5659 2423 5723 invidun,
2444 5674 2538 5728 per
2565 5653 2774 5709 invidos
2795 5653 2978 5709 oculos
3009 5651 3293 5720 cujusdam
3315 5651 3427 5701 An-

137 5745 474 5819 δφθλλμῶν
520 5741 798 5809 Ἀντιόχου
840 5741 982 5803 τινος
1018 5742 1230 5812 ἀνδρὸς,
1269 5743 1365 5815 τὴν
1402 5747 1499 5813 τῆς
1549 5743 1737 5803 πόλεως

1863 5752 2029 5806 tiochi
2057 5791 2071 5816 ,
2092 5752 2249 5819 cuius
2267 5751 2390 5806 ﬁdei
2410 5748 2697 5805 commissa
2717 5747 2890 5802 fuerat
2914 5744 3233 5815 prmfectura
3254 5741 3423 5806 urbis,

142 5844 439 5915 πρόνοιαν
491 5832 954 5903 πεπιστευμένου,
1011 5837 1106 5907 τὴν
1145 5836 1424 5890 εὐσέϐειαν
1475 5837 1655 5890 αὐτῶν
1687 5839 1737 5906 τῇ

1851 5841 2123 5913 signiﬁcat
2163 5842 2471 5912 imperatori
2495 5855 2680 5896 earum
2705 5840 2984 5909 pietatem,
3029 5845 3082 5891 et
3131 5849 3221 5889 eas
3248 5833 3426 5889 defert
