4158 6492
764 444 868 508 499

773 545 956 628 lingua
976 558 1159 612 dolosa
1197 559 1396 628 impius
1429 567 1479 614 et
1525 559 1702 612 verbis
1729 560 1859 614 odii.
1902 559 2160 617 Protinus
2217 578 2322 633 (υνδε

2457 560 2664 628 βασιλεί
2718 564 2886 633 δήλην
2931 566 3095 627 ποιεῖ,

777 649 865 703 ille
885 650 959 702 ira
977 652 1217 720 percitus
1239 652 1664 716 inconsiderata,
1691 669 1785 707 eos
1814 670 1948 724 quos
1977 656 2155 709 solent
2181 672 2345 710 voca-

769 758 825 797 re
845 742 1208 812 apparitores,
1233 744 1396 797 mittit
1420 744 1485 798 ad
1507 761 1601 800 eas
1633 745 1999 802 adducendas.
2029 748 2135 803 Illa:
2159 759 2344 802 autem

765 850 888 887 cum
920 833 1238 890 didicissent
1267 849 1485 889 causam
1538 852 1726 891 eorum
1778 839 2066 904 adventus,
2110 856 2344 910 cumque

764 925 1086 998 corporibus
1108 928 1724 994 essentinscparabiles.
1760 934 1929 1003 magis
1984 936 2147 987 etiam
2205 951 2343 988 con-

759 1021 1126 1089 iungerentur
1148 1018 1363 1086 spiritu.
1396 1022 1529 1075 nihil
1582 1024 1935 1077 ostendentes
1985 1024 2126 1094 litim,
2196 1026 2339 1091 quod

759 1121 868 1166 non
895 1127 1019 1164 cum
1063 1114 1237 1171 matre
1269 1116 1614 1179 conveniret,
1651 1124 1708 1169 ut
1742 1132 1861 1186 qua:
1921 1117 2340 1173 inveniebantur

758 1203 906 1256 inter
946 1220 1002 1258 se
1028 1206 1271 1263 fraterne
1309 1209 1640 1275 consentire,
1674 1219 1728 1263 et
1758 1218 1915 1263 erant
1946 1210 2110 1263 veluti
2138 1224 2335 1264 corona

756 1298 856 1351 sibi
881 1302 1103 1368 :equalis
1130 1321 1142 1355 :
1165 1319 1283 1373 quae
1310 1319 1407 1373 per
1434 1305 1576 1372 ipsas
1599 1313 1652 1358 et
1682 1314 1906 1357 matrem
1940 1305 2331 1373 complebatur,

754 1390 1011 1448 alacriter
1065 1395 1303 1449 iverunt.
1353 1397 1647 1465 Postquam
1705 1406 1886 1451 autem
1926 1397 2186 1450 sederunt
2238 1412 2334 1467 pro

753 1482 1014 1538 tribunali
1049 1485 1293 1555 prmfecti
1326 1487 1500 1552 urbis,
1537 1503 1660 1544 cum
1687 1486 1818 1556 ipsae
1874 1503 1996 1541 eum
2043 1488 2134 1556 qui
2179 1488 2333 1550 dixit,

752 1583 862 1626 non
882 1591 1004 1630 esse
1028 1578 1300 1632 timendos
1327 1594 1422 1634 eos
1475 1579 1568 1648 qui
1641 1580 1898 1635 occidunt
1953 1596 2151 1650 corpus
2202 1581 2242 1645 ί,
2280 1589 2336 1634 et

752 1668 1023 1736 pollicitus
1059 1683 1141 1725 est
1166 1688 1193 1725 a
1225 1688 1282 1727 se
1311 1672 1539 1726 dandam
1569 1687 1689 1727 esse
1745 1675 2094 1742 sapientiam,
2147 1673 2334 1726 Domi-

752 1771 881 1812 num
911 1760 1276 1828 invocassent,
1324 1773 1377 1818 et
1405 1778 1463 1818 se
1526 1765 1707 1819 crucis
1760 1765 1927 1832 ﬁgura
1987 1766 2330 1830 muniissent,

1996 450 2276 509 MENSIS
2323 448 2746 515 AUGUSTUS.
3927 451 4019 515 500

3155 563 3248 616 καὶ
3306 564 3374 617 τά
3420 565 3538 617 κατ’
3581 564 3751 626 αὑτὰς
3804 561 4016 633 γλώσσῃ

2451 649 2599 720 δολία
2634 654 2726 703 καὶ
2757 651 2937 720 λόγοις
2979 653 3170 721 μίσους
3206 654 3233 705 ὁ
3267 653 3532 722 δυσσεϐὴς
3570 656 3816 722 φανεροῖ.
3843 654 4016 721 [lapa-

2449 740 2642 810 χρῆμα
2665 742 2844 796 τοίνυν
2870 745 3032 806 αὐτὸς
3050 744 3320 814 ἀλογίστῳ
3356 744 3512 814 Θυμῷ
3551 745 3855 813 ἐπιτρέψας
3879 742 4014 811 οὓςὴ

2448 833 2596 897 τάξις
2621 836 2999 904 προτέκτωρας
3025 831 3133 889 οἶδε
3173 836 3372 900 καλεῖν,
3408 835 3501 889 ἐπὶ
3523 837 3584 888 τὸ
3610 837 3842 907 ἀγαγεῖν
3879 839 4015 889 ὲκεί-

2447 942 2544 987 νας
2594 927 2890 993 ἐκπέμπει.
2933 926 2998 979 Αἱ
3028 927 3082 978 δὲ
3118 928 3218 996 τῆς
3259 926 3565 997 παρουσίας
3595 927 3780 978 αὐτῶν
3823 925 4016 994 μαθοῦ-

2449 1035 2540 1069 σαι
2577 1006 2636 1070 τὸ
2659 1020 2853 1081 αἴτιον,
2885 1020 3186 1087 ἀδιαίρετοι
3221 1021 3549 1090 σωματικῶς
3569 1015 3728 1073 οὖσαι
3754 1020 3854 1070 καὶ
3885 1019 4014 1070 κατὰ

2447 1108 2664 1178 πνεῦμα
2721 1109 2920 1177 μᾶλλον
2984 1109 3335 1177 συνήπτοντο,
3371 1109 3522 1160 οὐδέν
3556 1125 3612 1160 τε
3660 1106 4009 1174 ασύμιρωνον,

2442 1201 2632 1272 ὥσπερ
2661 1201 2900 1270 εἴρηται,
2935 1199 3071 1268 πρὸς
3096 1199 3194 1269 τὴν
3227 1199 3438 1267 μητέρα
3466 1197 3904 1265 ὲπιδειξάμεναι,
3930 1197 4014 1245 καὶ

2441 1292 2700 1358 ἀλλήλαις
2752 1291 2960 1358 ἀδελφὰ
3005 1287 3301 1360 φρονοῦσαι
3342 1289 3688 1357 ηὑρίσκοντο,
3725 1288 3824 1338 καὶ
3859 1284 4013 1336 οἱονεὶ

2442 1385 2707 1452 στέφανος
2740 1380 2880 1451 ἦσαν
2935 1382 3112 1450 ἐαυτῷ
3166 1383 3303 1444 ἴσος,
3341 1381 3407 1433 δι’
3436 1381 3615 1432 αὐτῶν
3651 1396 3709 1430 τε
3767 1377 3866 1429 καὶ
3921 1376 4011 1442 τῆς

2444 1476 2651 1546 μητρὸς
2676 1475 3195 1546 συμπληρούμενος.
3236 1475 3321 1536 '0;
3352 1473 3406 1525 δὲ
3441 1474 3534 1525 ἐπὶ
3561 1471 3650 1523 τοῦ
3683 1466 4008 1537 ἡγεμονικοῦ

2439 1567 2784 1633 κατέστησαν
2819 1566 3082 1632 βήματος,
3111 1562 3198 1612 τὸν
3229 1563 3454 1614 εἰπόντα
3481 1561 3554 1629 μὴ
3585 1555 4012 1628 φοϐηθῆναιάπδ

2437 1659 2545 1711 τῶν
2606 1655 3022 1709 ἀποκτενόντων
3076 1652 3136 1704 τὸ
3178 1651 3356 1720 σῶμα,
3410 1651 3736 1723 δοθήσεσθαί
3770 1668 3830 1701 τε
3888 1648 4010 1717 παρ’

2436 1752 2598 1814 αὑτοῦ
2636 1751 2829 1819 σοφίαν
2873 1748 3352 1817 ἐπαγγειλαμένου
3394 1747 3876 1815 ἐπικαλεσάμεναι
3902 1745 4010 1795 Κύ-

750 1854 899 1905 omni
964 1854 1158 1907 timore
1210 1854 1484 1922 deposito,
1572 1863 1845 1909 steterunt
1909 1872 2030 1910 cum
2085 1857 2210 1910 forti
2275 1868 2322 1911 et

2438 1861 2569 1913 ριον,
2609 1843 2700 1897 καὶ
2733 1843 2810 1912 τῷ
2852 1842 3134 1911 σταυρικῷ
3168 1839 3321 1908 τύπῳ
3348 1838 3848 1906 περιφραξάμεναι,
3881 1853 4010 1889 παν-

751 1952 1020 2009 ‘generoso
1065 1945 1270 1998 animo.
1304 1944 1480 2000 Judex
1547 1956 1751 2012 autem,
1831 1949 2096 2018 conjectis
2165 1950 2332 2003 ineas

748 2032 942 2096 oculis,
978 2049 1099 2088 cum
1142 2034 1350 2088 vultum
1384 2035 1925 2102 vidissetliberalem,
1985 2050 2334 2110 mentemque

749 2139 997 2195 magnam
1052 2137 1107 2180 et
1166 2128 1505 2196 praeclaram,
1563 2130 1650 2182 cui
1701 2129 1906 2183 ferebat
1959 2134 2332 2188 testimonium

747 2217 1028 2273 oculorum
1069 2219 1358 2273 ethabitus
1389 2219 1671 2284 modestia,
1733 2222 1956 2276 mittens
2001 2222 2149 2294 fungi
2208 2240 2332 2278 mu-

745 2310 1111 2381 nerejudicis,
1133 2326 1428 2366 conversus
1443 2321 1527 2367 est
1551 2313 1616 2367 ad
1652 2313 2089 2371 admirationem.

815 2465 900 2519 Ill.
936 2466 1069 2520 Cum
1089 2477 1269 2520 autem
1300 2478 1524 2522 matrem
1548 2483 1712 2538 prope
1742 2470 2327 2535 curassetsistendam,

744 2568 796 2615 ct
828 2559 946 2612 illas
975 2561 1318 2614 scmovisset:
1345 2561 1462 2615 Non
1501 2578 1662 2631 parva
1694 2573 1842 2625 sunt,
1879 2563 2076 2632 inquit,
2127 2579 2159 2618 ο
2204 2581 2328 2618 mu~

745 2648 861 2718 lier,
891 2668 1008 2721 quae
1032 2654 1292 2706 adversus
1313 2664 1362 2707 te
1383 2655 1726 2709 deferuntur.
1757 2656 1810 2710 Si
1836 2657 2052 2726 quidem
2072 2674 2179 2711 non
2206 2675 2328 2728 par-

743 2759 805 2795 va
843 2759 927 2797 res
955 2754 1057 2808 est,
1088 2761 1299 2799 morum
1332 2762 1359 2799 a
1387 2748 1703 2815 parentibus
1749 2751 2072 2804 traditorum
2120 2761 2174 2806 et
2198 2751 2327 2807 relic

741 2837 918 2905 gionis
955 2840 1195 2908 negatio.
1234 2839 1344 2893 Cur
1368 2856 1496 2911 ergo
1529 2840 1901 2896 Romanorum
1937 2845 2211 2916 regionem
2234 2848 2331 2900 im-

740 2931 951 2999 plevisti
970 2932 1202 2986 tumultu
1219 2935 1642 3004 etdissensione,
1665 2938 1888 2992 omnino
1902 2955 2012 2992 non
2030 2954 2151 2993 esse
2172 2941 2324 3006 deos,

739 3025 834 3078 sed
860 3040 955 3078 eos
986 3041 1105 3080 esse
1135 3029 1311 3081 solum
1345 3029 1567 3081 nomina
1601 3045 1720 3097 quae
1741 3031 2051 3099 rebusipsis
2081 3042 2322 3099 careant,

739 3131 997 3171 asserens
1021 3117 1043 3169 ?
1067 3117 1161 3170 Dic
1184 3132 1314 3186 ergo
1370 3134 1532 3187 quam
1561 3119 1796 3188 primum
1842 3123 2092 3190 patriam,
2129 3138 2319 3193 genus,

2437 1938 2525 2000 τὸς
2552 1937 2860 1991 ἀποστάται
2885 1935 3058 1996 δέους,
3096 1934 3233 2001 μετὰ
3259 1930 3510 1999 γενναίου
3542 1929 3634 1979 τοῦ
3665 1929 4008 1996 φρονήματος

2437 2031 2697 2096 ἔστησαν.
2745 2027 2901 2079 Ἐπεὶ
2956 2027 3011 2078 δὲ
3072 2025 3305 2085 ταύταις.
3347 2023 3408 2075 τὸ
3464 2022 3619 2092 ὄμμα
3664 2018 3934 2070 ἐπέϐαλεν
3985 2021 4009 2069 ὁ

2435 2123 2689 2186 δικάζων,
2729 2120 2852 2172 ἰδὼν
2884 2121 3224 2188 παράστημα
3253 2115 3472 2181 εὐγενὲς
3505 2113 3599 2166 καὶ
3630 2112 3862 2181 μέγεθος
3897 2110 4012 2164 δια-

2435 2213 2607 2281 νοίας,
2643 2211 2752 2263 ἀπό
2791 2226 2852 2261 τε
2880 2209 2988 2260 τῶν
3023 2204 3319 2274 ὀφθαλμῶν
3350 2205 3445 2257 καὶ
3487 2206 3585 2272 τῆς
3615 2203 3705 2254 τοῦ
3733 2201 4008 2270 σχήματος

2439 2303 2886 2375 μαρτυρούμενον
2933 2297 3254 2367 εὐκοσμίας,
3286 2297 3346 2348 τὸ
3386 2295 3624 2359 δικάζειν
3654 2293 3838 2363 ἀφεὶς,
3882 2292 4006 2362 πρὸς

2433 2397 2494 2449 τὺ
2530 2395 2833 2465 θαυμάζειν
2861 2395 3152 2462 ἐτράπετο.

2505 2486 2580 2542 Γ’.
2606 2488 2716 2557 Τὴν
2738 2485 2830 2538 οὖν
2862 2483 3076 2553 μητέρα
3108 2480 3331 2549 πλησίον
3363 2493 3879 2548 παραστησάμενος,
3911 2477 4006 2529 κά·

2435 2582 2614 2642 κείνας
2645 2595 2746 2630 που
2787 2575 3064 2646 μεταθεὶς,
3099 2573 3173 2623 Οὔ
3222 2571 3414 2640 μικρὰ,
3442 2569 3620 2638 φησὶν,
3649 2560 3692 2618 ὧ
3725 2566 3905 2632 γύναι,
3940 2566 4005 2617 τά

2432 2676 2574 2727 κατὰ
2615 2671 2696 2734 σὲ,
2731 2669 2890 2736 εἴπερ
2921 2665 3042 2718 οὐδὲ
3092 2662 3287 2733 μικρὸν
3323 2657 3829 2729 πατροπαραδὸτων
3871 2655 4004 2706 ἐθῶν

2433 2769 2526 2819 καὶ
2557 2762 2920 2830 σεϐασμάτων
2953 2759 3178 2826 ἄρνησις
3214 2773 3226 2784 ·
3260 2755 3347 2806 ἵνα
3383 2754 3434 2805 τί
3463 2753 3554 2805 οῦν
3583 2753 3678 2821 τὴν
3719 2748 4005 2818 Ῥωμαίων

2431 2857 2674 2928 ταραχῆς
2709 2853 3012 2920 ἐνέπλησας
3069 2849 3162 2900 καὶ
3211 2847 3580 2915 διχοστασίας,
3634 2844 3770 2912 μηδὲ
3815 2843 3874 2894 τὸ
3903 2858 4005 2894 πα-

2436 2950 2614 3022 ράπαν
2645 2945 2784 3000 εἶναι
2810 2944 2987 3008 θεοὺς,
3013 2939 3127 2994 ἀλλ’
3155 2940 3398 3009 ὀνόματα
3426 2937 3584 3007 μόνον
3615 2936 3814 2995 αὐτοὺς
3838 2934 4004 2987 τελεῖν

2431 3043 2773 3114 πραγμάτων
2802 3040 3006 3110 ἔρημα,
3061 3033 3480 3102 διατεινομένη;
3529 3029 3667 3097 Λέγε
3722 3029 3906 3081 τοίνυν
3946 3027 4005 3079 τὸ

2429 3137 2593 3203 τάχος
2639 3133 2895 3202 πατρίδα,
2939 3131 3120 3196 γένος,
3168 3128 3337 3195 ὄνομα
3371 3126 3466 3178 καὶ
3494 3125 3554 3176 τὺ
3596 3122 3785 3184 σέϐας.
3831 3120 3896 3174 Ἢ
3924 3121 4002 3190 δὲ,

738 3223 938 3262 nomen
964 3219 1014 3263 et
1066 3209 1404 3280 religionem.
1437 3210 1530 3265 llla
1555 3222 1736 3268 autem
1769 3231 1780 3267 :
1814 3215 2054 3269 Primum
2076 3216 2322 3284 quidem,

2437 3228 2663 3297 Πρῶτον
2700 3225 2798 3293 μὲν
2853 3221 2998 3289 ἐμοὶ,
3055 3220 3182 3288 ἔφη,
3244 3222 3337 3271 καὶ
3393 3217 3667 3284 ἐξαίρετον
3705 3216 3901 3283 ὄνομα,
3945 3216 4005 3267 τὸ

736 3300 935 3370 inquit,
999 3301 1134 3355 mihi
1181 3311 1265 3356 est
1313 3306 1648 3374 praecipuum
1706 3322 1928 3369 nomen,
1988 3323 2053 3359 ex
2106 3306 2324 3360 Christo

737 3394 1020 3463 appellari.
1041 3392 1245 3462 Sophia
1275 3405 1479 3458 autem,
1509 3404 1594 3450 est
1618 3397 1749 3450 mihi
1769 3397 2086 3466 impositum
2120 3415 2319 3455 nomen

739 3502 768 3539 ιι
800 3485 1140 3555 parentibus.
1174 3484 1362 3542 Genus
1402 3487 1542 3544 duco
1585 3505 1648 3544 ex
1687 3490 1753 3544 iis
1801 3492 1892 3561 qui
1953 3492 2158 3561 primos
2208 3509 2324 3546 ma-

735 3577 996 3646 gistratus
1037 3577 1396 3647 gesscruntin
1419 3575 1596 3641 Italia,
1629 3579 1682 3630 in
1712 3591 1816 3645 qua
1841 3581 2004 3632 etiam
2030 3596 2148 3632 sum
2169 3592 2317 3635 nata.

735 3669 884 3723 Inter
910 3671 1090 3724 omnia
1116 3685 1268 3734 vero,
1297 3678 1356 3724 ut
1384 3685 1414 3723 a
1448 3685 1534 3725 me
1564 3669 1770 3724 dictum
1805 3681 1906 3731 est.
1937 3672 2136 3742 glorior
2157 3673 2317 3728 invo-

732 3759 947 3815 catione
982 3759 1086 3815 mei
1118 3758 1317 3816 Christi
1345 3769 1400 3815 et
1432 3760 1669 3825 Domini,
1693 3761 1780 3816 cui
1807 3761 1881 3816 fui
1918 3763 2096 3819 oblata
2139 3770 2315 3822 conli-

732 3865 842 3908 nuo
868 3853 936 3906 ab
971 3862 1118 3917 ortu,
1149 3863 1204 3907 et
1233 3854 1321 3907 cui
1347 3853 1517 3908 obtuli
1547 3855 1781 3910 fructum
1808 3859 1912 3912 mei
1962 3861 2099 3914 uteri
2133 3878 2147 3915 :
2189 3878 2316 3931 pro-

733 3955 854 4015 pter
881 3959 1042 4015 quem
1075 3946 1236 4001 etiam
1253 3947 1502 4002 venimus
1523 3948 1577 4001 in
1609 3949 1754 4002 hanc
1786 3949 2157 4005 Romanorum
2185 3955 2320 4006 civi-

730 4045 920 4098 tatem,
951 4049 1008 4092 ut
1032 4052 1154 4092 cum
1182 4048 1384 4090 rectam
1420 4037 1579 4090 (idem
1616 4051 1787 4107 usque
1814 4038 1880 4092 ad
1910 4048 2137 4092 mortem
2177 4056 2312 4095 con-

731 4130 1150 4193 servaverimus,
1218 4129 1509 4197 pulchrum
1571 4130 1829 4187 viaticum
1864 4132 2177 4197 atterentes,
2214 4152 2312 4205 pro

728 4220 950 4275 Christo
981 4229 1288 4291 susceptam
1319 4221 1773 4288 decertationem,
1808 4233 1864 4278 et
1902 4234 2254 4282 transeuntes
2283 4244 2313 4282 a

731 4321 905 4367 morte
941 4311 994 4364 in
1031 4312 1216 4374 vitam,
1251 4312 1494 4366 hzeredes
1531 4313 1707 4366 simus
1741 4314 2144 4386 bonorumquce
2185 4331 2314 4374 sunt

729 4405 839 4458 illic
870 4405 1155 4472 promissa.

801 4497 889 4550 IV.
925 4497 1131 4552 llorum
1161 4499 1451 4553 verborum
1484 4499 1812 4564 libertatem,
1845 4510 1897 4555 et
1921 4503 2312 4560 cumliberlate

2429 3317 2715 3372 καλεῖσθαι
2759 3313 2868 3369 άπδ
2895 3311 3132 3382 Χριστοῦ
3158 3328 3171 3342 ⁸
3211 3310 3384 3377 Σοφία
3412 3309 3467 3361 δὲ
3498 3311 3556 3360 τὸ
3601 3308 3708 3360 ἀπὸ
3744 3308 3854 3358 τῶν
3876 3324 4004 3374 γενο

2427 3406 2668 3477 νητὸρων
2699 3404 2931 3470 λέγομαι
2958 3418 2970 3431 ·
2999 3401 3190 3463 γένους
3213 3395 3559 3464 τυγχάνουσα
3584 3393 3692 3444 τῶν
3718 3394 3820 3453 τὰς
3851 3394 4004 3462 πρώ-

2424 3509 2524 3552 τας
2566 3490 2741 3559 άρχὰς
2794 3483 3280 3554 περιὸεὸλημένων
3338 3484 3395 3534 ἐν
3458 3480 3681 3552 Ἰταλίαο
3741 3481 3867 3533 ὅθεν
3913 3483 4004 3533 καὶ

2425 3583 2717 3652 ὥρμημαι.
2763 3581 2853 3634 Ἐν
2886 3579 3021 3629 πᾶσι
3051 3575 3131 3639 δὲ,
3170 3574 3246 3637 ὥς
3283 3591 3373 3645 μοι
3413 3575 3652 3645 εἴρηται,
3681 3576 3749 3644 τῇ
3775 3574 4004 3642 ἐπικλή-

2427 3693 2509 3729 σει
2537 3673 2631 3726 τοῦ
2660 3672 2794 3742 ἐμοῦ
2819 3670 3092 3724 Δεσπότου
3125 3669 3366 3741 Χριστοῦ
3396 3669 3734 3739 σεμνύνομαι
3777 3667 4003 3737 μᾶλλον,

2422 3767 2467 3841 ᾧ
2516 3769 2610 3820 καὶ
2660 3763 3039 3837 προσηνέχθην
3084 3763 3244 3826 εὐθὺς
3299 3764 3363 3815 ἐκ
3411 3766 3740 3832 γεννήσεως,
3778 3762 3873 3814 καὶ
3916 3762 4005 3826 τὸν

2420 3839 2527 3912 τῶν
2558 3857 2708 3926 ὲμῶν
2760 3855 2967 3908 ὠδίνων
3012 3852 3225 3922 καρπδν
3277 3854 3651 3922 προσενήνοχα
3674 3869 3688 3882 °
3719 3852 3787 3904 δι’
3822 3853 3883 3904 ὃν
3917 3839 4006 3905 {tat

2423 3955 2501 4013 εἰς
2526 3951 2683 4019 τήνδε
2723 3949 2820 4017 τὴν
2881 3946 3171 4014 Ῥωμαίων
3222 3946 3700 4013 παρα-γεγόναμεν,
3739 3945 3817 4004 ὡς
3848 3947 3916 3997 ἂν
3949 3947 4003 3998 τὺ

2425 4043 2551 4111 περὶ
2577 4041 2674 4111 τὴν
2708 4040 2888 4091 πίστιν
2913 4038 3060 4105 ὑγιὲς
3105 4037 3268 4108 μέχρι
3302 4039 3394 4089 καὶ
3428 4037 3592 4089 αὑτοῦ
3627 4036 3864 4090 Θανάτου
3892 4039 4004 4090 δια-

2421 4136 2757 4207 τηρήσασαι,
2807 4135 2901 4188 καὶ
2952 4132 3113 4185 καλὸν
3165 4130 3377 4202 ἑφόδιον
3413 4133 3512 4200 τὴν
3571 4131 3713 4199 ὑπὲρ
3757 4130 4003 4200 Χριστοῦ

2419 4223 2649 4290 ἄθλησιν
2687 4222 3050 4290 ἐπαγόμεναι.
3092 4218 3400 4289 μεταϐᾶσαί
3452 4235 3510 4270 τε
3561 4219 3669 4269 άπδ
3699 4218 3796 4269 τοῦ
3836 4219 4003 4271 Θανά-

2421 4331 2512 4365 του
2544 4316 2622 4375 εἰς
2651 4314 2746 4381 τὴν
2772 4313 2914 4379 ζωὴν
2944 4312 3050 4362 τῶι
3082 4313 3137 4362 ἐν
3171 4311 3528 4376 ἐπαγγελίαις
3549 4310 3759 4360 ὲκεῖῦεν
3799 4311 4004 4380 κλήρου

2420 4406 2750 4475 νομήσωμεν
2777 4403 3019 4469 ἀγαθῶν.

2491 4499 2563 4552 Δ’.
2601 4497 2776 4552 Τῶνδε
2835 4497 2940 4548 τῶν
2977 4496 3239 4566 ῥημάτων
3278 4495 3305 4547 ὁ
3355 4494 3621 4564 δυσσεϐὴς
3657 4495 3756 4566 τὴν
3789 4497 4007 4549 ἐλευθε-

728 4590 1053 4659 sapientiam
1082 4591 1384 4643 admiratus
1408 4600 1491 4643 est
1521 4593 1740 4660 impius.
1767 4592 1835 4649 Ut
1865 4596 1958 4662 qui
1990 4605 2168 4649 autem
2202 4598 2308 4665 iam

2430 4595 2546 4665 ρίαν
2589 4595 2683 4647 καὶ
2734 4595 2792 4645 rb
2833 4592 2971 4662 μετὰ
3013 4589 3327 4662 παρρησίας
3375 4589 3664 4642 εὐσύνετον
3723 4589 3816 4642 διὰ
3875 4589 4006 4643 θαύ-

731 4683 912 4752 primo
929 4683 1071 4736 facto
1097 4682 1342 4752 periculo
1376 4692 1523 4738 esset
1574 4696 1886 4753 superatus.
1930 4695 2058 4742 tunc
2089 4689 2308 4757 quidem

731 4777 941 4830 distulit
967 4776 1236 4845 virginum
1262 4778 1739 4844 interrogationem
1775 4795 1788 4842 ;
1830 4781 1967 4848 apud
2022 4783 2309 4850 quamdam

734 4879 914 4922 autem
931 4868 1209 4921 mulierem
1234 4869 1442 4922 ordinis
1460 4870 1743 4932 senatorii,
1765 4874 2308 4934 nomincl’alladiam.

735 4961 886 5029 jubet
915 4976 1009 5015 eas
1043 4975 1166 5013 cum
1187 4971 1358 5014 matre
1383 4963 1610 5028 servari,
1645 4965 1918 5033 imperans
1942 4974 1997 5017 ut
2028 4981 2121 5021 cas
2152 4968 2310 5024 tertio

734 5052 819 5106 die
852 5052 1184 5120 produceret
1213 5052 1278 5106 ad
1313 5054 1800 5110 examinationcm.
1839 5055 1944 5111 Illa:
1979 5067 2158 5110 autem
2201 5060 2312 5140 otio

731 5148 873 5216 quod
893 5147 972 5201 eis
993 5148 1177 5202 datum
1198 5147 1393 5212 fuerat,
1423 5159 1566 5204 recte
1589 5159 1805 5204 utentes
1833 5152 2068 5204 animum
2085 5153 2310 5206 adhibe-

735 5245 862 5298 bant
891 5242 1068 5308 matri,
1099 5258 1218 5312 quae
1249 5243 1327 5297 eis
1359 5245 1622 5298 suadebat
1653 5261 1712 5298 ea
1745 5246 1941 5313 quibus
1988 5255 2101 5299 erat
2153 5262 2308 5317 opus.

737 5334 1121 5390 Dicebatenim
1156 5337 1392 5408 ciszEgo
1423 5338 1662 5407 quidem,
1686 5354 1718 5392 ο
1749 5339 1957 5394 dilecta“:
1995 5341 2134 5402 ﬁliae,
2186 5357 2307 5394 cum

737 5445 829 5485 vos
861 5429 1160 5483 Secundum
1197 5446 1417 5485 carnem
1449 5434 1780 5500 genuissem,
1814 5433 2223 5487 omnidoctrina
2255 5443 2308 5487 ct

733 5525 903 5578 sacris
933 5523 1152 5579 Litteris
1178 5525 1374 5580 erudii.
1410 5523 1681 5589 Quoniam
1731 5536 1908 5580 autem
1966 5537 2310 5596 tempus~vos

735 5624 889 5669 vocat
924 5615 986 5668 ad
1006 5626 1303 5678 certamen,
1331 5630 1575 5669 meorum
1608 5617 1896 5672 verborum
1931 5618 2141 5673 fructus
2170 5636 2307 5688 qua-

732 5706 796 5758 lis
829 5708 919 5770 sit,
953 5707 1001 5760 in
1037 5708 1186 5764 vobis
1226 5718 1519 5777 appareat:
1551 5719 1604 5762 ct
1635 5709 1725 5762 diu
1752 5725 1777 5764 a
1823 5712 1972 5765 vobis
1993 5712 2305 5766 meditatam

835 5885 1071 5954 ‘Matth,
1100 5907 1148 5955 κ,
1181 5889 1270 5942 28.

2425 4705 2591 4757 ματος
2628 4685 3026 4754 ποιησάμενος,
3063 4684 3136 4742 ὼς
3172 4683 3272 4751 ἥδη
3299 4681 3386 4732 διά
3418 4682 3514 4747 τῆς
3548 4682 3770 4752 πρώτης
3807 4685 4006 4754 πείρας

2418 4783 2516 4848 τὴν
2556 4776 2724 4849 ἧτταν
2750 4776 3064 4843 δεξάμενος,
3097 4773 3214 4825 τότε
3291 4774 3387 4842 μὲν
3431 4774 3528 4842 τὴν
3556 4772 3691 4844 πρὸς
3733 4776 3835 4839 τὰς
3865 4794 4008 4845 περ.

2422 4876 2608 4934 Θένους
2651 4868 2918 4942 ἐρώτησιν
2969 4868 3288 4936 ὑπερέθετο,
3328 4867 3475 4934 παρά
3525 4882 3631 4915 τινι
3687 4867 3743 4917 δὲ
3775 4870 4005 4932 γυναικὶ

2419 4965 2528 5018 τῶν
2548 4965 2646 5032 τῆς
2671 4963 2972 5029 συγκλήτου
2998 4959 3224 5022 τάξεως,
3248 4956 3485 5024 τοῦνομα
3507 4955 3805 5027 Παλλαδία,
3835 4975 4005 5028 προσ·

2420 5060 2601 5112 τάττει
2667 5053 3056 5124 φυλάττεσθαι,
3114 5052 3307 5120 τρίτην
3373 5049 3591 5118 ἡμέραν
3646 5057 4005 5119 παραγαγεῖν

2421 5152 2590 5214 αὐτάς
2623 5152 2702 5210 εἰς
2733 5147 3003 5217 ἐρώτησιν
3050 5142 3340 5201 κελεύσας.
3383 5142 3448 5193 Αἱ
3480 5141 3536 5192 δὲ
3569 5141 3670 5211 τὴν
3703 5143 4006 5211 δεδομένην

2422 5246 2619 5316 σχολὴν
2637 5242 2693 5294 εὖ
2725 5241 3041 5306 διαθέμεναι
3083 5240 3149 5306 τῇ
3204 5237 3373 5306 μητρὶ
3401 5238 3692 5304 προσεῖχον
3720 5237 3788 5287 τα
3811 5237 4005 5288 δέοντα

2418 5331 2780 5403 παραινούσῃ.
2821 5328 3013 5395 Ἔλεγε
3053 5327 3161 5396 γὰρ
3211 5327 3398 5388 αὑταῖς
3423 5341 3436 5355 '
3501 5324 3645 5392 Ἐγὼ
3694 5325 3797 5394 μὲν
3831 5328 4000 5397 ὑμᾶς.

2418 5418 2462 5477 ὦ
2506 5426 2671 5476 τέκνα
2726 5419 3057 5488 ποθούμενα,
3115 5417 3174 5470 τὸ
3214 5415 3355 5469 κατὰ
3408 5415 3586 5474 σάρκα
3655 5421 4001 5489 γεννήσασι.

2420 5519 2636 5588 παιδείᾳ
2678 5517 2825 5585 πάσῃ
2854 5513 2946 5565 καὶ
2983 5513 3144 5580 ἱεροῖς
3188 5507 3363 5576 λόγοις
3409 5508 3812 5581 ὲξεθρεψάμην.
3845 5512 4002 5564 Ἐπεὶ

2421 5609 2513 5666 οὖν
2536 5610 2725 5680 καιρδς
2751 5609 2829 5669 είς
2856 5605 3040 5673 ἀγῶνα
3064 5603 3394 5672 παρακαλεῖ,
3424 5604 3451 5654 ὁ
3495 5602 3602 5654 τῶν
3631 5603 3784 5673 ἐμῶν
3822 5605 4002 5674 λόγων

2421 5707 2631 5783 χαρπδς
2687 5706 2889 5768 ὁποῖος,
2937 5703 2992 5757 ἐν
3040 5700 3165 5772 ὑμῖν
3219 5696 3481 5765 ὀροήτωο
3521 5698 3613 5751 καὶ
3664 5697 3738 5770 μὴ
3782 5700 3884 5774 τὴν
3934 5702 4000 5751 ὲκ
