4158 6462
725 367 828 430 503

1976 369 2259 433 MENSIS
2302 375 2341 432 A
2354 374 2450 435 UC
2467 374 2604 434 US'l'
2617 376 2729 436 US.

3881 360 3979 424 504

728 492 986 549 tanquam
1026 480 1127 536 hoc
1182 485 1343 539 modo
1382 501 1483 542 nos
1534 488 1821 542 territurus
1885 496 2105 557 propter
2154 497 2311 540 natu-

2419 489 2486 550 ὡς
2518 489 2595 559 τῷ
2630 492 2816 560 τρόπῳ
2847 491 3018 559 τούτῳ
3049 488 3300 558 ’,εοῦήσων
3334 488 3475 557 ἡμᾶς
3509 481 3596 537 διὰ
3626 480 3721 552 τῆν
3750 479 3983 551 φυσικὴν

733 573 897 631 ralem
944 574 1087 629 inter
1129 591 1230 632 nos
1270 578 1500 633 invicem
1554 580 1994 643 consensionem,
2039 579 2219 633 neseis
2257 587 2307 632 te

729 667 891 722 nobis
950 675 1004 721 et
1066 666 1142 722 illi
1192 674 1520 725 annuntiare
1570 672 1835 728 bonorum
1890 672 2303 743 perfectionem.

729 756 875 822 Quid
945 758 1092 812 enim
1168 758 1501 815 Christianis
1563 772 1741 832 potest
1814 778 1937 819 esse
1987 762 2306 832 jucundius,

732 864 894 918 quam
948 848 1058 919 pati
1108 865 1206 919 pro
1255 850 1511 906 Christo?
1560 853 1784 909 Etiamsi
1826 870 1935 911 non
1982 855 2310 910 haberemus

734 940 889 1004 tales,
939 954 1061 1010 quae
1104 954 1420 1010 sperantur,
1459 947 1946 1011 remuneralitmes,
1993 963 2155 1016 quam
2201 960 2307 997 non

729 1034 917 1105 gloria:
960 1035 1333 1102 praestantiam
1387 1048 1623 1108 superat,
1666 1040 1776 1109 pati
1820 1055 1915 1108 pro
1960 1053 2026 1092 eo
2071 1037 2161 1107 qui
2211 1051 2310 1091 nos

731 1128 1015 1183 formavit?
1043 1129 1270 1194 Quando
1317 1140 1497 1186 autem
1551 1132 1705 1188 nobis
1743 1132 1905 1187 etiam
1945 1141 2189 1201 paratum
2228 1138 2309 1186 cst

731 1236 959 1292 regnum
1013 1221 1295 1280 cmlorum.
1349 1230 1403 1277 et
1452 1223 1673 1286 divitiae,
1718 1223 1771 1275 in
1820 1237 1954 1292 quas
2014 1238 2120 1277 non
2167 1222 2308 1275 cadit

728 1312 1005 1379 interitus,
1057 1325 1109 1370 et
1153 1317 1433 1385 perceptio
1483 1316 1749 1372 bonorum
1812 1330 2163 1376 aeternorum.
2216 1331 2309 1369 co-

726 1403 848 1457 nari
882 1418 983 1458 nos
1034 1405 1319 1459 traducere
1355 1420 1383 1458 a
1415 1418 1598 1461 nostra
1632 1407 1904 1461 sententia
1948 1406 2310 1475 promissione

727 1492 1023 1550 bonorum.
1056 1508 1175 1562 quae
1205 1503 1334 1549 sunt
1360 1496 1424 1549 ad
1471 1506 1706 1567 tempus,
1734 1505 1814 1554 εει
1843 1506 2030 1567 aperta
2076 1496 2305 1550 insania.

728 1584 810 1640 Ne
843 1582 1049 1639 fallaris
1078 1599 1229 1655 ergo.
1274 1587 1461 1656 judex.
1499 1584 1682 1656 Neque
1709 1587 1850 1641 enim
1883 1594 2170 1642 assentans
2201 1595 2313 1640 tra-

730 1676 850 1741 hes,
879 1691 1054 1747 neque
1100 1677 1333 1746 puniens
1362 1693 1461 1731 nos
1505 1688 1791 1733 convertes
1826 1697 1838 1733 :
1881 1678 1974 1733 sed
2021 1687 2149 1732 tunc
2194 1694 2308 1731 ma-

724 1769 902 1834 jorem
952 1767 1147 1823 ati'eres
1191 1770 1522 1835 molestiam,
1568 1771 1611 1825 si
1664 1785 1892 1839 parcens
1946 1770 2092 1832 huic.
2148 1785 2308 1839 quam

2412 582 2545 648 πρὶς
2576 582 2810 651 ἀλλήλας
2836 582 3203 651 συμπάθειαν,
3234 578 3465 648 λέληθας
3497 578 3630 647 ἡμῖν
3668 592 3726 628 τε
3759 573 3980 642 κάκείνη

2411 668 2509 737 τὴν
2572 671 2881 742 τελειότητα
2928 672 3036 724 τῶν
3086 670 3307 740 ἀγαθῶν
3357 667 3871 734 εὐαγγελιζόμενος.
3924 665 3983 715 Τί

2413 764 2519 831 γὰρ
2542 764 2805 833 ἡδύτερον
2834 766 3179 835 Χριστιανοῖς
3206 762 3295 815 τοῦ
3325 762 3464 829 ὑπὲρ
3492 757 3735 830 Χριστοῦ
3766 757 3977 819 παθεῖν;

2414 856 2521 908 Καὶ
2551 858 2599 908 εί
2638 856 2714 926 μὴ
2742 855 3001 917 τοιαύτας
3033 853 3393 923 ὲλπιζομένας
3421 853 3645 921 εἴχομεν
3663 848 3983 910 ἀντιδόσεις,

2411 948 2526 1002 ἀλλ’
2558 950 2691 1003 αὑτό
2720 966 2782 1015 γε
2836 948 2894 1002 τὸ
2926 948 3152 1016 πάσχειν
3204 946 3342 1014 ὑπὲρ
3388 944 3482 998 τοῦ
3530 942 3839 999 πλάσαντος
3874 939 3985 991 τίνα

2410 1039 2567 1108 ὁὺξης
2599 1039 2907 1110 ὑπερϐολὴν
2938 1037 3257 1093 καταλείπει
3281 1053 3296 1101 ;
3323 1036 3493 1088 Ὅταν
3528 1034 3584 1087 δὲ
3614 1032 3709 1086 καὶ
3741 1030 3985 1100 οὐρανῶν

2411 1131 2544 1200 ημῖν
2571 1130 2927 1202 ἒτοιμὰζηται
2970 1131 3239 1201 βασιλεία,
3275 1128 3371 1180 καὶ
3411 1127 3640 1186 πλοῦτος
3680 1123 3981 1192 ἄφθαρτος,

2411 1220 2503 1272 καὶ
2531 1219 2765 1272 αίωνίων
2790 1219 3090 1281 ἀπόλαυσις
3118 1216 3358 1285 ἀγαθῶν,
3384 1213 3444 1266 τὸ
3469 1213 3829 1283 μεταπείσειν
3852 1212 3983 1271 ὅλως

2412 1306 2707 1376 ἐπιχειρεῖν
2750 1304 2970 1374 ἀγαθῶν
3015 1306 3368 1375 προσκαίρων
3402 1302 3784 1370 ἐπαγγελίαις,
3812 1298 3989 1368 μωρία

2412 1399 2608 1468 σλφής.
2643 1397 2733 1468 Μὴ
2762 1399 2942 1451 τοίνυν
2981 1398 3195 1461 ἀπατῶ,
3217 1395 3446 1450 δικαστά
3470 1411 3484 1424 ·
3518 1392 3641 1445 οὕτε
3678 1394 3790 1461 γὰρ
3827 1390 3987 1441 κολα-

2413 1487 2588 1540 κεύων
2634 1486 2906 1551 ἑλκύσεις,
2952 1486 3075 1539 οὔτε
3110 1484 3352 1548 κολάζων
3406 1482 3772 1554 μετατρέψεις
3804 1480 3986 1548 ἡμᾶς’

2411 1577 2548 1631 ἀλλά
2589 1577 2709 1631 τότε
2748 1578 2949 1648 μᾶλλον
2994 1578 3258 1642 ἀνιάσεις,
3302 1577 3419 1643 εἴγε
3473 1573 3793 1642 φειδόμενος
3834 1570 3990 1639 ἡμῶν

2410 1661 2509 1738 τῆς
2549 1670 2692 1740 μέγα
2744 1669 2894 1740 παρά
2941 1670 3025 1722 σοὶ
3076 1668 3279 1738 ταύτης
3323 1664 3693 1737 νομιζομένης
3728 1663 3983 1732 νεότητος

2413 1766 2508 1816 καὶ
2558 1761 2659 1833 τῆς
2702 1760 2871 1833 ὥρας,
2913 1762 2975 1815 ού
3012 1762 3254 1831 χαλεπάς
3288 1759 3511 1825 ἐπάξεις
3552 1759 3649 1819 τάς
3698 1754 3950 1816 κολάσεις
3975 1770 3988 1783 ο

732 1866 788 1912 tu
825 1859 1164 1926 magnifacis,
1198 1860 1468 1928 juventuti
1516 1874 1572 1915 et
1604 1859 2024 1931 pulchritudini,
2069 1876 2178 1914 non
2234 1860 2309 1915 sis

2419 1855 2717 1927 ζημιώσεις
2754 1855 2865 1926 γάρ
2901 1856 3124 1915 πάντως
3164 1854 3276 1906 τῶν
3326 1852 3587 1923 μειζόνων
3636 1847 3865 1917 ἀγαθῶν
3898 1846 3993 1913 τὴν

725 1966 918 2022 graves
944 1950 1191 2007 illaturus
1224 1953 1519 2009 cruciatus.
1561 1952 1671 2008 Nos
1700 1954 1842 2007 enim
1878 1953 2079 2009 damno
2110 1953 2311 2010 aiiicies

732 2042 999 2111 majorum
1056 2041 1328 2097 bonorum
1367 2043 1849 2099 remunerationis.
1890 2044 2179 2114 Postquam
2213 2060 2311 2099 au-

731 2132 867 2188 divit
900 2132 1068 2203 judex
1110 2132 1251 2188 hanc
1315 2132 1521 2189 ﬁrmam
1555 2144 1611 2190 et
1649 2144 1991 2191 constantem
2029 2136 2307 2190 defensio-

731 2242 855 2281 nem
886 2226 1071 2283 statuit
1114 2242 1208 2284 eas
1239 2241 1491 2299 separare
1523 2243 1553 2283 a
1581 2243 1639 2283 se
1687 2228 1941 2292 invicem,
1985 2238 2039 2284 et
2070 2230 2309 2300 singula-

731 2320 826 2372 tim
875 2332 968 2373 eas
1014 2318 1285 2374 adducere
1314 2321 1381 2372 ad
1421 2319 1901 2387 examinationcm,
1937 2329 1994 2374 nt
2039 2320 2120 2375 sic
2171 2336 2308 2390 quo-

727 2425 834 2481 que
865 2425 959 2465 eas
1004 2410 1209 2482 majore
1242 2409 1488 2468 aﬁ‘iceret
1538 2411 1804 2475 molestia,
1843 2419 1900 2465 ut
1937 2412 2015 2466 eis
2066 2422 2311 2466 uteretur

729 2503 1198 2560 imbecillioribus.
1242 2504 1377 2560 Cum
1406 2514 1588 2559 autem
1622 2504 2014 2575 interrogasset
2043 2505 2109 2560 de
2155 2514 2310 2562 relate

727 2608 783 2653 et
811 2597 1124 2653 nominibus
1150 2597 1601 2669 uniuscujusque,
1632 2608 1687 2654 et
1716 2613 1746 2653 a
1780 2606 1956 2655 matre
1987 2599 2306 2669 accepisset,

731 2708 895 2747 unam
927 2691 1148 2763 quidem
1190 2692 1369 2748 vocari
1397 2692 1609 2758 Fidem,
1650 2702 1706 2748 et
1740 2694 1850 2763 jam
1902 2708 2061 2764 agere
2103 2708 2307 2747 annum

728 2784 1045 2852 duodecim;
1080 2785 1303 2840 alteram
1335 2793 1515 2840 autem
1545 2784 1761 2840 duobus
1791 2785 1950 2839 annis
1983 2800 2103 2840 esse
2129 2785 2310 2855 priore

731 2876 1024 2942 minorem,
1071 2892 1191 2944 quae
1224 2885 1451 2932 vocatur
1487 2876 1656 2946 Spes;
1708 2876 1923 2931 tertiam
1980 2887 2163 2932 autem
2211 2894 2309 2933 no-

731 2968 925 3024 minari
1002 2968 1219 3040 quidem
1303 2967 1655 3034 Charitatem,
1736 2983 1844 3024 uno
1910 2978 2090 3024 antem
2168 2985 2311 3025 anno

729 3077 852 3119 esse
903 3062 1146 3118 secunda
1199 3062 1513 3116 minorem:
1568 3060 1799 3131 primam
1852 3062 2015 3132 jussit
2073 3062 2310 3132 primum

2416 1946 2713 2001 ἀντίδοσιν.
2756 1945 2973 2016 Ταύτην
3024 1946 3100 2009 ὡς
3146 1947 3346 2016 ἢκουσε
3379 1945 3478 2009 τὴν
3518 1942 3683 2010 ἀτενῆ
3731 1941 3832 1994 καὶ
3863 1940 3996 1992 aind-

2414 2058 2566 2092 τονον
2598 2041 2626 2093 ὁ
2656 2039 2893 2104 δικάζων
2926 2039 3249 2107 ἀπολογίαν,
3283 2038 3425 2107 ἔγνω
3456 2037 3649 2091 διελεῖν
3686 2034 3861 2095 αὐτὰς
3897 2030 3995 2086 ἀπ’

2412 2132 2679 2200 ἀλλήλων,
2726 2133 2821 2185 καὶ
2871 2131 3015 2184 κατὰ
3064 2131 3196 2192 μίαν
3253 2130 3495 2197 εἰσάγειν
3540 2125 3674 2196 πρὸς
3702 2126 3807 2195 τὴν
3857 2122 3994 2191 ἐρώ-

2411 2223 2602 2292 τησινξ,
2641 2224 2727 2276 ἵνα
2756 2223 2849 2276 καὶ
2899 2223 3099 2291 μᾶλλον
3130 2221 3271 2275 οὕτω
3313 2222 3554 2292 λυπήσῃ,
3591 2218 3687 2270 καὶ
3716 2218 3792 2279 ὡς
3829 2215 3996 2268 ἀσθε-

2415 2316 2696 2386 νεστέραις
2754 2315 3046 2384 χρήσαιτο.
3119 2313 3435 2384 Ἐρωτήσας
3479 2311 3535 2364 δὲ
3580 2308 3844 2380 καὶπερὶ
3895 2306 3997 2373 τῆς

2412 2406 2630 2476 ἡλικίας
2678 2406 2913 2476 ἑκάστης
2961 2405 3058 2458 καὶ
3116 2403 3247 2475 περὶ
3275 2403 3385 2457 τῶν
3410 2403 3710 2473 ὀνομάτων,
3757 2398 3858 2453 καὶ
3884 2398 3995 2451 ὑπὸ

2412 2501 2513 2569 τῆς
2559 2497 2971 2569 γεννησαμένης
3007 2496 3217 2567 μαθὼν,
3257 2495 3354 2568 τὴν
3411 2494 3510 2567 μὲν
3560 2494 3749 2546 Πίστιν
3790 2509 3852 2545 τε
3892 2508 3994 2545 κα-

2411 2591 2622 2646 λεῖσθαι
2660 2592 2754 2644 καὶ
2788 2591 2891 2661 ⁸ίίγδη
2920 2589 3223 2644 δωδέκατον
3259 2588 3379 2650 ἔτος
3404 2586 3585 2641 ἀνύειν
3606 2602 3617 2617 ·
3648 2583 3748 2655 τὴν
3782 2582 3842 2636 δὲ
3876 2581 4000 2635 δυσὶ

2416 2684 2630 2757 χρὸνοις
2663 2683 3063 2752 λείπεσθαιτῆς
3090 2680 3367 2752 προτέρας
3388 2674 3457 2750 ἦς
3480 2679 3513 2747 ἡ
3542 2677 3735 2745 κλῆσις
3768 2673 3957 2734 Ἐλπίς
3977 2711 3989 2723 .

2412 2781 2512 2850 τὴν
2540 2778 2597 2831 δὲ
2626 2777 2819 2849 τρίτην
2854 2776 3106 2847 Ἀγάπην
3146 2774 3244 2845 μὲν
3272 2768 3657 2839 ὀνομάζεσθαι,
3692 2766 3779 2821 ἑνὶ
3812 2766 3871 2819 δὲ
3900 2768 3997 2833 τῆς

2412 2875 2673 2946 δευτέρας
2724 2874 2969 2944 ὑστερεῖν
3010 2871 3119 2925 ἔτει
3157 2872 3258 2941 τὴν
3302 2866 3525 2939 πρώτην
3558 2863 3998 2936 παραντησάμεο

2415 2986 2504 3031 νος
2524 2985 2538 3000 ⁸
2571 2967 2766 3030 Θῦσον,
2795 2960 2839 3021 ὧ
2874 2966 3076 3030 νεανὶς,
3124 2964 3301 3031 ἔλεγε,
3329 2965 3396 3032 τῇ
3432 2958 3711 3032 ’Δρτέμιδι
3737 2975 3752 2991 σ
3780 2958 3843 3011 οὐ
3876 2969 3999 3011 και-

2416 3062 2505 3114 νόν
2555 3075 2636 3111 σοι
2660 3056 2817 3110 τοῦτο
2839 3055 3251 3127 προστάττομεν
3278 3053 3339 3106 τὸ
3361 3052 3665 3122 ἐπίταγμα,
3701 3048 3821 3105 ἀλλ’
3861 3048 3999 3117 ὅπερ

730 3156 982 3229 produci,
1019 3166 1119 3210 et:
1157 3155 1438 3219 Sacriﬁca,
1474 3154 1630 3218 dixit,
1670 3153 1868 3218 Dianae,
1909 3171 1941 3209 ο
1991 3156 2305 3211 adolescen-

2419 3152 2482 3203 ἐκ
2509 3146 2706 3202 πολλοῦ
2739 3146 2845 3218 ἤδη
2896 3145 2989 3199 καί¹
3019 3144 3147 3217 παρ’
3178 3143 3337 3215 ἡμῶν
3367 3141 3599 3210 γίνεται.

734 3249 844 3305 tuia
890 3266 904 3303 :
941 3263 1049 3304 non
1095 3249 1200 3305 hoc
1252 3247 1348 3303 tibi
1385 3263 1588 3303 novum
1640 3247 1988 3318 imperamus,
2038 3248 2131 3302 sed
2167 3250 2310 3319 quod

733 3358 763 3399 a
796 3339 952 3396 nobis
992 3339 1208 3409 quoque
1251 3339 1310 3394 lit
1340 3338 1570 3408 jamdiu.

812 3431 922 3488 Vll.
956 3432 1047 3486 Illa
1081 3441 1263 3487 autem
1297 3442 1552 3500 tanquam
1581 3447 1647 3486 eo
1678 3430 1794 3501 ipso
1840 3431 1997 3485 vellet
2025 3430 2311 3487 ostendere

734 3538 835 3580 eos
860 3524 1060 3579 frustra
1094 3524 1241 3595 ipsas
1274 3538 1580 3594 separasse,
1615 3524 1858 3578 volentes
1882 3539 1945 3577 ex
1982 3523 2153 3577 tribus
2184 3537 2314 3576 con-

740 3625 939 3674 textam
1003 3615 1375 3673 comminuere
1434 3624 1702 3677 catenam,
1763 3623 1819 3670 ut
1869 3613 1959 3685 qui
2003 3612 2315 3685 ignorarent

736 3725 858 3764 esse
893 3710 940 3762 ci
997 3724 1061 3762 ex
1117 3710 1226 3763 alto
1282 3709 1562 3763 audaciam
1612 3717 1664 3761 et
1705 3708 2030 3771 doctrinam,
2081 3724 2312 3772 quonam

738 3802 945 3863 scilicet
1019 3803 1177 3857 modo
1236 3809 1485 3871 oporteat
1550 3799 1881 3870 respondere
1918 3799 2007 3852 :0
2060 3807 2312 3863 vestram,

738 3895 971 3959 dicebat,
1012 3912 1134 3964 quae
1167 3895 1219 3947 in
1254 3894 1581 3964 profundum
1621 3909 1790 3963 usque
1840 3902 2108 3961 penetrat,
2159 3892 2313 3946 caeci-

741 3999 926 4047 tatem,
984 3986 1074 4056 qui
1138 3993 1243 4039 tam
1314 3986 1510 4041 misere
1559 3984 1924 4044 caacutientes,
1998 3982 2117 4035 allis
2153 3983 2315 4035 etiam

739 4077 904 4133 vultis
935 4092 1054 4132 esse
1097 4076 1197 4130 viae
1233 4075 1399 4129 duces
1434 4092 1450 4129 :
1480 4086 1535 4130 et
1566 4090 1754 4145 cogere
1789 4074 1973 4138 vultis,
2015 4082 2074 4127 ut
2124 4087 2316 4142 proce-

737 4173 929 4227 damus
962 4170 1240 4225 vobiscum
1271 4168 1339 4223 ad
1369 4169 1615 4223 eamdem
1646 4168 1785 4222 viain
1830 4166 2118 4221 interitus!
2157 4165 2318 4231 Quis-

740 4280 865 4319 nam
907 4276 1088 4318 autem
1126 4263 1311 4326 homo,
1350 4262 1393 4314 si
1425 4259 1619 4327 sapiat,
1671 4257 2090 4329 persuadebitur
2119 4273 2148 4310 a
2190 4272 2319 4310 vero

740 4356 960 4427 quidem
1008 4354 1118 4410 Deo
1158 4352 1433 4414 recedere,
1469 4350 1625 4417 cujus
1673 4365 1930 4403 manuum
1984 4363 2146 4417 opera
2194 4356 2321 4400 sunt

741 4450 862 4503 (‘tnli
897 4459 951 4503 et
995 4456 1158 4513 terra,
1199 4456 1254 4501 et
1280 4444 1461 4499 omnia
1496 4458 1613 4513 qua:
1642 4450 1770 4497 sunt
1800 4442 1853 4494 in
1882 4441 1961 4495 eis
1997 4458 2010 4493 :
2041 4438 2108 4495 ad
2156 4454 2319 4509 opera

2487 3416 2557 3467 Z'.
2608 3411 2671 3465 Ἡ
2704 3409 2762 3465 δὲ
2793 3409 2981 3481 ὥσπερ
3012 3406 3241 3463 αὐτόθεν
3279 3402 3654 3469 ὲπ.δείξασθαι
3686 3399 3991 3472 βουλομένη

2416 3508 2498 3560 ὅτι
2533 3506 2623 3559 ἐπὶ
2654 3505 2873 3577 ματαίῳ
2907 3503 3006 3575 τὴν
3033 3500 3304 3571 διαίρεσιν
3328 3490 3511 3553 ἀύτῶν
3540 3496 3875 3567 ἐποιήσαντο
3905 3494 4002 3563 τὴν

2417 3602 2479 3653 ἐκ
2521 3597 2690 3669 τριῶν
2743 3595 2932 3666 σειράν
2983 3592 3246 3646 λεπτῦναι
3292 3590 3625 3660 βουλόμενοι,
3676 3587 4005 3655 ἀγνοοῦντες

2417 3696 2497 3746 ὅτι
2532 3690 2740 3746 ἀνωθεν
2784 3688 2847 3743 τὸ
2898 3687 3099 3761 θάρσος
3147 3684 3365 3747 αὐταῖς,
3414 3682 3508 3733 καὶ
3560 3678 3721 3751 ητοῦ
3772 3679 3895 3741 πῶς
3925 3679 4005 3730 δεῖ

2419 3784 2809 3853 ἀπολογεῖσθαι
2857 3777 3217 3835 διδασκαλίαυ
3256 3776 3322 3827 Ὢ
3370 3774 3469 3844 τῆς
3517 3774 3595 3836 είς
3653 3769 3822 3841 βάθος
3850 3770 4006 3841 ὑμῶν

2418 3874 2800 3946 διικνουμένης
2858 3870 3193 3944 πωρώσεως,
3236 3866 3459 3937 ἔλεγεν
3504 3866 3554 3920 οἳ
3611 3864 3820 3927 ἀθλίως
3864 3863 4008 3917 οὕτω

2420 3970 2848 4039 τυφλώττοντες,
2911 3966 3008 4019 καὶ
3060 3965 3270 4036 ἑτέροις
3319 3957 3458 4015 εἶναι
3500 3960 3683 4025 ὁδηγοὶ
3720 3956 4003 4026 βούλεσθε,

2422 4065 2514 4114 καὶ
2548 4061 2681 4131 πρὸς
2719 4060 2817 4129 τὴν
2862 4055 3032 4128 αὐτὴν
3082 4055 3213 4125 ὑμῖν
3271 4053 3524 4123 χωρῆσαι
3573 4050 3671 4121 τῆς
3726 4048 4007 4110 ἀπωλείας

2422 4158 2537 4209 ὁδὸν
2595 4151 2959 4221 ἀναγκάζετε.
3023 4148 3119 4212 Τίς
3173 4148 3222 4202 δ’
3268 4148 3336 4202 ἂν
3376 4143 3657 4216 εύφρονῶν
3713 4140 4005 4214 ἄνθρωπος

2425 4245 2677 4316 πεισθείη
2737 4241 3047 4311 ἀποστῆναι
3102 4241 3201 4309 μὲν
3260 4238 3354 4291 τοῦ
3409 4234 3664 4306 ἀληθινοῦ
3731 4234 3911 4297 Θεοῦ,
3944 4228 4005 4287 οῦ

2425 4338 2563 4405 ἔργα
2620 4333 2819 4405 χειρῶν
2880 4329 3107 4401 οὐρανὸς
3161 4327 3258 4381 καὶ
3318 4328 3387 4397 γῆ
3447 4323 3542 4378 καὶ
3587 4323 3656 4377 ea
3701 4323 3761 4375 ὲν
3820 4323 4006 4385 αὐτοῖς

2426 4430 2683 4489 ἅπαντα,
2732 4423 2915 4493 ἔργοις
2961 4421 3018 4475 δὲ
3076 4417 3277 4491 χειρῶν
3336 4417 3697 4488 ἀνθρωπίνων
3730 4413 3808 4479 ὡς
3866 4414 4009 4476 θεοῖς

742 4550 925 4599 autem
958 4553 1217 4594 manuum
1259 4537 1568 4597 hominum,
1611 4544 1863 4604 tanquam
1899 4534 1964 4589 ad
2004 4534 2133 4589 deos
2168 4545 2314 4588 acce-

2432 4517 2776 4593 προσελθεϊν,
2829 4516 2923 4570 καὶ
2976 4513 3156 4577 αὐτοῖς
3191 4513 3219 4564 ὁ
3268 4511 3391 4564 νοῦν
3427 4510 3564 4579 ἔχων
3604 4509 3857 4578 ἀνοήτοις
3887 4505 4010 4560 οὖσι

740 4636 890 4701 dere,
919 4643 978 4687 et
1014 4630 1077 4686 iis
1120 4644 1238 4700 qua:
1287 4637 1415 4683 sunt
1465 4626 1663 4681 mentis
1717 4626 1979 4696 expertia,
2024 4634 2078 4679 et
2123 4625 2318 4695 surda,

741 4726 903 4796 eliget
932 4722 1139 4778 cultum
1178 4720 1417 4775 oﬂ‘erre?
1444 4717 1629 4772 Fuerit
1677 4718 1780 4773 hoc
1820 4732 2066 4772 summus
2108 4725 2318 4784 stupor,

743 4826 797 4871 et
833 4826 939 4872 tam
982 4829 1173 4870 eorum
1200 4812 1289 4882 qui
1328 4810 1542 4881 jubent,
1582 4825 1740 4879 quam
1773 4811 1862 4878 qui
1897 4817 2105 4879 parent,
2136 4824 2322 4863 amen-

749 4910 841 4963 tia.
875 4908 982 4962 Fac
1026 4922 1157 4977 ergo
1207 4904 1349 4976 quod
1390 4902 1493 4966 vis,
1546 4911 1599 4956 et
1638 4900 1836 4972 quibus
1884 4901 1966 4954 vis
2023 4915 2121 4953 nos
2174 4899 2323 4953 trade

749 5000 922 5055 malis.
970 4999 1157 5054 Melius
1201 5008 1283 5054 est
1326 4997 1471 5052 enim
1516 4996 1663 5064 prius
1706 4994 1815 5064 pati
1844 4991 2046 5055 omnia,
2076 4991 2204 5046 dum
2236 5005 2325 5044 sa-

747 5097 949 5164 pimus,
1001 5107 1163 5163 quam
1219 5088 1533 5161 persuaderi
1585 5100 1642 5144 ut
1705 5086 1825 5141 talia
1868 5086 2150 5140 faciamus.
2196 5082 2326 5149 Quae

748 5189 891 5242 dicta
952 5186 1188 5251 fuerant,
1246 5182 1458 5253 replent
1498 5180 1573 5233 ira
1623 5181 1896 5248 judicent;
1936 5187 1989 5231 et
2035 5193 2158 5231 cum
2214 5191 2325 5229 non

752 5290 938 5349 posset
971 5282 1323 5347 persuadere,
1360 5275 1428 5330 ad
1478 5272 1581 5326 vim
1627 5272 1931 5328 faciendam
1977 5285 2035 5324 se
2070 5270 2323 5323 contulit.

746 5373 905 5427 Jubet
942 5384 1071 5441 ergo
1092 5368 1140 5422 ei
1180 5367 1340 5422 adimi
1374 5373 1605 5429 vestem,
1639 5373 1693 5418 et
1723 5363 1973 5417 manibus
2018 5376 2160 5431 pone
2205 5360 2326 5414 vin-

752 5460 876 5525 etis,
917 5476 1038 5514 cam
1073 5456 1239 5529 virgis
1274 5454 1550 5512 verberari
1586 5453 1948 5525 gravissimis.
1981 5452 2116 5505 Cum
2147 5460 2327 5503 autem

751 5553 1088 5625 experientia
1154 5549 1416 5619 majorem
1477 5546 1792 5603 osmnderet
1862 5543 2225 5600 constantiam
2277 5549 2329 5595 et

754 5644 1189 5701 vehementiores
1238 5640 1489 5713 spiritus,
1548 5650 1602 5694 et
1648 5643 1872 5706 martyr,
1930 5652 2038 5691 non
2092 5645 2149 5689 ut
2212 5648 2331 5702 quae

756 5739 920 5809 virgis
976 5734 1292 5799 crederetur,
1332 5734 1427 5789 sed
1486 5740 1545 5786 ut
1598 5745 1719 5801 qua:
1776 5730 1909 5785 rosis
1960 5737 2323 5797 spargeretor,

759 5833 934 5903 potius
965 5839 1107 5885 esset
1138 5824 1352 5893 aﬂecta,
1390 5840 1455 5879 ne
1488 5824 1749 5879 vibicibus
1782 5820 1992 5890 quidem
2024 5821 2074 5874 in
2107 5834 2329 5887 corpore

2427 4616 2517 4667 καὶ
2535 4613 2738 4680 κωφοῖς
2756 4608 3135 4678 προσαγαγεῖν
3155 4603 3443 4674 λατρείανς
3469 4600 3617 4671 δεινὴ
3644 4599 3804 4652 τοῦτο
3830 4615 4013 4668 παρα-

2426 4704 2651 4775 πληξία,
2682 4701 2850 4769 δεινὴ,
2885 4700 2981 4751 καὶ
3010 4698 3118 4749 τῶν
3152 4696 3515 4747 κελευόύντων
3551 4691 3646 4744 καὶ
3682 4691 3795 4742 τῶν
3828 4689 4015 4741 πειθο-

2430 4802 2606 4868 μένων
2630 4798 2808 4850 ἀνοια.
2839 4792 3055 4861 Πρᾶττε
3084 4786 3378 4857 τοιγαροῦν
3399 4786 3427 4838 ὃ
3458 4784 3663 4857 βούλει,
3693 4782 3788 4835 καὶ
3824 4777 3909 4846 οἷς
3945 4783 4011 4836 ἃν

2429 4891 2609 4961 βούλει
2657 4885 2955 4953 παραδίδου
3006 4885 3223 4945 κακοῖς’
3266 4882 3479 4952 βέλτιον
3526 4881 3635 4946 γὰρ
3666 4876 3853 4930 πάντα
3909 4895 4013 4931 πα-

2429 4980 2540 5032 θεῖν
2580 4979 2869 5049 πρότερον,
2922 4975 3027 5038 ἕως
3074 4972 3133 5025 τὸ
3186 4974 3408 5040 φρονεῖν
3450 4968 3666 5039 ἔχομεν,
3704 4969 3737 5037 ἦ
3780 4968 4014 5021 τοιαῦτα

2428 5072 2626 5143 δρᾶσαι
2663 5072 2976 5139 πεισθῆναι.
3020 5062 3207 5134 Θνμοῦ
3247 5065 3318 5117 τὰ
3353 5063 3591 5134 ρηθέντα
3612 5059 3889 5131 πληροῦσι
3918 5061 4014 5114 τὸν

2430 5162 2691 5232 δικαστὴν
2729 5163 2821 5214 καὶ
2853 5160 2946 5213 τοῦ
2976 5159 3182 5210 πείθειν
3217 5158 3506 5229 ἀπορήσας
3537 5155 3739 5225 ἐχώρει
3782 5152 3926 5223 πρὸς
3954 5156 4017 5206 τὸ

2435 5258 2739 5328 βιάζεσθαι.
2777 5252 3001 5305 Κελεύει
3029 5251 3235 5322 ταύτης
3265 5250 3623 5321 ἀφαιρεῖσθαι
3652 5248 3753 5315 τὴν
3778 5245 4013 5318 ἐσθῆτα,

2433 5353 2526 5405 καὶ
2558 5352 2745 5421 χεῖρας
2784 5346 2961 5399 ὀπίσω
2991 5346 3239 5399 δεθεῖσαν
3293 5343 3512 5415 ῥάϐδοις
3548 5337 3877 5411 βαρυτάτοις
3910 5337 4012 5390 τύ-

2432 5440 2683 5494 πτεσθαι.
2716 5437 2871 5490 Ἐπεὶ
2903 5436 2960 5491 δὲ
2990 5438 3155 5489 πλέον
3185 5435 3217 5503 ἡ
3253 5436 3417 5506 πεῖρα
3435 5432 3496 5487 τὸ
3535 5428 3764 5501 στερρὸν
3794 5427 4011 5482 ὶδείκνυ

2433 5535 2527 5588 τοῦ
2576 5532 2947 5604 φρονήματος,
2978 5530 3073 5582 καὶ
3115 5529 3148 5594 ἠ
3183 5527 3391 5597 μάρτυς
3416 5528 3494 5588 ὡς
3524 5523 3586 5577 οὐ
3616 5520 4008 5593 ραὀδιζομένη,

2438 5608 2572 5683 ἀλλὰ
2604 5626 2778 5699 psam;
2820 5624 3019 5695 μᾶλλον
3083 5617 3677 5697 βαλλομένηδιέκειτο,
3718 5628 3796 5683 μη
3830 5611 3857 5662 ι
3897 5627 4015 5678 μω-

2438 5722 2636 5775 λώπιον
2694 5716 2772 5788 τῷ
2832 5717 3045 5787 σώματι
3107 5711 3281 5781 αὐτῆς
3344 5705 3809 5779 ἐπιφαινομένων.
3875 5700 4017 5770 πρὸς

2440 5815 2696 5885 ὡμότητα
2738 5809 2940 5878 μᾶλλον
2973 5809 3000 5858 ὁ
3047 5805 3333 5877 δικαστὴς,
3366 5802 3667 5872 ἠρεθίζετο,
3708 5793 3798 5847 καὶ
3826 5792 4017 5868 ipes;
