4158 6530
151 477 245 537 505
920 474 1024 531 MA
1039 472 1259 531 R'l‘YRl
1274 471 1381 531 UM
1435 470 1497 531 S.
1541 468 1735 529 SOPH

1841 512 1844 525 .
1888 469 1979 527 ET
2017 468 2395 530 FILIARUM
2441 473 2645 535 EJUS.
3292 476 3395 540 506

158 589 323 658 ιέρους
372 588 543 657 αὐτῆς
571 585 877 656 ἐκκοπῆναι
903 585 1029 648 τοὺς
1079 583 1318 654 μαστοὺς
1350 582 1705 652 προστάττει.
1737 632 1739 639 ι

1842 580 1931 649 jus
1963 584 2375 652 apparentibus,
2413 584 2742 639 incitabatur
2767 584 3122 655 magisjudex
3169 588 3237 643 ad
3269 605 3399 646 cru-

155 681 248 733 Ka‘t
278 675 347 749 ἦν
383 680 515 732 ἰδεῖν
549 680 608 729 ὲν
641 678 817 746 τούτῳ
864 676 1147 747 τεράστιόν
1182 693 1234 727 τι
1268 676 1500 744 πρᾶγμα
1530 688 1712 726 καινο-

1841 674 2105 739 lelitatem,
2141 687 2196 730 et
2222 677 2375 745 jubet
2398 678 2447 731 ei
2486 677 2750 732 mamillas
2788 678 3059 733 exscindi.
3098 678 3235 734 Tum
3266 682 3401 738 lice-

154 772 503 841 τομούμενον.
535 771 684 825 ’Λντὶ
708 771 819 839 γὰρ
865 769 1098 838 αἵματος
1141 767 1361 838 κρουνοὶ
1414 766 1712 837 κατέρρεον

1841 777 1906 821 lat
1936 767 1991 821 in
2031 783 2094 822 ea
2149 769 2337 823 videre
2388 785 2503 823 rem
2553 784 2751 824 novam
2787 778 2843 824 et
2891 770 3283 838 prodigiosam.
3336 767 3398 831 Ei

153 866 417 934 γάλακτος
440 881 453 894 '
506 865 642 934 ὅπερ
689 863 782 916 καὶ
813 864 892 914 ἔτι
940 860 1165 913 πλείονα
1207 859 1285 931 τῷ
1312 858 1589 921 δικάζοντι
1622 856 1714 908 τὸν

1841 858 1960 911 :nim
2010 872 2110 928 pro
2163 862 2429 931 sanguine
2467 860 2709 915 ﬂuebant
2742 860 2840 915 rivi
2870 861 3048 921 lactis.
3082 863 3239 929 Quod
3280 867 3405 936 qui-

153 955 315 1024 θυμὸν
339 955 577 1022 ἀνῆπτε,
610 956 701 1008 καὶ
743 953 873 1024 πρὸς
901 951 1112 1023 ἐσχάρᾳ
1141 950 1568 1021 πυρακτωθείσῃ
1599 950 1716 1001 ἔπι-

1841 949 1938 1002 lem
1989 949 2157 1018 judici
2202 952 2467 1023 majorem
2521 952 2702 1007 adhuc
2749 953 2885 1008 iram
2940 957 3295 1023 accendebat,
3347 969 3406 1015 et

152 1046 363 1115 τεθῆναι
412 1046 617 1115 ταύτην
675 1044 1031 1097 διεκελεύετο.
1096 1041 1238 1097 Ἀλλ’
1285 1042 1476 1110 ὥσπερ
1510 1043 1716 1103 ἐκεῖνος

1841 1056 1984 1109 .upra
2040 1042 2359 1097 candentem
2408 1042 2593 1099 focum
2644 1060 2766 1099 eam
2805 1046 2965 1116 jussit
3012 1047 3243 1117 imponi.
3300 1049 3408 1104 Sed

155 1135 381 1207 πονηρὸς
410 1136 487 1189 ὣν
520 1136 768 1198 ἐπινοίας
807 1135 906 1186 οῦκ
948 1133 1149 1202 ἠπόρει
1177 1130 1313 1200 πρὸς
1343 1132 1402 1182 τὸ
1443 1129 1715 1191 κολάζειν,

1841 1136 2095 1203 ιυοηιοάο
2143 1136 2233 1191 ille
2263 1151 2385 1191 cum
2435 1147 2585 1193 esset
2625 1139 2819 1200 malus,
2868 1138 3025 1194 facile
3064 1142 3409 1213 excogitabat

153 1228 318 1290 οὕτως
336 1227 617 1293 ὁἈγαθδς
650 1226 811 1279 πάλιν
835 1225 923 1279 διὰ
946 1226 1057 1278 τῶν
1087 1224 1443 1293 ἐπαγομένων
1473 1220 1716 1284 δοξάζειν

1841 1224 2084 1292 ιιιρριίοὶιι
2115 1242 2128 1276 :
2164 1226 2236 1279 ita
2264 1226 2425 1279 etiam
2465 1229 2643 1279 bonus
2672 1224 2813 1279 Deus
2856 1240 2953 1295 per
2979 1240 3040 1279 ea
3072 1241 3193 1294 quae
3224 1228 3408 1281 inten-

154 1323 242 1388 τήν
269 1320 435 1387 άγίαν
487 1319 545 1370 οὐ
575 1318 961 1388 διελίμπανενο
994 1321 1131 1387 ὅπερ
1164 1310 1257 1369 οῦν
1307 1311 1589 1366 κάνταῦθα
1636 1309 1721 1378 γί-

1848 1316 2099 1377 abantur,
2136 1326 2378 1371 sanctam
2425 1331 2536 1370 non
2582 1317 2835 1371 cessabat
2886 1316 3215 1387 gloriﬁcare.
3256 1317 3414 1383 Quod

153 1414 313 1463 vetat.
347 1408 421 1461 Τὸ
448 1406 557 1478 πῦρ
586 1407 691 1477 γάρ
719 1400 890 1477 αὐτὴν
923 1407 1093 1476 παρα)
1108 1405 1240 1459 αὸὸν
1268 1404 1455 1473 ἀπαθῆ
1486 1403 1722 1471 διετήρει

1841 1408 1913 1462 iic
1949 1422 2167 1477 quoque
2214 1408 2492 1463 usuvenit.
2528 1407 2666 1463 Nam
2709 1423 2832 1463 cum
2883 1409 3024 1480 ignis
3059 1424 3177 1463 eam
3212 1424 3415 1479 appre-

152 1506 243 1570 τὴν
280 1497 419 1553 ἰδίαν
461 1498 732 1553 άποὸαλὸν
764 1499 1084 1569 ἐνέργειαν,·
1128 1493 1248 1550 εἶτα
1287 1498 1383 1548 καὶ
1414 1492 1572 1557 αὖθις
1626 1494 1727 1564 ἀρ·

1841 1498 2127 1559 ιιειιιιὶεεει,
2202 1497 2565 1553 conservabat
2622 1498 2871 1564 illaesam,
2930 1499 3128 1554 amissa
3196 1500 3415 1569 propria

155 1593 336 1644 θεῖσαν
363 1592 592 1656 ἐκεῖθεν,
620 1591 700 1653 είς
720 1590 957 1658 τήγανον
987 1586 1253 1660 βληθῆναι
1300 1586 1516 1641 κελεύει
1552 1585 1725 1655 πίσσῃ

1841 1590 2163 1660 )peratione.
2204 1587 2409 1643 Deinde
2440 1602 2637 1643 rursus
2671 1605 2888 1659 quoque
2920 1590 3071 1645 illinc
3120 1590 3417 1650 sublatam.

154 1680 441 1735 διακαυθὲν
459 1681 551 1733 καὶ
568 1681 850 1750 ἀσφάλτῳ.
870 1678 987 1748 Ἐφ’
1004 1672 1065 1733 οὗ
1090 1680 1263 1733 στᾶσα
1284 1679 1449 1749 μέσου
1471 1674 1727 1747 ἀτρέπτῳ

1841 1681 2144 1753 iubetinjici
2164 1682 2219 1736 in
2242 1680 2568 1751 sartaginem
2598 1681 2717 1750 pice
2735 1665 3021 1737 accensam
3043 1690 3095 1735 et
3121 1681 3413 1737 bitumine.

147 1774 245 1827 ,καὶ
272 1772 483 1827 ἀπαθεῖ
511 1772 588 1840 τῷ
616 1773 892 1843 προσώπῳ
921 1773 1022 1840 τὴν
1046 1771 1254 1825 ἀνωθεν
1284 1771 1469 1824 ἐκάλει
1504 1769 1726 1821 ἐπικου-

1841 1774 1888 1828 ln
1936 1775 2095 1844 cujus
2128 1781 2284 1830 stans
2311 1774 2513 1839 medio,
2550 1771 2821 1827 constanti
2853 1782 2907 1828 et
2940 1773 3165 1828 minime
3198 1774 3419 1828 turbato

160 1867 274 1937 ρίαν
296 1883 311 1897 ·
345 1866 444 1920 καὶ
473 1865 635 1929 εὐθὺς
668 1866 729 1918 τὸ
770 1864 879 1931 πῦρ
906 1865 1089 1916 οὐκέτι
1118 1858 1186 1933 ἦν
1220 1860 1349 1930 πῦρ,
1387 1860 1480 1913 καὶ
1508 1858 1566 1910 τὸ
1595 1858 1726 1926 φλέ-

157 1975 247 2024 γον
299 1958 380 2020 είς
432 1956 754 2026 ψυχρότητα
796 1954 1180 2024 μετεϐάλλετο,
1228 1952 1304 2016 ὡς
1348 1952 1527 2005 δοκεῖν
1576 1948 1728 2020 παρὰ

158 2050 382 2117 λειμῶνι
406 2048 665 2119 δροσώδει
696 2048 793 2100 καὶ
826 2048 883 2101 ὲν
916 2046 1023 2118 πόᾳ
1051 2046 1159 2100 τινί⁸
1197 2045 1414 2117 μαλακῇ
1440 2044 1539 2116 τὴν
1566 2044 1729 2112 ἁγίαν

157 2137 642 2191 διαναπαύσεσθαι.

227 2231 309 2284 H'.
355 2230 544 2292 Οῦτως
569 2227 664 2283 οὖν
696 2229 917 2283 πάντων
947 2227 1056 2282 τῶν
1083 2228 1444 2301 ἐπαγομένων
1472 2227 1733 2295 κολαστη-

164 2322 287 2393 ρίων
318 2322 475 2373 οὐδὲν
508 2324 607 2392 μὲν
645 2322 746 2393 τὴν
779 2324 1037 2395 μάρτυρα
1064 2321 1158 2375 τοῦ
1185 2320 1424 2391 Χριστοῦ
1463 2318 1732 2390 βλαπτόν-

158 2430 286 2478 των,
319 2415 451 2475 τοὺς
491 2414 735 2483 ὁρῶντας
768 2415 825 2467 δὲ
857 2414 1056 2485 μᾶλλον
1089 2416 1167 2476 εἰς
1203 2412 1391 2482 θαῦμα
1417 2411 1733 2479 κινούντων,

161 2503 261 2557 οὐκ
290 2504 431 2574 ἔχων
476 2505 503 2557 ὃ
534 2522 585 2557 τι
635 2506 733 2559 καὶ
762 2505 1007 2575 δράσειεν
1043 2506 1071 2556 ὁ
1116 2503 1209 2556 τοῦ
1240 2503 1479 2573 πονηροῦ
1510 2506 1738 2574 γνήσιος

164 2598 487 2668 ὑπηρέτης,
528 2598 617 2650 τὶν
663 2598 753 2650 διά
801 2598 985 2663 ξίφους
1041 2596 1270 2647 θάνατον
1328 2595 1737 2663 ἀποφθέγγεται

164 2690 285 2742 κατ’
325 2688 519 2755 αὐτῆς.
546 2683 619 2740 Οῦ
650 2686 1086 2755 διαγγελθέντος,
1118 2684 1330 2755 φανερὰ
1355 2680 1421 2755 ἦν
1455 2686 1488 2755 ἡ
1528 2687 1737 2755 μάρτυς

164 2779 381 2849 πλήρης
432 2773 564 2832 οὖσα
599 2776 807 2849 χαρᾶςο
844 2780 909 2849 τῇ
958 2777 1124 2849 μητρί
1164 2795 1222 2830 τε
1266 2777 1510 2849 προσῆγε
1553 2776 1738 2845 δέησιν

165 2871 305 2941 ὑπὲρ
339 2870 611 2940 θυγατρὸς
644 2869 923 2941 εῦχεσθαι,
954 2871 1048 2924 καὶ
1071 2871 1190 2933 ταῖς
1218 2869 1476 2938 ἀδελφαῖς
1507 2869 1740 2940 παρῄνει

160 2964 335 3035 ’μηδὲν
371 2962 473 3033 τῆς
504 2961 639 3033 πρὸς
672 2963 733 3015 τὸ
771 2962 1021 3033 βραϐεῖον
1050 2963 1148 3031 τῆς
1192 2962 1303 3017 ἄνω
1334 2963 1577 3032 κλήσεως
1597 2958 1741 3013 ’καθ-

164 3057 381 3123 υφεῖναι
442 3055 713 3122 σπουδῆςο
761 3052 984 3120 Οἴδατε,
1018 3053 1272 3122 λέγουσα,
1304 3054 1410 3105 τίνι
1443 3053 1740 3116 συνεταξά-

166 3146 329 3217 μεθα,
387 3146 482 3198 καὶ
526 3140 587 3198 οῦ
616 3147 682 3214 τῇ
730 3144 989 3213 σφραγῖδι
1025 3144 1502 3215 ἱνεσημάνθημεν.
1536 3143 1739 3197 Τούτου

1832 1865 1983 1920 vultu
2033 1880 2335 1934 supernum
2387 1866 2661 1921 invocavit
2710 1865 2995 1920 auxilium.
3040 1865 3109 1921 Et
3157 1866 3420 1921 continuo

1833 1957 1973 2026 ignis
1998 1972 2106 2012 non
2139 1966 2256 2012 erat
2282 1956 2445 2027 ignis,
2483 1966 2540 2012 et
2569 1957 2736 2012 ardor
2760 1966 3001 2011 mutatus
3035 1956 3140 2011 fuit
3168 1957 3223 2011 in
3259 1956 3414 2031 frigi-

1831 2048 2054 2103 ditatem
2090 2048 2270 2103 :adeo
2318 2056 2379 2102 ut
2408 2047 2685 2103 videretur
2714 2049 2769 2102 in
2817 2047 3034 2102 roscido
3074 2057 3228 2117 prato
3271 2059 3326 2103 et
3358 2050 3417 2103 in

1832 2138 1982 2193 molli
2024 2138 2193 2194 herba
2222 2146 2409 2194 sancta
2438 2139 2803 2208 requiescere.

1905 2230 2043 2284 Vill.
2104 2230 2194 2285 Sic
2217 2245 2347 2299 ergo
2376 2231 2658 2295 omnibus,
2702 2246 2821 2300 quas
2849 2229 3250 2293 inferebantur,
3284 2243 3421 2299 sup-

1834 2320 2013 2392 pliciis
2060 2328 2352 2391 martyrem
2400 2320 2619 2389 quidem
2666 2318 2869 2374 Clu-isti
2899 2319 3036 2374 nihil
3072 2318 3420 2383 laedentibus,

1836 2430 1930 2471 eos
1962 2423 2165 2480 autem,
2210 2413 2303 2483 qui
2339 2412 2702 2483 aspiciebant,
2750 2411 3103 2468 moventibus
3147 2412 3214 2466 ad
3248 2410 3423 2465 admi-

1840 2508 2126 2571 rationem,
2162 2508 2416 2563 nesciens
2443 2508 2703 2577 quidnam
2756 2516 2941 2577 ageret
2985 2504 3206 2576 maligni
3257 2504 3423 2559 mini-

1840 2609 1954 2653 ster
2008 2614 2319 2665 germanus,
2376 2599 2430 2652 in
2487 2614 2605 2653 eam
2642 2599 2832 2653 mortis
2889 2598 3069 2669 gladio
3128 2596 3425 2654 inferenda

1839 2689 2156 2759 pronuntiat
2184 2690 2536 2743 sententiam.
2584 2687 2740 2753 Quod
2772 2704 2897 2743 cuni
2952 2698 3100 2743 esset
3129 2688 3180 2743 ei
3208 2702 3423 2742 renun-

1841 2784 2052 2847 tiatum,
2100 2792 2347 2853 apertum
2376 2789 2514 2847 erat,
2550 2781 2745 2853 gaudio
2790 2781 3006 2852 plenam
3057 2795 3178 2836 esse
3214 2789 3422 2853 marty-

1842 2892 1978 2931 rem.
2010 2878 2137 2943 Qum
2167 2886 2395 2933 matrem
2448 2884 2532 2929 est
2569 2883 2790 2945 precata
2813 2916 2828 2939 ,
2858 2882 2918 2929 ut
2943 2882 3126 2929 oraret
3163 2887 3262 2943 pro
3292 2871 3424 2938 tilia,

1844 2978 1897 3024 et
1934 2984 2147 3023 sorores
2180 2977 2264 3023 est
2314 2969 2621 3031 exhortata,
2664 2976 2724 3021 ut
2774 2980 2882 3020 non
2931 2964 3244 3019 dubitarent
3277 2964 3420 3018 mori

1844 3074 1942 3129 pro
1983 3061 2371 3127 consequendo
2411 3060 2601 3113 bravio
2643 3066 2864 3111 aeternae
2912 3054 3216 3108 vocationis
3250 3070 3264 3107 :
3306 3054 3426 3107 Sci-

1847 3147 1935 3214 tis,
1988 3146 2199 3211 dicens,
2252 3147 2339 3202 cui
2380 3162 2582 3201 nomen
2628 3145 2877 3200 dedimus
2924 3153 2980 3199 et
3024 3144 3181 3212 cujus
3234 3157 3428 3198 sumus

163 3242 243 3301 εἰς
273 3238 506 3307 ἔσχατον
530 3238 796 3307 ἐμμεῖναι
830 3240 895 3309 τῇ
922 3238 1187 3309 ὁμολογίᾳ
1212 3238 1287 3308 μὴ
1316 3239 1738 3307 ὲκκακὴσωμενν

1846 3241 2070 3310 signatae
2114 3240 2416 3312 signaculo.
2450 3238 2510 3294 In
2553 3238 2670 3308 ejus
2704 3237 2770 3292 ad
2812 3236 2976 3290 tinem
3041 3249 3212 3305 usque
3252 3234 3427 3305 persi-

158 3330 263 3399 μία
295 3330 485 3400 μήτηρ
517 3330 665 3400 ἡμᾶς
694 3328 960 3398 ἐγείνατο,
988 3330 1021 3399 ή
1054 3330 1193 3400 αὑτὴ
1220 3329 1317 3391 τὰς
1344 3330 1492 3397 τρεῖς
1516 3328 1742 3398 ἀνεθρέ-

158 3423 335 3490 ψατο,
372 3423 479 3476 ὑπὸ
512 3426 642 3491 μιᾶς
675 3423 993 3493 ἐτράφημεν
1026 3423 1123 3493 τὴν
1184 3421 1504 3492 σωματικὴν
1534 3421 1741 3492 τροφήν

159 3532 215 3567 τε
245 3518 344 3568 καὶ
381 3516 481 3584 τὴν
512 3516 894 3583 πνευματικήν
918 3531 932 3546 ·
954 3514 1015 3566 ἓν
1047 3515 1106 3567 τὸ
1125 3514 1275 3578 τέλος
1303 3516 1395 3567 καὶ
1417 3517 1537 3577 ταῖς
1563 3514 1742 3585 τρισὶν

158 3608 325 3673 ἔστω,
374 3607 497 3666 ταῖς
533 3606 789 3671 ἀδελφαῖς
837 3606 1042 3672 ἀδελφὰ
1077 3606 1303 3673 φανήτω
1370 3606 1465 3657 καὶ
1498 3604 1567 3656 τὰ
1611 3621 1743 3672 φρο-

158 3704 405 3769 νῆματα·
435 3698 635 3750 οἰκεῖον
670 3696 976 3767 ὑπόδειγμα
996 3698 1116 3760 ταῖς
1143 3695 1263 3766 μετ’
1288 3695 1477 3766 αὐτὴν,
1496 3699 1529 3767 ή
1552 3696 1743 3767 πρώτη

160 3790 434 3855 γενέσθω.
465 3787 691 3853 Τούτοις
724 3790 782 3844 al
834 3790 1063 3859 ἀδελφαὶ
1107 3791 1219 3853 τοῖς
1269 3788 1451 3857 λόγοις
1500 3792 1743 3861 ἐπιρρω-

161 3880 403 3943 σθεῖσαι,
452 3880 549 3931 καὶ
577 3880 677 3949 τὴν
715 3880 971 3949 μάρτυρα
1016 3877 1412 3947 προσειποῦσαι
1446 3876 1515 3929 τὰ
1557 3878 1744 3930 τελευο

158 3971 287 4023 ταῖα
344 3968 445 4020 καὶ
495 3969 907 4034 ἀσπασάμεναι,
969 3967 1159 4034 ἠξίουν
1213 3967 1355 4033 ὑπὲρ
1419 3966 1596 4017 αὐτῶν
1647 3966 1741 4017 τοῦ

157 4061 345 4115 κοινοῦ
400 4059 658 4128 δεηθῆναι
718 4058 1011 4125 Δεσπότου,
1066 4058 1155 4110 τὸν
1207 4058 1325 4111 ἴσον
1372 4056 1510 4127 αὐτῇ
1543 4059 1743 4129 δρόμον

154 4153 396 4206 διελθεῖν
446 4152 839 4220 ἀπροσκόπως,
888 4153 976 4205 ἵνα
1014 4151 1105 4206 καὶ
1142 4151 1250 4205 τῶν
1298 4151 1428 4205 ἴσων
1467 4153 1743 4218 ἀξιωθῶσι

158 4246 474 4314 στεφάνων.

224 4336 307 4393 Θ’.
384 4336 449 4391 Ἦ
500 4336 560 4390 δὲ
612 4336 837 4406 γενναία
895 4338 1079 4410 μήτηρ
1135 4338 1288 4392 οὐδὲν
1347 4338 1568 4407 ἀγεννὲς
1621 4337 1741 4392 οὐδὲ

158 4431 513 4503 μικρόψυχόν
540 4447 592 4484 τι
616 4432 711 4483 καὶ
735 4433 1046 4497 γυναικεῖον
1074 4432 1381 4501 πάσχουσα,
1413 4430 1527 4484 ἀλλ’
1552 4429 1701 4483 ὦσπε
1710 4448 1742 4502 ρ

148 4524 461 4593 αἰδουμένη
498 4521 757 4572 ταπεινὸν
793 4523 886 4573 καὶ
919 4520 1138 4586 ἀνάξιον
1167 4521 1439 4592 θυγατρὸς
1482 4517 1741 4592 τοιαύτης

152 4621 250 4675 καὶ
279 4617 484 4671 παθεῖν
527 4620 620 4668 καὶ
666 4617 862 4683 εἰπεῖν,
903 4615 1037 4680 ὅλως
1069 4611 1137 4688 ἦν
1166 4616 1369 4686 ὑψηλὴ,
1397 4616 1532 4680 ὅλως
1568 4634 1743 4688 μεγα-

151 4711 403 4782 λόφρων,
435 4708 598 4760 τοῦτο
625 4707 940 4778 λυπουμένη
970 4708 1149 4778 μόνον,
1185 4706 1260 4779 μή
1297 4707 1394 4769 τὰς
1435 4706 1603 4771 ἄλλας
1643 4709 1741 4761 ἱδοι

156 4802 364 4871 μικρόν
394 4815 449 4852 τι
484 4794 580 4852 τοῦ
622 4796 1064 4867 παραδείγματος
1109 4796 1209 4867 τῆς
1261 4795 1483 4867 πρώτης
1518 4799 1741 4851 ἀπολει-

154 4894 415 4961 φθείσας,
452 4892 552 4944 καὶ
586 4887 911 4961 κινδυνεύσῃ
945 4890 1070 4958 μιᾶς
1098 4889 1331 4959 ὀφθῆναι
1362 4889 1528 4963 μόνης
1557 4891 1652 4943 καὶ
1679 4890 1739 4943 ού

150 4986 327 5055 τριῶν
360 4984 628 5037 τοιούτων
684 4979 826 5038 εἶναι
870 4983 1052 5054 μήτηρ
1077 4983 1296 5054 γνησία.
1326 4982 1416 5036 Διὸ
1450 4984 1543 5036 καὶ
1570 4984 1742 5049 ἀξίοις

151 5084 256 5148 τὴν
310 5077 489 5131 παῖδα
534 5078 863 5145 προέπεμπε
916 5076 1124 5143 λόγοις⁹
1195 5074 1339 5143 Ἐγὼ
1382 5077 1481 5144 μέν
1522 5094 1604 5138 σε,
1645 5077 1741 5129 Θύ-

152 5185 358 5240 γατερ,
387 5168 683 5238 ἐγέννησα,
704 5168 961 5235 λέγουσα,
996 5166 1090 5220 καὶ
1121 5166 1316 5227 πόνους
1343 5165 1549 5221 ὠδίνων
1581 5170 1744 5237 ἐκαρ-

151 5262 375 5332 τέρησα
406 5263 503 5314 ἐπὶ
538 5262 641 5320 σοὶ,
684 5259 779 5312 καὶ
814 5261 892 5322 είς
920 5258 1076 5313 τοῦτό
1118 5273 1178 5310 σε
1212 5256 1427 5329 ήλικίας
1462 5260 1743 5329 τρέφουσα

152 5348 373 5421 ἤγαγον
398 5371 411 5383 ·
452 5351 597 5420 πλὴν
633 5349 769 5403 ἀλλὰ
795 5349 988 5418 ἀπέχω
1026 5349 1093 5401 τά
1121 5351 1353 5418 τροφαῖα
1383 5349 1500 5413 νῦν,
1550 5349 1742 5419 ἀπέχω

158 5444 272 5497 τῶν
320 5445 509 5499 πόνων
562 5444 661 5506 τὰς
710 5441 1008 5504 ἀντιδόσεις
1058 5443 1238 5511 πολλῷ
1292 5442 1364 5511 τῷ
1416 5443 1644 5510 μείζονι.
1680 5443 1742 5496 El

155 5537 269 5607 γὰρ
301 5535 401 5588 καὶ
427 5532 624 5605 μηδεὶς
648 5531 875 5585 δύναται
900 5532 1153 5599 γονεῦσιν
1178 5530 1485 5583 ἀντιδοῦναι
1515 5533 1741 5601 χάριτας

154 5628 285 5689 ἴσας
333 5623 493 5693 (πῶς
525 5624 633 5692 γάρ
686 5624 819 5693 παρ’
858 5617 936 5677 ὧν
982 5624 1117 5677 αὐτὸ
1164 5623 1223 5675 τὸ
1266 5620 1406 5675 εἶναι
1456 5623 1739 5693 summ)

151 5720 297 5774 ἀλλὰ
351 5718 422 5771 σύ
484 5734 577 5786 μοι
631 5717 809 5771 πάντα
864 5719 1303 5791 μεγαλοπρεπῶς
1352 5718 1735 5783 ἀποδέδωκας,

150 5813 425 5881 τοιαύτης
443 5808 547 5877 ἐμὲ
581 5809 1096 5881 θυγατρὸς.μητέρα
1120 5811 1365 5875 δείξασα,
1397 5807 1569 5873 οὕτως
1596 5811 1734 5879 ὑπὲρ

154 5898 408 5963 Χριστοῦ
471 5901 871 5971 μεγαλοψύχως
917 5903 1216 5976 ἀθλήσασα.
1273 5899 1413 5971 Πρδς
1451 5901 1507 5951 ὃν
1559 5902 1735 5967 ἄπιθι,

1844 3342 1989 3386 stere
2021 3331 2386 3395 confessione,
2439 3345 2506 3384 ne
2559 3329 2770 3400 ignavia
2807 3326 3057 3383 adducta:
3089 3325 3424 3380 dubitemus.
3474 3370 3477 3373 .

1849 3423 1964 3479 Una
2002 3433 2174 3475 mater
2217 3437 2315 3475 nos
2353 3423 2558 3491 genuit,
2602 3419 2795 3497 eadem
2831 3426 2943 3471 tres
2983 3416 3136 3479 aluit,
3186 3415 3255 3469 ab
3316 3430 3423 3468 una

1846 3531 2036 3572 sumus
2110 3515 2353 3569 educata:
2424 3522 2533 3567 tam
2606 3510 2874 3581 corporali
2938 3507 3197 3564 alimento
3257 3523 3423 3579 quam

1847 3610 2111 3680 Spiritali;
2146 3610 2217 3664 sit
2246 3624 2386 3663 unus
2417 3605 2540 3661 linis
2566 3604 2728 3660 etiam
2760 3603 2957 3663 tribus,
2990 3601 3274 3656 sororibus
3315 3600 3425 3655 sint

1845 3701 2066 3755 sororiae
2112 3710 2167 3753 et
2195 3712 2463 3769 germana:
2514 3698 2844 3750 voluntates.
2878 3692 2961 3748 Sit
3005 3692 3181 3764 prima
3230 3692 3419 3746 dome-

1848 3793 2045 3849 Sticum
2090 3790 2392 3861 exemplar,
2425 3789 2489 3845 iis
2533 3807 2653 3861 quae
2681 3807 2801 3845 eam
2849 3798 3275 3859 consequentur.
3318 3786 3413 3844 His

1848 3887 2029 3940 verbis
2084 3886 2417 3941 conﬁrmata;
2473 3897 2712 3948 sorores,
2761 3896 2885 3934 cum
2924 3890 3217 3951 martyrem
3272 3879 3410 3932 allo-

1844 3987 2092 4043 quentes.
2131 3984 2441 4030 extremum
2478 3975 2527 4029 ei
2564 3972 2682 4028 vale
2732 3973 3021 4035 dixissent,
3062 3979 3319 4042 rogarunt
3352 3980 3414 4025 ut

1846 4084 1945 4139 pro
1986 4082 2043 4121 se
2076 4079 2425 4121 communem
2481 4072 2797 4133 precaretur
2848 4062 3164 4125 Dominum,
3214 4071 3272 4115 ut
3302 4062 3421 4115 sine

1847 4161 2149 4218 offensione
2200 4174 2422 4213 cursum
2465 4157 2514 4210 ei
2554 4173 2737 4226 parem
2780 4167 3125 4225 peragerent,
3175 4163 3233 4207 ut
3266 4169 3425 4223 pares

1846 4266 2063 4323 quoque
2089 4259 2563 4322 ευιιδοιιιιοτριιιυι·
2593 4262 2848 4301 001⁵0035.

1916 4344 2007 4399 IX.
2080 4342 2357 4398 Generosa
2406 4348 2587 4395 autem
2640 4351 2836 4401 mater,
2892 4354 3005 4394 non
3066 4337 3423 4402 illiberaliter,

1845 4452 2024 4512 neque
2079 4437 2278 4507 pusillo
2309 4447 2363 4490 et
2396 4432 2715 4489 effeminato
2752 4432 2942 4486 animo
2978 4444 3036 4484 se
3070 4444 3285 4501 gerens.
3329 4430 3425 4485 sed

1777 4573 1819 4629 Β
1850 4526 2075 4597 perinde
2115 4542 2176 4579 ac
2227 4526 2560 4580 erubescens
2599 4521 2803 4593 aliquid
2834 4521 3034 4584 facere,
3084 4527 3178 4574 aut
3218 4520 3424 4584 dicere,

1847 4620 1991 4691 quod
2029 4628 2174 4674 esset
2229 4618 2500 4689 abjectum
2541 4626 2597 4671 et
2648 4614 2929 4685 indignum
2986 4612 3078 4665 tali
3119 4610 3250 4673 tilia,
3306 4621 3425 4664 erat

1844 4714 2066 4769 omnino
2106 4711 2284 4783 magni
2324 4722 2379 4765 et
2407 4708 2607 4764 excelsi
2632 4705 2822 4769 animi,
2854 4703 2996 4759 hanc
3028 4702 3206 4758 solum
3238 4702 3424 4756 animo

1844 4806 2121 4876 accipiens
2156 4803 2482 4867 molestiam,
2508 4816 2578 4856 ne
2611 4800 2820 4855 videret
2849 4799 2983 4852 alias
3018 4798 3204 4867 prima:
3234 4810 3424 4849 exem-

1844 4899 1992 4971 plum
2050 4912 2157 4951 non
2223 4895 2458 4965 assequi,
2514 4904 2568 4949 et
2600 4892 2811 4947 veniret
2862 4891 2916 4943 in
2970 4888 3298 4960 periculum,
3352 4902 3421 4940 ne

1847 4994 2009 5046 unius
2043 4990 2233 5050 solius.
2273 4998 2327 5041 et
2375 5001 2480 5039 non
2539 4985 2698 5038 trium
2747 4982 3027 5039 videretur
3075 4992 3195 5033 esse
3249 4987 3423 5032 mater

1845 5095 2118 5151 germana.
2159 5077 2423 5142 Quocirca
2478 5074 2639 5129 tiliam
2694 5072 2871 5142 dignis
2906 5069 3089 5125 verbis
3126 5082 3422 5139 proseque-

1847 5174 2047 5227 batur:
2084 5169 2192 5239 Ego
2243 5166 2488 5235 quidem,
2531 5182 2565 5220 o
2599 5163 2727 5227 ﬁlia,
2781 5170 2834 5217 te
2886 5162 3071 5231 genui,
3109 5160 3318 5223 dicens,
3365 5168 3421 5212 et

1845 5272 2076 5331 prepter.
2109 5269 2161 5313 te
2208 5259 2301 5312 tuli
2340 5266 2527 5326 partus
2560 5254 2796 5319 dolores,
2833 5260 2888 5306 et
2932 5260 2984 5306 te
3044 5249 3293 5305 nutriens
3324 5247 3422 5303 de-

1844 5351 1970 5406 dei
2008 5350 2075 5404 ad
2126 5352 2263 5404 lianc
2321 5360 2493 5415 usque
2551 5354 2764 5400 aztatem
2816 5342 2961 5398 :sed
3014 5356 3163 5396 nunc
3208 5338 3420 5408 accipio

1846 5445 2149 5497 mercedem
2196 5441 2601 5504 alimentorum,
2649 5437 2857 5505 accipio
2887 5434 3133 5489 laborum
3166 5446 3418 5487 remune-

1843 5540 2101 5595 rationes.
2152 5544 2351 5599 easque
2406 5530 2807 5599 multiplicatas.
2879 5524 3014 5581 Nam
3070 5522 3173 5577 etsi
3236 5521 3420 5577 nullus

1843 5628 2014 5698 possit
2052 5636 2235 5692 parem
2272 5621 2495 5690 gratiam
2540 5617 2744 5673 referre
2774 5615 3091 5685 parentibus
3126 5609 3419 5683 (quomodo

1843 5720 1987 5774 enim
2016 5729 2135 5769 cum
2168 5713 2236 5767 ab
2264 5713 2329 5768 iis
2360 5712 2556 5782 ipsum,
2579 5708 2723 5779 quod
2752 5724 2957 5771 sumus,
2991 5702 3414 5775 acceperimus?)

1846 5820 1902 5865 tu
1956 5817 2134 5860 tamen
2171 5805 2301 5857 mihi
2338 5802 2519 5857 omnia
2571 5801 2911 5856 abundanter
2957 5794 3267 5857 reddidisti,
3297 5805 3425 5846 cum

1850 5917 1934 5955 me
1997 5897 2115 5953 talis
2187 5898 2303 5952 tilia:
2353 5906 2576 5951 matrem
2648 5908 2767 5949 esse
2814 5891 3150 5949 ostenderis,
3209 5897 3263 5944 et
3321 5891 3433 5937 tam
