4158 6530
177 479 265 542 509

945 477 1414 538 MARTYRIUM
1453 480 1514 538 S.
1558 479 1857 539 SOPHIAS
1893 481 1985 540 ΕΤ
2023 481 2406 544 FlLIARUM
2441 483 2651 545 EJUS.

3320 478 3427 546 510

178 593 250 659 οἷς
286 595 484 662 ἔδρασε
520 594 620 664 τὴν
664 587 837 664 ἦτταν
881 593 1366 665 ἀπενεγκάμενος,
1409 596 1503 648 καὶ
1535 594 1805 666 ἀπόρωςλ

1891 599 2033 654 ιοιυίι
2074 599 2163 655 ille
2218 608 2402 653 mente
2434 614 2611 654 czecus
2645 598 2969 667 intelligere,
3003 614 3254 669 quamam
3296 603 3445 657 esset

180 691 304 759 ἔχων
335 688 530 758 ῶσπερ
577 690 647 740 τα
696 688 841 740 κατά
880 687 1107 755 γνώμην
1140 687 1277 757 αὐτῇ
1307 684 1503 751 ποιῶν,
1533 685 1624 738 τὸν
1663 685 1750 737 διὰ

184 781 358 851 ξίφους
414 778 650 833 θάνατον
677 779 875 847 ἐπίσης
910 780 976 847 τῇ
1023 777 1251 847 ἀδελφῇ,
1300 777 1392 831 καὶ
1430 777 1552 830 κατ’
1582 777 1752 844 αὐτῆς

180 872 557 940 ἀποφαίνεται.
595 870 764 923 Πάλιν
793 870 850 923 δὲ
887 869 983 922 καὶ
1014 870 1154 939 αὑτὴ
1205 869 1304 940 τὴν
1337 870 1614 940 μητρικὴν
1654 869 1753 940 μὲν

181 966 448 1035 ὲξιτήριον
485 963 812 1016 ἐπεκαλεῖτο
848 963 1044 1031 εὐχήν·
1081 960 1179 1032 τὴν
1215 962 1537 1015 τελευταίαν
1575 962 1632 1015 δὲ
1664 962 1756 1015 καί⁵

184 1059 292 1129 μετ’
354 1058 528 1126 αὐτὴν
581 1056 820 1126 ἀδελφὴν
866 1054 1114 1125 διανίστη
1172 1055 1313 1126 πρὸς
1362 1055 1491 1120 τοὺς
1539 1057 1758 1124 ἀγῶνας

184 1152 484 1220 ὑπόδειγμα
537 1151 738 1219 ἑαυτὴν
786 1148 1027 1216 ἀσφαλὲς
1077 1147 1317 1210 διδοῦσα,
1373 1149 1468 1201 καὶ
1531 1150 1758 1210 πιστοὺς

182 1244 281 1294 ἀπὸ
306 1239 403 1292 τοῦ
440 1239 638 1292 παθεῖν
686 1239 812 1299 τοὺς
860 1236 1053 1304 λόγους
1107 1237 1443 1305 παρέχουσα.
1497 1231 1626 1288 Εἶτα
1682 1234 1759 1305 τῷ

183 1333 417 1402 κειμένῳ
444 1328 741 1400 προσφῦσα
763 1328 1002 1397 λειψάνῳ
1029 1330 1128 1400 τῆς
1155 1329 1392 1399 ἀδελφῆς
1425 1328 1757 1399 περιείχετο,

184 1424 485 1490 κατεφίλει,
521 1421 995 1491 περιεπτύσσετοο
1042 1419 1201 1474 τοῦτο
1247 1420 1346 1489 μὲν
1375 1420 1450 1484 ὡς
1485 1420 1649 1488 ἀγίας
1684 1437 1764 1473 τι-

186 1513 361 1581 μῶσα,
394 1511 557 1563 τοῦτο
588 1508 643 1562 δὲ
678 1512 771 1562 καὶ
814 1507 1094 1580 θαρροῦσα
1124 1508 1200 1572 ὼς
1232 1508 1469 1578 ἀδελφῆς
1498 1508 1765 1578 δακρῦσαι

186 1602 333 1671 παρὰ
366 1601 469 1669 τῆς
519 1600 844 1667 συγγενείαις
904 1599 1189 1667 ἐφέλκετο,
1240 1608 1334 1652 καί
1393 1599 1529 1669 πρὸς
1573 1598 1766 1669 ἡδονὴν

184 1692 501 1746 ἁνθείλκετο
532 1690 716 1754 πάλιν,
748 1690 826 1760 τῷ
878 1690 1178 1743 συνειδέναι
1216 1690 1470 1760 μάρτυρα
1517 1690 1615 1760 τὴν
1650 1706 1766 1743 κει-

189 1785 353 1855 μένην
384 1779 548 1836 εἶναι.
580 1782 704 1845 Πῶς
740 1785 850 1853 γὰρ
886 1783 952 1835 ἂν
983 1782 1077 1834 καὶ
1110 1781 1376 1852 ἐδάκρυσε
1409 1782 1545 1852 πρὸς
1566 1783 1631 1852 ἢν
1666 1780 1767 1851 ἤδη

187 1879 380 1949 ἐχώρει
413 1880 503 1932 διὰ
538 1877 630 1931 τοῦ
682 1877 798 1929 ἴσου
832 1877 1035 1947 τρόπου
1086 1879 1181 1945 τῆς
1234 1876 1519 1943 τελευτῆςς
1555 1874 1769 1942 δέχεται

186 1974 475 2044 τοιγαροῦν
494 1977 586 2026 καὶ
613 1972 751 2042 αὑτὴ
772 1972 860 2023 τὸν
875 1970 966 2022 διὰ
998 1969 1183 2038 ξίφους
1202 1969 1452 2033 θάνατον,
1473 1972 1564 2023 καὶ
1582 1971 1766 2025 ἄπεισι

186 2071 279 2137 τὴν
306 2069 479 2135 καλὴν
501 2065 747 2134 πορείαν,
769 2064 866 2132 τὴν
891 2064 1171 2134 μακαρίαν
1186 2062 1505 2133 ὅντωςρδὸν,
1526 2064 1618 2117 καὶ
1634 2066 1766 2117 πᾶσι

192 2162 286 2230 μὲν
320 2159 671 2227 Χριστιανοίς
697 2155 1073 2226 ἐπιθυμητὴν,
1107 2155 1319 2223 ὀλίγοις
1351 2157 1406 2209 δὲ
1440 2156 1697 2227 βάσιμον.

1856 692 1971 741 haec
2005 686 2197 750 virtus,
2251 702 2374 756 quae
2418 686 2652 742 faciebat
2695 687 2976 742 miracula.
3024 688 3340 744 Unde'etsi
3387 690 3444 745 in

1855 780 2133 846 omnibus,
2168 798 2289 852 qua:
2339 779 2489 846 fecit,
2564 790 2852 850 superatus
2908 780 3129 848 fuisset,
3192 784 3447 838 nesciens

1860 880 2040 926 tamen
2093 874 2225 942 quid
2276 883 2482 944 ageret,
2522 873 2576 926 in
2606 888 2725 926 eam
2803 873 2992 927 mortis
3046 889 3142 943 per
3205 875 3446 944 gladium

1859 961 2179 1027 inferendze,
2225 980 2379 1031 aeque
2422 973 2583 1033 atque
2624 964 2676 1016 in
2708 964 2827 1032 ejus
2877 977 3143 1028 sororem,
3193 978 3445 1033 pronun-

1862 1056 1960 1110 tiat
2002 1059 2353 1111 sententiam.
2405 1057 2614 1111 Rursus
2668 1065 2848 1111 autem
2896 1073 2958 1111 ea
2994 1073 3210 1127 quoque
3255 1057 3310 1110 in
3349 1056 3447 1112 de—

1863 1161 2020 1201 cessu
2057 1162 2244 1216 preces
2280 1148 2603 1218 implorabat
2629 1157 2903 1203 maternas
2933 1163 2949 1205 z
2984 1160 3320 1219 postremam
3349 1163 3451 1201 au-

1868 1249 1975 1295 tem
2034 1247 2156 1308 post
2210 1240 2381 1308 ipsam
2424 1255 2668 1294 sororem
2716 1239 2986 1296 excitabat
3017 1241 3084 1293 ad
3130 1239 3453 1301 certamina,

1864 1330 2101 1399 seipsam
2151 1332 2441 1400 pulchrum
2490 1343 2546 1385 et
2602 1341 2809 1387 certum
2856 1332 3134 1401 exemplar
3181 1330 3447 1400 praebens,

1865 1432 1920 1477 et
1947 1437 2010 1477 cx
2050 1438 2159 1477 uno
2208 1422 2355 1492 quod
2406 1438 2564 1493 passa
2617 1423 2709 1487 sit,
2742 1424 3047 1477 orationem
3091 1422 3295 1476 faciens
3352 1420 3455 1474 fide

1868 1515 2106 1587 dignam.
2162 1514 2367 1570 Deinde
2402 1516 2717 1581 adjacentes
2758 1515 2960 1571 sororis
3013 1514 3280 1569 accedens
3328 1513 3458 1566 reli-

1870 1610 2044 1678 quias,
2077 1623 2169 1661 eas
2200 1609 2633 1678 amplectebatur
2667 1626 2680 1661 :
2715 1618 2769 1663 et
2799 1610 2995 1677 partim
3034 1608 3259 1676 quidem
3294 1621 3363 1660 ex
3394 1618 3461 1659 eo

1870 1712 2165 1765 commota,
2194 1701 2339 1770 quod
2374 1710 2519 1754 esset
2549 1716 2723 1767 soror,
2760 1704 2825 1756 ad
2860 1700 3265 1772 lacrymaudum
3293 1707 3464 1752 attra-

1872 1794 2072 1848 hehata
2104 1797 2431 1865 cognatione
2469 1813 2484 1851 :
2514 1798 2707 1867 partim
2741 1806 2924 1852 autem
2972 1796 3282 1865 intelligens
3318 1810 3467 1847 inar-

1872 1896 2043 1956 tyrem
2076 1903 2193 1941 eam
2221 1903 2364 1953 esse,
2396 1904 2516 1958 quae
2544 1890 2779 1959 jaeebat,
2809 1890 3072 1957 reliquias
3120 1888 3465 1951 honorabat,

1876 1990 2131 2049 tanquam
2203 1993 2443 2045 sanctas,
2514 1991 2567 2036 et
2636 1983 2702 2037 ad
2774 1984 3032 2053 gaudium
3066 1981 3467 2036 retrahebatur.

1874 2069 2157 2136 Quomodo
2199 2073 2346 2126 enim
2391 2086 2613 2142 propter
2663 2075 3363 2144 sanctam‘lacrymaretur,
3400 2070 3469 2124 ad

1878 2177 2037 2229 quam
2091 2164 2327 2219 libenter
2374 2168 2489 2237 pari
2556 2168 2715 2223 modo
2770 2170 2966 2223 mortis
3012 2168 3121 2238 jam
3192 2164 3468 2226 tendebat.

189 2254 426 2321 Suscipit
474 2265 602 2322 ergo
642 2251 761 2320 ipsa
807 2264 1025 2319 quoque
1083 2261 1315 2302 mortem
1356 2251 1556 2318 gladio,
1605 2260 1660 2302 et
1713 2251 1995 2318 pulchram
2046 2256 2185 2309 viam
2248 2258 2575 2327 ingreditur,
2634 2261 2776 2315 viam
2832 2276 2958 2316 γει-ρ
2990 2260 3231 2323 beatam,
3268 2259 3473 2327 eique

188 2360 273 2403 est
326 2346 633 2415 expetenda
693 2343 912 2413 quidem
975 2345 1228 2397 omnibus
1257 2342 1600 2406 Christianis,
1636 2344 1728 2398 sed
1772 2361 1934 2414 quam
1986 2350 2139 2417 pauci
2176 2351 2392 2406 ineunt.

260 2441 359 2495 IB'.
404 2441 464 2493 Ὀ
494 2440 676 2493 τοίνυν
710 2440 912 2508 ἄνομος
951 2437 1214 2507 δικαστὴς
1245 2440 1323 2500 είς
1377 2437 1603 2507 ἔσχατον
1639 2440 1776 2489 ἀπο·

193 2535 314 2605 ρίας
354 2532 530 2587 ἐλθὼν
558 2533 651 2585 καὶ
688 2530 753 2584 τὸ
778 2532 875 2599 τῆς
903 2530 1166 2600 αἰσχύνης
1199 2532 1506 2600 περιφανὲς
1540 2531 1773 2598 ὑπενεγ-

193 2633 309 2682 κεῖν
340 2628 402 2680 ού
445 2626 747 2695 δυνάμενος
768 2662 782 2687 ,
813 2624 963 2692 ὅμως
994 2625 1091 2674 ἐπὶ
1128 2625 1194 2691 τῇ
1242 2624 1455 2694 ἐσχάτῃ
1489 2622 1599 2673 τῶν
1630 2623 1784 2674 ἀδελ-

196 2724 311 2787 φῶν
375 2720 607 2771 ἐσάλευε
661 2718 763 2779 τὰς
814 2713 1059 2777 ἐλπίδας.
1102 2714 1336 2767 Ἔδακνε
1374 2716 1482 2785 γὰρ
1524 2715 1689 2768 αὐτὸν
1725 2714 1785 2766 τὸ

193 2811 395 2880 κομιδῆ
426 2815 549 2861 νέον
578 2811 674 2880 τῆς
704 2810 1008 2879 μάρτυρος,
1051 2806 1125 2871 ὡς
1171 2808 1595 2879 εὐεπιχείρητον
1630 2808 1781 2879 αύτῷ

196 2902 535 2974 γενήσεσθαι
585 2901 1064 2972 προσδοκώμενον.
1118 2900 1271 2953 Ἐπεὶ
1312 2901 1367 2952 δὲ
1404 2903 1497 2953 καὶ
1532 2902 1781 2971 προσῆγε

195 2997 295 3059 τὰς
327 2996 654 3067 ἐρωτήσεις,
698 2997 795 3048 καὶ
837 2994 1035 3061 λόγους
1082 2992 1256 3045 ἐκίνει
1302 2993 1514 3045 πείθειν
1548 2993 1786 3061 δυναμέο

199 3102 324 3151 νους
348 3104 363 3119 ⁸
407 3089 501 3157 Μη
536 3088 808 3140 ἀπατάτω
844 3103 927 3151 σε,
959 3085 1128 3156 φησὶν
1151 3087 1185 3157 ἡ
1223 3084 1463 3157 ’Λγάπη,
1495 3086 1554 3138 τὸ
1591 3085 1784 3155 νεαρόν

204 3201 311 3255 μου
334 3185 437 3251 τῆς
466 3184 711 3252 ἡλικίας,
735 3183 809 3243 ὡς
840 3182 1250 3249 εύεξαπάτητον
1278 3182 1453 3246 ἔσται,
1483 3181 1579 3233 καὶ
1605 3181 1787 3247 λόγοις

201 3276 318 3336 τοίς
365 3277 481 3335 σοῖς
534 3272 773 3335 εὐκόλως
807 3270 1146 3341 δολῶμενονο
1188 3273 1393 3336 διδάξει
1426 3274 1533 3342 γάρ
1572 3288 1630 3324 σε
1670 3271 1788 3341 μετ’

203 3370 390 3437 ὀλίγον
442 3369 477 3438 ὴ
521 3369 690 3438 πεῖρα
735 3367 819 3419 ὅτι
871 3366 972 3436 τῆς
1007 3366 1177 3435 αὐτῆς
1222 3366 1379 3436 ῥίζης
1422 3364 1603 3435 ὄρπηξ
1650 3363 1785 3432 ἐγὼ,

205 3464 303 3515 καὶ
347 3463 481 3531 μίας
533 3460 753 3527 ἐκείνης
795 3460 1034 3528 γαστρὸς
1083 3459 1355 3527 γέννημα,
1404 3451 1479 3510 ὧν
1526 3458 1625 3527 ἤδη
1698 3455 1792 3508 δύο

210 3554 465 3626 βλαστῶν
507 3553 605 3605 καὶ
637 3552 849 3602 τέκνων
886 3553 967 3609 είς
1011 3551 1208 3617 πεῖραν
1245 3548 1535 3615 ἐλήλυθας.
1572 3549 1647 3602 Ού
1684 3549 1794 3617 γὰρ

211 3648 297 3699 ἐπ’
342 3647 469 3714 ἐμοὶ
507 3645 576 3697 τὰ
605 3644 712 3696 τῶν
748 3641 1146 3711 προλαϐουσῶν
1182 3640 1642 3711 αἰσχυνθήσεται,
1675 3641 1796 3692 ούδὲ

211 3740 309 3811 τὴν
340 3737 531 3793 αὐτῶν
578 3738 872 3805 εὐγένειαν
902 3733 1011 3803 ἐγὼ
1044 3734 1355 3805 ψεύσομαι,
1395 3733 1531 3787 ἀλλά
1558 3731 1797 3803 τοσούτῳ

216 3835 421 3904 μᾶλλον
477 3831 776 3903 ὑπερϐαλῶ
818 3830 912 3882 καὶ
959 3832 1025 3898 τῇ
1082 3828 1352 3899 καρτερίᾳ
1384 3870 1397 3894 ,
1448 3826 1557 3893 ὅσῳ
1606 3827 1698 3879 καὶ
1730 3827 1798 3896 τῇ

214 3928 381 3999 πείρα
429 3923 765 3986 ττλεονεκτῶ,
814 3921 914 3994 τὴν
962 3920 1056 3974 τοῦ
1109 3917 1348 3989 Χριστοῦ
1402 3917 1662 3988 βοήθειαν
1704 3916 1802 3969 ἐπὶ

213 4022 448 4081 ταύταις
488 4016 881 4086 δεδιδαγμένη.
930 4010 1044 4067 Οὐκ
1083 4014 1284 4082 ἡνεγκε
1333 4011 1432 4082 τὴν
1478 4010 1800 4082 παρρησίαν

217 4112 429 4181 ταύτην
478 4113 505 4161 ὁ
564 4112 790 4178 μιαρὸς,
826 4107 943 4159 ἀλλ’
981 4106 1141 4175 ἱκρίῳ
1186 4108 1288 4172 τὴν
1336 4105 1587 4173 Ἀγάιπην
1629 4104 1804 4172 ἀναρ-

214 4200 419 4259 τᾶσθαι
470 4199 709 4263 κελεύει,
752 4200 849 4252 καὶ
897 4198 1063 4267 ἱμᾶσι
1108 4196 1386 4249 τείνεσθαι
1435 4194 1800 4265 πανταχόθεν,

216 4315 293 4362 ως
317 4297 419 4360 τὰς
448 4295 559 4349 τῶν
592 4292 772 4365 μελῶν
812 4290 1079 4361 ἁρμονίας
1109 4289 1187 4361 τῷ
1221 4290 1436 4358 σφοδρῷ
1467 4290 1570 4357 τῆς
1613 4290 1804 4341 ἐνστα-

220 4408 359 4454 σεως
388 4390 493 4459 τῆς
521 4386 661 4440 κατά
689 4384 859 4456 φύσιν
888 4381 1203 4445 συνθέσεως
1237 4380 1595 4434 διασπᾶσθαι.
1644 4376 1807 4430 Ἀλλὰ

221 4484 256 4552 ἡ
305 4480 403 4535 τοῦ
465 4478 602 4531 θεοῦ
652 4478 884 4544 δύναμις
920 4476 951 4545 ἡ
988 4475 1097 4528 τῶν
1154 4474 1330 4528 ἄλλων
1377 4469 1626 4541 ἀδελφῶν
1671 4484 1808 4539 προ-

222 4574 419 4631 nisa,
448 4569 545 4622 καὶ
569 4567 685 4637 μετ’
712 4565 886 4634 αὐτῆς
915 4560 1004 4636 ἦν,
1031 4564 1216 4633 ἀπαθῆ
1239 4563 1426 4616 κακῶν
1447 4564 1806 4633 συντηροῦσα.

234 4665 575 4717 Ἀνάπτεται
612 4658 910 4730 τοιγαροῦν
953 4657 1048 4711 καὶ
1097 4656 1236 4727 αὐτῇ
1281 4656 1515 4724 κάμινος
1564 4658 1628 4706 ἐκ
1664 4672 1805 4706 παν-

1920 4681 2022 4735 rat,
2060 4671 2211 4739 prius
2245 4666 2553 4720 vehementi
2601 4664 2679 4717 ira
2731 4662 2923 4715 fuisset
2964 4659 3221 4710 incensus
3264 4670 3278 4710 :

222 4756 469 4824 τοδαπῆς
514 4754 669 4823 ὕλης,
696 4752 968 4821 πρότερον
1009 4749 1101 4802 τοῦ
1144 4747 1540 4819 προστάξαντος
1576 4746 1811 4815 ἰσχυρῶς

222 4855 363 4922 ὀργῇ
414 4847 841 4907 διακαυθέντοςσ
920 4845 1081 4913 Ὁρᾷς
1133 4842 1249 4907 οὖν,
1299 4842 1505 4905 ἐκεῖνος
1551 4858 1688 4910 φησι
1746 4841 1811 4909 τῇ

1953 2441 2069 2497 XII.
2121 2444 2348 2514 Iniquus
2405 2456 2588 2501 autem
2644 2447 2813 2518 judex
2863 2461 2988 2502 cum
3050 2445 3119 2501 ad
3173 2455 3475 2501 extremam

1880 2536 2121 2591 venisset
2154 2537 2571 2605 dubitationem,
2610 2547 2664 2594 et
2692 2554 2800 2593 non
2832 2546 3019 2608 posset
3047 2548 3294 2607 apertam
3330 2535 3477 2590 ferre

1884 2622 2262 2699 ignominiam,
2298 2632 2351 2684 in
2388 2640 2632 2685 extrema
2677 2640 2861 2684 tamen
2897 2645 3087 2684 sorore
3140 2629 3323 2682 adhuc
3375 2643 3475 2697 spe

1887 2723 2198 2777 tenebatur.
2240 2724 2376 2776 Eum
2424 2724 2567 2776 enim
2620 2723 2874 2777 movebat
2911 2722 3065 2776 valde
3108 2730 3292 2775 tenera
3331 2720 3485 2783 illius,

1888 2826 2039 2881 aetas,
2087 2832 2207 2886 quae
2239 2818 2289 2871 ei
2316 2817 2730 2872 existimabatur
2776 2816 2895 2871 fore
2930 2823 3245 2886 expugnata
3276 2812 3473 2867 facilis.

1887 2909 2181 2978 Postquam
2212 2920 2393 2964 autem
2422 2910 2672 2965 adhibuit
2716 2908 3203 2978 interrogationes,
3236 2914 3289 2958 et
3313 2904 3486 2958 movit

1891 3003 2082 3065 verba,
2124 3018 2244 3072 qua:
2285 3012 2537 3071 poterant
2590 3001 2922 3072 persuadere
2961 3020 2973 3053 :
3023 2995 3102 3052 Ne
3140 3005 3192 3050 te
3218 2994 3481 3063 decipiat,

1890 3094 2066 3164 inquit
2107 3093 2378 3157 Charitas,
2441 3104 2572 3147 aetas
2620 3109 2738 3147 mea
2795 3101 3005 3153 tenera,
3054 3097 3112 3143 ut
3155 3102 3276 3157 quae
3330 3083 3486 3138 facile

1893 3189 2063 3261 possit
2122 3187 2327 3258 decipi,
2377 3197 2434 3242 et
2464 3202 2494 3239 a
2524 3187 2632 3240 tuis
2693 3186 2876 3239 verbis
2930 3183 3096 3237 allici.
3137 3180 3216 3235 Te
3264 3176 3483 3233 docebit

1895 3300 2017 3337 mox
2049 3282 2408 3353 experientia.
2444 3296 2532 3335 me
2565 3294 2685 3334 esse
2731 3294 2939 3333 ramum
2986 3275 3230 3346 ejusdem
3262 3270 3485 3331 radicis,

1892 3386 1947 3430 et
2017 3374 2185 3428 fetum
2244 3373 2388 3427 illius
2435 3373 2598 3425 unius
2662 3370 2822 3435 uteri,
2880 3369 3041 3437 cujus
3097 3367 3206 3435 jam
3254 3365 3485 3418 duorum

1895 3468 2200 3541 germinum
2242 3475 2296 3520 et
2338 3465 2566 3518 filiarum
2604 3462 2780 3517 fecisti
2814 3461 3141 3532 periculum.
3175 3456 3290 3511 Non
3316 3455 3464 3509 enim

1896 3568 2157 3630 quantum
2192 3558 2361 3612 inme
2412 3556 2538 3622 erit,
2584 3555 2799 3624 priores
2840 3553 3057 3623 pudore
3112 3549 3342 3604 alliciant
3398 3561 3494 3599 nc-

1898 3666 2004 3722 que
2045 3648 2390 3721 degenerabo
2428 3647 2506 3700 ab
2550 3646 2739 3701 eadem
2809 3644 3101 3698 nobilitate
3170 3660 3183 3695 :
3224 3638 3317 3694 sed
3369 3647 3492 3689 tan-

1899 3752 2014 3797 tum
2051 3741 2321 3811 superabo
2360 3738 2702 3801 fortitudine,
2744 3745 2959 3805 quanto
3008 3734 3272 3802 majorem
3315 3729 3491 3784 habeo

1900 3835 2315 3907 experientiam,
2346 3839 2406 3887 ut
2434 3848 2553 3901 qua;
2582 3831 2787 3888 Christi
2830 3828 3094 3884 auxilium
3141 3825 3193 3878 in
3231 3824 3310 3877 eis
3354 3820 3496 3874 ὼύίο

1904 3932 2108 3989 ceriml
2143 3928 2293 3984 Hanc
2339 3928 2645 3982 libertatem
2694 3941 2806 3979 non
2852 3925 2974 3978 tulit
3032 3920 3351 3977 sceleratus,
3401 3916 3496 3969 sed

1899 4025 2057 4095 jubet
2091 4020 2348 4092 suspendi
2394 4019 2759 4079 Charitatem,
2794 4026 2851 4069 et
2899 4014 3049 4067 omni
3091 4027 3155 4065 ex
3208 4018 3363 4078 parte
3397 4022 3493 4059 ex-

1909 4115 2054 4172 tendi
2104 4115 2232 4169 loris
2277 4113 2414 4168 adeo
2457 4122 2516 4166 ut
2567 4110 2934 4165 membrorum
2984 4118 3277 4174 compages
3321 4100 3493 4154 vehe-

1909 4211 2075 4265 menti
2117 4210 2202 4263 iIIa
2234 4208 2585 4263 contentione
2621 4206 3015 4259 divellerentur
3050 4216 3079 4255 a
3118 4196 3352 4253 naturali
3403 4208 3500 4248 sua

1909 4300 2340 4371 compositione;
2367 4297 2461 4353 sed
2497 4296 2585 4350 Dei
2610 4294 2804 4359 virtus,
2832 4306 2953 4362 qua:
2984 4291 3211 4342 aliarum
3248 4296 3499 4338 sororum

1912 4408 2098 4449 curam
2143 4399 2403 4461 gesserat,
2441 4404 2563 4442 cum
2613 4387 2733 4455 ipsa
2768 4397 2985 4456 quoque
3019 4389 3155 4444 erat,
3190 4377 3339 4432 illam
3368 4373 3501 4427 illae-

1911 4500 2028 4540 sam
2079 4496 2360 4538 servausa
2405 4480 2579 4533 malis.
2636 4477 2975 4531 Accenditur
3026 4487 3157 4541 ergo
3185 4470 3235 4523 ei
3281 4479 3500 4536 quoque

1915 4579 2106 4634 fornax
2135 4591 2200 4631 ex
2240 4573 2418 4630 omnis
2454 4571 2671 4643 generis
2703 4568 2954 4634 materia,
2984 4580 3105 4620 cum
3136 4564 3179 4617 is
3207 4561 3297 4632 qui
3328 4560 3503 4628 jusse-

3318 4649 3501 4709 Vides,

1919 4761 2048 4815 dicit
2082 4760 2167 4811 ille
2225 4755 2467 4825 martyri,
2508 4756 2685 4821 ignem
2739 4752 2829 4820 qui
2881 4757 3071 4803 contra
3120 4754 3171 4798 te
3230 4750 3502 4795 movetur.

1920 4851 2038 4905 Non
2097 4850 2298 4919 poteris
2329 4847 2484 4900 aliter
2526 4846 2703 4899 minas
2746 4843 2865 4914 ejus
2913 4841 3173 4908 effugere,
3212 4833 3316 4889 nisi
3359 4828 3505 4901 quod

231 4944 500 5013 μάρτυρι,
550 4940 609 4993 τὸ
680 4937 825 4991 κατά
884 4933 978 4989 σοῦ
1027 4935 1317 5003 καιόμενον
1370 4932 1521 5003 επῦρς
1585 4933 1805 5002 Ἑτέρως

1923 4945 2223 5014 imperatur
2263 4939 2486 4995 minime
2537 4938 2928 5008 tergiversaris,
2969 4932 3225 4985 eifectum
3278 4925 3506 4978 reddere

1926 5037 2222 5093 studueris.
2269 5033 2380 5103 Ego
2410 5045 2590 5085 autem
2634 5042 2683 5084 te
2719 5040 2839 5083 utar
2869 5026 3030 5080 etiam
3072 5020 3377 5089 benignius.
3412 5015 3509 5070 Dic

1926 5130 2071 5182 enim
2103 5126 2277 5180 solum
2313 5139 2327 5175 ε
2362 5122 2549 5192 Magna
2579 5120 2770 5184 Diana,
2808 5126 2863 5171 et
2890 5115 3071 5171 statim
3109 5113 3176 5167 ab
3208 5109 3355 5165 omni
3395 5106 3509 5160 cri-

1929 5219 2227 5274 minatione
2274 5214 2615 5269 liberaberis.
2655 5210 2750 5264 Illa
2788 5220 2969 5264 autem
3013 5226 3027 5262 :
3080 5204 3254 5265 Absit,
3309 5196 3507 5266 inquit,

1931 5323 1989 5367 ut
2020 5311 2099 5364 vel
2134 5308 2250 5363 solo
2286 5309 2445 5361 verbo
2482 5304 2673 5360 faciam
2716 5300 2919 5370 aliquid
2948 5298 3172 5366 impium
3206 5301 3261 5345 et
3289 5287 3511 5343 indeco-

231 5036 324 5093 οὖν
360 5038 464 5090 οὐκ
508 5038 576 5089 ἂν
612 5036 801 5105 δύναιο
847 5037 946 5104 τὴν
981 5032 1213 5099 ἀπειλὴν
1261 5030 1427 5084 αὐτοῦ
1462 5032 1742 5099 ἐκφυγεῖν,
1770 5030 1817 5082 εἰ

235 5141 309 5201 μὴ
342 5131 405 5183 τὸ
435 5108 922 5199 προσταττόμενον
966 5126 1120 5177 οὐδὲν
1157 5122 1565 5194 ὑπερτιθεμένη
1599 5120 1817 5173 τελέσαι
1860 5118 1865 5122 ’

237 5223 556 5293 σπουδάσῃς
581 5236 594 5251 ’
645 5220 754 5289 ἐγὼ
781 5219 838 5271 δέ
888 5235 969 5271 σοι
1014 5218 1111 5270 καὶ
1143 5214 1653 5285 φιλανθρωπότερον
1680 5214 1826 5283 χρή-

235 5327 431 5385 σομαι·
494 5313 616 5365 εἰπὲ
672 5314 783 5381 γὰρ
842 5312 988 5362 κατὰ
1025 5310 1324 5380 πρόσχημα
1390 5308 1592 5377 ῥήματι
1657 5306 1828 5375 μόνῳ,

236 5383 468 5474 Μεγάλη
527 5407 560 5472 ἡ
626 5405 927 5475 Ἄρτεμις,
994 5402 1089 5455 καὶ
1146 5401 1309 5463 εὐθὺς
1374 5398 1589 5468 ἀπολύῃ
1648 5397 1798 5467 πάση

1934 5415 2075 5465 rum,
2118 5410 2175 5454 et
2216 5399 2452 5468 linguam
2503 5394 2590 5447 tali
2630 5392 2866 5463 polluam
2914 5389 3212 5450 locutione,
3253 5396 3375 5451 qua:
3427 5383 3513 5433 est

236 5501 443 5563 αἰτίας.
484 5497 553 5549 Ἢ
576 5496 667 5560 δὲ,
717 5497 810 5563 Μὴ
839 5495 1053 5563 γένοιτό
1091 5512 1204 5565 μοι,
1253 5491 1409 5563 φησὶ,
1445 5492 1579 5562 μηδὲ
1626 5490 1805 5560 ρήματ

1934 5492 2110 5545 aliena
2165 5506 2193 5543 a
2231 5489 2430 5559 pietate
2470 5486 2525 5539 in
2556 5499 2703 5547 eum,
2755 5484 2843 5551 qui
2879 5482 3103 5534 creavit.

242 5594 389 5667 μόνῳ
421 5590 641 5644 ἀνόσιόν
664 5606 717 5643 τι
747 5590 944 5660 δρᾶσαι
978 5589 1071 5642 καὶ
1094 5564 1371 5659 ἀπρεπὲς,
1404 5587 1497 5641 καὶ
1536 5587 1789 5653 γλῶσσαν
1824 5588 2074 5656 ῥυπῶσαι
2123 5584 2351 5655 τοιούτῳ
2412 5581 2712 5652 φθέγματι,
2773 5576 3052 5646 ἀλλοτρίῳ
3104 5573 3217 5630 δντι
3251 5570 3349 5640 τῆς
3377 5564 3513 5636 πρὸς

237 5686 328 5739 τὸν
377 5683 727 5751 πεποιηκότα
772 5682 1045 5736 θεοσεϐεία
1057 5701 1100 5746 ς.

315 5784 416 5837 ll".
448 5780 518 5834 Τί
544 5778 608 5834 τὸ
641 5780 749 5831 ἀπὸ
782 5778 976 5845 τοῦδε;
1010 5780 1149 5843 Τοὺς
1170 5778 1362 5847 λόγους
1399 5777 1557 5844 ἀφεὶς
1581 5814 1596 5837 ,
1630 5774 1689 5826 τὸ
1722 5773 1827 5825 ὑπὸ

246 5877 335 5930 τοῦ
356 5877 422 5928 θυ
435 5872 538 5945 μού
565 5871 855 5925 κελευσθὲν
882 5873 1080 5931 ἐποίει.
1106 5874 1202 5924 καί
1223 5868 1603 5932 ἀκοντίζεσθαι
1622 5864 1827 5933 ταύτην

244 5969 321 6040 τῷ
354 5969 489 6039 πυρὶ
523 5965 909 6033 προσέταττεν.
947 5965 1011 6018 Ἠ
1040 5966 1103 6020 δὲ.
1122 5966 1178 6018 οὐ
1209 5967 1332 6029 τοὺς
1374 5958 1818 6029 συλληψομὲνλυς

2010 5771 2142 5826 XIII.
2181 5769 2318 5836 Quid
2360 5766 2593 5823 deinde?
2622 5762 2813 5819 Verbis
2858 5762 3062 5816 relictis
3111 5756 3259 5819 fecit,
3290 5754 3432 5826 quod
3461 5770 3509 5810 et

1931 5865 2157 5935 jubebat
2191 5864 2289 5926 ira,
2323 5872 2377 5916 et
2403 5860 2568 5929 jussit
2601 5872 2719 5911 eam
2751 5856 2852 5927 jaei
2889 5854 2941 5909 in
2973 5854 3171 5922 ignem.
3206 5851 3295 5903 Illa
3331 5858 3512 5906 autem

1937 5972 2045 6009 non
2098 5954 2271 6009 solum
2330 5967 2421 6009 eos
2453 5949 2540 6019 qui
2598 5948 2765 6016 ipsam
2824 5953 2980 6000 erant
3038 5934 3507 6009 comprehensuri,
