4158 6490
668 409 768 476 511

1946 411 2226 473 MENSlS
2264 409 2688 472 AUGUSTUS.

3829 404 3934 473 532

669 521 764 575 sed
792 519 1184 591 propemodum
1237 519 1411 589 ipsum
1449 520 1614 575 etiam
1642 519 1857 590 jussum
1885 522 2248 592 praveniens,

2371 519 2543 585 μόνον,
2594 515 2728 570 ἀλλὰ
2771 515 2970 586 μικροῦ
3005 514 3106 569 καὶ
3153 513 3286 572 αύτδ
3317 516 3378 570 τὸ
3412 518 3748 588 πρόσταγμα
3788 518 3934 587 φθά-

670 612 722 665 ἱη
769 609 1005 665 mediam
1058 608 1331 664 flammam
1386 610 1618 674 insiluit,
1667 620 1924 682 tanquam
1990 613 2046 667 in
2084 627 2255 682 aquas

668 701 870 757 calidas
925 711 980 756 et
1007 701 1221 755 lavacra
1261 702 1607 757 suavissima.
1639 703 1895 758 Protinus
1945 718 2072 774 ergo
2103 703 2257 757 flam-

673 804 762 844 ma
818 789 1036 858 quidem
1089 788 1516 856 diﬁ‘undebatur,
1545 801 1601 846 et
1656 794 2101 863 appreliendebat
2161 807 2256 847 eos

666 883 756 950 qui
776 882 1212 938 circumstabant.
1242 881 1443 954 Tetigit
1468 895 1649 938 autem
1675 886 1814 954 ignis
1845 887 2017 956 ipsum
2038 900 2254 955 quoque

662 969 920 1038 judicem,
940 980 1050 1025 tum
1079 980 1138 1025 ut
1162 970 1516 1026 ulcisceretur
1536 974 1892 1042 impietatem,
1925 983 2035 1027 tum
2059 984 2116 1027 ut
2140 975 2255 1044 ipse

670 1062 897 1116 minime
930 1061 1222 1128 dubitaret,
1272 1062 1366 1117 sed
1394 1072 1640 1118 uteretur
1673 1066 1854 1135 seipso
1887 1073 2021 1120 teste
2058 1065 2254 1120 divina:

670 1154 949 1222 potentiae.
1001 1154 1092 1208 Sic
1137 1168 1266 1226 ergo
1321 1169 1410 1210 res
1449 1155 1663 1224 quidem
1724 1157 2018 1227 impiorum
2051 1156 2252 1212 allicie-

669 1246 883 1298 bantur'
922 1245 1218 1313 dedecore;
1287 1246 1690 1318 gloriﬁcabatur
1747 1259 1932 1303 autem
1979 1247 2123 1304 Deus
2157 1265 2256 1320 per

670 1355 824 1393 suam
878 1351 1197 1411 martyrem.
1267 1342 1445 1399 Judici
1494 1355 1676 1399 autem
1734 1345 1873 1399 male
1917 1360 1974 1401 se
2019 1346 2255 1402 habebat

671 1447 734 1486 ea
770 1448 893 1502 pars
932 1435 1196 1504 corporis,
1246 1450 1412 1504 quam
1451 1433 1667 1488 flamma
1702 1435 1973 1505 tetigerat,
2004 1445 2057 1491 et
2086 1437 2253 1490 mittit

669 1525 953 1595 quosdam,
983 1528 1074 1596 qui
1101 1535 1348 1582 sanctam
1377 1527 1731 1582 adducerent.
1751 1527 1853 1593 Qui
1885 1536 2067 1584 autem
2097 1529 2251 1584 missi

673 1615 912 1682 fuerant,
935 1618 1123 1672 vident
1152 1619 1416 1689 quosdam
1462 1619 1710 1674 candidis
1740 1619 1957 1674 indutos
1991 1620 2250 1687 vestibus,

668 1707 902 1777 eleganti
952 1719 1006 1763 et
1038 1709 1268 1764 honesta
1301 1710 1501 1780 specie,
1535 1712 1625 1780 qui
1675 1711 1760 1765 vel
1795 1711 1906 1766 sola
1933 1711 2109 1766 forma
2158 1725 2254 1782 po-

672 1802 846 1852 terant
880 1799 1151 1854 adducere
1184 1801 1236 1854 in
1280 1801 1695 1855 admirationem
1725 1819 1738 1864 ;
1784 1802 1874 1871 qui
1913 1802 2076 1856 etiam
2107 1817 2252 1872 stepe

2359 626 2544 672 νουσα,
2599 609 2689 661 ἐπὶ
2736 608 2906 678 μέσης
2957 608 3124 678 ἥλατο
3173 607 3273 678 τῆς
3326 608 3550 677 φλογὸς,
3602 609 3795 680 ὥσπερ
3842 610 3938 662 ἐπὶ

2360 701 2578 770 θερμῶν
2621 701 2829 753 ὑδάτων
2875 700 2967 752 καὶ
3014 699 3256 770 λουτρῶν
3315 698 3528 769 ἥδιστα.
3595 701 3931 769 Παραυτίκα

2359 792 2551 862 γοῦνή
2587 793 2686 861 μὲν
2729 791 2859 860 φλὸξ
2906 792 3174 862 διεχεῖτο,
3232 792 3330 844 καὶ
3378 791 3490 844 τῶν
3542 795 3935 859 περιεστώτων

2359 883 2774 952 ἐπελαμϐάνετο
2796 899 2810 913 ·
2841 884 3046 952 ἦπτετο
3069 884 3124 937 δὲ
3151 885 3244 937 καὶ
3273 883 3440 936 αὑτοῦ
3477 883 3570 936 τοῦ
3595 885 3934 949 δικάζοντος,

2360 975 2478 1044 ἅμα
2529 975 2626 1044 μὲν
2681 971 2779 1044 τὴν
2821 974 3076 1027 ἀσέϐειαν
3131 974 3494 1044 ἀμυνόμενον,
3533 977 3628 1028 καὶ
3683 977 3938 1044 πρὸςτδ

2362 1069 2528 1139 μηδὲν
2561 1070 2722 1122 αὑτὸν
2756 1067 3065 1137 ἀμφίϐολον
3095 1067 3262 1136 ἔχειν,
3309 1066 3425 1120 ἀλλ’
3469 1067 3646 1137 ἑαυτῷ
3691 1069 3936 1138 μάρτυρι

2359 1160 2594 1230 χρῆσθαι
2625 1159 2725 1227 τῆς
2754 1158 2848 1212 τοῦ
2880 1157 3015 1211 Θεοῦ
3039 1157 3346 1227 δυνάμεως.
3379 1158 3566 1222 Οὕτως
3597 1149 3693 1212 οὖν
3737 1158 3808 1210 τὰ
3837 1160 3936 1226 μὲν

2357 1251 2465 1304 τῶν
2509 1251 2725 1304 ἀσεϐῶν
2775 1249 3168 1322 κατῃσχύνετο,
3211 1248 3344 1312 Θεδς
3386 1249 3443 1302 δὲ
3485 1249 3574 1302 διὰ
3620 1251 3718 1317 τῆς
3768 1249 3938 1302 αὐτοῦ

2363 1342 2638 1412 μάρτυρος
2668 1340 2951 1404 ἐδοξάζετο
2971 1355 2986 1370 ⁹
3023 1338 3140 1410 εἶχε
3171 1339 3228 1392 δὲ
3261 1339 3354 1393 καὶ
3383 1339 3462 1410 τῷ
3497 1341 3730 1412 δικαστῇ
3766 1343 3936 1408 πονή-

2362 1451 2465 1505 ρως
2495 1435 2554 1486 τὸ
2581 1432 3013 1504 παραπολαῦσαι)
3060 1433 3156 1501 τῆς
3191 1433 3389 1501 φλογὸς
3425 1435 3592 1505 μέρος
3621 1432 3716 1486 τοῦ
3751 1434 3940 1502 σώμαι

2357 1543 2468 1590 τος,
2522 1527 2616 1579 καὶ
2667 1526 2878 1595 πέμπει
2926 1525 3075 1586 τινὲς
3130 1525 3358 1588 ἄξοντας
3398 1527 3496 1596 τὴν
3541 1527 3725 1594 ἁγίαν.
3769 1527 3833 1580 Οἱ
3881 1527 3938 1578 δὲ

2359 1617 2706 1688 πεμφθέντες
2739 1614 3212 1686 λευκημονοῦντας
3247 1615 3435 1687 ἑώρων
3464 1620 3615 1682 τινας
3647 1619 3939 1688 εὐπροσώο

2361 1729 2495 1774 πους
2532 1712 2615 1764 ὅτι
2652 1710 2889 1780 μάλιστα
2929 1707 3026 1761 καὶ
3058 1709 3354 1778 χαρίεντας
3386 1709 3651 1779 εκπληξιν
3695 1711 3809 1764 ἀπὸ
3840 1711 3941 1779 τῆς

2364 1804 2577 1872 μορφῆς
2629 1801 2877 1870 ἐμποιεῖν
2920 1801 3288 1870 δυναμένους·
3335 1800 3386 1854 οῖ
3453 1803 3549 1855 καὶ
3584 1803 3852 1867 πολλάκις
3883 1806 3944 1855 ὲν

671 1891 769 1944 visi
803 1892 1020 1944 fuerant
1051 1907 1175 1945 cum
1215 1892 1372 1946 beata
1415 1894 1619 1947 versari
1660 1893 1712 1947 in
1743 1893 1986 1960 fornace,
2021 1905 2075 1949 et
2100 1895 2258 1950 simul

2371 1894 2427 1960 τῇ
2451 1892 2666 1960 καμίνῳ
2689 1889 2944 1951 συνόντες
2969 1891 3034 1958 τῇ
3072 1889 3323 1960 μακαρία
3347 1890 3441 1942 καὶ
3463 1892 3943 1959 συναναφέροντες

670 1997 794 2035 cum
843 1997 906 2035 ea
942 1997 1136 2052 preces
1187 1982 1438 2038 fundere.
1491 1983 1626 2039 Cum
1681 1994 1861 2038 autem
1899 1985 1981 2040 eis
2011 1997 2253 2040 sanctam

671 2078 1000 2132 conantibus
1049 2093 1244 2147 capere
1291 2079 1481 2133 soluta:
1512 2090 1699 2132 essent
1729 2080 1987 2144 dextera,
2021 2097 2126 2135 non
2162 2097 2256 2134 va-

674 2166 853 2220 lentes
908 2166 1110 2235 aliquid
1153 2167 1390 2237 amplius
1450 2165 1631 2221 facere
1678 2183 1691 2219 :
1736 2167 2026 2238 Egredere,
2056 2169 2256 2224 clama-

673 2255 830 2322 bant,
872 2258 1066 2310 ancilla
1109 2255 1204 2312 Dei
1253 2274 1266 2311 :
1306 2267 1464 2312 vocat
1514 2267 1564 2313 te
1604 2260 1790 2329 judex.
1847 2261 1979 2325 Quae
2033 2262 2134 2315 etsi
2191 2276 2254 2316 ex

674 2348 798 2416 igne
840 2363 1058 2418 egressa
1105 2359 1252 2404 esset
1281 2350 1468 2413 illaesa,
1506 2364 1630 2403 cum
1662 2350 1708 2403 ei
1740 2353 1970 2404 omnino
2005 2367 2112 2404 non
2157 2367 2258 2405 no-

674 2440 882 2495 cuisset
922 2441 1080 2512 ignis,
1115 2450 1169 2496 et
1200 2442 1400 2512 impius
1445 2457 1643 2512 corpus
1684 2441 1906 2496 haberet
1945 2443 2124 2498 adhuc
2154 2460 2242 2498 se-

679 2534 1076 2598 miustulatum,
1118 2543 1174 2588 et
1216 2550 1278 2588 ex
1317 2534 1435 2603 ipso
1480 2542 1666 2603 posset
1708 2533 2011 2606 intelligere
2046 2556 2059 2589 :
2108 2551 2258 2590 cras-

676 2639 798 2678 sam
860 2637 1042 2680 tamen
1099 2625 1300 2679 nubem
1354 2624 1541 2681 ferens
1590 2627 1640 2678 in
1697 2629 1890 2691 oculis,
1937 2637 2052 2680 erat
2104 2629 2258 2696 plane

675 2717 962 2785 insipiens.
1021 2716 1316 2786 PrOpterea
1366 2717 1417 2770 in
1464 2731 1584 2770 eam
1645 2733 1835 2772 rursus
1894 2720 1997 2773 alia
2050 2720 2260 2774 induxit

678 2807 963 2879 supplicia,
1004 2808 1234 2878 etjubet
1279 2809 1400 2878 ejus
1443 2809 1684 2863 membra
1736 2810 1972 2880 transﬁgi
2010 2810 2256 2863 terebris.

677 2900 814 2954 Cum
869 2913 1049 2954 autem
1120 2909 1325 2972 martyr
1379 2901 1586 2954 habens
1624 2903 1848 2954 omnino
1900 2912 2132 2955 mentem
2193 2903 2258 2957 ad

682 2991 850 3046 Deum
880 2993 1168 3054 sublatam,
1200 3008 1389 3056 parum
1424 3002 1516 3045 aut
1545 2992 1681 3045 nihil
1715 3004 1932 3047 curaret
1964 3003 2254 3062 tormenta,

679 3099 800 3137 eam
834 3093 1007 3138 morte
1045 3085 1394 3138 condemnat.
1445 3081 1599 3150 Quod
1638 3085 1855 3154 quidem
1899 3103 2022 3141 cum
2053 3089 2264 3158 audiis:

679 3183 763 3228 set
797 3174 1219 3241 adulescentula,
1251 3177 1404 3247 cujus
1435 3191 1546 3230 non
1583 3186 1737 3229 erant
1764 3178 1947 3245 pusilli
1980 3187 2034 3230 et
2063 3179 2259 3232 mulie-

680 3266 808 3320 bres
852 3267 1098 3336 spiritus,
1171 3277 1227 3320 et
1270 3276 1575 3334 reputasset
1630 3266 1729 3323 hoc
1780 3281 1899 3324 esse
1963 3269 2126 3322 veluti
2186 3247 2332 3323 si-C

685 3357 978 3424 gnaculum
1009 3365 1064 3409 et
1093 3355 1401 3410 ﬁrmitatem
1435 3372 1543 3410 suat
1580 3357 1633 3409 in
1680 3358 1844 3412 Denm
1879 3359 2262 3425 confessionis,

683 3464 904 3519 magnas
953 3447 1060 3504 Deo
1093 3453 1201 3520 egit
1232 3452 1432 3521 gratias
1471 3469 1482 3502 :
1515 3452 1629 3520 Ago
1661 3451 1756 3505 tibi
1804 3454 2023 3522 gratias,
2057 3455 2264 3520 dicens,

682 3541 865 3594 divina
897 3542 1158 3604 Trinitas,
1190 3558 1296 3596 una
1326 3543 1608 3604 divinitas,
1640 3558 1745 3594 una
1790 3543 1982 3613 gloria,
2023 3561 2130 3598 una
2169 3563 2266 3614 po-

684 3636 878 3694 tentia,
917 3634 1060 3702 quod
1108 3642 1160 3688 te
1203 3642 1257 3688 et
1288 3635 1394 3689 tuis
1437 3632 1766 3703 martyribus
1814 3635 1949 3689 meis
1993 3638 2270 3692 sororibus

683 3726 900 3795 dignam
933 3743 1040 3789 me,
1073 3741 1191 3796 qua:
1233 3741 1351 3779 sum
1395 3725 1640 3786 minima,
1686 3726 1992 3781 reddidisti.
2018 3729 2269 3788 Concede

686 3831 888 3878 autem,
934 3828 992 3870 ut
1036 3827 1211 3872 mater
1236 3832 1351 3871 mea
1399 3827 1519 3887 post
1555 3832 1737 3870 meum
1767 3819 2052 3873 decessum
2082 3824 2267 3876 tandiu

689 3910 759 3960 sit
815 3907 866 3960 in
914 3908 1014 3962 hac
1058 3909 1252 3964 misera
1294 3910 1406 3962 vita
1465 3917 1765 3975 superstes,
1814 3917 1876 3961 ut
1927 3911 2030 3964 tuis
2064 3910 2272 3968 ancillis

687 4001 828 4070 iusta
869 4001 1050 4053 faciat.

763 4171 899 4227 XIV.
945 4171 1080 4229 Cum
1113 4174 1192 4230 sic
1227 4185 1446 4246 precata
1491 4187 1636 4233 esset
1676 4179 1832 4233 beata
1873 4179 2123 4237 Charitas
2172 4181 2268 4237 ad-

694 4266 957 4319 mirandae
996 4266 1117 4320 ﬁlia
1150 4276 1324 4320 mater
1362 4268 1694 4322 admirabilis
1731 4285 1828 4337 pro
1871 4285 1934 4322 ea
1974 4282 2055 4326 est
2086 4289 2274 4340 preca-

696 4367 772 4419 ta,
813 4371 920 4408 non
963 4365 1023 4409 ut
1055 4370 1174 4409 eam
1237 4357 1444 4412 videret
1503 4358 1703 4426 vivam,
1733 4367 1788 4413 et
1830 4359 1990 4431 longo
2030 4371 2275 4432 tempore

2364 1981 2500 2052 αύτῇ
2544 1983 2643 2045 τὰς
2675 1982 2840 2051 εὐχὰς
2875 1981 3202 2050 ὲθεάθησαν.
3259 1981 3416 2035 Ἐπεὶ
3453 1976 3548 2034 οὖν
3590 1982 3943 2051 ἐπιχειροῦσι

2364 2074 2578 2134 τούτοις
2617 2072 2716 2146 τὴν
2761 2073 2924 2142 ἁγίαν
2972 2072 3160 2124 λαϐεῖν
3215 2075 3480 2144 παρεῖντο
3535 2076 3591 2125 αί
3634 2072 3835 2139 δεξιαὶ,
3879 2074 3941 2126 ού

2364 2164 2655 2231 δυνάμενοί
2702 2182 2754 2217 τι
2805 2164 3006 2230 δρᾶσαι
3039 2162 3242 2215 πλέον·
3304 2162 3503 2228 Ἔξιθι,
3541 2164 3739 2229 ἐϐόων,
3779 2165 3809 2234 ἡ
3844 2162 3942 2216 τοῦ

2362 2255 2503 2309 Θεοῦ
2541 2254 2728 2324 δούλη,
2769 2257 2797 2307 ὁ
2829 2253 3065 2317 δικάζων
3100 2253 3277 2307 καλεῖ.
3326 2255 3414 2316 Ὦς
3442 2253 3537 2308 οῦν
3574 2254 3802 2318 ἀθικτος
3832 2256 3941 2308 ἀπὸ

2367 2345 2463 2399 τοῦ
2507 2345 2680 2417 πυρὸς
2727 2343 2951 2415 ἐξῆλθεν
2991 2341 3142 2398 οὐδὲν
3181 2344 3355 2414 αὐτὴν
3403 2345 3464 2398 τδ
3509 2347 3777 2416 παράπαν
3813 2347 3943 2416 βλά-

2367 2439 2593 2508 ψαντος,
2625 2440 2651 2491 ὁ
2684 2437 2950 2507 δυσσεδὴς
2983 2438 3162 2490 καίτοι
3201 2437 3539 2507 ἡμίφλεκτον
3573 2438 3655 2491 ἔτι
3688 2439 3749 2492 τὸ
3780 2440 3944 2502 σῶμα

2367 2532 2529 2602 ἔχων,
2583 2531 2677 2584 καὶ
2730 2528 2823 2596 ἀφ’
2876 2527 3071 2581 ἑαυτοῦ
3122 2529 3364 2580 συνεῖναι
3414 2528 3737 2598 δυνάμενος,
3794 2532 3945 2599 ὅμως

2368 2623 2512 2693 παχὺ
2547 2623 2725 2692 φέρων
2759 2622 2818 2673 τὸ
2843 2621 2932 2674 ἐπὶ
2960 2621 3068 2672 τῶν
3094 2619 3406 2687 ὀφθαλμῶν·
3426 2623 3524 2692 τῆς
3545 2620 3724 2690 ψυχῆς
3761 2623 3944 2689 νέφος.

2369 2716 2632 2776 ἀσύνετος
2677 2709 2765 2782 ἦν.
2824 2713 2934 2764 Καὶ
2982 2711 3068 2762 διά
3109 2710 3270 2762 τοῦτο
3317 2712 3411 2763 καὶ
3459 2709 3615 2773 αὖθις
3671 2714 3946 2784 τιμωρίας

2370 2807 2580 2876 ἐπῆγεν
2615 2805 2831 2876 ἕτερας,
2870 2806 2963 2856 καὶ
2991 2803 3289 2867 τρυπάνοις
3317 2803 3488 2874 αὐτὴν
3511 2802 3723 2856 κελεύει
3752 2804 3948 2858 διαπε-

2370 2898 2632 2968 ρονᾶσθαι
2668 2897 2734 2951 τὰ
2767 2897 2924 2968 μέλη.
2974 2894 3130 2949 Ἐπεὶ
3165 2883 3220 2948 δὲ
3253 2895 3351 2967 τὴν
3385 2894 3632 2949 διάνοιαν
3681 2896 3775 2950 διὰ
3808 2915 3948 2950 παν-

2367 2995 2455 3053 τὸς
2483 2991 2618 3062 πρὸς
2645 2991 2779 3044 Θεὸν
2810 2990 3008 3060 ἔχουσα
3041 2989 3146 3042 τῶν
3172 2989 3538 3058 ἐπαγομένων
3565 2989 3725 3059 ὀλίγα
3751 2992 3950 3061 ἐφρόν-

2368 3084 2516 3144 τιζεν
2549 3081 2580 3150 ἥ
2610 3081 2786 3143 οὐδὲν,
2839 3082 2932 3133 τὸν
2973 3079 3059 3134 διὰ
3111 3079 3302 3149 ξίφους
3347 3080 3576 3136 Θάνατον
3628 3085 3727 3136 καὶ
3776 3084 3947 3152 αὐτῆς

2372 3172 2716 3240 κατακρίνει,
2758 3174 2894 3243 ὅπερ
2916 3174 2947 3244 ἡ
2969 3174 3135 3244 μηδὲν
3158 3174 3382 3241 ἀγεννὲς
3410 3176 3543 3245 μηδὲ
3565 3175 3704 3242 Θῆ).υ
3723 3178 3952 3246 φρονοῦ-

2370 3285 2438 3320 σα
2479 3268 2658 3328 νεᾶνις
2685 3266 2988 3330 ἀκούσασα,
3021 3268 3116 3318 καὶ
3144 3265 3336 3335 ὥσπερ
3368 3266 3634 3334 σφραγῖδα
3669 3266 3829 3319 τοῦτο
3857 3271 3950 3321 καὶ

2369 3360 2670 3428 ἀσφάλειαν
2717 3359 2817 3426 τῆς
2874 3356 3011 3425 πρὸς
3065 3355 3195 3408 Θεὸν
3242 3355 3534 3424 ὁμολογίας
3582 3356 3947 3430 λογισαμένη,

2372 3451 2574 3511 πολλὰς
2603 3449 2871 3520 ὡμολόγει
2897 3447 2972 3516 τῷ
3001 3446 3118 3517 Θεῷ
3149 3448 3383 3518 χάριτας
3404 3463 3418 3477 ⁸
3469 3445 3797 3519 Εὑχαριστῶ
3841 3468 3946 3516 σοι,

2370 3545 2627 3608 λέγουσα,
2667 3544 2785 3596 οεία
2832 3541 3032 3612 Τριάς,
3093 3541 3190 3612 μία
3245 3537 3457 3612 οεότης,
3517 3541 3613 3611 μία
3658 3541 3813 3606 δόξα.
3846 3543 3946 3612 μία

2379 3638 2632 3708 δύναμιςζ
2664 3638 2744 3690 ὅτι
2780 3635 2876 3689 καί
2911 3653 2975 3706 με
3007 3634 3101 3688 τοῦ
3129 3635 3418 3705 νυμφῶνος
3446 3635 3540 3688 τοῦ
3574 3635 3667 3688 σοῦ
3701 3636 3800 3688 καὶ
3841 3636 3948 3688 τῶν

2373 3728 2482 3783 σῶν
2565 3728 2864 3800 μαρτύρων
2934 3728 3044 3780 τῶν
3104 3727 3254 3796 ἐμῶν
3315 3728 3566 3795 ἀδελφῶν
3629 3729 3793 3793 ἀξίαν
3851 3729 3949 3800 τὴν

2373 3821 2665 3887 ἐλαχίστην
2713 3817 2942 3880 ἔδειξας.
2991 3818 3088 3876 Δδς
3137 3816 3195 3867 δὲ
3253 3817 3347 3868 καὶ
3375 3818 3474 3886 τὴν
3525 3818 3664 3885 ἐμὴν
3729 3821 3946 3890 μητέρα

2377 3911 2514 3980 μετά
2538 3912 2636 3982 τὴν
2656 3909 2793 3981 ἐμὴν
2822 3908 3081 3979 τελευτὴν
3106 3907 3183 3978 τῷ
3207 3907 3536 3978 ταλαιπώρῳ
3560 3909 3735 3978 τούτῳ
3756 3913 3951 3981 ἐπιζῆο

2376 4018 2466 4058 σαι
2512 4004 2634 4075 βίῳ,
2669 4005 2794 4057 ὅσον
2828 4003 2896 4056 τὰ
2944 4002 3312 4072 νενομισμένα
3341 4003 3462 4065 ταῖς
3507 4003 3626 4065 σαῖς
3671 4001 3944 4073 Θεραπαι·

2374 4097 2515 4149 νίσιν
2546 4083 2998 4166 ἀφοσιώσασθαι.

2451 4191 2551 4244 ιε’.
2593 4189 2750 4242 Οῦτω
2791 4188 2891 4256 τῆς
2936 4189 3216 4256 μακαρίας
3251 4187 3539 4254 δεηθείσης
3595 4188 3867 4258 Ἀγάπης,
3917 4189 3948 4259 ἡ

2377 4279 2474 4348 τῆς
2531 4279 2840 4347 Θαυμασίας
2902 4277 3175 4344 θυγατρὸς
3234 4275 3516 4344 θαυμασία
3580 4279 3767 4346 μήτηρ
3828 4282 3950 4330 m1

2378 4369 2521 4439 ὑπὲρ
2554 4367 2725 4437 αὐτῆς
2781 4366 2966 4435 δέησιν
3002 4365 3260 4427 ἐποιεῖτο,
3296 4364 3394 4433 οὐχ
3441 4363 3528 4417 ἵνα
3563 4364 3747 4428 ζῶσαν
3784 4367 3950 4436 αὐτὴν

693 4455 920 4515 viveret.
973 4467 1202 4510 mortem
1253 4455 1536 4527 eﬂugiens,
1579 4469 1634 4510 et
1669 4471 1788 4511 eam
1823 4459 1994 4513 solam
2049 4460 2265 4514 haberet

2377 4463 2504 4534 δρᾷ,
2565 4461 2677 4514 οὐδ’
2732 4460 2820 4514 ίνα
2874 4459 3084 4531 μακρὸν
3129 4458 3324 4528 χρόνον
3377 4457 3515 4528 βιῴη
3575 4457 3666 4510 τὸν
3722 4457 3951 4513 οάνατον

696 4549 1122 4602 consolationem
1171 4558 1227 4602 et
1274 4564 1425 4619 spem
1492 4551 1813 4615 senectutis,
1861 4565 1985 4604 cum
2028 4553 2096 4606 ab
2157 4553 2265 4606 aliis

2383 4553 2721 4622 ἐκφυγοῦσα,
2756 4555 2852 4606 καὶ
2898 4551 3253 4621 παραμυθίαν
3292 4551 3462 4619 αὐτὴν
3496 4552 3665 4620 μόνην
3695 4551 3813 4620 ἔχοι
3860 4554 3951 4603 καὶ

698 4649 842 4695 esset
887 4640 1102 4694 deserta
1164 4640 1411 4706 ﬁliabus;
1459 4639 1595 4694 nihil
1657 4641 1852 4694 borum
1903 4651 1986 4694 est
2034 4651 2265 4709 precata,

2383 4645 2698 4716 γηροκόμον
2750 4643 2939 4696 ἐλπίδα
2987 4641 3095 4691 τῶν
3145 4640 3319 4694 ἄλλων
3376 4640 3697 4708 θυγατέρων
3745 4641 3950 4710 ἔρημος

699 4741 792 4784 aut
822 4733 1020 4794 voluit;
1067 4731 1182 4786 haec
1210 4733 1358 4785 enim
1403 4731 1679 4800 judicabat
1725 4746 1848 4786 esse
1902 4744 2134 4787 matrum
2177 4733 2265 4786 illi-

2381 4739 2551 4792 οὖσαο
2595 4738 2748 4790 οὐδὲν
2792 4734 3032 4786 τοιοῦτον
3073 4733 3106 4803 η
3155 4733 3359 4801 ηῦξατο
3411 4731 3733 4802 statim...
3769 4732 3951 4784 Ταῦτα

699 4824 897 4877 beralis
942 4834 996 4877 et
1032 4824 1212 4893 pusilli
1265 4822 1455 4885 animi,
1499 4831 1554 4877 et
1602 4839 1723 4892 qua:
1773 4824 2058 4878 intuentur
2099 4825 2276 4879 solum

696 4915 765 4967 ad
813 4914 868 4967 id
906 4915 1047 4982 quod
1100 4913 1275 4977 adest,
1314 4920 1366 4965 et
1409 4911 1554 4980 quod
1595 4911 1852 4964 videtur:
1900 4911 1993 4965 sed
2043 4919 2099 4964 ut
2150 4927 2281 4966 con-

702 5007 985 5060 venientcr
1019 5005 1138 5074 ejus
1188 5003 1472 5075 proposito
1520 5003 1798 5071 acciperet
1851 5006 2280 5058 consummatio-

701 5117 847 5174 nem,
873 5108 928 5154 et
948 5100 1088 5153 bona
1115 5099 1252 5153 facta
1283 5100 1460 5154 bonus
1488 5107 1806 5167 sequeretur
1836 5098 2035 5152 exitus.
2069 5097 2280 5163 Quam-

700 5209 890 5262 obrem
943 5206 1010 5260 ad
1057 5215 1292 5260 mortem
1358 5206 1406 5260 ei
1457 5206 1665 5260 addens
1716 5205 1982 5268 animum,
2029 5210 2084 5258 et
2113 5205 2179 5257 ad
2222 5203 2283 5256 ﬁ-

706 5315 833 5355 nem
890 5314 1083 5353 cursus
1137 5298 1466 5353 conﬁrmans
1510 5315 1524 5352 :
1572 5295 1739 5367 Euge,
1787 5296 2025 5360 dicebat,
2062 5311 2094 5351 ο
2142 5296 2280 5358 ﬁlia;

707 5408 742 5446 ο
773 5393 877 5445 mei
931 5390 1070 5446 uteri
1132 5406 1320 5445 revera
1375 5391 1504 5446 felix
1548 5391 1762 5461 planta!
1794 5405 1827 5443 ο
1870 5403 1991 5457 qua:
2044 5389 2283 5443 honora-

707 5487 834 5542 visti
913 5485 1194 5556 parentes!
1240 5499 1272 5538 ο
1316 5500 1436 5553 qua:
1482 5485 1647 5538 Deum
1705 5485 1759 5538 in
1807 5483 1914 5537 tuis
1972 5481 2281 5552 glorilicasti

712 5580 990 5634 membris.
1036 5577 1167 5643 Quis
1222 5593 1328 5631 non
1373 5585 1520 5631 tuam
1574 5575 1816 5630 laudabit
1869 5575 2286 5628 fortitudinem?

709 5674 842 5732 Quis
876 5686 983 5724 non
1006 5669 1169 5723 animi
1203 5669 1368 5722 robur
1392 5666 2019 5722 etconstantiam?Vade
2048 5667 2112 5720 ad
2138 5682 2285 5720 com-

715 5778 932 5816 munem
972 5761 1281 5823 Dnminum,
1317 5760 1379 5812 ad
1421 5760 1739 5822 thalamum,
1769 5758 1821 5810 in
1858 5773 2016 5826 quem
2052 5774 2158 5810 non
2200 5773 2286 5810 ca-

714 5855 799 5908 dit
853 5852 1126 5916 interitus,
1169 5851 1232 5905 ad
1273 5853 1509 5920 quietem
1553 5862 1737 5903 revera
1777 5849 2007 5909 beatam,
2044 5848 2283 5902 laborum

2381 4830 2491 4900 γὰρ
2536 4830 2778 4896 ἀγεννῶν
2820 4827 2999 4894 ἔκρινε
3043 4826 3298 4894 μητέρων
3347 4825 3441 4875 καὶ
3495 4825 3630 4892 πρὸς
3675 4823 3736 4874 τὸ
3783 4825 3951 4892 παρὸν

2388 4923 2550 4994 μόνον
2592 4919 2929 4992 βλεπουσῶν,
2965 4918 3079 4971 ἀλλ’
3117 4915 3259 4967 ῶστε
3293 4916 3440 4968 κατά
3475 4915 3574 4985 τὴν
3611 4914 3788 4981 αὐτῆς
3820 4915 3950 4984 πρόο

2385 5019 2535 5070 θεσιν
2572 5017 2665 5067 καὶ
2697 5013 2797 5082 τὴν
2832 5011 3112 5064 τελείωσιν
3150 5007 3411 5070 δέξασθαι
3461 5006 3556 5058 καὶ
3589 5006 3782 5066 καλαῖς
3813 5008 3950 5075 πρᾶο

2387 5108 2500 5172 ξεσι
2533 5104 2695 5156 καλὸν
2746 5101 3115 5170 ἀκολουθῆσαι
3165 5099 3262 5152 καὶ
3314 5099 3484 5160 τέλος.
3529 5097 3620 5148 Διὸ
3667 5096 3764 5147 καὶ
3820 5095 3955 5165 πρὸς

2384 5202 2477 5252 τὸν
2506 5198 2736 5250 Θάνατον
2768 5195 3145 5261 ἑπαλείφουσα
3193 5191 3422 5259 ταύτην,
3461 5189 3554 5240 καὶ
3597 5187 3733 5256 πρὸς
3770 5188 3831 5239 τὸ
3863 5185 3952 5238 τοῦ

2385 5291 2590 5360 δρόμου
2651 5288 2801 5348 τέλος
2874 5283 3300 5355 ὲπιῤῥωννῦσαο
3360 5281 3522 5348 Εὖγε,
3591 5273 3636 5332 ὦ
3692 5278 3951 5346 Θύγατερ,

2386 5384 2560 5449 ἔλεγε,
2595 5376 2639 5434 ὦ
2674 5378 2908 5449 γαστρὸς
2959 5377 3098 5448 ἐμῆς
3151 5375 3424 5446 μακάριον
3471 5373 3640 5434 ὅντως
3689 5371 3881 5438 φυτὸν,
3913 5362 3955 5421 ὧ

2388 5476 2566 5544 γονεῖς
2592 5475 2892 5545 τιμήσασα,
2945 5465 2988 5524 ὦ
3043 5470 3178 5523 Θεὸν
3245 5472 3303 5520 ὲν
3353 5469 3467 5529 τοῖς
3511 5466 3624 5527 σοῖς
3681 5461 3954 5528 δοξάσασα

2397 5565 2624 5634 μέλεσι·
2659 5563 2744 5625 τίς
2772 5578 2830 5613 σε
2865 5561 2962 5629 τῆς
2996 5557 3218 5627 ἀνδρίας
3250 5557 3351 5609 οὐκ
3390 5553 3708 5618 ἔπαινέσει;
3741 5553 3828 5616 τίς
3860 5551 3955 5618 τῆς

2390 5656 2710 5726 καρτερίας,
2763 5653 2849 5716 τίς
2897 5652 2998 5718 τῆς
3048 5651 3392 5710 ὲνστάσεως;
3455 5645 3646 5700 ’Δπιοι
3705 5645 3845 5711 πρὸς
3872 5642 3956 5694 τὸν

2392 5748 2567 5802 κοινὸν
2599 5747 2898 5813 Δεσπότην,
2939 5741 3077 5811 πρὸς
3103 5741 3194 5792 τὸν
3238 5738 3501 5806 νυμφῶνα
3532 5734 3624 5786 τὴν
3654 5734 3952 5808 ἄφθαρτον,

2392 5837 2528 5908 πρὸς
2554 5837 2650 5905 τὴν
2689 5835 2963 5904 μακαρίαν
2996 5832 3160 5894 ὅντως
3191 5832 3512 5890 ἀνάπαυσιν,
3549 5824 3952 5893 ὀπολειψαμάνη
