4158 6532
255 468 357 532 513

1521 466 1693 528 νιΤΑ
1738 464 1798 527 S.
1845 465 2245 528 STEPHANI.

3397 464 3500 529 514

249 576 353 629 τῶν
380 575 559 631 άθλων
594 578 692 642 τὰς
725 578 981 649 ἀμοιϐάς.
1013 579 1109 642 '0;
1137 594 1228 632 σου
1263 577 1350 630 τὸν
1383 575 1648 645 στέφανον
1677 594 1816 645 φαν-

1930 587 2213 648 acceptura
2247 575 2738 633 remunerationes.
2775 576 2847 633 Ut
2888 575 3097 632 visione
3147 574 3503 646 apprehendo

249 669 486 738 τάξομαι
525 669 685 743 δεξιᾷ
733 675 1040 742 Δεσποτικῇ
1076 669 1525 742 προτεινόμενονί
1575 671 1662 732 Ὠς
1695 671 1821 734 τοὺς

248 762 510 830 ἀγγέλους
561 763 674 830 ὁρῶ
721 764 1033 833 χαίροντας,
1102 763 1196 814 καὶ
1243 760 1341 830 τὴν
1393 759 1491 831 σὴν
1543 760 1822 814 τελείωσιν

248 851 654 919 ἀναμένονταςί
713 853 777 904 Ὢ
828 852 969 915 οἵαις
1023 849 1134 912 ἑγὼ
1173 849 1321 920 τρίσι
1368 848 1674 919 θυγατράσι
1723 846 1822 919 τὴν

247 939 458 1010 Τριάδα
511 943 828 1013 τετίμηκαί
872 939 974 998 Οἷα
1024 944 1193 1015 δῶρα.
1242 936 1330 995 οἷα
1377 942 1595 1010 θύματα
1653 958 1822 1010 προσ-

251 1033 458 1105 ήνεγκα
486 1034 697 1106 ταὺτῃί
735 1035 1002 1098 Τοιαύτας
1035 1035 1224 1104 εὐχάς,
1257 1032 1531 1096 τοιούτους
1568 1033 1758 1100 λόγους
1790 1034 1822 1102 ἡ

250 1125 391 1197 καλὴ
430 1129 616 1198 μήτηρ
647 1128 859 1197 ὲτόδιον
889 1130 958 1198 τῇ
998 1126 1234 1196 θυγατρὶ
1269 1125 1653 1195 παρασχοῦσα,
1688 1125 1822 1193 πρδς

247 1219 346 1288 τὴν
384 1219 728 1289 ποθουμένην
757 1219 875 1272 ὁδὸν
907 1219 1235 1290 παρέπεμψε
1255 1235 1271 1251 ο
1303 1219 1396 1270 τὸν
1438 1217 1639 1286 αὐχένα
1675 1217 1817 1286 οὒνὴ

251 1313 503 1383 μακαρία
555 1311 890 1382 προτείνασα
941 1312 1032 1364 τὸν
1085 1312 1226 1381 ὑπὲρ
1289 1309 1527 1380 Χριστοῦ
1587 1309 1817 1362 θάνατον

249 1403 458 1473 ὑπέστη
490 1401 808 1472 προθύμως,
834 1397 900 1471 ἧς
927 1403 991 1454 τὸ
1021 1403 1181 1472 σῶμα
1210 1403 1243 1472 ἡ
1271 1403 1452 1472 μήτηρ
1495 1399 1822 1471 περιπαθῶς

250 1494 365 1562 ἅμα
405 1493 501 1544 καὶ
540 1489 787 1553 εὐλαϐῶς
825 1491 1240 1560 κατησπάζετο,
1292 1490 1353 1542 τό
1388 1507 1442 1542 τε
1479 1490 1575 1559 τῆς
1612 1489 1824 1559 φύσεως

249 1584 344 1634 καὶ
389 1583 452 1634 τὺ
501 1583 601 1652 τῆς
653 1580 880 1651 γνώμης
930 1582 1184 1643 ποιοῦσα,
1230 1580 1574 1634 εὐωδιάσασά
1622 1598 1680 1633 τε
1733 1581 1826 1633 καὶ

248 1674 672 1744 περιστείλασα,
711 1675 861 1736 ὅπως
885 1674 992 1726 εδει
1026 1677 1123 1743 τὴν
1157 1673 1250 1726 καὶ
1281 1672 1494 1742 μητέρα
1539 1672 1634 1724 καὶ
1674 1673 1826 1739 φιλο-

251 1769 532 1836 μάρτυρα,
570 1765 1008 1836 μεγαλοπρεπῶς
1037 1781 1095 1816 τε
1131 1764 1228 1817 καὶ
1253 1763 1574 1832 φιλοτίμως,
1611 1763 1702 1815 καὶ
1726 1764 1825 1814 ὅσα

248 1859 415 1926 νόμος
459 1858 553 1910 ἐπὶ
599 1858 866 1918 τοιούτοις
911 1857 1162 1923 γίνεσθαι
1208 1855 1485 1924 λειψάνοις
1532 1854 1822 1914 τελέσασα,

1923 685 2200 737 coronam,
2238 686 2359 740 qua:
2388 671 2610 726 dextera
2644 670 2854 725 Domini
2892 669 3203 740 porrigitur.
3240 667 3310 723 Ut
3343 669 3502 725 video

1924 764 2143 834 angelos
2172 763 2437 829 laetantes,
2464 774 2517 818 et
2545 769 2924 831 exspectantes
2958 770 3105 815 tuam
3142 775 3498 816 consumma-

1925 856 2148 910 tionem.
2213 855 2258 909 Ο
2310 856 2505 925 quibus
2565 870 2666 926 ego
2731 854 2900 909 tribus
2958 853 3171 917 ﬁliabus
3241 854 3502 908 honoravi

1923 946 2244 1001 Trinitatem
2278 947 2495 1016 :qualia
2533 946 2696 1011 dona,
2734 947 2922 1016 quales
2963 945 3011 999 ei
3052 945 3222 998 obtuli
3255 943 3501 998 sumtus?

1924 1038 2082 1094 Tales
2119 1055 2328 1108 preces,
2379 1040 2503 1092 talia
2549 1039 2715 1092 verba
2747 1054 2870 1093 cum
2903 1039 3117 1108 egregia
3169 1046 3341 1089 mater
3381 1037 3503 1088 ﬁliae

1925 1131 2243 1200 pra-bilisset
2279 1132 2548 1194 viaticum,
2583 1139 2872 1200 prosecuta
2908 1141 2989 1183 est
3017 1129 3080 1181 ad
3111 1128 3249 1181 viam
3287 1126 3506 1181 deside.

1928 1229 2123 1275 ratam.
2170 1220 2378 1274 Collum
2441 1221 2620 1288 itaque
2673 1220 2960 1289 porrigens
3024 1219 3199 1278 beata,
3254 1231 3506 1287 prompto

1925 1320 1980 1364 et
2007 1311 2171 1365 alacri
2221 1311 2402 1365 animo
2441 1310 2605 1367 subiit
2643 1319 2872 1364 mortem
2909 1323 3005 1378 pro
3049 1307 3291 1363 Christo.
3337 1309 3505 1376 Cujus

1925 1418 2122 1469 corpus
2155 1414 2326 1457 mater
2371 1403 2526 1457 simul
2576 1418 2700 1456 cum
2749 1418 2937 1473 magna
2970 1402 3252 1456 affectione
3292 1410 3345 1454 et
3385 1402 3504 1471 pie-

1927 1503 2033 1547 tate
2067 1503 2148 1546 est
2178 1495 2420 1560 amplexa
2458 1510 2469 1546 ε
2505 1493 2816 1562 faciensque
2861 1493 3002 1562 quod
3035 1493 3250 1546 volebat
3285 1493 3419 1546 ratio
3451 1501 3505 1546 et

1928 1597 2140 1646 natura,
2175 1601 2296 1639 cum
2332 1585 2506 1653 ipsum
2538 1583 2817 1648 sutliisset,
2843 1593 2896 1638 et
2925 1595 2981 1637 ut
3007 1585 3233 1638 decebat
3276 1595 3503 1636 matrem

1929 1688 1984 1735 et
2057 1689 2345 1749 martyrum
2417 1687 2710 1739 amantem,
2776 1676 3054 1744 splendide
3105 1686 3157 1729 et
3225 1675 3508 1744 magniﬁce

1927 1772 2344 1838 composuisset,
2395 1776 2447 1821 et
2491 1783 2552 1821 ea
2609 1766 2849 1827 fecisset,
2897 1781 3014 1834 qua:
3060 1766 3127 1819 de
3173 1780 3323 1818 more
3373 1766 3508 1820 ﬁunt

1929 1861 1981 1913 in
2028 1862 2190 1914 rebus
2231 1859 2557 1928 huiusmodi,
2591 1858 2644 1912 id
2695 1873 2908 1928 quoque
2945 1858 2997 1911 in
3049 1860 3249 1926 templo
3279 1858 3508 1928 deponit

247 1951 360 2011 τοῖς
389 1948 502 2000 τῶν
533 1947 782 2016 ἀδελφῶν
811 1948 906 2002 καὶ
935 1948 1097 2000 τοῦτο
1139 1947 1443 2008 συνάπτει,
1479 1946 1571 1996 καὶ
1601 1945 1678 2013 τῷ
1710 1944 1820 2012 ναῷ

1930 1950 2083 2004 simul
2115 1965 2236 2003 cum
2276 1952 2574 2014 sororibus,
2612 1950 2754 2018 quod
2792 1950 2878 2004 illa
2928 1949 3075 2018 prius
3110 1951 3367 2018 praeclare
3418 1965 3513 2001 ea-

250 2040 586 2111 κατατίθησι
627 2040 826 2105 ταῦτα,
861 2040 919 2092 ὃν
954 2040 1111 2107 ἔτυχε
1163 2039 1434 2108 πρότερον
1467 2038 1824 2104 ἀναστήσασα

250 2129 582 2197 φιλοκάλως,
614 2130 753 2197 μέγα
777 2146 830 2181 τι
855 2129 1044 2198 χρῆμα
1067 2127 1160 2180 καὶ
1182 2127 1459 2197 θησαυρὸν
1481 2126 1824 2195 ἀδαπάνητον

250 2223 282 2290 η
349 2220 708 2290 φιλόχριστος
781 2220 953 2281 ὅντως
1012 2219 1380 2291 δωρησαμένη
1452 2222 1823 2291 Χριστιανοίς,

252 2312 398 2364 ἴασιν
430 2309 635 2380 ψυχῆς,
676 2312 822 2364 ῐασιν
862 2309 1134 2380 σώματος,
1169 2311 1519 2381 ἀπρόσκοπον
1555 2310 1673 2380 βίου
1709 2311 1822 2362 διας

252 2404 466 2474 γωγὴν,
508 2405 645 2474 πρὸς
678 2403 812 2457 Θεὸν
847 2404 1142 2469 οίκείωσιν,
1189 2404 1441 2474 μεγάλων
1473 2403 1695 2471 ἀγαθῶν
1722 2421 1825 2454 πα-

253 2497 418 2566 ροχὴν
451 2496 740 2568 δωρεῖσθαι
773 2495 1091 2564 δυνάμενον.
1129 2492 1260 2548 Εἶτα
1292 2495 1431 2564 μετά
1465 2496 1567 2564 την
1601 2495 1817 2561 ἐκείνης

247 2590 562 2650 τελείωσιν,
618 2589 793 2657 τριῶν
840 2588 975 2639 ὅλων
1031 2586 1258 2654 ἡμερῶν
1304 2587 1734 2654 διαγενομένων,
1793 2589 1823 2654 ἡ

251 2679 551 2738 καλλίπαις
603 2676 744 2745 αὓτη
806 2677 989 2745 μήτηρ
1043 2673 1338 2740 ἐξελθοῦσα
1389 2675 1490 2742 τὴν
1532 2673 1674 2742 ὑπὲρ
1720 2673 1828 2725 τῶν

253 2770 418 2838 ιερῶν
451 2768 660 2820 παίδων
681 2768 982 2820 τελέσουσα
1012 2768 1260 2836 μνήμην,
1293 2756 1598 2835 προσφῦσα
1618 2768 1682 2835 τῇ
1718 2764 1828 2818 τῶν

249 2861 528 2931 λειψάνων
587 2859 768 2931 σορῷ·
828 2860 996 2929 Τίμια
1059 2858 1211 2930 παρά
1259 2859 1377 2929 Θεῷ
1426 2859 1665 2928 θύματα.
1698 2858 1825 2929 ἔφη,

245 2956 648 3024 τετελειωμένα
681 2954 1119 3024 καλλιερήματα,
1145 2953 1371 3019 δέξασθε
1402 2954 1499 3022 τὴν
1538 2955 1694 3023 ὑμῶν
1721 2972 1827 3024 μη-

248 3050 385 3118 τέρα
458 3049 730 3114 σύσκηνον
807 3049 920 3108 τοῖς
999 3047 1296 3115 ὑμετέροις
1363 3041 1443 3107 οἷς
1523 3048 1828 3098 κατοικεῖτε

250 3137 629 3208 σκηνώμασιν.
663 3136 850 3188 Ταῦτα
900 3136 1028 3204 ἔφη,
1063 3135 1158 3188 καὶ
1194 3135 1525 3205 συναπήχθη
1563 3138 1676 3196 τοῖς
1725 3137 1824 3204 pr).

254 3251 424 3304 μασιν
470 3233 504 3301 ἡ
547 3231 794 3300 γενναία,
837 3231 928 3282 καὶ
977 3229 1146 3282 ὕπνον
1195 3227 1413 3282 ὕπνωσε
1462 3230 1552 3282 τὸν
1584 3223 1826 3292 ’δικαίοις

251 3325 592 3394 ἁρμόζοντα,
629 3324 662 3394 ἡ
701 3326 888 3393 μήίτηρ
924 3320 1293 3393 προστεθεῖσα
1333 3325 1452 3384 ταῖς
1498 3320 1828 3389 θυγατράσι,

250 3419 344 3470 καὶ
374 3419 532 3487 κοινῇ
558 3416 720 3468 πάλιν
748 3417 826 3485 τῷ
856 3416 964 3468 τῶν
984 3414 1158 3483 άγίων
1195 3412 1360 3484 χορῷ.
1385 3412 1450 3465 Αἱ
1481 3413 1612 3479 γοῦν
1646 3413 1832 3466 συνελ-

252 3510 445 3563 θοῦσαι
490 3507 838 3575 φιλευσεδεῖς
884 3508 951 3560 τὰ
997 3506 1368 3576 νενομισμένα
1417 3506 1513 3558 καὶ
1561 3504 1650 3556 ἐπ’
1690 3505 1825 3571 αὐτῇ

249 3601 572 3664 τελέσασαι,
636 3602 700 3666 τῇ
750 3601 902 3667 κοινῇ
975 3599 1084 3650 τῶν
1135 3597 1452 3665 θυγατέρων
1503 3595 1645 3663 σορῷ
1696 3610 1829 3645 κατ-

250 3694 457 3743 ἔθεντο.
514 3689 661 3741 Ἔδει
702 3688 814 3755 γάρ
845 3688 1034 3759 ὥσπερ
1061 3690 1168 3741 τῶν
1200 3688 1408 3756 ψυχῶν,
1459 3684 1599 3737 οὕτω
1635 3685 1698 3755 δὴ
1730 3685 1828 3737 καὶ

252 3784 360 3834 τῶν
406 3781 682 3849 σωμάτων
718 3780 849 3850 μίαν
878 3779 1058 3832 αὐτῶν
1091 3774 1232 3832 εἶναι
1267 3777 1366 3850 τὴν
1411 3777 1718 3842 κατοικίαν,
1748 3779 1829 3840 είς

251 3873 410 3938 δόξαν
441 3874 682 3942 Πατρὺς,
727 3873 850 3925 Υίοῠ
878 3873 971 3926 καὶ
1002 3872 1160 3940 άγίον
1194 3870 1533 3940 Πνεύματος,
1561 3871 1660 3940 τῆς
1696 3871 1828 3938 μιᾶς

253 3964 531 4034 θεότητος,
639 3965 837 4037 πρέπει
869 3966 1018 4018 πᾶσα
1058 3964 1208 4030 δόξα,
1244 3965 1400 4034 τιμὴ,
1448 3964 1542 4015 καὶ
1589 3959 1829 4028 προσκύ-

253 4075 427 4130 νησις,
454 4058 553 4110 νῦν
584 4060 676 4110 καὶ
703 4060 786 4119 είς
814 4059 940 4118 τοὺς
971 4057 1174 4118 αἰῶνας
1205 4056 1315 4108 τῶν
1343 4055 1580 4110 αἰώνων.
1627 4052 1826 4122 Ἀμήν.

1858 3272 1899 3328 C

1929 2043 2210 2105 citaverat,
2255 2057 2364 2098 rem
2406 2056 2652 2111 magnam
2699 2049 2750 2094 et
2781 2040 3113 2104 thesaurum,
3146 2042 3238 2108 qui
3261 2043 3505 2095 consumi

1929 2148 2040 2187 non
2104 2141 2304 2202 potest,
2359 2147 2486 2184 vere
2544 2146 2733 2185 amans
2793 2131 2994 2184 Christi
3052 2129 3254 2184 femina
3319 2132 3508 2202 largita

1929 2226 2257 2280 Christianis
2315 2224 2579 2279 medelam
2650 2223 2865 2286 animae,
2922 2223 3184 2278 medelam
3243 2225 3507 2293 corporis.

1929 2317 2249 2371 inoll‘ensam
2321 2317 2441 2368 vita:
2491 2315 2938 2378 transactionem,
2990 2314 3101 2367 Deo
3164 2315 3507 2381 conjunctio-

1933 2425 2082 2472 nem,
2115 2416 2168 2462 et
2209 2406 2299 2476 qui
2343 2414 2518 2476 potest
2567 2421 2758 2476 magna
2796 2404 2939 2459 bona
2978 2405 3241 2472 pra-bere.
3301 2405 3508 2458 Deinde

1931 2517 2053 2556 cum
2085 2510 2194 2554 tres
2225 2499 2418 2569 integri
2446 2498 2562 2553 dies
2593 2498 3036 2552 intercessissent
3062 2510 3181 2566 post
3211 2497 3354 2551 illius
3381 2513 3513 2551 Con-

1931 2594 2373 2658 summationem,
2435 2607 2648 2662 egressa
2710 2592 2825 2645 haec
2876 2591 3209 2661 cgregiarum
3278 2590 3508 2644 ﬁliarum

1930 2696 2102 2739 mater
2158 2700 2256 2752 pro
2311 2684 2671 2738 sacrosanctis
2727 2683 2935 2736 filiabus
3010 2691 3294 2749 peractura
3357 2697 3509 2736 com-

1929 2773 2400 2837 memorationem,
2429 2773 2694 2827 accedens
2727 2772 2791 2824 ad
2843 2771 3078 2824 loculum
3113 2769 3462 2840 reliquiarum
3494 2791 3504 2824 :

1932 2869 2206 2931 Pretiosa»,
2259 2866 2413 2928 dixit,
2471 2865 2615 2935 apud
2681 2863 2852 2918 Deum
2893 2863 3102 2927 hostim,
3137 2872 3514 2916 consummata

1931 2971 1985 3015 et
2037 2960 2262 3031 pulchre
2303 2960 2451 3013 litata
2511 2957 2794 3021 sacriﬁcia,
2843 2955 3072 3025 accipite
3119 2964 3352 3009 vestram
3395 2971 3512 3008 ma-

1933 3063 2066 3105 trem
2130 3052 2574 3106 contubernalem
2629 3051 2682 3104 in
2753 3048 2969 3109 vestris,
3038 3063 3159 3115 quae
3237 3048 3509 3112 habitatis,

1933 3143 2312 3196 tabernaculis.
2358 3143 2484 3194 llaec
2535 3141 2691 3202 dixit,
2739 3150 2790 3192 et
2823 3140 2983 3191 simul
3031 3155 3153 3193 cum
3193 3139 3277 3193 bis
3328 3141 3512 3194 verbis

1933 3234 2192 3288 abscessit
2222 3234 2414 3287 mulier
2448 3231 2684 3302 egregia,
2726 3240 2780 3284 et
2810 3245 3027 3294 somno,
3061 3233 3150 3299 qui
3177 3231 3342 3297 justis
3376 3247 3513 3284 con-

1935 3327 2099 3396 gruit,
2133 3326 2425 3379 obdormiit
2467 3335 2639 3378 mater
2686 3322 2868 3377 addita
2905 3322 3136 3386 ﬁliabus,
3177 3331 3230 3374 et
3261 3337 3511 3375 commu-

1935 3419 1990 3471 ni
2049 3432 2234 3470 rursus
2305 3417 2874 3469 chorosanctorum.
2946 3412 3079 3468 Cum
3163 3422 3341 3468 autem
3409 3415 3510 3484 pia

1934 3507 2319 3562 convenissent
2368 3505 2608 3569 feminae,
2640 3505 2690 3558 ei
2715 3519 2934 3572 quoque
2962 3505 3123 3570 justis
3153 3504 3308 3556 factis
3341 3504 3513 3572 depo-

1935 3611 2162 3659 suerunt
2215 3601 2267 3653 in
2307 3601 2584 3654 communi
2643 3598 2820 3653 loculo
2880 3598 3135 3654 ﬁliarum.
3211 3597 3512 3668 Oportebat

1934 3695 2101 3759 enim,
2152 3692 2421 3762 quomodo
2476 3691 2804 3755 animarum,
2857 3689 2928 3744 ita
2985 3691 3150 3744 etiam
3218 3705 3504 3759 corporum

1936 3801 2054 3840 esse
2094 3800 2255 3838 unam
2324 3783 2708 3836 habitationem
2752 3797 2767 3833 :
2814 3782 2878 3834 ad
2946 3783 3169 3848 gloriam
3241 3781 3416 3834 Patris
3457 3790 3511 3834 et

1935 3875 2078 3938 Filii,
2129 3884 2184 3929 et
2233 3873 2470 3944 Spiritus
2517 3873 2714 3938 sancti,
2763 3874 2925 3927 unius
2965 3872 3286 3932 divinitatis.
3343 3889 3503 3940 quam

1935 3963 2090 4018 decet
2129 3950 2530 4034 omnis/gloria,
2587 3961 2760 4016 honor
2805 3970 2858 4016 et
2916 3961 3180 4026 adoratio,
3254 3978 3396 4017 nunc
3457 3970 3512 4017 et

1937 4054 1992 4108 in
2030 4052 2223 4106 saecula
2264 4053 2610 4106 seculorum.
2664 4051 2860 4104 Amen.

1713 4418 2057 4537 VlTA

971 4671 1322 4828 SAN
1348 4671 1655 4824 CTI
1845 4664 2806 4821 STEPHANI

1476 4933 1703 4997 PAPIE
1750 4934 1850 4995 ET
1900 4933 2318 4994 MARTYRlS.

1059 5100 1260 5165 (Latine
1282 5099 1410 5162 apud
1439 5097 1636 5150 Surium
1658 5095 1717 5144 ad
1740 5096 1871 5143 diem
1898 5095 1928 5142 2
1947 5094 2177 5158 Augusti.
2193 5095 2360 5149 Graece
2383 5107 2480 5142 non
2504 5093 2708 5151 exstat.)

1840 5273 1909 5292 _

317 5434 443 5500 Quo
476 5438 724 5500 tempore
776 5431 1092 5488 Valerianus
1150 5437 1204 5484 et
1241 5424 1829 5496 Gallienusimpictatis
1859 5430 1905 5490 ι)
1935 5423 2236 5488 detulisset,
2255 5437 2446 5478 omnes
2463 5421 2582 5490 ejus
2597 5417 3502 5486 facultatesipsebaberetetquos-

251 5533 558 5577 sectatores
573 5509 944 5589 imperabant,
965 5521 1394 5578 Christianorum
1426 5515 1829 5586 quamplurimi,

253 5617 646 5673 acerbissimos
698 5623 957 5686 tyrannos
999 5611 1680 5677 declinantes,latitabant.
1716 5607 1833 5663 Non

250 5703 684 5766 deeranttamen
712 5707 804 5780 qui
842 5707 960 5764 ﬁdei
991 5718 1267 5763 certamen
1298 5706 1613 5769 subeuntes,
1637 5711 1835 5773 marty-

253 5801 319 5853 rii
355 5799 599 5870 palmam
640 5807 1083 5868 assequerentur.
1121 5797 1250 5851 Erat
1321 5796 1464 5850 enim
1489 5791 1570 5844 lex
1591 5793 1836 5861 proposi-

255 5897 308 5942 ta
359 5901 420 5946 ut
459 5887 774 5962 quicunque
799 5887 1166 5946 Christianum
1220 5887 1495 5943 hominem
1532 5883 1832 5938 latitantem

1937 5530 2154 5584 cunque
2179 5515 2414 5567 honores
2434 5512 2489 5566 in
2505 5511 2744 5567 exercitu
2763 5510 3021 5579 petiisset,
3042 5509 3286 5562 obtinere
3298 5515 3502 5575 posset.

1936 5605 2034 5658 Illo
2077 5605 2236 5675 igitur
2267 5613 2510 5672 tempore
2564 5602 2625 5656 Β.
2690 5603 2947 5656 Romana:
3010 5602 3157 5655 urbis
3218 5600 3507 5670 episc0pus

1939 5697 2270 5764 Stephanus,
2303 5709 2428 5748 cum
2476 5703 2647 5749 totum
2701 5695 2909 5748 clerum
2967 5701 3370 5764 congregasset,
3429 5691 3507 5745 sic

1937 5805 2062 5843 eum
2083 5787 2287 5842 affatus
2314 5796 2436 5843 est:
2473 5787 2739 5852 Audistis,
2777 5787 2974 5842 fratres
3008 5798 3063 5839 et
3107 5785 3506 5845 commilitones

1940 5883 2068 5950 mei,
2107 5883 2545 5940 crudelissimum
2606 5883 2849 5937 edictuin
2910 5880 3134 5946 diaboli,
3179 5890 3232 5934 ut
3279 5878 3320 5930 si
3386 5878 3506 5944 quia
