4158 6456
708 403 814 464 515

1943 407 2229 467 MENSIS
2283 409 2716 469 AUGUSTUS.

3847 409 3944 468 516

697 520 1060 575 Christianum
1095 520 1552 590 deprehenderit,
1590 537 1779 576 omnes
1833 522 1949 590 ejus
1989 524 2271 579 facultates
2298 532 2348 590 Α
2375 529 2612 583 ’I‘itulum
2637 535 2881 580 vocatum
2915 526 3081 580 fuisse
3107 527 3361 588 diximus,
3398 528 3576 596 itaque
3635 527 3947 581 Nemesinm

698 613 810 680 ipse
833 613 1125 682 possideat.
1150 613 1340 665 Moneo
1361 615 1522 683 igitur
1551 629 1662 679 vos,
1699 616 1912 675 fratres,
1937 627 1994 669 ut
2025 628 2269 672 terrenas

695 704 909 757 divitias
932 707 1313 767 eontemnatis,
1337 722 1444 770 quo
1473 707 1706 760 caelestis
1728 710 1874 775 regni
1903 707 2267 761 [nereditatem

696 799 977 864 percipere
1028 800 1281 865 possitis:
1343 797 1515 851 Nolite
1573 799 1931 866 hujusmundi
1999 801 2270 868 principes

693 890 1049 954 extimescere
1081 905 1093 938 :
1121 891 1213 942 sed
1249 889 1414 941 Deum
1475 891 1592 943 coeli
1655 902 1708 942 et
1769 901 1924 945 terra:
1959 893 2269 955 Dominum,

693 981 918 1048 ejusque
943 981 1274 1047 unigenitum
1307 981 1495 1033 Filium
1517 981 1698 1034 Jesum
1726 983 1995 1035 Christum
2027 986 2268 1045 adorare,

696 1073 845 1124 illum
861 1073 1037 1132 colite,
1059 1075 1121 1124 ad
1152 1074 1299 1125 illum
1321 1073 1616 1142 confugite,
1638 1076 1726 1142 qui
1751 1087 1925 1142 potest
1955 1091 2052 1127 nos
2082 1091 2270 1129 omnes

700 1165 990 1231 criperede
1013 1165 1264 1217 manibus
1329 1165 1667 1219 inimicorum
1732 1177 2040 1219 nostrorum
2106 1179 2159 1221 et
2205 1170 2270 1221 de

697 1258 889 1310 diaboli
929 1258 1132 1309 malitia
1173 1257 1423 1311 liberatos
1475 1274 1572 1311 sua
1620 1260 1788 1327 gratia
1826 1260 2194 1313 corroborare.

769 1342 830 1394 ll.
859 1341 1009 1396 Tunc
1036 1346 1312 1411 presbyter
1351 1346 1591 1412 quidam,
1647 1347 1864 1399 nomine
1894 1348 2109 1402 Bonus:
2139 1350 2266 1410 Nos,

696 1431 911 1500 inquit,
979 1442 1220 1487 terrenas
1310 1446 1525 1487 nostras
1600 1435 1880 1491 facultates
1965 1440 2272 1508 relinquere

696 1525 748 1575 in
785 1525 967 1576 animo
999 1526 1285 1588 habemus,
1309 1527 1552 1594 quiuimo
1591 1531 1906 1597 sanguinem
1933 1529 2106 1598 ipsum
2149 1546 2271 1597 pro-

701 1623 818 1682 pter
856 1617 1136 1668 Dominum
1197 1629 1442 1670 nostrum
1497 1616 1678 1670 Jesum
1724 1621 2027 1683 Christum,
2073 1623 2266 1687 eteius

697 1708 932 1760 nominis
984 1708 1376 1762 confessionem
1424 1711 1704 1762 effundere
1763 1713 1929 1777 parati
1977 1729 2184 1773 sumus,
2219 1723 2272 1765 ut

696 1799 1078 1866 illumasscqni
1108 1801 1248 1869 digiti
1272 1801 1585 1854 etﬁeiamur.
1615 1802 1704 1853 His
1725 1803 1902 1862 dictis,
1923 1820 2110 1860 onmes
2160 1807 2273 1859 cle-

2375 621 2426 671 in
2463 637 2652 686 aquam
2684 620 2919 681 demisit,
2955 629 3008 672 et
3039 620 3327 687 baptizavit
3361 622 3412 672 in
3479 621 3696 674 nomine
3754 622 3949 684 Patris,

2377 720 2429 762 et
2458 711 2673 774 l’ilii,et
2705 710 2935 778 Spiritus
2969 711 3162 763 sancti.
3222 712 3358 764 Cum
3437 727 3561 764 vero
3621 728 3684 765 ex
3744 713 3949 780 piscina

2373 803 2610 865 exiisset,
2638 804 2799 868 erepit
2852 801 3018 869 ipsius
3053 803 3155 854 filia
3198 806 3432 856 clamare
3467 822 3477 855 :
3536 805 3613 859 En
3667 805 3947 858 hominem

2374 895 2550 954 video,
2587 896 2677 960 qui
2711 894 2884 962 tetigit
2943 896 3127 946 Oculos
3182 909 3350 955 meos,
3403 896 3453 946 in
3505 896 3661 962 cujus
3715 897 3948 948 circuitu

2375 1002 2580 1054 magne}:
2619 987 2753 1039 lucis
2785 987 3042 1054 Splendor
3072 997 3311 1053 apparet.
3366 987 3517 1039 Tune
3551 986 3866 1054 Stephanus
3901 997 3951 1040 et

2373 1072 2543 1141 ipsam
2579 1075 2815 1128 Nemesii
2848 1075 3006 1126 ﬁliam
3045 1075 3354 1143 baptizavit,
3379 1091 3494 1142 qum
3531 1075 3732 1129 Luctlla
3769 1087 3954 1130 vocata

2371 1179 2474 1217 est.
2526 1162 2600 1215 Iis
2641 1167 2740 1217 hoc
2805 1176 3047 1232 tempore
3117 1166 3266 1216 multi
3319 1173 3602 1232 coeperunt
3664 1164 3729 1215 ad
3790 1165 3952 1232 pedes

2374 1255 2517 1308 beati
2557 1253 2826 1320 pontiﬁcis
2879 1253 3140 1321 Stephani
3193 1269 3250 1306 se
3294 1264 3662 1321 prosternere,
3719 1262 3774 1305 et
3830 1269 3950 1305 cum

2375 1341 2626 1409 lacrymis
2679 1342 3003 1409 baptismum
3040 1343 3106 1394 ab
3133 1357 3197 1395 eo
3227 1353 3429 1409 petere.
3463 1342 3554 1394 lllo
3585 1343 3766 1409 itaque
3843 1343 3952 1402 die,

2372 1448 2478 1498 quo
2511 1433 2712 1486 Lucilla
2736 1433 3006 1501 baptizata
3037 1442 3136 1494 est,
3159 1448 3332 1486 mares
3353 1445 3406 1486 et
3429 1433 3645 1485 feminae
3669 1434 3953 1502 sexaginta

2371 1525 2478 1580 duo
2532 1525 2789 1592 baptizati
2847 1535 2993 1577 sunt.
3049 1523 3139 1578 Sic
3200 1525 3380 1592 igitur,
3429 1525 3611 1578 divina
3645 1525 3824 1593 gratia
3894 1534 3953 1576 et

2377 1631 2482 1684 Ope
2515 1617 2824 1684 adjuvantc,
2864 1616 3016 1668 multi
3056 1614 3154 1666 viri
3187 1613 3352 1668 Deum
3394 1626 3702 1668 metuentes
3733 1632 3801 1668 ex
3826 1631 3957 1683 gen-

2384 1711 2544 1772 tibus,
2576 1709 2790 1762 beatum
2828 1709 3134 1777 pontificem
3178 1709 3513 1776 Stephanum
3569 1709 3850 1773 adierunt,
3900 1717 3955 1759 ut

2375 1804 2442 1856 ab
2473 1803 2564 1856 illo
2587 1802 2792 1855 Christi
2833 1802 3161 1870 baptismum
3189 1803 3519 1869 accipereut.
3562 1799 3681 1852 Mox
3714 1800 3802 1852 ille
3832 1816 3958 1851 san-

700 1891 794 1942 rici
837 1890 900 1942 ad
945 1891 1237 1943 beatissimi
1270 1892 1541 1957 pontiﬁcis
1586 1894 1750 1961 pedes
1783 1897 2058 1961 prostrati,
2110 1898 2273 1967 signi-
2309 1879 2347 1931 Β
2378 1893 2654 1946 etissimus
2707 1893 2972 1960 pontifex,
3013 1889 3253 1961 Spiritus
3289 1891 3458 1944 sancti
3491 1889 3662 1960 gratia
3698 1890 3957 1950 refertus,

697 1981 946 2046 ﬁcarunt,
995 1984 1135 2050 quod
1167 1986 1394 2052 quisque
1433 1988 1660 2052 gentiles
1722 1987 1864 2039 domi
1934 2002 2043 2040 sum.
2107 1989 2274 2041 habeo

699 2087 799 2138 ret,
825 2076 911 2142 qui
941 2076 1199 2142 baptizari
1235 2087 1504 2141 Optarent.
1537 2077 1718 2145 Itaque
1737 2093 1764 2130 a
1787 2080 2038 2145 pontiﬁce
2066 2095 2277 2146 quaere-

699 2166 829 2219 bant
863 2182 986 2218 num
1030 2167 1171 2240 alio,
1225 2183 1290 2218 au
1344 2168 1409 2221 ad
1464 2184 1587 2221 eum
1651 2170 1769 2221 illos
1819 2171 2032 2224 ducturi
2073 2182 2273 2233 essent,

697 2274 804 2328 quo
866 2258 1122 2324 baptizari
1193 2271 1431 2321 possent.
1485 2259 1655 2314 Jussit
1718 2263 1877 2329 igitur
1923 2265 2273 2319 beatissimus

698 2353 1008 2419 episcOpus,
1037 2360 1093 2403 ut
1122 2361 1339 2418 postero
1370 2353 1454 2404 die
1483 2353 1549 2404 ad
1585 2360 1850 2422 cryptam,
1901 2356 2271 2423 quasappella-

699 2455 784 2496 tur
814 2441 1134 2510 Nepotiana,
1164 2458 1353 2496 omnes
1385 2443 1761 2497 convenirent.
1830 2443 1966 2497 Cum
2015 2446 2177 2514 igitur
2209 2445 2275 2499 ad

698 2551 816 2590 eam
873 2545 1111 2604 cryptam
1160 2538 1564 2597 convenissent,
1619 2537 1824 2590 inventi
1868 2545 1995 2589 sunt
2027 2536 2134 2590 illic
2165 2547 2271 2590 tam

700 2645 899 2687 mares,
960 2644 1120 2697 quam
1166 2627 1400 2691 femiuze,
1423 2637 1643 2682 centum
1687 2638 1741 2682 et
1770 2639 1924 2691 octo;
1984 2644 2120 2697 quos
2177 2630 2267 2684 illo

702 2721 819 2787 ipso
850 2721 938 2774 die
965 2719 1212 2773 Pontifex
1269 2720 1321 2772 in
1371 2721 1591 2773 nomine
1650 2721 1856 2773 Domini
1904 2723 2075 2774 nostri
2134 2721 2264 2774 Jesu

697 2809 900 2863 Christi
934 2810 1274 2863 sanctissimo
1295 2809 1620 2877 baptismate
1649 2820 1700 2863 et
1720 2811 1836 2863 aliis
1853 2811 2053 2863 divinis
2074 2822 2273 2879 mystea

704 2902 800 2954 riis
829 2903 1190 2967 consecravit,
1236 2910 1290 2955 et
1329 2912 1387 2954 ut
1445 2901 1548 2954 illis
1581 2901 1847 2968 placatum
1887 2917 1947 2953 ac
1983 2902 2273 2970 propitium

701 2992 865 3044 Deum
902 2992 1166 3052 redderet,
1212 2993 1534 3046 sacriﬁcium
1587 2993 1800 3057 obtulit,
1839 2994 2024 3062 sicque
2081 3011 2273 3048 omnes

701 3092 1164 3137 sacramentorum
1197 3085 1485 3152 participes
1513 3085 1639 3137 facti
1667 3095 1816 3139 sunt.

779 3176 863 3228 Ill.
898 3177 974 3229 Eo
995 3186 1171 3229 autem
1196 3178 1302 3240 die,
1329 3177 1416 3246 qui
1439 3177 1696 3245 deinceps
1716 3187 1935 3230 secutus
1953 3187 2056 3241 est,
2083 3181 2270 3232 beatus

703 3269 1020 3336 Stephanus
1056 3268 1328 3321 ordinavit
1395 3277 1503 3321 tres
1559 3269 1927 3337 presbyteros,
1983 3280 2037 3324 et
2067 3280 2271 3339 septem

698 3362 977 3423 diaconos,
1015 3375 1076 3413 ac
1107 3359 1377 3412 sexdecim
1400 3359 1626 3413 clericos
1674 3370 1726 3414 et
1759 3362 1952 3415 sedens
1992 3378 2180 3415 omnes
2215 3363 2280 3415 il-

699 3455 778 3507 los
823 3453 1054 3506 docebat
1105 3452 1170 3503 de
1215 3467 1376 3520 regno
1412 3450 1539 3510 Dei.
1573 3468 1635 3506 ac
1663 3453 1730 3506 de
1804 3455 2136 3521 sempiterna
2185 3455 2276 3508 illa

701 3548 828 3606 vita,
863 3562 980 3614 qua:
999 3545 1173 3596 futura
1193 3554 1295 3596 est.
1327 3543 1445 3596 Mox
1477 3555 1756 3612 cmperunt
1795 3545 1976 3613 populi
2027 3561 2089 3597 ex
2122 3546 2274 3603 Gne-

698 3641 779 3693 cis
827 3648 880 3690 et
909 3636 1128 3704 reliquis
1149 3636 1397 3705 gentibus
1427 3636 1488 3688 ad
1528 3651 1650 3688 eum
1675 3636 1880 3698 venire,
1931 3639 2020 3705 qui
2064 3638 2275 3693 divinos

698 3745 977 3784 sermones
1038 3730 1340 3803 audientes,
1367 3745 1395 3782 a
1431 3727 1712 3802 Stephano
1740 3730 1990 3798 pontiﬁce
2021 3729 2265 3799 baptiza-

699 3823 916 3875 bantur.
956 3823 1164 3873 Interea
1190 3821 1564 3886 venitquidam
1603 3822 1854 3873 tribunus
1888 3821 2140 3884 militum,
2169 3821 2276 3875 Ne-

707 3915 906 3969 mesius
929 3914 1167 3975 nomine,
1212 3913 1294 3966 cui
1333 3923 1446 3967 erat
1481 3912 1582 3964 ﬁlia
1626 3912 1780 3966 unica
1839 3928 1958 3982 qua:
2015 3915 2082 3967 ab
2124 3914 2277 3966 incu-

703 4008 914 4062 nabulis
979 4015 1197 4074 apertos
1231 4004 1446 4072 quidem
1482 4003 1671 4056 oculos
1696 4004 1980 4065 habuerat,
2017 4005 2108 4058 sed
2138 4005 2270 4057 nihil

701 4101 920 4154 munitio
951 4098 1266 4167 aspiciebat.
1299 4095 1391 4148 Ille
1422 4110 1478 4148 se
1510 4096 1575 4148 ad
1611 4096 1748 4148 beati
1778 4096 2048 4163 pontiﬁcis
2106 4096 2273 4165 pedes

700 4193 1010 4260 prostravit,
1067 4203 1129 4241 ac
1188 4187 1357 4239 dixit:
1413 4187 1518 4240 Oro
1557 4195 1628 4247 te,
1673 4185 1937 4254 pontifex.
1979 4197 2034 4238 ut
2092 4202 2176 4237 me.
2222 4194 2274 4237 et

702 4283 860 4338 tiliam
887 4295 1059 4332 meam
1118 4278 1382 4345 baptizes,
1450 4292 1556 4345 quo
1617 4286 1668 4330 et
1743 4279 1858 4345 ipsa
1913 4277 2270 4340 illuminetur,

703 4377 987 4430 ctanimas
1054 4381 1268 4425 nostras
1343 4369 1411 4422 ab
1470 4369 1688 4422 mternis
1746 4370 1988 4422 tenebris
2055 4371 2273 4436 eripias,

698 4465 948 4536 quoniam
989 4463 1054 4516 ad
1113 4464 1252 4517 bene
1290 4476 1458 4528 usque
1494 4460 1634 4512 diem
1665 4473 1883 4526 semper
1946 4459 1998 4508 in
2023 4459 2275 4511 arumnis

2377 1985 2539 2051 cmpit
2563 1985 2994 2037 Christianorum
3031 1983 3431 2036 multitudinem
3462 1984 3514 2035 in
3553 1999 3720 2036 unum
3779 1982 3955 2035 locum

2377 2089 2703 2139 convocare,
2733 2076 3029 2142 divinaque
3065 2074 3234 2127 officia
3264 2073 3567 2127 celebrabat
3589 2075 3639 2125 in
3656 2083 3957 2141 martyrum

2375 2168 2636 2231 latibulis,
2665 2185 2784 2236 quae
2827 2178 3026 2236 cryptze
3072 2168 3416 2236 appellantur
3471 2184 3483 2219 :
3545 2182 3652 2233 quo
3712 2176 3958 2234 tempore

2374 2258 2688 2312 Nemesiutn
2726 2271 2932 2328 patrem
2967 2258 3186 2312 Lucillze
3216 2258 3489 2312 ordinavit
3519 2257 3837 2311 diaconum.

2449 2347 2513 2400 V.
2550 2349 2845 2415 lmpietatis
2876 2363 3002 2401 vero
3042 2359 3340 2401 sectatores
3398 2350 3615 2416 quidam
3660 2363 3787 2402 cum
3846 2349 3961 2403 haec

2377 2441 2732 2512 audivissent,
2795 2440 3016 2508 insuper
3043 2448 3098 2494 et
3146 2439 3462 2493 Nemesium
3499 2439 3782 2492 tribunum
3834 2457 3955 2493 cum

2379 2542 2488 2587 tota
2517 2532 2716 2586 familia
2752 2532 2952 2586 Christi
2985 2533 3147 2587 ﬁdem
3212 2533 3430 2596 sectari,
3481 2533 3865 2601 baptismoque
3907 2544 3962 2588 et

2381 2621 2504 2674 ﬁdei
2537 2622 2739 2675 lumine
2758 2621 3026 2689 adjutum,
3052 2623 3347 2674 cmcitatem
3374 2621 3653 2691 pristinam
3666 2622 3959 2692 abjecisse,

2380 2730 2494 2767 rem
2526 2715 2839 2768 detulerunt
2869 2716 2934 2767 ad
2959 2716 3301 2769 Glabrionem
3338 2726 3391 2767 et
3425 2715 3714 2768 Maximum
3750 2733 3954 2770 consu-

2375 2807 2473 2869 les,
2503 2807 2747 2860 homines
2763 2807 2966 2880 scilicet
2999 2808 3296 2876 impietatis
3312 2807 3463 2860 valde
3494 2808 3959 2864 studiosos.Tunc

2379 2901 2454 2952 illi
2489 2901 2554 2954 de
2589 2915 2650 2953 ea
2688 2915 2744 2953 re
2763 2900 3150 2965 consultantes,
3175 2910 3567 2969 praeceperunt,
3605 2913 3663 2955 ut
3703 2918 3955 2971 quocun-

2382 3008 2487 3061 que
2525 2994 2575 3045 in
2639 2995 2756 3045 loco
2811 2992 3095 3046 Ncmcsius
3147 2993 3409 3046 diaconus
3466 2994 3697 3047 inveniri
3751 3006 3956 3061 posset,

2379 3087 2606 3136 omnino
2641 3085 2972 3152 gravissimis
2998 3084 3277 3151 suppliciis
3312 3083 3662 3153 affligeretur.
3694 3085 3832 3145 Cum
3862 3103 3927 3139 au
3947 3123 3959 3129 -

2379 3184 2482 3228 tem
2513 3173 2795 3228 Nemesius
2833 3175 2945 3243 ipse
2980 3175 3210 3245 quodam
3257 3175 3346 3229 die
3399 3192 3496 3245 per
3539 3178 3678 3230 viam
3725 3179 3956 3246 Appiam

2382 3268 2484 3320 iter
2511 3267 2735 3329 faceret,
2754 3276 3152 3336 etessetprope
3183 3267 3366 3322 Martis
3401 3269 3681 3338 templum,
3719 3279 3773 3323 et
3800 3271 3955 3325 Vale-

2381 3359 2598 3411 rianum
2642 3374 2703 3414 ac
2737 3359 3021 3412 Maximum
3051 3359 3247 3426 impios
3285 3360 3531 3413 homines
3569 3361 3799 3427 videret,
3869 3363 3959 3432 qui

2381 3460 2438 3503 ut
2465 3459 2622 3504 antea
2653 3460 3045 3505 consueverant
3074 3449 3369 3504 fmdissima
3397 3451 3736 3507 darmonihus
3794 3457 3961 3508 sacri-

2379 3543 2496 3597 ﬁcia
2539 3543 2859 3604 offerebant,
2895 3544 2964 3597 ita
3000 3543 3165 3597 Deum
3262 3546 3439 3615 ipsqu
3491 3544 3640 3598 flexis
3727 3549 3956 3615 genibus

2378 3634 2551 3687 oravit
2587 3655 2598 3686 :
2636 3635 2862 3687 Domine
2904 3636 3041 3689 Deus
3066 3645 3278 3689 creator
3312 3635 3431 3690 cmli
3458 3647 3512 3690 et
3544 3646 3721 3698 terrm,
3755 3639 3956 3706 dissipa

2379 3727 2599 3778 consilia
2619 3735 2670 3777 et
2690 3727 2990 3789 machinas,
3019 3727 3211 3793 quibus
3241 3727 3489 3778 diabolus
3510 3728 3777 3781 humanas
3800 3744 3958 3781 men-

2381 3828 2459 3870 tes
2490 3819 2745 3886 pervertit
2779 3837 2792 3882 ;
2817 3819 3014 3887 dissipa
3043 3832 3160 3878 eas,
3181 3833 3383 3884 qmcso,
3404 3835 3497 3888 per
3516 3835 3710 3872 nomen
3746 3819 3956 3875 Domini

2379 3911 2546 3964 nostri
2596 3911 2722 3966 Jesu
2800 3911 3006 3965 Christi
3079 3908 3199 3963 I’ilii
3263 3911 3362 3974 tui,
3431 3927 3589 3980 quem
3647 3913 3842 3966 misisti
3907 3915 3956 3967 in

2380 4004 2526 4057 hunc
2558 4005 2842 4076 mundum.
2885 4004 3114 4056 Contere
3157 4003 3438 4067 Satanam,
3471 4014 3528 4056 ut
3573 4005 3756 4057 miseri
3806 4017 3856 4058 et
3880 4006 3955 4056 in—

2379 4093 2564 4145 felices
2588 4094 2674 4145 isti
2693 4095 2758 4145 ab
2774 4095 2891 4160 ejus
2922 4092 3336 4158 laqueisquibus
3357 4092 3546 4144 irreliti
3571 4101 3695 4144 sunt
3719 4093 3959 4162 eripian-

2381 4194 2488 4246 tur,
2522 4200 2582 4237 ac
2619 4165 2899 4236 humanis.
2936 4183 3182 4236 manibus
3248 4183 3504 4238 fabricata
3537 4183 3830 4237 simulacra
3871 4188 3960 4240 dc-

2379 4277 2770 4344 relinquentes,
2813 4284 3108 4345 agnoscant
3141 4285 3190 4328 te
3221 4276 3462 4328 omnium
3500 4292 3680 4329 rerum
3731 4289 3948 4330 creato-

2387 4380 2520 4427 rem,
2551 4367 2717 4416 Deum
2749 4374 2804 4418 et
2841 4364 3056 4417 Patrem
3104 4366 3556 4432 omnipotentem,
3628 4371 3682 4418 et
3733 4368 3958 4420 unicum

2384 4454 2580 4508 Filium
2614 4465 2766 4509 tuum
2806 4457 3093 4510 Dominum
3135 4455 3319 4511 Jesum
3357 4457 3654 4510 Christum.
3683 4457 3777 4511 Illa
3843 4461 3955 4527 ipsa

698 4568 752 4612 et
784 4557 1060 4612 doloribus
1093 4551 1494 4623 propterhujus
1523 4549 1643 4604 ﬁlia:
1677 4564 1806 4602 mete
1831 4549 2125 4601 catcitatem
2157 4565 2275 4601 vi-r-
2310 4564 2351 4618 ι)
2384 4548 2515 4600 hora
2549 4547 2754 4616 impius
2780 4547 3044 4602 Maximus
3087 4566 3115 4601 a
3163 4550 3408 4603 da‘mone
3455 4559 3764 4617 correptus,
3822 4567 3954 4604 voce

697 4656 846 4700 satus
877 4643 972 4696 fui.
999 4642 1154 4695 Tunc
1180 4641 1370 4693 beatus
1402 4641 1690 4708 episcopus
1722 4657 1732 4691 :
1768 4638 1821 4692 Si
1851 4638 2048 4705 credis,
2071 4638 2270 4707 inquit,

696 4752 761 4792 ex
802 4745 912 4790 toto
947 4735 1132 4794 corde,
1169 4734 1350 4785 omnia
1402 4732 1496 4785 tibi
1550 4732 1792 4786 credenti
1844 4747 2100 4786 concessa
2153 4731 2272 4785 fue-

695 4829 824 4882 rint.
846 4827 921 4879 Ad
952 4826 1064 4879 hinc
1090 4822 1371 4876 Nemesius
1394 4823 1676 4875 tribunus:
1707 4824 1818 4892 Ego
1849 4823 1912 4875 ad
1938 4823 2076 4875 hanc
2103 4837 2273 4890 usque

693 4920 837 4973 diem
865 4926 975 4971 toto
1004 4916 1184 4968 animo
1211 4913 1436 4976 credidi,
1493 4923 1549 4966 et
1573 4928 1716 4966 nunc
1781 4913 1945 4966 credo
1981 4913 2266 4965 Dominum

694 5011 877 5066 Iesum
912 5009 1188 5062 Christum
1221 5006 1387 5058 Deum
1410 5021 1530 5060 esse
1564 5006 1654 5075 qui
1693 5008 1908 5074 aperuit
1931 5006 2118 5061 oeulos
2149 5007 2272 5057 αηςὶ

698 5105 804 5158 nati
837 5121 849 5156 :
886 5116 1064 5170 neque
1097 5099 1240 5152 enim
1265 5099 1515 5150 humanis
1541 5099 1784 5150 consiliis
1845 5098 2136 5164 impulsus,
2181 5094 2274 5148 sed

695 5197 815 5263 ejus
852 5195 1023 5262 ipsius
1054 5192 1356 5254 vocatione,
1392 5189 1457 5244 ad
1492 5189 1834 5243 sanctitatem
1875 5197 2018 5242 tuam
2055 5189 2200 5241 veni.

767 5282 857 5338 IV.
894 5283 986 5334 llis
1018 5283 1239 5343 auditis,
1264 5281 1444 5332 statim
1479 5279 1669 5334 beatus
1712 5279 1959 5348 pontifex
2002 5279 2276 5332 hominem

697 5380 850 5434 illum
895 5371 1119 5428 adduxit
1197 5372 1262 5426 ad
1309 5371 1484 5424 locum
1558 5373 1870 5440 quemdam,
1927 5373 2018 5438 qui
2053 5378 2272 5422 vocatur

697 5469 910 5523 Titulus
937 5465 1170 5535 pastoris
1204 5479 1478 5532 ;cumque
1508 5473 1563 5515 et
1594 5464 1794 5532 ipsum,
1852 5472 1905 5514 et
1935 5462 2054 5528 ejus
2110 5460 2274 5512 ﬁliam

693 5560 1028 5614 catcchismo
1056 5553 1422 5622 instruxisset,
1455 5556 1908 5624 quemadmodum
1949 5551 2275 5607 Christiana:

696 5653 816 5706 ﬁdei
847 5661 1088 5703 canones
1112 5656 1165 5701 et
1189 5647 1324 5699 ordo
1345 5647 1598 5713 postulat,
1621 5646 1782 5713 jussit
1802 5660 1894 5698 eos
1911 5647 2160 5713 jcjunare
2183 5659 2276 5700 us-

695 5759 793 5810 que
812 5743 877 5798 ad
899 5756 1200 5808 vesperam.
1229 5739 1361 5792 Cum
1401 5744 1582 5790 autem
1623 5739 1864 5790 venisset
1893 5738 2022 5790 hora
2057 5750 2276 5802 vesper-

693 5839 823 5908 tina,
858 5836 1136 5896 benedixit
1201 5851 1352 5902 aquze
1423 5836 1474 5886 in
1540 5833 1961 5901 eoloco,qucm
2037 5829 2275 5898 pastoris

2390 4654 2579 4706 magna
2605 4638 2773 4706 erepit
2801 4637 3371 4691 clamarezNemesius
3407 4651 3550 4689 nunc
3585 4636 3760 4691 factus
3803 4639 3961 4692 Chri-

2378 4730 2584 4783 stianus
2607 4745 2689 4781 me
2715 4729 2972 4780 incendit.
3009 4728 3142 4782 Ecce
3162 4729 3303 4784 illius
3323 4731 3496 4784 oratio
3520 4747 3605 4784 me
3627 4733 3853 4784 cruciat.
3884 4733 3955 4785 Ex

2388 4821 2475 4873 illa
2495 4821 2654 4888 igitur
2674 4820 2799 4872 hora
2827 4821 3027 4888 egressi
3059 4837 3087 4875 e
3111 4823 3622 4890 templo,jusserunt
3649 4819 3958 4875 Nemesium

2387 4912 2636 4966 detineri.
2672 4913 2806 4965 Cmn
2845 4928 2972 4965 vero
3015 4914 3103 4980 qui
3135 4929 3257 4966 eum
3305 4921 3609 4980 tenuerant,
3640 4916 3961 4969 verberibus

2387 5004 2685 5074 pulsarent,
2711 5014 2931 5072 repente
2959 5005 3218 5058 Maximus
3254 5006 3441 5060 consul
3470 5005 3665 5060 efflavit
3695 5006 3954 5060 animam.

2461 5095 3047 5163 V|.|taquet\'cmesius
3069 5098 3462 5153 statimductus
3495 5108 3578 5151 est
3610 5096 3676 5149 ad
3715 5096 3958 5151 Valeria—

2377 5205 2506 5242 num
2543 5188 2596 5241 in
2633 5189 2914 5257 palatium,
2943 5190 3086 5256 quod
3115 5191 3324 5244 Claudii
3364 5189 3589 5243 nomine
3618 5190 3951 5258 appellatur.

2379 5279 2550 5344 Quem
2586 5281 2665 5333 sic
2689 5277 2880 5334 affatus
2914 5281 3366 5335 estValerianus:
3400 5279 3465 5332 Et
3520 5282 3741 5334 ubinam
3775 5293 3880 5343 est,
3925 5298 3954 5332 ο

2380 5371 2622 5434 Nemesi,
2659 5373 2945 5439 prudentia
2981 5375 3066 5426 illa
3103 5383 3210 5436 tua,
3235 5389 3394 5441 quam
3424 5386 3638 5443 semper
3670 5372 3722 5423 in
3759 5380 3812 5424 te
3865 5387 3956 5426 cov

2379 5463 2684 5532 gnovimus,
2721 5475 2830 5517 tum
2865 5465 2918 5515 in
2975 5465 3212 5517 consiliis
3244 5465 3516 5528 ineundis,
3558 5475 3670 5516 tum
3701 5463 3755 5516 in
3795 5467 3954 5518 rebus

2381 5555 2630 5624 gerendis
2673 5554 3080 5609 ﬁrmissimam?
3131 5554 3214 5608 Atr
3258 5557 3571 5625 ignoramus
3626 5569 3754 5616 nos,
3819 5551 3946 5620 quid

2381 5646 2898 5714 optimum,quidvc
2932 5645 3225 5712 pessimum
3294 5648 3382 5700 sit.
3432 5645 3634 5714 quippe
3702 5645 3797 5712 qui
3851 5655 3955 5693 non

2383 5739 2528 5791 aliud
2558 5748 2608 5792 te
2635 5739 2997 5792 adhortantur
3038 5746 3096 5790 ut
3131 5737 3315 5801 facias,
3347 5737 3452 5790 nisi
3485 5739 3628 5805 quod
3662 5736 3952 5789 utilitatem

2385 5830 2481 5881 tibi
2514 5831 2707 5884 afferre
2740 5830 2929 5898 possit,
2959 5841 3016 5882 ut
3045 5830 3249 5883 scilicet
3280 5846 3396 5898 quze
3426 5847 3546 5884 vera
3579 5835 3706 5880 sunt
3743 5824 3951 5896 ample-
