4158 6498
227 463 325 530 5l'l

1474 456 1646 518 νιΤΑ
1691 453 1754 517 S.
1795 451 2198 515 STEPHANI.

3366 452 3477 520 518

226 587 401 640 ctens,
435 574 570 627 deos
606 571 754 640 ipsos
785 582 893 623 non
922 568 1161 634 deseras,
1199 582 1334 637 quos
1373 568 1520 623 omni
1555 576 1797 638 tempore
1826 572 1873 631 Α
1901 561 2111 618 miseris
2141 560 2318 615 modis
2350 568 2403 616 te
2430 575 2767 617 consumam.
2793 562 2916 619 [late
2934 564 3090 631 dixit,
3127 572 3184 621 et
3214 564 3475 638 Sempro-

225 685 255 725 a
284 666 524 739 pueritia
557 664 774 719 coluisti
806 671 862 718 et
904 672 1190 716 veneratus
1214 661 1316 716 es?
1376 661 1456 715 Ad
1522 661 1637 715 haec
1694 658 1798 714 Ne-

227 756 431 813 mesius
453 755 720 809 diaconus
741 770 753 805 :
772 750 909 823 Ego,
930 752 1123 820 inquit,
1153 750 1572 804 seelestissimus
1600 749 1803 803 verita-

226 860 332 907 tem
352 852 525 919 ipsam
558 847 977 916 dereliqueram,
1015 853 1070 899 et
1100 843 1417 912 sanguinem
1449 842 1799 895 innocentem

224 941 553 1005 ell'uderam,
588 947 640 993 et
670 938 736 992 ad
777 939 878 991 hoc
901 951 1072 1003 usque
1098 946 1311 1003 tempus
1364 932 1606 1003 peccatis
1662 947 1800 987 one-

224 1043 376 1087 ratus
407 1032 620 1087 fueram
658 1046 674 1096 ;
719 1030 813 1086 sed
847 1026 1052 1081 Christi
1113 1025 1329 1079 Domini
1362 1035 1415 1079 et
1464 1023 1560 1078 Dei
1590 1022 1802 1077 miseri-

224 1126 411 1180 cordia
478 1125 639 1178 modo
694 1121 935 1189 adjutus,
997 1118 1214 1172 tandem
1250 1116 1560 1171 Creatorem
1621 1129 1799 1168 meum

224 1215 478 1285 cognovi,
523 1215 676 1283 cujus
737 1212 1004 1279 baptismo
1032 1209 1365 1262 illuminatus
1409 1222 1549 1268 sum,
1605 1207 1695 1273 qui
1747 1211 1804 1259 et

226 1310 417 1362 cordis
449 1308 554 1361 mei
588 1304 772 1359 oculos
800 1304 1037 1371 aperuit,
1068 1310 1120 1356 et
1155 1303 1433 1370 corporeis
1498 1300 1617 1355 ﬁlia:
1667 1313 1804 1354 meae

227 1397 449 1467 pupillis
482 1398 663 1449 lumen
712 1393 971 1448 restituit.
1010 1390 1165 1446 Hunc
1186 1392 1372 1457 adoro,
1412 1391 1557 1445 hunc
1614 1392 1802 1454 timeo,

229 1492 355 1545 huic
391 1489 596 1542 cultum
626 1498 681 1541 et
712 1502 905 1557 preces
934 1487 1157 1554 supplex
1203 1484 1394 1547 offero,
1454 1486 1607 1556 cujus
1653 1484 1805 1541 auxl-

213 1558 357 1634 lium
387 1594 603 1648 semper
630 1578 954 1647 imploraho,
996 1587 1050 1631 et
1101 1578 1391 1632 simulacra
1424 1578 1630 1641 omnia,
1684 1591 1803 1646 quae

225 1675 507 1728 damones
539 1686 660 1726 esse
686 1672 937 1741 cognovi,
970 1678 1026 1725 et
1058 1672 1199 1739 ipsa,
1239 1680 1295 1724 ct
1346 1685 1536 1725 eorum
1569 1670 1804 1725 cultores

225 1777 451 1816 aversor
488 1771 834 1815 etcxsecror.
858 1762 1007 1814 'l‘unc
1041 1761 1452 1814 aitValerianus
1476 1779 1486 1813 :
1508 1760 1643 1814 Nota
1673 1759 1803 1813 mihi

226 1863 357 1908 sunt
392 1853 650 1905 veneﬁcia
694 1864 805 1916 tua,
847 1853 1044 1920 quibus
1087 1853 1350 1906 humanas
1392 1852 1563 1907 caedes
1594 1863 1805 1919 patrare

225 1959 396 1997 ausus
416 1960 496 2004 es,
520 1945 720 2013 quippe
738 1944 896 2011 quiet
918 1942 1207 1996 Maximum
1231 1942 1509 1997 consulem
1534 1943 1640 1997 tuis
1663 1958 1798 2013 prae-

227 2036 408 2105 stigiis
429 2035 496 2089 de
515 2036 690 2089 medio
712 2034 978 2088 sustulisﬁ
1019 2053 1032 2087 :
1067 2036 1199 2103 quin
1224 2035 1388 2087 etiam
1416 2034 1593 2089 adhuc
1620 2042 1808 2089 contra

230 2138 477 2182 nostram
522 2137 576 2181 et
620 2125 929 2193 reipublicae
960 2125 1189 2180 salutem
1237 2136 1440 2181 temere
1476 2127 1809 2181 christiano-

227 2234 352 2272 rum
380 2231 545 2270 causa
579 2214 700 2268 talia
728 2214 988 2269 veneﬁcia
1014 2229 1271 2271 exercere
1297 2230 1403 2269 non
1433 2215 1676 2271 desistis.

299 2307 417 2363 νη.
475 2306 574 2360 liis
609 2306 794 2369 dictis,
832 2306 1153 2360 Valerianus
1206 2306 1283 2359 ira
1341 2306 1604 2375 percitus.
1646 2307 1810 2377 jussit

231 2399 383 2453 illum
419 2398 473 2450 in
503 2397 718 2466 privato
747 2409 967 2450 carcere
998 2395 1254 2460 detineri,
1294 2413 1481 2467 quem,
1519 2414 1643 2451 cum
1672 2414 1810 2468 opus

229 2491 448 2553 fuisset,
487 2487 790 2542 sistendum
832 2489 1110 2557 praecepit.
1154 2488 1327 2543 Jussit
1356 2489 1519 2543 etiam
1552 2489 1808 2560 Sempro-

229 2584 385 2636 nium
430 2580 668 2635 Nemesii
703 2577 987 2644 famulum,
1023 2579 1241 2633 domino
1271 2594 1370 2634 suo
1408 2581 1806 2646 ﬁdelissimum,

230 2674 344 2728 illic
368 2687 569 2742 prmSto
592 2687 731 2735 esse,
764 2686 794 2723 a
819 2687 926 2739 quo
958 2671 1204 2739 ejusdem
1230 2671 1470 2727 Nemesii
1502 2682 1611 2727 tum
1645 2673 1807 2736 facta,

230 2773 347 2820 tum
386 2766 531 2819 bona
557 2764 737 2819 omnia
771 2764 1179 2832 inquirerentur
1204 2783 1218 2817 :
1247 2765 1405 2834 cujus
1446 2770 1612 2820 etiam
1648 2767 1810 2820 tiliam

232 2855 499 2911 Lueillam
527 2855 791 2911 custodiri
821 2855 1076 2926 prateepit
1102 2854 1244 2924 apud
1266 2856 1592 2909 sceleratam
1618 2871 1811 2925 quam-

233 2949 363 3004 dam
406 2949 718 3013 mulierem,
758 2950 982 3003 nomine
1021 2947 1330 3001 Maximam.
1364 2946 1590 3002 Postero
1631 2958 1811 3004 autem

232 3039 320 3094 die
376 3040 547 3109 jussit
616 3039 995 3107 iniquissimus
1058 3038 1376 3093 Valerianus
1431 3040 1814 3109 Sempronium

233 3131 377 3184 tradi
420 3130 637 3184 cuidam
672 3129 912 3192 tribuno,
945 3129 1038 3198 qui
1082 3131 1377 3185 vocabatur
1417 3129 1718 3202 Olympius,
1755 3143 1815 3188 ut

232 3229 604 3290 torqueretur,
644 3229 699 3273 et
735 3221 802 3274 de
835 3221 1058 3275 domino
1104 3222 1275 3291 ipsius
1323 3238 1419 3292 per
1462 3240 1586 3278 eum
1632 3226 1813 3295 inqni-
1840 3242 1884 3303 ρ

232 3323 475 3368 reretur.
512 3312 662 3366 Illum
700 3314 863 3385 igitur
893 3313 1174 3384 Olympius
1215 3316 1299 3370 his
1332 3318 1509 3371 verbis
1534 3334 1820 3388 aggressus

233 3414 321 3461 est
375 3405 709 3460 :Novistine
743 3422 848 3474 qua
890 3408 958 3461 de
1010 3422 1173 3461 causa
1228 3408 1317 3463 hic
1360 3421 1488 3463 ante
1532 3425 1633 3463 nos
1678 3427 1813 3465 con—

234 3496 468 3551 stitutus
497 3510 557 3550 es
585 3496 607 3548 ’ἓ
652 3494 781 3549 Haec
808 3495 895 3549 ille
923 3497 1017 3549 ait.
1042 3498 1121 3551 Ad
1148 3513 1267 3565 qua:
1299 3498 1651 3569 Sempronius
1685 3502 1823 3555 nihil

233 3588 545 3655 respondit.
580 3584 689 3640 Sed
730 3586 1090 3641 nihilominus
1140 3588 1424 3658 Olympius
1465 3608 1477 3644 :
1526 3591 1811 3658 Ausculta,

235 3678 436 3749 inquit,
490 3678 804 3748 Semproni,
843 3690 900 3733 et
930 3680 1015 3735 lac
1045 3682 1191 3750 quod
1228 3682 1424 3752 jubent
1460 3685 1824 3753 imperatores

236 3772 413 3827 nostri
444 3786 461 3824 :
489 3772 576 3825 sin
621 3770 828 3834 minus,
870 3772 1059 3825 multis
1090 3780 1145 3825 et
1176 3774 1340 3826 variis
1374 3777 1663 3828 tormentis
1694 3792 1822 3829 cru-

236 3865 497 3919 ciaberis.
531 3862 799 3919 Ostendas
837 3862 1000 3934 igitur
1046 3864 1202 3918 nobis
1229 3863 1468 3919 Nemesii
1500 3866 1704 3921 domini
1738 3868 1818 3921 tui

237 3956 553 4019 facultates,
601 3956 800 4009 deinde
827 3970 955 4009 vero
983 3956 1231 4025 propitiis
1256 3958 1479 4011 deorum
1508 3969 1817 4014 nostrorum

237 4049 563 4103 numinibus
585 4050 887 4102 sacrilices.
909 4049 990 4102 Ad
1015 4050 1127 4103 hate
1154 4048 1546 4119 Sempronius:
1573 4052 1625 4106 Si
1653 4052 1822 4107 facul-

240 4150 380 4194 tates
409 4136 622 4193 domini
650 4138 757 4191 mei
793 4136 1030 4190 Nemesii
1065 4140 1319 4205 requiris,
1359 4142 1495 4193 scito
1523 4143 1640 4195 illas
1667 4159 1695 4195 a
1734 4157 1821 4205 me

238 4232 463 4286 Christo
492 4229 662 4283 fuisse
693 4228 940 4295 oblatas;
972 4243 1080 4283 non
1116 4230 1260 4284 enim
1299 4240 1506 4294 nostra,
1538 4232 1633 4286 sed
1674 4232 1818 4309 illius

241 4332 398 4378 erant
428 4323 592 4376 bona.
619 4321 775 4387 Quod
802 4336 928 4375 vero
955 4322 1092 4374 dicis
1135 4331 1189 4374 et
1220 4337 1305 4375 me
1332 4324 1586 4387 hortaris,
1632 4334 1688 4379 ut
1718 4327 1820 4380 diis

244 4416 348 4471 tuis
386 4411 717 4475 saeriﬁeem,
765 4412 911 4466 nullo
951 4412 1114 4468 modo
1151 4412 1349 4468 faciam
1378 4433 1392 4470 :
1420 4414 1637 4470 Christo
1672 4418 1816 4470 enim

240 4506 496 4563 sacriﬁco
547 4505 640 4561 Dei
681 4506 920 4562 viventis
968 4507 1104 4562 Filio
1163 4508 1489 4563 sacriﬁcium
1541 4510 1715 4563 laudis
1765 4518 1820 4564 et

1901 657 2051 710 nium
2101 651 2514 708 custodiendum
2567 654 2785 709 tradidit
2818 654 3060 710 Tertullo
3098 655 3338 723 cuidam,
3372 656 3476 711 do-

1902 761 2021 800 mus
2083 760 2196 800 sua:
2248 743 2619 814 gubernatori.
2684 747 2969 815 Exuperiae
3017 756 3196 801 autem
3256 748 3475 819 eonjugi

1901 835 2311 907 Olympiusipsc
2327 838 2590 900 narravit,
2611 839 3065 906 quemadmodum
3092 838 3469 907 Sempronius,

1901 928 2026 983 Jesu
2058 926 2259 981 Christi
2315 928 2408 982 Dei
2446 931 2527 981 sui
2562 929 2783 983 nomine
2831 929 3108 994 invocato,
3141 929 3326 985 Martis
3354 931 3475 985 ido-

1902 1018 2012 1072 lum
2044 1018 2460 1072 eomminucrat.

1975 1109 2109 1166 Vlll.
2148 1108 2302 1164 Tunc
2336 1110 2603 1179 Exuperia
2638 1125 2806 1164 uxor:
2842 1112 2899 1165 Si
2945 1121 3112 1175 tanta,
3149 1112 3348 1181 inquit,
3396 1123 3481 1168 est

1904 1200 2105 1255 Christi
2135 1201 2391 1271 potentia,
2420 1212 2675 1271 quantam
2707 1202 2860 1265 dicis,
2892 1204 3058 1256 satius
3090 1204 3245 1257 nobis
3277 1214 3362 1258 est
3387 1205 3484 1258 de-

1905 1292 2036 1348 hinc
2084 1294 2207 1348 illos
2250 1294 2396 1363 ipsos
2443 1295 2574 1348 deos
2623 1295 2953 1364 relinquere,
2988 1296 3079 1364 qui
3137 1311 3315 1365 neque
3375 1296 3481 1351 sibi

1905 1397 2081 1451 neque
2112 1383 2272 1437 nobis
2311 1398 2468 1452 opem
2498 1384 2638 1439 ferre
2673 1394 2923 1452 possunt.
2968 1384 3289 1449 Quaeramus
3318 1384 3482 1455 igitur

1906 1472 2079 1527 Deum
2129 1474 2304 1539 illum,
2328 1476 2419 1544 qui
2449 1474 2684 1530 Nemesii
2736 1477 2935 1530 tribuni
2966 1477 3083 1529 ﬁlia:
3120 1476 3301 1531 lumen
3323 1478 3486 1532 resti-

1907 1564 2032 1616 tuit.
2069 1562 2224 1617 Tunc
2255 1562 2537 1635 Olympius
2572 1566 2818 1620 Tertullo
2868 1568 3147 1636 prmeepit,
3187 1575 3247 1621 ut
3294 1569 3483 1622 mitius

1907 1670 1965 1710 se
1993 1667 2205 1726 gereret
2225 1665 2348 1711 cum
2378 1658 2723 1727 Sempronio,
2750 1659 3018 1728 siquidem
3047 1658 3282 1714 Nemesii
3313 1676 3486 1729 pecu-

1907 1749 2013 1803 niis
2072 1750 2413 1818 inquirendis
2473 1753 2586 1820 ipse
2660 1769 2880 1822 operam
2937 1755 3070 1808 dare
3125 1755 3318 1807 vellet..
3372 1752 3486 1808 Hoc

1909 1836 2222 1891 mandatum
2249 1848 2542 1893 exsecutus
2575 1851 2659 1895 est
2699 1841 2995 1897 Tertullus.
3035 1843 3318 1913 Olympius
3352 1858 3485 1899 vero

1909 1939 2032 1979 cum
2061 1928 2293 1998 conjuge
2318 1926 2611 1998 Exuperia,
2644 1939 2699 1985 et
2729 1933 2889 1986 unico
2913 1932 3025 1986 ﬁlio
3052 1932 3357 1995 Theodulo.
3395 1934 3485 1988 illa

1909 2015 2026 2085 ipsa
2048 2022 2212 2070 nocte
2248 2030 2547 2082 venerunt,
2599 2030 2655 2076 et
2684 2022 2751 2076 ad
2793 2024 2960 2090 pedes
3007 2023 3316 2092 Sempronii
3354 2039 3487 2093 pro-

1910 2107 2090 2171 strati,
2125 2106 2418 2162 dixerunt:
2443 2108 2554 2163 Nos
2585 2110 2747 2180 paulo
2776 2122 2904 2165 ante
2938 2112 3139 2166 Christi
3174 2113 3481 2181 potentiam

1910 2196 2290 2269 cognovimus,
2320 2216 2512 2255 verum
2545 2202 2755 2258 scilicet
2808 2203 2977 2256 Deum
3024 2203 3177 2256 illum
3212 2217 3355 2269 esse,
3385 2203 3483 2275 qui

1909 2290 2145 2348 Nemesii
2172 2292 2373 2347 tribuni
2406 2292 2524 2345 ﬁliae
2548 2292 2829 2347 oculorum
2866 2294 3051 2347 lumen
3084 2294 3255 2349 dedit.
3283 2293 3489 2360 Quam-

1909 2385 2096 2439 obrem
2158 2395 2209 2441 te
2238 2401 2545 2457 precamur,
2596 2395 2654 2439 ut
2698 2401 2860 2441 cures
2911 2387 3070 2441 uobis
3095 2388 3209 2442 dari
3244 2388 3482 2442 salutare

1909 2477 2177 2546 baptisma
2211 2478 2267 2530 in
2302 2477 2521 2531 nomine
2560 2475 2688 2531 Jesu
2726 2478 2957 2537 Christi,
2994 2495 3160 2548 quem
3190 2490 3248 2533 tu
3282 2481 3482 2549 pradi-

1911 2581 2021 2621 cas.
2052 2566 2352 2637 Respondit
2384 2569 2777 2637 Sempronius:
2815 2568 2877 2622 Si
2918 2570 3295 2639 paenitentiam
3328 2571 3488 2642 agitis

1911 2675 1977 2715 ex
2016 2669 2128 2714 toto
2161 2660 2324 2714 corde
2354 2670 2558 2724 vestro,
2606 2661 2877 2730 benignus
2914 2671 2997 2716 est
3054 2663 3199 2716 Deus
3228 2679 3403 2729 meus,
3432 2672 3489 2719 et

1913 2753 2142 2822 accipiet
2165 2767 2259 2806 vos
2301 2754 2676 2822 paenitentiam
2706 2765 2949 2819 agentes.
2976 2755 3133 2809 Tunc
3159 2754 3480 2825 Olympius:

1911 2845 2160 2915 Jamjam,
2195 2845 2390 2913 inquit,
2442 2846 2660 2911 faciam,
2711 2857 2768 2900 ut
2806 2848 2996 2902 credas
3031 2864 3113 2902 me
3166 2858 3280 2903 toto
3323 2849 3488 2904 corde

1912 2936 2114 2992 Christi
2146 2937 2239 2991 Dei
2265 2938 2425 2991 ﬁdem
2467 2940 2643 3007 sequi.
2677 2937 2802 2992 lliee
2829 2940 2989 3004 dixit,
3020 2951 3076 2994 et
3104 2943 3289 2998 statim
3319 2942 3481 2997 cubi—

1914 3031 2094 3083 culum
2142 3034 2417 3101 patefecit,
2463 3034 2516 3086 in
2570 3049 2678 3102 quo
2732 3035 2967 3089 habebat
3020 3038 3190 3090 multa
3243 3047 3299 3091 et
3342 3037 3492 3092 varia

1914 3120 2078 3176 idola.
2115 3122 2321 3187 Quibus
2349 3124 2585 3179 ostensis
2620 3142 2633 3178 :
2665 3124 2768 3189 En,
2794 3126 2990 3195 inquit,
3024 3127 3336 3197 Semproni,
3371 3130 3487 3184 haec

1916 3218 2096 3271 omnia
2139 3219 2427 3271 simulacra
2464 3218 2516 3271 iu
2556 3229 2827 3287 potestate
2869 3230 2959 3274 tua
3018 3230 3147 3274 sunt
3193 3238 3208 3275 :
3251 3222 3336 3275 fac
3370 3222 3476 3277 illis

1922 3308 2179 3377 quidquid
2226 3308 2376 3363 libet.
2424 3308 2528 3362 Cui
2573 3309 2932 3380 Sempronius
2968 3330 2981 3366 :
3016 3312 3146 3381 Age,
3197 3314 3494 3370 simulacra

1925 3400 2024 3452 ista
2051 3400 2231 3452 omnia
2282 3401 2534 3453 manibus
2583 3402 2817 3471 prOpriis
2869 3412 3116 3466 contere,
3152 3418 3399 3471 auroque
3437 3415 3494 3458 et

1924 3500 2169 3560 argento,
2216 3507 2280 3545 ex
2326 3494 2524 3560 quibus
2571 3494 2823 3549 confecta
2853 3505 3002 3558 sunt,
3041 3496 3165 3564 igne
3212 3498 3487 3560 conﬂatis,

1924 3597 2192 3651 pauperes
2223 3598 2513 3652 eongrcga,
2564 3594 2619 3638 et
2673 3586 2779 3639 illis
2830 3585 2945 3641 haec
2998 3588 3286 3643 distribue.
3342 3589 3497 3645 Fecit

1924 3675 2126 3736 mnnia,
2166 3690 2287 3744 quae
2330 3676 2691 3745 Sempronius
2738 3676 2976 3741 dixerat,
3012 3678 3320 3748 Olympius,
3355 3680 3499 3736 nihil

1923 3781 2146 3833 prorsus
2192 3768 2469 3821 dubitans.
2529 3769 2777 3836 llepentc
2823 3784 2955 3823 vero
2986 3770 3170 3825 audita
3205 3780 3293 3826 est
3331 3787 3432 3825 vox
3464 3789 3495 3826 e

1924 3857 2084 3920 cmlo,
2113 3857 2344 3911 dicens:
2385 3857 2443 3910 In
2495 3866 2567 3922 te,
2610 3861 2921 3927 δοτῆρι·οηί,
2958 3864 3226 3930 requievit
3272 3864 3498 3931 spiritus

1924 3962 2096 4003 meus.
2139 3950 2449 4004 Audierunt
2495 3965 2687 4004 vocem
2739 3952 2887 4007 illam
2952 3952 3239 4025 Olympius
3282 3966 3332 4009 et
3375 3958 3498 4025 ejus

1925 4059 2081 4104 uxor,
2109 4050 2161 4096 et
2203 4044 2255 4093 in
2285 4042 2389 4095 ﬁde
2418 4044 2531 4109 ipsa
2561 4043 2684 4096 facti
2726 4056 2856 4098 sunt
2888 4047 3179 4112 ﬁrmiores,
3224 4049 3294 4102 ob
3336 4049 3498 4117 idque

1924 4134 1989 4189 ad
2015 4134 2254 4193 salutare
2282 4134 2549 4203 baptisma
2581 4136 2971 4204 promptiores.
3008 4142 3193 4206 itaque
3238 4142 3499 4207 Semproo

1921 4227 2071 4280 nium
2089 4225 2469 4297 precabantur,
2496 4235 2747 4294 petentes
2771 4237 2828 4282 ut
2856 4229 3091 4299 sigillum
3116 4232 3318 4284 Christi
3351 4232 3499 4285 acci-

1925 4328 2139 4389 perent,
2156 4329 2210 4372 et
2229 4334 2325 4388 per
2344 4334 2539 4387 aqumn
2559 4334 2621 4371 ac
2637 4318 2897 4388 Spiritum
2917 4322 3097 4375 denuo
3116 4335 3495 4379 nascerentur.

1996 4412 2088 4465 IX.
2144 4413 2336 4463 Omnia
2389 4412 2504 4462 lucc
2555 4411 2914 4479 Sempronius
2963 4416 3221 4468 Nemcsio
3276 4417 3500 4470 domino

1926 4524 2025 4564 suo
2051 4508 2259 4564 retulit.
2291 4506 2421 4574 Quae
2454 4524 2578 4562 cum
2613 4508 2901 4563 Nemesius
2930 4507 3257 4573 accepisset,
3296 4506 3496 4559 celeri-

240 4599 623 4661 conlessionis,
645 4598 1078 4652 cuietdominus
1102 4615 1256 4654 meus
1278 4600 1818 4672 Neniesiusseipsum
1851 4577 1897 4632 θ
1928 4612 2011 4658 ter
2047 4603 2182 4657 adiit
2223 4604 2289 4655 ad
2340 4602 2714 4656 beatissimum
2766 4599 3079 4669 pontiﬁcem
3128 4596 3494 4667 Stephanum,

239 4690 459 4746 obtulit.
495 4689 629 4743 Cum
672 4690 789 4744 hac
819 4689 1046 4745 dixisset
1078 4690 1461 4761 Sempronius,
1498 4691 1681 4746 lurore
1730 4708 1821 4746 ae-

240 4796 440 4838 census
477 4790 565 4837 est
598 4780 901 4852 Olympius,
936 4790 989 4836 et
1016 4783 1342 4838 satellitibus
1365 4784 1497 4838 dixit
1524 4800 1539 4838 :
1567 4783 1819 4839 Proster—

242 4874 354 4929 nite
404 4872 686 4928 hominem
736 4873 924 4938 istum,
954 4882 1009 4927 et
1056 4876 1221 4945 virgis
1272 4876 1559 4945 pereutite.
1615 4877 1821 4931 Atrei-te

242 4976 367 5022 ante
406 4968 563 5021 illum
596 4966 758 5021 deum
796 4963 1021 5020 Martem
1067 4981 1131 5022 ac
1184 4968 1472 5036 tripodem,
1507 4978 1566 5023 ut
1603 4968 1686 5022 vel
1718 4968 1821 5022 diis

247 5058 379 5128 ipsis
433 5058 597 5111 thura
636 5056 852 5120 olIerat,
888 5056 971 5110 vel
1019 5057 1137 5112 sine
1186 5057 1593 5114 intermissione
1643 5061 1820 5130 aliqua

243 5150 412 5221 virgis
463 5148 823 5219 percutiatur.
858 5148 1092 5203 Allatum
1123 5150 1283 5221 igitur
1321 5165 1546 5205 aureum
1571 5153 1821 5226 [ereum]

242 5241 431 5297 Martis
459 5240 667 5295 idolum
697 5253 806 5294 una
836 5254 959 5295 cum
991 5241 1224 5309 tripode,
1257 5242 1310 5294 in
1338 5253 1636 5313 conspectu
1667 5244 1825 5298 Sem-

242 5335 416 5407 pronii
443 5335 683 5389 locatum
709 5332 832 5387 fuit.
858 5332 1011 5399 Quod
1034 5348 1159 5389 cum
1184 5335 1539 5403 Sempronius
1566 5337 1819 5391 vidisset:

240 5428 524 5490 Conterat,
569 5424 768 5493 inquit,
806 5432 857 5478 te
889 5423 1154 5479 Dominus
1190 5424 1351 5480 Jesus
1380 5424 1629 5482 Christus
1654 5427 1823 5481 Filius

242 5517 335 5573 Dei
365 5517 495 5572 vivi.
534 5513 652 5570 lloc
689 5515 828 5570 dixit
859 5514 1239 5584 Sempronius,
1268 5530 1332 5570 ac
1361 5527 1585 5585 repente
1618 5518 1819 5572 idolum

242 5610 371 5665 illud
421 5610 503 5665 sic
549 5608 904 5678 liquelactum
941 5617 1045 5672 est,
1076 5608 1232 5678 quasi
1273 5623 1395 5662 cera
1424 5609 1550 5678 igne
1580 5610 1819 5666 admoto.

240 5700 394 5768 Quod
443 5715 575 5756 eum
630 5699 859 5753 vidisset
910 5698 1214 5770 Olympius,
1273 5708 1497 5769 stupore
1538 5702 1821 5771 perculsus

237 5794 517 5851 obmutuit
545 5808 559 5845 :
584 5805 710 5844 mox
733 5805 862 5845 vero
890 5790 1034 5847 domi
1053 5807 1165 5846 sua:
1184 5792 1331 5846 illum
1355 5792 1618 5847 custodiri
1637 5794 1819 5861 jussit,

236 5886 427 5944 dicens
461 5902 477 5943 :
514 5881 631 5939 [lac
657 5890 820 5939 nocte
853 5884 1038 5939 omnia
1068 5890 1339 5941 tormenta
1368 5884 1465 5942 tibi
1492 5884 1738 5950 atteram,
1764 5894 1816 5939 et

1923 4697 2080 4763 eique
2110 4710 2222 4747 rem
2258 4708 2477 4749 omnem
2508 4693 2779 4762 exposuit.
2823 4691 2913 4744 llle
2956 4705 3089 4743 vero
3116 4689 3338 4744 Christo
3376 4690 3487 4743 Deo

1923 4799 2114 4842 nostro
2167 4787 2391 4857 gloriam
2443 4786 2615 4849 dedit,
2665 4794 2719 4838 et
2762 4784 3009 4853 proxima
3054 4790 3215 4836 nocte
3261 4781 3498 4852 Olympii

1927 4882 2147 4935 domum
2178 4878 2331 4932 adiit.
2363 4878 2483 4941 Quo
2508 4877 2643 4939 viso,
2674 4876 2858 4930 statim
2888 4872 3170 4944 Olympius
3190 4874 3493 4942 prostravit

1922 4988 1982 5028 se
2015 4972 2080 5027 ad
2119 4971 2389 5039 pontiﬁcis
2420 4971 2588 5040 pedes
2630 4985 2736 5023 una
2761 4984 2883 5023 cum
2918 4983 3087 5022 uxore
3112 4969 3406 5037 Exuperia,
3438 4976 3496 5022 et

1924 5066 2033 5121 lilio
2087 5064 2389 5120 Theodulo.
2454 5063 2844 5117 Ercxitautem
2907 5062 3029 5116 illos
3106 5060 3495 5115 sanctissimus

1924 5157 2189 5229 pontifex,
2230 5167 2393 5227 atque
2438 5154 2815 5226 interrogavit,
2851 5169 2921 5207 an
2959 5155 3247 5209 crederent
3293 5154 3345 5208 in
3383 5152 3493 5207 Do-

1926 5250 2134 5304 minum
2164 5259 2409 5303 nostrum
2440 5246 2627 5302 Jesum
2661 5248 2958 5302 Christum.
2991 5246 3090 5301 Cui
3118 5260 3309 5300 omnes
3362 5259 3496 5298 eon-

1925 5341 2075 5397 cordi
2110 5342 2290 5393 animo
2322 5339 2728 5409 responderunt
2764 5354 2778 5392 :
2814 5336 3125 5400 Credimus,
3173 5337 3337 5390 Pater
3374 5350 3500 5389 san-

1923 5435 2183 5509 ctissime,
2206 5435 2261 5487 in
2280 5433 2516 5494 Patrem.
2540 5441 2597 5486 et
2616 5432 2833 5495 Filium,
2854 5440 2911 5485 et
2934 5428 3197 5500 Spiritum
3221 5439 3495 5485 sanetum.

1926 5523 2079 5579 Tunc
2136 5524 2384 5594 pontifex
2425 5536 2521 5579 eos
2562 5523 2857 5591 baptizavit
2907 5524 2959 5576 in
2998 5522 3220 5576 nomine
3270 5530 3495 5582 sancte.

1925 5616 2413 5670 consubstantialis
2468 5624 2524 5669 et
2580 5614 2878 5669 individua:
2940 5625 3106 5681 atque
3170 5610 3496 5665 viviﬁcantis

1926 5706 2231 5762 Trinitatis.
2291 5705 2671 5762 Ostenderunt
2726 5716 2909 5761 autem
2964 5706 3043 5760 illi
3082 5714 3137 5760 et
3170 5703 3332 5768 idola,
3375 5716 3497 5770 quae

1927 5799 2165 5867 prOpriis
2193 5798 2446 5852 manibus
2470 5798 2927 5851 cnnnninuerant.
2952 5798 3069 5861 Qua
3097 5797 3162 5850 de
3186 5810 3242 5848 re
3265 5793 3496 5847 sanctis-

1927 5889 2097 5942 sinms
2131 5887 2374 5957 pontifex
2425 5886 2624 5958 gratias
2656 5888 2758 5958 egit
2804 5888 2937 5954 Deo,
2973 5897 3027 5943 et
3070 5902 3165 5955 pro
3194 5885 3298 5939 illis
3328 5884 3498 5939 sacri-
