4158 6484
684 402 789 470 519

1931 398 2212 459 MENSIS
2253 397 2400 456 AUC
2421 396 2681 456 USTUS.

3836 395 3936 456 520

683 517 859 571 licium
914 516 1115 571 obtullt
1173 516 1410 586 benigno
1473 522 1525 567 et
1555 513 1748 568 salutis
1795 521 1994 568 nostra!
2044 512 2254 565 auctori
2290 522 2331 573 Α
2365 527 2478 564 rum
2530 509 2788 577 reliquias
2841 508 3132 577 diligenter
3178 506 3411 573 inquiras
3479 507 3610 564 Cum
3655 504 3757 562 hoc
3792 524 3943 559 inan—

682 607 916 662 Domino
988 605 1117 662 Jesu
1163 606 1413 670 Christo;
1459 620 1665 674 eosque
1717 614 1917 657 sancta:
1963 603 2257 657 oblationis

676 698 976 768 participes
1000 698 1150 754 fecit.
1175 701 1364 768 itaque
1382 706 1491 751 tota
1515 698 1601 750 illa
1625 697 1820 750 domus
1844 696 2038 767 gaudio
2060 711 2258 766 magno

681 798 736 842 ct
788 789 1063 842 hilaritate
1100 789 1301 858 repleta
1334 798 1439 842 est.

757 881 827 933 X.
872 879 1092 934 Tertius
1164 883 1279 934 dies
1325 882 1686 950 prreterierat,
1745 895 1866 933 cum
1939 879 2260 933 Valerianus

688 983 742 1025 et
813 971 1098 1024 Gallienus
1169 972 1525 1041 imperatores
1577 973 1734 1025 valde
1790 972 1939 1038 impii
1994 971 2107 1023 haec
2155 984 2259 1022 auo

687 1064 929 1126 dierunt,
964 1063 1053 1130 qui
1100 1062 1282 1116 furore
1325 1065 1562 1127 accensi,
1611 1063 1896 1132 jusserunt
1947 1058 2258 1111 Ncmesium

684 1161 739 1206 et
771 1163 891 1220 ejtis
943 1154 1102 1205 ﬁliam
1158 1152 1449 1214 Lucillam,
1494 1154 1699 1207 indicta
1756 1167 1941 1206 causa.
1996 1151 2258 1218 torqueri.

690 1245 795 1298 Sed
824 1261 946 1296 tum
984 1244 1147 1298 nullis
1179 1246 1462 1298 tormentis
1490 1247 1555 1297 de
1589 1245 1862 1298 sententia
1897 1243 2100 1295 mox-eri
2137 1257 2261 1310 pos-

684 1345 829 1397 sent,
860 1336 980 1389 illos
1007 1338 1323 1390 obtruncari
1368 1338 1670 1405 jusserunt.
1714 1337 1777 1388 Et
1808 1337 1930 1404 quia
1968 1335 2263 1404 cupiebant

682 1424 903 1478 Luciiiae
954 1426 1096 1494 patri
1143 1429 1496 1496 persuadere,
1529 1436 1587 1480 ιιι
1623 1426 1946 1482 sententiam
2002 1434 2259 1487 mutaret,

681 1525 1058 1584 praeceperunt
1091 1517 1350 1571 Lucillam
1390 1517 1539 1586 prius
1579 1517 1918 1570 obtruncari.
1961 1516 2096 1569 Cum
2132 1530 2262 1568 vero

680 1621 734 1664 et
770 1610 1013 1665 Nemesii
1044 1613 1385 1680 propositum
1421 1611 1612 1664 stabile
1663 1621 1826 1678 atque
1859 1609 2137 1662 immobile
2169 1625 2263 1662 co-

681 1706 1019 1772 gnovissent,
1057 1704 1209 1757 illum
1242 1705 1406 1757 etiam
1440 1704 1616 1756 securi
1656 1702 1868 1771 percuti
1895 1702 2178 1770 jusserunt
2209 1701 2261 1753 in

681 1795 803 1849 ioco
830 1795 944 1854 illo,
969 1796 1059 1863 qui
1079 1796 1321 1848 estinter
1345 1795 1481 1848 duas
1508 1796 1642 1854 vias,
1668 1795 1895 1862 Appiam
1921 1793 2261 1857 etLatinam,

2361 604 2544 656 datum
2574 604 2874 669 accepisset
2902 599 3261 661 Tertullinus,
3299 611 3419 666 post
3449 604 3585 654 duos
3621 601 3742 654 dies
3774 617 3934 667 quam

2361 694 2640 762 presbyter
2676 693 2958 745 ordinatus
3000 701 3103 751 est,
3138 707 3167 743 a
3206 690 3386 744 Marco
3432 692 3648 746 tribuno
3695 707 3940 758 compre-

2371 787 2592 844 hensus,
2615 785 2677 837 ad
2701 784 3042 836 Valerianum
3064 783 3298 835 ducitur.
3316 782 3414 834 Cui
3445 783 3790 836 Valerianus:
3815 785 3940 852 Age,

2365 877 2565 942 inquit,
2594 874 2796 927 domini
2827 874 2899 927 tui
2923 875 3179 940 pecunias
3215 873 3322 925 huc
3348 873 3520 936 affer;
3551 889 3730 926 secus.
3780 875 3944 927 inter-

2364 968 2582 1020 ficieris.
2620 968 2695 1018 Ad
2729 968 2843 1018 hch
2863 962 3197 1017 Tertullinus
3232 967 3519 1033 respondit
3549 984 3562 1019 ;
3593 967 3648 1018 Si
3686 980 3749 1032 pe
3791 969 3943 1021 naias

2365 1059 2572 1111 donnni
2615 1060 2720 1109 mei
2753 1067 2805 1109 et
2867 1068 2920 1109 tu
2977 1059 3176 1110 habere.
3232 1061 3409 1124 cupis,
3466 1067 3724 1110 :ctcrnam
3782 1059 3941 1108 vitam

2364 1150 2579 1218 assequi
2615 1150 2853 1218 poteris;
2886 1164 3008 1200 nam
3043 1149 3129 1201 ille
3162 1164 3260 1215 pro
3285 1150 3506 1203 Christo
3539 1151 3803 1208 moriens,
3839 1148 3943 1201 Deo

2370 1243 2469 1310 ipsi
2507 1241 2796 1294 facultates
2827 1257 2955 1294 suas
3003 1241 3216 1302 obtulit,
3260 1241 3312 1292 in
3347 1241 3531 1293 futuro
3566 1241 3654 1292 illo
3691 1257 3813 1294 aevo
3859 1257 3946 1294 eas

2369 1344 2709 1402 recepturus.
2745 1334 2797 1387 Si
2833 1350 2962 1403 ergo
2991 1343 3043 1388 ct.
3085 1343 3137 1387 tu
3169 1350 3292 1388 vere
3324 1335 3378 1387 in
3417 1335 3583 1388 Deum
3623 1334 3944 1392 credideris.

2371 1438 2631 1496 mutaque
2655 1443 2717 1480 ac
2746 1443 2942 1480 sensus
2969 1429 3215 1496 expertia
3241 1429 3379 1481 idola
3409 1438 3726 1482 exsecratus
3754 1428 3942 1489 fueris,

2369 1519 2680 1571 misericors
2720 1527 2773 1570 et
2813 1518 3052 1570 clemens
3095 1518 3235 1572 Deus
3267 1529 3318 1572 te
3355 1519 3733 1587 pmnitentiam
3788 1534 3947 1587 agen-

2371 1619 2478 1662 tetn
2521 1609 2905 1677 amplectetur.
2961 1609 3114 1664 Tunc
3171 1610 3307 1660 dixit
3358 1609 3679 1663 Valerianus
3737 1628 3751 1662 :
3810 1613 3946 1680 Ergo

2369 1701 2576 1752 domini
2619 1701 2692 1753 tui
2751 1700 2998 1768 pecunia:
3035 1709 3292 1752 a-ternam
3327 1701 3486 1752 vitam
3523 1702 3595 1752 illi
3659 1701 3946 1754 afferunt?

2371 1793 2626 1854 Maxime,
2667 1794 2842 1862 inquit
2898 1793 3260 1858 Tertullinus,
3305 1802 3357 1846 et
3412 1809 3516 1844 non
3560 1795 3742 1847 solum
3793 1806 3950 1848 teter-

680 1901 790 1939 non
838 1886 999 1955 longe
1050 1885 1115 1939 ab
1153 1885 1287 1939 urbe
1331 1885 1523 1938 Roma.
1585 1885 1809 1939 Postera
1867 1886 1954 1939 die
2015 1885 2262 1939 nefarius
2300 1873 2339 1927 Β
2371 1901 2497 1939 nam
2534 1887 2727 1950 vitam,
2759 1884 2852 1938 sed
2891 1895 3218 1955 perpetuum
3275 1887 3438 1938 etiam
3499 1900 3727 1951 regnum
3771 1888 3950 1938 conci-

682 1977 1003 2033 Valerianus
1029 1979 1192 2048 jussit
1222 1977 1628 2051 Sempronium.
1664 1978 1882 2048 publice
1909 1977 2264 2038 audiendum,

679 2069 819 2123 sisti.
855 2069 956 2123 Cui
1009 2070 1147 2122 dixit
1184 2087 1199 2121 :
1237 2069 1420 2135 Quare
1470 2087 1580 2124 non
1619 2072 1860 2124 consulis
1894 2072 1988 2122 tibi
2049 2071 2172 2138 ipsi,
2213 2079 2268 2122 et

680 2161 787 2214 diis
820 2171 871 2214 te
898 2161 1150 2229 subjicis,
1190 2176 1286 2230 per
1334 2178 1468 2230 quos
1518 2166 1774 2217 universa
1818 2172 2014 2215 natura
2053 2164 2264 2232 regitur

682 2261 734 2304 et
759 2253 1096 2320 gubernatur
1119 2254 1141 2305 ?
1162 2253 1419 2308 Christus
1443 2269 1527 2308 me
1550 2255 1685 2324 regit
1705 2264 1755 2307 et
1775 2255 2060 2324 gubernat,
2089 2254 2267 2323 inquit

681 2343 1070 2412 Sempronius,
1101 2346 1190 2413 qui
1217 2355 1270 2397 et
1299 2345 1440 2398 hanc
1467 2346 1795 2398 sententiam
1822 2347 1956 2398 mihi
1980 2346 2268 2399 confirma-

697 2435 797 2488 vit.
834 2433 990 2489 Tunc
1021 2434 1190 2503 jussit
1216 2437 1537 2489 Valerianus
1567 2436 1948 2506 Sempronium
1993 2436 2047 2488 in
2085 2437 2264 2506 ignem

681 2527 908 2594 conjici.
941 2526 1139 2581 Milites
1195 2528 1359 2598 igitur
1409 2544 1532 2581 cum
1574 2528 1751 2598 ignem
1805 2528 2034 2582 multum
2073 2543 2269 2582 accen-

682 2618 910 2681 dissent,
945 2628 1194 2673 sanctum
1231 2620 1382 2673 illum
1427 2621 1603 2674 virum
1632 2620 2042 2688 Sempronium,
2071 2620 2268 2673 vinctis

683 2718 806 2776 post
832 2719 981 2778 terga
1016 2710 1297 2772 manibus,
1334 2711 1388 2763 in
1438 2711 1674 2764 mediam
1711 2711 1978 2763 flammam
2014 2710 2270 2778 conjece-

686 2808 833 2853 runt.
863 2800 1049 2869 itaque
1075 2802 1426 2856 beatissimus
1450 2811 1656 2872 martyr
1679 2801 2038 2872 Sempronius
2065 2801 2118 2854 in
2151 2817 2265 2855 me-

697 2892 782 2944 dia
821 2890 1042 2945 flamma
1111 2893 1347 2962 positus,
1381 2893 1630 2962 spiritum
1696 2891 1826 2945 .iesu
1861 2893 2078 2945 Christo
2114 2906 2269 2944 como

686 2985 984 3038 meudavit.
1018 2986 1278 3039 Pretiosa:
1335 2995 1516 3037 autem
1550 2985 1724 3053 ipsius
1757 2983 2003 3053 reliquiae
2054 2984 2268 3038 intactas

688 3086 1124 3142 permanserunt.
1183 3077 1343 3130 Venit
1393 3085 1578 3130 autem
1626 3077 1819 3131 beatus
1849 3075 2095 3146 pontifex
2134 3076 2262 3131 Ste—

2372 1979 2529 2031 liant.

2441 2066 2579 2120 XIII.
2625 2067 2720 2120 His
2755 2067 2974 2130 auditis,
3023 2068 3344 2122 Valerianus
3375 2069 3439 2120 ad
3493 2083 3586 2119 eos
3635 2083 3946 2120 Sermonem

2376 2162 2636 2230 dirigens,
2683 2161 2773 2229 qui
2807 2159 3036 2214 aderant
3069 2180 3080 2214 :
3110 2162 3333 2225 Delirat,
3376 2161 3570 2229 inquit,
3606 2160 3946 2215 Tertullinus

2372 2255 2491 2308 iste.
2526 2253 2912 2307 Prosternatur
2951 2254 3114 2323 igitur
3149 2255 3202 2306 in
3235 2263 3456 2315 terram,
3483 2264 3536 2306 et
3567 2254 3757 2307 multis
3785 2255 3947 2323 virgis

2373 2347 2731 2415 percutiatur.
2770 2347 2956 2413 Itaque
2986 2361 3107 2398 cum
3149 2345 3210 2398 Β.
3239 2346 3575 2402 Tertullinus
3625 2347 3749 2400 sine
3788 2348 3948 2400 mise-

2371 2439 2604 2492 ricordia
2639 2439 3042 2502 verberarctur,
3067 2454 3197 2490 voce
3221 2454 3410 2507 magna
3438 2439 3650 2493 dicebat
3683 2458 3695 2493 :
3732 2439 3948 2493 Gratias

2370 2546 2470 2601 ago
2507 2530 2625 2592 tibi,
2673 2530 2900 2584 Domine
2931 2529 3056 2583 Jesu
3093 2528 3330 2588 Christe,
3367 2529 3506 2600 quod
3544 2544 3651 2580 non
3679 2529 3947 2597 disjunxi-

2373 2624 2443 2676 sti
2479 2639 2566 2676 me
2591 2640 2618 2676 a
2653 2624 2876 2676 domino
2904 2639 3027 2676 meo
3081 2632 3135 2676 et
3163 2638 3322 2676 servo
3357 2629 3448 2675 tuo
3476 2620 3747 2692 Olympio,
3777 2625 3869 2690 qui
3900 2635 3950 2675 et

2371 2731 2458 2769 me
2488 2717 2782 2770 antecessit
2817 2716 3078 2784 martyrio
3124 2715 3365 2768 functus.
3401 2715 3535 2768 Cum
3587 2714 3772 2783 itaque
3814 2716 3950 2766 inter

2372 2808 2601 2860 verbera
2638 2817 2690 2859 et
2719 2808 2903 2873 plagas
2935 2806 3037 2858 hoc
3061 2805 3289 2862 diceret,
3320 2806 3480 2872 jussit
3507 2804 3806 2871 imperator
3835 2809 3950 2872 ejus

2369 2898 2632 2951 lateribus
2694 2895 2875 2966 ignem
2927 2895 3139 2964 subjici.
3191 2895 3288 2947 Cui
3361 2894 3555 2947 nefarii
3603 2907 3766 2963 atque
3802 2897 3949 2964 impii

2374 2988 2626 3043 homines
2649 2989 2753 3042 hoc
2773 3004 2916 3057 szepe
2936 2987 3317 3041 inculcabant:
3347 2986 3647 3040 Tertuiiine
3667 2989 3948 3057 sacrilege.

2371 3083 2538 3138 redde
2572 3083 2832 3151 pecunias
2877 3081 3082 3134 domini
3129 3080 3225 3134 ttti.
3279 3079 3473 3133 Beatus
3520 3095 3650 3133 vero
3685 3079 3948 3134 Tertulli-

686 3169 905 3234 phauus
955 3184 1075 3220 cum
1129 3170 1343 3223 clericis
1375 3179 1431 3223 et
1478 3170 1607 3224 viris
1640 3169 1928 3239 religiosis,
1981 3172 2265 3238 sanctique
2294 3205 2337 3261 C
2375 3191 2478 3228 nus
2506 3176 2777 3230 cons-tanti
2817 3174 3000 3228 animo
3033 3185 3196 3242 atque
3222 3174 3376 3227 hilari
3413 3175 3562 3226 vultu
3593 3175 3814 3229 dicebat
3850 3175 3950 3228 Va—

685 3257 994 3326 Sempronii
1036 3259 1290 3327 reliquias
1322 3260 1560 3329 collegit,
1610 3268 1668 3313 et
1705 3259 1823 3312 illas
1871 3273 1998 3312 cum
2033 3256 2266 3328 Olympii

683 3361 738 3404 ct
762 3353 1061 3412 sociorum,
1119 3354 1210 3418 qui
1270 3353 1422 3419 prius
1477 3359 1701 3422 propter
1758 3350 2036 3406 Christum
2099 3353 2267 3406 inter-

685 3444 807 3498 fecti
837 3443 1074 3506 fuerant,
1104 3445 1470 3500 sanctissimis
1521 3445 1767 3514 reliquiis
1800 3447 2109 3500 collocavit.

767 3534 856 3587 XI.
917 3535 1047 3590 Post
1108 3538 1311 3589 multos
1372 3537 1491 3588 dies
1547 3536 1871 3588 Valerianus
1906 3547 1957 3588 et
1992 3535 2268 3590 Gallienus

683 3636 974 3696 coeperunt
1015 3629 1230 3682 beatum
1283 3627 1599 3696 episcopum
1659 3626 1999 3696 Stephanum
2049 3639 2101 3680 et
2149 3632 2268 3699 ejus

685 3719 891 3770 clerum
931 3719 1210 3787 inquirere
1263 3737 1277 3772 :
1331 3720 1460 3788 quin
1533 3720 1695 3773 ctiant
1760 3719 1940 3775 edicto
1993 3723 2268 3791 pmposito

679 3808 987 3878 jusserunt,
1014 3819 1075 3864 ut
1101 3810 1418 3881 ubicunque
1443 3812 1649 3866 inventi
1676 3812 1929 3874 fuissent,
1954 3825 2071 3880 post
2102 3817 2268 3869 inulta

684 3908 741 3951 et
773 3899 916 3952 varia
950 3909 1250 3962 tormenta,
1307 3910 1484 3952 morte
1516 3901 1869 3954 acerbissima
1912 3914 2266 3958 necarentur.

684 3989 872 4059 itaque
934 3992 1144 4045 detenti
1206 4003 1332 4046 sunt
1398 3993 1583 4048 clerici
1647 3995 1957 4061 duodecim,
2021 4012 2263 4065 quorum

683 4083 903 4135 nomina
945 4083 1059 4137 haec
1094 4092 1221 4138 sunt
1260 4103 1273 4138 :
1329 4083 1587 4150 Faustus,
1624 4085 1867 4152 Maurus,
1923 4089 2262 4150 Primitivus,

679 4167 998 4230 tioiuntnius
1042 4175 1489 4247 [Cafumniosus],
1535 4177 1799 4245 Joannes,
1837 4181 2262 4250 Exuperantius,

681 4264 934 4332 (Lyriilus,
958 4264 1289 4326 Honoratus,
1327 4264 1668 4322 Theodosius
1695 4267 2086 4340 [Theodorus],
2111 4270 2264 4323 Basi.

680 4359 806 4423 lius,
827 4360 1102 4428 Castulus,
1141 4362 1404 4418 Donatus.
1432 4362 1532 4430 Qui
1566 4379 1689 4418 cum
1719 4365 1902 4420 multis
1933 4366 2264 4420 cruciatibus

683 4458 1085 4519 torquerentur,
1113 4467 1288 4520 neque
1308 4453 1501 4506 adduci
1525 4463 1748 4522 possent
1769 4464 1830 4509 ut
1849 4455 2098 4511 facerent
2121 4457 2263 4526 quod

677 4541 816 4609 jussi
907 4552 1100 4608 erant,
1183 4553 1464 4612 postremo
1533 4546 1889 4614 imperatores

684 4633 806 4688 illos
860 4633 1173 4690 obtruncari
1231 4637 1285 4690 in
1337 4637 1422 4690 via
1477 4652 1598 4706 quae
1642 4637 1952 4707 appellatur
2004 4641 2277 4708 Aquazdu-

682 4729 825 4778 ctus.
847 4722 1089 4788 Quorum
1114 4726 1420 4780 veneranda
1440 4740 1666 4796 corpora
1687 4729 1896 4782 curavit
1918 4727 2274 4794 Tertullinus,

682 4817 773 4884 qui
792 4814 970 4870 fuerat
991 4816 1220 4886 Olympii
1253 4831 1466 4882 servus,
1494 4819 1743 4886 quamvis
1763 4819 1942 4875 adhuc
1964 4831 2112 4876 esset
2142 4837 2276 4890 gen-

685 4908 809 4975 tilis,
843 4916 899 4962 et
921 4921 1109 4961 eorum
1147 4905 1408 4975 reliquias
1429 4904 1669 4974 reposuit
1705 4921 1875 4974 prope
1905 4921 2130 4975 corpora
2148 4923 2275 4961 san-

682 5011 894 5056 ctorum
925 4998 1110 5054 Juvini
1147 5006 1201 5052 et
1231 4997 1450 5064 Basiiei,
1482 4999 1536 5052 in
1572 4999 1657 5055 via
1686 4997 1900 5055 Latina.
1932 4999 2046 5056 Cal.
2081 5001 2219 5071 Aug.

761 5115 883 5168 XII.
943 5114 1072 5169 Iizec
1149 5129 1272 5168 cum
1337 5113 1641 5167 audivisset
1693 5114 1887 5169 beatus
1963 5113 2276 5184 Stephanus

683 5203 963 5273 pontifex,
991 5202 1155 5272 jussit
1182 5203 1250 5257 ad
1298 5217 1358 5256 se
1389 5201 1652 5256 accersiri
1684 5201 2076 5269 Tertullinum,
2103 5220 2264 5272 quem

684 5297 874 5350 multis
911 5295 1324 5350 hortationibus
1353 5295 1422 5348 ad
1453 5294 1820 5349 Christianam
1852 5295 2009 5349 fidem
2037 5311 2270 5349 conver-

683 5403 802 5442 sum
822 5385 1091 5441 docuitde
1122 5400 1294 5456 regno
1323 5384 1444 5451 Dei,
1467 5393 1521 5439 et
1549 5386 2046 5455 sempiternmyita:
2071 5395 2274 5454 mysteo

685 5480 778 5534 riis
820 5477 1074 5543 initiavit,
1120 5476 1576 5546 sanctissimoque
1640 5477 1966 5546 baptismate
1997 5477 2271 5547 purgavit,

683 5582 846 5643 atque
875 5573 1030 5627 illum
1085 5572 1264 5626 adhuc
1313 5569 1437 5623 alba
1482 5579 1630 5624 veste
1675 5571 1952 5634 indutum,
1988 5570 2271 5623 ordinavit

685 5667 1084 5736 presbyterum.
1142 5663 1316 5729 Quem
1368 5676 1493 5716 cum
1551 5661 1827 5715 docuisset
1882 5660 1950 5713 de
2000 5660 2177 5712 salute
2207 5673 2270 5712 ac

682 5759 887 5813 cmlesti
915 5773 1086 5828 regno
1115 5765 1337 5812 sanctus
1367 5754 1612 5825 pontifex
1655 5772 1670 5809 :
1705 5754 1854 5816 Esto,
1887 5753 2061 5821 inquit
2092 5794 2106 5817 ,
2151 5752 2270 5817 tibi,

684 5851 875 5916 frater,
933 5854 1040 5907 hoc
1070 5865 1206 5904 onus
1243 5849 1580 5918 impositum,
1621 5856 1679 5898 ut
1714 5844 2007 5899 multorum
2061 5854 2266 5912 marty-

2374 3268 2593 3321 ierianu
2626 3287 2637 3321 :
2669 3269 2801 3337 Age,
2843 3266 3031 3330 miser,
3093 3267 3174 3317 fac
3208 3265 3496 3318 celerrime
3529 3266 3790 3333 quidquid
3849 3268 3949 3327 vis,

2377 3371 2434 3414 ttt
2461 3377 2558 3429 per
2596 3361 2913 3415 incendium
2953 3370 3002 3410 et
3044 3359 3297 3410 flammas
3340 3359 3475 3410 istas
3498 3373 3583 3410 me
3618 3359 3949 3412 sacrificium

2378 3455 2488 3505 Deo
2512 3461 2720 3522 gratum
2754 3449 2948 3503 offerre
2980 3451 3201 3517 possim.
3239 3449 3394 3502 Tunc
3426 3449 3590 3514 jussit
3632 3451 3955 3504 Valerianus

2377 3544 2740 3611 Tertullinum
2780 3558 2888 3594 non
2921 3542 3153 3611 amplius
3192 3543 3495 3601 verberari,
3540 3543 3632 3597 sed
3669 3545 3809 3596 tradi
3860 3546 3952 3596 Sa-

2377 3638 2538 3708 pritio
2589 3637 2738 3690 urbis
2781 3637 3020 3707 praesidi,
3073 3636 3158 3690 cui
3193 3638 3329 3691 dixit
3383 3657 3394 3690 :
3445 3638 3576 3709 Age,
3621 3640 3841 3706 require
3893 3641 3955 3691 ab

2379 3731 2481 3784 isto
2529 3731 2790 3800 pecunias
2843 3729 3076 3802 Olympii
3118 3731 3326 3783 domini
3380 3731 3502 3796 sui;
3574 3732 3776 3786 deinde
3830 3749 3955 3802 coge.

2377 3824 2527 3874 illum
2564 3825 2670 3875 diis
2706 3823 2913 3877 libare:
2949 3823 3090 3890 quod
3120 3824 3222 3874 nisi
3259 3824 3474 3888 fecerit,
3507 3825 3671 3878 variis
3707 3837 3947 3879 tormen-

2378 3914 2446 3964 tis
2483 3913 2781 3967 crucietur.

2454 4003 2591 4059 XIV.
2625 4005 2760 4058 Cum
2817 4005 2920 4059 hoc
2957 4005 3272 4058 mandatum
3315 4007 3615 4075 accepisset
3662 4009 3954 4078 Sapritius,

2375 4098 2558 4150 statim
2588 4097 2822 4152 tribunal
2870 4097 2973 4151 sibi
3026 4097 3203 4166 parari
3244 4098 3407 4167 jussit
3451 4099 3500 4151 in
3555 4114 3620 4152 eo
3664 4097 3808 4162 loco,
3869 4117 3953 4178 qut

2375 4189 2677 4245 Mamertini
2712 4192 2905 4245 domus
2961 4191 3286 4261 appellatur,
3344 4192 3706 4261 prmcepitque
3763 4194 3956 4247 adduci

2373 4282 2439 4334 ad
2470 4297 2526 4335 se
2558 4293 2870 4350 martyrem,
2897 4298 3142 4350 praecone
3174 4284 3251 4335 sie
3281 4285 3557 4337 indicente
3590 4303 3604 4338 :
3645 4287 3957 4341 Adducatur

2376 4373 2481 4424 huc
2519 4371 2813 4442 sacrilegus
2845 4371 3182 4425 Tertullinus
3239 4390 3252 4425 :
3297 4374 3574 4428 Adductus
3624 4377 3808 4444 itaque
3862 4381 3959 4430 fuit

2375 4461 2737 4524 Tertullinus,
2769 4477 2931 4531 quem
2965 4475 3162 4531 prmses
3190 4461 3568 4531 interrogavit,
3601 4445 3957 4530 quononnue

1985 4549 2260 4617 jusserunt
2297 4562 2347 4619 ι)
2381 4566 2686 4609 vocaretur.
2733 4555 2832 4607 Cui
2873 4551 3248 4606 Tertullinus:
3278 4552 3558 4614 Peccator,
3603 4552 3799 4620 inquit,
3841 4570 3957 4606 sum

2383 4661 2502 4717 ego,
2539 4661 2729 4700 servus
2759 4659 3041 4698 servorum
3070 4643 3198 4698 Jesu
3232 4643 3458 4699 Christi.
3494 4644 3647 4699 Tunc
3688 4645 3959 4714 Sapritius

2385 4751 2590 4805 praeses
2631 4735 2708 4789 sic
2739 4751 2861 4788 eum
2894 4735 3091 4789 aﬂ‘atus
3125 4742 3212 4787 est
3245 4751 3258 4786 :
3302 4736 3601 4790 Considera
3639 4751 3759 4804 qurc
3813 4753 3959 4789 nunc

2383 4829 2476 4882 tibi
2516 4829 2928 4897 praecipiuntur,
2961 4836 3018 4883 et
3048 4827 3166 4880 sine
3199 4842 3352 4881 mora
3385 4827 3574 4894 facias,
3619 4831 3763 4896 quod
3813 4830 3956 4892 dico,

2380 4928 2439 4971 ut
2469 4917 2640 4972 vivas.
2698 4918 2794 4971 Eia
2844 4916 3008 4985 igitur
3054 4915 3156 4969 diis
3206 4914 3477 4980 sacrifica,
3513 4923 3565 4969 et
3601 4914 3792 4976 redde,
3841 4930 3960 4984 quae

2377 5011 2656 5083 jubemus,
2711 5012 2852 5063 bona
2905 5006 3139 5079 Olympii
3191 5007 3402 5060 domini
3458 5007 3568 5072 tui;
3624 5008 3707 5060 sin
3755 5007 3956 5068 minus,

2389 5114 2797 5158 tormentorum
2821 5099 3105 5171 suppliciis
3127 5108 3487 5169 consumptus
3515 5098 3702 5152 fueris.
3738 5099 3820 5151 Ad
3847 5101 3958 5153 haec

2380 5195 2662 5262 respondit
2690 5191 3029 5247 Tertullinus
3059 5207 3073 5242 :
3107 5189 3161 5243 Si
3199 5205 3394 5244 nosses
3428 5199 3647 5244 aeterna:
3680 5190 3808 5244 vitae
3842 5190 3960 5244 feli-

2378 5289 2626 5352 citatem,
2663 5303 2771 5339 non
2822 5302 2974 5342 esses
3004 5287 3072 5339 de
3123 5284 3384 5352 prmsenti
3434 5283 3633 5338 sarculo
3667 5283 3864 5337 anxius
3898 5297 3959 5336 ac

2377 5382 2662 5443 sollicitus,
2719 5395 2780 5433 ea
2823 5394 3021 5432 curans
3047 5391 3166 5445 quae
3211 5391 3238 5428 a
3273 5376 3633 5438 dmmonibus,
3670 5389 3810 5442 quos
3860 5390 3956 5427 vos

2377 5476 2580 5538 colitis,
2615 5483 3004 5542 suggeruntur,
3041 5477 3096 5523 et
3142 5469 3238 5522 tibi
3274 5477 3331 5522 et
3364 5469 3439 5521 tui
3483 5467 3758 5521 similibus
3793 5477 3958 5520 :eter-

2378 5584 2477 5621 nos
2529 5567 2803 5619 cruciatus
2834 5562 3082 5616 afferent.
3117 5558 3212 5613 liis
3239 5560 3463 5626 auditis,
3497 5557 3770 5628 Sapritius
3821 5573 3956 5627 pra:-

2378 5675 2463 5712 ses
2485 5658 2647 5726 jussit
2679 5653 2968 5707 Tertullini
3001 5651 3195 5705 faciem
3229 5651 3503 5720 lapidibus
3553 5650 3762 5706 collidi.
3815 5650 3956 5704 San-

2378 5763 2497 5804 ctus
2552 5765 2679 5803 vero
2750 5746 3109 5809 Tertullinus,
3145 5743 3257 5797 Deo
3317 5743 3516 5816 gratias
3565 5759 3755 5812 agens,
3824 5742 3958 5796 dixit

2380 5842 2589 5913 prasidi
2623 5860 2635 5894 :
2674 5840 2751 5893 Tu
2789 5855 2964 5892 mettm
3000 5853 3059 5892 os
3105 5836 3380 5908 confringi
3421 5836 3648 5905 iussisti.
3682 5843 3738 5890 et
3775 5832 3956 5888 Domi-
