4158 6528
195 452 290 514 521

1434 450 1613 511 VlTA
1659 450 1719 507 S.
1764 448 2162 512 STEPHANI.

3305 449 3408 513 522

193 578 292 617 nus
349 578 500 618 meus
533 562 694 617 lesus
725 559 997 622 Christus,
1046 574 1204 630 quem
1244 574 1341 630 ego
1381 561 1520 623 colo,
1574 573 1625 614 te
1690 574 1752 613 ac
1782 568 1823 621 Α
1856 560 2201 617 beatissimus
2266 563 2507 632 pontifex
2550 581 2577 616 a
2634 563 2955 619 satellitibus
3008 571 3158 616 extra
3208 565 3406 617 inmitia

186 654 457 710 diabolum
482 653 805 709 idololatria:
834 660 1109 707 auctorem
1136 660 1402 706 conteret.
1423 650 1576 706 Tune
1610 666 1747 721 pra:-

189 760 275 800 scs
317 745 455 799 dixit
517 743 605 799 his
649 745 743 814 qui
799 754 1093 813 praesentes
1131 750 1287 796 erant
1330 761 1343 797 :
1379 741 1612 797 Curnam
1652 743 1751 795 iste

188 844 433 888 moratur
480 832 713 904 Olympii
759 834 1018 902 pecunias
1065 832 1337 887 reddere?
1397 833 1463 886 Et
1514 833 1578 886 ad
1628 849 1749 885 cum

188 942 522 982 conversus:
552 927 685 996 Age,
720 926 915 996 inquit,
942 923 1074 979 ail'er
1101 924 1360 986 pecunias
1396 938 1529 993 quas
1564 924 1749 989 debes,

190 1027 245 1072 et
295 1018 404 1071 diis
459 1018 726 1082 sacritica,
784 1031 855 1071 ne
924 1015 1102 1083 capite
1154 1015 1535 1075 obtruncatus,
1589 1014 1751 1068 vitam

192 1109 435 1163 amittas.
492 1107 794 1177 Respondit
838 1106 1171 1161 Tertullinus
1215 1124 1228 1160 :
1275 1104 1386 1174 Ego
1422 1105 1473 1157 in
1524 1105 1753 1158 Domino

192 1216 317 1255 meo
370 1199 499 1254 .lesu
557 1200 797 1264 Christo,
838 1200 928 1253 cui
967 1198 1199 1262 credidi,
1258 1191 1614 1251 confirmatus
1678 1197 1749 1251 ita

188 1308 333 1356 sum,
366 1304 420 1347 et
453 1292 525 1346 ita
552 1293 704 1345 illum
735 1290 937 1346 habere
962 1291 1140 1359 CUpio,
1174 1298 1233 1342 ut
1262 1294 1581 1357 prmsentem
1613 1288 1751 1341 hanc

189 1382 355 1437 vitam
396 1399 493 1453 pro
526 1383 698 1437 nihilo
731 1382 949 1451 ducam,
992 1381 1148 1452 cujus
1177 1381 1355 1435 nullos
1398 1391 1576 1436 certos
1617 1382 1752 1434 lines

189 1474 521 1530 constitutos
552 1474 735 1529 video.

258 1563 376 1617 XV.
438 1563 565 1618 Haec
614 1565 841 1619 audiens
888 1563 1178 1634 Sapritius,
1240 1564 1422 1619 furore
1467 1578 1752 1627 accensus,

182 1658 348 1727 jussit
378 1654 743 1709 Tet‘tuilinum
790 1655 843 1708 in
888 1655 1033 1723 ligno
1057 1655 1296 1719 extendi,
1342 1664 1395 1708 ct
1444 1655 1624 1709 nervis
1659 1656 1751 1707 ditt

188 1746 490 1801 verberari.
514 1747 650 1800 Cum
680 1747 843 1816 igitur
869 1747 1049 1799 nervis
1074 1746 1375 1800 caaderetur
1398 1743 1754 1809 Tertullinus,

188 1840 461 1893 clamabat
492 1856 504 1890 :
539 1839 767 1890 Domine
793 1837 920 1891 Jesu
940 1837 1175 1900 Christe,
1205 1852 1273 1888 ne
1296 1836 1516 1891 deseras
1542 1850 1756 1891 servum

1853 663 1909 706 et
1938 662 2145 721 portam
2178 652 2403 722 Appiam
2433 651 2498 705 ad
2526 652 2787 722 templum
2818 651 3025 705 Martis.
3057 648 3175 715 Quo
3203 650 3257 702 in
3288 651 3408 704 loco

1854 743 2145 814 episcopus
2186 742 2326 812 ipse,
2384 742 2638 797 omnibus
2682 742 3079 811 spectantibus,
3120 741 3307 797 oculos
3354 741 3409 793 in

1853 834 2047 889 ctelum
2084 834 2281 900 erexit,
2311 849 2373 890 ac
2411 834 2546 889 dixit
2593 851 2606 887 :
2663 834 2890 888 Domine
2928 833 3087 897 Deus,
3115 834 3273 888 Pater
3305 832 3412 887 Do-

1856 925 1986 978 mini
2026 926 2197 980 nostri
2223 925 2352 980 Jesu
2381 926 2604 990 Christi,
2641 928 2734 995 qui
2767 926 3009 980 evertisti
3056 926 3248 979 turrim
3278 938 3413 978 con-

1859 1016 2088 1071 fusionis
2121 1017 2265 1086 apud
2323 1016 2675 1087 Babylonem,
2726 1017 2967 1082 destrue,
3019 1031 3224 1086 quaeso,
3269 1027 3416 1068 nunc

1856 1117 1911 1161 et
1940 1107 2119 1162 locum
2154 1108 2322 1171 hunc,
2364 1108 2420 1162 in
2453 1124 2559 1177 quo
2588 1108 2788 1163 diaboli
2820 1108 3137 1177 superstitio
3179 1122 3276 1176 per
3300 1107 3418 1160 ido-

1857 1199 2033 1253 lorum
2078 1199 2281 1254 cultum
2323 1210 2627 1256 exercetur.
2674 1200 2810 1255 Cum
2850 1200 2963 1254 haec
2998 1198 3228 1253 dixisset
3277 1214 3414 1268 pon-

1860 1289 2013 1354 tifex,
2064 1302 2292 1360 repente
2332 1290 2474 1345 facto
2521 1290 2765 1346 tonitruo
2806 1300 2862 1345 et
2899 1291 3111 1362 fulgure
3153 1295 3412 1354 maximo,

1861 1381 2125 1450 templum
2176 1381 2360 1436 Martis
2412 1397 2603 1453 magna
2663 1398 2725 1435 ex
2762 1392 2915 1452 parte
2964 1382 3193 1435 corruit.
3260 1380 3415 1446 Quod

1860 1473 2108 1527 videntes
2128 1473 2349 1536 milites,
2382 1474 2755 1543 perterrefacti
2796 1475 3147 1544 aufugerunt,
3179 1489 3243 1528 ac
3291 1476 3420 1529 reli-

1861 1573 2101 1635 querunt
2157 1564 2530 1619 beatissimum
2571 1565 2908 1634 Stephanum
2972 1581 3093 1620 cum
3162 1569 3421 1622 omnibus

1862 1654 2209 1714 Christianis,
2252 1655 2339 1724 qui
2395 1670 2519 1708 eum
2575 1657 2745 1710 secuti
2803 1656 3042 1712 fuerant.
3086 1658 3273 1729 itaque
3331 1658 3419 1713 illa

1864 1744 1982 1812 ipsa
2012 1742 2145 1797 hora
2179 1742 2241 1795 Β.
2282 1742 2597 1812 Stephanus
2643 1739 2775 1798 abiit
2810 1760 2932 1799 cum
2973 1744 3226 1801 omnibus
3268 1746 3425 1803 Chri-

1866 1835 2077 1898 stiauis,
2143 1850 2279 1904 quos
2342 1851 2525 1889 secum
2590 1835 2969 1909 habebatpad
3053 1839 3422 1892 cremeterium

190 1942 366 1988 tuum,
395 1929 491 1997 qui
535 1929 693 1981 fidem
745 1937 798 1982 et
841 1942 990 1996 spem
1044 1944 1197 1983 suam
1227 1927 1279 1981 iit
1333 1937 1383 1982 te
1414 1928 1696 1986 collocavit
1741 1947 1753 1983 :
1789 1904 1833 1958 Β
1870 1924 1927 1979 Β.
1958 1924 2288 1997 Lucilla:[ai.
2315 1925 2576 1997 Lucina],
2603 1927 2693 1981 ubi
2726 1904 2911 1981 multis
2938 1928 3419 1983 adhortationibus

189 2020 285 2076 sed
320 2021 388 2073 da
429 2021 592 2086 vires,
629 2020 763 2073 utin
819 2028 1003 2074 sancta
1031 2029 1087 2074 et
1119 2031 1263 2075 recta
1290 2020 1631 2075 confessione
1665 2028 1754 2073 tua

188 2123 567 2177 perseverem,
606 2109 865 2179 quoniam
909 2119 966 2163 tu
1024 2125 1084 2164 es
1138 2124 1265 2179 spes
1320 2125 1459 2172 mea,
1498 2108 1596 2163 Fili
1660 2110 1756 2164 Dei

188 2198 317 2253 vivi.
374 2198 494 2252 Mox
552 2201 715 2269 jussit
785 2199 1055 2269 Sapritius
1114 2199 1477 2255 Tertulliuum
1532 2202 1585 2255 in
1638 2211 1755 2256 rota

189 2291 466 2359 suspendi.
506 2292 645 2345 Dum
674 2291 834 2360 igitur
862 2292 912 2344 iu
948 2300 1062 2345 rota
1104 2292 1368 2361 penderet
1411 2293 1601 2348 beatus
1645 2294 1759 2360 ille,

190 2380 427 2448 Spiritus
472 2384 648 2436 sancti
701 2383 968 2439 auxilium
1019 2382 1332 2439 invocabat.
1386 2383 1522 2440 Cum
1578 2396 1760 2439 autem

192 2472 367 2541 ipsius
393 2473 634 2527 animum
665 2490 728 2530 ac
774 2477 1113 2545 propositqu
1144 2476 1217 2529 ita
1245 2476 1458 2531 ﬁrmum
1492 2485 1544 2531 et
1575 2477 1766 2532 stabile

192 2565 421 2620 vidisset
468 2565 761 2637 Sapritius,
813 2576 872 2620 ut
915 2568 1119 2620 moveri
1164 2583 1273 2621 non
1329 2578 1531 2637 posset,
1582 2568 1767 2622 retulit

193 2653 488 2710 Valeriano
512 2662 768 2727 tyranno,
795 2656 1158 2711 Tertullinum
1181 2658 1347 2713 nullis
1380 2660 1564 2723 minis,
1597 2659 1765 2713 nullis

192 2745 694 2809 adhortationibus,
754 2747 922 2801 nullis
975 2747 1213 2818 denique
1272 2749 1612 2804 cruciatibus
1677 2759 1769 2803 aut

192 2838 466 2892 machinis
497 2838 694 2893 adduci
732 2854 909 2909 posse,
938 2849 996 2893 ut
1022 2840 1105 2895 vel
1127 2839 1233 2894 diis
1264 2840 1523 2907 immolet,
1552 2840 1636 2895 vel
1673 2842 1769 2897 do-

194 2930 327 2984 mini
367 2930 451 2983 sui
508 2929 792 2984 facultates
824 2945 885 2984 ac
913 2932 1169 2999 pecunias
1191 2931 1243 2984 in
1266 2931 1506 2985 medium
1551 2931 1766 2988 ali'erat.

194 3022 349 3077 Tunc
384 3021 699 3078 Valerianus
729 3026 1053 3079 sententiam
1104 3024 1306 3091 ferens,
1341 3024 1501 3095 jussit
1528 3025 1776 3080 Tertulli-

196 3129 325 3167 num
340 3113 733 3168 obtruncari.E
752 3124 864 3168 rota
884 3116 1045 3185 igitur
1059 3117 1561 3186 depositus,ductus
1576 3128 1659 3170 est
1678 3134 1775 3187 per

196 3201 337 3254 viam
360 3201 608 3256 Latinam
625 3203 689 3257 ad
709 3203 1006 3257 secundum
1028 3205 1176 3258 urbis
1195 3205 1563 3276 lapidem,quo
1582 3207 1633 3260 in
1656 3209 1773 3262 loco

196 3292 298 3347 fuit
328 3293 509 3363 capite
532 3295 906 3349 obtruncatus.
934 3294 1062 3363 Ejus
1084 3304 1265 3349 autem
1290 3296 1550 3367 reliquias
1572 3297 1630 3350 Β.
1649 3299 1775 3353 Ste-

197 3386 412 3454 phanus
448 3385 687 3455 collegit,
737 3394 790 3440 et
816 3386 1063 3455 sepelivit
1088 3386 1141 3440 in
1180 3396 1384 3458 crypta,
1406 3403 1523 3457 quae
1548 3404 1775 3444 arenosa

198 3474 428 3541 dicitur,
451 3477 626 3547 pridie
648 3476 913 3531 Kalendas
931 3480 1157 3549 August.
1180 3477 1336 3550 [Cod.
1354 3481 1473 3534 Kal.
1499 3481 1773 3555 Augusti].

269 3567 413 3621 XVI.
446 3569 673 3623 Postero
708 3576 887 3622 autem
924 3570 1010 3625 die
1041 3570 1365 3625 Valerianus
1398 3573 1543 3626 misit
1574 3576 1774 3628 cohor-

202 3668 331 3720 tem,
355 3673 480 3726 qua:
499 3658 718 3711 beatum
739 3659 1049 3726 pontificem
1077 3660 1415 3729 Stephanum
1442 3678 1565 3719 cum
1586 3668 1773 3721 multis

200 3746 439 3811 clericis,
475 3748 812 3819 presbyteris
848 3764 911 3804 ac
961 3749 1212 3805 diaconis
1253 3754 1769 3824 comprehenderet.

198 3840 333 3898 Cum
369 3843 539 3915 igitur
562 3841 801 3913 pontifex
824 3851 880 3897 et
907 3843 1028 3913 ejus
1057 3845 1241 3899 clerici
1272 3862 1396 3901 cum
1425 3863 1491 3902 eo
1518 3864 1772 3920 compre-

203 3932 599 3994 hensiesseut,
639 3933 861 4002 plurimi
910 3929 1210 3988 Christiani
1259 3935 1505 4006 lugentes
1553 3954 1580 3992 a
1614 3940 1773 4009 longe

201 4024 325 4076 illos
358 4023 750 4089 sequebantur.
778 4023 968 4077 Postea
1002 4040 1137 4078 vero
1167 4042 1330 4094 quam
1365 4026 1425 4079 Β.
1463 4028 1775 4098 Stephanus

195 4117 350 4186 jussu
391 4112 665 4167 Valeriani
699 4121 825 4168 ante
854 4115 1026 4184 ipsius
1058 4118 1298 4173 tribunal
1351 4121 1504 4176 stetit
1545 4140 1558 4177 :
1592 4123 1772 4189 Tune,

204 4207 381 4277 inquit
419 4205 841 4261 scelestissimus
881 4208 1202 4277 imperator,
1231 4226 1290 4265 es
1314 4211 1403 4267 ille
1437 4212 1771 4283 Stephanus,

204 4299 296 4369 qui
322 4296 728 4368 rempublicam
759 4309 1000 4352 nostram
1034 4300 1354 4369 perturbare
1384 4318 1448 4357 ac
1476 4305 1774 4362 dissolvere

207 4403 509 4461 aggressus
562 4402 643 4452 cs,
680 4389 885 4458 quique
934 4390 1179 4445 consiliis
1212 4400 1263 4446 et
1327 4396 1620 4467 praestigiis
1668 4398 1776 4454 tuis

204 4481 407 4535 suades
424 4480 651 4549 populo,
679 4488 736 4532 ut
762 4495 791 4532 a
817 4482 1041 4536 deorum
1073 4482 1219 4536 cultu
1241 4484 1548 4541 desciscat?
1575 4490 1775 4546 Adhtec

1858 2016 2198 2072 Christianos
2254 2019 2659 2082 consolabatur,
2724 2020 2871 2087 ipsos
2923 2018 3153 2072 hortans
3201 2028 3255 2073 et
3298 2034 3428 2074 cor-

1860 2102 2148 2169 roborans,
2184 2121 2253 2160 ne
2290 2117 2639 2177 tyrannorum
2670 2108 2844 2161 minas
2876 2117 2931 2163 et
2949 2118 3214 2162 tormenta
3242 2108 3428 2163 formi-

1864 2194 2075 2258 darent,
2096 2210 2218 2249 eum
2247 2197 2509 2251 Dominus
2529 2199 2643 2266 ipse
2674 2197 2817 2251 dicat
2852 2196 3069 2251 :Nolite
3105 2198 3288 2251 timere
3338 2216 3427 2252 eoa

1868 2288 1958 2352 qui
1975 2297 2199 2353 possunt
2226 2290 2461 2343 occidere
2496 2305 2704 2358 corpus,
2753 2288 2990 2342 animam
3019 2305 3139 2343 vero
3170 2306 3271 2343 non
3304 2307 3427 2359 pos—

1864 2388 1981 2430 sunt
2016 2380 2247 2432 occidere
2284 2397 2303 2433 .'
2329 2382 2505 2433 timete
2533 2381 2704 2443 illum,
2747 2382 2835 2450 qui
2877 2391 3043 2447 potest
3092 2390 3141 2433 et
3192 2384 3428 2436 animum

1867 2478 1915 2523 et
1944 2484 2130 2537 corpus
2158 2471 2371 2538 perdere
2410 2472 2463 2524 in
2493 2472 2778 2540 gehennam
2823 2472 2861 2523 ⁸.
2897 2471 2992 2525 His
3029 2472 3428 2527 adhortationi-

1869 2561 1971 2615 bus
2030 2561 2208 2615 bonus
2257 2563 2344 2616 ille
2394 2570 2579 2632 pastor
2621 2561 2868 2632 proprias
2901 2576 3031 2616 oves
3075 2564 3429 2626 confirmans.

1870 2652 2066 2706 obtulit
2095 2651 2311 2707 Christo
2336 2652 2445 2708 Deo
2470 2653 2834 2723 omnipotenti
2862 2653 3217 2708 oblationem.

1942 2744 2103 2800 XVII.
2136 2746 2205 2799 At
2242 2745 2437 2814 impius
2461 2746 2800 2806 Valerianus,
2834 2761 2956 2799 cum
2987 2756 3042 2800 et
3069 2746 3254 2801 Martis
3299 2757 3433 2801 tem-

1878 2838 2026 2906 plmn
2068 2850 2318 2890 eversum
2361 2836 2549 2901 fuisse,
2596 2845 2653 2890 et
2701 2835 3137 2892 Christianorum
3188 2840 3435 2893 multitu-

1875 2928 2055 2981 dinem
2103 2943 2225 2980 cum
2288 2928 2544 2997 pontifice
2606 2927 2881 2997 Stephano
2934 2943 3056 2982 esse
3104 2928 3425 2991 audivisset,

1878 3019 2023 3071 misit
2060 3017 2256 3091 milites
2284 3018 2441 3086 longe
2483 3017 2667 3085 plures
2700 3017 2785 3072 his
2835 3033 2973 3086 quos
3000 3028 3158 3072 antea
3190 3019 3433 3075 miserat.

1878 3111 1980 3177 Qui
2016 3127 2139 3167 eum
2179 3111 2476 3174 venissent,
2514 3110 2842 3164 invenerunt
2867 3111 3084 3164 beatum
3125 3105 3434 3181 poniiticem

1882 3202 2219 3271 Stephanum
2270 3201 2379 3254 Deo
2431 3200 2758 3254 sacrificium
2809 3200 3151 3257 oﬂerentem.
3218 3204 3434 3259 Illorum

1878 3302 2059 3347 autem
2086 3293 2323 3347 adventu
2347 3302 2567 3347 sanctus
2601 3292 2891 3364 cpiscopus
2922 3293 3059 3348 nihil
3091 3297 3438 3363 perturbatus

1876 3393 1980 3447 est,
2030 3384 2124 3436 sed
2165 3384 2458 3452 tranquillo
2491 3392 2547 3437 et
2601 3385 2788 3452 quieto
2841 3386 3025 3439 animo
3072 3384 3289 3440 Christo
3329 3388 3438 3442 Deo

1878 3475 2203 3529 sacrificium
2234 3475 2453 3539 obtulit,
2499 3485 2661 3545 atque
2702 3474 2904 3530 ibidem
2935 3476 3115 3545 capite
3148 3479 3439 3535 obtrunca—

1878 3576 1968 3622 tus
2003 3577 2107 3633 est,
2150 3577 2346 3636 quarto
2389 3567 2574 3622 Nonas
2630 3567 2880 3639 Augusti.
2938 3568 3231 3625 Christiani
3284 3588 3436 3634 vero.

1876 3658 1967 3727 qui
1989 3667 2147 3712 erant
2169 3657 2296 3720 illic,
2316 3672 2438 3709 cum
2459 3670 2517 3710 se
2546 3658 2637 3710 tali
2665 3667 2884 3725 pastore
2910 3660 3131 3714 orbatos
3154 3662 3435 3725 vidissent,

1877 3750 2074 3803 multas
2106 3749 2369 3818 lacrymas
2403 3746 2736 3802 effuderunt.
2783 3748 2916 3816 Ejus
2947 3759 3132 3804 autem
3175 3765 3440 3805 veneran-

1884 3839 2012 3893 dum
2054 3853 2255 3907 corpus
2324 3840 2379 3891 in
2435 3840 2523 3892 illa
2576 3840 2764 3893 eadem
2805 3848 2992 3910 crypta
3043 3841 3437 3911 deposuerunt.

1881 3932 1971 3987 ubi
2002 3940 2057 3986 et
2091 3931 2209 4002 ejus
2250 3932 2470 4000 sanguis
2504 3930 2710 3983 eil‘usus
2757 3932 2954 3994 fuerat,
2994 3932 3050 3984 in
3102 3936 3187 3986 via
3241 3936 3437 4004 Appia,

1879 4025 1931 4079 in
1962 4041 2065 4092 qua
2101 4035 2302 4096 martyr
2340 4024 2425 4079 ille
2450 4024 2620 4078 multa
2650 4036 2773 4077 cum
2805 4036 2937 4092 pace
2969 4027 3233 4094 requievit
3266 4027 3365 4099 (l).

1955 4117 2143 4172 XVIII.
2205 4118 2406 4173 Eodem
2462 4119 2548 4173 die
2618 4113 2819 4172 milites
2869 4116 3136 4172 idolorum
3198 4123 3437 4178 cultores

1876 4211 2162 4264 diaconum
2223 4210 2296 4278 (2)
2338 4211 2623 4278 quemdam
2708 4210 3054 4278 invenerunt,
3106 4212 3437 4270 Tharsitium

1876 4303 2121 4365 nomine,
2172 4302 2267 4372 qui
2316 4303 2662 4372 purissimum
2714 4306 2913 4359 Christi
2962 4321 3160 4374 corpus
3211 4308 3437 4363 ferebat.

1877 4396 2425 4467 Comprehenderunt
2479 4396 2645 4466 igitur
2694 4395 2846 4451 illum
2896 4397 3099 4450 milites
3149 4414 3161 4449 :
3212 4412 3442 4467 cumque

1879 4492 2150 4546 curiosius
2185 4491 2254 4544 ab
2275 4507 2341 4545 co
2370 4491 2730 4558 inquirerent,
2754 4493 3224 4561 quidnamsecum
3246 4492 3438 4553 ferret.

203 4578 427 4627 sanctus
457 4567 746 4638 episcopus
772 4566 1087 4637 Stephanus
1140 4576 1423 4640 respondit
1453 4595 1467 4631 :
1494 4576 1602 4646 Ego
1635 4593 1777 4632 rem-
1811 4588 1851 4641 ι)
1881 4591 1937 4635 et
1966 4581 2082 4649 ipse
2112 4581 2391 4650 indignum
2422 4582 2691 4649 judicaret
2720 4592 2847 4636 ante
2878 4598 3074 4651 porcos
3120 4584 3440 4652 margaritas

204 4664 482 4737 publicam
542 4676 653 4716 non
693 4662 975 4734 perturbo,
1031 4661 1127 4718 sed
1181 4663 1452 4719 admoneo
1485 4679 1541 4723 et
1590 4670 1777 4726 hortor

203 4770 397 4811 omnes
426 4753 700 4816 homines,
732 4763 793 4808 ut
820 4754 1098 4809 derelictis
1128 4752 1493 4825 daamonibus,
1526 4761 1615 4830 qui
1643 4762 1779 4818 ado-

206 4856 399 4901 rantur
450 4842 505 4898 in
539 4842 658 4896 istis
692 4844 889 4897 vestris
945 4845 1125 4911 idolis,
1162 4848 1228 4901 ad
1268 4863 1455 4903 verum
1522 4851 1686 4907 Deum
1717 4870 1775 4910 se

202 4944 559 4993 convertant.
599 4933 762 5005 Ergo,
796 4933 971 5001 inquit
1002 4936 1347 5003 Valerianus,
1379 4949 1435 4993 tu
1467 4944 1652 4996 statim
1687 4943 1772 4997 in-

204 5025 569 5082 terﬁciendus
594 5041 674 5091 es,
723 5034 785 5080 ut
817 5026 907 5079 alii
945 5028 1197 5098 exemplo
1232 5036 1327 5084 tuo
1373 5035 1769 5102 perterrefacti,

204 5118 538 5189 resipiscam
571 5125 627 5170 et
658 5121 863 5171 vivant.
899 5116 993 5173 His
1025 5120 1211 5187 dictis,
1240 5124 1403 5193 jussit
1432 5125 1483 5179 in
1511 5127 1767 5197 templum

204 5211 392 5265 Martis
445 5208 787 5279 Stephanum
852 5212 1165 5280 pontificem
1237 5215 1385 5279 duci,
1443 5227 1605 5289 atque
1661 5218 1773 5274 illic

206 5305 547 5359 sententiam
575 5303 640 5357 de
689 5302 781 5358 illo
835 5306 1201 5374 pronuntiari.
1240 5308 1447 5365 Ductus
1489 5323 1571 5366 est
1611 5312 1772 5382 igitur

314 5488 329 5519 ⁸
366 5482 557 5537 Matth.
592 5500 642 5543 κ,
670 5483 763 5539 28.

280 5646 357 5717 (l)
388 5646 515 5701 Lat.
533 5640 672 5717 _cod.
699 5658 729 5717 _t
765 5636 1088 5717 Sepelierunt
1112 5654 1297 5717 corpus
1330 5638 1457 5708 'ejm
1498 5654 1613 5717 curn
1651 5639 1767 5717 ipsa

202 5708 613 5781 sede'sanguine
659 5710 775 5776 ejus
815 5711 1104 5781 asperserit:
1135 5711 1315 5762 eadem
1343 5719 1546 5777 crypta,
1584 5708 1769 5761 inloco

203 5777 519 5862 qui-dieitur
545 5777 909 5862 Caepwteri‘unt
940 5780 1145 5862 Calis‘t'i.
1180 5798 1198 5829 ι

273 5858 350 5930 (ἐ)
387 5849 515 5908 Lat.
555 5849 678 5903 cod.
713 5850 1031 5904 nroiuthum.
1069 5848 1198 5901 Nam
1230 5863 1337 5905 non
1366 5848 1630 5906 acolutltis
1656 5846 1773 5902 lan-

529 5944 803 6005 PATBOL.
839 5944 949 6001 (frti.
992 5946 1158 6007 CXV.

1882 4670 2169 4742 projicere,
2202 4669 2345 4723 nulla
2384 4669 2589 4724 ratione
2623 4669 2817 4725 adduci
2851 4670 3047 4740 potuit,
3076 4679 3136 4723 ut
3160 4672 3443 4726 sanctissi-

1885 4777 2031 4828 mum
2067 4775 2130 4815 ac
2172 4761 2521 4831 purissimum
2560 4770 2956 4817 sacramentum
2992 4762 3219 4830 impuris
3261 4762 3440 4815 homi-

1883 4854 2042 4908 nibus
2073 4855 2358 4906 revelaret.
2399 4853 2573 4921 Virgis
2611 4853 2774 4923 igitur
2814 4865 2869 4906 et.
2903 4852 3173 4921 lapidibus
3202 4869 3441 4924 eousque

1881 4945 2215 4999 Tharsitium
2259 4944 2645 5004 contuderunt.
2684 4944 2860 5013 quoad
2913 4944 3167 5012 spiritqu
3219 4944 3438 5001 eiilavit.

1878 5036 2015 5093 Cum
2054 5052 2183 5091 vero
2210 5036 2329 5106 ejus
2357 5052 2555 5107 corpus
2589 5038 2839 5090 exanime
2874 5050 2969 5103 per
2998 5043 3199 5089 terram
3226 5037 3439 5091 voluta-

1882 5132 2055 5191 retur.
2087 5128 2290 5183 curiosi
2320 5138 2376 5183 et
2410 5129 2659 5198 sacrilegi
2693 5128 2893 5183 milites
2924 5141 3099 5197 neque
3146 5130 3250 5184 sub
3294 5128 3437 5183 ulnis

1883 5221 2022 5275 intra
2050 5219 2309 5286 manicas,
2340 5234 2515 5291 neque
2543 5220 2645 5274 sub
2676 5220 2915 5274 vestibus
2945 5218 3146 5289 aliquid
3193 5220 3440 5272 invenire

1887 5321 2201 5382 petuerunt.
2233 5310 2440 5367 Relicto
2467 5311 2629 5381 igitur
2677 5311 2775 5377 sic,
2833 5319 2893 5364 ut
2941 5320 3079 5374 erat“,
3130 5311 3441 5365 venerando

1881 5630 2017 5701 tum,
2056 5642 2147 5694 sed
2179 5654 2232 5696 et
2268 5643 2419 5699 laicis
2462 5646 2595 5719 olim
2616 5648 2999 5719 persecutier
3062 5659 3282 5719 urgente
3311 5663 3443 5704 con-

1877 5723 2089 5833 cessum
2119 5721 2235 5768 erat
2272 5724 2550 5785 acceptam
2584 5716 2636 5771 in
2666 5719 2904 5773 Ecclesia
2932 5716 3324 5777 Eucharistiam
3347 5720 3448 5773 do-

1879 5795 2025 5833 mum
2079 5797 2217 5833 orre.
2955 5801 2963 5806 ‘

1879 5795 2025 5833 mum
2059 5795 2217 5837 terre.
2955 5801 2963 5806 ’

3115 5952 3178 6016 17
