4158 6494
733 434 839 497 523

1976 434 2261 494 MENSIS
2301 440 2719 505 AUGUSTUS.
3864 461 3958 523 521

736 550 827 604 illo
868 546 1124 600 Tbarsitii
1157 559 1402 613 corpore,
1445 543 1611 596 multo
1645 558 1764 596 cum
1812 552 2028 610 stupore
2073 545 2295 615 aufugc-
2327 553 2372 609 Α
2402 555 2623 608 ctissimi
2657 556 2917 624 Stephani
2955 561 3224 627 pontificis
3253 572 3307 617 et
3345 565 3592 634 martyris
3621 567 3826 634 locum,
3865 571 3958 627 Xi-

735 651 882 704 runt,
909 650 963 692 et
993 639 1055 692 ad
1087 638 1274 706 Appia:
1309 637 1404 689 via:
1438 645 1647 704 portam
1686 635 1988 698 venientes,
2019 636 2287 689 Christia-

733 745 827 782 nos
845 728 1039 781 multos
1072 729 1416 780 invenerunt.
1444 724 1561 777 Mox
1598 715 1882 778 Valeriano
1909 740 2020 777 rem
2068 741 2284 780 onmem

729 835 1050 888 exposuere.
1082 818 1174 872 lllo
1207 827 1385 871 autem
1421 819 1537 886 ipso
1579 818 1665 870 dic
1697 816 1986 870 Christiani
2020 835 2285 872 veneran-

729 911 854 962 dum
886 911 1101 979 gloriosi
1135 910 1384 978 martyris
1413 908 1669 960 'l‘harsitii
1701 923 1895 976 corpus
1948 909 1999 962 in
2032 921 2286 964 cmmete-

731 1002 809 1052 rio
846 1002 1030 1054 Calisti
1088 1003 1139 1054 in
1179 1003 1259 1053 via
1315 1001 1488 1069 Appia
1542 1001 1934 1068 deposuerunt.
1995 1001 2121 1054 Post
2176 1001 2288 1056 haec

727 1092 1162 1147 Christianorum
1205 1093 1442 1145 Ecclesia
1476 1092 1527 1143 in
1568 1107 1733 1144 unum
1764 1093 2012 1154 collecta,
2068 1093 2120 1145 in
2157 1109 2285 1146 san-

2399 656 2538 699 stum
2579 648 2830 704 Romanae
2863 652 3012 706 urbis
3043 656 3356 724 episcopum
3381 659 3793 714 constituerunt
3818 677 3959 716 nono

2399 741 2673 794 Kalendas
2711 744 2984 811 Septemb.
3019 748 3178 799 tertio
3235 762 3380 803 anno
3422 749 3717 815 Valeriani,
3752 763 3807 807 et
3841 753 3959 808 Gal-

2397 831 2523 884 lieni
2556 834 2793 887 sccundo
2820 835 2893 905 (3)
2930 854 2941 888 :
2977 837 3029 890 in
3054 838 3208 892 nobis
3240 849 3418 894 autem
3445 853 3705 910 regnante
3731 845 3960 900 Domino

2400 934 2586 977 nostro
2624 924 2754 978 Jesu
2792 926 3012 981 Christo
3047 945 3060 982 :
3113 931 3196 984 cui
3236 931 3306 983 sit
3349 932 3517 1002 gleria
3557 943 3611 988 et
3671 935 3957 1005 imperium

2398 1032 2546 1071 nunc
2577 1026 2628 1071 et
2653 1023 2893 1087 semper,
2927 1031 2982 1074 et
3004 1021 3056 1074 in
3089 1024 3284 1076 saecula
3318 1026 3664 1080 seculorum.
3690 1031 3868 1083 Amen

803 1277 1158 1365 (ﬁl-Mendum
1197 1282 1286 1336 liic
1315 1283 1595 1352 irrepsisse
1625 1284 1739 1337 vult
1767 1283 2028 1336 Baronius
2057 1298 2199 1336 anno
2240 1281 2345 1336 260
2379 1288 2803 1358 ponendumque
2861 1306 3061 1346 annum
3099 1293 3362 1348 Valeriani
3421 1309 3669 1365 quartum
3726 1309 3781 1352 et
3843 1296 3959 1351 Gal-

728 1345 853 1400 lieni
890 1351 1130 1407 tertium.

1605 1572 1991 1580 .———————

1923 1741 2790 1856 ΜΑΡΤΥΡΙΟΝ

1283 1970 1509 2055 ΤΟΥ
1582 1969 1918 2055 ΑΓΙΟΥ
1993 1961 2763 2057 ΠΑΝΕΝΔΟΞΟΥ
2838 1969 3414 2058 ΜΑΡΤΥΡΟΣ

1968 2166 2714 2299 ΕΥΠΛΟΥ.

1906 2601 2780 2719 MARTYRIUM

1113 2854 1520 2943 SANCTI

1650 2851 2811 2957 GLORIOSISSIMIQUE

2955 2852 3567 2942 MABTYBIS

2027 3076 2651 3230 EUPLl.

1170 3347 1251 3408 (12
1273 3344 1505 3407 Augusti.
1532 3371 1589 3380 --
1613 3343 1683 3393 Ex
1717 3342 2053 3391 monumentis
2074 3339 2212 3390 Eccl.
2237 3342 2419 3392 Graiae
2451 3341 2592 3391 Joan.
2630 3341 2766 3401 Bapt.
2800 3340 3058 3404 Cotelerii,
3087 3348 3212 3391 tom.
3246 3343 3281 3399 l.
3315 3357 3362 3405 p.
3393 3342 3523 3403 19L)

786 3684 826 3738 1.
871 3679 1231 3749 Temporibus
1262 3673 1578 3729 Dionlcliani
1610 3682 1665 3726 et
1699 3670 2004 3723 Maximiani
2042 3670 2273 3738 impera-

2451 3665 2528 3720 A'.
2558 3667 2712 3718 Κατά
2743 3666 2868 3728 τοὺς
2899 3665 3121 3733 καιροὺς
3147 3666 3527 3737 Διοκλητιανοῦ
3559 3671 3648 3722 καὶ
3675 3671 3950 3744 Μαξιμια-

715 3787 913 3836 torum,
949 3782 1131 3826 tantus
1155 3768 1451 3823 idololatris
1470 3767 1650 3819 fervor
1670 3762 1942 3816 insederat
1964 3777 2056 3830 per
2087 3774 2275 3813 omnes

713 3868 963 3936 regiones
986 3873 1037 3916 ct
1072 3861 1296 3921 insulas,
1327 3869 1380 3911 ut
1414 3856 1555 3910 idola
1590 3864 1784 3908 cuncta
1813 3853 2276 3922 CfigCl‘CllLMlSC-

711 3964 839 4008 runt
869 3962 1047 4006 autem
1090 3953 1446 4019 imperatores
1488 3946 1775 4016 quemdam
1806 3945 2024 3997 nomine
2080 3943 2275 3995 Penta-

709 4060 903 4116 gurum
940 4044 991 4095 in
1025 4042 1160 4095 lines
1192 4039 1486 4109 provinciae
1528 4037 1746 4099 Siciliaa,
1783 4036 1872 4102 qui
1905 4035 2082 4087 omnia
2136 4031 2274 4087 idola

708 4139 962 4207 erigeret,
998 4130 1342 4187 Christianos
1375 4144 1504 4182 vero
1537 4130 1758 4195 impune
1793 4127 2129 4194 disperderet
2155 4141 2274 4193 gra-

708 4231 976 4298 vibusque
1032 4234 1306 4294 torqueret
1328 4222 1637 4292 suppliciis.
1692 4220 1913 4290 Utergo
1939 4220 2184 4290 pervenit
2210 4219 2276 4273 ad

706 4324 966 4376 Catanam
994 4319 1290 4382 civitatem,
1325 4315 1668 4369 Calvisianus
1692 4313 1757 4366 de
1785 4328 1933 4367 more
1961 4313 2100 4381 plebi
2129 4313 2276 4367 urbis

707 4415 966 4481 praecepit
1014 4411 1227 4466 obviam
1262 4407 1481 4478 prodire
1522 4406 1572 4458 ei
1605 4405 1696 4474 qui
1735 4405 1802 4458 ab
1859 4403 2277 4472 imperatoribus

708 4509 906 4561 missus
931 4508 1134 4560 fuerat.
1162 4505 1235 4556 Ea
1262 4502 1462 4572 quippe
1493 4500 1774 4570 gentilium
1803 4497 2144 4552 consuetudo
2172 4503 2273 4549 cst.

712 4600 774 4655 Et
804 4601 1081 4670 ingressus
1117 4605 1202 4651 est
1227 4592 1644 4664 Pentagurusin
1685 4591 1894 4644 urbem.
1926 4589 2077 4644 Tunc
2117 4587 2278 4658 jussit

708 4693 1049 4746 Calvisianus
1105 4687 1341 4743 tribunal
1404 4701 1563 4741 suum
1604 4683 1863 4737 constitui
1900 4682 1954 4734 in
2008 4682 2126 4735 loco
2185 4679 2275 4748 qui

708 4785 973 4838 Acbillius
1025 4782 1362 4852 appellatur;
1397 4778 1463 4831 ad
1513 4779 1629 4831 haec
1677 4789 1955 4844 praecones
1983 4773 2122 4826 mitti
2183 4786 2278 4841 per

710 4878 912 4946 plateas
941 4875 1196 4937 civitatis,
1228 4890 1336 4943 quo
1388 4870 1625 4926 universi
1679 4869 2057 4924 convenirent.

785 5131 852 5183 ll.
902 5132 1067 5201 Igitur
1094 5147 1215 5185 cum
1241 5131 1577 5200 Pentagurus
1609 5129 1663 5182 in
1703 5128 1972 5183 diabolico
2008 5143 2106 5183 suo
2138 5128 2276 5181 solio

711 5226 922 5277 sederet
975 5237 1078 5275 una
1131 5237 1252 5274 cum
1317 5221 1644 5284 Calvisiano,
1697 5222 1986 5277 universus
2044 5223 2276 5291 populus

706 5323 1062 5385 congregatus
1089 5325 1171 5370 est
1201 5325 1325 5370 ante
1353 5315 1588 5369 tribunal
1625 5331 1834 5368 eorum.
1892 5314 2051 5368 Tunc
2076 5315 2274 5368 Penta-

707 5421 870 5473 gurus
921 5408 1234 5478 postulavit,
1272 5408 1355 5462 his
1405 5407 1472 5461 ad
1509 5406 1875 5460 Calvisianum
1906 5406 2086 5460 verbis
2119 5421 2270 5459 usus:

707 5496 868 5554 lstine
897 5514 1087 5556 omnes
1131 5511 1356 5555 deorum
1388 5511 1702 5555 nostrorum
1731 5498 2048 5567 religionem
2083 5500 2272 5552 obser—

704 5593 874 5646 vant?
911 5592 1212 5662 Respondit
1260 5592 1607 5648 Calvisianus
1660 5593 1776 5644 sic:
1813 5591 2009 5645 Cuncti
2038 5590 2093 5645 hi
2127 5606 2267 5660 quos

702 5683 875 5749 pietas
935 5691 1022 5736 tua
1085 5682 1386 5749 conspicit,
1437 5682 1663 5735 deorum
1724 5690 2037 5734 nostrorum
2097 5680 2265 5736 cultui

702 5774 866 5828 dediti
897 5782 1046 5827 sunt.
1094 5775 1224 5839 Quae
1275 5781 1561 5843 postquam
1617 5770 1821 5826 audivit
1855 5787 1882 5824 a
1931 5771 2262 5839 Calvisiano,

701 5864 884 5919 turbas
923 5861 1083 5926 iussit
1112 5863 1335 5919 dimitti.
1397 5861 1597 5916 Deinde
1644 5861 1978 5934 Pcntagurus
2020 5864 2255 5918 edictum

2383 3758 2471 3810 νοῦ
2502 3758 2608 3808 τῶν
2647 3756 2937 3826 βασιλέων,
2973 3759 3215 3820 τοιοῦτος
3245 3759 3412 3828 θυμὸς
3440 3764 3505 3829 τῇ
3536 3763 3952 3836 εἰδωλολατρεῖᾳ

2381 3846 2597 3913 ἐγένετο
2627 3845 2749 3898 καθ’
2780 3846 3017 3914 ἑκάστην
3050 3846 3233 3915 χώραν
3260 3851 3354 3899 καὶ
3389 3850 3566 3916 νῆσον,
3603 3851 3744 3903 ὥστε
3779 3858 3952 3908 πάντα

2378 3939 2446 3990 τὰ
2472 3939 2663 3990 εἴδωλα
2692 3939 2984 4006 ἐξεγεῖραι.
3024 3937 3382 3992 Ἀπέστειλαν
3405 3941 3460 3993 δὲ
3492 3945 3537 3992 οἱ
3565 3943 3808 4010 βασιλεῖς
3839 3963 3953 4000 τινα

2377 4031 2598 4098 ὀνόματι
2648 4031 3026 4099 Πεντὰγουρον
3064 4031 3120 4082 ὲν
3162 4033 3277 4095 τοῖς
3327 4033 3496 4103 ὁρίοις
3544 4036 3642 4104 τῆς
3685 4039 3953 4109 ἐπαρχίας

2379 4123 2652 4186 Σικελίας,
2711 4125 2888 4176 πάντα
2937 4125 3006 4178 τὰ
3069 4126 3262 4178 εἴδωλα
3317 4128 3631 4196 ἐξεγεῖραι,
3683 4136 3778 4186 καὶ
3831 4136 3953 4196 τοὺς

2378 4214 2734 4284 Χριστιανοὺς
2757 4215 2944 4278 ἁθώως
2965 4215 3302 4285 ἀναλωθῆναι
3328 4221 3419 4269 καὶ
3441 4221 3638 4282 δειναῖς
3661 4227 3954 4292 τιμωρίαις

2381 4304 2795 4374 βασανισθῆναι.
2841 4305 2927 4369 Ὠς
2961 4306 3014 4359 δὲ
3046 4305 3282 4374 ἔφθασεν
3319 4311 3374 4362 ἐν
3404 4313 3468 4381 τῇ
3501 4314 3725 4367 Κατανα
3750 4334 3826 4371 ων
3861 4320 3955 4372 πός

2379 4396 2458 4447 λει
2483 4437 2496 4460 ,
2544 4396 2686 4448 κατὰ
2731 4396 2790 4447 τὸ
2825 4397 3013 4458 εἰωθὸς
3053 4398 3342 4451 ἐκέλευσεν
3373 4403 3398 4453 6
3435 4403 3802 4468 Καλϐισιανὸς
3842 4413 3954 4471 τοῖς

2379 4484 2554 4552 ὄχλοις
2569 4486 2668 4552 ’τῆς
2692 4485 2896 4547 πόλεως
2919 4487 3220 4556 ἀπάντησιν
3249 4492 3575 4559 ποιήσασθαι
3599 4495 3692 4546 τοῦ
3716 4495 3956 4553 amna.

2379 4577 2559 4640 λέντος
2592 4578 2694 4630 ὑπὸ
2720 4578 2827 4631 τῶν
2858 4577 3146 4648 βασιλέων,
3177 4580 3249 4640 ὡς
3277 4581 3396 4643 ἔθος
3421 4579 3487 4656 ἦν
3510 4585 3620 4638 τῶν
3659 4587 3955 4661 Ἑλλήνων.

2382 4673 2489 4724 Καὶ
2519 4673 2764 4743 εἰσῆλθεν
2791 4676 2817 4725 6
2863 4675 3236 4742 Πεντάγουρος
3267 4679 3321 4727 ὲν
3353 4679 3420 4746 τῇ
3462 4678 3637 4732 πόλει.
3667 4682 3803 4735 Τότε
3837 4687 3956 4738 ἐκέ-

2379 4764 2568 4815 λευσεν
2607 4769 2632 4817 6
2665 4764 3025 4827 Καλϐισιανὸς
3060 4765 3120 4817 τὸ
3151 4766 3505 4834 τριϐωνάλιον
3536 4771 3700 4823 αὑτοῦ
3733 4776 3954 4846 τεθῆναι

2381 4858 2438 4907 ἒν
2475 4855 2550 4924 τῷ
2578 4856 2725 4924 τόπῳ
2762 4856 2838 4925 τῷ
2881 4856 3162 4926 λεγομένῳ
3212 4859 3481 4930 Ἀχιλλίῳ.
3523 4862 3632 4915 Καὶ
3663 4865 3954 4922 ἐκέλευσεν

2382 4944 2626 5013 κήρυκας
2649 4945 3018 5016 ἀποσταλῆναι
3042 4950 3180 5002 κατὰ
3203 4953 3300 5015 τὰς
3323 4952 3580 5016 πλατείας
3599 4956 3695 5022 τῆς
3721 4958 3953 5025 πόλεως,

2308 5030 2348 5087 C
2381 5034 2519 5086 ὥστε
2546 5037 2749 5098 πάντας
2769 5040 3239 5110 συναθροισθῆναι,

2452 5127 2526 5179 B'.
2551 5128 2679 5180 Τότε
2712 5130 2738 5179 6
2772 5130 3144 5198 Πενταγουρος
3172 5133 3462 5198 καθεσθεὶς
3482 5137 3540 5190 ὲν
3563 5137 3640 5202 τῷ
3657 5141 3955 5213 διαϐολικῴ

2378 5223 2541 5277 αὑτοῦ
2573 5222 2746 5290 θρόνῳ
2790 5223 2887 5274 σὺν
2921 5224 2995 5291 τῷ
3028 5224 3402 5296 Καλϐισιανῷ,
3439 5232 3806 5305 συνηθροίσθη
3848 5241 3956 5298 τεᾶς

2377 5317 2402 5368 6
2433 5315 2557 5377 λαὸς
2586 5313 2892 5383 ἔμπροσθεν
2914 5314 3006 5368 τοῦ
3026 5314 3268 5386 βήματος
3292 5320 3488 5373 αὐτῶν.
3514 5321 3646 5374 Τότε
3666 5323 3858 5378 ἑκέλευ
3871 5344 3956 5378 sev

2375 5408 2402 5457 6
2459 5405 2860 5474 Πεντὰγουρος,
2911 5407 3082 5474 λέγων
3139 5409 3275 5477 πρὸς
3334 5409 3732 5466 Καλϐισιανόνο
3793 5413 3954 5471 Οὗτοι

2377 5497 2579 5557 πάντες
2620 5495 2720 5566 τὴν
2751 5497 2859 5548 τῶν
2893 5497 3025 5549 Θεῶν
3057 5499 3213 5567 ἡμῶν
3263 5500 3521 5568 λατρείαν
3575 5506 3952 5575 ἐπιτε).οὖσιν;

2386 5585 2731 5655 Ἀποκριθεὶς
2771 5587 2826 5639 δὲ
2856 5589 2883 5640 6
2916 5589 3274 5653 Καλόισιανδς
3305 5587 3456 5647 εἶπεν
3478 5611 3490 5624 ·
3526 5596 3766 5660 Τούτους
3818 5604 3953 5653 πάν-

2372 5694 2472 5740 τας
2492 5677 2582 5740 οὒς
2611 5677 2870 5749 καθορᾷὴ
2900 5679 2967 5748 σὴ
2989 5679 3238 5733 εὐσέϐεια
3258 5683 3356 5753 τὴν
3379 5685 3486 5736 τῶν
3513 5684 3651 5736 θεῶν
3671 5688 3837 5757 ἡμῶν
3862 5692 3955 5740 λα-

2372 5770 2556 5840 τρείαν
2578 5771 2938 5824 ἐπιτελοῦσιν.
2967 5769 3151 5824 Ταῦτα
3170 5772 3224 5826 δὲ
3250 5776 3490 5839 ἀκούσας
3513 5776 3617 5844 ὑπὸ
3645 5781 3954 5834 Καλϐισια-

2374 5862 2489 5930 νοῦ,
2515 5864 2766 5920 ἐκέλευσε
2802 5868 2928 5929 τοὺς
2957 5865 3147 5936 ὖχλοὺς
3181 5869 3541 5939 ἀπολυθῆναι.
3575 5863 3713 5928 Τότέ
3753 5877 3782 5926 ὁ
3815 5876 3954 5930 Πεν-
