4158 6512
770 448 875 512 527

2008 456 2293 516 MENSlS
2332 460 2758 524 AllGUSTUS.

3900 472 3993 534 $28

768 561 1033 616 dilaniant
1057 601 1070 623 ,
1102 561 1424 630 nudumque
1463 577 1546 614 me
1578 561 1963 617 voluntastare
1995 577 2122 619 ante
2144 568 2303 622 diabo

2405 588 2542 639 ,μου
2594 573 2968 639 καταξέονσιν,
3020 580 3113 630 καὶ
3171 582 3371 650 γυμνόν
3427 600 3491 652 με
3552 583 3831 653 βούλονται
3895 601 3991 637 πα-

769 654 929 707 licum
984 667 1145 705 suum
1196 650 1463 716 tribunal,
1513 652 1678 706 induc
1721 669 1805 707 mc
1865 668 2029 709 carne
2083 656 2333 712 incorru-

766 749 984 816 ptionis.
1009 763 1186 816 neque
1216 748 1441 801 istorum
1474 756 1741 802 tormenta
1772 750 2033 805 adversus
2080 768 2165 806 me
2193 770 2332 822 prm-

765 841 1144 897 valeant.Tum
1178 857 1279 897 vox
1315 856 1345 894 e
1380 840 1518 894 coelo
1565 840 1747 895 audita
1777 850 1882 905 cst,
1918 842 2225 913 huiusmodi
2262 846 2331 900 ad

764 953 887 990 eum
935 954 948 990 :
986 935 1231 1001 Conﬁde,
1266 935 1475 1005 Enple;
1510 936 1632 991 forti
1661 938 1734 993 sis
1782 940 1987 993 animo.
2044 938 2179 994 Nam
2210 957 2330 995 vera

763 1029 925 1083 vestis
952 1028 1045 1083 tibi
1095 1039 1393 1099 praeparata
1462 1043 1563 1086 est.
1629 1029 1757 1085 Post
1792 1032 1939 1100 quod
1991 1032 2332 1087 Calvisianus

759 1135 964 1188 praeses
993 1119 1130 1174 dixit
1168 1139 1180 1173 :
1223 1119 1316 1174 Vel
1359 1136 1503 1175 nunc
1550 1136 1656 1174 non
1685 1122 1943 1176 destitisti
1978 1123 2046 1176 ab
2078 1125 2194 1178 istis
2223 1125 2331 1178 tuis

763 1214 954 1284 nugis?
978 1213 1268 1283 Ingredere
1289 1253 1301 1277 ,
1337 1213 1441 1267 diis
1465 1215 1733 1279 sacriﬁca,
1800 1224 1856 1267 ut
1888 1215 2057 1268 multa
2087 1216 2228 1270 bona
2262 1219 2327 1271 ab

760 1307 977 1362 invictis
1019 1306 1437 1377 imperatoribus
1491 1307 1751 1376 accipias,
1792 1316 2089 1377 nosterque
2128 1310 2327 1364 evades

759 1400 1073 1463 amicus,et
1097 1399 1335 1469 ingentia
1381 1398 1599 1466 praemia
1670 1414 1764 1467 per
1814 1415 1909 1454 nos
1949 1402 2321 1469 consequeris.

757 1493 990 1547 Sanctus
1018 1490 1224 1561 Euplus
1250 1491 1325 1545 ita
1372 1490 1584 1545 locutus
1628 1502 1735 1545 est:
1774 1490 1830 1545 In
1866 1492 1967 1546 hoc
2019 1508 2319 1563 cognosce,

755 1583 1077 1653 perditionis
1102 1583 1175 1637 ﬁli
1198 1621 1213 1646 ,
1243 1584 1492 1651 operarie
1520 1583 1723 1637 diaboli
1749 1625 1762 1648 ,
1796 1585 1941 1654 quod
1969 1601 2105 1639 auro
2130 1600 2322 1654 argen-

755 1688 916 1747 toque
952 1678 1051 1731 hos
1083 1691 1275 1731 omnes
1309 1676 1549 1729 adducas
1580 1676 1643 1729 ad
1677 1677 1884 1730 cultum
1915 1676 2206 1730 idolorum.
2240 1675 2319 1728 Ad

757 1771 868 1825 hrec
894 1771 972 1824 ira
998 1784 1259 1824 accensus
1299 1778 1561 1839 tyrannus
1595 1767 1939 1821 Calvisianus
1962 1808 1975 1831 ,
2037 1766 2318 1835 imperavit

755 1862 975 1917 mallcos
999 1860 1275 1921 fabricari,
1303 1869 1357 1914 et
1378 1859 1653 1914 verberari
1678 1875 1837 1913 crura
1866 1859 2030 1913 illius.
2058 1859 2163 1914 Sed
2193 1860 2321 1914 bea-

2440 666 2703 734 ραστῆσαι
2760 668 2848 719 ἐπὶ
2888 669 2945 720 τ’)
3000 669 3305 724 διαϐολικὶν
3360 674 3539 726 αὐτῶν
3579 675 3751 744 βῆμα,
3786 673 3993 727 ἐνδυτόν

2442 772 2507 822 με
2550 758 2724 824 σάρκα
2754 757 3080 827 ἀφθαρσίας,
3111 763 3203 815 καὶ
3234 763 3307 833 μὴ
3337 764 3401 816 τὰ
3427 764 3630 817 τούτων
3660 764 3872 833 βάσανα
3919 765 3995 815 ιν.

2441 844 2731 913 ισχύσωσιν
2755 847 2839 898 ἐπ’
2860 848 2979 917 ὲμέ.
3006 852 3110 903 Καὶ
3136 853 3284 923 φωνὴ
3306 853 3364 917 ἐξ
3398 853 3627 923 οὐρανοῦ
3649 854 3895 923 ἠκούσθη
3912 854 3992 905 λέ-

2434 949 2603 1000 γουοα
2630 936 2763 1005 πρὸς
2794 938 2976 989 αὐτόν·
3001 939 3219 1008 Θάρσει,
3250 939 3447 1009 Εὗπλε,
3476 944 3565 995 καὶ
3594 944 3749 1012 ῑσχυε
3771 958 3786 974 ο
3813 946 3874 994 τὸ
3898 944 3993 1011 γάρ

2435 1022 2638 1093 ἔνδυμα
2674 1026 2732 1079 τὸ
2762 1027 3013 1096 ἀληθινὸν
3041 1033 3348 1101 ἡτοιμάσθη
3393 1051 3496 1087 σοι.
3526 1034 3659 1085 Τότε
3694 1032 3993 1085 Καλϐισια-

2436 1110 2522 1174 νὸς
2556 1115 2582 1165 ὁ
2612 1114 2850 1185 ἔπαρχος
2890 1112 3045 1169 εἶπεν
3067 1136 3082 1150 ο
3129 1119 3243 1172 Κᾶν
3280 1120 3373 1172 νῦν
3402 1123 3502 1174 οὐκ
3532 1122 3776 1189 ἀπέστης
3808 1123 3873 1173 εκ
3902 1117 3995 1187 τῆς

2432 1203 2700 1276 φλυαρίας
2728 1224 2818 1260 σου
2845 1223 2858 1271 ;
2904 1209 3153 1275 Εῖσελθε,
3193 1214 3288 1263 καὶ
3318 1212 3477 1291 θῦσον
3505 1216 3615 1275 τοῖς
3645 1212 3791 1274 θεοῖς
3815 1228 3829 1241 ’
3854 1214 3993 1271 ὅπως

2431 1296 2602 1350 πολλά
2647 1298 2826 1366 ἀγαθὰ
2870 1302 3017 1371 παρά
3055 1303 3165 1355 τῶν
3209 1305 3492 1376 ἀηττήτων
3544 1304 3810 1374 βασιλέων
3861 1305 3993 1354 ἀπο-

2428 1385 2590 1457 λήψῃ,
2629 1391 2721 1443 καὶ
2759 1392 2913 1462 ήμῶν
2960 1394 3111 1461 φίλος
3153 1396 3271 1465 ἔσῃ,
3317 1398 3409 1449 καὶ
3445 1396 3644 1460 πολλὰς
3683 1397 3994 1467 ἀντιλήψεις

2428 1478 2558 1547 παρ’
2598 1482 2756 1549 ἡμῶν
2789 1485 3083 1555 άποτεύξῃ.
3134 1488 3191 1539 '0
3236 1490 3389 1555 ἅγιος
3423 1485 3636 1549 Εὖπλος
3674 1484 3830 1539 εἶπεν
3856 1502 3869 1515 ·
3914 1488 3993 1538 Ἑν

2427 1570 2599 1640 τούτῳ
2619 1571 2807 1638 γνῶθι,
2832 1575 3031 1644 υἱὲτῆς
3057 1577 3354 1640 ἀπωλείας,
3377 1578 3583 1646 ὲργάτα
3604 1578 3698 1631 τοῦ
3721 1577 3989 1638 διαϐόλου.

2427 1662 2507 1714 ὅτι
2549 1665 2606 1715 ὲν
2647 1667 2837 1735 χρυσῷ
2877 1669 2971 1721 καὶ
3007 1669 3235 1740 ἀργύρῳ
3269 1670 3492 1733 τούτους
3530 1670 3737 1734 πάντας
3786 1670 3991 1731 πείθεις

2426 1760 2750 1821 προσκυνεῖν
2780 1761 2847 1811 τά
2893 1761 3107 1815 εἴδωλα.
3155 1762 3298 1831 Πρὸς
3326 1761 3498 1815 ταῦτα
3531 1762 3807 1831 θυμωθεὶς
3837 1766 3866 1816 6
3900 1763 3990 1816 τύ-

2427 1861 2619 1915 ραννος
2648 1848 3027 1915 Καλΰισιανδς,
3057 1853 3314 1906 ἐκέλευσε
3348 1852 3559 1924 σφύρας
3591 1854 3869 1922 γενέσθαι,
3904 1854 3991 1905 καὶ

756 1965 841 2007 tus
873 1951 1078 2021 Euplus
1120 1952 1286 2005 istum
1320 1951 1507 2005 habuit
1544 1965 1886 2006 sermonem:
1925 1951 2154 2018 lnsanc,
2190 1953 2306 2006 insi-

2424 1940 2541 1999 ταῖς
2576 1941 2811 2008 κνήμαις
2833 1943 3157 2000 τύπτεσθαι.
3196 1947 3254 2000 '0
3281 1947 3336 2000 δὲ
3371 1947 3644 2017 μακάριος
3676 1943 3890 2008 Εὖπλος
3921 1942 3992 1997 εἴ·

752 2046 937 2113 piens,
967 2045 1129 2099 corde
1153 2059 1316 2111 caece,
1352 2060 1450 2098 cur
1486 2043 1619 2098 mihi
1667 2042 1835 2099 infers
1879 2052 2145 2097 tormenta
2186 2044 2319 2099 tua?

749 2138 805 2192 Si
832 2146 1016 2207 potes,
1045 2137 1165 2191 aliis
1202 2136 1488 2205 suppliciis
1517 2151 1752 2206 propera
1791 2150 1878 2192 me
1908 2135 2142 2192 allicere.

723 2475 728 2479 _
816 2401 1040 2457 V.Tunc
1066 2404 1133 2457 ad
1165 2403 1299 2458 iram
1331 2413 1640 2459 concitatus
1665 2414 1926 2474 tyrannus
1945 2404 2311 2469 Calvisianus,

740 2494 901 2562 jussit
930 2494 1149 2548 beatum
1191 2495 1422 2563 Euplum
1482 2495 1751 2553 devinciri
1777 2536 1792 2559 ,
1821 2504 1874 2548 et
1918 2510 2172 2564 magnum
2210 2497 2312 2549 im-

742 2587 1177 2656 maculatumque
1210 2585 1565 2656 Evangelinm
1618 2586 1820 2656 alligari
1860 2588 1999 2642 collo
2028 2588 2177 2657 ejus,
2210 2589 2312 2643 sic-

739 2696 844 2750 que
876 2680 1033 2750 quasi
1085 2696 1182 2750 per
1238 2680 1534 2735 ludibrium
1583 2680 1777 2736 abduci
1829 2680 1881 2733 in
1924 2697 2220 2736 carcerem.
2252 2682 2308 2736 lu

738 2787 897 2841 quem
944 2774 1189 2841 ingresso
1213 2772 1374 2826 beato
1427 2773 1630 2842 Euplu,
1666 2772 2305 2847 prmcepitCalvisianus,

738 2866 882 2919 fores
910 2864 1145 2917 carceris
1194 2864 1398 2933 signari
1431 2866 1633 2920 annulo
1666 2869 1787 2933 ejus
1813 2904 1827 2928 ,
1889 2876 2055 2931 utque
2105 2866 2306 2921 milites

734 2954 985 3016 eumdem
1016 2969 1293 3009 carcerem
1344 2954 1531 3008 sedulo
1568 2955 1925 3008 custodirent.
1959 2952 2095 3008 Cum
2124 2965 2302 3009 autem

735 3050 920 3103 beatus
941 3045 1147 3117 Euplus
1167 3047 1217 3100 in
1248 3061 1469 3102 carcere
1500 3055 1709 3116 septem
1740 3047 1855 3101 dies
1885 3064 1949 3103 ac
1971 3056 2176 3116 septem
2205 3063 2302 3102 no-

728 3150 845 3193 etes
873 3138 1243 3206 transegissct,
1268 3138 1358 3193 siti
1388 3141 1552 3207 coepit
1582 3138 1848 3193 laborare.
1912 3139 2175 3203 Quocirca
2210 3155 2302 3191 ex-

735 3232 902 3283 tensis
922 3231 1171 3286 manibus
1199 3231 1375 3284 oravit
1407 3249 1418 3281 :
1451 3230 1591 3283 Here
1625 3230 1852 3283 Domine
1880 3229 2009 3284 Jesu
2053 3231 2299 3296 Christe,
2333 3271 2373 3297 η

736 3337 891 3378 verus
922 3323 1065 3377 Deus
1098 3331 1306 3385 noster,
1330 3321 1420 3390 qui
1452 3321 1546 3377 das
1572 3336 1749 3377 escam
1782 3320 1929 3374 omni
1959 3321 2163 3382 carni‘,
2209 3320 2301 3389 qui
2331 3300 2374 3331 υ

730 3428 820 3481 per
854 3413 1085 3483 Moysem
1120 3430 1335 3469 servum
1370 3424 1521 3468 tuum
1554 3413 1676 3468 [iliis
1705 3412 1917 3467 lsraetis
1947 3426 2097 3481 aqua:
2123 3413 2300 3465 abnn-
2343 3466 2354 3484 I

728 3508 963 3562 dantiam
994 3506 1217 3575 largitus
1236 3521 1295 3559 es
1323 3509 1373 3568 ’,
1393 3508 1482 3574 qui
1507 3504 1861 3574 Sampsonem
1902 3520 1997 3573 per
2016 3519 2208 3573 aquam
2236 3518 2297 3557 ex

731 3597 943 3652 maxilla
1004 3598 1253 3651 eductam
1284 3596 1570 3663 irrorasti',
1593 3597 1683 3666 qui
1729 3596 2013 3651 laititicasti
2047 3611 2146 3651 nos
2174 3612 2297 3669 pre-

726 3692 862 3743 tioso
917 3689 1259 3757 maximeque
1324 3689 1557 3759 glorioso
1616 3690 1965 3759 baptismate,
2030 3693 2119 3760 qui
2173 3693 2296 3749 Jor-

725 3785 916 3838 danico
944 3784 1149 3837 ﬂuento
1180 3793 1235 3836 et
1260 3785 1480 3836 lavacro
1510 3783 1635 3834 vita:
1663 3783 1989 3836 immortalis
2016 3786 2177 3837 etiam
2203 3801 2295 3838 su-

726 3891 819 3946 per
855 3886 1050 3930 terram
1111 3875 1416 3930 contrivisti
1468 3873 1793 3939 inimicum;
1835 3883 1892 3939 tu
1942 3874 2058 3944 ipse
2114 3891 2290 3941 nunc,

728 3966 950 4026 nomine
988 3965 1118 4021 Jesu
1174 3966 1426 4028 Christe,
1478 3965 1686 4033 impera
1726 3962 1928 4017 fontem
1967 3980 2119 4034 aquae
2158 3965 2293 4020 vivae

722 4062 984 4115 scaturire
1018 4076 1082 4114 ex
1146 4072 1365 4113 carcere
1431 4056 1670 4119 hoc,de
1717 4070 1820 4124 qua
1877 4058 2112 4110 exsatier
2161 4073 2177 4122 ;
2234 4065 2292 4111 ut

721 4162 1014 4224 agnoscant
1043 4151 1224 4207 cuncti
1253 4193 1267 4215 ,
1297 4166 1404 4204 non
1437 4163 1561 4203 esse
1595 4146 1763 4202 Deum
1786 4149 1952 4202 alium
1987 4158 2185 4218 praeter
2216 4158 2287 4214 te,

723 4242 966 4298 Domine.
1019 4241 1171 4296 Hanc
1202 4256 1416 4311 precem
1450 4254 1574 4293 cum
1614 4238 1701 4292 ille
1753 4237 2168 4308 complevisset,
2200 4254 2288 4291 re-

721 4343 878 4399 pente
915 4349 1067 4403 aqua:
1109 4331 1263 4400 c0pia
1305 4333 1445 4382 intra
1484 4340 1761 4383 carcerem
1819 4328 2097 4393 manavit;
2132 4328 2287 4397 isque

716 4427 900 4494 gratiis
955 4427 1089 4480 actis
1149 4424 1319 4484 bibit,
1351 4431 1406 4475 et
1464 4421 1778 4491 gloriﬁcans
1835 4426 2117 4483 sanctam,
2159 4436 2288 4475 con-

711 4519 1126 4576 substantialem
1148 4557 1163 4580 ,
1202 4513 1469 4569 viviﬁcam
1546 4510 1862 4566 Trinitatem
1887 4552 1901 4575 ,
1947 4513 2110 4582 erepit
2140 4513 2283 4581 psal-

2424 2046 2559 2083 πεν·
2627 2034 2852 2103 Ἄφρων
2915 2038 3011 2088 καὶ
3066 2039 3295 2090 ἁσύνετε
3353 2043 3447 2099 καὶ
3505 2042 3677 2107 mn
3728 2045 3797 2111 τῇ
3863 2056 3992 2109 καρ-

2420 2124 2531 2193 δίᾳ,
2561 2126 2611 2177 τί
2645 2143 2733 2195 μοι
2780 2128 3069 2198 ὲπιφέρεις
3108 2131 3206 2193 τὰς
3256 2130 3520 2201 βασάνους
3547 2148 3676 2197 σονς
3730 2135 3795 2185 Et
3841 2135 3991 2186 δυνα·

2418 2216 2510 2266 τόν
2561 2218 2641 2269 σοί
2702 2220 2883 2283 ἐστιν,
2943 2221 3132 2291 ἑτέρας
3204 2221 3468 2291 βασάνους
3539 2224 3837 2291 ἐπενέγκαι
3906 2242 3988 2294 μοι

2425 2323 2681 2364 σπευσον.

2486 2401 2563 2457 Ε’.
2602 2403 2732 2453 Τότε
2769 2402 3045 2472 θυμωθεὶς
3077 2406 3104 2456 6
3142 2405 3404 2476 τύραννος
3438 2407 3804 2471 Καλϐισιανδς
3828 2450 3842 2472 ,
3875 2410 3988 2460 ἐκέ-

2412 2488 2604 2545 λευσεν
2645 2493 2866 2561 δεθῆναι
2907 2496 2994 2548 τὸν
3043 2500 3314 2567 μακάριον
3360 2498 3590 2565 Εὖπλον,
3624 2503 3717 2553 καὶ
3755 2504 3816 2553 τὸ
3849 2504 3986 2571 μέγα

2413 2582 2683 2652 ἄχραντον
2704 2586 3033 2655 Εὑαγγέλιον
3052 2591 3269 2660 δεθῆναι
3290 2593 3380 2645 ἐπὶ
3401 2593 3490 2645 τὸν
3508 2594 3780 2663 τράχηλον
3798 2595 3985 2657 αὑτοῦ,

2412 2677 2506 2723 καὶ
2529 2672 2603 2737 ὡς
2630 2676 2720 2728 ἐπὶ
2760 2679 3142 2749 ἐμπαίγματος
3168 2685 3477 2751 ἀπάγεσθαι
3502 2688 3662 2738 αὑτὸν
3690 2689 3749 2738 ὲν
3786 2690 3866 2758 τῷ
3888 2688 3981 2740 6:-

2411 2767 2727 2837 σμωτηρίῳ.
2746 2769 3089 2832 Εἰσελθόντος
3108 2773 3162 2825 δὲ
3185 2775 3279 2826 τοῦ
3304 2778 3574 2847 μακαρίου
3598 2777 3669 2829 Εὖ
3682 2779 3814 2831 πλον
3840 2787 3895 2833 ἐν
3923 2784 3981 2850 τῇ

2410 2856 2967 2925 φυ).ακῇ,,ὲκέλευσεν
2996 2862 3023 2911 6
3049 2863 3411 2925 Καλϐισιανὸς
3452 2866 3863 2934 σφραγισθῆναι
3891 2876 3982 2939 την

2408 2945 2580 3016 θύραν
2623 2946 2717 3000 τοῦ
2759 2948 3139 3021 δεσμωτηρίου
3180 2954 3258 3023 τῷ
3296 2954 3611 3025 δακτυλιδίίει
3652 2960 3843 3025 αὑτοῦ,
3894 2964 3981 3013 καὶ

2406 3041 2741 3109 στρατιώτας
2780 3043 3035 3111 ἀσφαλῶς
3081 3046 3373 3113 φυλάττειν
3416 3051 3514 3119 τὴν
3560 3051 3831 3123 ιρυλακήν.
3879 3056 3981 3108 Καὶ

2408 3133 2637 3200 ποιήσας
2662 3136 2689 3184 6
2722 3136 2988 3202 μακάριος
3020 3138 3229 3199 Εὓπλος
3267 3143 3324 3192 ἐν
3359 3144 3423 3209 τῇ
3452 3144 3666 3213 φυλακῇ
3688 3146 3828 3198 ἑπτά
3851 3150 3983 3216 ἠμέ-

2409 3237 2507 3290 ρας
2527 3222 2621 3275 καὶ
2646 3225 2784 3276 ἑπτὰ
2806 3225 3027 3291 νύκτας,
3049 3228 3323 3298 ἐδίψησεν.
3370 3230 3642 3297 Ἐκτείνας
3665 3236 3721 3291 δὲ
3740 3241 3839 3302 τὰς
3874 3245 3983 3311 χεῖ-

2408 3329 2505 3381 ρας
2530 3315 2691 3368 αὑτοῦ
2721 3319 2747 3369 6
2776 3319 3039 3388 μακάριος
3071 3320 3283 3385 Εἱπλος
3314 3321 3464 3378 εἶπεν
3485 3346 3498 3360 -
3530 3330 3777 3382 Δέσποτα
3813 3336 3854 3383 l'\
3868 3336 3979 3401 υριι

2416 3407 2589 3475 Ἰησοῦ
2620 3411 2843 3479 Χριστὲ,
2880 3414 2906 3463 6
2934 3415 3185 3482 ἀληθινὸς
3223 3417 3354 3479 Θεὸς
3388 3422 3563 3487 ἡμῶν,
3594 3424 3620 3472 6
3647 3422 3825 3485 ὁδοὺς
3854 3442 3977 3495 τρο-

2408 3500 2515 3567 φὴν
2547 3502 2699 3574 πάσῃ
2728 3506 2909 3573 σαρκὶ,
2941 3508 2968 3557 6
2990 3506 3077 3558 διὰ
3102 3508 3387 3571 Μωῦσέως
3414 3511 3507 3565 τοῦ
3525 3513 3861 3583 θεράποντος
3884 3537 3974 3571 σου
4010 3570 4015 3573 ν

2400 3590 2576 3657 δώτας
2603 3596 2924 3668 πλησμονὴν
2949 3598 3155 3653 ὑδάτων
3176 3604 3291 3665 τοῖς
3319 3604 3451 3667 υἱοῖς
3475 3606 3714 3675 Ἰσραὴλ,
3737 3613 3768 3663 6
3792 3613 3976 3681 δροσε-

2399 3701 2498 3748 σας
2526 3687 2616 3739 τον
2643 3689 2878 3758 Σαμψὼν
2908 3691 3061 3746 ὕδατι
3092 3698 3154 3747 ὲκ
3176 3700 3449 3763 σιαγόνος,
3472 3700 3501 3751 6
3521 3702 3801 3769 εὐφράνας
3829 3709 3975 3775 ἡμᾶς

2396 3778 2474 3845 τῷ
2493 3781 2660 3849 τιμίῳ
2682 3786 2771 3833 καὶ
2793 3783 3129 3855 ὑπερενδόξῳ
3151 3787 3509 3857 βαπτίσματι,
3530 3794 3644 3861 δτῴ
3666 3794 3975 3869 Ἰορδανείῳ

2398 3869 2600 3939 ῥείθρῳ
2632 3872 2725 3924 καὶ
2749 3871 2958 3944 λουτρῷ
2990 3876 3090 3945 τῆς
3123 3876 3395 3935 ἀθανάτου
3425 3881 3571 3952 ζωῆς
3601 3891 3695 3937 καὶ
3736 3889 3974 3959 ὶπὶγῆς

2394 3960 2485 4053 τον
2534 3962 2814 4053 ἀλλότριον
2868 3969 3198 4037 συντρίψαςο
3264 3974 3361 4026 καὶ.
3408 3973 3501 4027 νῦν
3551 3978 3735 4045 αὐτὸς,
3798 3983 3971 4053 Κύριε

2408 4052 2581 4121 Ἰησοῦ
2607 4055 2829 4123 Χριστὲ,
2851 4058 3113 4113 κέλευσον
3136 4064 3199 4115 ἐκ
3222 4065 3315 4117 τοῦ
3341 4064 3719 4136 δεσμωτηρίου
3751 4052 3971 4139 τούτου,

2396 4140 2589 4235 ὓδατος
2620 4146 2802 4217 πηγὴν
2848 4149 3048 4213 ζῶντος
3096 4155 3378 4221 ἐκϐλύσαι,
3421 4162 3514 4211 καὶ
3553 4162 3613 4226 ἐξ
3655 4164 3827 4217 αὐτοῦ
3875 4168 3970 4235 ἑμ-

2394 4232 2697 4303 πλησθῆναί
2738 4254 2803 4307 με
2825 4278 2839 4303 ,
2878 4240 2963 4292 ἵνα
2997 4242 3166 4310 γνῶσι
3209 4245 3404 4308 πάντες
3435 4249 3516 4301 ὅτι
3547 4253 3646 4303 οὐκ
3685 4253 3804 4308 ἐστι
3835 4232 3966 4321 Θεδς

2390 4327 2547 4387 ἄλλος
2578 4327 2714 4398 πλὴν
2743 4329 2858 4394 σοῦ,
2893 4331 3085 4401 Κύριε.
3120 4336 3228 4387 Καὶ
3261 4337 3646 4407 πληρῶσαντος
3676 4346 3843 4398 αὐτοῦ
3870 4348 3968 4417 τὴν

2390 4418 2554 4510 ενξχὴν
2585 4420 2789 4489 ταύτην
2811 4460 2825 4483 ,
2862 4424 3015 4489 ἄφνω
3055 4427 3286 4493 ἀνῆλθεν
3327 4431 3613 4502 πλησμονὴ
3646 4434 3843 4500 ὕδατος
3878 4440 3966 4491 ἐν·

2388 4508 2540 4561 δοθεν
2581 4510 2677 4580 τῆς
2727 4513 2996 4583 φυλακῆς.
3050 4516 3159 4568 Καὶ
3202 4519 3605 4593 εὐχαριστήσας
3640 4525 3827 4580 ἔπιεν·
3873 4535 3967 4585 καὶ

712 4609 858 4668 lere,
904 4622 966 4660 ac
1014 4605 1341 4660 ineffabilem
1411 4602 1507 4657 Dei
1564 4618 1687 4670 erga
1738 4603 1983 4655 homines
2040 4616 2276 4655 amorem

2405 4602 2613 4666 ῑοξάσας
2632 4606 2907 4675 τὴνλὰγίαν
2929 4610 3017 4662 καὶ
3041 4612 3323 4679 ὁμοούσιον
3341 4619 3432 4668 καὶ
3452 4617 3713 4681 ζωοποιδν
3733 4624 3965 4694 Τριὰδα,

704 4698 959 4756 laudibus
987 4698 1280 4752 celebrare.

775 4875 862 4929 Vl.
926 4874 1191 4928 Ceterum
1236 4882 1358 4942 post
1415 4884 1625 4943 septem
1684 4875 1803 4929 illos
1855 4876 2017 4937 dies,
2083 4875 2279 4928 iterum

706 4967 983 5023 mandavit
1007 4965 1360 5031 impiissimus
1398 4966 1769 5030 Calvisiauus,
1802 4968 2019 5020 beatum
2053 4966 2281 5035 Euplum

708 5058 946 5109 vinctum
987 5054 1109 5108 duci
1150 5053 1215 5107 ad
1267 5052 1516 5106 tribunal.
1564 5053 1809 5124 Cumque
1866 5055 2091 5125 profecti
2144 5055 2280 5109 fuis-

704 5155 825 5201 sent
860 5146 1075 5200 lictores
1100 5186 1114 5211 ,
1155 5156 1209 5200 et
1266 5145 1609 5214 aperuissent
1647 5163 1940 5213 carcerem,
1995 5148 2280 5202 confestim

708 5238 959 5291 viderunt
1004 5251 1262 5303 aquarum
1310 5237 1661 5292 alliuentiam.
1695 5238 1893 5293 Verum
1944 5241 2138 5295 beatus
2169 5241 2279 5293 Eu-

706 5330 820 5396 plus
846 5344 1043 5399 aquam
1075 5329 1344 5396 increpuit
1370 5344 1559 5392 manu,
1610 5328 1804 5398 illaque
1830 5332 2071 5385 evanuit.
2109 5332 2278 5396 Quam

702 5436 812 5475 rem
844 5421 898 5473 in
928 5435 1149 5474 carcere
1179 5430 1383 5491 gestam
1437 5422 1616 5475 intuiti
1670 5423 1953 5485 satellites,
2025 5423 2281 5477 dixerunt

699 5514 840 5568 inter
870 5528 933 5568 se
972 5532 985 5568 :
1025 5516 1243 5583 Magnus
1270 5525 1350 5569 est
1379 5516 1525 5570 Deus
1555 5515 1792 5569 hominis
1814 5519 1987 5571 istius.
2024 5517 2089 5570 Et
2142 5517 2275 5570 ed'u-

697 5617 842 5661 ctum
886 5606 1112 5662 Beatum
1155 5623 1183 5662 e
1225 5621 1466 5673 carcere,
1496 5610 1844 5664 adduxerunt
1882 5614 1948 5665 ad
1981 5611 2273 5665 Calvisiani

701 5700 957 5757 tribunal.
991 5698 1096 5767 Qui
1131 5700 1183 5755 in
1218 5701 1411 5758 faciem
1489 5703 1630 5756 beati
1660 5700 1821 5771 Ευριί
1882 5706 2066 5758 oculos
2096 5703 2267 5772 conji-

804 5885 820 5917 ⁸
854 5884 997 5939 l’sal.
1030 5901 1221 5952 cum,
1461 5888 1478 5919 ’
1508 5886 1676 5943 Exod.
1711 5904 1841 5953 xvn,
1872 5890 1923 5944 6.

2376 4693 2579 4762 ἤρξατο
2605 4694 2826 4763 ψάλλειν
2858 4700 2953 4752 καὶ
2984 4704 3151 4753 αἰνεῖν
3193 4707 3291 4773 τὴν
3322 4707 3530 4773 ἄφατον
3560 4712 3729 4763 αὑτοῦ
3769 4693 3968 4781 catlas-

2380 4784 2652 4853 θρωπξαν.

2453 4874 2543 4944 q’.
2574 4879 2682 4931 Καὶ
2716 4882 2855 4948 μετά
2888 4883 2986 4946 τὰς
3015 4885 3152 4938 ἑπτὰ
3192 4890 3426 4959 ἡμέρας,
3458 4892 3713 4947 ἐκέλευσε
3745 4899 3910 4951 πάλιν
3938 4904 3967 4954 6

2380 4970 2744 5034 ἁσεῦέστατος
2794 4974 3195 5043 Καλϐισιανδς,
3256 4981 3476 5049 δέσμιον
3532 4986 3624 5038 τὸν
3685 4996 3967 5060 μακάριον

2383 5060 2593 5114 Εὗπλον
2655 5063 2887 5134 ἀχθῆναι
2941 5068 3255 5139 ἔμπροσθεν
3311 5073 3404 5125 τοῦ
3468 5075 3709 5147 βήματος
3768 5084 3964 5141 αὑτοῦ.

2395 5154 2763 5210 ’Λπελθόντων
2794 5158 2849 5210 δὲ
2884 5161 2992 5211 τῶν
3024 5162 3336 5231 ὑπηρετῶν,
3372 5170 3464 5220 καὶ
3503 5172 3834 5235 ἀνοιξάντων
3863 5181 3966 5247 τὴν

2384 5245 2653 5313 φυλακὴν,
2696 5251 2849 5317 ἄφνω
2894 5247 3032 5303 εἶδον
3078 5258 3175 5322 τὴν
3227 5258 3550 5330 πλησμονὴν
3594 5264 3689 5315 τοῦ
3743 5245 3963 5336 ὕδατος.

2394 5337 2656 5433 Ἐπιτιμή
2670 5360 2756 5403 σας
2782 5343 2837 5393 δὲ
2870 5344 2930 5395 τὸ
2956 5345 3098 5416 ὕδωρ
3120 5349 3147 5399 6
3173 5352 3450 5422 μακάριος
3479 5350 3686 5420 Εὗπλος
3718 5364 3783 5430 τῇ
3815 5367 3965 5433 χειρὶ

2383 5430 2567 5526 agas,
2604 5434 2805 5504 ἀφανὲς
2840 5438 3076 5503 ἐγένετο.
3123 5441 3344 5505 ’Ῑδὸντες
3375 5445 3430 5496 δὲ
3464 5446 3523 5499 τδ
3552 5452 3775 5517 γεγονὸς
3806 5456 3865 5507 ἐν
3895 5430 3964 5526 τζῇ

2384 5524 2596 5593 φυλακῇ
2639 5530 2686 5579 οἱ
2728 5528 3018 5596 ὑπηρέται,
3072 5534 3151 5592 εἱς
3198 5535 3460 5606 ἀλλήλους
3498 5539 3685 5605 ἔλεγον
3712 5558 3725 5570 ⁶
3768 5524 3967 5613 Μέγας

2379 5618 2526 5667 ἐστὶν
2557 5618 2584 5667 6
2615 5620 2745 5681 θεὸς
2774 5620 2864 5672 τοῦ
2895 5622 3181 5693 ἀνθρώπου
3218 5627 3431 5685 τούτου.
3472 5632 3580 5683 Καὶ
3610 5635 3968 5703 παραλαϐὁνο

2378 5726 2464 5769 τες
2494 5708 2581 5760 τδν
2606 5714 2879 5784 μακάριον
2904 5715 2967 5766 ὲκ
2990 5716 3082 5769 τοῦ
3106 5717 3505 5792 δεσμωτηρίου,
3532 5723 3771 5795 ἤνεγκαν
3798 5732 3965 5783 αὑτὸν

2051 5892 2069 5923 ³
2098 5892 2272 5949 Judit‘.
2308 5909 2394 5961 XV,
2437 5898 2519 5953 10.
