4158 6530
163 481 268 544 529

1258 476 1545 538 OllATlO
1587 474 1686 537 DE
1723 475 2009 537 SANCTA
2053 475 2327 534 MARIA.

3317 473 3423 536 530

159 589 478 660 ἔμπροσθεν
519 590 611 642 τοῦ
652 589 896 659 βήματος
951 587 1339 642 Καλϐισιανοῦ.
1392 589 1504 641 Καὶ
1548 587 1742 658 ἐμϐλέ-

1849 587 2031 643 ciens:
2094 585 2300 640 Saltem
2356 597 2540 650 nunc,
2607 583 2799 654 inquit,
2869 582 3113 638 sacriﬁca
3177 580 3281 636 diis
3321 595 3423 634 no-

153 685 262 749 ψας
305 682 388 744 εἰς
423 681 486 733 τὸ
526 681 820 751 πρόσωπον
854 680 948 732 τοῦ
992 679 1265 750 μακαρίου
1301 677 1517 731 Εὕπλου
1555 675 1740 732 εἶπεν·

156 770 274 824 Κᾶν
315 770 416 823 νῦν
458 770 621 825 θῦσον
659 773 772 835 τοῖς
806 769 948 832 θεοῖς
981 770 1161 839 ἡμῶν,
1206 769 1312 839 πρὸ
1354 770 1447 823 τοῦ
1477 769 1554 839 τῷ
1599 769 1744 839 ξίφει

158 880 212 914 σε
238 863 616 932 ὶναλωθῆναι.
656 865 716 916 'O
741 863 795 916 δὲ
818 863 972 930 ἅγιος
997 858 1206 924 Εὗπ).ος
1228 857 1382 915 εἶπεν
1402 879 1415 892 ·
1450 862 1741 931 Παράνομε

156 957 250 1007 καὶ
281 955 457 1023 τυφλὲ
486 959 549 1023 τῇ
589 955 802 1025 καρδίᾳ,
835 956 1040 1024 ὲργάτα
1069 955 1163 1007 τοῦ
1194 954 1461 1016 διαϐόλου,
1492 955 1585 1007 καὶ
1618 954 1742 1006 σύν-

155 1047 317 1115 θρονε
367 1048 562 1108 αὐτοῦ,
612 1049 695 1110 τίς
742 1049 923 1118 παρεᾷ
963 1048 1024 1101 τὸ
1071 1048 1184 1116 φῶς
1232 1050 1326 1118 τῆς
1369 1047 1600 1117 ἡμέρας,
1649 1048 1744 1100 καὶ

162 1141 460 1210 πορεύεται
491 1143 548 1192 ἐν
577 1144 640 1210 τῇ
672 1142 893 1212 σκοτίας
927 1139 1111 1194 Ταῦτα
1146 1136 1238 1194 οὖν
1269 1140 1508 1201 ἀκούσας
1536 1139 1741 1192 Καλϐι-

158 1233 346 1293 sine;
401 1233 431 1284 ὁ
483 1231 770 1301 τύραννος,
823 1234 1124 1304 ἐταράχθη,
1177 1234 1271 1287 καὶ
1327 1233 1581 1285 ἐκέλευσε
1632 1233 1744 1293 τοῖς

157 1324 471 1391 ὑπηρέταις
527 1324 689 1377 αὐτοῦ
749 1324 969 1393 δεθῆναι
1019 1325 1110 1377 τὸν
1172 1325 1440 1395 μακάριον
1492 1321 1742 1387 Εὖπλον,

155 1415 252 1467 καὶ
316 1416 570 1485 σιδηραῖς
613 1414 855 1483 mum;
909 1416 1008 1480 τὰς
1040 1416 1210 1478 ἀκοὰς
1268 1413 1569 1476 πιέζεσθαι.
1634 1413 1744 1465 Καὶ

155 1508 391 1574 ἄγουσιν
428 1507 593 1560 αὑτὸν
635 1508 726 1560 ἐπὶ
751 1508 812 1560 τὸ
872 1507 1056 1576 βῆμαο
1114 1507 1210 1559 καὶ
1260 1507 1502 1575 συνήχθη
1550 1507 1659 1568 πᾶς
1716 1505 1742 1556 ὁ

155 1600 283 1660 λαὸς
322 1598 434 1650 τῶν
467 1614 525 1649 τε
567 1598 780 1650 πιστῶν
819 1598 925 1651 καὶ·
954 1597 1223 1660 ἀπίστων,
1263 1597 1336 1658 ὡς
1373 1598 1462 1648 ἐπὶ
1503 1596 1745 1665 μεγῖστῳ

157 1690 422 1758 Θεὰματι.
479 1691 539 1744 '0
578 1691 633 1743 δὲ
671 1691 1038 1754 ἀσεϐέστατος
1080 1691 1451 1752 Καλϐισιανδς
1490 1690 1743 1743 ἑκέ).ευσε

154 1780 386 1850 τεθῆναι
419 1782 511 1834 τὸν
541 1782 734 1849 θρόνον
765 1781 928 1834 αὑτοῦ
967 1781 1196 1846 πλησίον
1227 1784 1325 1848 τῆς
1369 1779 1614 1847 φυλακῆς
1643 1779 1742 1847 ἒμ-

155 1873 402 1941 προςθεν
435 1873 530 1924 τοῦ
563 1873 789 1940 λουτροῦ
817 1871 910 1923 τοῦ
942 1872 1093 1933 ὄντος
1134 1871 1361 1938 πλησίον
1401 1872 1568 1939 αὐτῆς
1602 1872 1743 1922 κατὰ

1846 680 1972 734 stris
1991 721 2005 745 ,
2035 689 2324 749 antequam
2349 675 2526 748 gladio
2558 675 2861 747 perimaris.
2881 674 3182 744 Respondit
3203 683 3423 728 sanctus

1847 773 2053 840 Euplns
2076 791 2084 823 :
2110 772 2380 841 improbe,
2406 787 2546 826 caece
2569 771 2733 825 corde
2756 769 3026 832 ,ministcr
3052 768 3253 823 diaboli
3273 767 3421 837 ejus-

1845 880 1950 932 que
1980 865 2126 918 socie
2155 864 2205 917 in
2233 863 2368 918 solio
2390 906 2402 926 ,
2462 864 2583 933 quis
2612 862 2717 917 diei
2745 862 2925 916 lumen
2959 859 3245 928 relinquit,
3279 867 3338 912 nt
3367 859 3420 912 in

1849 955 2090 1009 tenebris
2113 955 2391 1009 ambulet?
2424 953 2518 1009 His
2548 955 2752 1008 auditis
2780 952 3418 1020 Calvisianustyrannus,

1847 1056 2151 1100 commotus
2183 1056 2266 1101 est
2309 1087 2323 1111 ,
2352 1061 2416 1100 ac
2464 1045 2659 1100 indixit
2712 1045 2976 1100 ministris
3008 1044 3122 1097 suis
3153 1084 3166 1105 ,
3193 1043 3413 1096 beatmn

1850 1138 2080 1208 Euplum
2107 1139 2297 1209 ligari,
2353 1149 2517 1209 atque
2575 1138 2763 1193 ferreis
2812 1137 3028 1192 uncinis
3085 1152 3247 1190 aures
3302 1136 3420 1205 ejus

1852 1230 2139 1284 contundi.
2177 1231 2391 1289 Ducunt
2413 1246 2539 1298 ergo
2571 1231 2718 1284 illum
2757 1230 2821 1283 ad
2854 1229 3093 1285 tribunal
3122 1246 3134 1280 :
3167 1227 3421 1282 convenit

1849 1336 1977 1375 vero
2008 1322 2297 1376 universus
2325 1324 2560 1392 populus
2588 1330 2694 1376 tam
2755 1317 2992 1374 fidelium
3025 1335 3187 1388 quam
3228 1317 3420 1371 inﬁde-

1849 1411 1976 1464 lium
2002 1452 2015 1475 ,
2050 1411 2201 1482 quasi
2239 1397 2628 1465 ad'maximnm
2675 1410 3068 1480 spectaculum.
3103 1407 3172 1460 At
3205 1407 3422 1475 impiis-

1845 1503 2016 1557 simus
2051 1505 2389 1559 Calvisianus
2438 1503 2609 1559 voluit
2639 1504 2834 1558 solium
2887 1517 3047 1556 suum
3110 1501 3234 1570 poni
3266 1500 3418 1567 juxta

1847 1611 2164 1662 Cat-ceram,
2206 1613 2389 1654 coram
2461 1595 2676 1652 lavacro
2733 1596 2874 1665 quod
2935 1595 3141 1649 carceri
3209 1593 3420 1662 adjacet

1847 1708 2033 1748 versus
2070 1691 2376 1746 meridiem.
2425 1690 2668 1758 Cumque
2709 1691 2940 1744 sedisset
2989 1702 3154 1756 super
3193 1687 3416 1755 impium

1846 1786 2038 1840 solium
2070 1799 2226 1839 suum
2258 1826 2271 1849 ,
2301 1784 2464 1852 jussit
2517 1783 2735 1839 beatum
2777 1781 3007 1850 Euplum
3052 1780 3226 1849 capite
3266 1787 3418 1831 trun-

1850 1877 1981 1929 cari.
2023 1874 2120 1929 l-lic
2169 1890 2302 1930 vero
2338 1875 2560 1945 impium
2591 1875 2824 1930 maxime
2873 1872 3157 1943 praesidem
3192 1869 3417 1940 rogavit.

157 1965 536 2034 μεσημϐρίαν.
565 1966 673 2017 Kal.
698 1963 1054 2026 καθεσθέντος
1085 1963 1248 2016 αὐτοῦ
1272 1963 1363 2015 ἐπὶ
1394 1959 1486 2015 τοῦ
1515 1962 1742 2025 ἀσεϐοῦς

1850 1980 1908 2020 ιιι
1937 1967 2196 2036 temporis
2233 1968 2574 2021 intervallum
2613 1967 2712 2037 ipsi
2743 1965 2808 2020 ad
2841 1963 3169 2034 precandum
3218 1975 3419 2016 concc-

155 2054 325 2108 αὐτοῦ
354 2056 570 2123 Θρόνου,
599 2054 886 2108 ἐκέλευσεν
913 2053 1421 2122 ἀποκεφαλισθῆναι
1445 2056 1534 2108 τὸν
1563 2057 1742 2123 μακά-

157 2166 274 2220 ριον
316 2145 551 2203 Εὔπλον.
592 2149 650 2201 '0
697 2148 754 2201 δὲ
809 2148 1079 2217 μακάριος
1129 2142 1339 2210 Εῦπλος
1400 2149 1742 2218 παρεκάλεσε

154 2240 248 2292 τὸν
293 2239 662 2293 ἀσεϐέστατον
701 2239 1089 2305 Καλϐισιανδν,
1118 2232 1304 2292 λα’ὁεῖν
1335 2239 1496 2293 αὐτὸν
1535 2241 1742 2308 διορίαν

153 2331 248 2384 τοῦ
281 2331 714 2396 προσεύξασθαι.
753 2333 862 2384 Καὶ
891 2332 1106 2394 ἀνοίξας
1135 2331 1195 2383 τὸ
1227 2330 1381 2398 ἅγιον
1413 2330 1745 2398 Εὑαγγέλιον

155 2423 248 2474 τοῦ
300 2421 466 2485 Θεοῦ,
513 2423 716 2493 ῆρξατο
761 2422 1117 2490 ἁναγγέλλειν
1157 2423 1253 2485 τὰς
1295 2421 1740 2492 θαυματουργίας

155 2513 248 2566 τοῦ
298 2513 512 2582 Κυρίου
581 2515 738 2585 ἡμῶν
788 2513 963 2583 Ἰησοῦ
993 2515 1249 2584 Χριστοῦ.
1290 2514 1400 2567 Kal.
1445 2514 1633 2566 πολλοὶ
1677 2514 1740 2566 ἐκ

153 2603 252 2658 τοῦ
292 2606 457 2676 ὄχλου
497 2607 878 2675 ἐφωτίσθησαν
915 2606 983 2657 δι’
1025 2605 1212 2658 αὑτοῦ.
1252 2604 1360 2657 Ka‘t
1403 2605 1540 2672 μετὰ
1569 2602 1741 2656 ταῦτα

158 2696 628 2763 προσευξάμενος,
659 2698 863 2767 ἤκουσε
895 2698 1078 2765 φωνῆς
1103 2694 1161 2761 ἐξ
1186 2692 1416 2764 οὐρανοῦ
1444 2694 1708 2763 λεγούσης
1728 2709 1740 2721 ·

1848 2056 2090 2110 duretur.
2119 2058 2322 2124 Quare,
2355 2068 2543 2128 aperto
2567 2065 2754 2110 sancto
2790 2057 2882 2110 Dei
2926 2054 3217 2124 Evangelio
3239 2092 3251 2112 .
3281 2065 3418 2119 pra!-

1847 2148 2027 2200 dicarc
2060 2149 2226 2218 ccepit
2261 2148 2477 2202 Domini
2517 2149 2685 2203 nostri
2712 2149 2838 2203 Jcsu
2887 2148 3087 2202 Christi
3137 2144 3418 2203 miracula,

1846 2241 1978 2293 adeo
2017 2249 2073 2294 ut
2106 2255 2134 2294 e
2167 2241 2322 2308 plebe
2370 2241 2520 2294 multi
2559 2256 2653 2309 per
2690 2255 2812 2294 eum
2854 2237 3135 2293 illuniinati
3185 2235 3402 2289 iuerint.

1846 2329 2039 2385 Postea
2077 2348 2200 2388 cum
2219 2341 2444 2396 orasset,
2459 2331 2664 2386 audivit
2689 2346 2878 2386 vocem
2897 2346 2927 2384 e
2943 2330 3082 2384 cmlo
3107 2329 3416 2382 dicentem:

1853 2426 2000 2480 Bono
2029 2430 2104 2482 sis
2145 2431 2354 2495 animo,
2399 2431 2605 2500 Euple;
2651 2430 2840 2484 beatus
2893 2444 2950 2482 es
2999 2437 3089 2491 tu;
3139 2425 3298 2485 veni,
3337 2440 3422 2477 rc-

1851 2517 2071 2587 quiesce
2100 2533 2221 2571 cum
2258 2519 2325 2571 iis
2370 2520 2462 2587 qui
2489 2520 2556 2572 ab
2616 2518 2772 2571 initio
2810 2518 3096 2585 hucusque
3145 2512 3274 2567 mihi
3305 2511 3419 2580 pla-

1853 2616 2104 2662 cuerunt.
2142 2608 2380 2662 Tandem
2421 2617 2643 2677 accepta
2697 2608 2964 2662 sententia
2990 2645 3003 2670 ,
3051 2619 3146 2673 per
3184 2602 3417 2673 gladium

1852 2699 2110 2768 martyrio
2141 2710 2551 2754 consummatus
2575 2709 2680 2754 est.

158 2787 389 2857 Θάρσει,
432 2787 609 2843 Enim;
633 2805 650 2823 ⁸
686 2792 781 2845 καὶ⁹
817 2793 1088 2863 μακάριος
1124 2788 1174 2845 εἴ
1225 2792 1325 2845 σύο
1365 2791 1544 2861 δεῦρο,
1580 2791 1935 2846 ἕπαναπαύου
1972 2797 2108 2864 μετὰ
2151 2797 2260 2849 τῶν
2310 2798 2405 2849 ἀπ’
2433 2797 2624 2859 αἰῶνος
2656 2793 3136 2863 εὐαρεστητάντων
3175 2806 3283 2859 μοι.
3313 2788 3421 2839 Καὶ

156 2885 340 2940 λαϐὼν
371 2888 472 2957 τὴν
505 2889 806 2957 ἀπόφασιν,
839 2889 1129 2960 ἐτελειώθη
1159 2888 1247 2941 διὰ
1285 2889 1379 2940 τοῦ
1416 2889 1621 2957 ξίφους.

225 2977 301 3033 Z'.
345 2979 508 3042 Τινὲς
546 2979 602 3031 δὲ
638 2981 751 3031 τῶν
792 2980 1150 3050 φι).οχρίστων
1194 2979 1445 3048 μοναχῶν
1485 2977 1740 3048 λαϐόντες

156 3072 215 3124 τὸ
253 3072 444 3140 τίμιον
471 3071 638 3126 αὑτοῦ
678 3071 968 3140 λείψανον,
1025 3071 1316 3124 κατέθεντο
1351 3070 1484 3123 αὐτὸ
1524 3071 1580 3122 ὲν
1615 3071 1736 3121 ἐπι-

158 3165 320 3231 σήμῳ
348 3165 522 3233 τόπῳ,
566 3166 622 3215 ὲν
657 3159 701 3230 ᾧ
736 3166 942 3233 ἰάματα
972 3163 1370 3217 ἐπιτελοῦνται.
1419 3161 1740 3232 Ἐτελειώθη

154 3253 208 3303 6';
260 3250 437 3303 αὑτοῦ
481 3254 513 3320 ἡ
565 3254 850 3322 μαρτυρία
889 3255 946 3304 ὲν
993 3253 1131 3320 καλῇ
1182 3253 1442 3322 ὁμολογίᾳ
1487 3252 1619 3321 μην)⁵
1641 3253 1745 3304 Αὐ-

155 3343 378 3414 γούστῳ
417 3342 714 3416 δωδεκάτῃ,
747 3345 804 3396 ἐν
840 3343 918 3410 τῷ
954 3345 1180 3412 ὀνόματι
1225 3344 1316 3395 τοῦ
1353 3344 1553 3412 Κυρίου
1587 3327 1746 3412 ἡμῶν

165 3437 344 3507 Ἰησοῦ
397 3438 659 3508 Χριστοῦ,
713 3431 817 3505 ᾧή
860 3438 984 3503 δόξα
1024 3440 1120 3492 καὶ
1161 3438 1222 3490 τὸ
1271 3438 1493 3508 κράτος,
1528 3437 1626 3489 σὺν
1668 3435 1747 3506 τῷ

155 3530 333 3598 “arpi.
378 3531 475 3581 καὶ
513 3530 592 3596 τῷ
630 3529 773 3597 ἁγίῳ
805 3531 1108 3598 Πνεύματι,
1136 3531 1230 3584 νῦν
1277 3530 1372 3584 καὶ
1419 3529 1505 3582 ἀεὶ
1545 3528 1639 3582 καὶ
1668 3528 1748 3592 εἰς

153 3621 280 3684 τοὺς
309 3621 526 3682 αἰῶνας
553 3621 662 3673 τῶν
687 3622 920 3675 αἰώνων.
954 3622 1150 3692 Ἀμήν.

161 3791 312 3808 ..-

159 3795 3221 3826 ww

1920 2975 2027 3029 Vll.
2061 2975 2289 3042 Quidam
2321 2993 2498 3032 veroe
2533 2976 2734 3033 Christi
2757 2977 3088 3032 amatoribus
3115 2975 3418 3038 monachis.

1846 3069 2109 3138 pretiosas
2157 3071 2274 3140 ejus
2325 3069 2578 3142 reliquias
2647 3073 2928 3138 collectas,
2967 3071 3338 3141 deposuerunt
3365 3071 3417 3124 lu

1846 3157 1964 3213 loco
1997 3160 2190 3230 insigni
2217 3179 2232 3216 :
2265 3162 2353 3216 ubi
2383 3166 2694 3218 morborum
2725 3167 3038 3219 curationes
3059 3173 3416 3235 peraguntur.

1849 3249 2015 3306 Porro
2043 3251 2163 3320 ejus
2191 3255 2505 3324 martyrium
2535 3257 2587 3308 in
2616 3257 2868 3325 praeclara
2899 3257 3241 3311 confessione
3263 3270 3416 3310 com-

1851 3342 2051 3409 pletum
2080 3344 2179 3400 fuit
2230 3346 2556 3402 duodecimo
2581 3349 2670 3402 die
2703 3351 2905 3404 mensis
2937 3348 3157 3419 Augusti
3188 3368 3200 3415 ;
3235 3347 3286 3402 in
3327 3365 3424 3403 no-

1852 3434 1998 3488 mine
2025 3435 2235 3490 Domini
2262 3441 2429 3494 nostri
2453 3440 2580 3493 Jesu
2606 3440 2830 3506 Christi,
2859 3443 2944 3494 cui
2964 3443 3129 3510 gloria
3161 3457 3222 3494 ac
3241 3442 3414 3510 impe-

1854 3523 1996 3584 rium
2016 3570 2030 3595 ,
2061 3545 2182 3584 cum
2209 3529 2368 3586 Patre
2394 3541 2447 3585 et
2475 3541 2664 3586 sancto
2689 3530 2916 3602 Spiritu,
2948 3548 3092 3587 nunc
3125 3542 3178 3588 et
3207 3531 3421 3601 semper

1855 3630 1916 3682 et,
1945 3623 1997 3674 in
2031 3622 2228 3677 srecula
2263 3619 2604 3674 saeculorum.
2664 3619 2855 3674 Amen.

3241 3795 3406 3808 -ι-ι-

1570 3975 2027 4066 ORATIO

297 4170 456 4241 Qum
496 4169 715 4225 tractat
745 4180 780 4225 ο
813 4164 1176 4229 venerando
1208 4172 1449 4252 ortu_et
1488 4167 2327 4252 educationesa‘nctissimm
2366 4170 2651 4234 Domina)
2685 4171 2928 4235 Nostrae
2961 4172 3270 4252 Deiparas,

1334 4248 1406 4308 Et
1435 4257 1576 4308 ortu
1612 4247 1836 4308 Christi
1875 4249 1989 4309 Dei
2024 4252 2248 4325 nostri,

810 4329 882 4389 Et
917 4343 1319 4404 quaecunque
1341 4328 1772 4409 contigerunt
1802 4326 1879 4385 ad
1911 4329 2227 4409 vivificum
2259 4331 2393 4409 ejus
2414 4329 2781 4395 decessum.

638 4408 707 4466 Et
742 4414 1042 4484 praeterea
1079 4405 1401 4488 quomodo
1438 4405 1500 4463 in
1536 4413 1822 4482 apertum
1862 4407 2102 4488 prolata
2140 4408 2220 4488 sit
2257 4405 2531 4487 pretiosa
2565 4415 2700 4488 ejus
2748 4411 2961 4472 vestis.

667 4483 1308 4565 thuemadm’odum
1343 4483 1437 4544 lue
1471 4499 1712 4561 magna).
1755 4483 1913 4562 opes
1945 4484 2125 4548 fuere
2155 4483 2521 4549 Chrisuanis
2555 4483 2918 4550 reconditae.

421 4607 697 4668 Auctore
728 4609 1021 4686 Symeone
1062 4607 1501 4684 Metaphraste,
1537 4610 1646 4685 qui
1676 4611 2199 4686 gravissimorum
2231 4614 2495 4673 Patrum
2522 4613 2732 4673 utitur
2767 4616 3162 4676 testimoniis.

163 4773 329 4836 (Apud
353 4773 568 4825 Surium
601 4774 660 4823 ad
689 4775 1162 4843 dicmlﬁAugusti.
1207 4776 1586 4843 —Fragm_e_r_|ta
1637 4775 1803 4843 Graeca
1847 4777 2084 4843 nonnulla
2104 4775 2426 4843 _subje_cimus
2471 4795 2583 4843 qua
2605 4785 2806 4843 exstant
2845 4783 2895 4831 in
2939 4784 3122 4834 Catena
3163 4783 3221 4830 ad
3277 4781 3418 4834 Luca

880 4835 1204 4896 Evangelium
1227 4851 1372 4897 quam
1392 4835 1552 4887 edidit
1576 4837 1704 4885 card.
1745 4839 1876 4899 Aug.
1914 4836 2008 4887 Mai
2031 4837 2080 4886 in
2104 4835 2225 4891 Ver
2251 4841 2440 4890 δίων-ι’.
2469 4835 2588 4892 tom.
2615 4842 2722 4904 ΙΙ.)

226 5164 266 5219 1.
303 5161 615 5234 Oportebat
668 5177 858 5217 revera
905 5161 1177 5234 Virginem
1204 5205 1218 5226 ,
1274 5165 1414 5221 sicut
1457 5165 1575 5237 ipsa
1634 5167 1730 5222 Dei
1761 5172 1810 5232 υ
1838 5187 1962 5240 que,
1999 5172 2114 5228 Filii
2144 5175 2346 5232 cedens
2368 5175 2599 5248 legibus,
2659 5182 2869 5246 gratum
2921 5176 3122 5232 habere
3156 5178 3229 5242 id,
3272 5181 3416 5248 quod

163 5256 224 5308 ad
249 5255 509 5310 homines
542 5256 757 5309 venturi
792 5257 1009 5310 inventa
1039 5265 1121 5311 est
1147 5255 1368 5325 dignum
1391 5266 1447 5311 et
1477 5259 1587 5313 Deo
1618 5275 1749 5314 con-

165 5347 392 5401 veniens
429 5346 835 5409 habitaculum,
897 5349 967 5402 ita
1016 5364 1165 5403 nunc
1214 5349 1359 5403 illam
1411 5349 1478 5403 ad
1515 5353 1748 5408 encomii

164 5447 550 5510 argumentum
599 5438 759 5491 nobis
815 5439 1178 5509 propositum,
1241 5442 1457 5512 dignam
1507 5441 1744 5513 linguam

163 5547 280 5586 esse
321 5541 706 5593 consecutam,
740 5545 861 5598 qua:
891 5547 979 5586 res
1008 5533 1130 5600 ejus
1159 5532 1435 5602 eleganter
1476 5547 1740 5602 narraret,

164 5633 214 5676 et
240 5617 671 5677 convenientem
720 5622 769 5677 ei
807 5623 1018 5679 laudem
1064 5624 1300 5680 aﬂ'errct.
1338 5625 1443 5680 Sed
1475 5629 1736 5697 quoniam

162 5730 264 5783 quo
294 5716 404 5770 hoc
447 5719 535 5767 cst
566 5715 764 5782 majus,
799 5731 863 5769 eo
896 5717 1171 5772 diﬂicilius
1215 5719 1468 5786 explicari
1527 5726 1737 5787 potest,

165 5822 257 5875 pro
297 5806 515 5862 viribus
547 5804 739 5861 saltem
771 5809 932 5863 alacri
975 5810 1156 5864 animo
1187 5811 1360 5865 danda
1407 5819 1490 5866 est
1535 5825 1695 5879 opera
1727 5853 1740 5877 ,

168 5905 220 5949 ut
253 5907 507 5953 texamus
541 5897 662 5965 ejus
692 5896 1077 5957 laudationem.
1114 5901 1224 5957 Scit
1279 5902 1422 5957 enim
1458 5903 1571 5973 ipsa
1604 5917 1740 5971 quo-

1853 5262 1910 5316 lit
1950 5281 2046 5333 pro
2083 5266 2310 5321 viribus.
2348 5266 2647 5322 Dicendum
2683 5276 2767 5322 est
2817 5283 2978 5338 ergo,
3016 5278 3071 5323 et
3123 5270 3416 5341 diligenter

1847 5356 2202 5423 narrandum,
2232 5368 2287 5413 et
2321 5358 2466 5413 unde
2493 5371 2608 5414 orta
2641 5359 2728 5423 sit,
2749 5375 2885 5429 quos
2917 5371 3172 5429 parentes
3210 5364 3414 5418 habue-

1847 5448 1954 5508 rit,
2004 5447 2181 5516 deque
2229 5449 2554 5503 educatione
2607 5450 2760 5518 ejus,
2814 5457 2869 5502 et
2919 5449 3028 5505 line
3081 5453 3244 5506 vitas:
3283 5453 3415 5522 quin

1842 5537 2004 5590 etiam
2039 5554 2380 5608 quaecunque
2420 5541 2493 5593 illi
2525 5542 2867 5611 contigerunt
2909 5557 2976 5596 ex
3021 5544 3202 5597 divina
3233 5544 3418 5599 Provi-

1848 5629 2031 5683 dentia
2089 5640 2144 5685 et
2180 5634 2394 5685 arcanis
2444 5633 2770 5686 rationibus.
2829 5632 2983 5696 Quod
3019 5633 3060 5686 si
3111 5635 3284 5690 oratio
3315 5635 3416 5709 alia

1850 5737 2065 5793 quoque
2106 5725 2540 5794 comprehendit,
2588 5735 2642 5779 et
2677 5726 2984 5780 necessario
3036 5728 3415 5796 persequitur,

1850 5829 1958 5867 non
2025 5824 2109 5869 est
2147 5832 2174 5870 a
2238 5816 2445 5870 ratione
2498 5816 2771 5879 alienum,
2831 5819 2974 5887 quod
3037 5817 3234 5872 factum
3285 5828 3417 5883 est;

1852 5909 2030 5963 omnia
2063 5910 2205 5964 enim
2235 5910 2297 5963 ad
2327 5924 2444 5965 eam
2481 5911 2812 5972 referuntur,
2848 5913 3075 5980 ejusque
3101 5925 3225 5967 sunt
3251 5910 3432 5989 gloria.
