4158 6484
723 451 819 516 531

1978 455 2261 514 MENSIS
2298 454 2723 515 AUGUSTUS.

3860 451 3960 515 532

721 572 775 614 et
806 561 1074 614 encomia.
1130 563 1375 627 Quorum
1406 563 1644 618 narratio
1669 580 1777 617 non
1814 564 1916 617 erit
1960 563 2118 617 nobis
2165 564 2288 617 abs-
2320 569 2363 623 Α
2393 565 2515 619 Are.
2567 566 2738 630 gratia
2792 559 2969 624 plena,
3031 561 3228 629 inquit,
3283 560 3531 613 Dominus
3589 570 3779 614 tecum.
3816 561 3964 616 Con—

723 669 827 719 que
873 651 976 704 ﬁde
1007 650 1184 720 dignis
1213 652 1461 717 testibus,
1515 669 1616 708 nec
1645 661 1893 707 sumetur
1929 668 1992 705 ex
2042 654 2288 721 personis

722 742 1100 811 quibuslibet:
1134 742 1227 796 sed
1287 758 1447 812 quam
1493 745 1614 809 viri,
1646 746 1844 812 quibus
1893 746 2011 814 jure
2066 744 2289 798 creden-

721 833 850 886 dum
876 841 1025 885 estet
1049 833 1140 902 qui
1166 833 1326 887 simul
1355 849 1476 888 cum
1506 834 1750 888 doctrina
1782 835 2050 903 egregiam
2081 845 2291 903 quoque

731 926 889 979 vitam
919 927 1240 988 attulerunt,
1269 926 1557 996 diligenter
1590 935 2052 996 composuerunt;
2087 925 2289 994 Grego-

728 1016 862 1080 rius,
893 1018 1135 1086 inquam,
1183 1018 1480 1087 Nyssenus,
1520 1019 1849 1072 Athanasius
1879 1017 2292 1078 Alexandrinus,

725 1104 1016 1175 Dionysius
1043 1108 1390 1177 Areopagita,
1424 1119 1477 1162 et
1529 1109 1684 1162 multi
1714 1109 1827 1171 alii,
1879 1107 1972 1176 qui
2023 1121 2120 1159 nec
2172 1114 2297 1158 sunt

726 1199 985 1267 vulgaris,
1024 1209 1080 1252 ut
1107 1201 1364 1261 diximus,
1399 1201 1743 1264 eruditionis,
1782 1210 1836 1254 et
1868 1210 1995 1254 sunt
2047 1199 2150 1251 vita
2199 1198 2294 1249 ad-

726 1290 1002 1343 mirabiles
1029 1305 1042 1341 :
1076 1300 1150 1354 et,
1185 1292 1327 1359 quod
1359 1293 1529 1358 majus
1558 1301 1659 1353 est,
1691 1306 1854 1358 quam
1884 1290 2056 1359 ipsum
2083 1303 2296 1357 quoque

726 1381 970 1435 divinum
1007 1386 1172 1437 refert
1205 1383 1577 1453 Evangelium.

800 1474 866 1527 11.
919 1473 1039 1528 Jam
1071 1476 1215 1529 enim
1253 1476 1467 1530 divinus
1499 1476 1794 1546 Gregorius
1819 1475 1872 1528 in
1905 1475 2146 1528 oratione
2186 1487 2301 1542 quae

728 1567 796 1620 de
829 1575 949 1619 ortu
979 1566 1184 1620 Christi
1226 1568 1293 1622 ab
1341 1568 1457 1636 ipso
1508 1577 1588 1622 est
1639 1566 2046 1636 composita(a).
2082 1569 2195 1620 haec
2237 1566 2303 1619 de

730 1672 791 1709 ea
827 1665 1062 1709 tractat:
1095 1657 1320 1723 Audivi,
1362 1657 1576 1722 dicens,
1629 1673 1887 1711 arcanam
1921 1656 2208 1726 quamdam
2253 1665 2308 1707 et

728 1750 995 1802 occultam
1028 1749 1333 1812 historiam,
1359 1749 1425 1802 de
1453 1764 1514 1802 ea
1546 1747 1660 1803 haec
1685 1759 1996 1801 narrantem
2025 1759 2038 1796 :
2073 1744 2201 1796 Erat
2228 1742 2309 1795 in-

730 1839 896 1908 signis
929 1839 983 1892 in
1015 1851 1268 1894 accurata
1292 1841 1441 1903 vita},
1463 1844 1583 1908 quae
1615 1842 1698 1892 est
1733 1855 1798 1892 ex
1830 1838 1974 1906 lege,
2009 1836 2309 1889 institutio-

2399 656 2557 706 traria
2589 652 2659 703 illi
2691 652 2876 721 primm
2913 652 3051 714 voci,
3093 667 3212 720 qua:
3259 652 3395 705 facta
3445 661 3526 704 est
3557 652 3795 715 mulieri,
3821 670 3964 708 nunc

2399 745 2558 797 verba
2592 743 2727 796 ﬁunt
2755 742 2980 813 Virgini.
3017 743 3108 796 llla
3132 743 3407 798 doloribus
3445 743 3497 795 in
3523 753 3681 811 partu
3710 743 3968 795 condem-

2397 847 2522 890 nata
2567 835 2662 890 fuit
2693 846 2911 904 propter
2941 844 3217 904 peccatum
3251 854 3260 888 :
3292 840 3341 888 in
3373 837 3472 889 hac
3494 845 3676 889 autem
3722 852 3820 905 per
3842 837 3970 889 ireti-

2402 933 2527 984 tiam
2561 930 2849 998 expellitur
2871 930 3105 983 tristitia.
3134 930 3190 983 In
3229 931 3313 983 illa
3345 940 3553 997 partum
3579 938 3970 998 praecesserunt

2399 1021 2614 1073 dolores
2656 1038 2668 1072 :
2720 1019 2803 1071 hic
2843 1034 2971 1071 vero
3004 1020 3184 1072 liet'stia
3223 1031 3307 1072 est
3337 1021 3598 1073 obstetrix
3647 1029 3867 1087 partus.
3902 1018 3972 1070 Ne

2401 1114 2608 1176 timeas,
2636 1111 2832 1179 inquit.
2866 1109 3130 1174 Quoniam
3167 1112 3312 1164 enim
3341 1111 3487 1163 omni
3523 1111 3734 1163 mulieri
3775 1118 3973 1163 metum

2401 1203 2557 1256 all‘ert
2584 1212 2769 1272 partes
2797 1201 3149 1269 exspectatio,
3178 1210 3382 1253 metum
3410 1201 3623 1268 expellit
3652 1201 3830 1256 dulcis
3862 1217 3977 1266 par-

2407 1305 2494 1347 tus
2531 1293 2818 1361 promissio
2860 1314 2871 1345 :
2910 1291 2972 1344 In
3004 1302 3149 1344 utero
3195 1293 3473 1359 concipies,
3507 1301 3554 1342 et
3587 1293 3762 1357 paries
3790 1290 3976 1357 ﬁlium.

2405 1395 2452 1439 et
2484 1384 2693 1437 vocabis
2726 1399 2907 1437 nomen
2939 1383 3051 1451 ejus
3077 1382 3252 1434 Jesnm
3282 1383 3320 1436 ³.

2483 1477 2572 1530 ιν.
2604 1475 2743 1540 Quid
2777 1485 2955 1527 autem
2990 1474 3200 1526 Maria?
3236 1474 3375 1527 Audi
3411 1490 3601 1543 puram
3643 1489 3834 1527 vocem
3873 1470 3976 1523 Vir-

2409 1567 2567 1638 ginis.
2603 1565 2840 1632 Angelus
2888 1574 3099 1631 partum
3149 1565 3454 1626 annuntiat,
3511 1573 3565 1617 et
3613 1564 3699 1616 illa
3749 1562 3983 1617 adhaeret

2410 1658 2728 1729 virginitati,
2769 1672 2875 1712 non
2923 1655 3223 1724 corrumpi,
3258 1656 3508 1722 judicans
3555 1672 3674 1709 esse
3729 1667 3982 1724 przestan-

2412 1754 2540 1815 tius,
2573 1765 2731 1820 quam
2785 1748 3179 1817 apparitionem
3229 1746 3426 1817 angeli.
3475 1747 3538 1799 Et
3583 1762 3764 1815 neque
3813 1757 3985 1815 potest

2413 1844 2604 1913 angelo
2653 1856 2762 1895 non
2817 1840 3062 1903 credere,
3125 1853 3302 1907 neque
3358 1839 3590 1893 discedit
3638 1838 3706 1892 ab
3758 1840 3826 1892 iis
3875 1855 3986 1906 qua:

731 1944 821 1993 ne,
884 1941 939 1984 et
993 1932 1135 1984 inter
1169 1933 1407 2001 optimos
1432 1931 1681 2002 apprime
1732 1938 1918 1992 notus,
1951 1936 2104 1997 pater
2137 1926 2304 1996 Virgi-

2424 1945 2698 1991 statuerat.
2750 1934 2864 1999 Est,
2919 1934 3113 2002 inquit.
3169 1933 3307 1986 mihi
3369 1931 3648 2002 prohibita
3700 1948 3829 1985 cum
3880 1931 3987 1984 viro

733 2025 838 2077 nis.
900 2023 1276 2078 Consenuerat
1330 2033 1513 2080 autem
1569 2024 1685 2078 sine
1737 2023 1942 2082 liberis,
2008 2019 2148 2088 quod
2197 2034 2303 2071 non

733 2127 848 2169 erat
891 2117 1009 2184 ejus
1048 2119 1246 2185 conqu
1298 2128 1419 2186 ap'a
1477 2117 1542 2169 ad
1579 2115 1947 2185 procreandos
1983 2114 2142 2166 ﬁlios.
2176 2111 2305 2164 Erat

736 2223 866 2262 vero
899 2224 964 2261 ex
1001 2209 1115 2279 lege
1145 2210 1363 2277 quidam
1419 2210 1598 2262 honor
1649 2207 1935 2269 matribus,
1988 2222 2146 2275 quem
2201 2220 2306 2258 non

737 2302 1197 2369 adipiscebantur,
1247 2319 1366 2370 qua
1393 2302 1661 2357 carebant
1702 2301 1844 2353 ﬁliis.
1897 2300 2144 2352 Imitatur
2183 2312 2310 2365 ergo

737 2409 799 2446 ea
827 2408 1044 2461 quoque
1079 2393 1189 2457 illa,
1226 2409 1345 2461 quae
1377 2403 1630 2446 narratur
1658 2392 1725 2445 de
1757 2398 1931 2446 matre
1963 2389 2264 2443 Samuelis‘
2293 2430 2307 2444 .

742 2487 806 2538 Et
832 2501 950 2539 cum
985 2484 1172 2539 fuisset
1215 2486 1353 2539 intra
1384 2487 1584 2555 templa
1623 2496 1958 2548 sanctorum,
2003 2483 2057 2536 ﬁt
2087 2484 2312 2552 supplex

744 2579 871 2639 “80,
917 2592 1110 2642 rogans
1152 2593 1220 2630 ne
1269 2578 1543 2630 excideret
1570 2579 1637 2631 ab
1665 2593 1748 2640 ea,
1781 2592 1900 2645 quae
1940 2585 2024 2629 est
2056 2593 2118 2629 ex
2163 2577 2310 2644 lege,

744 2668 1145 2734 benedictione,
1180 2684 1302 2721 cum
1343 2668 1393 2721 in
1447 2668 1617 2739 legem
1666 2669 1798 2722 nihil
1842 2678 2127 2736 peccaret:
2163 2667 2315 2720 ﬁeret

746 2771 928 2811 autem
959 2770 1146 2824 mater,
1185 2771 1236 2814 et
1272 2760 1381 2816 Deo
1412 2771 1761 2817 consecraret
1803 2761 1854 2814 id
1885 2760 2027 2830 quod
2063 2770 2313 2828 pareret.

748 2849 883 2904 (lum
923 2862 1056 2904 nutu
1094 2864 1275 2906 autem
1309 2855 1492 2908 divino
1547 2854 1868 2908 conﬁrmata
1913 2862 2060 2908 esset
2090 2853 2155 2905 ad
2198 2866 2319 2920 gra-

751 2941 902 3005 tiam,
942 2958 1103 3010 quam
1147 2945 1401 3012 petierat,
1452 2955 1737 3012 postquam
1783 2941 1994 3011 peperit
2047 2941 2315 3008 puellam,

749 3048 869 3085 eam
901 3033 1117 3101 quidem
1147 3035 1451 3087 nominavit
1478 3032 1702 3087 Mariam
1731 3052 1743 3087 :
1776 3041 1834 3086 ut
1866 3033 1950 3086 vel
2004 3032 2182 3101 ipsum
2221 3046 2319 3084 no-

748 3137 875 3174 men
917 3122 1267 3192 signifn-aret,
1297 3140 1326 3177 a
1355 3124 1464 3178 Deo
1507 3124 1685 3178 datam
1738 3139 1856 3178 esse
1900 3125 2146 3192 gratiam.
2184 3121 2319 3175 Cum

2412 2028 2774 2083 consuetudo.
2831 2027 3116 2092 Quomodo
3170 2025 3274 2079 erit
3334 2025 3467 2079 mihi
3537 2025 3665 2086 hoc,
3729 2024 3984 2092 quoniam

2411 2124 2587 2176 virum
2622 2137 2732 2174 non
2763 2119 3074 2190 cognosco?
3105 2117 3231 2171 "TC
3263 2135 3364 2172 vox
3410 2117 3609 2181 Mariae,
3644 2125 3729 2170 est
3761 2118 3986 2169 demon-

2415 2215 2605 2269 stratio
2638 2228 2827 2267 eorum
2866 2226 2987 2280 quae
3011 2224 3212 2263 arcane
3249 2219 3302 2262 et
3334 2209 3548 2263 occulte
3577 2219 3897 2262 narrantur.
3935 2205 3985 2258 Si

2416 2306 2561 2359 enim
2635 2319 2753 2356 eam
2813 2303 3011 2370 Josepb
3086 2311 3373 2369 acceperat
3437 2303 3491 2354 in
3553 2300 3985 2361 matrimonium,

2416 2395 2872 2467 quemadmodum
2916 2392 2965 2447 ei
2992 2391 3165 2447 visum
3195 2402 3279 2447 est
3306 2393 3566 2454 alienum,
3600 2393 3746 2460 quod
3781 2402 3986 2459 partum

2418 2497 2540 2542 ante
2573 2485 2923 2555 signiﬁcaret,
2956 2484 2999 2537 si
3028 2484 3143 2552 ipsa
3169 2484 3392 2538 omnino
3423 2483 3772 2551 exspectabat
3802 2482 3916 2534 ﬁeri
3940 2479 3987 2531 ei

2417 2590 2589 2634 mater
2619 2580 2734 2648 lege
2765 2585 2972 2631 natura:
2999 2578 3021 2629 ?
3050 2576 3279 2642 Quando
3325 2575 3544 2645 quidem
3597 2589 3845 2635 carnem,
3879 2587 3989 2640 qua:

2420 2674 2530 2726 Deo
2585 2671 2762 2725 fuerat
2816 2679 3156 2733 consecrata,
3207 2668 3370 2721 veluti
3425 2666 3692 2736 quoddam
3745 2677 3988 2718 sanctum

2419 2764 2725 2823 donarium,
2793 2760 3054 2812 intactum
3123 2758 3431 2810 conservari
3497 2757 3818 2823 oportebat;
3876 2769 3992 2821 pro-

2421 2862 2604 2923 pterea
2630 2870 2641 2904 :
2665 2851 2776 2906 Etsi
2805 2851 2880 2904 sis
2907 2850 3150 2920 angelus,
3178 2848 3373 2917 inquit.
3395 2848 3494 2900 etsi
3521 2848 3587 2899 de
3615 2845 3754 2898 coelo
3783 2846 3985 2902 venias.

2421 2945 2628 3000 etiamsi
2678 2944 2748 2998 sit
2791 2957 2954 3012 super
3019 2940 3295 2996 hominem
3342 2939 3394 2992 id
3422 2938 3564 3007 quod
3599 2947 3849 3006 apparet,
3891 2952 3990 2988 non

2423 3045 2601 3107 potest
2631 3046 2805 3089 tamen
2841 3035 2974 3097 ﬁeri,
3011 3043 3068 3087 ut
3107 3034 3285 3087 virum
3321 3046 3669 3100 cognoscam.
3702 3027 3989 3094 Quomodo

2423 3142 2551 3198 ergo
2595 3143 2689 3182 cro
2731 3137 2904 3181 mater
2931 3127 3132 3196 absque
3164 3123 3326 3179 viro?
3354 3124 3486 3178 Nam
3530 3121 3734 3190 Joseph
3776 3120 3992 3188 quidem

749 3232 881 3268 vero
905 3217 1012 3283 jam
1061 3217 1322 3268 crevisset
1376 3216 1575 3283 puella.
1630 3225 1691 3266 ul
1737 3229 1845 3266 non
1898 3215 2128 3281 amplius
2187 3226 2391 3300 OPUSC
2428 3221 2551 3274 novi
2595 3235 2875 3289 sponsum,
2922 3219 3096 3272 virum
3130 3227 3308 3270 autem
3359 3231 3464 3267 non
3514 3228 3809 3280 cognosco.
3860 3207 3994 3273 Quid

755 3309 983 3362 haberet
1039 3321 1230 3376 sugere
1288 3306 1607 3368 mamillam,
1656 3319 1776 3359 eam
1834 3304 1946 3357 Deo
1997 3303 2235 3366 tradidit,
2270 3314 2324 3358 et

753 3401 1085 3469 promissum
1173 3398 1442 3468 implevit,
1499 3405 1554 3450 et
1633 3396 1700 3450 ad
1757 3395 2019 3465 templum
2066 3395 2322 3448 adduxit.

755 3492 1078 3546 Sacerdotes
1106 3501 1286 3544 autem
1317 3490 1533 3544 interim
1557 3488 1800 3555 quidem,
1829 3487 1896 3539 ad
1925 3486 2327 3538 similitudinem

757 3584 1048 3646 Samuelis,
1082 3584 1222 3636 inter
1251 3592 1474 3636 sanctos
1507 3580 1812 3633 educabant
1844 3577 2100 3644 puellam.

828 3677 918 3731 111.
973 3676 1107 3731 Cum
1160 3691 1290 3730 vero
1361 3672 1646 3736 crevisset,
1697 3670 1980 3724 consilium
2049 3681 2326 3740 ceperunt,

765 3769 1022 3837 quidnam
1057 3784 1212 3821 sacro
1267 3766 1343 3821 illi
1372 3765 1586 3837 corpori
1621 3764 1901 3823 facientes,
1936 3762 1987 3812 in
2021 3762 2190 3813 Deum
2223 3777 2327 3812 non

764 3871 1074 3930 peccarent.
1129 3859 1260 3912 Eam
1316 3857 1464 3909 enim
1506 3836 1610 3922 legi
1652 3864 1859 3904 natura:
1913 3849 2238 3919 subjungere
2280 3861 2334 3905 et

764 3971 884 4008 eam
940 3955 1069 4006 dare
1134 3952 1187 4003 in
1247 3951 1563 4004 servitutem
1613 3945 1662 3998 ei
1721 3945 1811 4013 qui
1867 3943 2006 3998 illam
2062 3945 2331 4012 duceret,

762 4046 1052 4099 videbatur
1105 4043 1580 4097 absurdissimum.
1637 4037 2014 4090 Existimatum
2059 4048 2139 4091 est
2179 4040 2333 4105 plane

761 4142 1126 4210 sacrilegium,
1161 4139 1203 4192 si
1235 4138 1401 4189 divini
1434 4132 1650 4187 donarii
1683 4132 1844 4183 homo
1869 4130 2019 4182 ﬁeret
2047 4129 2329 4182 dominus:

763 4231 1204 4302 quandoquidem
1243 4243 1273 4281 a
1306 4227 1422 4296 lege
1475 4233 1561 4278 est
1610 4222 1984 4286 constitutum,
2020 4227 2078 4273 ut
2109 4221 2334 4274 maritus

763 4339 908 4383 esset
940 4327 1193 4379 dominus
1227 4319 1474 4390 conjugis
1503 4320 1546 4370 ¹.
1582 4315 1654 4370 Ut
1684 4324 1858 4368 autem
1893 4315 1944 4368 in
1978 4316 2187 4384 templis
2211 4330 2332 4368 ver-

766 4433 1020 4477 sarentur
1050 4417 1306 4469 mulieres
1337 4427 1463 4466 cum
1497 4408 1888 4474 sacerdotibus,
1934 4418 1989 4462 et
2022 4409 2162 4463 inter
2213 4424 2331 4463 san-

767 4528 886 4571 ctos
920 4514 1256 4574 viderentur,
1285 4520 1467 4576 neque
1499 4503 1614 4574 lege
1646 4499 2077 4571 permittebatur,
2116 4515 2217 4552 nec
2249 4512 2336 4551 res

2428 3326 2556 3382 ergo
2612 3309 3019 3379 paranymphus
3093 3304 3332 3365 Gabriel,
3397 3303 3611 3370 qualem
3695 3298 3994 3351 thalamum

2431 3409 2582 3467 parat
2610 3412 2747 3466 puro
2792 3406 2844 3449 et
2873 3394 3156 3464 impolluto
3192 3389 3534 3444 matrimonio
3559 3392 3579 3440 ’ἰ
3628 3385 3891 3455 Spiritus,
3919 3385 3997 3434 in.

2431 3491 2569 3558 quit,
2617 3497 2830 3541 sanctus
2863 3486 3190 3554 superveniet
3237 3485 3395 3544 inte,
3448 3490 3495 3534 et
3523 3481 3693 3533 virtus
3747 3476 3999 3532 Altissimi

2433 3582 2766 3634 obumbrabit
2829 3579 2918 3632 tibi
2946 3579 2988 3632 ‘.
3045 3577 3087 3632 Ο
3122 3580 3330 3632 beatam
3391 3575 3536 3628 illam
3583 3586 3831 3631 carnem,
3884 3584 4000 3638 qum

2432 3684 2650 3743 propter
2696 3672 2965 3741 insignem
3019 3671 3332 3739 puritatem.
3384 3666 3578 3718 anima:
3631 3664 3775 3716 bona
3826 3663 3891 3714 ad
3944 3675 4002 3712 se

2433 3763 2671 3815 attraxit.
2723 3761 2779 3812 In
2828 3762 2948 3812 aliis
3000 3760 3143 3810 enim
3196 3756 3449 3808 omnibus
3499 3754 3583 3805 vix
3635 3752 3819 3804 anima
3875 3766 4000 3818 pura

2435 3857 2605 3909 sancti
2638 3854 2870 3923 Spiritus
2922 3851 3215 3905 adventum
3253 3845 3560 3916 acceperit:
3600 3844 3687 3897 hic
3733 3852 3914 3896 autem
3949 3842 4004 3894 111

2433 3965 2557 4004 caro
2622 3944 2860 4014 Spiritus
2920 3939 3343 4010 receptaculum.
3399 3936 3538 4001 Quin
3599 3933 3765 3988 etiam
3831 3932 4002 3986 virtus

2437 4041 2646 4094 Domini
2673 4037 3019 4091 obumbrabit
3052 4035 3166 4088 tibi.
3202 4033 3339 4097 Quid
3368 4031 3480 4084 base
3508 4043 3800 4098 perarcana
3834 4025 4006 4097 signi-

2437 4133 2561 4184 ﬁcat
2597 4127 2818 4182 oratio?
2844 4124 3082 4178 Christus
3137 4123 3233 4175 Dei
3276 4124 3463 4182 virtus,
3487 4129 3534 4173 et
3583 4118 3680 4171 Dei
3717 4118 4002 4187 sapientia,

2436 4220 2612 4290 inquit
2642 4217 2930 4288 Apostolus
2960 4216 2999 4269 '.
3032 4215 3296 4268 Altissimi
3327 4226 3456 4280 ergo
3518 4208 3611 4261 Dei
3653 4208 3852 4271 virtus,
3885 4225 4004 4276 quze

2435 4326 2514 4368 est
2543 4312 2793 4367 Christus
2828 4325 2921 4378 per
2952 4310 3241 4360 adventum
3270 4298 3712 4368 sancti,Spiritus
3744 4298 4006 4351 formatur

2438 4405 2490 4458 in
2543 4402 2875 4471 virginitate.
2933 4394 3215 4459 Quomodo
3264 4391 3409 4444 enim
3468 4390 3658 4443 umbra
3715 4403 4002 4456 corporum

2439 4493 2810 4547 conformatur
2874 4491 3053 4559 figura:
3107 4501 3290 4540 eorum
3352 4497 3470 4553 quze
3531 4481 3873 4552 pnecedunt,
3936 4479 4010 4536 ita

770 4618 884 4663 erat
921 4608 1164 4660 honesta.
1199 4573 1289 4655 Eis
1319 4573 1448 4653 vero
1478 4573 1660 4651 dehis
1689 4594 2132 4654 consultantibus,
2166 4606 2195 4643 a
2226 4591 2334 4643 Deo
2365 4575 2408 4630 Ῑ)
2442 4585 2602 4638 etiam
2650 4584 2927 4637 character
2957 4589 3010 4635 et
3040 4580 3212 4649 signa,
3243 4577 3440 4646 quibus
3479 4574 3596 4630 Filii
3653 4573 3749 4626 Dei
3803 4587 4006 4641 cogno-

772 4704 932 4753 datur
963 4697 1278 4758 consilium,
1312 4702 1371 4746 ut
1401 4705 1519 4745 eam
1557 4687 1772 4755 quidem
1809 4688 1939 4740 dent
1971 4685 2085 4738 viro
2116 4681 2334 4736 nomine

773 4786 1213 4858 deSponsatiouis
1241 4802 1254 4838 :
1290 4786 1335 4837 is
1364 4791 1546 4836 autem
1580 4779 1698 4832 talis
1727 4788 1891 4840 esset,
1935 4777 2022 4844 qui
2055 4776 2120 4828 ad
2173 4773 2338 4840 virgi-

772 4881 961 4933 nitatis
1004 4885 1162 4945 aptus
1207 4881 1353 4928 esset
1383 4868 1706 4925 custodiam.
1741 4867 1997 4921 Inventus
2033 4874 2115 4917 est
2160 4862 2339 4930 itaque

773 4971 997 5039 Ioseph,
1029 4967 1241 5035 qualem
1265 4962 1544 5031 quaerebat
1569 4960 1723 5020 ratio,
1756 4975 1820 5012 ex
1850 4957 2035 5011 eadem
2064 4953 2202 5006 tribu
2236 4967 2338 5020 qua

774 5072 888 5117 erat
910 5063 1092 5130 virgo:
1123 5068 1175 5112 et
1201 5072 1266 5111 ex
1296 5051 1526 5109 consilio
1552 5050 1888 5105 sacerdotum
1915 5048 2014 5101 sibi
2041 5045 2340 5112 despondet

782 5153 1080 5222 Virginem.
1110 5147 1435 5216 Conjunctio
1465 5153 1644 5197 autem
1702 5147 2044 5212 processerat
2079 5151 2245 5202 usque
2271 5133 2337 5185 ad

781 5242 1278 5312 deSponsationem.
1321 5238 1476 5292 Tunc
1502 5235 1696 5304 virgini
1745 5231 2045 5286 aGabriele
2098 5229 2339 5296 aperitur

781 5339 1119 5409 mysterium.
1148 5338 1313 5391 Erant
1343 5341 1523 5387 autem
1557 5330 1718 5385 verba
1745 5325 1977 5396 mysterii
2015 5318 2336 5376 benedictio.

888 5523 901 5550 ³
942 5516 956 5568 l
993 5517 1120 5583 Reg.
1152 5515 1233 5579 1,1
1275 5526 1425 5578 seqq.
1539 5514 1558 5540 ³
1589 5509 1725 5564 Gen.
1756 5523 1832 5567 Ill,
1871 5505 1953 5556 16.

855 5679 927 5744 (1)
976 5675 1083 5726 τοῦ
1128 5671 1578 5738 Μετίιμμαστοῦ.
1629 5669 1712 5726 Ὠς
1747 5668 1853 5733 γὰρ
1883 5666 2078 5732 ἤκουσε
2110 5660 2331 5717 τοότωπιν,

784 5768 942 5829 εὐθὺς
989 5766 1091 5818 ὑπὸ
1135 5764 1224 5816 τοῦ
1270 5760 1604 5821 ἐνοικοῦντος
1653 5759 1789 5824 αὐτῇ
1841 5752 2150 5818 ιῐνεύματος
2199 5749 2344 5800 δια-1-

2069 5503 2085 5528 ³
2127 5501 2253 5550 Luc.
2288 5514 2320 5558 I,
2355 5497 2422 5550 ‘28
2447 5525 2464 5536 σ
2490 5497 2576 5549 51.

2443 4679 2609 4731 scitur
2660 4675 2931 4734 divinitas,
2969 4671 3306 4740 apparebunt
3341 4669 3394 4722 in
3449 4667 3588 4733 ejus,
3640 4665 3730 4732 qui
3782 4663 4007 4729 paritur,

2444 4773 2658 4831 virtute,
2688 4777 2746 4819 ut
2779 4765 2868 4834 qui
2901 4767 3072 4832 imago
3101 4771 3156 4816 et
3181 4757 3513 4827 signaculum
3555 4763 3608 4806 et
3636 4750 4006 4806 adumbratio.

2444 4873 2497 4917 et
2559 4858 2811 4927 splendor
2874 4854 3032 4924 primi
3098 4849 3441 4918 exemplaris,
3504 4861 3598 4917 per
3659 4843 4010 4897 admirabiles

2448 4955 2764 5010 ostendatur
2814 4948 3178 5014 operationes.
3245 4942 3313 4996 Et
3355 4941 3470 4995 hcce
3517 4938 3734 5007 quidem
3796 4936 4011 4990 divinus

2447 5044 2756 5115 Gregorius.
2791 5039 2906 5092 Alia
2961 5046 3140 5089 autem
3193 5043 3253 5086 et
3282 5045 3487 5086 sacrum
3541 5026 3920 5095 Evangelium,
3965 5032 4016 5074 et

2450 5138 2538 5192 alii
2571 5137 2666 5188 viri
2693 5134 2785 5203 pii,
2820 5145 2882 5184 ac
2913 5128 3004 5182 Dei
3031 5135 3304 5187 amantes,
3339 5137 3476 5189 quos
3505 5117 3934 5176 nominavimus,
3967 5126 4016 5166 ct

2449 5241 2675 5298 quorum
2706 5223 3023 5276 nominatim
3065 5235 3166 5272 non
3215 5214 3587 5276 meminimus,
3637 5223 3764 5261 vere
3799 5210 4018 5262 docent.

2526 5319 2586 5371 ν.
2627 5318 2700 5384 ti)
2731 5315 2854 5368 Haec
2895 5329 3024 5380 ergo
3059 5321 3341 5380 postquam
3376 5303 3536 5372 Virgo
3564 5300 3794 5362 audivit,
3841 5299 4016 5352 statim

3099 5493 3166 5542 ⁸1
3226 5487 3354 5540 Cor.
3390 5500 3427 5548 1,
3480 5481 3568 5534 24.

2691 5497 2705 5525 ’⁸
2739 5493 2866 5551 ibid,
2899 5490 2985 5544 35.

2444 5659 2703 5723 γαςθεῖσα
2733 5655 2821 5704 τὸν
2853 5649 2994 5708 νοῦν,
3025 5646 3273 5712 ἀσμένως
3305 5659 3365 5696 τε
3394 5643 3604 5707 διετέθη
3635 5637 3713 5707 τῷ
3744 5636 4019 5704 ἐπαγγέλο

2455 5764 2619 5817 μιτιο
2660 5748 2749 5796 καὶ
2809 5740 2962 5796 Ἰδοὺ
3005 5739 3039 5802 ἠ
3083 5737 3269 5804 δούλη
3302 5734 3544 5802 Κυρίου,
3590 5733 3724 5798 φησὶ
3765 5733 3903 5799 πρὸς
3942 5737 4023 5778 τήν

849 5906 919 5968 ((1)
958 5907 1082 5966 Opp.
1114 5905 1340 5963 Gregorii
1371 5901 1599 5961 Nysscni,
1635 5893 1922 5958 Patroioq’a
1951 5902 2046 5940 tum
2099 5889 2255 5945 XLVI,
2293 5888 2384 5934 rei.
2417 5887 2531 5935 11⁷1⁵ἶ
2557 5887 2615 5945 D,
2647 5886 2777 5934 inter
2801 5880 2943 5930 dubia
2996 5879 3131 5928 Enn.
