  <div class='ocr_page' id='page_1' title='image "/cluster/home/n/w/nwhite01/storage/ocr_20150623/115/uva.x004215515/294.png"; bbox 0 0 4158 6532; ppageno 0'>
   <div class='ocr_carea' id='block_1_1' title="bbox 186 452 285 518">
    <p class='ocr_par' dir='ltr' id='par_1_1' title="bbox 186 452 285 518">
     <span class='ocr_line' id='line_1_1' title="bbox 186 452 285 518; baseline -0.051 0"><span class='ocrx_word' id='word_1_1' title='bbox 186 452 285 518; x_wconf 83' lang='grc'>533</span> 
     </span>
    </p>
   </div>
   <div class='ocr_carea' id='block_1_2' title="bbox 1254 452 2311 516">
    <p class='ocr_par' dir='ltr' id='par_1_2' title="bbox 1254 452 2311 516">
     <span class='ocr_line' id='line_1_2' title="bbox 1254 452 2311 516; baseline -0.002 -2"><span class='ocrx_word' id='word_1_2' title='bbox 1254 455 1536 516; x_wconf 80' lang='lat' dir='ltr'>ORATIO</span> <span class='ocrx_word' id='word_1_3' title='bbox 1576 456 1673 516; x_wconf 90' lang='lat' dir='ltr'><strong>DE</strong></span> <span class='ocrx_word' id='word_1_4' title='bbox 1714 454 1997 514; x_wconf 79' lang='lat' dir='ltr'>SANCTA</span> <span class='ocrx_word' id='word_1_5' title='bbox 2042 452 2311 513; x_wconf 79' lang='lat' dir='ltr'><strong>MARIA.</strong></span> 
     </span>
    </p>
   </div>
   <div class='ocr_carea' id='block_1_3' title="bbox 3314 452 3420 514">
    <p class='ocr_par' dir='ltr' id='par_1_3' title="bbox 3314 452 3420 514">
     <span class='ocr_line' id='line_1_3' title="bbox 3314 452 3420 514; baseline -0.038 1"><span class='ocrx_word' id='word_1_6' title='bbox 3314 452 3420 514; x_wconf 75' lang='grc'>534</span> 
     </span>
    </p>
   </div>
   <div class='ocr_carea' id='block_1_4' title="bbox 182 558 3421 634">
    <p class='ocr_par' dir='ltr' id='par_1_4' title="bbox 182 558 3421 634">
     <span class='ocr_line' id='line_1_4' title="bbox 182 558 3421 634; baseline 0.001 -20"><span class='ocrx_word' id='word_1_7' title='bbox 182 569 364 614; x_wconf 87' lang='lat' dir='ltr'><strong>mente</strong></span> <span class='ocrx_word' id='word_1_8' title='bbox 428 559 700 617; x_wconf 81' lang='lat' dir='ltr'><strong>lllustrata</strong></span> <span class='ocrx_word' id='word_1_9' title='bbox 755 578 786 617; x_wconf 87' lang='lat' dir='ltr'>a</span> <span class='ocrx_word' id='word_1_10' title='bbox 839 564 1066 634; x_wconf 90' lang='lat' dir='ltr'><strong>Spiritu,</strong></span> <span class='ocrx_word' id='word_1_11' title='bbox 1140 565 1230 634; x_wconf 89' lang='lat' dir='ltr'><strong>qui</strong></span> <span class='ocrx_word' id='word_1_12' title='bbox 1286 567 1336 619; x_wconf 90' lang='lat' dir='ltr'>ei</span> <span class='ocrx_word' id='word_1_13' title='bbox 1396 564 1753 623; x_wconf 69' lang='lat' dir='ltr'><strong>inhabitabant,</strong></span> <span class='ocrx_word' id='word_1_14' title='bbox 1788 560 2006 622; x_wconf 68' lang='lat' dir='ltr'><strong>Atione</strong></span> <span class='ocrx_word' id='word_1_15' title='bbox 2060 558 2381 613; x_wconf 81' lang='lat' dir='ltr'>admirabili.</span> <span class='ocrx_word' id='word_1_16' title='bbox 2418 558 2653 627; x_wconf 79' lang='lat' dir='ltr'><strong>Virginis</strong></span> <span class='ocrx_word' id='word_1_17' title='bbox 2683 559 2824 612; x_wconf 90' lang='lat' dir='ltr'><strong>enim</strong></span> <span class='ocrx_word' id='word_1_18' title='bbox 2859 560 3150 614; x_wconf 87' lang='lat' dir='ltr'><strong>adventum</strong></span> <span class='ocrx_word' id='word_1_19' title='bbox 3181 561 3421 616; x_wconf 79' lang='lat' dir='ltr'><strong>admira-</strong></span> 
     </span>
    </p>
   </div>
   <div class='ocr_carea' id='block_1_5' title="bbox 182 652 1755 724">
    <p class='ocr_par' dir='ltr' id='par_1_5' title="bbox 182 652 1755 724">
     <span class='ocr_line' id='line_1_5' title="bbox 182 652 1755 724; baseline 0.001 -19"><span class='ocrx_word' id='word_1_20' title='bbox 182 652 416 707; x_wconf 89' lang='lat' dir='ltr'><strong>libenter</strong></span> <span class='ocrx_word' id='word_1_21' title='bbox 460 656 673 724; x_wconf 88' lang='lat' dir='ltr'><strong>accepit</strong></span> <span class='ocrx_word' id='word_1_22' title='bbox 721 658 1089 722; x_wconf 85' lang='lat' dir='ltr'><strong>promissum:</strong></span> <span class='ocrx_word' id='word_1_23' title='bbox 1142 666 1197 711; x_wconf 90' lang='lat' dir='ltr'>et</span> <span class='ocrx_word' id='word_1_24' title='bbox 1244 655 1374 711; x_wconf 82' lang='lat' dir='ltr'>Ecce</span> <span class='ocrx_word' id='word_1_25' title='bbox 1420 656 1615 709; x_wconf 78' lang='lat' dir='ltr'><strong>ancilla</strong></span> <span class='ocrx_word' id='word_1_26' title='bbox 1653 653 1755 708; x_wconf 88' lang='lat' dir='ltr'>Do-</span> 
     </span>
    </p>
   </div>
   <div class='ocr_carea' id='block_1_6' title="bbox 178 730 1753 814">
    <p class='ocr_par' dir='ltr' id='par_1_6' title="bbox 178 730 1753 814">
     <span class='ocr_line' id='line_1_6' title="bbox 178 730 1753 814; baseline 0.003 -22"><span class='ocrx_word' id='word_1_27' title='bbox 178 730 332 803; x_wconf 39' lang='lat' dir='ltr'><strong>‘mim’,</strong></span> <span class='ocrx_word' id='word_1_28' title='bbox 360 742 437 797; x_wconf 96' lang='lat' dir='ltr'>ait</span> <span class='ocrx_word' id='word_1_29' title='bbox 459 745 671 814; x_wconf 77' lang='lat' dir='ltr'>angelo,</span> <span class='ocrx_word' id='word_1_30' title='bbox 702 743 825 799; x_wconf 79' lang='lat' dir='ltr'><strong>Fiat</strong></span> <span class='ocrx_word' id='word_1_31' title='bbox 854 747 974 800; x_wconf 80' lang='lat' dir='ltr'><strong>mihi</strong></span> <span class='ocrx_word' id='word_1_32' title='bbox 1003 747 1286 799; x_wconf 76' lang='lat' dir='ltr'><strong>secundum</strong></span> <span class='ocrx_word' id='word_1_33' title='bbox 1313 747 1523 800; x_wconf 84' lang='lat' dir='ltr'><strong>verbum</strong></span> <span class='ocrx_word' id='word_1_34' title='bbox 1551 757 1695 798; x_wconf 85' lang='lat' dir='ltr'><strong>tuum</strong></span> <span class='ocrx_word' id='word_1_35' title='bbox 1713 746 1753 809; x_wconf 87' lang='grc'>⁶;</span> 
     </span>
    </p>
   </div>
   <div class='ocr_carea' id='block_1_7' title="bbox 181 832 1755 905">
    <p class='ocr_par' dir='ltr' id='par_1_7' title="bbox 181 832 1755 905">
     <span class='ocr_line' id='line_1_7' title="bbox 181 832 1755 905; baseline 0.001 -19"><span class='ocrx_word' id='word_1_36' title='bbox 181 832 342 886; x_wconf 78' lang='lat' dir='ltr'><strong>simul</strong></span> <span class='ocrx_word' id='word_1_37' title='bbox 377 841 435 887; x_wconf 90' lang='lat' dir='ltr'>et</span> <span class='ocrx_word' id='word_1_38' title='bbox 484 834 553 888; x_wconf 90' lang='lat' dir='ltr'>ad</span> <span class='ocrx_word' id='word_1_39' title='bbox 585 835 760 905; x_wconf 81' lang='lat' dir='ltr'><strong>angeli</strong></span> <span class='ocrx_word' id='word_1_40' title='bbox 803 851 988 891; x_wconf 83' lang='lat' dir='ltr'><strong>vocem</strong></span> <span class='ocrx_word' id='word_1_41' title='bbox 1020 852 1082 891; x_wconf 92' lang='lat' dir='ltr'>ea</span> <span class='ocrx_word' id='word_1_42' title='bbox 1129 846 1308 899; x_wconf 83' lang='lat' dir='ltr'><strong>utens,</strong></span> <span class='ocrx_word' id='word_1_43' title='bbox 1359 852 1465 905; x_wconf 90' lang='lat' dir='ltr'>qua</span> <span class='ocrx_word' id='word_1_44' title='bbox 1510 854 1604 905; x_wconf 78' lang='lat' dir='ltr'>par</span> <span class='ocrx_word' id='word_1_45' title='bbox 1652 846 1755 898; x_wconf 86' lang='lat' dir='ltr'><strong>est,</strong></span> 
     </span>
    </p>
   </div>
   <div class='ocr_carea' id='block_1_8' title="bbox 180 924 1756 997">
    <p class='ocr_par' dir='ltr' id='par_1_8' title="bbox 180 924 1756 997">
     <span class='ocr_line' id='line_1_8' title="bbox 180 924 1756 997; baseline 0.001 -19"><span class='ocrx_word' id='word_1_46' title='bbox 180 924 459 989; x_wconf 84' lang='lat' dir='ltr'><strong>cautione,</strong></span> <span class='ocrx_word' id='word_1_47' title='bbox 495 936 549 979; x_wconf 90' lang='lat' dir='ltr'>et</span> <span class='ocrx_word' id='word_1_48' title='bbox 602 936 887 995; x_wconf 78' lang='lat' dir='ltr'><strong>postquam</strong></span> <span class='ocrx_word' id='word_1_49' title='bbox 948 928 1054 983; x_wconf 82' lang='lat' dir='ltr'>ﬁde</span> <span class='ocrx_word' id='word_1_50' title='bbox 1100 928 1257 997; x_wconf 87' lang='lat' dir='ltr'><strong>digna</strong></span> <span class='ocrx_word' id='word_1_51' title='bbox 1299 927 1408 982; x_wconf 86' lang='lat' dir='ltr'><strong>visa</strong></span> <span class='ocrx_word' id='word_1_52' title='bbox 1464 938 1646 982; x_wconf 83' lang='lat' dir='ltr'>essent</span> <span class='ocrx_word' id='word_1_53' title='bbox 1694 941 1756 980; x_wconf 86' lang='lat' dir='ltr'>ea</span> 
     </span>
    </p>
   </div>
   <div class='ocr_carea' id='block_1_9' title="bbox 179 1017 1755 1089">
    <p class='ocr_par' dir='ltr' id='par_1_9' title="bbox 179 1017 1755 1089">
     <span class='ocr_line' id='line_1_9' title="bbox 179 1017 1755 1089; baseline 0.004 -20"><span class='ocrx_word' id='word_1_54' title='bbox 179 1032 298 1085; x_wconf 59' lang='lat' dir='ltr'><strong>quae</strong></span> <span class='ocrx_word' id='word_1_55' title='bbox 325 1017 473 1071; x_wconf 87' lang='lat' dir='ltr'><strong>dicta</strong></span> <span class='ocrx_word' id='word_1_56' title='bbox 517 1020 754 1083; x_wconf 77' lang='lat' dir='ltr'><strong>fuerant,</strong></span> <span class='ocrx_word' id='word_1_57' title='bbox 792 1021 964 1078; x_wconf 90' lang='lat' dir='ltr'><strong>noluit</strong></span> <span class='ocrx_word' id='word_1_58' title='bbox 1005 1020 1233 1089; x_wconf 85' lang='lat' dir='ltr'><strong>amplius</strong></span> <span class='ocrx_word' id='word_1_59' title='bbox 1274 1036 1393 1074; x_wconf 88' lang='lat' dir='ltr'><strong>esse</strong></span> <span class='ocrx_word' id='word_1_60' title='bbox 1440 1020 1755 1075; x_wconf 86' lang='lat' dir='ltr'><strong>incredula:</strong></span> 
     </span>
    </p>
   </div>
   <div class='ocr_carea' id='block_1_10' title="bbox 182 1107 1757 1179">
    <p class='ocr_par' dir='ltr' id='par_1_10' title="bbox 182 1107 1757 1179">
     <span class='ocr_line' id='line_1_10' title="bbox 182 1107 1757 1179; baseline 0.001 -18"><span class='ocrx_word' id='word_1_61' title='bbox 182 1107 272 1161; x_wconf 88' lang='lat' dir='ltr'>sed</span> <span class='ocrx_word' id='word_1_62' title='bbox 306 1107 399 1159; x_wconf 87' lang='lat' dir='ltr'><strong>illo</strong></span> <span class='ocrx_word' id='word_1_63' title='bbox 431 1107 651 1176; x_wconf 87' lang='lat' dir='ltr'><strong>quidem</strong></span> <span class='ocrx_word' id='word_1_64' title='bbox 700 1111 871 1164; x_wconf 88' lang='lat' dir='ltr'><strong>evasit</strong></span> <span class='ocrx_word' id='word_1_65' title='bbox 906 1112 1092 1177; x_wconf 72' lang='lat' dir='ltr'><strong>prima:</strong></span> <span class='ocrx_word' id='word_1_66' title='bbox 1140 1110 1329 1163; x_wconf 80' lang='lat' dir='ltr'><strong>matris</strong></span> <span class='ocrx_word' id='word_1_67' title='bbox 1359 1110 1757 1179; x_wconf 87' lang='lat' dir='ltr'><strong>deceptionem,</strong></span> 
     </span>
    </p>
   </div>
   <div class='ocr_carea' id='block_1_11' title="bbox 185 1200 1760 1272">
    <p class='ocr_par' dir='ltr' id='par_1_11' title="bbox 185 1200 1760 1272">
     <span class='ocr_line' id='line_1_11' title="bbox 185 1200 1760 1272; baseline 0.003 -20"><span class='ocrx_word' id='word_1_68' title='bbox 185 1200 285 1252; x_wconf 88' lang='lat' dir='ltr'>hoc</span> <span class='ocrx_word' id='word_1_69' title='bbox 317 1200 522 1267; x_wconf 79' lang='lat' dir='ltr'><strong>[autem</strong></span> <span class='ocrx_word' id='word_1_70' title='bbox 572 1200 760 1256; x_wconf 76' lang='lat' dir='ltr'><strong>vitavit</strong></span> <span class='ocrx_word' id='word_1_71' title='bbox 814 1202 1086 1257; x_wconf 64' lang='lat' dir='ltr'><strong>Zachariae</strong></span> <span class='ocrx_word' id='word_1_72' title='bbox 1135 1202 1589 1266; x_wconf 86' lang='lat' dir='ltr'><strong>incredulitatem,</strong></span> <span class='ocrx_word' id='word_1_73' title='bbox 1639 1217 1760 1272; x_wconf 67' lang='lat' dir='ltr'><strong>qua)</strong></span> 
     </span>
    </p>
   </div>
   <div class='ocr_carea' id='block_1_12' title="bbox 182 1291 1128 1362">
    <p class='ocr_par' dir='ltr' id='par_1_12' title="bbox 182 1291 1128 1362">
     <span class='ocr_line' id='line_1_12' title="bbox 182 1291 1128 1362; baseline 0.006 -20"><span class='ocrx_word' id='word_1_74' title='bbox 182 1291 340 1349; x_wconf 84' lang='lat' dir='ltr'><strong>ultra.</strong></span> <span class='ocrx_word' id='word_1_75' title='bbox 375 1306 540 1359; x_wconf 89' lang='lat' dir='ltr'><strong>quam</strong></span> <span class='ocrx_word' id='word_1_76' title='bbox 571 1293 811 1356; x_wconf 85' lang='lat' dir='ltr'><strong>deceret,</strong></span> <span class='ocrx_word' id='word_1_77' title='bbox 846 1295 1128 1362; x_wconf 88' lang='lat' dir='ltr'><strong>processit.</strong></span> 
     </span>
    </p>
   </div>
   <div class='ocr_carea' id='block_1_13' title="bbox 255 1376 1755 1453">
    <p class='ocr_par' dir='ltr' id='par_1_13' title="bbox 255 1376 1755 1453">
     <span class='ocr_line' id='line_1_13' title="bbox 255 1376 1755 1453; baseline 0.005 -24"><span class='ocrx_word' id='word_1_78' title='bbox 255 1376 347 1432; x_wconf 76' lang='lat' dir='ltr'>Vl.</span> <span class='ocrx_word' id='word_1_79' title='bbox 399 1380 477 1447; x_wconf 74' lang='lat'>(2)</span> <span class='ocrx_word' id='word_1_80' title='bbox 531 1382 706 1449; x_wconf 86' lang='lat' dir='ltr'><strong>Atque</strong></span> <span class='ocrx_word' id='word_1_81' title='bbox 754 1384 978 1453; x_wconf 83' lang='lat' dir='ltr'><strong>angelus</strong></span> <span class='ocrx_word' id='word_1_82' title='bbox 1030 1383 1245 1452; x_wconf 85' lang='lat' dir='ltr'><strong>quidem</strong></span> <span class='ocrx_word' id='word_1_83' title='bbox 1300 1384 1368 1438; x_wconf 90' lang='lat' dir='ltr'>ab</span> <span class='ocrx_word' id='word_1_84' title='bbox 1398 1399 1459 1437; x_wconf 91' lang='lat' dir='ltr'>ea</span> <span class='ocrx_word' id='word_1_85' title='bbox 1513 1385 1755 1438; x_wconf 85' lang='lat' dir='ltr'><strong>recessit.</strong></span> 
     </span>
    </p>
   </div>
   <div class='ocr_carea' id='block_1_14' title="bbox 180 1469 1762 1543">
    <p class='ocr_par' dir='ltr' id='par_1_14' title="bbox 180 1469 1762 1543">
     <span class='ocr_line' id='line_1_14' title="bbox 180 1469 1762 1543; baseline 0.003 -20"><span class='ocrx_word' id='word_1_86' title='bbox 180 1469 484 1524; x_wconf 84' lang='lat' dir='ltr'><strong>Consecuta</strong></span> <span class='ocrx_word' id='word_1_87' title='bbox 516 1483 602 1525; x_wconf 91' lang='lat' dir='ltr'>est</span> <span class='ocrx_word' id='word_1_88' title='bbox 645 1486 825 1530; x_wconf 85' lang='lat' dir='ltr'><strong>autem</strong></span> <span class='ocrx_word' id='word_1_89' title='bbox 864 1473 1020 1542; x_wconf 89' lang='lat' dir='ltr'><strong>paulo</strong></span> <span class='ocrx_word' id='word_1_90' title='bbox 1051 1482 1171 1543; x_wconf 90' lang='lat' dir='ltr'><strong>post</strong></span> <span class='ocrx_word' id='word_1_91' title='bbox 1196 1485 1251 1528; x_wconf 87' lang='lat' dir='ltr'>et</span> <span class='ocrx_word' id='word_1_92' title='bbox 1280 1473 1457 1528; x_wconf 71' lang='lat' dir='ltr'><strong>Maria:</strong></span> <span class='ocrx_word' id='word_1_93' title='bbox 1488 1490 1608 1528; x_wconf 89' lang='lat' dir='ltr'>cum</span> <span class='ocrx_word' id='word_1_94' title='bbox 1650 1484 1762 1528; x_wconf 88' lang='lat' dir='ltr'><strong>stu-</strong></span> 
     </span>
    </p>
   </div>
   <div class='ocr_carea' id='block_1_15' title="bbox 181 1558 1762 1630">
    <p class='ocr_par' dir='ltr' id='par_1_15' title="bbox 181 1558 1762 1630">
     <span class='ocr_line' id='line_1_15' title="bbox 181 1558 1762 1630; baseline 0.001 -19"><span class='ocrx_word' id='word_1_95' title='bbox 181 1558 270 1612; x_wconf 92' lang='lat' dir='ltr'>dio</span> <span class='ocrx_word' id='word_1_96' title='bbox 300 1560 365 1617; x_wconf 87' lang='lat' dir='ltr'>ad</span> <span class='ocrx_word' id='word_1_97' title='bbox 397 1571 656 1613; x_wconf 88' lang='lat' dir='ltr'><strong>montana</strong></span> <span class='ocrx_word' id='word_1_98' title='bbox 700 1562 988 1624; x_wconf 86' lang='lat' dir='ltr'><strong>adventus,</strong></span> <span class='ocrx_word' id='word_1_99' title='bbox 1037 1571 1088 1615; x_wconf 89' lang='lat' dir='ltr'>et</span> <span class='ocrx_word' id='word_1_100' title='bbox 1136 1561 1254 1630; x_wconf 86' lang='lat' dir='ltr'><strong>ejus</strong></span> <span class='ocrx_word' id='word_1_101' title='bbox 1292 1561 1346 1612; x_wconf 91' lang='lat' dir='ltr'>in</span> <span class='ocrx_word' id='word_1_102' title='bbox 1397 1560 1615 1614; x_wconf 90' lang='lat' dir='ltr'><strong>domum</strong></span> <span class='ocrx_word' id='word_1_103' title='bbox 1664 1559 1762 1612; x_wconf 84' lang='lat' dir='ltr'><strong>Za-</strong></span> 
     </span>
    </p>
   </div>
   <div class='ocr_carea' id='block_1_16' title="bbox 182 1650 1764 1722">
    <p class='ocr_par' dir='ltr' id='par_1_16' title="bbox 182 1650 1764 1722">
     <span class='ocr_line' id='line_1_16' title="bbox 182 1650 1764 1722; baseline 0.003 -21"><span class='ocrx_word' id='word_1_104' title='bbox 182 1650 386 1703; x_wconf 74' lang='lat' dir='ltr'><strong>charize</strong></span> <span class='ocrx_word' id='word_1_105' title='bbox 437 1650 743 1721; x_wconf 84' lang='lat' dir='ltr'><strong>ingressus.</strong></span> <span class='ocrx_word' id='word_1_106' title='bbox 790 1652 980 1722; x_wconf 79' lang='lat' dir='ltr'><strong>Magno</strong></span> <span class='ocrx_word' id='word_1_107' title='bbox 1039 1652 1182 1706; x_wconf 90' lang='lat' dir='ltr'><strong>enim</strong></span> <span class='ocrx_word' id='word_1_108' title='bbox 1249 1652 1430 1705; x_wconf 91' lang='lat' dir='ltr'><strong>studio</strong></span> <span class='ocrx_word' id='word_1_109' title='bbox 1484 1651 1764 1705; x_wconf 83' lang='lat' dir='ltr'><strong>contendit</strong></span> 
     </span>
    </p>
   </div>
   <div class='ocr_carea' id='block_1_17' title="bbox 183 1741 1763 1812">
    <p class='ocr_par' dir='ltr' id='par_1_17' title="bbox 183 1741 1763 1812">
     <span class='ocr_line' id='line_1_17' title="bbox 183 1741 1763 1812; baseline 0.003 -21"><span class='ocrx_word' id='word_1_110' title='bbox 183 1742 446 1812; x_wconf 81' lang='lat' dir='ltr'><strong>gratulari</strong></span> <span class='ocrx_word' id='word_1_111' title='bbox 480 1742 823 1804; x_wconf 66' lang='lat' dir='ltr'><strong>Elisabetbaz,</strong></span> <span class='ocrx_word' id='word_1_112' title='bbox 876 1752 933 1795; x_wconf 90' lang='lat' dir='ltr'>ut</span> <span class='ocrx_word' id='word_1_113' title='bbox 987 1757 1105 1811; x_wconf 64' lang='lat' dir='ltr'><strong>quae</strong></span> <span class='ocrx_word' id='word_1_114' title='bbox 1151 1741 1218 1795; x_wconf 88' lang='lat' dir='ltr'>ab</span> <span class='ocrx_word' id='word_1_115' title='bbox 1262 1742 1453 1810; x_wconf 80' lang='lat' dir='ltr'><strong>angelo</strong></span> <span class='ocrx_word' id='word_1_116' title='bbox 1486 1742 1763 1797; x_wconf 89' lang='lat' dir='ltr'><strong>didicisset</strong></span> 
     </span>
    </p>
   </div>
   <div class='ocr_carea' id='block_1_18' title="bbox 184 1832 1763 1902">
    <p class='ocr_par' dir='ltr' id='par_1_18' title="bbox 184 1832 1763 1902">
     <span class='ocr_line' id='line_1_18' title="bbox 184 1832 1763 1902; baseline 0.004 -21"><span class='ocrx_word' id='word_1_117' title='bbox 184 1848 376 1886; x_wconf 85' lang='lat' dir='ltr'><strong>novam</strong></span> <span class='ocrx_word' id='word_1_118' title='bbox 421 1832 543 1898; x_wconf 89' lang='lat' dir='ltr'><strong>ejus</strong></span> <span class='ocrx_word' id='word_1_119' title='bbox 590 1832 1026 1900; x_wconf 85' lang='lat' dir='ltr'><strong>conceptionem.</strong></span> <span class='ocrx_word' id='word_1_120' title='bbox 1061 1832 1283 1886; x_wconf 81' lang='lat' dir='ltr'><strong>Accedit</strong></span> <span class='ocrx_word' id='word_1_121' title='bbox 1314 1847 1462 1902; x_wconf 87' lang='lat' dir='ltr'><strong>ergo,</strong></span> <span class='ocrx_word' id='word_1_122' title='bbox 1499 1843 1553 1886; x_wconf 88' lang='lat' dir='ltr'>et</span> <span class='ocrx_word' id='word_1_123' title='bbox 1605 1833 1763 1888; x_wconf 85' lang='lat' dir='ltr'><strong>beni-</strong></span> 
     </span>
    </p>
   </div>
   <div class='ocr_carea' id='block_1_19' title="bbox 1860 651 3421 721">
    <p class='ocr_par' dir='ltr' id='par_1_19' title="bbox 1860 651 3421 721">
     <span class='ocr_line' id='line_1_19' title="bbox 1860 651 3421 721; baseline 0.001 -16"><span class='ocrx_word' id='word_1_124' title='bbox 1860 664 1963 709; x_wconf 88' lang='lat' dir='ltr'><strong>tur.</strong></span> <span class='ocrx_word' id='word_1_125' title='bbox 2004 653 2203 720; x_wconf 88' lang='lat' dir='ltr'><strong>quippe</strong></span> <span class='ocrx_word' id='word_1_126' title='bbox 2236 652 2324 719; x_wconf 92' lang='lat' dir='ltr'>qui</span> <span class='ocrx_word' id='word_1_127' title='bbox 2356 652 2472 721; x_wconf 86' lang='lat' dir='ltr'><strong>ejus</strong></span> <span class='ocrx_word' id='word_1_128' title='bbox 2501 660 2787 718; x_wconf 86' lang='lat' dir='ltr'><strong>superaret</strong></span> <span class='ocrx_word' id='word_1_129' title='bbox 2826 651 3216 716; x_wconf 86' lang='lat' dir='ltr'><strong>conditionem,</strong></span> <span class='ocrx_word' id='word_1_130' title='bbox 3281 652 3421 709; x_wconf 67' lang='lat' dir='ltr'><strong>Unde</strong></span> 
     </span>
    </p>
   </div>
   <div class='ocr_carea' id='block_1_20' title="bbox 1859 742 3422 806">
    <p class='ocr_par' dir='ltr' id='par_1_20' title="bbox 1859 742 3422 806">
     <span class='ocr_line' id='line_1_20' title="bbox 1859 742 3422 806; baseline 0.002 -11"><span class='ocrx_word' id='word_1_131' title='bbox 1859 743 1952 795; x_wconf 86' lang='lat' dir='ltr'><strong>hoc</strong></span> <span class='ocrx_word' id='word_1_132' title='bbox 1979 743 2127 806; x_wconf 81' lang='lat' dir='ltr'><strong>mihi,</strong></span> <span class='ocrx_word' id='word_1_133' title='bbox 2158 743 2344 797; x_wconf 74' lang='lat' dir='ltr'><strong>dicens</strong></span> <span class='ocrx_word' id='word_1_134' title='bbox 2376 761 2387 796; x_wconf 92' lang='lat'>:</span> <span class='ocrx_word' id='word_1_135' title='bbox 2422 743 2560 796; x_wconf 84' lang='lat' dir='ltr'><strong>sient</strong></span> <span class='ocrx_word' id='word_1_136' title='bbox 2593 742 2752 798; x_wconf 87' lang='lat' dir='ltr'><strong>etiam</strong></span> <span class='ocrx_word' id='word_1_137' title='bbox 2806 742 2945 797; x_wconf 90' lang='lat' dir='ltr'><strong>illius</strong></span> <span class='ocrx_word' id='word_1_138' title='bbox 2976 744 3117 798; x_wconf 80' lang='lat' dir='ltr'><strong>illius</strong></span> <span class='ocrx_word' id='word_1_139' title='bbox 3144 744 3211 798; x_wconf 89' lang='lat' dir='ltr'>de</span> <span class='ocrx_word' id='word_1_140' title='bbox 3242 743 3422 799; x_wconf 87' lang='lat' dir='ltr'><strong>Domi-</strong></span> 
     </span>
    </p>
   </div>
   <div class='ocr_carea' id='block_1_21' title="bbox 1859 832 3425 902">
    <p class='ocr_par' dir='ltr' id='par_1_21' title="bbox 1859 832 3425 902">
     <span class='ocr_line' id='line_1_21' title="bbox 1859 832 3425 902; baseline 0.003 -16"><span class='ocrx_word' id='word_1_141' title='bbox 1859 832 1915 886; x_wconf 89' lang='lat' dir='ltr'>ni</span> <span class='ocrx_word' id='word_1_142' title='bbox 1945 833 2183 886; x_wconf 90' lang='lat' dir='ltr'><strong>adventu</strong></span> <span class='ocrx_word' id='word_1_143' title='bbox 2220 833 2273 886; x_wconf 91' lang='lat' dir='ltr'>in</span> <span class='ocrx_word' id='word_1_144' title='bbox 2318 843 2561 902; x_wconf 89' lang='lat' dir='ltr'><strong>tempore</strong></span> <span class='ocrx_word' id='word_1_145' title='bbox 2608 832 2886 901; x_wconf 80' lang='lat' dir='ltr'><strong>baptismi.</strong></span> <span class='ocrx_word' id='word_1_146' title='bbox 2939 833 3054 888; x_wconf 74' lang='lat' dir='ltr'>lam</span> <span class='ocrx_word' id='word_1_147' title='bbox 3108 850 3236 889; x_wconf 86' lang='lat' dir='ltr'><strong>vero</strong></span> <span class='ocrx_word' id='word_1_148' title='bbox 3283 836 3425 890; x_wconf 86' lang='lat' dir='ltr'><strong>hanc</strong></span> 
     </span>
    </p>
   </div>
   <div class='ocr_carea' id='block_1_22' title="bbox 1859 922 3423 990">
    <p class='ocr_par' dir='ltr' id='par_1_22' title="bbox 1859 922 3423 990">
     <span class='ocr_line' id='line_1_22' title="bbox 1859 922 3423 990; baseline 0.004 -17"><span class='ocrx_word' id='word_1_149' title='bbox 1859 936 2076 990; x_wconf 89' lang='lat' dir='ltr'><strong>quoque</strong></span> <span class='ocrx_word' id='word_1_150' title='bbox 2109 933 2335 974; x_wconf 87' lang='lat' dir='ltr'><strong>matrem</strong></span> <span class='ocrx_word' id='word_1_151' title='bbox 2364 931 2421 975; x_wconf 88' lang='lat' dir='ltr'>ct</span> <span class='ocrx_word' id='word_1_152' title='bbox 2467 922 2737 976; x_wconf 87' lang='lat' dir='ltr'><strong>dominam</strong></span> <span class='ocrx_word' id='word_1_153' title='bbox 2791 939 2945 978; x_wconf 92' lang='lat' dir='ltr'><strong>suam</strong></span> <span class='ocrx_word' id='word_1_154' title='bbox 2994 924 3273 979; x_wconf 84' lang='lat' dir='ltr'><strong>nominat:</strong></span> <span class='ocrx_word' id='word_1_155' title='bbox 3328 925 3423 979; x_wconf 88' lang='lat' dir='ltr'>sed</span> 
     </span>
    </p>
   </div>
   <div class='ocr_carea' id='block_1_23' title="bbox 1862 1013 3423 1085">
    <p class='ocr_par' dir='ltr' id='par_1_23' title="bbox 1862 1013 3423 1085">
     <span class='ocr_line' id='line_1_23' title="bbox 1862 1013 3423 1085; baseline 0.002 -18"><span class='ocrx_word' id='word_1_156' title='bbox 1862 1016 2024 1067; x_wconf 89' lang='lat' dir='ltr'><strong>etiam</strong></span> <span class='ocrx_word' id='word_1_157' title='bbox 2072 1013 2412 1068; x_wconf 88' lang='lat' dir='ltr'><strong>benedictam</strong></span> <span class='ocrx_word' id='word_1_158' title='bbox 2460 1014 2593 1069; x_wconf 86' lang='lat' dir='ltr'><strong>dicit</strong></span> <span class='ocrx_word' id='word_1_159' title='bbox 2618 1016 2671 1067; x_wconf 92' lang='lat' dir='ltr'>in</span> <span class='ocrx_word' id='word_1_160' title='bbox 2710 1016 3046 1081; x_wconf 86' lang='lat' dir='ltr'><strong>mulieribus,</strong></span> <span class='ocrx_word' id='word_1_161' title='bbox 3078 1027 3133 1070; x_wconf 89' lang='lat' dir='ltr'>et</span> <span class='ocrx_word' id='word_1_162' title='bbox 3158 1032 3304 1080; x_wconf 90' lang='lat' dir='ltr'><strong>eum,</strong></span> <span class='ocrx_word' id='word_1_163' title='bbox 3333 1018 3423 1085; x_wconf 91' lang='lat' dir='ltr'>qui</span> 
     </span>
    </p>
   </div>
   <div class='ocr_carea' id='block_1_24' title="bbox 1860 1100 3428 1172">
    <p class='ocr_par' dir='ltr' id='par_1_24' title="bbox 1860 1100 3428 1172">
     <span class='ocr_line' id='line_1_24' title="bbox 1860 1100 3428 1172; baseline 0.004 -18"><span class='ocrx_word' id='word_1_164' title='bbox 1860 1100 1914 1154; x_wconf 90' lang='lat' dir='ltr'>in</span> <span class='ocrx_word' id='word_1_165' title='bbox 1948 1112 2102 1156; x_wconf 86' lang='lat' dir='ltr'><strong>utero</strong></span> <span class='ocrx_word' id='word_1_166' title='bbox 2139 1102 2467 1172; x_wconf 87' lang='lat' dir='ltr'><strong>gestabatur,</strong></span> <span class='ocrx_word' id='word_1_167' title='bbox 2498 1102 2735 1158; x_wconf 77' lang='lat' dir='ltr'><strong>fructum</strong></span> <span class='ocrx_word' id='word_1_168' title='bbox 2758 1105 2962 1159; x_wconf 82' lang='lat' dir='ltr'><strong>ventris</strong></span> <span class='ocrx_word' id='word_1_169' title='bbox 3008 1116 3164 1160; x_wconf 85' lang='lat' dir='ltr'><strong>vocat</strong></span> <span class='ocrx_word' id='word_1_170' title='bbox 3195 1106 3428 1160; x_wconf 84' lang='lat' dir='ltr'><strong>admira-</strong></span> 
     </span>
    </p>
   </div>
   <div class='ocr_carea' id='block_1_25' title="bbox 1860 1191 3428 1261">
    <p class='ocr_par' dir='ltr' id='par_1_25' title="bbox 1860 1191 3428 1261">
     <span class='ocr_line' id='line_1_25' title="bbox 1860 1191 3428 1261; baseline 0.001 -14"><span class='ocrx_word' id='word_1_171' title='bbox 1860 1191 2063 1255; x_wconf 87' lang='lat' dir='ltr'><strong>biliter,</strong></span> <span class='ocrx_word' id='word_1_172' title='bbox 2122 1192 2299 1261; x_wconf 89' lang='lat' dir='ltr'><strong>utqui</strong></span> <span class='ocrx_word' id='word_1_173' title='bbox 2358 1207 2482 1246; x_wconf 85' lang='lat' dir='ltr'>cum</span> <span class='ocrx_word' id='word_1_174' title='bbox 2540 1193 2643 1247; x_wconf 88' lang='lat' dir='ltr'><strong>viri</strong></span> <span class='ocrx_word' id='word_1_175' title='bbox 2704 1195 2910 1249; x_wconf 85' lang='lat' dir='ltr'><strong>semine</strong></span> <span class='ocrx_word' id='word_1_176' title='bbox 2961 1194 3095 1249; x_wconf 88' lang='lat' dir='ltr'><strong>nihil</strong></span> <span class='ocrx_word' id='word_1_177' title='bbox 3147 1194 3428 1249; x_wconf 84' lang='lat' dir='ltr'><strong>habuisset</strong></span> 
     </span>
    </p>
   </div>
   <div class='ocr_carea' id='block_1_26' title="bbox 1859 1296 2169 1336">
    <p class='ocr_par' dir='ltr' id='par_1_26' title="bbox 1859 1296 2169 1336">
     <span class='ocr_line' id='line_1_26' title="bbox 1859 1296 2169 1336; baseline -0.003 -1"><span class='ocrx_word' id='word_1_178' title='bbox 1859 1296 2169 1336; x_wconf 75' lang='lat' dir='ltr'><strong>commune.</strong></span> 
     </span>
    </p>
   </div>
   <div class='ocr_carea' id='block_1_27' title="bbox 1923 1372 3431 1444">
    <p class='ocr_par' dir='ltr' id='par_1_27' title="bbox 1923 1372 3431 1444">
     <span class='ocr_line' id='line_1_27' title="bbox 1923 1372 3431 1444; baseline 0.005 -20"><span class='ocrx_word' id='word_1_179' title='bbox 1923 1372 2032 1426; x_wconf 78' lang='lat' dir='ltr'><strong>Vll.</strong></span> <span class='ocrx_word' id='word_1_180' title='bbox 2056 1374 2370 1443; x_wconf 73' lang='lat' dir='ltr'><strong>(lujusmodi</strong></span> <span class='ocrx_word' id='word_1_181' title='bbox 2388 1390 2519 1430; x_wconf 85' lang='lat' dir='ltr'><strong>vero</strong></span> <span class='ocrx_word' id='word_1_182' title='bbox 2538 1384 2621 1431; x_wconf 92' lang='lat' dir='ltr'>est</span> <span class='ocrx_word' id='word_1_183' title='bbox 2643 1375 2729 1429; x_wconf 88' lang='lat' dir='ltr'><strong>illa</strong></span> <span class='ocrx_word' id='word_1_184' title='bbox 2751 1390 2968 1444; x_wconf 88' lang='lat' dir='ltr'><strong>quoque</strong></span> <span class='ocrx_word' id='word_1_185' title='bbox 2989 1392 3175 1432; x_wconf 84' lang='lat' dir='ltr'><strong>rursus</strong></span> <span class='ocrx_word' id='word_1_186' title='bbox 3190 1377 3431 1431; x_wconf 87' lang='lat' dir='ltr'><strong>admira-</strong></span> 
     </span>
    </p>
   </div>
   <div class='ocr_carea' id='block_1_28' title="bbox 1862 1462 3431 1533">
    <p class='ocr_par' dir='ltr' id='par_1_28' title="bbox 1862 1462 3431 1533">
     <span class='ocr_line' id='line_1_28' title="bbox 1862 1462 3431 1533; baseline 0.002 -17"><span class='ocrx_word' id='word_1_187' title='bbox 1862 1462 1985 1517; x_wconf 90' lang='lat' dir='ltr'><strong>bilis</strong></span> <span class='ocrx_word' id='word_1_188' title='bbox 2010 1462 2184 1516; x_wconf 79' lang='lat' dir='ltr'><strong>Mariae</strong></span> <span class='ocrx_word' id='word_1_189' title='bbox 2217 1466 2518 1533; x_wconf 79' lang='lat' dir='ltr'><strong>praedictio,</strong></span> <span class='ocrx_word' id='word_1_190' title='bbox 2541 1465 2653 1520; x_wconf 84' lang='lat' dir='ltr'><strong>lore</strong></span> <span class='ocrx_word' id='word_1_191' title='bbox 2671 1474 2730 1519; x_wconf 91' lang='lat' dir='ltr'>ut</span> <span class='ocrx_word' id='word_1_192' title='bbox 2758 1466 3123 1521; x_wconf 88' lang='lat' dir='ltr'><strong>celebraretur</strong></span> <span class='ocrx_word' id='word_1_193' title='bbox 3154 1467 3221 1521; x_wconf 88' lang='lat' dir='ltr'>ab</span> <span class='ocrx_word' id='word_1_194' title='bbox 3252 1468 3431 1521; x_wconf 90' lang='lat' dir='ltr'><strong>omni-</strong></span> 
     </span>
    </p>
   </div>
   <div class='ocr_carea' id='block_1_29' title="bbox 1863 1553 3431 1627">
    <p class='ocr_par' dir='ltr' id='par_1_29' title="bbox 1863 1553 3431 1627">
     <span class='ocr_line' id='line_1_29' title="bbox 1863 1553 3431 1627; baseline 0.001 -20"><span class='ocrx_word' id='word_1_195' title='bbox 1863 1553 1964 1607; x_wconf 92' lang='lat' dir='ltr'>bus</span> <span class='ocrx_word' id='word_1_196' title='bbox 1985 1554 2443 1623; x_wconf 75' lang='lat' dir='ltr'><strong>generationibus.</strong></span> <span class='ocrx_word' id='word_1_197' title='bbox 2469 1555 2587 1610; x_wconf 85' lang='lat' dir='ltr'>Non</span> <span class='ocrx_word' id='word_1_198' title='bbox 2610 1556 2754 1611; x_wconf 88' lang='lat' dir='ltr'><strong>enim</strong></span> <span class='ocrx_word' id='word_1_199' title='bbox 2777 1556 2855 1627; x_wconf 78' lang='grc' dir='ltr'>(ὅ)</span> <span class='ocrx_word' id='word_1_200' title='bbox 2871 1572 2928 1612; x_wconf 90' lang='lat' dir='ltr'>se</span> <span class='ocrx_word' id='word_1_201' title='bbox 2943 1557 3152 1613; x_wconf 88' lang='lat' dir='ltr'><strong>beatam</strong></span> <span class='ocrx_word' id='word_1_202' title='bbox 3171 1557 3431 1627; x_wconf 70' lang='lat' dir='ltr'><strong>praedicat</strong></span> 
     </span>
    </p>
   </div>
   <div class='ocr_carea' id='block_1_30' title="bbox 1864 1647 3432 1719">
    <p class='ocr_par' dir='ltr' id='par_1_30' title="bbox 1864 1647 3432 1719">
     <span class='ocr_line' id='line_1_30' title="bbox 1864 1647 3432 1719; baseline 0.004 -20"><span class='ocrx_word' id='word_1_203' title='bbox 1864 1660 1999 1699; x_wconf 86' lang='lat' dir='ltr'><strong>vana</strong></span> <span class='ocrx_word' id='word_1_204' title='bbox 2035 1656 2177 1700; x_wconf 91' lang='lat' dir='ltr'><strong>mota</strong></span> <span class='ocrx_word' id='word_1_205' title='bbox 2205 1647 2535 1717; x_wconf 75' lang='lat' dir='ltr'><strong>arrogantia,</strong></span> <span class='ocrx_word' id='word_1_206' title='bbox 2577 1663 2757 1717; x_wconf 88' lang='lat' dir='ltr'><strong>neque</strong></span> <span class='ocrx_word' id='word_1_207' title='bbox 2788 1649 2971 1719; x_wconf 88' lang='lat' dir='ltr'><strong>lingua</strong></span> <span class='ocrx_word' id='word_1_208' title='bbox 3000 1650 3282 1705; x_wconf 88' lang='lat' dir='ltr'><strong>communi</strong></span> <span class='ocrx_word' id='word_1_209' title='bbox 3314 1649 3432 1705; x_wconf 66' lang='lat' dir='ltr'>hac</span> 
     </span>
    </p>
   </div>
   <div class='ocr_carea' id='block_1_31' title="bbox 1866 1737 3433 1812">
    <p class='ocr_par' dir='ltr' id='par_1_31' title="bbox 1866 1737 3433 1812">
     <span class='ocr_line' id='line_1_31' title="bbox 1866 1737 3433 1812; baseline 0.003 -21"><span class='ocrx_word' id='word_1_210' title='bbox 1866 1737 2127 1805; x_wconf 86' lang='lat' dir='ltr'><strong>loquitur:</strong></span> <span class='ocrx_word' id='word_1_211' title='bbox 2165 1737 2260 1792; x_wconf 90' lang='lat' dir='ltr'>sed</span> <span class='ocrx_word' id='word_1_212' title='bbox 2278 1739 2462 1793; x_wconf 90' lang='lat' dir='ltr'><strong>divino</strong></span> <span class='ocrx_word' id='word_1_213' title='bbox 2499 1737 2708 1809; x_wconf 89' lang='lat' dir='ltr'><strong>Spiritu</strong></span> <span class='ocrx_word' id='word_1_214' title='bbox 2747 1741 3013 1807; x_wconf 89' lang='lat' dir='ltr'><strong>serviens,</strong></span> <span class='ocrx_word' id='word_1_215' title='bbox 3048 1750 3103 1796; x_wconf 90' lang='lat' dir='ltr'>et</span> <span class='ocrx_word' id='word_1_216' title='bbox 3133 1743 3184 1796; x_wconf 91' lang='lat' dir='ltr'>id</span> <span class='ocrx_word' id='word_1_217' title='bbox 3201 1742 3347 1812; x_wconf 89' lang='lat' dir='ltr'><strong>quod</strong></span> <span class='ocrx_word' id='word_1_218' title='bbox 3373 1742 3433 1795; x_wconf 84' lang='lat' dir='ltr'><strong>ﬁt</strong></span> 
     </span>
    </p>
   </div>
   <div class='ocr_carea' id='block_1_32' title="bbox 1866 1827 3432 1902">
    <p class='ocr_par' dir='ltr' id='par_1_32' title="bbox 1866 1827 3432 1902">
     <span class='ocr_line' id='line_1_32' title="bbox 1866 1827 3432 1902; baseline 0.004 -22"><span class='ocrx_word' id='word_1_219' title='bbox 1866 1827 1919 1880; x_wconf 93' lang='lat' dir='ltr'>in</span> <span class='ocrx_word' id='word_1_220' title='bbox 1954 1839 2247 1895; x_wconf 83' lang='lat' dir='ltr'><strong>aeternum,</strong></span> <span class='ocrx_word' id='word_1_221' title='bbox 2268 1830 2538 1887; x_wconf 86' lang='lat' dir='ltr'><strong>divinans.</strong></span> <span class='ocrx_word' id='word_1_222' title='bbox 2571 1830 2878 1902; x_wconf 79' lang='lat' dir='ltr'><strong>Magniﬁcat</strong></span> <span class='ocrx_word' id='word_1_223' title='bbox 2907 1843 3088 1888; x_wconf 84' lang='lat' dir='ltr'><strong>autent</strong></span> <span class='ocrx_word' id='word_1_224' title='bbox 3121 1834 3289 1888; x_wconf 90' lang='lat' dir='ltr'><strong>Deum</strong></span> <span class='ocrx_word' id='word_1_225' title='bbox 3320 1831 3432 1887; x_wconf 78' lang='lat' dir='ltr'>Ma-</span> 
     </span>
    </p>
   </div>
   <div class='ocr_carea' id='block_1_33' title="bbox 188 1901 3433 1995">
    <p class='ocr_par' dir='ltr' id='par_1_33' title="bbox 188 1901 3433 1995">
     <span class='ocr_line' id='line_1_33' title="bbox 188 1901 3433 1995; baseline 0.002 -20"><span class='ocrx_word' id='word_1_226' title='bbox 188 1938 293 1993; x_wconf 83' lang='lat' dir='ltr'>gne</span> <span class='ocrx_word' id='word_1_227' title='bbox 336 1923 557 1977; x_wconf 84' lang='lat' dir='ltr'><strong>salutat.</strong></span> <span class='ocrx_word' id='word_1_228' title='bbox 597 1923 680 1976; x_wconf 88' lang='lat' dir='ltr'>Fit</span> <span class='ocrx_word' id='word_1_229' title='bbox 731 1934 911 1977; x_wconf 84' lang='lat' dir='ltr'><strong>autem</strong></span> <span class='ocrx_word' id='word_1_230' title='bbox 959 1924 1206 1978; x_wconf 84' lang='lat' dir='ltr'><strong>salutatio</strong></span> <span class='ocrx_word' id='word_1_231' title='bbox 1253 1901 1423 1978; x_wconf 88' lang='lat' dir='ltr'><strong>dulcis</strong></span> <span class='ocrx_word' id='word_1_232' title='bbox 1476 1926 1763 1978; x_wconf 78' lang='lat' dir='ltr'><strong>exsultatio</strong></span> <span class='ocrx_word' id='word_1_233' title='bbox 1797 1901 1836 1957; x_wconf 72' lang='grc' dir='ltr'><strong>Β</strong></span> <span class='ocrx_word' id='word_1_234' title='bbox 1867 1921 1965 1977; x_wconf 83' lang='lat' dir='ltr'><strong>ria,</strong></span> <span class='ocrx_word' id='word_1_235' title='bbox 1994 1935 2053 1973; x_wconf 91' lang='lat' dir='ltr'>se</span> <span class='ocrx_word' id='word_1_236' title='bbox 2071 1930 2120 1973; x_wconf 91' lang='lat' dir='ltr'>et</span> <span class='ocrx_word' id='word_1_237' title='bbox 2146 1922 2376 1978; x_wconf 86' lang='lat' dir='ltr'><strong>credere</strong></span> <span class='ocrx_word' id='word_1_238' title='bbox 2428 1924 2729 1980; x_wconf 89' lang='lat' dir='ltr'><strong>ostendens</strong></span> <span class='ocrx_word' id='word_1_239' title='bbox 2758 1935 2982 1995; x_wconf 88' lang='lat' dir='ltr'><strong>propter</strong></span> <span class='ocrx_word' id='word_1_240' title='bbox 3013 1940 3200 1980; x_wconf 89' lang='lat' dir='ltr'><strong>vocem</strong></span> <span class='ocrx_word' id='word_1_241' title='bbox 3254 1925 3433 1980; x_wconf 86' lang='lat' dir='ltr'><strong>Elisa-</strong></span> 
     </span>
    </p>
   </div>
   <div class='ocr_carea' id='block_1_34' title="bbox 186 2008 1770 2084">
    <p class='ocr_par' dir='ltr' id='par_1_34' title="bbox 186 2012 1757 2083">
     <span class='ocr_line' id='line_1_34' title="bbox 186 2012 1757 2083; baseline 0.003 -17"><span class='ocrx_word' id='word_1_242' title='bbox 186 2012 430 2078; x_wconf 78' lang='lat' dir='ltr'><strong>infantis,</strong></span> <span class='ocrx_word' id='word_1_243' title='bbox 467 2015 558 2083; x_wconf 93' lang='lat' dir='ltr'>qui</span> <span class='ocrx_word' id='word_1_244' title='bbox 584 2025 699 2069; x_wconf 89' lang='lat' dir='ltr'><strong>erat</strong></span> <span class='ocrx_word' id='word_1_245' title='bbox 737 2016 787 2069; x_wconf 91' lang='lat' dir='ltr'>in</span> <span class='ocrx_word' id='word_1_246' title='bbox 822 2027 974 2070; x_wconf 89' lang='lat' dir='ltr'><strong>utero</strong></span> <span class='ocrx_word' id='word_1_247' title='bbox 1007 2016 1348 2072; x_wconf 69' lang='lat' dir='ltr'><strong>Elisabethee.</strong></span> <span class='ocrx_word' id='word_1_248' title='bbox 1382 2017 1498 2071; x_wconf 83' lang='lat' dir='ltr'>Jam</span> <span class='ocrx_word' id='word_1_249' title='bbox 1524 2018 1667 2071; x_wconf 92' lang='lat' dir='ltr'><strong>enim</strong></span> <span class='ocrx_word' id='word_1_250' title='bbox 1694 2032 1757 2071; x_wconf 79' lang='lat' dir='ltr'><strong>ex</strong></span> 
     </span>
    </p>
   </div>
   <div class='ocr_carea' id='block_1_35' title="bbox 1871 2008 3432 2084">
    <p class='ocr_par' dir='ltr' id='par_1_35' title="bbox 1871 2008 3432 2084">
     <span class='ocr_line' id='line_1_35' title="bbox 1871 2008 3432 2084; baseline 0.004 -24"><span class='ocrx_word' id='word_1_251' title='bbox 1871 2008 2079 2061; x_wconf 69' lang='lat' dir='ltr'><strong>betluc:</strong></span> <span class='ocrx_word' id='word_1_252' title='bbox 2119 2011 2280 2062; x_wconf 81' lang='lat' dir='ltr'><strong>Beata</strong></span> <span class='ocrx_word' id='word_1_253' title='bbox 2328 2011 2497 2076; x_wconf 90' lang='lat' dir='ltr'><strong>enim,</strong></span> <span class='ocrx_word' id='word_1_254' title='bbox 2529 2012 2728 2081; x_wconf 83' lang='lat' dir='ltr'><strong>inquit,</strong></span> <span class='ocrx_word' id='word_1_255' title='bbox 2767 2029 2884 2083; x_wconf 76' lang='lat' dir='ltr'><strong>qua:</strong></span> <span class='ocrx_word' id='word_1_256' title='bbox 2918 2015 3141 2067; x_wconf 79' lang='lat' dir='ltr'><strong>credidit</strong></span> <span class='ocrx_word' id='word_1_257' title='bbox 3199 2014 3331 2084; x_wconf 78' lang='lat' dir='ltr'><strong>fore,</strong></span> <span class='ocrx_word' id='word_1_258' title='bbox 3374 2024 3432 2066; x_wconf 85' lang='lat' dir='ltr'>ut</span> 
     </span>
    </p>
   </div>
   <div class='ocr_carea' id='block_1_36' title="bbox 187 2102 3434 2178">
    <p class='ocr_par' dir='ltr' id='par_1_36' title="bbox 187 2102 3434 2178">
     <span class='ocr_line' id='line_1_36' title="bbox 187 2102 3434 2178; baseline 0 -20"><span class='ocrx_word' id='word_1_259' title='bbox 187 2117 376 2159; x_wconf 81' lang='lat' dir='ltr'><strong>ventre</strong></span> <span class='ocrx_word' id='word_1_260' title='bbox 418 2107 629 2162; x_wconf 87' lang='lat' dir='ltr'><strong>sciebat</strong></span> <span class='ocrx_word' id='word_1_261' title='bbox 659 2123 847 2162; x_wconf 79' lang='lat' dir='ltr'><strong>servus</strong></span> <span class='ocrx_word' id='word_1_262' title='bbox 887 2109 1192 2174; x_wconf 88' lang='lat' dir='ltr'><strong>Dominum,</strong></span> <span class='ocrx_word' id='word_1_263' title='bbox 1217 2109 1306 2178; x_wconf 92' lang='lat' dir='ltr'>qui</span> <span class='ocrx_word' id='word_1_264' title='bbox 1338 2117 1453 2162; x_wconf 85' lang='lat' dir='ltr'><strong>erat</strong></span> <span class='ocrx_word' id='word_1_265' title='bbox 1488 2109 1540 2161; x_wconf 90' lang='lat' dir='ltr'>in</span> <span class='ocrx_word' id='word_1_266' title='bbox 1572 2119 1760 2163; x_wconf 89' lang='lat' dir='ltr'><strong>utero:</strong></span> <span class='ocrx_word' id='word_1_267' title='bbox 1872 2119 1930 2155; x_wconf 89' lang='lat' dir='ltr'>ea</span> <span class='ocrx_word' id='word_1_268' title='bbox 1959 2102 2319 2170; x_wconf 79' lang='lat' dir='ltr'><strong>perﬁciantur,</strong></span> <span class='ocrx_word' id='word_1_269' title='bbox 2354 2120 2468 2174; x_wconf 66' lang='lat' dir='ltr'><strong>qua!</strong></span> <span class='ocrx_word' id='word_1_270' title='bbox 2485 2105 2531 2160; x_wconf 82' lang='lat' dir='ltr'>ei</span> <span class='ocrx_word' id='word_1_271' title='bbox 2557 2106 2696 2159; x_wconf 85' lang='lat' dir='ltr'><strong>dicta</strong></span> <span class='ocrx_word' id='word_1_272' title='bbox 2720 2116 2842 2160; x_wconf 82' lang='lat' dir='ltr'><strong>sunt</strong></span> <span class='ocrx_word' id='word_1_273' title='bbox 2867 2123 2899 2159; x_wconf 91' lang='lat' dir='ltr'>a</span> <span class='ocrx_word' id='word_1_274' title='bbox 2926 2106 3145 2161; x_wconf 88' lang='lat' dir='ltr'><strong>Domino</strong></span> <span class='ocrx_word' id='word_1_275' title='bbox 3175 2107 3249 2170; x_wconf 81' lang='grc'>⁶“;</span> <span class='ocrx_word' id='word_1_276' title='bbox 3275 2115 3336 2159; x_wconf 89' lang='lat' dir='ltr'>et</span> <span class='ocrx_word' id='word_1_277' title='bbox 3376 2121 3434 2160; x_wconf 86' lang='lat' dir='ltr'>se</span> 
     </span>
    </p>
   </div>
   <div class='ocr_carea' id='block_1_37' title="bbox 187 2193 3435 2266">
    <p class='ocr_par' dir='ltr' id='par_1_37' title="bbox 187 2193 3435 2266">
     <span class='ocr_line' id='line_1_37' title="bbox 187 2193 3435 2266; baseline 0.001 -20"><span class='ocrx_word' id='word_1_278' title='bbox 187 2201 397 2247; x_wconf 85' lang='lat' dir='ltr'><strong>etcum</strong></span> <span class='ocrx_word' id='word_1_279' title='bbox 431 2196 695 2250; x_wconf 89' lang='lat' dir='ltr'><strong>sensisset</strong></span> <span class='ocrx_word' id='word_1_280' title='bbox 747 2197 863 2263; x_wconf 87' lang='lat' dir='ltr'><strong>ejus</strong></span> <span class='ocrx_word' id='word_1_281' title='bbox 888 2197 941 2249; x_wconf 92' lang='lat' dir='ltr'>in</span> <span class='ocrx_word' id='word_1_282' title='bbox 988 2197 1248 2251; x_wconf 83' lang='lat' dir='ltr'><strong>mundum</strong></span> <span class='ocrx_word' id='word_1_283' title='bbox 1298 2198 1610 2260; x_wconf 83' lang='lat' dir='ltr'><strong>adventum,</strong></span> <span class='ocrx_word' id='word_1_284' title='bbox 1664 2196 1763 2250; x_wconf 83' lang='lat' dir='ltr'><strong>mi-</strong></span> <span class='ocrx_word' id='word_1_285' title='bbox 1870 2193 1919 2246; x_wconf 92' lang='lat' dir='ltr'>ei</span> <span class='ocrx_word' id='word_1_286' title='bbox 1941 2203 2045 2247; x_wconf 89' lang='lat' dir='ltr'>tam</span> <span class='ocrx_word' id='word_1_287' title='bbox 2062 2208 2268 2262; x_wconf 71' lang='lat' dir='ltr'><strong>magna:</strong></span> <span class='ocrx_word' id='word_1_288' title='bbox 2296 2196 2371 2247; x_wconf 88' lang='lat' dir='ltr'>rei</span> <span class='ocrx_word' id='word_1_289' title='bbox 2399 2195 2681 2250; x_wconf 85' lang='lat' dir='ltr'><strong>inservire.</strong></span> <span class='ocrx_word' id='word_1_290' title='bbox 2709 2196 2814 2251; x_wconf 90' lang='lat' dir='ltr'><strong>Sed</strong></span> <span class='ocrx_word' id='word_1_291' title='bbox 2840 2197 2953 2250; x_wconf 71' lang='lat' dir='ltr'><strong>inec</strong></span> <span class='ocrx_word' id='word_1_292' title='bbox 2977 2197 3193 2266; x_wconf 89' lang='lat' dir='ltr'><strong>quidem</strong></span> <span class='ocrx_word' id='word_1_293' title='bbox 3230 2197 3308 2250; x_wconf 90' lang='lat' dir='ltr'>sic</span> <span class='ocrx_word' id='word_1_294' title='bbox 3339 2196 3435 2249; x_wconf 63' lang='lat' dir='ltr'>ha»</span> 
     </span>
    </p>
   </div>
   <div class='ocr_carea' id='block_1_38' title="bbox 188 2282 3437 2357">
    <p class='ocr_par' dir='ltr' id='par_1_38' title="bbox 188 2282 3437 2357">
     <span class='ocr_line' id='line_1_38' title="bbox 188 2282 3437 2357; baseline 0.001 -21"><span class='ocrx_word' id='word_1_295' title='bbox 188 2284 417 2339; x_wconf 89' lang='lat' dir='ltr'><strong>randum</strong></span> <span class='ocrx_word' id='word_1_296' title='bbox 469 2286 526 2340; x_wconf 90' lang='lat' dir='ltr'>in</span> <span class='ocrx_word' id='word_1_297' title='bbox 584 2287 805 2341; x_wconf 88' lang='lat' dir='ltr'><strong>modum</strong></span> <span class='ocrx_word' id='word_1_298' title='bbox 850 2286 1148 2341; x_wconf 70' lang='lat' dir='ltr'><strong>laetabatur.</strong></span> <span class='ocrx_word' id='word_1_299' title='bbox 1206 2287 1319 2342; x_wconf 86' lang='lat' dir='ltr'><strong>lloc</strong></span> <span class='ocrx_word' id='word_1_300' title='bbox 1365 2289 1511 2342; x_wconf 90' lang='lat' dir='ltr'><strong>enim</strong></span> <span class='ocrx_word' id='word_1_301' title='bbox 1572 2297 1758 2356; x_wconf 89' lang='lat' dir='ltr'><strong>aperte</strong></span> <span class='ocrx_word' id='word_1_302' title='bbox 1862 2285 2016 2343; x_wconf 85' lang='lat' dir='ltr'><strong>bent.</strong></span> <span class='ocrx_word' id='word_1_303' title='bbox 2043 2282 2098 2336; x_wconf 94' lang='lat' dir='ltr'>ln</span> <span class='ocrx_word' id='word_1_304' title='bbox 2129 2284 2288 2338; x_wconf 91' lang='lat' dir='ltr'><strong>domo</strong></span> <span class='ocrx_word' id='word_1_305' title='bbox 2314 2295 2493 2340; x_wconf 88' lang='lat' dir='ltr'><strong>autem</strong></span> <span class='ocrx_word' id='word_1_306' title='bbox 2524 2286 2945 2357; x_wconf 57' lang='lat' dir='ltr'><strong>Elisabetbaeﬂ)</strong></span> <span class='ocrx_word' id='word_1_307' title='bbox 2973 2288 3115 2342; x_wconf 87' lang='lat' dir='ltr'><strong>circa</strong></span> <span class='ocrx_word' id='word_1_308' title='bbox 3149 2298 3259 2341; x_wconf 88' lang='lat' dir='ltr'><strong>tres</strong></span> <span class='ocrx_word' id='word_1_309' title='bbox 3281 2302 3437 2340; x_wconf 80' lang='lat' dir='ltr'><strong>men-</strong></span> 
     </span>
    </p>
   </div>
   <div class='ocr_carea' id='block_1_39' title="bbox 186 2375 3438 2451">
    <p class='ocr_par' dir='ltr' id='par_1_39' title="bbox 186 2375 3438 2451">
     <span class='ocr_line' id='line_1_39' title="bbox 186 2375 3438 2451; baseline 0.001 -22"><span class='ocrx_word' id='word_1_310' title='bbox 186 2375 531 2440; x_wconf 80' lang='lat' dir='ltr'><strong>signiﬁcabat</strong></span> <span class='ocrx_word' id='word_1_311' title='bbox 585 2379 676 2433; x_wconf 90' lang='lat' dir='ltr'><strong>illa</strong></span> <span class='ocrx_word' id='word_1_312' title='bbox 728 2380 1037 2433; x_wconf 83' lang='lat' dir='ltr'><strong>exsultatio.</strong></span> <span class='ocrx_word' id='word_1_313' title='bbox 1091 2379 1209 2433; x_wconf 83' lang='lat' dir='ltr'>Non</span> <span class='ocrx_word' id='word_1_314' title='bbox 1264 2389 1316 2434; x_wconf 90' lang='lat' dir='ltr'>te</span> <span class='ocrx_word' id='word_1_315' title='bbox 1338 2391 1541 2434; x_wconf 61' lang='lat' dir='ltr'><strong>“autem</strong></span> <span class='ocrx_word' id='word_1_316' title='bbox 1562 2380 1758 2437; x_wconf 66' lang='lat' dir='ltr'><strong>\lateat</strong></span> <span class='ocrx_word' id='word_1_317' title='bbox 1864 2393 1952 2433; x_wconf 87' lang='lat' dir='ltr'>ses</span> <span class='ocrx_word' id='word_1_318' title='bbox 1977 2377 2241 2434; x_wconf 84' lang='lat' dir='ltr'><strong>habitavit</strong></span> <span class='ocrx_word' id='word_1_319' title='bbox 2267 2378 2451 2433; x_wconf 77' lang='lat' dir='ltr'><strong>Maria.</strong></span> <span class='ocrx_word' id='word_1_320' title='bbox 2471 2379 2673 2436; x_wconf 88' lang='lat' dir='ltr'><strong>Deinde</strong></span> <span class='ocrx_word' id='word_1_321' title='bbox 2696 2382 2795 2447; x_wconf 89' lang='lat' dir='ltr'><strong>sic,</strong></span> <span class='ocrx_word' id='word_1_322' title='bbox 2830 2382 3025 2451; x_wconf 89' lang='lat' dir='ltr'><strong>inquit,</strong></span> <span class='ocrx_word' id='word_1_323' title='bbox 3058 2397 3258 2435; x_wconf 80' lang='lat' dir='ltr'><strong>reversa</strong></span> <span class='ocrx_word' id='word_1_324' title='bbox 3283 2381 3438 2435; x_wconf 81' lang='lat' dir='ltr'><strong>estin</strong></span> 
     </span>
    </p>
   </div>
   <div class='ocr_carea' id='block_1_40' title="bbox 189 2465 1756 2539">
    <p class='ocr_par' dir='ltr' id='par_1_40' title="bbox 189 2465 1756 2539">
     <span class='ocr_line' id='line_1_40' title="bbox 189 2465 1756 2539; baseline 0.001 -18"><span class='ocrx_word' id='word_1_325' title='bbox 189 2465 520 2525; x_wconf 69' lang='lat' dir='ltr'><strong>Elisabetbte</strong></span> <span class='ocrx_word' id='word_1_326' title='bbox 580 2470 885 2525; x_wconf 84' lang='lat' dir='ltr'><strong>reverentia</strong></span> <span class='ocrx_word' id='word_1_327' title='bbox 918 2478 975 2523; x_wconf 89' lang='lat' dir='ltr'>et</span> <span class='ocrx_word' id='word_1_328' title='bbox 1024 2469 1331 2534; x_wconf 90' lang='lat' dir='ltr'><strong>submissio,</strong></span> <span class='ocrx_word' id='word_1_329' title='bbox 1384 2485 1506 2523; x_wconf 93' lang='lat' dir='ltr'>cum</span> <span class='ocrx_word' id='word_1_330' title='bbox 1558 2470 1756 2539; x_wconf 65' lang='lat' dir='ltr'><strong>praedi-</strong></span> 
     </span>
    </p>
   </div>
   <div class='ocr_carea' id='block_1_41' title="bbox 259 2652 1527 2721">
    <p class='ocr_par' dir='ltr' id='par_1_41' title="bbox 259 2652 1527 2721">
     <span class='ocr_line' id='line_1_41' title="bbox 259 2652 1527 2721; baseline 0.003 -14"><span class='ocrx_word' id='word_1_331' title='bbox 259 2656 279 2685; x_wconf 85' lang='grc'><strong>⁸</strong></span> <span class='ocrx_word' id='word_1_332' title='bbox 306 2652 450 2708; x_wconf 89' lang='lat' dir='ltr'><strong>Luc.</strong></span> <span class='ocrx_word' id='word_1_333' title='bbox 490 2669 534 2721; x_wconf 84' lang='grc' dir='ltr'>ι,</span> <span class='ocrx_word' id='word_1_334' title='bbox 567 2653 658 2709; x_wconf 78' lang='lat'>38.</span> <span class='ocrx_word' id='word_1_335' title='bbox 778 2654 819 2686; x_wconf 82' lang='lat'>&quot;</span> <span class='ocrx_word' id='word_1_336' title='bbox 856 2655 987 2712; x_wconf 88' lang='lat' dir='ltr'><strong>ibid.</strong></span> <span class='ocrx_word' id='word_1_337' title='bbox 1021 2656 1112 2712; x_wconf 72' lang='grc' dir='ltr'>ιδ.</span> <span class='ocrx_word' id='word_1_338' title='bbox 1222 2657 1243 2687; x_wconf 85' lang='lat'><strong>&#39;</strong></span> <span class='ocrx_word' id='word_1_339' title='bbox 1274 2656 1406 2713; x_wconf 86' lang='lat' dir='ltr'><strong>ibid.</strong></span> <span class='ocrx_word' id='word_1_340' title='bbox 1439 2657 1527 2713; x_wconf 86' lang='lat'>56.</span> 
     </span>
    </p>
   </div>
   <div class='ocr_carea' id='block_1_42' title="bbox 189 2833 1766 2911">
    <p class='ocr_par' dir='ltr' id='par_1_42' title="bbox 189 2833 1766 2911">
     <span class='ocr_line' id='line_1_42' title="bbox 189 2833 1766 2911; baseline 0.006 -24"><span class='ocrx_word' id='word_1_341' title='bbox 189 2833 426 2903; x_wconf 79' lang='grc' dir='ltr'>ἄγγελον</span> <span class='ocrx_word' id='word_1_342' title='bbox 446 2850 460 2866; x_wconf 87' lang='grc'><strong>·</strong></span> <span class='ocrx_word' id='word_1_343' title='bbox 496 2834 745 2890; x_wconf 83' lang='grc' dir='ltr'>Γένοιτό</span> <span class='ocrx_word' id='word_1_344' title='bbox 766 2853 867 2905; x_wconf 84' lang='grc' dir='ltr'>μοι</span> <span class='ocrx_word' id='word_1_345' title='bbox 894 2836 1044 2890; x_wconf 81' lang='grc' dir='ltr'>κατὰ</span> <span class='ocrx_word' id='word_1_346' title='bbox 1070 2837 1134 2890; x_wconf 85' lang='grc' dir='ltr'>τὸ</span> <span class='ocrx_word' id='word_1_347' title='bbox 1146 2837 1313 2907; x_wconf 76' lang='grc' dir='ltr'>ῥῆμά</span> <span class='ocrx_word' id='word_1_348' title='bbox 1338 2853 1453 2894; x_wconf 89' lang='grc' dir='ltr'>σου</span> <span class='ocrx_word' id='word_1_349' title='bbox 1478 2856 1491 2872; x_wconf 76' lang='grc' dir='ltr'><strong>ο</strong></span> <span class='ocrx_word' id='word_1_350' title='bbox 1522 2840 1638 2910; x_wconf 75' lang='grc' dir='ltr'>ἅμα</span> <span class='ocrx_word' id='word_1_351' title='bbox 1666 2841 1766 2911; x_wconf 83' lang='grc' dir='ltr'>τήν</span> 
     </span>
    </p>
   </div>
   <div class='ocr_carea' id='block_1_43' title="bbox 190 2926 1765 3000">
    <p class='ocr_par' dir='ltr' id='par_1_43' title="bbox 190 2926 1765 3000">
     <span class='ocr_line' id='line_1_43' title="bbox 190 2926 1765 3000; baseline 0.004 -21"><span class='ocrx_word' id='word_1_352' title='bbox 190 2943 248 2979; x_wconf 84' lang='grc' dir='ltr'>τε</span> <span class='ocrx_word' id='word_1_353' title='bbox 274 2926 565 2997; x_wconf 76' lang='grc' dir='ltr'>ἀκρὶὁειαν</span> <span class='ocrx_word' id='word_1_354' title='bbox 583 2928 659 2989; x_wconf 86' lang='grc' dir='ltr'>είς</span> <span class='ocrx_word' id='word_1_355' title='bbox 683 2929 804 2979; x_wconf 84' lang='grc' dir='ltr'>ὅσον</span> <span class='ocrx_word' id='word_1_356' title='bbox 821 2928 926 2981; x_wconf 80' lang='grc' dir='ltr'>ἔδει</span> <span class='ocrx_word' id='word_1_357' title='bbox 950 2930 1082 2998; x_wconf 82' lang='grc' dir='ltr'>πρὸς</span> <span class='ocrx_word' id='word_1_358' title='bbox 1101 2930 1198 3000; x_wconf 79' lang='grc' dir='ltr'>τὴν</span> <span class='ocrx_word' id='word_1_359' title='bbox 1219 2931 1312 2983; x_wconf 93' lang='grc' dir='ltr'>τοῦ</span> <span class='ocrx_word' id='word_1_360' title='bbox 1333 2932 1563 2999; x_wconf 78' lang='grc' dir='ltr'>ἀγγέλου</span> <span class='ocrx_word' id='word_1_361' title='bbox 1582 2933 1765 2999; x_wconf 77' lang='grc' dir='ltr'>φωνὴν</span> 
     </span>
    </p>
   </div>
   <div class='ocr_carea' id='block_1_44' title="bbox 191 3019 1764 3091">
    <p class='ocr_par' dir='ltr' id='par_1_44' title="bbox 191 3019 1764 3091">
     <span class='ocr_line' id='line_1_44' title="bbox 191 3019 1764 3091; baseline 0.003 -19"><span class='ocrx_word' id='word_1_362' title='bbox 191 3020 501 3085; x_wconf 71' lang='grc' dir='ltr'>φυλάξασα,</span> <span class='ocrx_word' id='word_1_363' title='bbox 526 3019 618 3071; x_wconf 77' lang='grc' dir='ltr'>καὶ</span> <span class='ocrx_word' id='word_1_364' title='bbox 640 3020 714 3088; x_wconf 79' lang='grc' dir='ltr'>μὴ</span> <span class='ocrx_word' id='word_1_365' title='bbox 742 3020 901 3073; x_wconf 80' lang='grc' dir='ltr'>πλέον</span> <span class='ocrx_word' id='word_1_366' title='bbox 922 3021 1061 3090; x_wconf 86' lang='grc' dir='ltr'>μετά</span> <span class='ocrx_word' id='word_1_367' title='bbox 1076 3021 1172 3091; x_wconf 79' lang='grc' dir='ltr'>τὴν</span> <span class='ocrx_word' id='word_1_368' title='bbox 1192 3022 1529 3087; x_wconf 78' lang='grc' dir='ltr'>ἀξιοπιστίαν</span> <span class='ocrx_word' id='word_1_369' title='bbox 1559 3023 1663 3076; x_wconf 82' lang='grc' dir='ltr'>τῶν</span> <span class='ocrx_word' id='word_1_370' title='bbox 1683 3026 1764 3077; x_wconf 79' lang='grc' dir='ltr'>εί-</span> 
     </span>
    </p>
   </div>
   <div class='ocr_carea' id='block_1_45' title="bbox 192 3110 1765 3188">
    <p class='ocr_par' dir='ltr' id='par_1_45' title="bbox 192 3110 1765 3188">
     <span class='ocr_line' id='line_1_45' title="bbox 192 3110 1765 3188; baseline 0.008 -28"><span class='ocrx_word' id='word_1_371' title='bbox 192 3111 450 3180; x_wconf 73' lang='grc' dir='ltr'>ρηυένων</span> <span class='ocrx_word' id='word_1_372' title='bbox 469 3110 695 3181; x_wconf 81' lang='grc' dir='ltr'>ἑλομένη</span> <span class='ocrx_word' id='word_1_373' title='bbox 718 3112 1016 3167; x_wconf 81' lang='grc' dir='ltr'>διαπιστεῖν</span> <span class='ocrx_word' id='word_1_374' title='bbox 1036 3131 1051 3145; x_wconf 75' lang='grc' dir='ltr'><strong>ο</strong></span> <span class='ocrx_word' id='word_1_375' title='bbox 1080 3114 1213 3167; x_wconf 89' lang='grc' dir='ltr'>ἀλλά</span> <span class='ocrx_word' id='word_1_376' title='bbox 1243 3116 1320 3186; x_wconf 83' lang='grc' dir='ltr'>τῷ</span> <span class='ocrx_word' id='word_1_377' title='bbox 1345 3116 1464 3182; x_wconf 77' lang='grc' dir='ltr'>μὲν,</span> <span class='ocrx_word' id='word_1_378' title='bbox 1494 3118 1593 3185; x_wconf 76' lang='grc' dir='ltr'>τῆς</span> <span class='ocrx_word' id='word_1_379' title='bbox 1628 3134 1765 3188; x_wconf 81' lang='grc' dir='ltr'>προ-</span> 
     </span>
    </p>
   </div>
   <div class='ocr_carea' id='block_1_46' title="bbox 192 3201 1763 3275">
    <p class='ocr_par' dir='ltr' id='par_1_46' title="bbox 192 3201 1763 3275">
     <span class='ocr_line' id='line_1_46' title="bbox 192 3201 1763 3275; baseline 0.008 -24"><span class='ocrx_word' id='word_1_380' title='bbox 192 3202 432 3269; x_wconf 84' lang='grc' dir='ltr'>μήτορος</span> <span class='ocrx_word' id='word_1_381' title='bbox 466 3201 565 3273; x_wconf 76' lang='grc' dir='ltr'>τὴν</span> <span class='ocrx_word' id='word_1_382' title='bbox 586 3203 797 3272; x_wconf 72' lang='grc' dir='ltr'>ἀπάτην</span> <span class='ocrx_word' id='word_1_383' title='bbox 814 3204 1149 3273; x_wconf 60' lang='grc' dir='ltr'>διαφυγοῦσα</span> <span class='ocrx_word' id='word_1_384' title='bbox 1169 3222 1183 3235; x_wconf 67' lang='grc' dir='ltr'>θ</span> <span class='ocrx_word' id='word_1_385' title='bbox 1212 3206 1288 3275; x_wconf 85' lang='grc' dir='ltr'>τῷ</span> <span class='ocrx_word' id='word_1_386' title='bbox 1307 3208 1362 3259; x_wconf 77' lang='grc' dir='ltr'>δὲ</span> <span class='ocrx_word' id='word_1_387' title='bbox 1391 3207 1449 3261; x_wconf 82' lang='grc' dir='ltr'>τὸ</span> <span class='ocrx_word' id='word_1_388' title='bbox 1477 3206 1763 3273; x_wconf 83' lang='grc' dir='ltr'>δυσπειθὲς</span> 
     </span>
    </p>
   </div>
   <div class='ocr_carea' id='block_1_47' title="bbox 188 3283 1835 3371">
    <p class='ocr_par' dir='ltr' id='par_1_47' title="bbox 188 3283 1835 3371">
     <span class='ocr_line' id='line_1_47' title="bbox 188 3283 1835 3371; baseline 0.007 -26"><span class='ocrx_word' id='word_1_389' title='bbox 188 3296 494 3349; x_wconf 76' lang='grc' dir='ltr'>ἑκκλίνασα</span> <span class='ocrx_word' id='word_1_390' title='bbox 546 3299 815 3367; x_wconf 76' lang='grc' dir='ltr'>Ζαχαρίου</span> <span class='ocrx_word' id='word_1_391' title='bbox 859 3298 954 3352; x_wconf 68' lang='grc' dir='ltr'>καὶ</span> <span class='ocrx_word' id='word_1_392' title='bbox 996 3300 1138 3368; x_wconf 88' lang='grc' dir='ltr'>πέρα</span> <span class='ocrx_word' id='word_1_393' title='bbox 1177 3299 1269 3355; x_wconf 91' lang='grc' dir='ltr'>τοῦ</span> <span class='ocrx_word' id='word_1_394' title='bbox 1304 3300 1481 3364; x_wconf 85' lang='grc' dir='ltr'>καλῶς</span> <span class='ocrx_word' id='word_1_395' title='bbox 1529 3301 1762 3371; x_wconf 82' lang='grc' dir='ltr'>ἔχοντος.</span> <span class='ocrx_word' id='word_1_396' title='bbox 1794 3283 1835 3340; x_wconf 74' lang='lat' dir='ltr'><strong>c</strong></span> 
     </span>
    </p>
   </div>
   <div class='ocr_carea' id='block_1_48' title="bbox 264 3388 1849 3464">
    <p class='ocr_par' dir='ltr' id='par_1_48' title="bbox 264 3388 1849 3464">
     <span class='ocr_line' id='line_1_48' title="bbox 264 3388 1849 3464; baseline 0.003 -24"><span class='ocrx_word' id='word_1_397' title='bbox 264 3388 343 3457; x_wconf 67' lang='lat'>(2)</span> <span class='ocrx_word' id='word_1_398' title='bbox 381 3390 457 3441; x_wconf 82' lang='grc' dir='ltr'>Ού</span> <span class='ocrx_word' id='word_1_399' title='bbox 496 3389 686 3458; x_wconf 78' lang='grc' dir='ltr'>φθάνει</span> <span class='ocrx_word' id='word_1_400' title='bbox 719 3391 849 3458; x_wconf 89' lang='grc' dir='ltr'>γοῦν</span> <span class='ocrx_word' id='word_1_401' title='bbox 883 3392 1247 3463; x_wconf 81' lang='grc' dir='ltr'>ἀσπασαμένη</span> <span class='ocrx_word' id='word_1_402' title='bbox 1282 3393 1381 3464; x_wconf 79' lang='grc' dir='ltr'>τὴν</span> <span class='ocrx_word' id='word_1_403' title='bbox 1420 3392 1703 3461; x_wconf 62' lang='grc' dir='ltr'>ξΕλισάὃετ</span> <span class='ocrx_word' id='word_1_404' title='bbox 1734 3396 1766 3463; x_wconf 80' lang='grc' dir='ltr'>ἡ</span> <span class='ocrx_word' id='word_1_405' title='bbox 1844 3432 1849 3437; x_wconf 85' lang='grc'>.</span> 
     </span>
    </p>
   </div>
   <div class='ocr_carea' id='block_1_49' title="bbox 190 3482 1772 3556">
    <p class='ocr_par' dir='ltr' id='par_1_49' title="bbox 190 3482 1772 3556">
     <span class='ocr_line' id='line_1_49' title="bbox 190 3482 1772 3556; baseline 0.004 -23"><span class='ocrx_word' id='word_1_406' title='bbox 190 3482 583 3552; x_wconf 70' lang='grc' dir='ltr'>πολυύμνητος</span> <span class='ocrx_word' id='word_1_407' title='bbox 621 3483 907 3537; x_wconf 75' lang='grc' dir='ltr'>Δέσποιναο</span> <span class='ocrx_word' id='word_1_408' title='bbox 940 3488 1031 3536; x_wconf 76' lang='grc' dir='ltr'>καὶ</span> <span class='ocrx_word' id='word_1_409' title='bbox 1072 3487 1101 3535; x_wconf 82' lang='grc' dir='ltr'><strong>ὁ</strong></span> <span class='ocrx_word' id='word_1_410' title='bbox 1132 3486 1445 3555; x_wconf 81' lang='grc' dir='ltr'>ἀσπασμὸς,</span> <span class='ocrx_word' id='word_1_411' title='bbox 1491 3486 1772 3556; x_wconf 72' lang='grc' dir='ltr'>σκίρτημα</span> 
     </span>
    </p>
   </div>
   <div class='ocr_carea' id='block_1_50' title="bbox 190 3572 1770 3648">
    <p class='ocr_par' dir='ltr' id='par_1_50' title="bbox 190 3572 1770 3648">
     <span class='ocr_line' id='line_1_50' title="bbox 190 3572 1770 3648; baseline 0.004 -23"><span class='ocrx_word' id='word_1_412' title='bbox 190 3572 286 3625; x_wconf 84' lang='grc' dir='ltr'>τοῦ</span> <span class='ocrx_word' id='word_1_413' title='bbox 326 3575 385 3625; x_wconf 81' lang='grc' dir='ltr'>ὲν</span> <span class='ocrx_word' id='word_1_414' title='bbox 419 3575 620 3642; x_wconf 69' lang='grc' dir='ltr'>γαστρὶ</span> <span class='ocrx_word' id='word_1_415' title='bbox 653 3575 821 3642; x_wconf 79' lang='grc' dir='ltr'>αὐτῆς</span> <span class='ocrx_word' id='word_1_416' title='bbox 858 3574 1091 3644; x_wconf 81' lang='grc' dir='ltr'>βρέφους</span> <span class='ocrx_word' id='word_1_417' title='bbox 1124 3575 1222 3635; x_wconf 78' lang='grc' dir='ltr'>ἡδὺ</span> <span class='ocrx_word' id='word_1_418' title='bbox 1250 3576 1481 3643; x_wconf 86' lang='grc' dir='ltr'>γίνεται.</span> <span class='ocrx_word' id='word_1_419' title='bbox 1525 3580 1633 3630; x_wconf 75' lang='grc' dir='ltr'>Καὶ</span> <span class='ocrx_word' id='word_1_420' title='bbox 1664 3580 1770 3648; x_wconf 80' lang='grc' dir='ltr'>γὰρ</span> 
     </span>
    </p>
   </div>
   <div class='ocr_carea' id='block_1_51' title="bbox 189 3664 1770 3739">
    <p class='ocr_par' dir='ltr' id='par_1_51' title="bbox 189 3664 1770 3739">
     <span class='ocr_line' id='line_1_51' title="bbox 189 3664 1770 3739; baseline 0.005 -23"><span class='ocrx_word' id='word_1_421' title='bbox 189 3667 300 3716; x_wconf 68' lang='grc' dir='ltr'>ἀπὸ</span> <span class='ocrx_word' id='word_1_422' title='bbox 322 3666 562 3732; x_wconf 73' lang='grc' dir='ltr'>γαστρὸς</span> <span class='ocrx_word' id='word_1_423' title='bbox 583 3664 883 3733; x_wconf 74' lang='grc' dir='ltr'>ἐμάνθανεν</span> <span class='ocrx_word' id='word_1_424' title='bbox 906 3667 1005 3737; x_wconf 76' lang='grc' dir='ltr'>ήδη</span> <span class='ocrx_word' id='word_1_425' title='bbox 1031 3668 1118 3719; x_wconf 70' lang='grc' dir='ltr'>τὸν</span> <span class='ocrx_word' id='word_1_426' title='bbox 1144 3668 1201 3719; x_wconf 86' lang='grc' dir='ltr'>ὲν</span> <span class='ocrx_word' id='word_1_427' title='bbox 1224 3669 1424 3736; x_wconf 73' lang='grc' dir='ltr'>γαστρὶ</span> <span class='ocrx_word' id='word_1_428' title='bbox 1446 3671 1723 3739; x_wconf 85' lang='grc' dir='ltr'>Δεσπότην</span> <span class='ocrx_word' id='word_1_429' title='bbox 1745 3674 1770 3724; x_wconf 89' lang='grc' dir='ltr'>ό</span> 
     </span>
    </p>
   </div>
   <div class='ocr_carea' id='block_1_52' title="bbox 184 3754 1768 3835">
    <p class='ocr_par' dir='ltr' id='par_1_52' title="bbox 184 3754 1768 3835">
     <span class='ocr_line' id='line_1_52' title="bbox 184 3754 1768 3835; baseline 0.005 -27"><span class='ocrx_word' id='word_1_430' title='bbox 184 3754 403 3819; x_wconf 84' lang='grc' dir='ltr'>δοῦλος,</span> <span class='ocrx_word' id='word_1_431' title='bbox 436 3756 531 3808; x_wconf 69' lang='grc' dir='ltr'>καὶ</span> <span class='ocrx_word' id='word_1_432' title='bbox 565 3755 661 3827; x_wconf 79' lang='grc' dir='ltr'>τὴν</span> <span class='ocrx_word' id='word_1_433' title='bbox 692 3759 771 3820; x_wconf 83' lang='grc' dir='ltr'>είς</span> <span class='ocrx_word' id='word_1_434' title='bbox 799 3758 889 3811; x_wconf 80' lang='grc' dir='ltr'>τὸν</span> <span class='ocrx_word' id='word_1_435' title='bbox 914 3758 1118 3827; x_wconf 87' lang='grc' dir='ltr'>κόσμον</span> <span class='ocrx_word' id='word_1_436' title='bbox 1150 3759 1313 3813; x_wconf 77' lang='grc' dir='ltr'>αὐτοῦ</span> <span class='ocrx_word' id='word_1_437' title='bbox 1334 3760 1565 3830; x_wconf 77' lang='grc' dir='ltr'>πάροδον</span> <span class='ocrx_word' id='word_1_438' title='bbox 1594 3762 1768 3835; x_wconf 71' lang='grc' dir='ltr'>ᾐσθη-</span> 
     </span>
    </p>
   </div>
   <div class='ocr_carea' id='block_1_53' title="bbox 190 3848 1773 3923">
    <p class='ocr_par' dir='ltr' id='par_1_53' title="bbox 190 3848 1773 3923">
     <span class='ocr_line' id='line_1_53' title="bbox 190 3848 1773 3923; baseline 0.005 -22"><span class='ocrx_word' id='word_1_439' title='bbox 190 3848 378 3917; x_wconf 82' lang='grc' dir='ltr'>μένος,</span> <span class='ocrx_word' id='word_1_440' title='bbox 412 3849 709 3917; x_wconf 82' lang='grc' dir='ltr'>ὑπερφυῶς</span> <span class='ocrx_word' id='word_1_441' title='bbox 737 3850 912 3919; x_wconf 79' lang='grc' dir='ltr'>ἥδετο.</span> <span class='ocrx_word' id='word_1_442' title='bbox 946 3852 1114 3904; x_wconf 73' lang='grc' dir='ltr'>Τοῦτο</span> <span class='ocrx_word' id='word_1_443' title='bbox 1143 3852 1248 3923; x_wconf 74' lang='grc' dir='ltr'>γὰρ</span> <span class='ocrx_word' id='word_1_444' title='bbox 1280 3854 1341 3905; x_wconf 83' lang='grc' dir='ltr'>τὸ</span> <span class='ocrx_word' id='word_1_445' title='bbox 1370 3854 1429 3906; x_wconf 83' lang='grc' dir='ltr'>ὲν</span> <span class='ocrx_word' id='word_1_446' title='bbox 1455 3854 1773 3922; x_wconf 75' lang='grc' dir='ltr'>ἀγαλλιάσει</span> 
     </span>
    </p>
   </div>
   <div class='ocr_carea' id='block_1_54' title="bbox 187 3938 1774 4013">
    <p class='ocr_par' dir='ltr' id='par_1_54' title="bbox 187 3938 1774 4013">
     <span class='ocr_line' id='line_1_54' title="bbox 187 3938 1774 4013; baseline 0.006 -24"><span class='ocrx_word' id='word_1_447' title='bbox 187 3939 477 4007; x_wconf 80' lang='grc' dir='ltr'>σκίρτημα</span> <span class='ocrx_word' id='word_1_448' title='bbox 509 3938 758 4006; x_wconf 81' lang='grc' dir='ltr'>φανερῶς</span> <span class='ocrx_word' id='word_1_449' title='bbox 798 3940 1007 4005; x_wconf 73' lang='grc' dir='ltr'>ἐδήλου.</span> <span class='ocrx_word' id='word_1_450' title='bbox 1053 3942 1143 4008; x_wconf 83' lang='grc' dir='ltr'><strong>Μὴ</strong></span> <span class='ocrx_word' id='word_1_451' title='bbox 1184 3941 1333 3992; x_wconf 82' lang='grc' dir='ltr'>λάθοι</span> <span class='ocrx_word' id='word_1_452' title='bbox 1363 3942 1421 3995; x_wconf 89' lang='grc' dir='ltr'>δέ</span> <span class='ocrx_word' id='word_1_453' title='bbox 1447 3958 1504 3993; x_wconf 87' lang='grc' dir='ltr'>σε</span> <span class='ocrx_word' id='word_1_454' title='bbox 1537 3944 1669 4013; x_wconf 78' lang='grc' dir='ltr'>μηδὲ</span> <span class='ocrx_word' id='word_1_455' title='bbox 1715 3945 1774 3998; x_wconf 78' lang='grc' dir='ltr'>τὸ</span> 
     </span>
    </p>
   </div>
   <div class='ocr_carea' id='block_1_55' title="bbox 187 4024 1774 4101">
    <p class='ocr_par' dir='ltr' id='par_1_55' title="bbox 187 4024 1774 4101">
     <span class='ocr_line' id='line_1_55' title="bbox 187 4024 1774 4101; baseline 0.005 -24"><span class='ocrx_word' id='word_1_456' title='bbox 187 4025 310 4078; x_wconf 81' lang='grc' dir='ltr'>λίαν</span> <span class='ocrx_word' id='word_1_457' title='bbox 350 4024 576 4095; x_wconf 81' lang='grc' dir='ltr'>μέτριόν</span> <span class='ocrx_word' id='word_1_458' title='bbox 605 4042 661 4078; x_wconf 86' lang='grc' dir='ltr'>τε</span> <span class='ocrx_word' id='word_1_459' title='bbox 711 4026 804 4079; x_wconf 80' lang='grc' dir='ltr'>καὶ</span> <span class='ocrx_word' id='word_1_460' title='bbox 848 4026 1263 4096; x_wconf 82' lang='grc' dir='ltr'>ὑποχωρητικδν</span> <span class='ocrx_word' id='word_1_461' title='bbox 1310 4028 1591 4083; x_wconf 78' lang='grc' dir='ltr'>Ἐλισάϐετ</span> <span class='ocrx_word' id='word_1_462' title='bbox 1635 4032 1774 4101; x_wconf 81' lang='grc' dir='ltr'>μετά</span> 
     </span>
    </p>
   </div>
   <div class='ocr_carea' id='block_1_56' title="bbox 186 4116 1774 4193">
    <p class='ocr_par' dir='ltr' id='par_1_56' title="bbox 186 4116 1774 4193">
     <span class='ocr_line' id='line_1_56' title="bbox 186 4116 1774 4193; baseline 0.004 -22"><span class='ocrx_word' id='word_1_463' title='bbox 186 4119 286 4171; x_wconf 77' lang='grc' dir='ltr'>καὶ</span> <span class='ocrx_word' id='word_1_464' title='bbox 315 4116 645 4188; x_wconf 83' lang='grc' dir='ltr'>θαυμαστῆς</span> <span class='ocrx_word' id='word_1_465' title='bbox 670 4119 766 4189; x_wconf 84' lang='grc' dir='ltr'>τῆς</span> <span class='ocrx_word' id='word_1_466' title='bbox 789 4121 1143 4191; x_wconf 68' lang='grc' dir='ltr'>προρρήσεως</span> <span class='ocrx_word' id='word_1_467' title='bbox 1162 4133 1176 4148; x_wconf 77' lang='grc'><strong>⁸</strong></span> <span class='ocrx_word' id='word_1_468' title='bbox 1202 4120 1380 4190; x_wconf 79' lang='grc' dir='ltr'>ᾐδεῖτο</span> <span class='ocrx_word' id='word_1_469' title='bbox 1406 4121 1513 4191; x_wconf 84' lang='grc' dir='ltr'>γὰρ</span> <span class='ocrx_word' id='word_1_470' title='bbox 1548 4123 1646 4191; x_wconf 76' lang='grc' dir='ltr'>τὴν</span> <span class='ocrx_word' id='word_1_471' title='bbox 1674 4127 1774 4193; x_wconf 81' lang='grc' dir='ltr'>τῆς</span> 
     </span>
    </p>
   </div>
   <div class='ocr_carea' id='block_1_57' title="bbox 184 4208 1769 4283">
    <p class='ocr_par' dir='ltr' id='par_1_57' title="bbox 184 4208 1769 4283">
     <span class='ocr_line' id='line_1_57' title="bbox 184 4208 1769 4283; baseline 0 -19"><span class='ocrx_word' id='word_1_472' title='bbox 184 4210 481 4280; x_wconf 78' lang='grc' dir='ltr'>Παρθένου</span> <span class='ocrx_word' id='word_1_473' title='bbox 513 4209 855 4272; x_wconf 81' lang='grc' dir='ltr'>ἐπιστασίαν,</span> <span class='ocrx_word' id='word_1_474' title='bbox 886 4210 959 4271; x_wconf 84' lang='grc' dir='ltr'>ὡς</span> <span class='ocrx_word' id='word_1_475' title='bbox 999 4209 1139 4276; x_wconf 84' lang='grc' dir='ltr'>ὑπὲρ</span> <span class='ocrx_word' id='word_1_476' title='bbox 1175 4208 1331 4273; x_wconf 79' lang='grc' dir='ltr'>ἀξίαν</span> <span class='ocrx_word' id='word_1_477' title='bbox 1366 4209 1531 4262; x_wconf 88' lang='grc' dir='ltr'>οῦσαν</span> <span class='ocrx_word' id='word_1_478' title='bbox 1566 4212 1769 4283; x_wconf 79' lang='grc' dir='ltr'>αὐτῆς·</span> 
     </span>
    </p>
   </div>
   <div class='ocr_carea' id='block_1_58' title="bbox 186 4299 1771 4371">
    <p class='ocr_par' dir='ltr' id='par_1_58' title="bbox 186 4299 1771 4371">
     <span class='ocr_line' id='line_1_58' title="bbox 186 4299 1771 4371; baseline -0.001 -14"><span class='ocrx_word' id='word_1_479' title='bbox 186 4306 286 4357; x_wconf 76' lang='grc' dir='ltr'>καὶ</span> <span class='ocrx_word' id='word_1_480' title='bbox 310 4303 401 4357; x_wconf 80' lang='grc' dir='ltr'>διὰ</span> <span class='ocrx_word' id='word_1_481' title='bbox 431 4300 608 4355; x_wconf 90' lang='grc' dir='ltr'>ταῦτα</span> <span class='ocrx_word' id='word_1_482' title='bbox 634 4299 986 4370; x_wconf 80' lang='grc' dir='ltr'>διαποροῦσα,</span> <span class='ocrx_word' id='word_1_483' title='bbox 1014 4302 1203 4353; x_wconf 85' lang='grc' dir='ltr'>Πόθεν</span> <span class='ocrx_word' id='word_1_484' title='bbox 1225 4317 1327 4370; x_wconf 82' lang='grc' dir='ltr'>μοι</span> <span class='ocrx_word' id='word_1_485' title='bbox 1359 4302 1556 4366; x_wconf 84' lang='grc' dir='ltr'>τοῦτο,</span> <span class='ocrx_word' id='word_1_486' title='bbox 1590 4305 1771 4371; x_wconf 71' lang='grc' dir='ltr'>λέγεις</span> 
     </span>
    </p>
   </div>
   <div class='ocr_carea' id='block_1_59' title="bbox 185 4393 1774 4468">
    <p class='ocr_par' dir='ltr' id='par_1_59' title="bbox 185 4393 1774 4468">
     <span class='ocr_line' id='line_1_59' title="bbox 185 4393 1774 4468; baseline 0 -18"><span class='ocrx_word' id='word_1_487' title='bbox 185 4397 446 4466; x_wconf 74' lang='grc' dir='ltr'>καθάπερ</span> <span class='ocrx_word' id='word_1_488' title='bbox 489 4395 584 4449; x_wconf 68' lang='grc' dir='ltr'>καὶ</span> <span class='ocrx_word' id='word_1_489' title='bbox 622 4394 651 4446; x_wconf 80' lang='grc' dir='ltr'><strong>ὁ</strong></span> <span class='ocrx_word' id='word_1_490' title='bbox 697 4396 826 4457; x_wconf 84' lang='grc' dir='ltr'>παῖς</span> <span class='ocrx_word' id='word_1_491' title='bbox 870 4393 1087 4464; x_wconf 79' lang='grc' dir='ltr'>ἐκείνης</span> <span class='ocrx_word' id='word_1_492' title='bbox 1127 4395 1263 4466; x_wconf 70' lang='grc' dir='ltr'>πρὸς</span> <span class='ocrx_word' id='word_1_493' title='bbox 1299 4394 1397 4465; x_wconf 80' lang='grc' dir='ltr'>τὴν</span> <span class='ocrx_word' id='word_1_494' title='bbox 1439 4399 1774 4468; x_wconf 83' lang='grc' dir='ltr'>Δεσποτικὴν</span> 
     </span>
    </p>
   </div>
   <div class='ocr_carea' id='block_1_60' title="bbox 181 4484 1770 4559">
    <p class='ocr_par' dir='ltr' id='par_1_60' title="bbox 181 4484 1770 4559">
     <span class='ocr_line' id='line_1_60' title="bbox 181 4484 1770 4559; baseline -0.002 -21"><span class='ocrx_word' id='word_1_495' title='bbox 181 4488 370 4541; x_wconf 75' lang='grc' dir='ltr'>ἐποίει</span> <span class='ocrx_word' id='word_1_496' title='bbox 412 4485 790 4554; x_wconf 87' lang='grc' dir='ltr'>προσέλευσιν,</span> <span class='ocrx_word' id='word_1_497' title='bbox 827 4486 937 4539; x_wconf 78' lang='lat' dir='ltr'><strong>Kal</strong></span> <span class='ocrx_word' id='word_1_498' title='bbox 974 4487 1055 4537; x_wconf 86' lang='grc' dir='ltr'>σὺ</span> <span class='ocrx_word' id='word_1_499' title='bbox 1090 4484 1237 4552; x_wconf 82' lang='grc' dir='ltr'>ἔρχῃ</span> <span class='ocrx_word' id='word_1_500' title='bbox 1262 4488 1416 4554; x_wconf 83' lang='grc' dir='ltr'>πρός</span> <span class='ocrx_word' id='word_1_501' title='bbox 1442 4507 1538 4557; x_wconf 80' lang='grc' dir='ltr'>με,</span> <span class='ocrx_word' id='word_1_502' title='bbox 1576 4488 1770 4559; x_wconf 61' lang='grc' dir='ltr'>λέγων,</span> 
     </span>
    </p>
   </div>
   <div class='ocr_carea' id='block_1_61' title="bbox 181 4575 1774 4651">
    <p class='ocr_par' dir='ltr' id='par_1_61' title="bbox 181 4575 1774 4651">
     <span class='ocr_line' id='line_1_61' title="bbox 181 4575 1774 4651; baseline 0.001 -16"><span class='ocrx_word' id='word_1_503' title='bbox 181 4581 336 4635; x_wconf 77' lang='grc' dir='ltr'>κατὰ</span> <span class='ocrx_word' id='word_1_504' title='bbox 364 4581 463 4633; x_wconf 80' lang='grc' dir='ltr'>τὸν</span> <span class='ocrx_word' id='word_1_505' title='bbox 490 4577 686 4648; x_wconf 83' lang='grc' dir='ltr'>καιρὸν</span> <span class='ocrx_word' id='word_1_506' title='bbox 716 4575 811 4630; x_wconf 89' lang='grc' dir='ltr'>τοῦ</span> <span class='ocrx_word' id='word_1_507' title='bbox 846 4579 1244 4649; x_wconf 83' lang='grc' dir='ltr'>βαπτίσματος.</span> <span class='ocrx_word' id='word_1_508' title='bbox 1280 4580 1418 4651; x_wconf 85' lang='grc' dir='ltr'>Ὅρα</span> <span class='ocrx_word' id='word_1_509' title='bbox 1450 4582 1505 4634; x_wconf 83' lang='grc' dir='ltr'>δὲ</span> <span class='ocrx_word' id='word_1_510' title='bbox 1534 4583 1649 4644; x_wconf 83' lang='grc' dir='ltr'>πῶς</span> <span class='ocrx_word' id='word_1_511' title='bbox 1680 4587 1774 4637; x_wconf 80' lang='grc' dir='ltr'>καὶ</span> 
     </span>
    </p>
   </div>
   <div class='ocr_carea' id='block_1_62' title="bbox 181 4670 1773 4745">
    <p class='ocr_par' dir='ltr' id='par_1_62' title="bbox 181 4670 1773 4745">
     <span class='ocr_line' id='line_1_62' title="bbox 181 4670 1773 4745; baseline 0.003 -21"><span class='ocrx_word' id='word_1_512' title='bbox 181 4670 589 4744; x_wconf 87' lang='grc' dir='ltr'>προαγορεύει,</span> <span class='ocrx_word' id='word_1_513' title='bbox 638 4672 731 4723; x_wconf 75' lang='grc' dir='ltr'>καὶ</span> <span class='ocrx_word' id='word_1_514' title='bbox 780 4672 991 4741; x_wconf 83' lang='grc' dir='ltr'>μητέρα</span> <span class='ocrx_word' id='word_1_515' title='bbox 1034 4673 1239 4741; x_wconf 86' lang='grc' dir='ltr'>ταύτην</span> <span class='ocrx_word' id='word_1_516' title='bbox 1289 4674 1391 4745; x_wconf 71' lang='grc' dir='ltr'>ἤδη</span> <span class='ocrx_word' id='word_1_517' title='bbox 1443 4674 1535 4727; x_wconf 79' lang='grc' dir='ltr'>καὶ</span> <span class='ocrx_word' id='word_1_518' title='bbox 1578 4677 1773 4745; x_wconf 82' lang='grc' dir='ltr'>κυρίαν</span> 
     </span>
    </p>
   </div>
   <div class='ocr_carea' id='block_1_63' title="bbox 179 4760 1772 4835">
    <p class='ocr_par' dir='ltr' id='par_1_63' title="bbox 179 4760 1772 4835">
     <span class='ocr_line' id='line_1_63' title="bbox 179 4760 1772 4835; baseline -0.001 -14"><span class='ocrx_word' id='word_1_519' title='bbox 179 4768 395 4833; x_wconf 74' lang='grc' dir='ltr'>ἑαυτῆς</span> <span class='ocrx_word' id='word_1_520' title='bbox 427 4760 723 4831; x_wconf 70' lang='grc' dir='ltr'>ὀνομάζει*</span> <span class='ocrx_word' id='word_1_521' title='bbox 762 4762 897 4814; x_wconf 74' lang='grc' dir='ltr'>ἀλλὰ</span> <span class='ocrx_word' id='word_1_522' title='bbox 935 4766 1027 4817; x_wconf 79' lang='grc' dir='ltr'>καὶ</span> <span class='ocrx_word' id='word_1_523' title='bbox 1058 4764 1435 4835; x_wconf 80' lang='grc' dir='ltr'>εὐλογημένην</span> <span class='ocrx_word' id='word_1_524' title='bbox 1468 4769 1526 4818; x_wconf 84' lang='grc' dir='ltr'>ὲν</span> <span class='ocrx_word' id='word_1_525' title='bbox 1559 4769 1772 4835; x_wconf 75' lang='grc' dir='ltr'>γυναιξὶ</span> 
     </span>
    </p>
   </div>
   <div class='ocr_carea' id='block_1_64' title="bbox 179 4854 1774 4927">
    <p class='ocr_par' dir='ltr' id='par_1_64' title="bbox 179 4854 1774 4927">
     <span class='ocr_line' id='line_1_64' title="bbox 179 4854 1774 4927; baseline 0 -16"><span class='ocrx_word' id='word_1_526' title='bbox 179 4860 341 4925; x_wconf 81' lang='grc' dir='ltr'>λέγει</span> <span class='ocrx_word' id='word_1_527' title='bbox 363 4873 377 4887; x_wconf 75' lang='grc'><strong><em>⁸</em></strong></span> <span class='ocrx_word' id='word_1_528' title='bbox 403 4857 501 4909; x_wconf 76' lang='grc' dir='ltr'>καὶ</span> <span class='ocrx_word' id='word_1_529' title='bbox 528 4854 620 4907; x_wconf 76' lang='grc' dir='ltr'>τὸν</span> <span class='ocrx_word' id='word_1_530' title='bbox 643 4854 1077 4924; x_wconf 75' lang='grc' dir='ltr'>κυοφορούμενον</span> <span class='ocrx_word' id='word_1_531' title='bbox 1095 4857 1152 4908; x_wconf 81' lang='grc' dir='ltr'>ὲν</span> <span class='ocrx_word' id='word_1_532' title='bbox 1171 4857 1310 4926; x_wconf 84' lang='grc' dir='ltr'>αύτῇ</span> <span class='ocrx_word' id='word_1_533' title='bbox 1338 4861 1547 4927; x_wconf 78' lang='grc' dir='ltr'>καρπὸν</span> <span class='ocrx_word' id='word_1_534' title='bbox 1569 4860 1774 4923; x_wconf 84' lang='grc' dir='ltr'>κοιλίας</span> 
     </span>
    </p>
   </div>
   <div class='ocr_carea' id='block_1_65' title="bbox 182 4945 1773 5018">
    <p class='ocr_par' dir='ltr' id='par_1_65' title="bbox 182 4945 1773 5018">
     <span class='ocr_line' id='line_1_65' title="bbox 182 4945 1773 5018; baseline 0.006 -21"><span class='ocrx_word' id='word_1_535' title='bbox 182 4947 526 5015; x_wconf 78' lang='grc' dir='ltr'>παραδόξως</span> <span class='ocrx_word' id='word_1_536' title='bbox 579 4945 860 5000; x_wconf 86' lang='grc' dir='ltr'>ἀποκαλεῖ.</span> <span class='ocrx_word' id='word_1_537' title='bbox 921 4947 985 4999; x_wconf 92' lang='grc' dir='ltr'>Τί</span> <span class='ocrx_word' id='word_1_538' title='bbox 1039 4946 1196 5000; x_wconf 86' lang='grc' dir='ltr'>τοῦτο</span> <span class='ocrx_word' id='word_1_539' title='bbox 1255 4949 1630 5018; x_wconf 83' lang='grc' dir='ltr'>σημαίνουσα;</span> <span class='ocrx_word' id='word_1_540' title='bbox 1691 4954 1773 5006; x_wconf 86' lang='grc' dir='ltr'>ὅτι</span> 
     </span>
    </p>
   </div>
   <div class='ocr_carea' id='block_1_66' title="bbox 180 5026 1718 5107">
    <p class='ocr_par' dir='ltr' id='par_1_66' title="bbox 180 5026 1718 5107">
     <span class='ocr_line' id='line_1_66' title="bbox 180 5026 1718 5107; baseline 0.001 -15"><span class='ocrx_word' id='word_1_541' title='bbox 180 5038 523 5107; x_wconf 67' lang='grc' dir='ltr'>σπέρματος</span> <span class='ocrx_word' id='word_1_542' title='bbox 570 5036 760 5105; x_wconf 82' lang='grc' dir='ltr'>ἀνδρὸς</span> <span class='ocrx_word' id='word_1_543' title='bbox 812 5034 1061 5106; x_wconf 65' lang='grc' dir='ltr'>οὐδαμῶς</span> <span class='ocrx_word' id='word_1_544' title='bbox 1107 5038 1399 5093; x_wconf 75' lang='grc' dir='ltr'>ἐκοινώνει.</span> <span class='ocrx_word' id='word_1_545' title='bbox 1714 5026 1718 5030; x_wconf 40' lang='grc'><em>’</em></span> 
     </span>
    </p>
   </div>
   <div class='ocr_carea' id='block_1_67' title="bbox 252 5146 1771 5225">
    <p class='ocr_par' dir='ltr' id='par_1_67' title="bbox 252 5146 1771 5225">
     <span class='ocr_line' id='line_1_67' title="bbox 252 5146 1771 5225; baseline 0.001 -20"><span class='ocrx_word' id='word_1_546' title='bbox 252 5153 338 5221; x_wconf 78' lang='lat'>(3)</span> <span class='ocrx_word' id='word_1_547' title='bbox 382 5146 496 5204; x_wconf 87' lang='grc' dir='ltr'>Τοῦ</span> <span class='ocrx_word' id='word_1_548' title='bbox 522 5149 978 5216; x_wconf 75' lang='grc' dir='ltr'>Μεταφραστοῦ.</span> <span class='ocrx_word' id='word_1_549' title='bbox 1016 5150 1089 5202; x_wconf 85' lang='grc' dir='ltr'>Οὐ</span> <span class='ocrx_word' id='word_1_550' title='bbox 1124 5151 1422 5220; x_wconf 80' lang='grc' dir='ltr'>μακαρίζει</span> <span class='ocrx_word' id='word_1_551' title='bbox 1451 5152 1505 5205; x_wconf 83' lang='grc' dir='ltr'>δὲ</span> <span class='ocrx_word' id='word_1_552' title='bbox 1539 5153 1735 5225; x_wconf 73' lang='grc' dir='ltr'>ἑαυτὴν</span> <span class='ocrx_word' id='word_1_553' title='bbox 1756 5195 1771 5219; x_wconf 84' lang='grc'>,</span> 
     </span>
    </p>
   </div>
   <div class='ocr_carea' id='block_1_68' title="bbox 174 5238 1773 5316">
    <p class='ocr_par' dir='ltr' id='par_1_68' title="bbox 174 5238 1773 5316">
     <span class='ocr_line' id='line_1_68' title="bbox 174 5238 1773 5316; baseline 0.003 -21"><span class='ocrx_word' id='word_1_554' title='bbox 174 5244 346 5314; x_wconf 77' lang='grc' dir='ltr'>τύφῳ</span> <span class='ocrx_word' id='word_1_555' title='bbox 375 5238 523 5310; x_wconf 86' lang='grc' dir='ltr'>κενῷ</span> <span class='ocrx_word' id='word_1_556' title='bbox 548 5240 854 5309; x_wconf 85' lang='grc' dir='ltr'>κινηθεῖσα,</span> <span class='ocrx_word' id='word_1_557' title='bbox 888 5241 1009 5295; x_wconf 83' lang='grc' dir='ltr'>οὐδὲ</span> <span class='ocrx_word' id='word_1_558' title='bbox 1038 5242 1261 5316; x_wconf 81' lang='grc' dir='ltr'>γλώσσῃ</span> <span class='ocrx_word' id='word_1_559' title='bbox 1290 5248 1440 5314; x_wconf 77' lang='grc' dir='ltr'>κοινῇ</span> <span class='ocrx_word' id='word_1_560' title='bbox 1474 5246 1773 5315; x_wconf 77' lang='grc' dir='ltr'>φθέγγεται</span> 
     </span>
    </p>
   </div>
   <div class='ocr_carea' id='block_1_69' title="bbox 174 5329 1775 5401">
    <p class='ocr_par' dir='ltr' id='par_1_69' title="bbox 174 5329 1775 5401">
     <span class='ocr_line' id='line_1_69' title="bbox 174 5329 1775 5401; baseline 0.003 -16"><span class='ocrx_word' id='word_1_561' title='bbox 174 5333 390 5397; x_wconf 81' lang='grc' dir='ltr'>ταῦτα,</span> <span class='ocrx_word' id='word_1_562' title='bbox 407 5332 550 5385; x_wconf 86' lang='grc' dir='ltr'>ἀλλά</span> <span class='ocrx_word' id='word_1_563' title='bbox 574 5329 700 5400; x_wconf 87' lang='grc' dir='ltr'>θείῳ</span> <span class='ocrx_word' id='word_1_564' title='bbox 714 5330 1412 5401; x_wconf 81' lang='grc' dir='ltr'>Πνεύματιλειτουργοῦσα,</span> <span class='ocrx_word' id='word_1_565' title='bbox 1430 5336 1559 5388; x_wconf 73' lang='grc' dir='ltr'>αὐτὸ</span> <span class='ocrx_word' id='word_1_566' title='bbox 1586 5339 1642 5390; x_wconf 74' lang='grc' dir='ltr'>τὸ</span> <span class='ocrx_word' id='word_1_567' title='bbox 1666 5339 1775 5390; x_wconf 89' lang='grc' dir='ltr'>εἰσ-</span> 
     </span>
    </p>
   </div>
   <div class='ocr_carea' id='block_1_70' title="bbox 175 5424 1769 5499">
    <p class='ocr_par' dir='ltr' id='par_1_70' title="bbox 175 5424 1769 5499">
     <span class='ocr_line' id='line_1_70' title="bbox 175 5424 1769 5499; baseline 0.003 -21"><span class='ocrx_word' id='word_1_568' title='bbox 175 5426 267 5478; x_wconf 81' lang='grc' dir='ltr'>αεὶ</span> <span class='ocrx_word' id='word_1_569' title='bbox 324 5425 665 5494; x_wconf 79' lang='grc' dir='ltr'>τελούμενον</span> <span class='ocrx_word' id='word_1_570' title='bbox 712 5424 1092 5493; x_wconf 71' lang='grc' dir='ltr'>προθεσπίζει,</span> <span class='ocrx_word' id='word_1_571' title='bbox 1125 5426 1218 5478; x_wconf 90' lang='grc' dir='ltr'>καὶ</span> <span class='ocrx_word' id='word_1_572' title='bbox 1248 5428 1309 5479; x_wconf 82' lang='grc' dir='ltr'>οὐ</span> <span class='ocrx_word' id='word_1_573' title='bbox 1342 5430 1407 5481; x_wconf 67' lang='grc' dir='ltr'>τὰ</span> <span class='ocrx_word' id='word_1_574' title='bbox 1438 5429 1545 5481; x_wconf 87' lang='grc' dir='ltr'>ῖδια</span> <span class='ocrx_word' id='word_1_575' title='bbox 1587 5430 1769 5499; x_wconf 89' lang='grc' dir='ltr'>μόνον,</span> 
     </span>
    </p>
   </div>
   <div class='ocr_carea' id='block_1_71' title="bbox 173 5514 1770 5591">
    <p class='ocr_par' dir='ltr' id='par_1_71' title="bbox 173 5514 1770 5591">
     <span class='ocr_line' id='line_1_71' title="bbox 173 5514 1770 5591; baseline 0.003 -22"><span class='ocrx_word' id='word_1_576' title='bbox 173 5516 318 5570; x_wconf 80' lang='grc' dir='ltr'>ἀλλά</span> <span class='ocrx_word' id='word_1_577' title='bbox 362 5516 462 5566; x_wconf 79' lang='grc' dir='ltr'>καὶ</span> <span class='ocrx_word' id='word_1_578' title='bbox 493 5516 564 5567; x_wconf 68' lang='grc' dir='ltr'>τὰ</span> <span class='ocrx_word' id='word_1_579' title='bbox 598 5517 772 5570; x_wconf 85' lang='grc' dir='ltr'>κοινά.</span> <span class='ocrx_word' id='word_1_580' title='bbox 805 5514 914 5566; x_wconf 85' lang='grc' dir='ltr'>Ποῦ</span> <span class='ocrx_word' id='word_1_581' title='bbox 961 5517 1068 5583; x_wconf 81' lang='grc' dir='ltr'>γὰρ</span> <span class='ocrx_word' id='word_1_582' title='bbox 1096 5516 1156 5568; x_wconf 79' lang='grc' dir='ltr'>τὸ</span> <span class='ocrx_word' id='word_1_583' title='bbox 1183 5518 1607 5582; x_wconf 80' lang='grc' dir='ltr'>ἀλαζονεύεσθαι</span> <span class='ocrx_word' id='word_1_584' title='bbox 1640 5523 1770 5591; x_wconf 84' lang='grc' dir='ltr'>παρ’</span> 
     </span>
    </p>
   </div>
   <div class='ocr_carea' id='block_1_72' title="bbox 173 5607 1773 5682">
    <p class='ocr_par' dir='ltr' id='par_1_72' title="bbox 173 5607 1773 5682">
     <span class='ocr_line' id='line_1_72' title="bbox 173 5607 1773 5682; baseline 0.007 -27"><span class='ocrx_word' id='word_1_585' title='bbox 173 5610 350 5678; x_wconf 72' lang='grc' dir='ltr'>αὐτῇ,</span> <span class='ocrx_word' id='word_1_586' title='bbox 406 5607 534 5674; x_wconf 74' lang='grc' dir='ltr'>ἥτις</span> <span class='ocrx_word' id='word_1_587' title='bbox 568 5608 661 5657; x_wconf 75' lang='grc' dir='ltr'>καὶ</span> <span class='ocrx_word' id='word_1_588' title='bbox 691 5607 880 5679; x_wconf 86' lang='grc' dir='ltr'>δούλην</span> <span class='ocrx_word' id='word_1_589' title='bbox 906 5608 1104 5677; x_wconf 77' lang='grc' dir='ltr'>ἑαυτὴν</span> <span class='ocrx_word' id='word_1_590' title='bbox 1136 5610 1311 5673; x_wconf 88' lang='grc' dir='ltr'>καλεῖ,</span> <span class='ocrx_word' id='word_1_591' title='bbox 1343 5614 1435 5662; x_wconf 77' lang='grc' dir='ltr'>καὶ</span> <span class='ocrx_word' id='word_1_592' title='bbox 1462 5612 1561 5682; x_wconf 84' lang='grc' dir='ltr'>τὴν</span> <span class='ocrx_word' id='word_1_593' title='bbox 1586 5615 1773 5666; x_wconf 87' lang='grc' dir='ltr'>ταπεί-</span> 
     </span>
    </p>
   </div>
   <div class='ocr_carea' id='block_1_73' title="bbox 175 5697 1771 5770">
    <p class='ocr_par' dir='ltr' id='par_1_73' title="bbox 175 5697 1771 5770">
     <span class='ocr_line' id='line_1_73' title="bbox 175 5697 1771 5770; baseline 0.004 -22"><span class='ocrx_word' id='word_1_594' title='bbox 175 5718 350 5755; x_wconf 84' lang='grc' dir='ltr'>νωσιν</span> <span class='ocrx_word' id='word_1_595' title='bbox 382 5697 673 5766; x_wconf 76' lang='grc' dir='ltr'>ὁμολογεῖ,</span> <span class='ocrx_word' id='word_1_596' title='bbox 710 5701 799 5751; x_wconf 78' lang='grc' dir='ltr'>καὶ</span> <span class='ocrx_word' id='word_1_597' title='bbox 830 5700 1024 5770; x_wconf 84' lang='grc' dir='ltr'>ἀπορεῖ</span> <span class='ocrx_word' id='word_1_598' title='bbox 1055 5700 1152 5769; x_wconf 79' lang='grc' dir='ltr'>τὴν</span> <span class='ocrx_word' id='word_1_599' title='bbox 1187 5702 1270 5752; x_wconf 70' lang='grc' dir='ltr'>ἐπ’</span> <span class='ocrx_word' id='word_1_600' title='bbox 1303 5702 1438 5770; x_wconf 80' lang='grc' dir='ltr'>αὐτῇ</span> <span class='ocrx_word' id='word_1_601' title='bbox 1472 5703 1621 5756; x_wconf 86' lang='grc' dir='ltr'>θείαν</span> <span class='ocrx_word' id='word_1_602' title='bbox 1650 5704 1771 5759; x_wconf 82' lang='grc' dir='ltr'>ὲπί-</span> 
     </span>
    </p>
   </div>
   <div class='ocr_carea' id='block_1_74' title="bbox 174 5786 1771 5863">
    <p class='ocr_par' dir='ltr' id='par_1_74' title="bbox 174 5786 1771 5863">
     <span class='ocr_line' id='line_1_74' title="bbox 174 5786 1771 5863; baseline 0.002 -18"><span class='ocrx_word' id='word_1_603' title='bbox 174 5795 414 5863; x_wconf 50' lang='lat' dir='ltr'><strong>show,-</strong></span> <span class='ocrx_word' id='word_1_604' title='bbox 441 5786 729 5857; x_wconf 83' lang='grc' dir='ltr'>ΙΙνεύματι</span> <span class='ocrx_word' id='word_1_605' title='bbox 747 5791 925 5844; x_wconf 81' lang='grc' dir='ltr'>τοίνυν</span> <span class='ocrx_word' id='word_1_606' title='bbox 947 5792 1073 5862; x_wconf 86' lang='grc' dir='ltr'>θείῳ</span> <span class='ocrx_word' id='word_1_607' title='bbox 1094 5793 1405 5863; x_wconf 78' lang='grc' dir='ltr'>κινουμένη,</span> <span class='ocrx_word' id='word_1_608' title='bbox 1427 5796 1485 5845; x_wconf 80' lang='grc' dir='ltr'>ού</span> <span class='ocrx_word' id='word_1_609' title='bbox 1507 5796 1636 5848; x_wconf 83' lang='grc' dir='ltr'>κενά</span> <span class='ocrx_word' id='word_1_610' title='bbox 1653 5813 1771 5848; x_wconf 87' lang='grc' dir='ltr'>τινα</span> 
     </span>
    </p>
   </div>
   <div class='ocr_carea' id='block_1_75' title="bbox 178 5880 1770 5956">
    <p class='ocr_par' dir='ltr' id='par_1_75' title="bbox 178 5880 1770 5956">
     <span class='ocr_line' id='line_1_75' title="bbox 178 5880 1770 5956; baseline 0.001 -17"><span class='ocrx_word' id='word_1_611' title='bbox 178 5887 271 5939; x_wconf 63' lang='grc' dir='ltr'>καὶ</span> <span class='ocrx_word' id='word_1_612' title='bbox 323 5885 697 5954; x_wconf 73' lang='grc' dir='ltr'>ὑπέρκομπα,</span> <span class='ocrx_word' id='word_1_613' title='bbox 737 5880 850 5934; x_wconf 83' lang='grc' dir='ltr'>ἀλλ’</span> <span class='ocrx_word' id='word_1_614' title='bbox 893 5883 1241 5939; x_wconf 64' lang='grc' dir='ltr'>αὑτὰ.ταῦτα</span> <span class='ocrx_word' id='word_1_615' title='bbox 1283 5886 1674 5956; x_wconf 70' lang='grc' dir='ltr'>προσαγορεύει</span> <span class='ocrx_word' id='word_1_616' title='bbox 1706 5887 1770 5940; x_wconf 72' lang='grc' dir='ltr'>τὰ</span> 
     </span>
    </p>
   </div>
   <div class='ocr_carea' id='block_1_76' title="bbox 1862 2470 3438 2543">
    <p class='ocr_par' dir='ltr' id='par_1_76' title="bbox 1862 2470 3438 2543">
     <span class='ocr_line' id='line_1_76' title="bbox 1862 2470 3438 2543; baseline 0.002 -19"><span class='ocrx_word' id='word_1_617' title='bbox 1862 2471 2072 2525; x_wconf 86' lang='lat' dir='ltr'><strong>domum</strong></span> <span class='ocrx_word' id='word_1_618' title='bbox 2091 2487 2262 2525; x_wconf 82' lang='lat' dir='ltr'><strong>suam.</strong></span> <span class='ocrx_word' id='word_1_619' title='bbox 2292 2470 2381 2527; x_wconf 87' lang='lat' dir='ltr'><strong>Sic</strong></span> <span class='ocrx_word' id='word_1_620' title='bbox 2405 2472 2548 2528; x_wconf 87' lang='lat' dir='ltr'><strong>enim</strong></span> <span class='ocrx_word' id='word_1_621' title='bbox 2575 2487 2661 2527; x_wconf 87' lang='lat' dir='ltr'>me</span> <span class='ocrx_word' id='word_1_622' title='bbox 2676 2472 2832 2529; x_wconf 89' lang='lat' dir='ltr'><strong>docet</strong></span> <span class='ocrx_word' id='word_1_623' title='bbox 2854 2473 3206 2543; x_wconf 85' lang='lat' dir='ltr'><strong>Evangelium</strong></span> <span class='ocrx_word' id='word_1_624' title='bbox 3233 2478 3274 2528; x_wconf 81' lang='grc'><strong>⁷.</strong></span> <span class='ocrx_word' id='word_1_625' title='bbox 3296 2472 3438 2539; x_wconf 87' lang='lat' dir='ltr'><strong>Quid</strong></span> 
     </span>
    </p>
   </div>
   <div class='ocr_carea' id='block_1_77' title="bbox 1870 2838 3439 2910">
    <p class='ocr_par' dir='ltr' id='par_1_77' title="bbox 1870 2838 3439 2910">
     <span class='ocr_line' id='line_1_77' title="bbox 1870 2838 3439 2910; baseline 0.003 -19"><span class='ocrx_word' id='word_1_626' title='bbox 1870 2838 2128 2909; x_wconf 74' lang='grc' dir='ltr'>ἐσόμενα.</span> <span class='ocrx_word' id='word_1_627' title='bbox 2179 2838 2485 2909; x_wconf 86' lang='grc' dir='ltr'>Μεγαλύνει</span> <span class='ocrx_word' id='word_1_628' title='bbox 2527 2840 2583 2893; x_wconf 73' lang='grc' dir='ltr'>δὲ</span> <span class='ocrx_word' id='word_1_629' title='bbox 2627 2840 2718 2893; x_wconf 64' lang='grc' dir='ltr'>τὶν</span> <span class='ocrx_word' id='word_1_630' title='bbox 2758 2838 2890 2893; x_wconf 79' lang='grc' dir='ltr'>Θεὸν</span> <span class='ocrx_word' id='word_1_631' title='bbox 2933 2842 2968 2910; x_wconf 81' lang='grc' dir='ltr'><strong>ἡ</strong></span> <span class='ocrx_word' id='word_1_632' title='bbox 3012 2839 3213 2910; x_wconf 83' lang='grc' dir='ltr'>Μαρία,</span> <span class='ocrx_word' id='word_1_633' title='bbox 3255 2842 3341 2894; x_wconf 83' lang='grc' dir='ltr'>δτι</span> <span class='ocrx_word' id='word_1_634' title='bbox 3378 2859 3439 2895; x_wconf 78' lang='grc' dir='ltr'>τι</span> 
     </span>
    </p>
   </div>
   <div class='ocr_carea' id='block_1_78' title="bbox 1868 2930 3436 3005">
    <p class='ocr_par' dir='ltr' id='par_1_78' title="bbox 1868 2930 3436 3005">
     <span class='ocr_line' id='line_1_78' title="bbox 1868 2930 3436 3005; baseline 0.003 -23"><span class='ocrx_word' id='word_1_635' title='bbox 1868 2930 2115 2983; x_wconf 85' lang='grc' dir='ltr'>πιστεύει</span> <span class='ocrx_word' id='word_1_636' title='bbox 2161 2931 2418 2986; x_wconf 83' lang='grc' dir='ltr'>δεικνῦσα</span> <span class='ocrx_word' id='word_1_637' title='bbox 2462 2933 2550 2986; x_wconf 82' lang='grc' dir='ltr'>διὰ</span> <span class='ocrx_word' id='word_1_638' title='bbox 2591 2931 2689 3003; x_wconf 86' lang='grc' dir='ltr'>τὴν</span> <span class='ocrx_word' id='word_1_639' title='bbox 2726 2932 2826 3001; x_wconf 84' lang='grc' dir='ltr'>τῆς</span> <span class='ocrx_word' id='word_1_640' title='bbox 2887 2933 3170 2986; x_wconf 77' lang='grc' dir='ltr'>Ἐλισάδετ</span> <span class='ocrx_word' id='word_1_641' title='bbox 3218 2934 3436 3005; x_wconf 71' lang='grc' dir='ltr'>φωνήν*</span> 
     </span>
    </p>
   </div>
   <div class='ocr_carea' id='block_1_79' title="bbox 1868 3022 3441 3093">
    <p class='ocr_par' dir='ltr' id='par_1_79' title="bbox 1868 3022 3441 3093">
     <span class='ocr_line' id='line_1_79' title="bbox 1868 3022 3441 3093; baseline 0.002 -17"><span class='ocrx_word' id='word_1_642' title='bbox 1868 3023 2136 3091; x_wconf 83' lang='grc' dir='ltr'>Μακαρία</span> <span class='ocrx_word' id='word_1_643' title='bbox 2170 3022 2298 3093; x_wconf 74' lang='grc' dir='ltr'>γὰρ,</span> <span class='ocrx_word' id='word_1_644' title='bbox 2330 3023 2483 3092; x_wconf 79' lang='grc' dir='ltr'>φησὶ,</span> <span class='ocrx_word' id='word_1_645' title='bbox 2518 3024 2555 3091; x_wconf 81' lang='grc' dir='ltr'><em>ὴ</em></span> <span class='ocrx_word' id='word_1_646' title='bbox 2585 3024 2970 3077; x_wconf 80' lang='grc' dir='ltr'>πιστεύσασα</span> <span class='ocrx_word' id='word_1_647' title='bbox 3010 3025 3135 3090; x_wconf 80' lang='grc' dir='ltr'>τοῖς</span> <span class='ocrx_word' id='word_1_648' title='bbox 3180 3028 3441 3093; x_wconf 74' lang='grc' dir='ltr'>λελαλη-</span> 
     </span>
    </p>
   </div>
   <div class='ocr_carea' id='block_1_80' title="bbox 1870 3113 3442 3188">
    <p class='ocr_par' dir='ltr' id='par_1_80' title="bbox 1870 3113 3442 3188">
     <span class='ocr_line' id='line_1_80' title="bbox 1870 3113 3442 3188; baseline 0.002 -21"><span class='ocrx_word' id='word_1_649' title='bbox 1870 3113 2071 3185; x_wconf 80' lang='grc' dir='ltr'>μένοις</span> <span class='ocrx_word' id='word_1_650' title='bbox 2099 3115 2255 3186; x_wconf 75' lang='grc' dir='ltr'>αὐτῇ</span> <span class='ocrx_word' id='word_1_651' title='bbox 2286 3116 2445 3184; x_wconf 79' lang='grc' dir='ltr'>παρὰ</span> <span class='ocrx_word' id='word_1_652' title='bbox 2477 3115 2724 3184; x_wconf 74' lang='grc' dir='ltr'>Κυρίου⁸</span> <span class='ocrx_word' id='word_1_653' title='bbox 2755 3116 2847 3169; x_wconf 73' lang='grc' dir='ltr'>καὶ</span> <span class='ocrx_word' id='word_1_654' title='bbox 2860 3114 2944 3178; x_wconf 79' lang='grc' dir='ltr'>’ὡς</span> <span class='ocrx_word' id='word_1_655' title='bbox 2973 3118 3192 3185; x_wconf 79' lang='grc' dir='ltr'>μεγάλῳ</span> <span class='ocrx_word' id='word_1_656' title='bbox 3216 3116 3442 3188; x_wconf 85' lang='grc' dir='ltr'>τοιούτῳ</span> 
     </span>
    </p>
   </div>
   <div class='ocr_carea' id='block_1_81' title="bbox 1872 3208 3445 3282">
    <p class='ocr_par' dir='ltr' id='par_1_81' title="bbox 1872 3208 3445 3282">
     <span class='ocr_line' id='line_1_81' title="bbox 1872 3208 3445 3282; baseline 0.001 -19"><span class='ocrx_word' id='word_1_657' title='bbox 1872 3209 2135 3280; x_wconf 81' lang='grc' dir='ltr'>ὑπηρετεῖ</span> <span class='ocrx_word' id='word_1_658' title='bbox 2154 3212 2441 3282; x_wconf 79' lang='grc' dir='ltr'>πράγματι</span> <span class='ocrx_word' id='word_1_659' title='bbox 2462 3227 2477 3244; x_wconf 89' lang='grc'><strong>·</strong></span> <span class='ocrx_word' id='word_1_660' title='bbox 2505 3208 2641 3265; x_wconf 84' lang='grc' dir='ltr'>ἀλλά</span> <span class='ocrx_word' id='word_1_661' title='bbox 2669 3209 2777 3266; x_wconf 71' lang='lat' dir='ltr'><strong>Kal</strong></span> <span class='ocrx_word' id='word_1_662' title='bbox 2800 3210 3135 3281; x_wconf 66' lang='grc' dir='ltr'>ήγαλλίασε</span> <span class='ocrx_word' id='word_1_663' title='bbox 3165 3211 3232 3265; x_wconf 80' lang='grc' dir='ltr'>τὸ</span> <span class='ocrx_word' id='word_1_664' title='bbox 3263 3211 3445 3265; x_wconf 79' lang='grc' dir='ltr'>πνεῦ-</span> 
     </span>
    </p>
   </div>
   <div class='ocr_carea' id='block_1_82' title="bbox 1865 3299 2516 3370">
    <p class='ocr_par' dir='ltr' id='par_1_82' title="bbox 1865 3299 2516 3370">
     <span class='ocr_line' id='line_1_82' title="bbox 1865 3299 2516 3370; baseline 0.009 -16"><span class='ocrx_word' id='word_1_665' title='bbox 1865 3299 1950 3370; x_wconf 85' lang='grc' dir='ltr'><em>μὰ</em></span> <span class='ocrx_word' id='word_1_666' title='bbox 1972 3319 2090 3369; x_wconf 86' lang='grc' dir='ltr'>μου</span> <span class='ocrx_word' id='word_1_667' title='bbox 2122 3304 2219 3357; x_wconf 80' lang='grc' dir='ltr'>ἐπὶ</span> <span class='ocrx_word' id='word_1_668' title='bbox 2255 3303 2335 3369; x_wconf 81' lang='grc' dir='ltr'>τῷ</span> <span class='ocrx_word' id='word_1_669' title='bbox 2372 3302 2516 3369; x_wconf 83' lang='grc' dir='ltr'>Θεῷ.</span> 
     </span>
    </p>
   </div>
   <div class='ocr_carea' id='block_1_83' title="bbox 1943 3388 3445 3465">
    <p class='ocr_par' dir='ltr' id='par_1_83' title="bbox 1943 3388 3445 3465">
     <span class='ocr_line' id='line_1_83' title="bbox 1943 3388 3445 3465; baseline 0.001 -18"><span class='ocrx_word' id='word_1_670' title='bbox 1943 3392 2017 3463; x_wconf 71' lang='grc'>(4)</span> <span class='ocrx_word' id='word_1_671' title='bbox 2069 3395 2177 3446; x_wconf 79' lang='grc' dir='ltr'>Τοῦ</span> <span class='ocrx_word' id='word_1_672' title='bbox 2212 3393 2669 3461; x_wconf 64' lang='grc' dir='ltr'>Μεταφραστοῦ.</span> <span class='ocrx_word' id='word_1_673' title='bbox 2713 3388 2841 3463; x_wconf 76' lang='grc' dir='ltr'>Ειχε</span> <span class='ocrx_word' id='word_1_674' title='bbox 2884 3394 2982 3462; x_wconf 85' lang='grc' dir='ltr'>μὲν</span> <span class='ocrx_word' id='word_1_675' title='bbox 3027 3396 3059 3465; x_wconf 78' lang='grc' dir='ltr'><strong>ἠ</strong></span> <span class='ocrx_word' id='word_1_676' title='bbox 3094 3394 3193 3461; x_wconf 78' lang='grc' dir='ltr'>τῆς</span> <span class='ocrx_word' id='word_1_677' title='bbox 3235 3394 3445 3448; x_wconf 86' lang='grc' dir='ltr'>Ἐλισά-</span> 
     </span>
    </p>
   </div>
   <div class='ocr_carea' id='block_1_84' title="bbox 1875 3486 3438 3558">
    <p class='ocr_par' dir='ltr' id='par_1_84' title="bbox 1875 3486 3438 3558">
     <span class='ocr_line' id='line_1_84' title="bbox 1875 3486 3438 3558; baseline -0.001 -17"><span class='ocrx_word' id='word_1_678' title='bbox 1875 3488 1968 3541; x_wconf 78' lang='grc' dir='ltr'>6ετ</span> <span class='ocrx_word' id='word_1_679' title='bbox 1989 3488 2137 3541; x_wconf 83' lang='grc' dir='ltr'>οἰκία</span> <span class='ocrx_word' id='word_1_680' title='bbox 2175 3488 2273 3558; x_wconf 86' lang='grc' dir='ltr'>τὴν</span> <span class='ocrx_word' id='word_1_681' title='bbox 2324 3487 2603 3557; x_wconf 80' lang='grc' dir='ltr'>Παρθένον</span> <span class='ocrx_word' id='word_1_682' title='bbox 2645 3486 2855 3541; x_wconf 79' lang='grc' dir='ltr'>ἐνοικον</span> <span class='ocrx_word' id='word_1_683' title='bbox 2885 3487 3017 3557; x_wconf 73' lang='grc' dir='ltr'>περὶ</span> <span class='ocrx_word' id='word_1_684' title='bbox 3049 3487 3225 3557; x_wconf 84' lang='grc' dir='ltr'>μῆνας</span> <span class='ocrx_word' id='word_1_685' title='bbox 3257 3488 3405 3556; x_wconf 82' lang='grc' dir='ltr'>τρεῖς</span> <span class='ocrx_word' id='word_1_686' title='bbox 3425 3503 3438 3517; x_wconf 88' lang='grc'><strong>·</strong></span> 
     </span>
    </p>
   </div>
   <div class='ocr_carea' id='block_1_85' title="bbox 1875 3575 3439 3649">
    <p class='ocr_par' dir='ltr' id='par_1_85' title="bbox 1875 3575 3439 3649">
     <span class='ocr_line' id='line_1_85' title="bbox 1875 3575 3439 3649; baseline -0.003 -16"><span class='ocrx_word' id='word_1_687' title='bbox 1875 3578 2123 3633; x_wconf 75' lang='grc' dir='ltr'>ἐϐούλετο</span> <span class='ocrx_word' id='word_1_688' title='bbox 2146 3580 2201 3631; x_wconf 82' lang='grc' dir='ltr'>δὲ</span> <span class='ocrx_word' id='word_1_689' title='bbox 2237 3580 2371 3648; x_wconf 77' lang='grc' dir='ltr'>αὐτῇ</span> <span class='ocrx_word' id='word_1_690' title='bbox 2410 3581 2441 3648; x_wconf 83' lang='grc' dir='ltr'>ὴ</span> <span class='ocrx_word' id='word_1_691' title='bbox 2472 3575 2791 3649; x_wconf 74' lang='grc' dir='ltr'>παραμονὴ,</span> <span class='ocrx_word' id='word_1_692' title='bbox 2842 3580 3004 3648; x_wconf 71' lang='grc' dir='ltr'>τυχὸν</span> <span class='ocrx_word' id='word_1_693' title='bbox 3065 3576 3165 3648; x_wconf 77' lang='grc' dir='ltr'>μὲν</span> <span class='ocrx_word' id='word_1_694' title='bbox 3201 3578 3295 3631; x_wconf 81' lang='grc' dir='ltr'>καὶ</span> <span class='ocrx_word' id='word_1_695' title='bbox 3343 3576 3439 3628; x_wconf 80' lang='grc' dir='ltr'>τοῦ</span> 
     </span>
    </p>
   </div>
   <div class='ocr_carea' id='block_1_86' title="bbox 1877 3667 3438 3741">
    <p class='ocr_par' dir='ltr' id='par_1_86' title="bbox 1877 3667 3438 3741">
     <span class='ocr_line' id='line_1_86' title="bbox 1877 3667 3438 3741; baseline 0.001 -18"><span class='ocrx_word' id='word_1_696' title='bbox 1877 3671 2179 3741; x_wconf 75' lang='grc' dir='ltr'>παραδόξου</span> <span class='ocrx_word' id='word_1_697' title='bbox 2208 3669 2540 3738; x_wconf 79' lang='grc' dir='ltr'>κατανοῆσαι</span> <span class='ocrx_word' id='word_1_698' title='bbox 2580 3669 2679 3737; x_wconf 83' lang='grc' dir='ltr'>τὴν</span> <span class='ocrx_word' id='word_1_699' title='bbox 2730 3669 2955 3723; x_wconf 77' lang='grc' dir='ltr'>ἔκσασιν</span> <span class='ocrx_word' id='word_1_700' title='bbox 2976 3687 2987 3699; x_wconf 90' lang='grc'>·</span> <span class='ocrx_word' id='word_1_701' title='bbox 3023 3671 3280 3740; x_wconf 78' lang='grc' dir='ltr'>ἠπορεῖτο</span> <span class='ocrx_word' id='word_1_702' title='bbox 3308 3667 3438 3737; x_wconf 78' lang='grc' dir='ltr'>γὰρ.</span> 
     </span>
    </p>
   </div>
   <div class='ocr_carea' id='block_1_87' title="bbox 1874 3755 3442 3831">
    <p class='ocr_par' dir='ltr' id='par_1_87' title="bbox 1874 3755 3442 3831">
     <span class='ocr_line' id='line_1_87' title="bbox 1874 3755 3442 3831; baseline -0.003 -16"><span class='ocrx_word' id='word_1_703' title='bbox 1874 3763 1949 3826; x_wconf 85' lang='grc' dir='ltr'>ὡς</span> <span class='ocrx_word' id='word_1_704' title='bbox 1978 3762 2145 3826; x_wconf 72' lang='grc' dir='ltr'>εἰκὸς,</span> <span class='ocrx_word' id='word_1_705' title='bbox 2174 3761 2284 3823; x_wconf 89' lang='grc' dir='ltr'>τοῖς</span> <span class='ocrx_word' id='word_1_706' title='bbox 2311 3759 2431 3813; x_wconf 86' lang='grc' dir='ltr'>καθ’</span> <span class='ocrx_word' id='word_1_707' title='bbox 2467 3761 2662 3831; x_wconf 81' lang='grc' dir='ltr'>ἑαυτήν</span> <span class='ocrx_word' id='word_1_708' title='bbox 2683 3773 2697 3788; x_wconf 87' lang='grc'>⁶</span> <span class='ocrx_word' id='word_1_709' title='bbox 2746 3761 2838 3812; x_wconf 77' lang='grc' dir='ltr'>καὶ</span> <span class='ocrx_word' id='word_1_710' title='bbox 2887 3759 3145 3827; x_wconf 75' lang='grc' dir='ltr'>ἔκπληξις</span> <span class='ocrx_word' id='word_1_711' title='bbox 3174 3755 3285 3828; x_wconf 78' lang='grc' dir='ltr'>εἶχε</span> <span class='ocrx_word' id='word_1_712' title='bbox 3310 3760 3442 3811; x_wconf 77' lang='grc' dir='ltr'>ταύο</span> 
     </span>
    </p>
   </div>
   <div class='ocr_carea' id='block_1_88' title="bbox 1874 3850 3442 3925">
    <p class='ocr_par' dir='ltr' id='par_1_88' title="bbox 1874 3850 3442 3925">
     <span class='ocr_line' id='line_1_88' title="bbox 1874 3850 3442 3925; baseline -0.004 -16"><span class='ocrx_word' id='word_1_713' title='bbox 1874 3874 1971 3925; x_wconf 86' lang='grc' dir='ltr'>την</span> <span class='ocrx_word' id='word_1_714' title='bbox 1998 3855 2115 3924; x_wconf 74' lang='grc' dir='ltr'>οὐχὶ</span> <span class='ocrx_word' id='word_1_715' title='bbox 2146 3854 2342 3922; x_wconf 88' lang='grc' dir='ltr'>μετρία</span> <span class='ocrx_word' id='word_1_716' title='bbox 2367 3870 2379 3882; x_wconf 76' lang='grc'><strong><em>⁸</em></strong></span> <span class='ocrx_word' id='word_1_717' title='bbox 2410 3852 2571 3922; x_wconf 66' lang='grc' dir='ltr'>τυχὸν</span> <span class='ocrx_word' id='word_1_718' title='bbox 2616 3851 2671 3905; x_wconf 81' lang='grc' dir='ltr'>δὲ</span> <span class='ocrx_word' id='word_1_719' title='bbox 2716 3853 2804 3905; x_wconf 71' lang='grc' dir='ltr'>καὶ</span> <span class='ocrx_word' id='word_1_720' title='bbox 2839 3851 3167 3922; x_wconf 84' lang='grc' dir='ltr'>συνησθῆναι</span> <span class='ocrx_word' id='word_1_721' title='bbox 3194 3853 3258 3920; x_wconf 84' lang='grc' dir='ltr'>τῇ</span> <span class='ocrx_word' id='word_1_722' title='bbox 3300 3850 3442 3903; x_wconf 86' lang='grc' dir='ltr'>Ἐλι-</span> 
     </span>
    </p>
   </div>
   <div class='ocr_carea' id='block_1_89' title="bbox 1878 3941 3441 4012">
    <p class='ocr_par' dir='ltr' id='par_1_89' title="bbox 1878 3941 3441 4012">
     <span class='ocr_line' id='line_1_89' title="bbox 1878 3941 3441 4012; baseline -0.004 -11"><span class='ocrx_word' id='word_1_723' title='bbox 1878 3948 2042 4001; x_wconf 80' lang='grc' dir='ltr'>σὰὅετ</span> <span class='ocrx_word' id='word_1_724' title='bbox 2071 3946 2140 3999; x_wconf 83' lang='grc' dir='ltr'>τὰ.</span> <span class='ocrx_word' id='word_1_725' title='bbox 2167 3944 2389 3998; x_wconf 85' lang='grc' dir='ltr'>τοιαῦτα</span> <span class='ocrx_word' id='word_1_726' title='bbox 2428 3943 2688 4012; x_wconf 80' lang='grc' dir='ltr'>μεγαλεῖα</span> <span class='ocrx_word' id='word_1_727' title='bbox 2726 3944 2820 3996; x_wconf 80' lang='grc' dir='ltr'>καὶ</span> <span class='ocrx_word' id='word_1_728' title='bbox 2854 3944 3181 4011; x_wconf 73' lang='grc' dir='ltr'>εὐαγγέλια·</span> <span class='ocrx_word' id='word_1_729' title='bbox 3227 3944 3347 3997; x_wconf 77' lang='grc' dir='ltr'>ὅτου</span> <span class='ocrx_word' id='word_1_730' title='bbox 3387 3941 3441 3995; x_wconf 64' lang='grc' dir='ltr'>δὲ</span> 
     </span>
    </p>
   </div>
   <div class='ocr_carea' id='block_1_90' title="bbox 1876 4035 3441 4113">
    <p class='ocr_par' dir='ltr' id='par_1_90' title="bbox 1876 4035 3441 4113">
     <span class='ocr_line' id='line_1_90' title="bbox 1876 4035 3441 4113; baseline -0.005 -18"><span class='ocrx_word' id='word_1_731' title='bbox 1876 4043 2034 4113; x_wconf 82' lang='grc' dir='ltr'>χάριν</span> <span class='ocrx_word' id='word_1_732' title='bbox 2065 4041 2157 4093; x_wconf 75' lang='grc' dir='ltr'>ἐπὶ</span> <span class='ocrx_word' id='word_1_733' title='bbox 2186 4040 2335 4110; x_wconf 80' lang='grc' dir='ltr'>τρεῖς</span> <span class='ocrx_word' id='word_1_734' title='bbox 2366 4037 2543 4109; x_wconf 81' lang='grc' dir='ltr'>μῆνας</span> <span class='ocrx_word' id='word_1_735' title='bbox 2575 4038 2669 4090; x_wconf 75' lang='grc' dir='ltr'>καὶ</span> <span class='ocrx_word' id='word_1_736' title='bbox 2722 4036 2796 4107; x_wconf 80' lang='grc' dir='ltr'>μὴ</span> <span class='ocrx_word' id='word_1_737' title='bbox 2830 4035 2991 4089; x_wconf 85' lang='grc' dir='ltr'>πλέον</span> <span class='ocrx_word' id='word_1_738' title='bbox 3025 4037 3057 4106; x_wconf 83' lang='grc' dir='ltr'>ἡ</span> <span class='ocrx_word' id='word_1_739' title='bbox 3086 4035 3375 4101; x_wconf 85' lang='grc' dir='ltr'>.συνοικία,</span> <span class='ocrx_word' id='word_1_740' title='bbox 3410 4037 3441 4103; x_wconf 74' lang='grc' dir='ltr'>ἢ</span> 
     </span>
    </p>
   </div>
   <div class='ocr_carea' id='block_1_91' title="bbox 1878 4126 3440 4198">
    <p class='ocr_par' dir='ltr' id='par_1_91' title="bbox 1878 4126 3440 4198">
     <span class='ocr_line' id='line_1_91' title="bbox 1878 4126 3440 4198; baseline -0.006 -11"><span class='ocrx_word' id='word_1_741' title='bbox 1878 4137 2094 4197; x_wconf 76' lang='grc' dir='ltr'>πάντως</span> <span class='ocrx_word' id='word_1_742' title='bbox 2122 4132 2196 4195; x_wconf 84' lang='grc' dir='ltr'>ὡς</span> <span class='ocrx_word' id='word_1_743' title='bbox 2226 4132 2430 4185; x_wconf 84' lang='grc' dir='ltr'>τίκτειν</span> <span class='ocrx_word' id='word_1_744' title='bbox 2480 4128 2777 4198; x_wconf 84' lang='grc' dir='ltr'>μελλούσης</span> <span class='ocrx_word' id='word_1_745' title='bbox 2805 4130 2924 4181; x_wconf 80' lang='grc' dir='ltr'>τότε</span> <span class='ocrx_word' id='word_1_746' title='bbox 2970 4130 3068 4198; x_wconf 72' lang='grc' dir='ltr'>τῆς</span> <span class='ocrx_word' id='word_1_747' title='bbox 3126 4126 3440 4192; x_wconf 72' lang='grc' dir='ltr'>Ἐλισάὄετς</span> 
     </span>
    </p>
   </div>
   <div class='ocr_carea' id='block_1_92' title="bbox 1876 4218 3444 4296">
    <p class='ocr_par' dir='ltr' id='par_1_92' title="bbox 1876 4218 3444 4296">
     <span class='ocr_line' id='line_1_92' title="bbox 1876 4218 3444 4296; baseline -0.006 -16"><span class='ocrx_word' id='word_1_748' title='bbox 1876 4227 1938 4280; x_wconf 76' lang='lat' dir='ltr'><strong>Et</strong></span> <span class='ocrx_word' id='word_1_749' title='bbox 1972 4225 2079 4296; x_wconf 83' lang='grc' dir='ltr'>γὰρ</span> <span class='ocrx_word' id='word_1_750' title='bbox 2112 4243 2174 4277; x_wconf 87' lang='grc' dir='ltr'>πε</span> <span class='ocrx_word' id='word_1_751' title='bbox 2185 4226 2238 4294; x_wconf 80' lang='lat' dir='ltr'>pl.</span> <span class='ocrx_word' id='word_1_752' title='bbox 2265 4223 2356 4276; x_wconf 77' lang='grc' dir='ltr'>τὸν</span> <span class='ocrx_word' id='word_1_753' title='bbox 2381 4223 2539 4276; x_wconf 75' lang='grc' dir='ltr'>ἕκτον</span> <span class='ocrx_word' id='word_1_754' title='bbox 2563 4223 2706 4291; x_wconf 85' lang='grc' dir='ltr'>μῆνα</span> <span class='ocrx_word' id='word_1_755' title='bbox 2728 4220 2819 4273; x_wconf 92' lang='grc' dir='ltr'>τοῦ</span> <span class='ocrx_word' id='word_1_756' title='bbox 2849 4220 3051 4289; x_wconf 88' lang='grc' dir='ltr'>ταύτην</span> <span class='ocrx_word' id='word_1_757' title='bbox 3075 4221 3138 4288; x_wconf 83' lang='grc' dir='ltr'>δὴ</span> <span class='ocrx_word' id='word_1_758' title='bbox 3163 4218 3444 4273; x_wconf 77' lang='grc' dir='ltr'>συλλαϐεῖν</span> 
     </span>
    </p>
   </div>
   <div class='ocr_carea' id='block_1_93' title="bbox 1874 4312 3440 4392">
    <p class='ocr_par' dir='ltr' id='par_1_93' title="bbox 1874 4312 3440 4392">
     <span class='ocr_line' id='line_1_93' title="bbox 1874 4312 3440 4392; baseline -0.007 -18"><span class='ocrx_word' id='word_1_759' title='bbox 1874 4326 1906 4392; x_wconf 75' lang='grc' dir='ltr'>ἡ</span> <span class='ocrx_word' id='word_1_760' title='bbox 1930 4321 2025 4374; x_wconf 88' lang='grc' dir='ltr'>τοῦ</span> <span class='ocrx_word' id='word_1_761' title='bbox 2049 4318 2283 4388; x_wconf 76' lang='grc' dir='ltr'>ἀγγέλου</span> <span class='ocrx_word' id='word_1_762' title='bbox 2317 4318 2510 4386; x_wconf 78' lang='grc' dir='ltr'>γέγονε</span> <span class='ocrx_word' id='word_1_763' title='bbox 2548 4315 2683 4386; x_wconf 81' lang='grc' dir='ltr'>πρὸς</span> <span class='ocrx_word' id='word_1_764' title='bbox 2716 4315 2814 4385; x_wconf 79' lang='grc' dir='ltr'>τὴν</span> <span class='ocrx_word' id='word_1_765' title='bbox 2850 4313 3127 4386; x_wconf 73' lang='grc' dir='ltr'>Παρθένον</span> <span class='ocrx_word' id='word_1_766' title='bbox 3150 4312 3440 4380; x_wconf 76' lang='grc' dir='ltr'>ἀποστολὴ,</span> 
     </span>
    </p>
   </div>
   <div class='ocr_carea' id='block_1_94' title="bbox 1875 4406 3442 4486">
    <p class='ocr_par' dir='ltr' id='par_1_94' title="bbox 1875 4406 3442 4486">
     <span class='ocr_line' id='line_1_94' title="bbox 1875 4406 3442 4486; baseline -0.009 -16"><span class='ocrx_word' id='word_1_767' title='bbox 1875 4416 2012 4486; x_wconf 83' lang='grc' dir='ltr'>αὑτὴ</span> <span class='ocrx_word' id='word_1_768' title='bbox 2039 4416 2098 4468; x_wconf 80' lang='grc' dir='ltr'>δὲ</span> <span class='ocrx_word' id='word_1_769' title='bbox 2128 4413 2396 4483; x_wconf 83' lang='grc' dir='ltr'>γενομένη</span> <span class='ocrx_word' id='word_1_770' title='bbox 2426 4410 2563 4479; x_wconf 72' lang='grc' dir='ltr'>πρὸς</span> <span class='ocrx_word' id='word_1_771' title='bbox 2603 4408 2885 4462; x_wconf 81' lang='grc' dir='ltr'>Ἐλισάϐετ</span> <span class='ocrx_word' id='word_1_772' title='bbox 2921 4409 3098 4477; x_wconf 83' lang='grc' dir='ltr'>μῆνας</span> <span class='ocrx_word' id='word_1_773' title='bbox 3128 4408 3277 4471; x_wconf 80' lang='grc' dir='ltr'>τρεῖς</span> <span class='ocrx_word' id='word_1_774' title='bbox 3309 4406 3442 4475; x_wconf 83' lang='grc' dir='ltr'>παρ’</span> 
     </span>
    </p>
   </div>
   <div class='ocr_carea' id='block_1_95' title="bbox 1877 4496 3439 4575">
    <p class='ocr_par' dir='ltr' id='par_1_95' title="bbox 1877 4496 3439 4575">
     <span class='ocr_line' id='line_1_95' title="bbox 1877 4496 3439 4575; baseline -0.007 -15"><span class='ocrx_word' id='word_1_775' title='bbox 1877 4508 2012 4575; x_wconf 79' lang='grc' dir='ltr'>αὐτῇ</span> <span class='ocrx_word' id='word_1_776' title='bbox 2040 4505 2289 4575; x_wconf 74' lang='grc' dir='ltr'>διαμένῃ,</span> <span class='ocrx_word' id='word_1_777' title='bbox 2312 4502 2533 4570; x_wconf 84' lang='grc' dir='ltr'>εῦδηλον</span> <span class='ocrx_word' id='word_1_778' title='bbox 2554 4502 2634 4553; x_wconf 83' lang='grc' dir='ltr'>ὅτι</span> <span class='ocrx_word' id='word_1_779' title='bbox 2650 4498 2743 4552; x_wconf 88' lang='grc' dir='ltr'>τοῦ</span> <span class='ocrx_word' id='word_1_780' title='bbox 2764 4499 2953 4567; x_wconf 78' lang='grc' dir='ltr'>χρόνον</span> <span class='ocrx_word' id='word_1_781' title='bbox 2982 4499 3076 4567; x_wconf 78' lang='grc' dir='ltr'>τῆς</span> <span class='ocrx_word' id='word_1_782' title='bbox 3104 4496 3439 4565; x_wconf 75' lang='grc' dir='ltr'>συλλήψεως,</span> 
     </span>
    </p>
   </div>
   <div class='ocr_carea' id='block_1_96' title="bbox 1876 4586 3446 4665">
    <p class='ocr_par' dir='ltr' id='par_1_96' title="bbox 1876 4586 3446 4665">
     <span class='ocr_line' id='line_1_96' title="bbox 1876 4586 3446 4665; baseline -0.01 -13"><span class='ocrx_word' id='word_1_783' title='bbox 1876 4599 1934 4652; x_wconf 84' lang='grc' dir='ltr'>ὃν</span> <span class='ocrx_word' id='word_1_784' title='bbox 1964 4602 1990 4652; x_wconf 89' lang='grc' dir='ltr'>ὁ</span> <span class='ocrx_word' id='word_1_785' title='bbox 2015 4597 2199 4654; x_wconf 78' lang='grc' dir='ltr'>ἔνατος</span> <span class='ocrx_word' id='word_1_786' title='bbox 2224 4594 2554 4665; x_wconf 76' lang='grc' dir='ltr'>περιγράφει</span> <span class='ocrx_word' id='word_1_787' title='bbox 2592 4590 2719 4661; x_wconf 81' lang='grc' dir='ltr'>μὴν,</span> <span class='ocrx_word' id='word_1_788' title='bbox 2746 4590 2917 4659; x_wconf 87' lang='grc' dir='ltr'>πέρας</span> <span class='ocrx_word' id='word_1_789' title='bbox 2962 4588 3199 4658; x_wconf 78' lang='grc' dir='ltr'>ἔχοντος,</span> <span class='ocrx_word' id='word_1_790' title='bbox 3243 4589 3323 4649; x_wconf 85' lang='grc' dir='ltr'>είς</span> <span class='ocrx_word' id='word_1_791' title='bbox 3352 4586 3446 4638; x_wconf 83' lang='grc' dir='ltr'>τὸν</span> 
     </span>
    </p>
   </div>
   <div class='ocr_carea' id='block_1_97' title="bbox 1877 4678 3437 4761">
    <p class='ocr_par' dir='ltr' id='par_1_97' title="bbox 1877 4678 3437 4761">
     <span class='ocr_line' id='line_1_97' title="bbox 1877 4678 3437 4761; baseline -0.012 -13"><span class='ocrx_word' id='word_1_792' title='bbox 1877 4694 2046 4761; x_wconf 75' lang='grc' dir='ltr'>αὐτῆς</span> <span class='ocrx_word' id='word_1_793' title='bbox 2072 4689 2217 4745; x_wconf 78' lang='grc' dir='ltr'>οἷκον</span> <span class='ocrx_word' id='word_1_794' title='bbox 2240 4689 2515 4742; x_wconf 81' lang='grc' dir='ltr'>ἐπάνεισιν</span> <span class='ocrx_word' id='word_1_795' title='bbox 2539 4687 2573 4756; x_wconf 73' lang='grc' dir='ltr'>ἡ</span> <span class='ocrx_word' id='word_1_796' title='bbox 2604 4684 2906 4754; x_wconf 83' lang='grc' dir='ltr'>Ηαρθένος’</span> <span class='ocrx_word' id='word_1_797' title='bbox 2930 4683 3023 4735; x_wconf 70' lang='grc' dir='ltr'>καὶ</span> <span class='ocrx_word' id='word_1_798' title='bbox 3051 4682 3237 4733; x_wconf 79' lang='grc' dir='ltr'>τούτου</span> <span class='ocrx_word' id='word_1_799' title='bbox 3263 4678 3437 4748; x_wconf 73' lang='grc' dir='ltr'>τυχὸν,</span> 
     </span>
    </p>
   </div>
   <div class='ocr_carea' id='block_1_98' title="bbox 1877 4766 3445 4851">
    <p class='ocr_par' dir='ltr' id='par_1_98' title="bbox 1877 4766 3445 4851">
     <span class='ocr_line' id='line_1_98' title="bbox 1877 4766 3445 4851; baseline -0.011 -11"><span class='ocrx_word' id='word_1_800' title='bbox 1877 4786 1965 4839; x_wconf 81' lang='grc' dir='ltr'>διὰ</span> <span class='ocrx_word' id='word_1_801' title='bbox 1993 4783 2053 4837; x_wconf 83' lang='grc' dir='ltr'>τὸ</span> <span class='ocrx_word' id='word_1_802' title='bbox 2083 4783 2275 4851; x_wconf 85' lang='grc' dir='ltr'>μέλλον</span> <span class='ocrx_word' id='word_1_803' title='bbox 2302 4780 2548 4849; x_wconf 79' lang='grc' dir='ltr'>ἀπαντᾷν</span> <span class='ocrx_word' id='word_1_804' title='bbox 2590 4776 2794 4843; x_wconf 79' lang='grc' dir='ltr'>πλῆθος</span> <span class='ocrx_word' id='word_1_805' title='bbox 2827 4778 2904 4838; x_wconf 89' lang='grc' dir='ltr'>εἰς</span> <span class='ocrx_word' id='word_1_806' title='bbox 2933 4776 3022 4829; x_wconf 82' lang='grc' dir='ltr'>τὸν</span> <span class='ocrx_word' id='word_1_807' title='bbox 3052 4773 3324 4842; x_wconf 82' lang='grc' dir='ltr'>Ζαχαρίου</span> <span class='ocrx_word' id='word_1_808' title='bbox 3362 4766 3445 4824; x_wconf 85' lang='grc' dir='ltr'>οῐ-</span> 
     </span>
    </p>
   </div>
   <div class='ocr_carea' id='block_1_99' title="bbox 1878 4862 3445 4942">
    <p class='ocr_par' dir='ltr' id='par_1_99' title="bbox 1878 4862 3445 4942">
     <span class='ocr_line' id='line_1_99' title="bbox 1878 4862 3445 4942; baseline -0.01 -13"><span class='ocrx_word' id='word_1_809' title='bbox 1878 4893 1992 4941; x_wconf 84' lang='grc' dir='ltr'>κον,</span> <span class='ocrx_word' id='word_1_810' title='bbox 2014 4876 2172 4927; x_wconf 85' lang='grc' dir='ltr'>τόκου</span> <span class='ocrx_word' id='word_1_811' title='bbox 2208 4872 2309 4942; x_wconf 75' lang='grc' dir='ltr'>μὲν</span> <span class='ocrx_word' id='word_1_812' title='bbox 2332 4870 2484 4940; x_wconf 79' lang='grc' dir='ltr'>ὥραν</span> <span class='ocrx_word' id='word_1_813' title='bbox 2509 4868 2607 4939; x_wconf 86' lang='grc' dir='ltr'>τῆς</span> <span class='ocrx_word' id='word_1_814' title='bbox 2650 4867 2937 4920; x_wconf 79' lang='grc' dir='ltr'>Ἐλισάὄετ</span> <span class='ocrx_word' id='word_1_815' title='bbox 2962 4865 3192 4935; x_wconf 79' lang='grc' dir='ltr'>ἐχούσης</span> <span class='ocrx_word' id='word_1_816' title='bbox 3213 4880 3225 4893; x_wconf 90' lang='grc'><strong>·</strong></span> <span class='ocrx_word' id='word_1_817' title='bbox 3256 4863 3354 4932; x_wconf 80' lang='grc' dir='ltr'>τῆς</span> <span class='ocrx_word' id='word_1_818' title='bbox 3386 4862 3445 4915; x_wconf 65' lang='grc' dir='ltr'>δὲ</span> 
     </span>
    </p>
   </div>
   <div class='ocr_carea' id='block_1_100' title="bbox 1880 4956 3442 5041">
    <p class='ocr_par' dir='ltr' id='par_1_100' title="bbox 1880 4956 3442 5041">
     <span class='ocr_line' id='line_1_100' title="bbox 1880 4956 3442 5041; baseline -0.008 -21"><span class='ocrx_word' id='word_1_819' title='bbox 1880 4966 2215 5036; x_wconf 84' lang='grc' dir='ltr'>παρθενικῆς</span> <span class='ocrx_word' id='word_1_820' title='bbox 2241 4963 2411 5016; x_wconf 90' lang='grc' dir='ltr'>ταῦτα</span> <span class='ocrx_word' id='word_1_821' title='bbox 2431 4959 2612 5023; x_wconf 80' lang='grc' dir='ltr'>αἰδοῦς</span> <span class='ocrx_word' id='word_1_822' title='bbox 2645 4959 2747 5012; x_wconf 80' lang='grc' dir='ltr'>οὐκ</span> <span class='ocrx_word' id='word_1_823' title='bbox 2770 4959 3103 5028; x_wconf 84' lang='grc' dir='ltr'>ἀνεχομένης</span> <span class='ocrx_word' id='word_1_824' title='bbox 3123 4974 3135 4988; x_wconf 92' lang='grc'><strong>·</strong></span> <span class='ocrx_word' id='word_1_825' title='bbox 3163 4956 3350 5041; x_wconf 70' lang='grc' dir='ltr'>ἔθιμον</span> <span class='ocrx_word' id='word_1_826' title='bbox 3379 4956 3442 5027; x_wconf 81' lang='grc' dir='ltr'>δὴ</span> 
     </span>
    </p>
   </div>
   <div class='ocr_carea' id='block_1_101' title="bbox 1875 5046 3445 5123">
    <p class='ocr_par' dir='ltr' id='par_1_101' title="bbox 1875 5046 3445 5123">
     <span class='ocr_line' id='line_1_101' title="bbox 1875 5046 3445 5123; baseline -0.009 -12"><span class='ocrx_word' id='word_1_827' title='bbox 1875 5058 1935 5111; x_wconf 82' lang='grc' dir='ltr'>ὂν</span> <span class='ocrx_word' id='word_1_828' title='bbox 1961 5055 2262 5123; x_wconf 75' lang='grc' dir='ltr'>ὑποχωρεῖν</span> <span class='ocrx_word' id='word_1_829' title='bbox 2296 5052 2392 5113; x_wconf 80' lang='grc' dir='ltr'>τὰς</span> <span class='ocrx_word' id='word_1_830' title='bbox 2426 5051 2751 5118; x_wconf 87' lang='grc' dir='ltr'>παρθένους,</span> <span class='ocrx_word' id='word_1_831' title='bbox 2787 5051 3006 5101; x_wconf 67' lang='grc' dir='ltr'>ἐπειδὰν</span> <span class='ocrx_word' id='word_1_832' title='bbox 3044 5048 3209 5116; x_wconf 83' lang='grc' dir='ltr'>μέλλῃ</span> <span class='ocrx_word' id='word_1_833' title='bbox 3239 5046 3445 5098; x_wconf 88' lang='grc' dir='ltr'>τίκτειν</span> 
     </span>
    </p>
   </div>
   <div class='ocr_carea' id='block_1_102' title="bbox 1876 5137 3443 5215">
    <p class='ocr_par' dir='ltr' id='par_1_102' title="bbox 1876 5137 3443 5215">
     <span class='ocr_line' id='line_1_102' title="bbox 1876 5137 3443 5215; baseline -0.008 -14"><span class='ocrx_word' id='word_1_834' title='bbox 1876 5154 1934 5201; x_wconf 83' lang='grc' dir='ltr'>ἐν</span> <span class='ocrx_word' id='word_1_835' title='bbox 1970 5145 2164 5215; x_wconf 89' lang='grc' dir='ltr'>γαστρί</span> <span class='ocrx_word' id='word_1_836' title='bbox 2186 5146 2418 5213; x_wconf 80' lang='grc' dir='ltr'>ἔχουσα·</span> <span class='ocrx_word' id='word_1_837' title='bbox 2451 5142 2532 5195; x_wconf 85' lang='grc' dir='ltr'>δεῖ</span> <span class='ocrx_word' id='word_1_838' title='bbox 2575 5142 2682 5211; x_wconf 78' lang='grc' dir='ltr'>γὰρ</span> <span class='ocrx_word' id='word_1_839' title='bbox 2732 5140 2825 5194; x_wconf 77' lang='grc' dir='ltr'>καὶ</span> <span class='ocrx_word' id='word_1_840' title='bbox 2856 5138 3013 5193; x_wconf 88' lang='grc' dir='ltr'>τοῦτο</span> <span class='ocrx_word' id='word_1_841' title='bbox 3048 5139 3271 5191; x_wconf 83' lang='grc' dir='ltr'>σκοπεῖν</span> <span class='ocrx_word' id='word_1_842' title='bbox 3299 5152 3311 5165; x_wconf 89' lang='grc'><strong>·</strong></span> <span class='ocrx_word' id='word_1_843' title='bbox 3344 5137 3443 5207; x_wconf 65' lang='grc' dir='ltr'>ἤδη</span> 
     </span>
    </p>
   </div>
   <div class='ocr_carea' id='block_1_103' title="bbox 1877 5228 3445 5309">
    <p class='ocr_par' dir='ltr' id='par_1_103' title="bbox 1877 5228 3445 5309">
     <span class='ocr_line' id='line_1_103' title="bbox 1877 5228 3445 5309; baseline -0.01 -14"><span class='ocrx_word' id='word_1_844' title='bbox 1877 5241 1969 5296; x_wconf 62' lang='grc' dir='ltr'>καῖ⁵</span> <span class='ocrx_word' id='word_1_845' title='bbox 1989 5241 2086 5309; x_wconf 83' lang='grc' dir='ltr'>τῆς</span> <span class='ocrx_word' id='word_1_846' title='bbox 2116 5236 2398 5291; x_wconf 74' lang='grc' dir='ltr'>Ἐλισάσετ</span> <span class='ocrx_word' id='word_1_847' title='bbox 2418 5235 2580 5288; x_wconf 77' lang='grc' dir='ltr'>τόκου</span> <span class='ocrx_word' id='word_1_848' title='bbox 2605 5234 2752 5303; x_wconf 82' lang='grc' dir='ltr'>ὥραν</span> <span class='ocrx_word' id='word_1_849' title='bbox 2776 5232 3026 5301; x_wconf 77' lang='grc' dir='ltr'>ἐγούσης,</span> <span class='ocrx_word' id='word_1_850' title='bbox 3057 5233 3090 5295; x_wconf 77' lang='grc' dir='ltr'><strong>ἠ</strong></span> <span class='ocrx_word' id='word_1_851' title='bbox 3112 5230 3300 5296; x_wconf 86' lang='grc' dir='ltr'>Μαρία</span> <span class='ocrx_word' id='word_1_852' title='bbox 3326 5228 3445 5281; x_wconf 79' lang='grc' dir='ltr'>καί·</span> 
     </span>
    </p>
   </div>
   <div class='ocr_carea' id='block_1_104' title="bbox 1874 5321 3441 5400">
    <p class='ocr_par' dir='ltr' id='par_1_104' title="bbox 1874 5321 3441 5400">
     <span class='ocr_line' id='line_1_104' title="bbox 1874 5321 3441 5400; baseline -0.011 -11"><span class='ocrx_word' id='word_1_853' title='bbox 1874 5351 1957 5388; x_wconf 85' lang='grc' dir='ltr'>τοι</span> <span class='ocrx_word' id='word_1_854' title='bbox 1986 5330 2222 5400; x_wconf 81' lang='grc' dir='ltr'>ἀτεχνῶς</span> <span class='ocrx_word' id='word_1_855' title='bbox 2251 5324 2385 5380; x_wconf 75' lang='grc' dir='ltr'>οὖσα</span> <span class='ocrx_word' id='word_1_856' title='bbox 2410 5328 2626 5393; x_wconf 77' lang='grc' dir='ltr'>ἔγκυος,</span> <span class='ocrx_word' id='word_1_857' title='bbox 2650 5326 2763 5379; x_wconf 78' lang='grc' dir='ltr'>ἀλλ’</span> <span class='ocrx_word' id='word_1_858' title='bbox 2791 5321 2907 5389; x_wconf 73' lang='grc' dir='ltr'>οὖν,</span> <span class='ocrx_word' id='word_1_859' title='bbox 2940 5323 3015 5387; x_wconf 86' lang='grc' dir='ltr'>ὼς</span> <span class='ocrx_word' id='word_1_860' title='bbox 3053 5322 3317 5393; x_wconf 80' lang='grc' dir='ltr'>παρθένος</span> <span class='ocrx_word' id='word_1_861' title='bbox 3352 5322 3441 5384; x_wconf 77' lang='grc' dir='ltr'>ἐξ·</span> 
     </span>
    </p>
   </div>
   <div class='ocr_carea' id='block_1_105' title="bbox 1878 5414 3444 5484">
    <p class='ocr_par' dir='ltr' id='par_1_105' title="bbox 1878 5414 3444 5484">
     <span class='ocr_line' id='line_1_105' title="bbox 1878 5414 3444 5484; baseline -0.011 -4"><span class='ocrx_word' id='word_1_862' title='bbox 1878 5427 2104 5479; x_wconf 89' lang='grc' dir='ltr'>ίσταται.</span> <span class='ocrx_word' id='word_1_863' title='bbox 2148 5420 2299 5473; x_wconf 72' lang='grc' dir='ltr'>Ἐπεὶ</span> <span class='ocrx_word' id='word_1_864' title='bbox 2323 5419 2379 5472; x_wconf 75' lang='grc' dir='ltr'>δὲ</span> <span class='ocrx_word' id='word_1_865' title='bbox 2426 5420 2517 5473; x_wconf 79' lang='grc' dir='ltr'>καὶ</span> <span class='ocrx_word' id='word_1_866' title='bbox 2546 5422 2631 5480; x_wconf 81' lang='grc' dir='ltr'>είς</span> <span class='ocrx_word' id='word_1_867' title='bbox 2650 5418 2740 5471; x_wconf 85' lang='grc' dir='ltr'>τὸν</span> <span class='ocrx_word' id='word_1_868' title='bbox 2775 5414 2919 5470; x_wconf 85' lang='grc' dir='ltr'>οἷκον</span> <span class='ocrx_word' id='word_1_869' title='bbox 2957 5416 3049 5469; x_wconf 84' lang='grc' dir='ltr'>τὸν</span> <span class='ocrx_word' id='word_1_870' title='bbox 3100 5416 3300 5484; x_wconf 74' lang='grc' dir='ltr'>ἑαυτῆς</span> <span class='ocrx_word' id='word_1_871' title='bbox 3345 5414 3444 5464; x_wconf 72' lang='grc' dir='ltr'>ἑπ-</span> 
     </span>
    </p>
   </div>
   <div class='ocr_carea' id='block_1_106' title="bbox 1874 5505 3442 5587">
    <p class='ocr_par' dir='ltr' id='par_1_106' title="bbox 1874 5505 3442 5587">
     <span class='ocr_line' id='line_1_106' title="bbox 1874 5505 3442 5587; baseline -0.008 -15"><span class='ocrx_word' id='word_1_872' title='bbox 1874 5517 2122 5587; x_wconf 85' lang='grc' dir='ltr'>ανῆλθεν,</span> <span class='ocrx_word' id='word_1_873' title='bbox 2146 5514 2377 5581; x_wconf 84' lang='grc' dir='ltr'>ἀλλαχοῦ</span> <span class='ocrx_word' id='word_1_874' title='bbox 2398 5513 2516 5581; x_wconf 85' lang='grc' dir='ltr'>μὲν,</span> <span class='ocrx_word' id='word_1_875' title='bbox 2542 5512 2776 5579; x_wconf 68' lang='grc' dir='ltr'>οὐδαμοῦ</span> <span class='ocrx_word' id='word_1_876' title='bbox 2793 5527 2806 5541; x_wconf 79' lang='grc' dir='ltr'><strong>ο</strong></span> <span class='ocrx_word' id='word_1_877' title='bbox 2836 5513 2949 5563; x_wconf 80' lang='grc' dir='ltr'>ἐκεῖ</span> <span class='ocrx_word' id='word_1_878' title='bbox 2968 5510 3025 5562; x_wconf 80' lang='grc' dir='ltr'>δὲ</span> <span class='ocrx_word' id='word_1_879' title='bbox 3048 5508 3107 5561; x_wconf 79' lang='grc' dir='ltr'>τὸ</span> <span class='ocrx_word' id='word_1_880' title='bbox 3132 5509 3267 5577; x_wconf 70' lang='grc' dir='ltr'>μετὰ</span> <span class='ocrx_word' id='word_1_881' title='bbox 3283 5505 3442 5559; x_wconf 82' lang='grc' dir='ltr'>τοῦτο</span> 
     </span>
    </p>
   </div>
   <div class='ocr_carea' id='block_1_107' title="bbox 1873 5598 3434 5677">
    <p class='ocr_par' dir='ltr' id='par_1_107' title="bbox 1873 5598 3434 5677">
     <span class='ocr_line' id='line_1_107' title="bbox 1873 5598 3434 5677; baseline -0.008 -15"><span class='ocrx_word' id='word_1_882' title='bbox 1873 5609 2132 5673; x_wconf 86' lang='grc' dir='ltr'>διάγουσα</span> <span class='ocrx_word' id='word_1_883' title='bbox 2162 5602 2251 5677; x_wconf 80' lang='grc' dir='ltr'>ἦν,</span> <span class='ocrx_word' id='word_1_884' title='bbox 2278 5604 2381 5667; x_wconf 74' lang='grc' dir='ltr'>ἕως</span> <span class='ocrx_word' id='word_1_885' title='bbox 2425 5603 2663 5671; x_wconf 75' lang='grc' dir='ltr'>ἐγγίζειν</span> <span class='ocrx_word' id='word_1_886' title='bbox 2713 5602 2811 5670; x_wconf 69' lang='grc' dir='ltr'>ἤδη</span> <span class='ocrx_word' id='word_1_887' title='bbox 2862 5601 3092 5668; x_wconf 77' lang='grc' dir='ltr'>τὸντῆς</span> <span class='ocrx_word' id='word_1_888' title='bbox 3141 5598 3434 5665; x_wconf 79' lang='grc' dir='ltr'>κυοφορίας</span> 
     </span>
    </p>
   </div>
   <div class='ocr_carea' id='block_1_108' title="bbox 1876 5688 3437 5777">
    <p class='ocr_par' dir='ltr' id='par_1_108' title="bbox 1876 5688 3437 5777">
     <span class='ocr_line' id='line_1_108' title="bbox 1876 5688 3437 5777; baseline -0.007 -25"><span class='ocrx_word' id='word_1_889' title='bbox 1876 5697 2064 5768; x_wconf 72' lang='grc' dir='ltr'>καιρὸν</span> <span class='ocrx_word' id='word_1_890' title='bbox 2108 5699 2369 5767; x_wconf 78' lang='grc' dir='ltr'>ἔγνωκεν.</span> <span class='ocrx_word' id='word_1_891' title='bbox 2413 5696 2571 5747; x_wconf 77' lang='grc' dir='ltr'>Ἀλλὰ</span> <span class='ocrx_word' id='word_1_892' title='bbox 2601 5694 2677 5764; x_wconf 84' lang='grc' dir='ltr'>τῷ</span> <span class='ocrx_word' id='word_1_893' title='bbox 2718 5692 2972 5762; x_wconf 79' lang='grc' dir='ltr'>Ἰωσὴφή</span> <span class='ocrx_word' id='word_1_894' title='bbox 3018 5692 3113 5758; x_wconf 81' lang='grc' dir='ltr'>τῆς</span> <span class='ocrx_word' id='word_1_895' title='bbox 3156 5688 3437 5777; x_wconf 83' lang='grc' dir='ltr'>Παρθένου</span> 
     </span>
    </p>
   </div>
   <div class='ocr_carea' id='block_1_109' title="bbox 1874 5780 3438 5860">
    <p class='ocr_par' dir='ltr' id='par_1_109' title="bbox 1874 5780 3438 5860">
     <span class='ocr_line' id='line_1_109' title="bbox 1874 5780 3438 5860; baseline -0.008 -18"><span class='ocrx_word' id='word_1_896' title='bbox 1874 5790 2085 5860; x_wconf 80' lang='grc' dir='ltr'>γαστὴρ</span> <span class='ocrx_word' id='word_1_897' title='bbox 2121 5791 2197 5852; x_wconf 78' lang='grc' dir='ltr'>εἰς</span> <span class='ocrx_word' id='word_1_898' title='bbox 2230 5787 2389 5854; x_wconf 75' lang='grc' dir='ltr'>ὄγκον</span> <span class='ocrx_word' id='word_1_899' title='bbox 2420 5786 2645 5856; x_wconf 85' lang='grc' dir='ltr'>ἀρθεῖσα</span> <span class='ocrx_word' id='word_1_900' title='bbox 2676 5785 2692 5854; x_wconf 92' lang='grc'>(</span> <span class='ocrx_word' id='word_1_901' title='bbox 2720 5785 2900 5853; x_wconf 79' lang='grc' dir='ltr'>ἠγνόει</span> <span class='ocrx_word' id='word_1_902' title='bbox 2944 5781 3049 5853; x_wconf 84' lang='grc' dir='ltr'>γὰρ</span> <span class='ocrx_word' id='word_1_903' title='bbox 3079 5784 3159 5835; x_wconf 72' lang='grc' dir='ltr'>ὅτι</span> <span class='ocrx_word' id='word_1_904' title='bbox 3190 5780 3438 5846; x_wconf 83' lang='grc' dir='ltr'>Πνεύμα-</span> 
     </span>
    </p>
   </div>
   <div class='ocr_carea' id='block_1_110' title="bbox 1874 5871 3409 5953">
    <p class='ocr_par' dir='ltr' id='par_1_110' title="bbox 1874 5871 3409 5953">
     <span class='ocr_line' id='line_1_110' title="bbox 1874 5871 3409 5953; baseline -0.007 -17"><span class='ocrx_word' id='word_1_905' title='bbox 1874 5899 1961 5947; x_wconf 83' lang='grc' dir='ltr'>τος</span> <span class='ocrx_word' id='word_1_906' title='bbox 2012 5877 2076 5953; x_wconf 75' lang='grc' dir='ltr'>ἦν</span> <span class='ocrx_word' id='word_1_907' title='bbox 2123 5880 2303 5949; x_wconf 78' lang='grc' dir='ltr'>ἀγίου)</span> <span class='ocrx_word' id='word_1_908' title='bbox 2354 5879 2647 5947; x_wconf 58' lang='grc' dir='ltr'>λογισμοΐκ</span> <span class='ocrx_word' id='word_1_909' title='bbox 2708 5876 2897 5940; x_wconf 75' lang='grc' dir='ltr'>ἐνῆκεν</span> <span class='ocrx_word' id='word_1_910' title='bbox 2962 5875 3060 5927; x_wconf 73' lang='grc' dir='ltr'>οὐκ</span> <span class='ocrx_word' id='word_1_911' title='bbox 3114 5871 3409 5943; x_wconf 72' lang='grc' dir='ltr'>εὐπρεπεῖς</span> 
     </span>
    </p>
   </div>
  </div>
