4158 6510
175 454 280 516 537

1269 455 1555 516 ORATIO
1597 458 1690 516 DE
1729 460 2015 520 SANCTA
2059 463 2325 522 MAlilA.

3313 464 3418 526 538

175 569 476 637 prophetia,
513 585 634 640 quae
666 586 775 624 non
801 571 1137 625 defectorum
1165 571 1466 640 principem
1507 589 1573 627 ex
1605 573 1741 628 Juda
1771 579 1817 634 Α
1843 574 2121 645 Josepho)
2150 578 2362 632 accedit
2389 579 2453 632 ad
2489 594 2612 633 eum
2648 581 2734 635 hic
2765 580 3030 643 Herodes,
3063 590 3118 634 et
3148 581 3424 636 exercitus

172 675 347 730 neque
387 664 578 717 ducem
617 679 683 718 ex
734 664 1025 718 feruoribus
1080 663 1247 727 illius,
1280 664 1456 718 donec
1510 667 1745 731 venerit,

171 754 256 806 cui
280 762 366 807 est
399 756 720 823 repositum:
742 756 917 824 ipsum
937 765 1115 808 autem
1146 770 1264 809 esse
1280 757 1744 824 exspectationem

173 844 416 912 gentium
462 847 502 876 “
537 845 621 913 (de
638 848 852 900 Christo
881 846 1122 898 vidchCet
1142 847 1242 900 hoc
1266 847 1438 915 dicit),
1468 848 1740 914 explicare

169 933 540 998 aggredimur.
564 931 714 985 Tunc
738 935 880 984 enim
901 933 988 986 ille
1009 934 1245 997 advenit,
1261 937 1474 1002 quando
1491 936 1748 1004 deinceps

169 1021 492 1076 defecerant
542 1023 748 1079 Judaici
809 1025 1099 1092 principes,
1161 1035 1214 1078 et
1277 1025 1534 1079 Romanis
1591 1036 1749 1080 erant

165 1115 403 1179 sceptris
437 1113 686 1180 subjecti.
724 1114 894 1167 Simul
919 1117 1061 1167 enim
1117 1125 1171 1168 et
1204 1117 1450 1170 Christus
1485 1118 1746 1180 nascitur,

165 1213 219 1254 et
244 1205 303 1255 fit
335 1205 423 1257 illa
453 1205 621 1272 prima
649 1205 974 1271 descriptio:
1004 1222 1124 1258 cum
1152 1205 1379 1258 Romani
1412 1207 1618 1260 scilicet
1647 1208 1748 1260 d0-

167 1297 438 1348 minatum
463 1296 854 1349 ohtitierentin
907 1309 1119 1364 gentem
1172 1297 1500 1361 Judzeoruui,
1555 1307 1609 1351 et
1651 1313 1747 1352 eos

164 1403 264 1440 suo
287 1389 701 1455 subjuuxissent
728 1389 970 1455 imperio.
996 1389 1277 1455 Antipater
1299 1390 1443 1441 enim
1473 1399 1622 1458 pater
1641 1389 1745 1444 lle-

170 1480 343 1539 rotlis,
379 1479 470 1546 qui
522 1490 705 1546 postea
753 1480 1006 1547 princeps
1036 1480 1134 1532 fuit
1171 1480 1223 1532 in
1252 1479 1458 1542 Judanu,
1525 1496 1744 1534 uxorem

165 1571 323 1621 duxit
351 1584 418 1622 ex
460 1570 679 1638 Arabia,
709 1570 928 1638 Cyprim
947 1571 1165 1623 nomine
1195 1587 1206 1622 :
1233 1587 1351 1639 qua:
1382 1586 1505 1624 eum
1539 1581 1745 1640 patrem

169 1660 347 1717 clT-ecit
401 1671 635 1729 quatuor
667 1663 918 1727 filiorum,
943 1678 1174 1731 quorum
1201 1674 1316 1716 erat
1349 1663 1435 1716 hic
1468 1680 1608 1718 unus
1641 1665 1747 1718 lle-

168 1754 352 1806 rodes.
379 1753 563 1807 Satius
601 1765 680 1807 est
718 1765 918 1818 autem,
963 1763 1021 1807 ut
1064 1770 1222 1823 quam
1245 1755 1586 1821 apertissime
1623 1771 1748 1824 pos-

165 1860 381 1910 sumus,
419 1862 532 1900 rem
563 1847 922 1902 declaremus.
944 1848 1076 1900 Cum
1096 1846 1241 1898 enim
1269 1844 1547 1914 Hyrcanus
1577 1847 1746 1902 frater

1849 679 1902 722 et
1932 670 2205 737 impensas
2233 671 2280 723 ei
2314 671 2730 738 suppeditanda,
2763 686 2870 724 non
2904 670 3166 725 mediocri
3196 671 3425 738 fungens

1849 758 1989 823 apud
2039 773 2162 811 eum
2217 775 2460 812 munere.
2515 760 2648 813 Cum
2701 770 2881 814 autem
2945 771 2999 814 et
3037 761 3321 829 Cleopatra
3367 771 3426 815 et

1850 848 2112 917 Egyptus
2147 859 2331 901 essent
2365 849 2417 901 in
2455 851 2708 905 manibus
2736 852 2984 919 Augusti,
3016 854 3107 921 qui
3143 854 3248 921 jam
3291 853 3425 905 duo-

1851 941 2023 993 decim
2060 956 2232 994 annos
2265 943 2646 1009 imperaverat,
2685 945 2802 1012 ipse
2843 943 3068 996 Romam
3121 956 3420 1006 revertens,

1851 1049 2078 1094 memor,
2116 1043 2174 1087 ut
2204 1043 2286 1088 est
2320 1044 2769 1093 consentaneum,
2820 1036 3001 1098 officii,
3043 1053 3152 1113 quo
3195 1036 3246 1088 in
3297 1051 3420 1088 eum

1850 1139 1982 1176 usus
2015 1123 2190 1176 fuerat
2231 1126 2492 1185 Herodes,
2527 1126 3010 1180 senatusconsulto
3044 1125 3241 1179 Judzea:
3296 1141 3422 1180 eum

1857 1230 2038 1282 regem
2075 1216 2254 1283 elegit.
2289 1215 2335 1266 ei
2387 1230 2603 1283 quoque
2649 1218 2901 1284 imposito
2945 1217 3270 1270 diademate.
3320 1218 3420 1281 Qui

1851 1319 1972 1357 cum
1996 1306 2228 1358 venisset
2248 1304 2695 1375 Hierosolymam,
2717 1306 2968 1374 quoniam
2988 1305 3422 1360 sciebatJudaaos

1852 1411 1958 1449 non
1990 1412 2109 1450 esse
2140 1398 2277 1450 bene
2310 1399 2359 1449 in
2393 1413 2516 1449 eum
2545 1397 2793 1460 affectos,
2827 1399 2918 1450 Sed
2952 1401 3092 1466 quod
3124 1406 3266 1451 esset
3297 1398 3422 1450 alie-

1850 1492 2067 1555 nigena,
2120 1500 2173 1541 et
2213 1490 2408 1558 alioqui
2454 1506 2612 1557 asper
2685 1500 2741 1543 et
2807 1489 3059 1551 diﬂicilis,
3116 1492 3233 1559 ejus
3276 1505 3418 1559 κει-ο

1849 1581 1992 1634 ferre
2049 1581 2357 1648 imperium,
2419 1597 2603 1635 earum
2676 1580 2894 1648 quidem
2959 1583 3249 1634 nonnullos
3329 1596 3422 1634 oc-

1849 1671 2003 1732 cidit,
2030 1673 2277 1740 plurimis
2307 1684 2486 1726 autem
2517 1673 2806 1740 mali-fecit,
2832 1675 3213 1743 civitatemque
3242 1685 3296 1728 et
3330 1673 3421 1726 Dei

1854 1764 2113 1831 templum
2147 1764 2338 1817 stolide
2371 1775 2425 1817 et
2457 1765 2702 1834 improbe
2755 1767 2964 1836 redegit
2995 1770 3045 1820 in
3081 1769 3419 1821 servitutem.

1852 1851 1943 1905 llle
1973 1869 2101 1923 ergo
2136 1855 2272 1907 male
2307 1863 2468 1907 utens
2511 1864 2799 1923 potestate,
2838 1857 3091 1925 quiddam
3140 1857 3423 1925 insigniter

163 1939 493 2003 Aristobuli,
528 1949 648 2008 post
679 1942 1067 2007 interemptum
1107 1937 1480 1992 Aristobulum
1537 1940 1751 2007 pontili-
1783 1923 1823 1978 Β
1852 1944 2170 1997 sceleratum
2213 1946 2420 2013 adjicit,
2458 1955 2512 1999 et
2561 1948 2706 2016 quod
2752 1923 2868 2000 erat
2895 1950 2976 2000 sui
3013 1948 3130 2001 vitii
3178 1923 3420 2016 apertum

163 2046 304 2092 cem,
362 2034 454 2100 qui
501 2033 660 2085 etiam
696 2031 944 2084 diadema
979 2031 1183 2098 regium
1239 2030 1341 2083 sibi
1388 2031 1744 2100 imposuerat,

166 2125 383 2176 vinctus
438 2137 468 2175 a
507 2122 765 2191 Pompeio
828 2127 964 2176 duce
1021 2122 1386 2176 Romanorum
1436 2139 1558 2177 cum
1620 2124 1746 2177 tiliis

163 2216 397 2268 immani
462 2216 691 2285 turpiter
734 2225 880 2269 esset
955 2217 1302 2270 tranSmissus
1333 2217 1460 2284 (quo
1503 2226 1747 2284 tempore

163 2307 527 2360 constitutum
563 2323 776 2376 quoque
794 2318 876 2363 est
907 2319 962 2362 ut
989 2309 1158 2363 Jutlsei
1200 2309 1398 2363 tributa
1422 2308 1744 2377 penderent)

165 2416 402 2469 cumque
437 2414 620 2468 postea
653 2403 928 2473 Hyrcanus
963 2403 1080 2469 ipse
1111 2413 1332 2456 creatus
1379 2402 1621 2471 pontifex
1679 2401 1746 2455 ab

165 2496 360 2546 eodem
394 2492 663 2562 Pompeio,
704 2510 732 2545 a
756 2495 966 2546 Parthis
990 2494 1179 2546 fuisset
1208 2505 1484 2561 postremo
1531 2502 1743 2560 captus,

164 2595 217 2639 et
242 2587 530 2652 Antipater
564 2585 684 2638 dolo
708 2585 902 2639 fuisset
934 2586 1312 2653 interemptus,
1338 2584 1429 2654 qui
1455 2592 1570 2638 erat
1597 2593 1746 2652 pater

171 2677 428 2739 Herodis,
457 2678 548 2745 qui
573 2677 673 2732 fuit
721 2690 907 2748 postea
945 2696 1040 2733 rex
1068 2679 1540 2738 Judam.etnemo-
1577 2687 1744 2738 esset,

165 2769 258 2836 qui
294 2785 385 2824 res
410 2770 722 2827 Judworum
758 2774 1048 2838 obtineret,
1079 2775 1171 2828 hic
1205 2774 1448 2827 Herodes
1475 2771 1746 2836 Antipatri

173 2861 337 2926 filius,
371 2879 498 2918 cum
533 2865 772 2919 dedisset
790 2866 1048 2934 plurimas
1079 2865 1337 2920 Romanis
1382 2864 1660 2934 pecunias.
1693 2874 1748 2919 et

169 2955 350 3009 tasdus
381 2971 506 3008 cum
555 2957 632 3010 eis
664 2957 926 3018 iniiisset,
975 2957 1185 3011 obtinet
1231 2955 1536 3024 imperium.
1590 2955 1749 3020 Qua:-

171 3062 297 3100 nam
335 3057 521 3101 autem
553 3048 718 3115 hujus
750 3048 826 3100 rei
864 3048 985 3100 data
1033 3049 1104 3101 sit
1143 3048 1190 3100 ei
1225 3047 1458 3110 occasio,
1502 3043 1745 3099 dicemus

169 3157 332 3206 quam
365 3141 480 3193 fieri
512 3149 686 3208 potest
719 3142 1052 3195 brevissime.

239 3231 306 3285 X.
342 3231 480 3286 Cum
522 3233 790 3303 Augustus
821 3235 999 3288 Caesar
1030 3236 1084 3287 in
1134 3233 1423 3304 Egyptum
1460 3248 1582 3286 cum
1630 3248 1744 3286 ma-
1772 3269 1812 3324 ο

171 3324 333 3376 ximis
383 3325 557 3394 copiis
594 3327 715 3391 iret,
768 3327 832 3380 ad
883 3328 1100 3390 bellum,
1154 3327 1393 3395 inquam,
1445 3326 1744 3395 Cleopatra:

171 3415 376 3482 (erant
411 3419 554 3471 enim
596 3421 648 3472 in
681 3421 802 3486 ejus
837 3429 1100 3488 potestate
1129 3436 1214 3474 res
1277 3419 1490 3489 Egypti,
1529 3428 1582 3470 ut
1624 3433 1742 3485 qua:

172 3522 346 3571 genus
388 3509 632 3561 traheret
659 3524 726 3560 ex
778 3509 1101 3570 Ptolemazis,
1139 3509 1278 3562 sicut
1319 3507 1481 3558 etiam
1531 3506 1742 3558 videtur

271 3689 311 3720 ¹¹
343 3687 483 3743 Gen.
521 3704 579 3754 ιι,
614 3689 700 3744 l0.
817 3692 857 3720 "
889 3692 1016 3744 Lur.
1052 3706 1112 3757 tt,
1147 3691 1194 3744 l.

168 3869 307 3925 εἶναι
341 3872 439 3926 καὶ
457 3871 630 3933 ἄλλως
657 3869 1010 3943 δύσχρηστον,
1039 3873 1432 3944 βαρυνομένους
1455 3873 1618 3926 αὑτοῦ
1647 3874 1742 3942 τὴν

169 3965 364 4033 ἀρχὴν,
396 3964 573 4025 ένίους
602 3965 700 4030 μὲν
732 3966 911 4017 αὐτῶν
955 3968 1048 4016 καὶ
1078 3968 1387 4027 ἀπέκτεινε,
1435 3965 1556 4025 τοὺς
1587 3963 1743 4016 πλεί-

173 4073 330 4116 στους
369 4055 428 4107 δὲ
453 4056 639 4118 κακῶς
674 4057 897 4125 ἔδρασεν
925 4073 938 4088 ο
973 4057 1405 4127 ὴνδραποδίσατό
1429 4073 1487 4108 τε
1515 4057 1612 4126 τὴν
1648 4057 1743 4108 πός

170 4149 271 4211 λιν,
299 4153 397 4202 καὶ
428 4149 489 4200 το
537 4150 627 4201 τοῦ
671 4150 804 4206 Θεοῦ
834 4151 974 4220 ἱερὸν
1003 4153 1246 4220 ἀνοήτως
1294 4152 1387 4203 καὶ
1435 4151 1741 4220 μοχθηρῶς.

169 4241 372 4303 Ιὶακῶς
416 4238 512 4293 οὖν
556 4241 760 4303 ἐκεῖνος
798 4246 862 4310 τῇ
903 4243 1117 4310 ἐξουσία
1167 4243 1466 4310 χρώμενος,
1502 4240 1618 4293 εἶτα
1649 4243 1742 4293 καὶ

172 4333 507 4402 παράσημόν
549 4350 601 4384 τι
645 4333 987 4403 προστίθησι,
1037 4333 1134 4385 καὶ
1171 4334 1371 4402 δεῖγμα
1421 4333 1590 4399 σαφὲς
1642 4334 1742 4402 τῆς

173 4424 444 4489 σφετέρας
490 4427 705 4485 κακίας.
745 4427 929 4488 Πάσας
979 4427 1088 4495 γὰρ
1135 4427 1232 4488 τὰς
1265 4427 1373 4479 τῶν
1421 4426 1478 4476 ἐν
1515 4425 1743 4496 Ἰουδαία

173 4512 356 4580 φυλῶν
389 4513 484 4566 καὶ
519 4513 689 4578 γενῶν
718 4515 1006 4583 δημοσίους
1045 4515 1392 4583 ἀναγραφὰς,
1422 4515 1476 4566 αἳ
1508 4515 1614 4567 ἀπὸ
1647 4514 1739 4566 τοῦ

1851 2035 2134 2087 indicium.
2171 2033 2436 2088 Tribuum
2466 2039 2607 2089 enim
2639 2048 2693 2091 et
2723 2038 3075 2103 familiarum,
3108 2055 3228 2107 quae
3259 2050 3417 2092 erant

1848 2125 1903 2178 in
1955 2125 2156 2189 Judtea,
2215 2127 2457 2193 publicas
2510 2129 2806 2197 scripturas
2857 2147 2884 2182 a
2920 2139 3162 2197 tempore
3216 2128 3419 2192 Esdrm,

1848 2234 1961 2272 rem
1995 2219 2200 2273 faciens
2235 2219 2442 2274 invidia
2477 2222 2690 2290 plenam
2720 2231 2774 2275 et
2803 2221 3035 2287 insania,
3085 2220 3195 2292 igni
3233 2222 3420 2274 tradit.

1849 2310 2059 2377 Scopus
2110 2320 2290 2363 autem
2357 2321 2489 2381 erat
2545 2311 3017 2381 improbissimus:
3084 2327 3296 2376 nempe,
3352 2327 3422 2365 ne

1852 2412 2043 2456 notqu
2082 2413 2225 2456 esset
2267 2380 2494 2465 Judaeis,
2524 2417 2586 2454 ex
2638 2418 2869 2470 quanam
2928 2403 2964 2455 ii
2996 2412 3121 2456 sunt
3159 2404 3320 2466 tribu,
3367 2413 3423 2456 et

1847 2493 2065 2560 quinam
2099 2506 2162 2544 ex
2187 2492 2266 2545 eis
2298 2501 2424 2545 sunt
2454 2491 2739 2562 indigenas,
2767 2501 2821 2545 et
2846 2493 3062 2561 quinam
3093 2507 3156 2544 ex
3194 2493 3257 2544 iis
3284 2507 3421 2558 quos

1848 2583 1963 2648 ipse
2017 2583 2240 2635 solebat
2278 2583 2550 2651 appellare
2608 2583 2871 2652 γειώρας,
2918 2583 2971 2636 id
3007 2592 3109 2644 est.
3161 2583 3417 2636 advenas.

1847 2672 2050 2726 Prmter
2109 2673 2210 2725 alia
2251 2685 2455 2737 autem,
2513 2690 2635 2727 cum
2678 2676 3070 2741 sacerdotalem
3125 2685 3329 2729 vestem
3366 2676 3417 2727 in

1847 2766 2080 2835 quodam
2114 2781 2241 2820 vase
2287 2767 2641 2835 reposuisset,
2681 2768 2812 2820 viris
2865 2767 3119 2835 indignis,
3175 2767 3420 2835 pecuniis

1851 2857 2028 2926 (proh
2067 2857 2296 2918 dolor!)
2352 2867 2591 2927 ernptum
2661 2858 2949 2912 mandabat
3017 2857 3416 2928 pontiﬁcatum.

1851 2950 1914 3003 Et
1948 2952 2056 3002 lucc
2084 2951 2301 3016 quidem
2335 2949 2459 3002 iste.

1921 3040 2008 3094 XI.
2043 3040 2178 3094 Cum
2207 3050 2387 3093 autem
2428 3039 2609 3094 Cmsar
2637 3041 2911 3109 Augustus
2943 3041 3414 3108 quadragesimum

1848 3131 2146 3189 secundum
2187 3132 2268 3186 sui
2304 3131 2515 3201 imperii
2565 3144 2750 3201 ageret
2797 3147 3025 3193 annum,
3076 3133 3185 3186 exit
3235 3133 3302 3184 ab
3352 3147 3418 3185 eo

1849 3228 2110 3283 edictum,
2143 3234 2200 3278 ut
2230 3224 2322 3277 fiat
2376 3223 2668 3292 descriptio
2700 3224 2936 3278 universi
2977 3225 3124 3278 orbis
3169 3234 3326 3278 terra:
3354 3223 3416 3276 ".

1856 3317 2002 3371 Abiit
2031 3318 2211 3382 itaque
2244 3316 2616 3381 unusquisque
2649 3315 2700 3366 in
2731 3330 2881 3366 suam
2919 3316 3212 3375 civitatem,
3252 3323 3309 3366 ut
3344 3314 3417 3366 ibi

1853 3407 2274 3462 describeretur.
2331 3403 2623 3472 Oportebat
2672 3405 2816 3457 enim
2849 3405 2902 3457 in
2959 3405 3225 3460 descensu
3275 3406 3414 3475 ejus,

1850 3503 1940 3573 qui
1974 3510 2162 3572 regnat
2195 3499 2246 3553 in
2282 3497 2433 3552 ccelis
2465 3537 2482 3563 ,
2533 3509 2688 3552 terra:
2722 3513 2937 3568 quoque
2964 3501 3237 3569 principes
3283 3514 3415 3552 con-

1851 3871 1973 3940 ρίας
2035 3874 2153 3942 ἦτοι
2182 3873 2279 3940 τῆς
2316 3870 2597 3932 Ἰουδαίας.
2639 3872 2833 3942 Ἀπῄει
2862 3870 3150 3941 τοιγαροῦν
3186 3870 3417 3933 ἕκαστος

1843 3962 1924 4025 είς
1971 3963 2069 4033 τὴν
2111 3963 2250 4016 ἰδίαν
2307 3962 2740 4032 ἀπογράψασθαι
2789 3963 2964 4017 πόλιν.
3006 3963 3151 4016 Ἔδει
3208 3965 3317 4032 γὰρ
3348 3967 3415 4030 τῇ

1844 4055 1979 4123 πρὸς
2003 4055 2106 4121 γῆν
2137 4054 2348 4123 καθόδῳ
2382 4053 2475 4107 τοῦ
2507 4057 2562 4106 ἐν
2608 4055 2858 4124 οὐρανοῖς
2906 4053 3284 4124 βασιλεύοντος
3323 4054 3419 4106 καὶ

1843 4144 1972 4204 τοὺς
1993 4147 2090 4214 τῆς
2111 4145 2212 4213 γῆς
2244 4144 2512 4212 ἄρχοντας
2552 4142 2897 4212 λειτουργίας
2925 4143 3274 4208 εἰσενεγκεῖν.
3306 4138 3418 4193 Καὶ

1848 4234 1968 4285 ἐπεὶ
1999 4235 2057 4285 τὸ
2110 4234 2288 4302 δόγμα
2339 4232 2537 4301 δηλαδὴ
2602 4234 2701 4301 τῆς
2756 4234 3084 4299 ἀπογραφῆς
3132 4231 3269 4301 πρὸς
3319 4231 3418 4298 τὴν

1851 4326 2122 4394 σφετέραν
2152 4325 2378 4377 ἕκαστον
2409 4324 2634 4377 συνώθει
2669 4325 2930 4394 πατρίδα’
2971 4324 3148 4394 τούτῳ
3185 4326 3278 4376 καὶ
3308 4323 3419 4375 Ἰω-

1851 4417 1957 4484 σὴφ
1993 4417 2332 4485 πειθόμενος,
2358 4420 2422 4469 ἐκ
2448 4418 2547 4487 τῆς
2573 4417 2882 4480 Γαλιλαίας.
2916 4418 2981 4468 ὲκ
3027 4415 3232 4478 πόλεώς
3276 4430 3417 4484 φημι

1851 4508 2121 4576 Ναζαρὲτ,
2149 4511 2229 4568 εἰς
2260 4511 2356 4574 τὴν
2380 4509 2644 4562 Ἰουδαίαν
2671 4513 2980 4578 ἀφικνεῖται
3016 4516 3148 4580 πρὸς
3175 4510 3419 4581 Βηθλεὲμ

173 4604 381 4672 Ἐσδρα
406 4605 704 4675 ἐτύγχανον
742 4604 917 4690 οὖσαι,
970 4606 1165 4672 φθόνου
1209 4608 1301 4659 καὶ
1350 4606 1544 4675 μανίας
1584 4605 1743 4676 ἔργον
1777 4626 1822 4683 D
1852 4599 2085 4667 πόλιν.ἠ
2125 4598 2275 4661 πόλις
2304 4601 2419 4651 ἐστὶ
2448 4601 2630 4654 Δαόἓδ.
2666 4603 2773 4653 Καὶ
2799 4605 2831 4670 ἠ
2866 4603 3034 4663 αἰτία,
3062 4603 3121 4652 τὸ
3155 4598 3295 4655 εἶναι
3317 4603 3417 4654 αὑ-

170 4696 366 4760 ποιῶν,
401 4698 539 4766 πυρὶ
577 4699 778 4751 δίδωσι.
817 4699 925 4752 Καὶ
967 4701 995 4752 ὁ
1038 4700 1265 4764 σκοπὸς,
1295 4698 1370 4761 ὡς
1403 4700 1598 4768 κομιδῆ
1650 4716 1746 4750 ποο

173 4796 368 4861 νηρός·
403 4793 491 4844 ἵνα
556 4795 757 4860 μηκέτι
803 4800 915 4860 τοῖς
943 4797 1223 4858 Ἰουδαίοις
1271 4799 1550 4866 γνώριμον
1681 4798 1745 4850 ὲκ

179 4885 336 4946 ποίας
363 4877 514 4936 οὗτοι
547 4885 875 4950 τυγχάνουσι
921 4888 1181 4955 πατριᾶς,
1216 4886 1309 4937 καὶ
1348 4885 1492 4943 τίνες
1524 4887 1621 4955 μὲν
1646 4888 1744 4937 αὑ-

176 4977 286 5030 τῶν
315 4979 363 5029 οἱ
393 4975 668 5045 ἡμεδαποὶ
698 4982 790 5031 καὶ
821 4977 1160 5047 αὐτόχθονες,
1195 4977 1336 5041 τίνες
1368 4977 1422 5031 δὲ
1460 4979 1555 5039 οὓς
1587 4979 1745 5047 γειώ-

180 5085 278 5136 ρας
311 5069 520 5122 εἴθιστο
554 5066 757 5119 καλεῖν.
790 5070 931 5138 Πρὸς
965 5071 1077 5130 τοῖς
1103 5069 1304 5134 ἄλλοις,
1337 5070 1430 5122 καὶ
1464 5072 1562 5137 τὴν
1593 5073 1744 5142 ίερα-

176 5158 330 5228 τικὴν
362 5160 560 5233 στολὴν
584 5161 639 5210 ἐν
664 5162 845 5211 σκεύει
867 5159 926 5229 δή
949 5178 1052 5214 τινι
1081 5160 1438 5227 ἀποθέμενος,
1464 5163 1554 5213 καὶ
1578 5179 1750 5231 σφραο

179 5252 326 5314 1151;
381 5251 678 5313 ἐπιϐαλὼν,
739 5253 968 5318 ἀσήμοις
1017 5253 1239 5321 ἀνδράσι
1292 5251 1393 5318 φεῦ
1451 5257 1749 5323 χρημάτων

180 5343 334 5394 ὢνιον
373 5342 474 5408 τὴν
517 5345 925 5414 ἀρχιερωσύνην
958 5344 1146 5396 ἐτίθει.
1183 5345 1291 5396 Καὶ
1321 5345 1490 5398 ταῦτα
1528 5351 1626 5416 μὲν
1657 5349 1749 5401 οὓ-

181 5455 300 5500 τως.
345 5433 486 5502 Ἤδη
541 5436 596 5488 δὲ
631 5436 900 5505 Καίσαρος
953 5438 1283 5505 Αὐγούστου,
1331 5439 1582 5508 δεύτερον
1634 5444 1751 5504 ἔτος

181 5533 272 5583 καὶ
302 5532 746 5594 τεσσαρακοστὸν
794 5529 1188 5597 βασιλεύοντος,
1233 5529 1399 5594 ἔξεισι
1432 5533 1560 5600 παρ’
1583 5535 1748 5587 αὑτοῦ

179 5621 369 5692 δέῖίδ-αν
394 5622 727 5689 ἀπογραφὴν
752 5623 895 5692 πάσῃ
915 5627 976 5690 τῇ
999 5621 1289 5694 οἰκουμένῃ
1312 5627 1747 5694 ἐγκελευόμενον,

185 5713 341 5779 how
373 5731 482 5784 φορ
518 5709 734 5780 λογίανο
761 5717 852 5765 καὶ
883 5715 1083 5783 ταύτην
1113 5717 1369 5785 Κυρηνίῳ
1398 5719 1524 5783 τινὶ,
1561 5719 1629 5779 ὡς
1666 5721 1752 5771 ei)-

181 5808 458 5876 νουσῖάτῳ
492 5807 591 5859 καὶ
627 5803 819 5875 πρώτῳ
844 5807 940 5874 τῆς
974 5808 1272 5875 συγκλήτου
1301 5808 1516 5878 βουλῆς,
1555 5814 1580 5862 ό
1617 5814 1750 5865 Καῖ-

182 5911 282 5970 σαρ
328 5896 691 5963 ξ’νεχεὶρισεν,
727 5897 781 5950 δν
829 5900 916 5951 καὶ
952 5901 1284 5968 κςιῑέοτησεν
1324 5900 1623 5972 ἡγούμενον
1657 5904 1750 5954 Συ-

1851 4692 1937 4741 τδν
1964 4689 2022 4753 ἐξ
2051 4691 2198 4742 οἴκου
2247 4692 2382 4759 φησὶ
2427 4691 2521 4743 καὶ
2553 4693 2815 4763 πατριᾶς,
2864 4693 2891 4745 ὃ
2924 4694 3039 4745 ἐστι
3090 4695 3414 4761 συγγενείας

1849 4775 2033 4827 Δαϐίδ.
2074 4777 2406 4842 Ἀςςικνεῑται
2435 4776 2492 4827 δι
2518 4778 2652 4844 πρὸς
2683 4779 3031 4847 ἀπογραφὴν,
3062 4779 3157 4830 σὺν
3186 4781 3251 4848 τῇ
3288 4777 3418 4830 θαυ-

1856 4867 2174 4938 μασιωτάτη
2207 4868 2483 4934 γυναικῶν
2518 4869 2726 4937 Μαρία,
2757 4869 2890 4937 οὔσῃ
2936 4869 3139 4938 ἐγκύῳ.
3171 4870 3279 4920 Καὶ
3310 4872 3418 4938 γὰρ

1853 4963 1885 5030 ἡ
1922 4962 2020 5028 μὲν
2069 4961 2346 5024 Γαλιλαία,
2384 4962 2536 5030 χώρα
2565 4963 2646 5023 τίς
2700 4963 2813 5015 ἐστι
2862 4959 3263 5029 Παλαιστίνης⁶
3309 4962 3420 5030 ἠδὲ

1853 5051 2107 5121 Ναζαρὲτ
2161 5053 2312 5112 πόλις
2365 5054 2460 5121 τῆς
2501 5053 2810 5113 Γαλιλαίας.
2865 5054 3034 5105 Πάλιν
3085 5056 3115 5123 ἡ
3166 5055 3418 5119 Ἰουδαία,

1853 5144 2002 5216 χώρα
2030 5161 2114 5206 τις
2137 5143 2280 5198 οὕτω
2313 5148 2828 5215 προσαγορευομένη
2851 5162 2863 5175 ·
2900 5144 3149 5214 Βηθλεὲμ
3177 5144 3234 5196 δὲ
3267 5143 3416 5206 πόλις

1852 5239 1949 5304 τῆς
1981 5237 2258 5289 Ἰουδαίας.
2317 5238 2418 5288 Τὸν
2477 5241 2578 5306 μέν
2622 5255 2703 5290 τοι
2752 5238 2986 5306 Χριστὸν
3038 5240 3084 5288 ot
3139 5237 3416 5305 προφῆται

1854 5330 2054 5391 πάντες
2085 5328 2304 5380 οὐκάπὸ
2328 5329 2423 5397 τῆς
2457 5328 2730 5396 Ναζαρὲτ,
2758 5327 2872 5379 ἀλλ’
2902 5328 3009 5379 ἀπὸ
3037 5328 3133 5393 τῆς
3167 5326 3414 5396 Βηθλεὲμ

1855 5421 2085 5488 ἔφασκον
2107 5419 2281 5487 ἥξειν,
2331 5422 2496 5471 κάκεῖ
2526 5420 2914 5488 τεχθήσεσοαι.
2949 5420 3102 5470 Ἐπεὶ
3126 5415 3219 5470 οὖν
3247 5434 3414 5485 φανε-

1857 5513 1948 5582 ρὸν
1971 5513 2169 5564 ἅπασιν
2202 5507 2291 5580 ἦν,
2321 5512 2426 5563 ἀπὸ
2459 5511 2554 5580 τῆς
2603 5511 2848 5577 Βηθλεὲμ
2882 5511 2970 5561 τὸν
3018 5511 3221 5577 Κύριον
3254 5509 3416 5576 ἔρχε-

1857 5600 1999 5666 σθαι,
2027 5606 2334 5670 γέγραπται
2360 5606 2489 5673 γὰρ,
2511 5605 2584 5666 ὼς
2615 5606 2845 5672 ἔφημεν,
2881 5605 2987 5655 Καὶ
3015 5602 3117 5663 σὺ,
3146 5598 3414 5668 Βηθλεὲμ

1857 5692 2016 5760 οἶκος
2041 5695 2142 5748 τοῦ
2171 5697 2451 5763 Ἕρραοά,
2489 5695 2807 5761 ὀλιγοστὸς
2830 5691 3017 5746 εἶ·τοῦ
3047 5689 3195 5746 εἶναι
3235 5694 3302 5742 ἐν
3330 5709 3415 5757 χι-

1857 5787 2062 5840 λιάσιν
2108 5786 2324 5849 Ἰούδα,
2348 5787 2414 5838 ἐκ
2456 5784 2570 5838 σοῦ
2593 5801 2690 5851 μοι
2723 5785 3103 5848 ἐξελεύσεται
3139 5782 3242 5834 τοῦ
3263 5777 3412 5834 εἶναι

1857 5884 1939 5948 είς
1970 5879 2226 5948 ἄρχοντα
2249 5881 2312 5931 ἑν
2337 5879 2413 5944 τῷ
2453 5878 2718 5946 Ἰσραήλ.
