4158 6470
741 412 842 474 539

1976 414 2254 473 ΜΕΝὸΙὸ
2296 413 2719 477 AUGUSTUS.

3860 409 3961 473 5ιο

742 523 876 579 lerre
924 536 1172 577 munera.
1234 522 1501 587 Quoniam
1559 536 1736 579 autem
1794 525 2052 590 edictum,
2093 525 2300 579 scilicet
2330 526 2375 580 Δ
2404 541 2595 580 arcana
2627 528 2833 581 ratione
2872 533 3113 596 ceperat.
3159 525 3292 578 Cum
3317 521 3458 578 enim
3485 521 3637 576 multi
3683 538 3748 577 ex
3790 524 3974 578 multis

735 615 1127 683 descriptionis,
1163 630 1607 684 unumquemque
1651 618 1703 670 in
1746 633 1895 671 suam
1944 617 2304 685 compellebat

740 706 991 775 patriam,
1021 706 1219 775 Joseph
1260 722 1479 776 quoque
1522 707 1568 760 ei
1604 723 1820 776 parens,
1857 724 1918 762 ex
1966 707 2204 768 Galilaea,
2238 723 2304 760 ex

737 797 970 860 civitate,
1019 798 1258 867 inquam,
1315 797 1600 862 Nazareth,
1649 802 1798 854 venit
1841 802 1892 853 in
1943 800 2204 860 Judtcam,
2250 800 2299 851 in

740 886 1008 940 Bethleem
1059 889 1357 954 civitatem,
1399 904 1517 956 qua:
1544 898 1628 943 est
1672 891 1861 944 civitas
1908 888 2090 942 David.
2130 888 2301 942 Causa

737 994 864 1030 vero
907 988 1045 1042 erat,
1081 994 1147 1031 eo
1179 979 1318 1046 quod
1367 991 1508 1035 esset
1542 981 1793 1050 (inquit)
1824 983 1890 1034 de
1939 982 2097 1034 domo
2127 990 2178 1032 et
2226 979 2302 1031 l'a-

742 1069 889 1120 milia
925 1069 1110 1128 David,
1160 1070 1263 1124 hoc
1296 1082 1400 1131 est,
1431 1074 1774 1138 cognatione.
1818 1072 1977 1124 Venit
2017 1081 2193 1124 autem
2238 1070 2302 1123 ad

738 1160 1155 1226 descriptionem
1225 1179 1345 1215 cum
1405 1165 1507 1218 bac
1566 1181 1632 1218 ex
1687 1165 2005 1218 mulieribus
2073 1165 2302 1217 maxime

736 1251 1043 1306 admirabili
1088 1254 1272 1316 Maria.
1306 1271 1424 1323 qua:
1462 1267 1580 1309 erat
1616 1256 1855 1325 gravida.
1899 1255 2114 1308 Etenim
2154 1255 2300 1308 Gali-

736 1345 833 1396 laza
860 1344 1076 1411 quidem
1120 1358 1200 1398 est
1229 1347 1473 1412 quaedam
1507 1348 1652 1414 regio
1681 1346 1974 1400 Palaestina:
1998 1365 2012 1412 ;
2040 1345 2302 1400 Nazaretli

737 1445 911 1488 autem
953 1446 1036 1490 est
1094 1438 1289 1490 civitas
1335 1436 1585 1490 Galilaeae.
1638 1438 1843 1491 Rursus
1889 1449 2067 1492 autem
2122 1437 2302 1491 Iudaea

737 1536 818 1580 est
846 1528 1112 1594 quasdam,
1146 1544 1263 1596 quae
1294 1530 1372 1583 sic
1397 1530 1611 1591 dicitur,
1655 1532 1836 1598 regio;
1869 1529 2145 1583 Bethleem
2176 1544 2304 1583 vero

738 1617 926 1671 civitas
979 1617 1197 1675 Ιυιίιειε.
1252 1621 1427 1689 Atque
1488 1622 1770 1675 Christum
1835 1623 2050 1690 quidem
2113 1635 2303 1674 omnes

737 1710 1034 1777 prophetae,
1073 1725 1180 1763 non
1221 1727 1283 1764 ex
1313 1711 1576 1765 Nazareth
1610 1722 1890 1764 venturum
1916 1710 2184 1774 dicebant,
2210 1709 2302 1763 sed

737 1814 799 1851 ex
833 1798 1130 1862 Bethleem,
1172 1818 1225 1855 et
1259 1803 1374 1855 fore
1417 1813 1472 1855 ut
1500 1803 1608 1856 illic
1647 1813 1941 1871 pareretur.
1978 1803 2114 1855 Ecce
2158 1802 2299 1853 enim

741 1891 832 1942 tibi
867 1894 1126 1961 evestigio
1174 1896 1450 1962 proposita
1498 1904 1581 1949 est
1613 1897 1927 1964 prophetia:
1961 1896 2025 1948 Et
2060 1904 2113 1947 tu
2147 1894 2303 1947 Belli-

738 1982 869 2032 leem
903 1992 1043 2036 terra
1076 1985 1238 2044 Juda.
1278 2003 1607 2055 nequaquam
1638 2005 1688 2041 es
1724 1990 1939 2040 minima
1973 1990 2023 2040 in
2055 1987 2303 2054 principi-

738 2075 828 2126 bus
862 2074 1001 2127 Juda
1027 2077 1084 2126 ”.
1122 2077 1188 2130 Et
1221 2093 1338 2145 qua:
1373 2091 1674 2148 sequuntur
1700 2081 1976 2146 deinceps,
2011 2079 2099 2131 tibi
2127 2080 2304 2135 decla-

741 2174 822 2218 ret
854 2165 1202 2235 Evangelium
1232 2167 1298 2219 ιδ.
1327 2168 1597 2231 Quoniam
1631 2185 1760 2236 ergo
1790 2169 2138 2222 manifestum
2188 2176 2306 2221 erat

739 2257 991 2310 omnibus
1034 2258 1308 2313 Christum
1342 2270 1631 2314 venturum
1663 2276 1726 2314 ex
1778 2261 2074 2324 Bethleem,
2104 2261 2306 2314 idcirco

736 2346 1030 2416 Josephum
1051 2364 1104 2403 et
1128 2349 1367 2413 Mariam.
1385 2354 1472 2422 qui
1493 2354 1596 2408 etsi
1619 2355 1762 2407 cives
1780 2364 1963 2407 essent
1988 2352 2309 2408 Bethlecmi-

742 2449 827 2503 tae,
871 2454 931 2491 ea
986 2449 1124 2492 terra
1153 2441 1562 2509 dimissa(quod
1596 2443 1779 2495 multis
1823 2457 1962 2508 saepe
1995 2441 2208 2500 accidit,
2252 2447 2310 2493 ut

739 2528 976 2584 dimissis
1023 2532 1089 2584 iis
1145 2547 1264 2599 quae
1319 2533 1466 2599 ipsos
1524 2534 1780 2597 tulerunt,
1804 2533 1994 2585 malint
2038 2532 2091 2585 in
2137 2533 2308 2586 aliena

741 2618 986 2671 babitarc
1027 2620 1292 2686 civitate),
1338 2621 1439 2690 ipsi
1467 2638 1681 2690 quoque
1714 2623 2025 2676 habitabant
2053 2622 2108 2674 in
2137 2622 2310 2675 Naza-

741 2711 883 2772 reth,
942 2712 1318 2778 compellebat,
1372 2723 1430 2766 ut
1470 2715 1673 2767 dictum
1721 2726 1822 2775 est,
1852 2730 1944 2768 eos
1971 2715 2051 2767 vel
2089 2715 2310 2778 invitos,

742 2799 795 2852 in
822 2799 1094 2854 Bethleem
1148 2803 1408 2870 edictum,
1456 2805 1563 2862 Deo
1619 2805 2003 2859 admirabiliter
2034 2814 2086 2859 et
2119 2816 2314 2875 praeter

741 2892 1050 2960 Opinionem
1085 2895 1198 2946 hrec
1229 2896 1578 2962 dispensante
1611 2905 1664 2949 et
1697 2907 1969 2952 versante.

813 2983 924 3036 XII.
951 2983 1083 3038 Cum
1115 2985 1222 3040 illic
1247 3002 1374 3056 ergo
1392 2987 1617 3043 fuissent
1646 3001 1862 3058 propter
1897 2991 2312 3060 descriptionem

740 3075 952 3144 Impleli
980 3088 1120 3135 sunt.
1149 3078 1323 3146 inquit
1346 3081 1538 3140 ",dies
1570 3091 1624 3132 ut
1651 3081 1799 3148 Virgo
1823 3093 2065 3148 pareret;
2099 3093 2147 3135 et
2177 3085 2315 3150 parit

2407 617 2540 672 locis
2560 618 2626 672 ad
2661 618 3079 687 descriptionem
3123 615 3455 670 conﬂuerent
3491 614 3666 683 (utest
3691 624 3978 668 consenta-

2407 711 2592 779 neum)
2622 719 2676 764 et
2703 711 2819 765 loca
2869 710 3075 764 scilicet
3106 714 3563 777 pra'occuparent,
3589 719 3643 758 et
3683 721 3748 758 ex
3790 721 3856 759 eo
3886 721 3976 758 eos

2405 803 2498 871 qui
2531 805 2788 871 postremi
2828 800 3137 863 veniebant,
3169 801 3219 852 in
3266 812 3486 865 magnas
3520 796 3846 850 abducerent
3881 813 3974 849 an-

2405 897 2628 964 gustias,
2674 895 2823 947 illum
2848 899 2925 948 sic
2955 909 3074 946 cum
3111 892 3230 944 aliis
3269 891 3383 943 loco
3421 897 3691 956 egentem,
3738 905 3974 955 praesepe

2407 989 2631 1055 suscipit
2657 1005 2668 1040 :
2694 987 2862 1048 illum,
2885 986 3124 1053 inquam,
3151 981 3240 1049 qui
3285 989 3655 1049 paupertatem
3700 979 3858 1046 elegit
3912 985 3974 1031 ab

2406 1081 2580 1143 initio,
2605 1089 2656 1132 et
2685 1094 2803 1132 eam
2871 1075 3159 1129 honoravit
3235 1074 3284 1123 in
3338 1072 3532 1139 seipso.
3591 1071 3695 1123 Sed
3734 1080 3974 1138 pastores

2405 1186 2638 1241 quoque,
2673 1171 2865 1239 inquit,
2905 1176 3059 1221 erant
3117 1167 3169 1219 in
3229 1166 3328 1217 hac
3355 1163 3598 1232 regione,
3638 1173 3864 1232 agentes
3923 1165 3971 1215 in

2405 1274 2563 1316 nocte
2615 1262 2907 1315 custodias.
2949 1259 3025 1311 Ad
3057 1271 3189 1325 quos
3232 1255 3324 1309 Dei
3375 1269 3588 1322 quoque
3634 1254 3850 1306 advenit
3883 1270 3974 1306 an-

2405 1356 2637 1424 geluset
2661 1369 2752 1405 eos
2776 1351 2983 1404 Domini
3008 1350 3174 1417 gloria
3197 1344 3554 1400 circumfulsit
3584 1382 3596 1395 .
3633 1343 3764 1395 Cum
3799 1355 3974 1395 autem

2403 1446 2643 1499 exterriti
2661 1444 2887 1498 fuissent
2906 1439 3210 1510 spectaculo
3231 1456 3243 1491 :
3268 1437 3567 1490 Timuerunt
3584 1433 3752 1496 enim,
3783 1435 3975 1501 inquit,

2407 1539 2588 1589 timore
2625 1531 3356 1604 nmgno,angelustimorem.
3405 1528 3570 1595 utqui
3594 1543 3702 1579 non
3726 1527 3977 1578 decenter

2405 1642 2496 1681 eos
2534 1627 2842 1686 invasisset,
2869 1623 3084 1692 expellit
3114 1620 3325 1675 :Nolite
3365 1619 3564 1679 timere,
3617 1617 3838 1680 dicens;
3875 1634 3982 1668 εει-ε

2407 1721 2542 1770 enim
2571 1720 2824 1770 annuntio
2854 1718 2992 1770 vobis
3014 1715 3265 1785 gaudium
3306 1725 3552 1776 maguum
3577 1708 3713 1779 quod
3736 1710 3834 1760 erit
3865 1710 3979 1759 uni—

2405 1826 2547 1862 verso
2561 1811 2767 1876 populo,
2787 1823 2894 1860 non
2911 1806 3109 1861 Judaais
3123 1805 3272 1868 solis,
3293 1803 3384 1857 sed
3403 1801 3672 1855 omnibus.
3689 1798 3877 1867 Adjice
3895 1800 3982 1852 ad-

2407 1901 2512 1953 huc
2565 1900 2886 1967 apertiorem
2936 1897 3115 1967 gaudii
3177 1893 3662 1965 signiﬁcationem:
3697 1888 3972 1953 Quoniam,

2408 1993 2599 2058 inquit,
2623 2001 2776 2041 natus
2807 1999 2878 2041 est
2921 1989 3059 2041 vobis
3098 1989 3245 2040 hodie
3271 1985 3514 2039 Salvator
3539 1985 3625 2051 qui
3647 1994 3722 2036 est
3751 1981 3982 2036 Christus

2406 2083 2677 2144 Dominus,
2704 2084 2757 2135 iu
2788 2082 2998 2133 civitate
3029 2080 3222 2132 David.
3248 2078 3317 2133 Ut
3356 2087 3534 2129 autem
3566 2091 3593 2126 a
3619 2072 3726 2129 Deo
3746 2074 3983 2142 profecta

2407 2185 2460 2230 et
2481 2192 2601 2230 vera
2617 2191 2713 2228 vox
2730 2174 3084 2244 judicaretur,
3100 2171 3217 2238 ejus
3233 2169 3410 2223 statim
3437 2166 3679 2234 sequitur
3702 2163 3985 2216 conﬁrma-

2407 2268 2503 2320 tio.
2553 2265 2795 2333 Repente
2825 2264 2969 2315 enim
3017 2277 3141 2314 cum
3187 2259 3376 2327 angelo
3437 2258 3555 2310 laus
3587 2268 3810 2324 quoque
3832 2252 3986 2304 audi-

2410 2365 2499 2409 tur
2557 2371 2588 2408 a
2657 2353 3000 2408 multitudine
3069 2350 3294 2420 angelici
3368 2349 3658 2406 exercitus,
3734 2344 3984 2399 dicentis:

2411 2447 2587 2504 Gloria
2613 2448 2664 2500 in
2687 2447 2895 2500 excelsis
2916 2445 3044 2509 Deo,
3075 2453 3122 2498 et
3160 2444 3214 2496 in
3241 2450 3379 2495 terra
3399 2456 3504 2510 pax
3529 2437 3825 2490 hominibus
3847 2436 3988 2488 bona:

2411 2540 2690 2594 voluntatis
2709 2540 2774 2593 ¹⁶.

2478 2631 2622 2683 Xlll.
2645 2630 2901 2692 Quaenam
2930 2641 3058 2680 vero
3077 2624 3152 2692 (7)
3175 2633 3330 2679 erant
3351 2641 3413 2679 ea
3434 2641 3551 2692 quae
3571 2637 3627 2682 tu
3656 2630 3988 2683 admirabilis

2414 2720 2798 2781 conservabas,
2835 2717 3019 2777 Maria,
3050 2726 3105 2770 et
3143 2716 3196 2768 in
3240 2725 3330 2769 tuo
3377 2717 3539 2770 corde
3569 2720 3989 2773 conlerebas"?

2412 2810 2550 2865 Num
2578 2808 2798 2863 omnino
2817 2816 2869 2860 et
2894 2805 2945 2858 id
2971 2804 3112 2873 quod
3145 2803 3236 2856 tibi
3267 2803 3476 2856 dixerat
3499 2806 3743 2873 angelus,
3773 2817 3829 2859 et
3848 2823 3988 2875 qua}.

2414 2917 2627 2971 cunque
2678 2914 2869 2953 rursus
2898 2898 3155 2952 dixerunt
3205 2895 3614 2964 pastores‘ﬂlzec
3645 2898 3760 2966 ipsa
3799 2898 3855 2951 in
3899 2909 3991 2952 tuo

2415 2995 2575 3050 corde
2595 3004 2941 3059 componens,
2964 2997 3158 3040 etcum
3187 2985 3278 3038 illo
3305 2986 3420 3053 ipso
3439 2986 3745 3050 conferens,
3766 2987 3989 3042 videbas

2418 3086 2598 3140 omnia
2646 3083 2710 3134 ad
2741 3093 2907 3131 unum
2941 3075 3231 3131 convenire
3269 3074 3412 3141 quod
3440 3073 3584 3128 Deus
3611 3092 3801 3132 revera
3847 3079 3918 3131 sit
3945 3079 3990 3130 is

745 3163 1004 3234 (6)ﬁlium
1034 3184 1186 3219 suum
1217 3170 1615 3238 primogenitum
1643 3181 1689 3223 et
1723 3173 1900 3240 fasciis
1929 3173 2135 3226 involvit
2172 3191 2310 3236 eum.
2341 3204 2382 3262 ο
2418 3179 2508 3247 qui
2541 3186 2624 3230 est
2655 3191 2720 3229 ex
2743 3184 2793 3227 te
2820 3178 3074 3234 natus,et
3098 3177 3150 3222 te
3179 3167 3305 3222 fecit
3334 3168 3840 3236 miraculum,quod
3857 3171 3991 3223 caelo

742 3256 834 3325 qui
892 3258 1052 3312 nullis
1117 3270 1291 3328 potest
1340 3262 1584 3315 terminis
1631 3263 2042 3319 circumscribi:
2108 3274 2160 3319 et
2191 3283 2310 3333 pro-

743 3357 919 3416 pterea
961 3351 1097 3418 quod
1125 3369 1224 3402 non
1260 3363 1387 3405 esset
1418 3354 1488 3405 eis
1516 3354 1653 3406 locus
1682 3357 1734 3406 in
1770 3356 2070 3416 diversorio,
2098 3372 2131 3408 o
2166 3367 2310 3411 tuam

747 3440 1094 3505 ineffabilem,
1130 3445 1364 3508 Christe,
1414 3456 1636 3515 propter
1694 3462 1778 3500 me
1822 3460 2210 3516 paupertatem,
2257 3454 2311 3505 in

745 3534 967 3597 pra'sepi
987 3535 1200 3588 reclinat
1234 3553 1369 3594 eum.
1394 3538 1484 3605 qui
1513 3551 1673 3588 omne
1714 3538 2030 3590 alimentum
2055 3541 2314 3606 suppedi-

751 3630 828 3675 tat
850 3638 864 3688 ;
886 3638 1007 3675 eum
1028 3624 1116 3692 qui
1145 3640 1480 3694 nequaquam
1513 3626 1626 3695 capi
1648 3635 1846 3697 potest,
1874 3642 1934 3681 ea
1969 3642 2087 3697 quae
2128 3629 2306 3698 ipsum

859 3787 902 3816 ³³
930 3785 1088 3839 Mich.
1122 3803 1174 3854 v,
1203 3787 1258 3840 2.
1371 3787 1416 3820 ⁸⁵
1445 3787 1631 3842 Matth.
1669 3804 1728 3854 ιι,
1764 3789 1818 3842 6.

817 3977 894 4046 (6)
941 3976 1055 4029 Τοῦ
1084 3976 1537 4044 Μεταφραστοῦ.
1579 3976 1766 4027 Τίκτει
1805 3975 1912 4029 τὸν
1954 3977 2088 4030 υἱὸν
2127 3978 2315 4046 αὐτῆς

748 4068 855 4120 τὸν
887 4068 1285 4135 πρωτότοκον,
1326 4067 1358 4135 ἡ
1392 4067 1652 4133 ἀμίαντος
1689 4065 1849 4135 κόρη,
1884 4064 1979 4117 καὶ
2008 4070 2316 4135 σπαργανοῖ

748 4160 840 4212 τὸν
873 4161 1147 4228 ἀόριστον,
1180 4159 1276 4211 καί
1316 4160 1474 4226 παρὰ
1501 4158 1566 4211 τὸ
1595 4157 1682 4227 μὴ
1711 4154 1863 4211 εἶναι
1892 4160 2080 4211 τόπον
2115 4158 2318 4223 αὐτοῖς

747 4250 818 4304 ἐν
855 4248 933 4313 τῷ
965 4251 1355 4315 καταλύματι,
1384 4249 1429 4302 ὣ
1466 4249 1565 4318 τῆς
1595 4250 1803 4317 ἀφάτου
1843 4268 1959 4314 σου,
1993 4250 2216 4318 Χριστὲ,
2251 4249 2317 4302 δι’

749 4343 850 4412 ἐμὲ
882 4343 1188 4411 πτωχείαςί
1231 4344 1300 4395 ἐν
1337 4341 1409 4409 τῇ
1445 4341 1641 4411 φάτνῃ
1673 4343 1761 4393 τὸν
1796 4342 1894 4410 τῆς
1925 4343 2130 4411 τροφῆς
2172 4341 2318 4396 ἁπά-

751 4447 850 4501 σης
883 4432 1114 4500 χορηγὸν
1141 4431 1475 4494 ἀνακλίνει,
1504 4434 1594 4484 τὸν
1624 4432 1875 4502 μηδαμοῦ
1900 4432 2247 4503 χωρούμενον
2283 4434 2316 4502 ἡ
2348 4466 2394 4524 D

751 4523 1052 4592 ἀχωρήτως
1084 4524 1403 4592 χωρήσασα.
1440 4523 1656 4574 Πολλῶν
1691 4525 1799 4594 γὰρ
1828 4525 2150 4594 πολλαχόθεν
2182 4524 2319 4592 πρὸς

751 4616 847 4685 τὴν
879 4615 1092 4685 γραφὴν
1122 4617 1309 4686 ὥσπερ
1353 4617 1498 4678 είκὺς
1549 4617 1915 4684 συρρεόντων,
1973 4622 2065 4668 καὶ
2117 4617 2320 4680 πολλὴν

753 4708 1000 4761 ἐντεῦθεν
1037 4710 1147 4767 τοῖς
1189 4707 1416 4774 ἔσχατον
1452 4708 1859 4776 ἐπιγενομένοις
1894 4708 2322 4778 περιποιούντων

752 4799 851 4865 τὴν
889 4798 1168 4861 στένωσιν,
1201 4794 1244 4847 ὦ
1276 4795 1373 4860 τῆς
1417 4795 1484 4847 δι’
1511 4795 1610 4864 ἐμὲ
1646 4796 2004 4864 στενοχωρίας
2052 4798 2144 4848 καὶ⁵
2180 4795 2321 4859 ξενι-

752 4889 902 4950 τείας
944 4888 1037 4940 τοῦ
1073 4888 1159 4939 διὰ
1197 4890 1415 4940 πάντων
1450 4886 1753 4954 χωροῦντος
1791 4886 1884 4935 καὶ
1929 4887 2108 4935 πᾶσαν
2141 4885 2321 4936 κτίσιν

755 4979 1210 5048 ἐμπεριέχοντοςῐ
1260 4979 1466 5028 ἐκεῖνον
1519 4977 1656 5043 μετὰ
1700 4976 1808 5028 τῶν
1853 4974 2026 5028 ἄλλων
2057 4973 2197 5028 οὕτω
2228 4975 2324 5027 καὶ

757 5072 920 5124 τόπου
953 5068 1402 5139 διαπορούμενον,
1441 5068 1556 5138 οὐχ’
1589 5068 1833 5138 εὑρίσκει
1870 5069 1976 5137 γὰρ
2005 5069 2169 5120 τόπον
2202 5067 2323 5120 οὐδὲ

758 5164 1048 5229 κατάλυμα
1072 5206 1085 5228 ,
1121 5165 1154 5230 ἡ
1188 5164 1361 5232 φάτνη
1391 5162 1599 5231 δέχεται
1637 5161 1731 5230 τὴν
1763 5159 2029 5230 πτωχείαν
2072 5160 2323 5228 ἑλόμενον

762 5255 819 5320 ὲξ
851 5254 1046 5322 ἀρχῆς,
1088 5255 1179 5304 καὶ
1216 5254 1421 5320 ταύτην
1462 5256 1517 5306 ἐν
1548 5253 1723 5321 ἑαυτῷ
1747 5254 2071 5320 τιμήσαντα.
2113 5249 2323 5302 Ἐντεῦ-

761 5347 850 5397 οεν
886 5348 912 5399 ὁ
943 5343 1354 5416 ἀπερίγραπτος
1392 5347 1448 5394 ὲν
1477 5344 1745 5412 σπηλαίῳ,
1775 5342 1994 5409 ὁΛόγος
2026 5345 2082 5394 ὲν
2108 5342 2281 5409 φάτνῃ
2308 5377 2322 5402 ,

757 5441 784 5491 ὁ
827 5439 919 5491 τοῦ
959 5439 1167 5504 κόσμου
1203 5434 1558 5504 δημιουργὸς,
1594 5431 1893 5500 αὐτουργὸς
1925 5435 2014 5484 καὶ
2033 5432 2322 5495 τοῦ.τόκου,

762 5532 852 5582 καὶ
904 5531 1094 5596 ὁδηγὸς
1144 5527 1304 5579 τοῦτό
1353 5543 1451 5577 που
1491 5528 1694 5592 γίνεται
1735 5523 1897 5584 αὐτὸς
1935 5523 2030 5591 μὲν
2065 5523 2324 5590 μαιεύων,

760 5622 918 5685 αὐτὸς
949 5621 1005 5673 δὲ
1037 5621 1408 5689 μαιευὸμενος.
1450 5618 1540 5669 καὶ
1567 5621 1631 5686 τῇ
1669 5614 1838 5685 μητρὶ
1861 5614 1947 5666 τὸν
1970 5613 2206 5680 Θάλαμον
2236 5629 2328 5679 χα-

765 5714 1062 5783 ριζόμενος.
1104 5711 1382 5764 Ἐντείθεν
1406 5711 1432 5761 ὁ
1456 5712 1668 5762 πάντων
1695 5706 1971 5774 συνοχεὺς,
2002 5705 2057 5756 ὲν
2086 5704 2328 5773 σπαργά-

767 5821 907 5867 νοιςο
943 5811 968 5859 ὁ
1005 5805 1218 5858 πάντων
1257 5804 1505 5872 τροφεὺς,
1548 5802 1602 5852 ἐν
1638 5801 1748 5862 τοῖς
1784 5795 2329 5868 γαλακτοτροφουμὲ-

1900 3789 1943 3822 ⁸⁸
1965 3789 2098 3846 Luc.
2120 3804 2179 3854 ll,
2200 3790 2253 3856 6,
2281 3791 2334 3846 7.

2413 3277 2468 3328 et
2486 3277 2625 3322 terra
2656 3281 2762 3318 non
2793 3263 3028 3329 capitur.
3056 3260 3156 3325 Qui
3177 3259 3336 3311 etiam
3361 3258 3585 3326 suscipit
3613 3260 3993 3312 circumcisio-

2411 3376 2537 3416 nem
2563 3358 2889 3415 conﬁrmans
2917 3369 3068 3406 suam
3111 3365 3234 3404 cum
3268 3348 3469 3403 ludatis
3497 3351 3907 3420 cognationem,
3927 3366 3992 3403 ne

2411 3454 2518 3508 illis
2531 3451 2865 3507 occasionem
2887 3447 3147 3517 praeberet
3164 3462 3285 3500 eum
3304 3443 3550 3514 negandi.
3571 3442 3994 3498 Circumciditur

2415 3554 2592 3598 autem
2633 3555 2821 3597 octavo
2845 3542 2930 3594 die
2952 3556 3045 3594 seu
3093 3541 3176 3593 die
3209 3539 3512 3601 Dominico,
3541 3551 3650 3604 quo
3684 3535 3787 3588 luit
3829 3535 3989 3588 etiam

2413 3632 2756 3693 resurrectio;
2795 3640 2849 3683 et
2872 3630 3030 3684 Jesus
3055 3630 3388 3683 nominatur.
3429 3627 3705 3696 Signilicat
3739 3642 3870 3679 vero
3898 3625 3996 3678 hoc

2449 3793 2492 3824 ¹⁶
2523 3792 2653 3847 ibid.
2687 3792 2840 3847 8-15.
2923 3792 2963 3824 "
3001 3791 3136 3845 ibid.
3165 3791 3250 3845 19.

2421 3997 2567 4043 νοιςο
2614 3985 2641 4035 ὁ
2696 3983 2914 4035 πάντων
2968 3984 3346 4052 ἀπογραφεὺς,
3401 3985 3459 4035 ὲν
3506 3984 3618 4046 τοῖς
3676 3983 3994 4052 ἀπογραφο-

2425 4074 2626 4144 μένοις.

2493 4187 2759 4255 Ποιμένες
2794 4185 2872 4252 δὲ,
2907 4185 3092 4256 φησιν,
3123 4179 3265 4254 ἦσαν
3296 4185 3353 4237 ὲν
3386 4185 3450 4253 τῇ
3484 4181 3637 4254 χώρᾳ
3665 4181 3863 4255 ταύτῃ,
3898 4201 3996 4250 φυ-

2423 4279 2594 4343 λακὰς
2627 4280 2756 4346 περὶ
2786 4278 2959 4330 νύκτα
2992 4276 3328 4344 ποιούμενοι,
3360 4270 3440 4336 οἷς
3475 4275 3566 4326 καὶ
3596 4273 3829 4341 ἄγγελος
3861 4273 3994 4325 Θεοῦ

2423 4374 2649 4441 ἐπέστη.
2670 4374 2764 4423 καὶ
2788 4370 2912 4434 δόξα
2941 4367 3146 4436 Κυρίου
3173 4366 3370 4428 αὐτοὺς
3398 4365 3796 4435 περιέλαμψεν.
3840 4365 3994 4419 Ἐπεὶ

2419 4465 2475 4517 δὲ
2497 4462 2792 4528 κατάφοὸοι
2822 4461 3079 4528 γεγόνασι
3104 4459 3183 4526 τῷ
3210 4459 3466 4527 θεάματι,
3487 4458 3513 4510 ὁ
3533 4458 3784 4524 ἄγγελος,
3811 4458 3887 4519 ὡς
3923 4457 3995 4527 μὴ

2423 4555 2542 4608 καθ’
2575 4555 2724 4625 ὤραν
2763 4555 3063 4608 ἐπελθόντα
3093 4554 3186 4607 τὸν
3233 4554 3395 4621 φόϐον
3427 4553 3530 4615 ἔξω
3562 4553 3723 4614 ποιεῖ,
3755 4550 3852 4618 Μὴ
3896 4569 3996 4620 φο.

2423 4649 2639 4710 σεῒσθε,
2658 4649 2853 4717 λέγων,
2870 4647 3001 4701 ἰδοὺ
3019 4647 3128 4713 γὰρ
3147 4643 3596 4713 εὐαγγελίζομαι
3617 4641 3760 4712 ὑμῖν
3780 4645 3993 4712 χαρὰν,

2422 4737 2553 4804 ἣτις
2596 4739 2790 4800 ἔσται,
2821 4733 2919 4785 οὐκ
2962 4730 3235 4794 Ἰουδαίοις
3266 4731 3480 4799 μόνοις,
3517 4730 3630 4785 ἀλλ’
3660 4733 3854 4783 ἅπασι.
3891 4731 3994 4782 Καὶ

2423 4829 2742 4898 προστίθησι
2761 4825 3098 4894 τρανώτερον
3119 4823 3218 4892 τὴν
3241 4824 3338 4896 τῆς
3352 4827 3570 4895 χάριτος
3591 4821 3849 4891 δήλωσινο
3878 4825 3994 4876 ’Ὁτι

2424 4921 2608 4988 φησὶν,
2634 4919 2846 4988 ἐτέχθη
2873 4915 3013 4984 ὑμῖν
3035 4915 3257 4986 Σωτήρ.

2494 5056 2571 5127 (7)
2614 5055 2721 5109 Τοῦ
2745 5051 3202 5124 Μεταφραστοῦ.
3239 5051 3372 5103 Ποῖα
3400 5050 3506 5121 γὰρ
3539 5044 3605 5120 ἦν
3632 5049 3818 5129 ἕτερα,
3857 5047 3996 5119 ἅπερ

2425 5151 2457 5217 ὴ
2489 5147 2775 5216 Θαυμαστὴ
2811 5148 3130 5214 συνετήρεις
3159 5143 3362 5214 Μαρία,
3388 5144 3480 5195 καὶ
3499 5142 3579 5202 είς
3606 5139 3839 5207 καρδίαν
3873 5157 3997 5194 συν·

2426 5236 2669 5298 ἐϐαλλες,
2704 5235 2735 5302 ἢ
2779 5233 2994 5296 πάντως
3039 5233 3137 5284 ὅσα
3168 5249 3226 5284 τε
3263 5235 3474 5301 εἰρήκει
3515 5228 3649 5298 πρὸς
3688 5229 3747 5280 σὲ
3778 5231 3806 5280 ὀ
3832 5230 3997 5296 ἄγγε-

2425 5327 2534 5390 λος,
2569 5328 2661 5379 καὶ
2693 5326 2790 5377 ὅσα
2819 5324 2881 5395 δὴ
2913 5325 3075 5378 πάλιν
3105 5324 3154 5375 oi
3196 5322 3451 5391 ποιμένες
3484 5315 3672 5383 εἷπον;
3704 5319 3896 5372 Ταῦτα
3926 5323 3999 5380 εἰς

2427 5419 2651 5488 καρδίαν
2690 5417 2824 5486 αὑτὴ
2861 5416 3187 5476 συντιθεῖσα,
3220 5416 3310 5466 καὶ
3344 5413 3502 5466 τοῦτο
3536 5411 3731 5480 ἐκείνῳ
3771 5411 3998 5479 συγκρί-

2427 5531 2614 5572 νουσα,
2658 5514 2790 5582 προς
2835 5511 2891 5562 ἓν
2937 5512 3115 5578 ἑώρας
3157 5509 3450 5578 συνᾴδοντα
3488 5505 3688 5568 πάντα,
3735 5507 3831 5558 καὶ
3872 5505 3998 5570 μίαν

2429 5609 2700 5678 εὖρισκες,
2732 5600 2776 5656 ὦ
2811 5605 2980 5674 μῆτερ
3003 5601 3215 5668 σοφίας,
3238 5604 3336 5672 τὴν
3367 5597 3718 5669 συμφωνίανο
3753 5599 3839 5648 ὅτι
3873 5591 3998 5653 Θεὸς

2431 5699 2564 5765 πρὸς
2615 5699 2874 5766 ἀλήθειαν
2905 5696 2932 5746 ὁ
2971 5697 3034 5748 ἐκ
3081 5693 3174 5746 σοῦ
3218 5689 3516 5760 γεννηθεὶς,
3571 5690 3666 5743 καὶ
3711 5686 3770 5738 σὲ
3818 5683 3997 5754 Θαῦμα

2429 5793 2606 5855 δείξας
2639 5789 2786 5860 παρὰ
2818 5785 2987 5838 ταῦτα
3027 5787 3224 5847 πάντα,
3258 5781 3350 5836 καὶ
3378 5783 3524 5852 παρὰ
3551 5781 3770 5833 πάντων
3801 5775 3996 5830 τούτων
