  <div class='ocr_page' id='page_1' title='image "/cluster/home/n/w/nwhite01/storage/ocr_20150623/115/uva.x004215515/298.png"; bbox 0 0 4158 6528; ppageno 0'>
   <div class='ocr_carea' id='block_1_1' title="bbox 260 479 347 546">
    <p class='ocr_par' dir='ltr' id='par_1_1' title="bbox 260 479 347 546">
     <span class='ocr_line' id='line_1_1' title="bbox 260 479 347 546; baseline -0.011 0"><span class='ocrx_word' id='word_1_1' title='bbox 260 479 347 546; x_wconf 81' lang='lat'>541</span> 
     </span>
    </p>
   </div>
   <div class='ocr_carea' id='block_1_2' title="bbox 1325 474 2387 537">
    <p class='ocr_par' dir='ltr' id='par_1_2' title="bbox 1325 474 2387 537">
     <span class='ocr_line' id='line_1_2' title="bbox 1325 474 2387 537; baseline -0.001 0"><span class='ocrx_word' id='word_1_2' title='bbox 1325 475 1611 537; x_wconf 82' lang='lat' dir='ltr'>ORATIO</span> <span class='ocrx_word' id='word_1_3' title='bbox 1647 475 1745 535; x_wconf 83' lang='lat' dir='ltr'>DE</span> <span class='ocrx_word' id='word_1_4' title='bbox 1790 474 2074 537; x_wconf 76' lang='lat' dir='ltr'>SANC’I’A</span> <span class='ocrx_word' id='word_1_5' title='bbox 2112 474 2387 536; x_wconf 77' lang='lat' dir='ltr'><strong>MARIA.</strong></span> 
     </span>
    </p>
   </div>
   <div class='ocr_carea' id='block_1_3' title="bbox 3389 482 3498 547">
    <p class='ocr_par' dir='ltr' id='par_1_3' title="bbox 3389 482 3498 547">
     <span class='ocr_line' id='line_1_3' title="bbox 3389 482 3498 547; baseline 0 0"><span class='ocrx_word' id='word_1_6' title='bbox 3389 482 3498 547; x_wconf 73' lang='grc'>542</span> 
     </span>
    </p>
   </div>
   <div class='ocr_carea' id='block_1_4' title="bbox 262 580 3502 660">
    <p class='ocr_par' dir='ltr' id='par_1_4' title="bbox 262 580 3502 660">
     <span class='ocr_line' id='line_1_4' title="bbox 262 580 3502 660; baseline -0.002 -13"><span class='ocrx_word' id='word_1_7' title='bbox 262 593 478 649; x_wconf 80' lang='lat' dir='ltr'><strong>salutem</strong></span> <span class='ocrx_word' id='word_1_8' title='bbox 502 587 709 660; x_wconf 79' lang='lat' dir='ltr'>populi.</span> <span class='ocrx_word' id='word_1_9' title='bbox 740 585 893 654; x_wconf 84' lang='lat' dir='ltr'>Quod</span> <span class='ocrx_word' id='word_1_10' title='bbox 918 585 1079 641; x_wconf 89' lang='lat' dir='ltr'><strong>etiam</strong></span> <span class='ocrx_word' id='word_1_11' title='bbox 1110 582 1318 654; x_wconf 75' lang='lat' dir='ltr'><strong>Virgini</strong></span> <span class='ocrx_word' id='word_1_12' title='bbox 1346 582 1832 653; x_wconf 68' lang='lat' dir='ltr'><strong>praedicitangetus</strong></span> <span class='ocrx_word' id='word_1_13' title='bbox 1864 592 1904 643; x_wconf 80' lang='grc' dir='ltr'><strong>Α</strong></span> <span class='ocrx_word' id='word_1_14' title='bbox 1938 583 2138 635; x_wconf 91' lang='lat' dir='ltr'><strong>tionem</strong></span> <span class='ocrx_word' id='word_1_15' title='bbox 2176 599 2188 635; x_wconf 87' lang='lat'><strong>:</strong></span> <span class='ocrx_word' id='word_1_16' title='bbox 2233 580 2300 633; x_wconf 84' lang='lat' dir='ltr'><strong>Et</strong></span> <span class='ocrx_word' id='word_1_17' title='bbox 2333 597 2468 644; x_wconf 85' lang='lat' dir='ltr'><strong>ecce,</strong></span> <span class='ocrx_word' id='word_1_18' title='bbox 2525 580 2733 643; x_wconf 89' lang='lat' dir='ltr'><strong>dicens.</strong></span> <span class='ocrx_word' id='word_1_19' title='bbox 2764 587 2916 637; x_wconf 79' lang='lat' dir='ltr'><strong>homo</strong></span> <span class='ocrx_word' id='word_1_20' title='bbox 2971 597 3089 637; x_wconf 80' lang='lat' dir='ltr'><strong>erat</strong></span> <span class='ocrx_word' id='word_1_21' title='bbox 3123 586 3174 639; x_wconf 88' lang='lat' dir='ltr'>in</span> <span class='ocrx_word' id='word_1_22' title='bbox 3202 582 3502 643; x_wconf 74' lang='lat' dir='ltr'>Jerusalem</span> 
     </span>
    </p>
   </div>
   <div class='ocr_carea' id='block_1_5' title="bbox 263 670 3503 751">
    <p class='ocr_par' dir='ltr' id='par_1_5' title="bbox 263 670 3503 751">
     <span class='ocr_line' id='line_1_5' title="bbox 263 670 3503 751; baseline -0.002 -13"><span class='ocrx_word' id='word_1_23' title='bbox 263 694 372 738; x_wconf 72' lang='lat' dir='ltr'><strong>ante</strong></span> <span class='ocrx_word' id='word_1_24' title='bbox 401 679 931 751; x_wconf 87' lang='lat' dir='ltr'><strong>conceptionem.Et</strong></span> <span class='ocrx_word' id='word_1_25' title='bbox 956 676 1179 739; x_wconf 81' lang='lat' dir='ltr'><strong>vocabis,</strong></span> <span class='ocrx_word' id='word_1_26' title='bbox 1213 674 1485 744; x_wconf 82' lang='lat' dir='ltr'><strong>inquiens,</strong></span> <span class='ocrx_word' id='word_1_27' title='bbox 1514 690 1697 726; x_wconf 89' lang='lat' dir='ltr'><strong>nomen</strong></span> <span class='ocrx_word' id='word_1_28' title='bbox 1717 673 1829 741; x_wconf 79' lang='lat' dir='ltr'><strong>ejus</strong></span> <span class='ocrx_word' id='word_1_29' title='bbox 1931 675 2013 725; x_wconf 83' lang='lat' dir='ltr'>eui</span> <span class='ocrx_word' id='word_1_30' title='bbox 2055 688 2237 725; x_wconf 81' lang='lat' dir='ltr'><strong>nomen</strong></span> <span class='ocrx_word' id='word_1_31' title='bbox 2270 670 2477 725; x_wconf 71' lang='lat' dir='ltr'><strong>Simeon</strong></span> <span class='ocrx_word' id='word_1_32' title='bbox 2497 712 2512 735; x_wconf 88' lang='lat'>,</span> <span class='ocrx_word' id='word_1_33' title='bbox 2540 681 2588 724; x_wconf 90' lang='lat' dir='ltr'>et</span> <span class='ocrx_word' id='word_1_34' title='bbox 2620 672 2771 726; x_wconf 85' lang='lat' dir='ltr'><strong>homo</strong></span> <span class='ocrx_word' id='word_1_35' title='bbox 2799 684 2913 727; x_wconf 89' lang='lat' dir='ltr'><strong>erat</strong></span> <span class='ocrx_word' id='word_1_36' title='bbox 2964 676 3164 744; x_wconf 85' lang='lat' dir='ltr'><strong>justus,</strong></span> <span class='ocrx_word' id='word_1_37' title='bbox 3197 687 3244 729; x_wconf 89' lang='lat' dir='ltr'>et</span> <span class='ocrx_word' id='word_1_38' title='bbox 3274 678 3503 745; x_wconf 81' lang='lat' dir='ltr'><strong>Spiritus</strong></span> 
     </span>
    </p>
   </div>
   <div class='ocr_carea' id='block_1_6' title="bbox 262 753 1827 829">
    <p class='ocr_par' dir='ltr' id='par_1_6' title="bbox 262 753 1827 829">
     <span class='ocr_line' id='line_1_6' title="bbox 262 753 1827 829; baseline -0.01 -10"><span class='ocrx_word' id='word_1_39' title='bbox 262 765 425 819; x_wconf 74' lang='lat' dir='ltr'><strong>Iesum</strong></span> <span class='ocrx_word' id='word_1_40' title='bbox 447 764 514 825; x_wconf 80' lang='lat'><strong>&quot;,</strong></span> <span class='ocrx_word' id='word_1_41' title='bbox 546 764 799 829; x_wconf 78' lang='lat' dir='ltr'><strong>idemque</strong></span> <span class='ocrx_word' id='word_1_42' title='bbox 816 758 1049 827; x_wconf 84' lang='lat' dir='ltr'><strong>Josepho</strong></span> <span class='ocrx_word' id='word_1_43' title='bbox 1073 764 1282 825; x_wconf 87' lang='lat' dir='ltr'><strong>postea,</strong></span> <span class='ocrx_word' id='word_1_44' title='bbox 1314 762 1476 821; x_wconf 88' lang='lat' dir='ltr'><strong>atque</strong></span> <span class='ocrx_word' id='word_1_45' title='bbox 1504 753 1781 822; x_wconf 70' lang='lat' dir='ltr'><strong>subiungit</strong></span> <span class='ocrx_word' id='word_1_46' title='bbox 1815 769 1827 803; x_wconf 93' lang='lat'><strong>:</strong></span> 
     </span>
    </p>
   </div>
   <div class='ocr_carea' id='block_1_7' title="bbox 263 846 1830 922">
    <p class='ocr_par' dir='ltr' id='par_1_7' title="bbox 263 846 1830 922">
     <span class='ocr_line' id='line_1_7' title="bbox 263 846 1830 922; baseline -0.007 -14"><span class='ocrx_word' id='word_1_47' title='bbox 263 857 362 922; x_wconf 59' lang='grc' dir='ltr'>[με</span> <span class='ocrx_word' id='word_1_48' title='bbox 387 856 530 907; x_wconf 88' lang='lat' dir='ltr'><strong>enim</strong></span> <span class='ocrx_word' id='word_1_49' title='bbox 572 853 771 906; x_wconf 78' lang='lat' dir='ltr'><strong>salvum</strong></span> <span class='ocrx_word' id='word_1_50' title='bbox 812 851 966 921; x_wconf 80' lang='lat' dir='ltr'><strong>faciet</strong></span> <span class='ocrx_word' id='word_1_51' title='bbox 1023 848 1272 916; x_wconf 82' lang='lat' dir='ltr'>populum</span> <span class='ocrx_word' id='word_1_52' title='bbox 1319 862 1473 899; x_wconf 87' lang='lat' dir='ltr'><strong>suum</strong></span> <span class='ocrx_word' id='word_1_53' title='bbox 1523 862 1555 898; x_wconf 91' lang='lat' dir='ltr'>a</span> <span class='ocrx_word' id='word_1_54' title='bbox 1604 846 1830 911; x_wconf 80' lang='lat' dir='ltr'><strong>peccatis</strong></span> 
     </span>
    </p>
   </div>
   <div class='ocr_carea' id='block_1_8' title="bbox 259 937 1827 1008">
    <p class='ocr_par' dir='ltr' id='par_1_8' title="bbox 259 937 1827 1008">
     <span class='ocr_line' id='line_1_8' title="bbox 259 937 1827 1008; baseline -0.008 -8"><span class='ocrx_word' id='word_1_55' title='bbox 259 964 418 1001; x_wconf 83' lang='lat' dir='ltr'><strong>eorum</strong></span> <span class='ocrx_word' id='word_1_56' title='bbox 444 948 512 999; x_wconf 83' lang='lat'><strong>&quot;.</strong></span> <span class='ocrx_word' id='word_1_57' title='bbox 538 945 743 999; x_wconf 78' lang='lat' dir='ltr'><strong>Deinde</strong></span> <span class='ocrx_word' id='word_1_58' title='bbox 758 944 920 997; x_wconf 83' lang='lat' dir='ltr'><strong>etiam</strong></span> <span class='ocrx_word' id='word_1_59' title='bbox 947 956 1135 993; x_wconf 87' lang='lat' dir='ltr'><strong>rursus</strong></span> <span class='ocrx_word' id='word_1_60' title='bbox 1152 946 1655 1008; x_wconf 78' lang='lat' dir='ltr'><strong>exspectattetnpus</strong></span> <span class='ocrx_word' id='word_1_61' title='bbox 1676 937 1827 1006; x_wconf 89' lang='lat' dir='ltr'><strong>puri-</strong></span> 
     </span>
    </p>
   </div>
   <div class='ocr_carea' id='block_1_9' title="bbox 258 1029 1827 1104">
    <p class='ocr_par' dir='ltr' id='par_1_9' title="bbox 258 1029 1827 1104">
     <span class='ocr_line' id='line_1_9' title="bbox 258 1029 1827 1104; baseline -0.007 -13"><span class='ocrx_word' id='word_1_62' title='bbox 258 1040 537 1092; x_wconf 85' lang='lat' dir='ltr'><strong>ticationis.</strong></span> <span class='ocrx_word' id='word_1_63' title='bbox 579 1036 858 1104; x_wconf 73' lang='lat' dir='ltr'>Postquam</span> <span class='ocrx_word' id='word_1_64' title='bbox 887 1034 1030 1086; x_wconf 90' lang='lat' dir='ltr'><strong>enim</strong></span> <span class='ocrx_word' id='word_1_65' title='bbox 1063 1032 1266 1098; x_wconf 78' lang='lat' dir='ltr'><strong>impleti</strong></span> <span class='ocrx_word' id='word_1_66' title='bbox 1297 1039 1438 1091; x_wconf 84' lang='lat' dir='ltr'><strong>sunt,</strong></span> <span class='ocrx_word' id='word_1_67' title='bbox 1476 1030 1668 1097; x_wconf 88' lang='lat' dir='ltr'><strong>inquit,</strong></span> <span class='ocrx_word' id='word_1_68' title='bbox 1720 1029 1827 1081; x_wconf 86' lang='lat' dir='ltr'><strong>dies</strong></span> 
     </span>
    </p>
   </div>
   <div class='ocr_carea' id='block_1_10' title="bbox 252 1120 1824 1200">
    <p class='ocr_par' dir='ltr' id='par_1_10' title="bbox 252 1120 1824 1200">
     <span class='ocr_line' id='line_1_10' title="bbox 252 1120 1824 1200; baseline -0.008 -17"><span class='ocrx_word' id='word_1_69' title='bbox 252 1131 573 1200; x_wconf 76' lang='lat' dir='ltr'>purgationis</span> <span class='ocrx_word' id='word_1_70' title='bbox 627 1129 741 1197; x_wconf 84' lang='lat' dir='ltr'><strong>ejus</strong></span> <span class='ocrx_word' id='word_1_71' title='bbox 801 1134 1085 1179; x_wconf 80' lang='lat' dir='ltr'><strong>secundum</strong></span> <span class='ocrx_word' id='word_1_72' title='bbox 1128 1126 1288 1193; x_wconf 73' lang='lat' dir='ltr'><strong>legem</strong></span> <span class='ocrx_word' id='word_1_73' title='bbox 1355 1122 1551 1191; x_wconf 82' lang='lat' dir='ltr'><strong>Moysi(</strong></span> <span class='ocrx_word' id='word_1_74' title='bbox 1584 1120 1824 1188; x_wconf 83' lang='lat' dir='ltr'><strong>comple-</strong></span> 
     </span>
    </p>
   </div>
   <div class='ocr_carea' id='block_1_11' title="bbox 251 1211 1821 1284">
    <p class='ocr_par' dir='ltr' id='par_1_11' title="bbox 251 1211 1821 1284">
     <span class='ocr_line' id='line_1_11' title="bbox 251 1211 1821 1284; baseline -0.006 -11"><span class='ocrx_word' id='word_1_75' title='bbox 251 1226 480 1273; x_wconf 77' lang='lat' dir='ltr'><strong>mentum</strong></span> <span class='ocrx_word' id='word_1_76' title='bbox 500 1230 680 1274; x_wconf 88' lang='lat' dir='ltr'><strong>autem</strong></span> <span class='ocrx_word' id='word_1_77' title='bbox 695 1219 907 1271; x_wconf 88' lang='lat' dir='ltr'><strong>dierum</strong></span> <span class='ocrx_word' id='word_1_78' title='bbox 930 1227 1046 1270; x_wconf 88' lang='lat' dir='ltr'><strong>erat</strong></span> <span class='ocrx_word' id='word_1_79' title='bbox 1065 1214 1555 1284; x_wconf 62' lang='lat' dir='ltr'><strong>quadragesimus),</strong></span> <span class='ocrx_word' id='word_1_80' title='bbox 1590 1211 1821 1265; x_wconf 87' lang='lat' dir='ltr'><strong>tulerunt</strong></span> 
     </span>
    </p>
   </div>
   <div class='ocr_carea' id='block_1_12' title="bbox 250 1307 1821 1367">
    <p class='ocr_par' dir='ltr' id='par_1_12' title="bbox 250 1307 1821 1367">
     <span class='ocr_line' id='line_1_12' title="bbox 250 1307 1821 1367; baseline -0.009 -2"><span class='ocrx_word' id='word_1_81' title='bbox 250 1314 506 1367; x_wconf 74' lang='lat' dir='ltr'><strong>infantem</strong></span> <span class='ocrx_word' id='word_1_82' title='bbox 567 1311 750 1364; x_wconf 86' lang='lat' dir='ltr'><strong>.lcsum</strong></span> <span class='ocrx_word' id='word_1_83' title='bbox 818 1310 873 1364; x_wconf 92' lang='lat' dir='ltr'>in</span> <span class='ocrx_word' id='word_1_84' title='bbox 924 1308 1246 1367; x_wconf 82' lang='lat' dir='ltr'><strong>Jerusalem,</strong></span> <span class='ocrx_word' id='word_1_85' title='bbox 1293 1316 1345 1358; x_wconf 90' lang='lat' dir='ltr'>ut</span> <span class='ocrx_word' id='word_1_86' title='bbox 1410 1307 1645 1358; x_wconf 83' lang='lat' dir='ltr'><strong>sisterent</strong></span> <span class='ocrx_word' id='word_1_87' title='bbox 1706 1318 1821 1356; x_wconf 88' lang='lat' dir='ltr'>eum</span> 
     </span>
    </p>
   </div>
   <div class='ocr_carea' id='block_1_13' title="bbox 246 1395 1820 1467">
    <p class='ocr_par' dir='ltr' id='par_1_13' title="bbox 246 1395 1820 1467">
     <span class='ocr_line' id='line_1_13' title="bbox 246 1395 1820 1467; baseline -0.006 -11"><span class='ocrx_word' id='word_1_88' title='bbox 246 1403 483 1459; x_wconf 81' lang='lat' dir='ltr'><strong>Domino.</strong></span> <span class='ocrx_word' id='word_1_89' title='bbox 516 1404 651 1455; x_wconf 89' lang='lat' dir='ltr'><strong>sicut</strong></span> <span class='ocrx_word' id='word_1_90' title='bbox 696 1403 949 1467; x_wconf 83' lang='lat' dir='ltr'><strong>scriptum</strong></span> <span class='ocrx_word' id='word_1_91' title='bbox 1000 1400 1159 1452; x_wconf 86' lang='lat' dir='ltr'><strong>estin</strong></span> <span class='ocrx_word' id='word_1_92' title='bbox 1219 1398 1323 1467; x_wconf 83' lang='lat' dir='ltr'><strong>lege</strong></span> <span class='ocrx_word' id='word_1_93' title='bbox 1373 1396 1582 1448; x_wconf 86' lang='lat' dir='ltr'>Domini</span> <span class='ocrx_word' id='word_1_94' title='bbox 1634 1395 1820 1458; x_wconf 73' lang='lat' dir='ltr'><strong>:Quia</strong></span> 
     </span>
    </p>
   </div>
   <div class='ocr_carea' id='block_1_14' title="bbox 245 1488 1819 1556">
    <p class='ocr_par' dir='ltr' id='par_1_14' title="bbox 245 1488 1819 1556">
     <span class='ocr_line' id='line_1_14' title="bbox 245 1488 1819 1556; baseline -0.004 -11"><span class='ocrx_word' id='word_1_95' title='bbox 245 1509 382 1545; x_wconf 86' lang='lat' dir='ltr'><strong>omne</strong></span> <span class='ocrx_word' id='word_1_96' title='bbox 462 1492 817 1545; x_wconf 83' lang='lat' dir='ltr'><strong>masculinum</strong></span> <span class='ocrx_word' id='word_1_97' title='bbox 892 1490 1205 1556; x_wconf 84' lang='lat' dir='ltr'><strong>adaperiens</strong></span> <span class='ocrx_word' id='word_1_98' title='bbox 1278 1488 1523 1552; x_wconf 70' lang='lat' dir='ltr'><strong>vulvam,</strong></span> <span class='ocrx_word' id='word_1_99' title='bbox 1581 1498 1819 1541; x_wconf 86' lang='lat' dir='ltr'><strong>sanctum</strong></span> 
     </span>
    </p>
   </div>
   <div class='ocr_carea' id='block_1_15' title="bbox 244 1579 1819 1641">
    <p class='ocr_par' dir='ltr' id='par_1_15' title="bbox 244 1579 1819 1641">
     <span class='ocr_line' id='line_1_15' title="bbox 244 1579 1819 1641; baseline -0.005 -4"><span class='ocrx_word' id='word_1_100' title='bbox 244 1584 457 1637; x_wconf 86' lang='lat' dir='ltr'><strong>Domino</strong></span> <span class='ocrx_word' id='word_1_101' title='bbox 484 1582 753 1635; x_wconf 84' lang='lat' dir='ltr'><strong>vocabitur</strong></span> <span class='ocrx_word' id='word_1_102' title='bbox 794 1595 813 1634; x_wconf 90' lang='lat'><strong><em>:</em></strong></span> <span class='ocrx_word' id='word_1_103' title='bbox 841 1590 890 1634; x_wconf 84' lang='lat' dir='ltr'>et</span> <span class='ocrx_word' id='word_1_104' title='bbox 937 1589 993 1632; x_wconf 87' lang='lat' dir='ltr'>ut</span> <span class='ocrx_word' id='word_1_105' title='bbox 1029 1584 1214 1633; x_wconf 85' lang='lat' dir='ltr'><strong>darent</strong></span> <span class='ocrx_word' id='word_1_106' title='bbox 1264 1579 1507 1641; x_wconf 85' lang='lat' dir='ltr'><strong>hostiam,</strong></span> <span class='ocrx_word' id='word_1_107' title='bbox 1538 1580 1819 1631; x_wconf 85' lang='lat' dir='ltr'><strong>secundum</strong></span> 
     </span>
    </p>
   </div>
   <div class='ocr_carea' id='block_1_16' title="bbox 242 1674 1815 1742">
    <p class='ocr_par' dir='ltr' id='par_1_16' title="bbox 242 1674 1815 1742">
     <span class='ocr_line' id='line_1_16' title="bbox 242 1674 1815 1742; baseline -0.003 -15"><span class='ocrx_word' id='word_1_108' title='bbox 242 1677 368 1741; x_wconf 85' lang='lat' dir='ltr'><strong>quod</strong></span> <span class='ocrx_word' id='word_1_109' title='bbox 414 1676 617 1727; x_wconf 82' lang='lat' dir='ltr'><strong>dictum</strong></span> <span class='ocrx_word' id='word_1_110' title='bbox 647 1685 718 1728; x_wconf 88' lang='lat' dir='ltr'>est</span> <span class='ocrx_word' id='word_1_111' title='bbox 746 1676 800 1727; x_wconf 84' lang='lat' dir='ltr'>in</span> <span class='ocrx_word' id='word_1_112' title='bbox 833 1674 945 1742; x_wconf 82' lang='lat' dir='ltr'><strong>lege</strong></span> <span class='ocrx_word' id='word_1_113' title='bbox 1008 1674 1240 1735; x_wconf 82' lang='lat' dir='ltr'><strong>Domini,</strong></span> <span class='ocrx_word' id='word_1_114' title='bbox 1275 1687 1375 1739; x_wconf 89' lang='lat' dir='ltr'>par</span> <span class='ocrx_word' id='word_1_115' title='bbox 1398 1679 1688 1735; x_wconf 80' lang='lat' dir='ltr'><strong>turturum,</strong></span> <span class='ocrx_word' id='word_1_116' title='bbox 1725 1680 1815 1724; x_wconf 87' lang='lat' dir='ltr'>aut</span> 
     </span>
    </p>
   </div>
   <div class='ocr_carea' id='block_1_17' title="bbox 239 1765 1063 1833">
    <p class='ocr_par' dir='ltr' id='par_1_17' title="bbox 239 1765 1063 1833">
     <span class='ocr_line' id='line_1_17' title="bbox 239 1765 1063 1833; baseline 0 -16"><span class='ocrx_word' id='word_1_117' title='bbox 239 1766 359 1819; x_wconf 85' lang='lat' dir='ltr'><strong>duos</strong></span> <span class='ocrx_word' id='word_1_118' title='bbox 410 1766 585 1833; x_wconf 81' lang='lat' dir='ltr'><strong>pullos</strong></span> <span class='ocrx_word' id='word_1_119' title='bbox 611 1767 969 1819; x_wconf 80' lang='lat' dir='ltr'><strong>columbarum</strong></span> <span class='ocrx_word' id='word_1_120' title='bbox 994 1765 1063 1817; x_wconf 84' lang='lat'><strong>&quot;.</strong></span> 
     </span>
    </p>
   </div>
   <div class='ocr_carea' id='block_1_18' title="bbox 304 1853 1813 1924">
    <p class='ocr_par' dir='ltr' id='par_1_18' title="bbox 304 1853 1813 1924">
     <span class='ocr_line' id='line_1_18' title="bbox 304 1853 1813 1924; baseline -0.002 -14"><span class='ocrx_word' id='word_1_121' title='bbox 304 1857 439 1912; x_wconf 78' lang='lat' dir='ltr'>XIV.</span> <span class='ocrx_word' id='word_1_122' title='bbox 469 1857 576 1914; x_wconf 85' lang='lat' dir='ltr'>Sed</span> <span class='ocrx_word' id='word_1_123' title='bbox 614 1860 784 1912; x_wconf 83' lang='lat' dir='ltr'><strong>satius</strong></span> <span class='ocrx_word' id='word_1_124' title='bbox 811 1858 1040 1910; x_wconf 79' lang='lat' dir='ltr'><strong>fortasse</strong></span> <span class='ocrx_word' id='word_1_125' title='bbox 1064 1855 1141 1923; x_wconf 86' lang='lat'>(8)</span> <span class='ocrx_word' id='word_1_126' title='bbox 1170 1853 1332 1909; x_wconf 78' lang='lat' dir='ltr'><strong>fuerit</strong></span> <span class='ocrx_word' id='word_1_127' title='bbox 1363 1854 1416 1909; x_wconf 89' lang='lat' dir='ltr'>id</span> <span class='ocrx_word' id='word_1_128' title='bbox 1442 1856 1674 1921; x_wconf 84' lang='lat' dir='ltr'><strong>solvere,</strong></span> <span class='ocrx_word' id='word_1_129' title='bbox 1706 1870 1813 1924; x_wconf 90' lang='lat' dir='ltr'>quo</span> 
     </span>
    </p>
   </div>
   <div class='ocr_carea' id='block_1_19' title="bbox 233 1948 1807 2018">
    <p class='ocr_par' dir='ltr' id='par_1_19' title="bbox 233 1948 1807 2018">
     <span class='ocr_line' id='line_1_19' title="bbox 233 1948 1807 2018; baseline -0.002 -14"><span class='ocrx_word' id='word_1_130' title='bbox 233 1949 446 2005; x_wconf 81' lang='lat' dir='ltr'><strong>videtur</strong></span> <span class='ocrx_word' id='word_1_131' title='bbox 509 1962 808 2018; x_wconf 81' lang='lat' dir='ltr'><strong>repugnare</strong></span> <span class='ocrx_word' id='word_1_132' title='bbox 850 1948 994 2000; x_wconf 91' lang='lat' dir='ltr'><strong>inter</strong></span> <span class='ocrx_word' id='word_1_133' title='bbox 1030 1948 1406 2017; x_wconf 81' lang='lat' dir='ltr'><strong>evangelistus.</strong></span> <span class='ocrx_word' id='word_1_134' title='bbox 1443 1948 1729 2001; x_wconf 68' lang='lat' dir='ltr'><strong>Matthaaus</strong></span> <span class='ocrx_word' id='word_1_135' title='bbox 1760 1948 1807 1978; x_wconf 82' lang='grc'>²¹</span> 
     </span>
    </p>
   </div>
   <div class='ocr_carea' id='block_1_20' title="bbox 232 2039 1816 2110">
    <p class='ocr_par' dir='ltr' id='par_1_20' title="bbox 232 2039 1816 2110">
     <span class='ocr_line' id='line_1_20' title="bbox 232 2039 1816 2110; baseline -0.001 -16"><span class='ocrx_word' id='word_1_136' title='bbox 232 2056 465 2110; x_wconf 79' lang='lat' dir='ltr'><strong>namque</strong></span> <span class='ocrx_word' id='word_1_137' title='bbox 506 2041 639 2093; x_wconf 85' lang='lat' dir='ltr'><strong>dicit</strong></span> <span class='ocrx_word' id='word_1_138' title='bbox 671 2039 883 2103; x_wconf 77' lang='lat' dir='ltr'><strong>Jesum,</strong></span> <span class='ocrx_word' id='word_1_139' title='bbox 908 2050 1197 2109; x_wconf 82' lang='lat' dir='ltr'><strong>p05tquam</strong></span> <span class='ocrx_word' id='word_1_140' title='bbox 1244 2050 1406 2093; x_wconf 86' lang='lat' dir='ltr'><strong>natus</strong></span> <span class='ocrx_word' id='word_1_141' title='bbox 1439 2049 1604 2100; x_wconf 86' lang='lat' dir='ltr'><strong>esset,</strong></span> <span class='ocrx_word' id='word_1_142' title='bbox 1632 2039 1816 2107; x_wconf 79' lang='lat' dir='ltr'><strong>profe-</strong></span> 
     </span>
    </p>
   </div>
   <div class='ocr_carea' id='block_1_21' title="bbox 232 2132 1809 2202">
    <p class='ocr_par' dir='ltr' id='par_1_21' title="bbox 232 2132 1809 2202">
     <span class='ocr_line' id='line_1_21' title="bbox 232 2132 1809 2202; baseline -0.001 -15"><span class='ocrx_word' id='word_1_143' title='bbox 232 2142 373 2188; x_wconf 89' lang='lat' dir='ltr'><strong>ctum</strong></span> <span class='ocrx_word' id='word_1_144' title='bbox 398 2137 448 2187; x_wconf 91' lang='lat' dir='ltr'>in</span> <span class='ocrx_word' id='word_1_145' title='bbox 463 2132 780 2202; x_wconf 68' lang='lat' dir='ltr'><strong>1E3yptum;</strong></span> <span class='ocrx_word' id='word_1_146' title='bbox 801 2132 889 2187; x_wconf 85' lang='lat' dir='ltr'>hic</span> <span class='ocrx_word' id='word_1_147' title='bbox 909 2144 1111 2196; x_wconf 87' lang='lat' dir='ltr'><strong>autem,</strong></span> <span class='ocrx_word' id='word_1_148' title='bbox 1130 2132 1347 2187; x_wconf 85' lang='lat' dir='ltr'><strong>divinus</strong></span> <span class='ocrx_word' id='word_1_149' title='bbox 1370 2132 1595 2196; x_wconf 84' lang='lat' dir='ltr'><strong>scilicet,</strong></span> <span class='ocrx_word' id='word_1_150' title='bbox 1620 2132 1809 2196; x_wconf 86' lang='lat' dir='ltr'><strong>Lucas,</strong></span> 
     </span>
    </p>
   </div>
   <div class='ocr_carea' id='block_1_22' title="bbox 232 2221 1808 2294">
    <p class='ocr_par' dir='ltr' id='par_1_22' title="bbox 232 2221 1808 2294">
     <span class='ocr_line' id='line_1_22' title="bbox 232 2221 1808 2294; baseline -0.003 -17"><span class='ocrx_word' id='word_1_151' title='bbox 232 2226 405 2292; x_wconf 88' lang='lat' dir='ltr'><strong>ipsum</strong></span> <span class='ocrx_word' id='word_1_152' title='bbox 433 2232 557 2289; x_wconf 90' lang='lat' dir='ltr'><strong>post</strong></span> <span class='ocrx_word' id='word_1_153' title='bbox 588 2222 940 2294; x_wconf 78' lang='lat' dir='ltr'><strong>quadraginta</strong></span> <span class='ocrx_word' id='word_1_154' title='bbox 963 2223 1080 2277; x_wconf 87' lang='lat' dir='ltr'><strong>dies</strong></span> <span class='ocrx_word' id='word_1_155' title='bbox 1104 2222 1322 2276; x_wconf 85' lang='lat' dir='ltr'><strong>venisse</strong></span> <span class='ocrx_word' id='word_1_156' title='bbox 1351 2221 1808 2291; x_wconf 82' lang='lat' dir='ltr'><strong>Hierosolymam.</strong></span> 
     </span>
    </p>
   </div>
   <div class='ocr_carea' id='block_1_23' title="bbox 229 2314 1884 2398">
    <p class='ocr_par' dir='ltr' id='par_1_23' title="bbox 229 2314 1884 2398">
     <span class='ocr_line' id='line_1_23' title="bbox 229 2314 1884 2398; baseline -0.001 -30"><span class='ocrx_word' id='word_1_157' title='bbox 229 2315 329 2368; x_wconf 82' lang='lat' dir='ltr'><strong>Sed</strong></span> <span class='ocrx_word' id='word_1_158' title='bbox 362 2314 500 2367; x_wconf 82' lang='lat' dir='ltr'><strong>nihil</strong></span> <span class='ocrx_word' id='word_1_159' title='bbox 556 2316 777 2382; x_wconf 90' lang='lat' dir='ltr'><strong>dicunt,</strong></span> <span class='ocrx_word' id='word_1_160' title='bbox 815 2316 957 2383; x_wconf 82' lang='lat' dir='ltr'><strong>quod</strong></span> <span class='ocrx_word' id='word_1_161' title='bbox 1019 2315 1164 2368; x_wconf 91' lang='lat' dir='ltr'><strong>inter</strong></span> <span class='ocrx_word' id='word_1_162' title='bbox 1211 2330 1270 2368; x_wconf 88' lang='lat' dir='ltr'>se</span> <span class='ocrx_word' id='word_1_163' title='bbox 1306 2314 1577 2382; x_wconf 89' lang='lat' dir='ltr'><strong>discrepet</strong></span> <span class='ocrx_word' id='word_1_164' title='bbox 1630 2328 1806 2383; x_wconf 86' lang='lat' dir='ltr'><strong>neque</strong></span> <span class='ocrx_word' id='word_1_165' title='bbox 1844 2345 1884 2398; x_wconf 75' lang='grc' dir='ltr'><strong>Β</strong></span> 
     </span>
    </p>
   </div>
   <div class='ocr_carea' id='block_1_24' title="bbox 226 2406 1809 2477">
    <p class='ocr_par' dir='ltr' id='par_1_24' title="bbox 226 2406 1809 2477">
     <span class='ocr_line' id='line_1_24' title="bbox 226 2406 1809 2477; baseline 0 -18"><span class='ocrx_word' id='word_1_166' title='bbox 226 2408 369 2477; x_wconf 89' lang='lat' dir='ltr'><strong>quod</strong></span> <span class='ocrx_word' id='word_1_167' title='bbox 403 2410 478 2461; x_wconf 89' lang='lat' dir='ltr'>rei</span> <span class='ocrx_word' id='word_1_168' title='bbox 543 2410 724 2463; x_wconf 85' lang='lat' dir='ltr'><strong>obstet</strong></span> <span class='ocrx_word' id='word_1_169' title='bbox 786 2406 1387 2477; x_wconf 70' lang='lat' dir='ltr'><strong>consequentiae.Cum</strong></span> <span class='ocrx_word' id='word_1_170' title='bbox 1445 2406 1621 2467; x_wconf 89' lang='lat' dir='ltr'><strong>enim.</strong></span> <span class='ocrx_word' id='word_1_171' title='bbox 1658 2413 1809 2474; x_wconf 85' lang='lat' dir='ltr'><strong>post-</strong></span> 
     </span>
    </p>
   </div>
   <div class='ocr_carea' id='block_1_25' title="bbox 223 2502 1804 2571">
    <p class='ocr_par' dir='ltr' id='par_1_25' title="bbox 223 2502 1804 2571">
     <span class='ocr_line' id='line_1_25' title="bbox 223 2502 1804 2571; baseline -0.002 -15"><span class='ocrx_word' id='word_1_172' title='bbox 223 2518 384 2571; x_wconf 84' lang='lat' dir='ltr'><strong>quam</strong></span> <span class='ocrx_word' id='word_1_173' title='bbox 444 2512 606 2556; x_wconf 80' lang='lat' dir='ltr'><strong>natus</strong></span> <span class='ocrx_word' id='word_1_174' title='bbox 668 2512 844 2563; x_wconf 85' lang='lat' dir='ltr'><strong>esset.</strong></span> <span class='ocrx_word' id='word_1_175' title='bbox 908 2504 1181 2557; x_wconf 88' lang='lat' dir='ltr'><strong>secundus</strong></span> <span class='ocrx_word' id='word_1_176' title='bbox 1214 2518 1390 2555; x_wconf 88' lang='lat' dir='ltr'><strong>annus</strong></span> <span class='ocrx_word' id='word_1_177' title='bbox 1448 2502 1804 2569; x_wconf 80' lang='lat' dir='ltr'><strong>praeterisset,</strong></span> 
     </span>
    </p>
   </div>
   <div class='ocr_carea' id='block_1_26' title="bbox 224 2592 1807 2663">
    <p class='ocr_par' dir='ltr' id='par_1_26' title="bbox 224 2592 1807 2663">
     <span class='ocr_line' id='line_1_26' title="bbox 224 2592 1807 2663; baseline -0.003 -14"><span class='ocrx_word' id='word_1_178' title='bbox 224 2595 481 2649; x_wconf 76' lang='lat' dir='ltr'><strong>Christus</strong></span> <span class='ocrx_word' id='word_1_179' title='bbox 537 2594 825 2647; x_wconf 82' lang='lat' dir='ltr'><strong>abducitur</strong></span> <span class='ocrx_word' id='word_1_180' title='bbox 886 2592 940 2646; x_wconf 90' lang='lat' dir='ltr'>in</span> <span class='ocrx_word' id='word_1_181' title='bbox 995 2594 1321 2663; x_wconf 67' lang='lat' dir='ltr'><strong>Aigyptum.</strong></span> <span class='ocrx_word' id='word_1_182' title='bbox 1362 2593 1537 2646; x_wconf 87' lang='lat' dir='ltr'><strong>Lucas</strong></span> <span class='ocrx_word' id='word_1_183' title='bbox 1573 2608 1704 2660; x_wconf 81' lang='lat' dir='ltr'><strong>ergo</strong></span> <span class='ocrx_word' id='word_1_184' title='bbox 1744 2607 1807 2645; x_wconf 86' lang='lat' dir='ltr'>ea</span> 
     </span>
    </p>
   </div>
   <div class='ocr_carea' id='block_1_27' title="bbox 222 2683 1806 2753">
    <p class='ocr_par' dir='ltr' id='par_1_27' title="bbox 222 2683 1806 2753">
     <span class='ocr_line' id='line_1_27' title="bbox 222 2683 1806 2753; baseline -0.001 -15"><span class='ocrx_word' id='word_1_185' title='bbox 222 2701 341 2753; x_wconf 76' lang='lat' dir='ltr'><strong>qua:</strong></span> <span class='ocrx_word' id='word_1_186' title='bbox 381 2684 601 2737; x_wconf 90' lang='lat' dir='ltr'><strong>interim</strong></span> <span class='ocrx_word' id='word_1_187' title='bbox 653 2683 791 2737; x_wconf 82' lang='lat' dir='ltr'><strong>facta</strong></span> <span class='ocrx_word' id='word_1_188' title='bbox 822 2694 967 2745; x_wconf 87' lang='lat' dir='ltr'><strong>sunt.</strong></span> <span class='ocrx_word' id='word_1_189' title='bbox 1011 2695 1066 2739; x_wconf 89' lang='lat' dir='ltr'>et</span> <span class='ocrx_word' id='word_1_190' title='bbox 1119 2698 1238 2753; x_wconf 64' lang='lat' dir='ltr'><strong>quae</strong></span> <span class='ocrx_word' id='word_1_191' title='bbox 1266 2685 1617 2753; x_wconf 78' lang='lat' dir='ltr'><strong>przetermisit</strong></span> <span class='ocrx_word' id='word_1_192' title='bbox 1670 2684 1806 2738; x_wconf 77' lang='lat' dir='ltr'><strong>Mat-</strong></span> 
     </span>
    </p>
   </div>
   <div class='ocr_carea' id='block_1_28' title="bbox 221 2771 1811 2843">
    <p class='ocr_par' dir='ltr' id='par_1_28' title="bbox 221 2771 1811 2843">
     <span class='ocr_line' id='line_1_28' title="bbox 221 2771 1811 2843; baseline -0.001 -15"><span class='ocrx_word' id='word_1_193' title='bbox 221 2777 427 2841; x_wconf 71' lang='lat' dir='ltr'><strong>thaeus,</strong></span> <span class='ocrx_word' id='word_1_194' title='bbox 461 2773 939 2829; x_wconf 84' lang='lat' dir='ltr'><strong>circumcisiohem</strong></span> <span class='ocrx_word' id='word_1_195' title='bbox 974 2774 1180 2829; x_wconf 85' lang='lat' dir='ltr'><strong>scilicet</strong></span> <span class='ocrx_word' id='word_1_196' title='bbox 1228 2781 1426 2828; x_wconf 87' lang='lat' dir='ltr'><strong>tractat</strong></span> <span class='ocrx_word' id='word_1_197' title='bbox 1470 2781 1524 2828; x_wconf 91' lang='lat' dir='ltr'>et</span> <span class='ocrx_word' id='word_1_198' title='bbox 1558 2771 1811 2843; x_wconf 81' lang='lat' dir='ltr'><strong>puriﬁca-</strong></span> 
     </span>
    </p>
   </div>
   <div class='ocr_carea' id='block_1_29' title="bbox 292 2959 691 3023">
    <p class='ocr_par' dir='ltr' id='par_1_29' title="bbox 292 2959 691 3023">
     <span class='ocr_line' id='line_1_29' title="bbox 292 2959 691 3023; baseline -0.003 -10"><span class='ocrx_word' id='word_1_199' title='bbox 292 2962 335 2994; x_wconf 77' lang='grc'><strong><em>⁸⁸</em></strong></span> <span class='ocrx_word' id='word_1_200' title='bbox 369 2961 501 3015; x_wconf 89' lang='lat' dir='ltr'><strong>Luc.</strong></span> <span class='ocrx_word' id='word_1_201' title='bbox 534 2976 575 3023; x_wconf 88' lang='grc' dir='ltr'>ι,</span> <span class='ocrx_word' id='word_1_202' title='bbox 601 2959 691 3014; x_wconf 76' lang='lat' dir='ltr'><strong>5i.</strong></span> 
     </span>
    </p>
   </div>
   <div class='ocr_carea' id='block_1_30' title="bbox 216 3030 1279 3101">
    <p class='ocr_par' dir='ltr' id='par_1_30' title="bbox 216 3030 1279 3101">
     <span class='ocr_line' id='line_1_30' title="bbox 216 3030 1279 3101; baseline -0.002 -15"><span class='ocrx_word' id='word_1_203' title='bbox 216 3033 265 3064; x_wconf 78' lang='lat'>“</span> <span class='ocrx_word' id='word_1_204' title='bbox 297 3031 431 3086; x_wconf 83' lang='lat' dir='ltr'><strong>ibid.</strong></span> <span class='ocrx_word' id='word_1_205' title='bbox 478 3030 570 3086; x_wconf 71' lang='grc' dir='ltr'>σι.</span> <span class='ocrx_word' id='word_1_206' title='bbox 647 3032 693 3061; x_wconf 79' lang='grc'><strong><em>³⁵</em></strong></span> <span class='ocrx_word' id='word_1_207' title='bbox 726 3030 929 3085; x_wconf 82' lang='lat' dir='ltr'><strong>Matth.</strong></span> <span class='ocrx_word' id='word_1_208' title='bbox 970 3045 1030 3095; x_wconf 85' lang='lat' dir='ltr'>tt,</span> <span class='ocrx_word' id='word_1_209' title='bbox 1063 3030 1084 3081; x_wconf 79' lang='grc'>1</span> <span class='ocrx_word' id='word_1_210' title='bbox 1123 3045 1279 3101; x_wconf 85' lang='lat' dir='ltr'><strong>seqq.</strong></span> 
     </span>
    </p>
   </div>
   <div class='ocr_carea' id='block_1_31' title="bbox 1935 764 3501 836">
    <p class='ocr_par' dir='ltr' id='par_1_31' title="bbox 1935 764 3501 836">
     <span class='ocr_line' id='line_1_31' title="bbox 1935 764 3501 836; baseline 0.003 -21"><span class='ocrx_word' id='word_1_211' title='bbox 1935 764 2145 817; x_wconf 84' lang='lat' dir='ltr'><strong>Domini</strong></span> <span class='ocrx_word' id='word_1_212' title='bbox 2186 772 2295 816; x_wconf 81' lang='lat' dir='ltr'><strong>erat</strong></span> <span class='ocrx_word' id='word_1_213' title='bbox 2354 764 2409 815; x_wconf 88' lang='lat' dir='ltr'>in</span> <span class='ocrx_word' id='word_1_214' title='bbox 2445 764 2580 829; x_wconf 86' lang='lat' dir='ltr'><strong>ipso.</strong></span> <span class='ocrx_word' id='word_1_215' title='bbox 2626 764 2766 829; x_wconf 87' lang='lat' dir='ltr'><strong>Quin</strong></span> <span class='ocrx_word' id='word_1_216' title='bbox 2806 765 2969 819; x_wconf 88' lang='lat' dir='ltr'><strong>etiam</strong></span> <span class='ocrx_word' id='word_1_217' title='bbox 3007 768 3166 823; x_wconf 85' lang='lat' dir='ltr'><strong>venit.</strong></span> <span class='ocrx_word' id='word_1_218' title='bbox 3210 767 3406 836; x_wconf 89' lang='lat' dir='ltr'><strong>inquit,</strong></span> <span class='ocrx_word' id='word_1_219' title='bbox 3447 771 3501 821; x_wconf 88' lang='lat' dir='ltr'>in</span> 
     </span>
    </p>
   </div>
   <div class='ocr_carea' id='block_1_32' title="bbox 1929 853 3498 926">
    <p class='ocr_par' dir='ltr' id='par_1_32' title="bbox 1929 853 3498 926">
     <span class='ocr_line' id='line_1_32' title="bbox 1929 853 3498 926; baseline 0.003 -18"><span class='ocrx_word' id='word_1_220' title='bbox 1929 853 2132 923; x_wconf 88' lang='lat' dir='ltr'><strong>Spiritu</strong></span> <span class='ocrx_word' id='word_1_221' title='bbox 2165 856 2218 907; x_wconf 88' lang='lat' dir='ltr'>in</span> <span class='ocrx_word' id='word_1_222' title='bbox 2256 859 2531 920; x_wconf 86' lang='lat' dir='ltr'><strong>templum.</strong></span> <span class='ocrx_word' id='word_1_223' title='bbox 2584 864 2637 908; x_wconf 81' lang='lat' dir='ltr'>et</span> <span class='ocrx_word' id='word_1_224' title='bbox 2676 855 2724 909; x_wconf 86' lang='lat' dir='ltr'>ei</span> <span class='ocrx_word' id='word_1_225' title='bbox 2771 857 2925 909; x_wconf 87' lang='lat' dir='ltr'><strong>ulnas</strong></span> <span class='ocrx_word' id='word_1_226' title='bbox 2974 858 3206 926; x_wconf 78' lang='lat' dir='ltr'><strong>praebuit</strong></span> <span class='ocrx_word' id='word_1_227' title='bbox 3258 860 3323 911; x_wconf 89' lang='lat' dir='ltr'>ad</span> <span class='ocrx_word' id='word_1_228' title='bbox 3374 874 3498 912; x_wconf 88' lang='lat' dir='ltr'>eum</span> 
     </span>
    </p>
   </div>
   <div class='ocr_carea' id='block_1_33' title="bbox 1927 944 3499 1009">
    <p class='ocr_par' dir='ltr' id='par_1_33' title="bbox 1927 944 3499 1009">
     <span class='ocr_line' id='line_1_33' title="bbox 1927 944 3499 1009; baseline 0.003 -12"><span class='ocrx_word' id='word_1_229' title='bbox 1927 944 2328 1009; x_wconf 82' lang='lat' dir='ltr'><strong>suscipiendum</strong></span> <span class='ocrx_word' id='word_1_230' title='bbox 2363 945 2429 1004; x_wconf 82' lang='lat'><strong>&quot;,</strong></span> <span class='ocrx_word' id='word_1_231' title='bbox 2492 945 2777 1008; x_wconf 81' lang='lat' dir='ltr'><strong>Quodnam</strong></span> <span class='ocrx_word' id='word_1_232' title='bbox 2838 955 2922 999; x_wconf 90' lang='lat' dir='ltr'>est</span> <span class='ocrx_word' id='word_1_233' title='bbox 2988 956 3168 1001; x_wconf 85' lang='lat' dir='ltr'><strong>autem</strong></span> <span class='ocrx_word' id='word_1_234' title='bbox 3260 949 3499 1003; x_wconf 85' lang='lat' dir='ltr'><strong>salutare</strong></span> 
     </span>
    </p>
   </div>
   <div class='ocr_carea' id='block_1_34' title="bbox 1927 1033 3496 1105">
    <p class='ocr_par' dir='ltr' id='par_1_34' title="bbox 1927 1033 3496 1105">
     <span class='ocr_line' id='line_1_34' title="bbox 1927 1033 3496 1105; baseline 0.003 -18"><span class='ocrx_word' id='word_1_235' title='bbox 1927 1035 2072 1102; x_wconf 89' lang='lat' dir='ltr'><strong>quod</strong></span> <span class='ocrx_word' id='word_1_236' title='bbox 2117 1049 2283 1087; x_wconf 79' lang='lat' dir='ltr'><strong>senex</strong></span> <span class='ocrx_word' id='word_1_237' title='bbox 2320 1034 2436 1087; x_wconf 88' lang='lat' dir='ltr'><strong>suis</strong></span> <span class='ocrx_word' id='word_1_238' title='bbox 2473 1033 2605 1087; x_wconf 81' lang='lat' dir='ltr'><strong>vidit</strong></span> <span class='ocrx_word' id='word_1_239' title='bbox 2633 1036 2804 1089; x_wconf 90' lang='lat' dir='ltr'><strong>oculis</strong></span> <span class='ocrx_word' id='word_1_240' title='bbox 2836 1036 2858 1086; x_wconf 89' lang='lat'><strong>?</strong></span> <span class='ocrx_word' id='word_1_241' title='bbox 2890 1036 3032 1105; x_wconf 82' lang='lat' dir='ltr'><strong>Ipse.</strong></span> <span class='ocrx_word' id='word_1_242' title='bbox 3083 1037 3175 1105; x_wconf 87' lang='lat' dir='ltr'>qui</span> <span class='ocrx_word' id='word_1_243' title='bbox 3220 1037 3496 1091; x_wconf 87' lang='lat' dir='ltr'><strong>desidera-</strong></span> 
     </span>
    </p>
   </div>
   <div class='ocr_carea' id='block_1_35' title="bbox 1928 1124 3492 1199">
    <p class='ocr_par' dir='ltr' id='par_1_35' title="bbox 1928 1124 3492 1199">
     <span class='ocr_line' id='line_1_35' title="bbox 1928 1124 3492 1199; baseline 0.002 -20"><span class='ocrx_word' id='word_1_244' title='bbox 1928 1127 2105 1185; x_wconf 80' lang='lat' dir='ltr'><strong>batur.</strong></span> <span class='ocrx_word' id='word_1_245' title='bbox 2140 1125 2319 1179; x_wconf 81' lang='lat' dir='ltr'><strong>Jesus.</strong></span> <span class='ocrx_word' id='word_1_246' title='bbox 2361 1124 2473 1179; x_wconf 87' lang='lat' dir='ltr'><strong>Hoc</strong></span> <span class='ocrx_word' id='word_1_247' title='bbox 2518 1127 2659 1179; x_wconf 76' lang='lat' dir='ltr'><strong>enim</strong></span> <span class='ocrx_word' id='word_1_248' title='bbox 2708 1142 2903 1181; x_wconf 84' lang='lat' dir='ltr'><strong>nomen</strong></span> <span class='ocrx_word' id='word_1_249' title='bbox 2958 1144 3173 1197; x_wconf 89' lang='lat' dir='ltr'><strong>quoque</strong></span> <span class='ocrx_word' id='word_1_250' title='bbox 3204 1132 3492 1199; x_wconf 81' lang='lat' dir='ltr'><strong>signiﬁcat.</strong></span> 
     </span>
    </p>
   </div>
   <div class='ocr_carea' id='block_1_36' title="bbox 1927 1214 3499 1285">
    <p class='ocr_par' dir='ltr' id='par_1_36' title="bbox 1927 1214 3499 1285">
     <span class='ocr_line' id='line_1_36' title="bbox 1927 1214 3499 1285; baseline 0.002 -17"><span class='ocrx_word' id='word_1_251' title='bbox 1927 1217 2179 1269; x_wconf 79' lang='lat' dir='ltr'><strong>Paratum</strong></span> <span class='ocrx_word' id='word_1_252' title='bbox 2207 1229 2336 1268; x_wconf 81' lang='lat' dir='ltr'><strong>vero</strong></span> <span class='ocrx_word' id='word_1_253' title='bbox 2365 1214 2543 1268; x_wconf 83' lang='lat' dir='ltr'><strong>fuerat</strong></span> <span class='ocrx_word' id='word_1_254' title='bbox 2567 1215 2685 1283; x_wconf 80' lang='lat' dir='ltr'><strong>ejus</strong></span> <span class='ocrx_word' id='word_1_255' title='bbox 2717 1216 3029 1285; x_wconf 89' lang='lat' dir='ltr'><strong>mysterium</strong></span> <span class='ocrx_word' id='word_1_256' title='bbox 3061 1218 3286 1270; x_wconf 88' lang='lat' dir='ltr'><strong>omnino</strong></span> <span class='ocrx_word' id='word_1_257' title='bbox 3316 1219 3379 1271; x_wconf 88' lang='lat' dir='ltr'>ad</span> <span class='ocrx_word' id='word_1_258' title='bbox 3405 1234 3499 1271; x_wconf 84' lang='lat' dir='ltr'><strong>sa-</strong></span> 
     </span>
    </p>
   </div>
   <div class='ocr_carea' id='block_1_37' title="bbox 1926 1305 3497 1371">
    <p class='ocr_par' dir='ltr' id='par_1_37' title="bbox 1926 1305 3497 1371">
     <span class='ocr_line' id='line_1_37' title="bbox 1926 1305 3497 1371; baseline 0 -9"><span class='ocrx_word' id='word_1_259' title='bbox 1926 1309 2115 1371; x_wconf 89' lang='lat' dir='ltr'><strong>lutem,</strong></span> <span class='ocrx_word' id='word_1_260' title='bbox 2141 1323 2248 1361; x_wconf 87' lang='lat' dir='ltr'>non</span> <span class='ocrx_word' id='word_1_261' title='bbox 2272 1307 2403 1361; x_wconf 91' lang='lat' dir='ltr'><strong>solis</strong></span> <span class='ocrx_word' id='word_1_262' title='bbox 2432 1305 2653 1371; x_wconf 71' lang='lat' dir='ltr'><strong>Judteis,</strong></span> <span class='ocrx_word' id='word_1_263' title='bbox 2677 1310 2771 1361; x_wconf 87' lang='lat' dir='ltr'>sed</span> <span class='ocrx_word' id='word_1_264' title='bbox 2799 1308 3002 1361; x_wconf 90' lang='lat' dir='ltr'><strong>mundo</strong></span> <span class='ocrx_word' id='word_1_265' title='bbox 3023 1310 3186 1361; x_wconf 85' lang='lat' dir='ltr'><strong>etiam</strong></span> <span class='ocrx_word' id='word_1_266' title='bbox 3218 1310 3497 1364; x_wconf 77' lang='lat' dir='ltr'><strong>universo.</strong></span> 
     </span>
    </p>
   </div>
   <div class='ocr_carea' id='block_1_38' title="bbox 1925 1398 3498 1469">
    <p class='ocr_par' dir='ltr' id='par_1_38' title="bbox 1925 1398 3498 1469">
     <span class='ocr_line' id='line_1_38' title="bbox 1925 1398 3498 1469; baseline -0.001 -14"><span class='ocrx_word' id='word_1_267' title='bbox 1925 1401 2038 1455; x_wconf 79' lang='lat' dir='ltr'><strong>Hoc</strong></span> <span class='ocrx_word' id='word_1_268' title='bbox 2090 1400 2232 1453; x_wconf 82' lang='lat' dir='ltr'><strong>enim</strong></span> <span class='ocrx_word' id='word_1_269' title='bbox 2291 1399 2391 1453; x_wconf 88' lang='lat' dir='ltr'><strong>sibi</strong></span> <span class='ocrx_word' id='word_1_270' title='bbox 2449 1398 2560 1454; x_wconf 83' lang='lat' dir='ltr'><strong>vult</strong></span> <span class='ocrx_word' id='word_1_271' title='bbox 2615 1399 2741 1452; x_wconf 90' lang='lat' dir='ltr'><strong>illud</strong></span> <span class='ocrx_word' id='word_1_272' title='bbox 2784 1416 2797 1452; x_wconf 88' lang='lat'><strong>:</strong></span> <span class='ocrx_word' id='word_1_273' title='bbox 2844 1401 3089 1452; x_wconf 84' lang='lat' dir='ltr'><strong>Omnium</strong></span> <span class='ocrx_word' id='word_1_274' title='bbox 3136 1402 3498 1469; x_wconf 77' lang='lat' dir='ltr'><strong>populorum;</strong></span> 
     </span>
    </p>
   </div>
   <div class='ocr_carea' id='block_1_39' title="bbox 1924 1491 3496 1561">
    <p class='ocr_par' dir='ltr' id='par_1_39' title="bbox 1924 1491 3496 1561">
     <span class='ocr_line' id='line_1_39' title="bbox 1924 1491 3496 1561; baseline -0.001 -15"><span class='ocrx_word' id='word_1_275' title='bbox 1924 1494 2072 1547; x_wconf 73' lang='lat' dir='ltr'><strong>sicut</strong></span> <span class='ocrx_word' id='word_1_276' title='bbox 2101 1493 2265 1545; x_wconf 79' lang='lat' dir='ltr'><strong>etiam</strong></span> <span class='ocrx_word' id='word_1_277' title='bbox 2298 1491 2428 1544; x_wconf 88' lang='lat' dir='ltr'><strong>illud</strong></span> <span class='ocrx_word' id='word_1_278' title='bbox 2458 1509 2470 1544; x_wconf 89' lang='lat'><strong>:</strong></span> <span class='ocrx_word' id='word_1_279' title='bbox 2508 1491 2709 1545; x_wconf 84' lang='lat' dir='ltr'><strong>Lumen</strong></span> <span class='ocrx_word' id='word_1_280' title='bbox 2739 1492 2808 1543; x_wconf 87' lang='lat' dir='ltr'>ad</span> <span class='ocrx_word' id='word_1_281' title='bbox 2849 1492 3215 1545; x_wconf 72' lang='lat' dir='ltr'><strong>reuelationem</strong></span> <span class='ocrx_word' id='word_1_282' title='bbox 3243 1493 3496 1561; x_wconf 78' lang='lat' dir='ltr'><strong>gentium,</strong></span> 
     </span>
    </p>
   </div>
   <div class='ocr_carea' id='block_1_40' title="bbox 1921 1582 3495 1654">
    <p class='ocr_par' dir='ltr' id='par_1_40' title="bbox 1921 1582 3495 1654">
     <span class='ocr_line' id='line_1_40' title="bbox 1921 1582 3495 1654; baseline -0.002 -16"><span class='ocrx_word' id='word_1_283' title='bbox 1921 1597 1969 1640; x_wconf 80' lang='lat' dir='ltr'>et</span> <span class='ocrx_word' id='word_1_284' title='bbox 2016 1586 2243 1654; x_wconf 73' lang='lat' dir='ltr'><strong>gloriam</strong></span> <span class='ocrx_word' id='word_1_285' title='bbox 2294 1586 2471 1651; x_wconf 82' lang='lat' dir='ltr'><strong>populi</strong></span> <span class='ocrx_word' id='word_1_286' title='bbox 2506 1584 2584 1635; x_wconf 85' lang='lat' dir='ltr'>tui</span> <span class='ocrx_word' id='word_1_287' title='bbox 2614 1582 2805 1636; x_wconf 83' lang='lat' dir='ltr'><strong>Israel.</strong></span> <span class='ocrx_word' id='word_1_288' title='bbox 2858 1582 2992 1637; x_wconf 76' lang='lat' dir='ltr'><strong>Vide</strong></span> <span class='ocrx_word' id='word_1_289' title='bbox 3028 1599 3158 1639; x_wconf 83' lang='lat' dir='ltr'><strong>vero</strong></span> <span class='ocrx_word' id='word_1_290' title='bbox 3182 1585 3286 1653; x_wconf 88' lang='lat'>(9).</span> <span class='ocrx_word' id='word_1_291' title='bbox 3334 1601 3495 1653; x_wconf 86' lang='lat' dir='ltr'><strong>quam</strong></span> 
     </span>
    </p>
   </div>
   <div class='ocr_carea' id='block_1_41' title="bbox 1918 1673 3493 1743">
    <p class='ocr_par' dir='ltr' id='par_1_41' title="bbox 1918 1673 3493 1743">
     <span class='ocr_line' id='line_1_41' title="bbox 1918 1673 3493 1743; baseline -0.001 -14"><span class='ocrx_word' id='word_1_292' title='bbox 1918 1685 2171 1731; x_wconf 86' lang='lat' dir='ltr'><strong>accurate</strong></span> <span class='ocrx_word' id='word_1_293' title='bbox 2197 1676 2433 1743; x_wconf 81' lang='lat' dir='ltr'><strong>loquitur</strong></span> <span class='ocrx_word' id='word_1_294' title='bbox 2456 1673 2785 1743; x_wconf 78' lang='lat' dir='ltr'><strong>evangelista</strong></span> <span class='ocrx_word' id='word_1_295' title='bbox 2814 1691 2826 1725; x_wconf 89' lang='lat'><strong>:</strong></span> <span class='ocrx_word' id='word_1_296' title='bbox 2869 1673 3035 1726; x_wconf 88' lang='lat' dir='ltr'><strong>Erant</strong></span> <span class='ocrx_word' id='word_1_297' title='bbox 3064 1684 3268 1736; x_wconf 85' lang='lat' dir='ltr'><strong>autem,</strong></span> <span class='ocrx_word' id='word_1_298' title='bbox 3295 1675 3493 1741; x_wconf 84' lang='lat' dir='ltr'><strong>inquit,</strong></span> 
     </span>
    </p>
   </div>
   <div class='ocr_carea' id='block_1_42' title="bbox 1917 1766 3495 1836">
    <p class='ocr_par' dir='ltr' id='par_1_42' title="bbox 1917 1766 3495 1836">
     <span class='ocr_line' id='line_1_42' title="bbox 1917 1766 3495 1836; baseline -0.002 -16"><span class='ocrx_word' id='word_1_299' title='bbox 1917 1767 2109 1835; x_wconf 85' lang='lat' dir='ltr'><strong>Joseplt</strong></span> <span class='ocrx_word' id='word_1_300' title='bbox 2126 1776 2173 1820; x_wconf 86' lang='lat' dir='ltr'>et</span> <span class='ocrx_word' id='word_1_301' title='bbox 2202 1777 2369 1820; x_wconf 83' lang='lat' dir='ltr'><strong>muter</strong></span> <span class='ocrx_word' id='word_1_302' title='bbox 2384 1768 2497 1836; x_wconf 85' lang='lat' dir='ltr'><strong>ejus</strong></span> <span class='ocrx_word' id='word_1_303' title='bbox 2516 1768 2836 1820; x_wconf 85' lang='lat' dir='ltr'><strong>admirantes</strong></span> <span class='ocrx_word' id='word_1_304' title='bbox 2861 1776 3070 1835; x_wconf 83' lang='lat' dir='ltr'><strong>prapter</strong></span> <span class='ocrx_word' id='word_1_305' title='bbox 3093 1782 3153 1817; x_wconf 91' lang='lat' dir='ltr'>ea</span> <span class='ocrx_word' id='word_1_306' title='bbox 3169 1782 3281 1833; x_wconf 72' lang='lat' dir='ltr'>qum</span> <span class='ocrx_word' id='word_1_307' title='bbox 3301 1768 3363 1818; x_wconf 83' lang='lat' dir='ltr'>de</span> <span class='ocrx_word' id='word_1_308' title='bbox 3387 1766 3495 1833; x_wconf 87' lang='lat' dir='ltr'><strong>ipso</strong></span> 
     </span>
    </p>
   </div>
   <div class='ocr_carea' id='block_1_43' title="bbox 1918 1854 3496 1924">
    <p class='ocr_par' dir='ltr' id='par_1_43' title="bbox 1918 1854 3496 1924">
     <span class='ocr_line' id='line_1_43' title="bbox 1918 1854 3496 1924; baseline 0.002 -18"><span class='ocrx_word' id='word_1_309' title='bbox 1918 1854 2228 1907; x_wconf 83' lang='lat' dir='ltr'><strong>dicebantur</strong></span> <span class='ocrx_word' id='word_1_310' title='bbox 2254 1854 2317 1908; x_wconf 82' lang='lat'><strong>&quot;.</strong></span> <span class='ocrx_word' id='word_1_311' title='bbox 2360 1854 2586 1908; x_wconf 83' lang='lat' dir='ltr'><strong>Matrem</strong></span> <span class='ocrx_word' id='word_1_312' title='bbox 2616 1855 2832 1924; x_wconf 79' lang='lat' dir='ltr'><strong>quidem</strong></span> <span class='ocrx_word' id='word_1_313' title='bbox 2868 1855 3076 1917; x_wconf 89' lang='lat' dir='ltr'><strong>dicens,</strong></span> <span class='ocrx_word' id='word_1_314' title='bbox 3120 1864 3178 1907; x_wconf 92' lang='lat' dir='ltr'>ut</span> <span class='ocrx_word' id='word_1_315' title='bbox 3216 1870 3336 1923; x_wconf 72' lang='lat' dir='ltr'><strong>qure</strong></span> <span class='ocrx_word' id='word_1_316' title='bbox 3368 1870 3496 1909; x_wconf 73' lang='lat' dir='ltr'><strong>vere</strong></span> 
     </span>
    </p>
   </div>
   <div class='ocr_carea' id='block_1_44' title="bbox 1918 1945 3496 2013">
    <p class='ocr_par' dir='ltr' id='par_1_44' title="bbox 1918 1945 3496 2013">
     <span class='ocr_line' id='line_1_44' title="bbox 1918 1945 3496 2013; baseline -0.001 -14"><span class='ocrx_word' id='word_1_317' title='bbox 1918 1957 2086 2008; x_wconf 87' lang='lat' dir='ltr'><strong>esset,</strong></span> <span class='ocrx_word' id='word_1_318' title='bbox 2144 1953 2201 1998; x_wconf 91' lang='lat' dir='ltr'>et</span> <span class='ocrx_word' id='word_1_319' title='bbox 2230 1946 2297 1998; x_wconf 88' lang='lat' dir='ltr'>ab</span> <span class='ocrx_word' id='word_1_320' title='bbox 2331 1946 2445 2013; x_wconf 81' lang='lat' dir='ltr'><strong>ipsa</strong></span> <span class='ocrx_word' id='word_1_321' title='bbox 2480 1960 2681 2000; x_wconf 81' lang='lat' dir='ltr'><strong>vocans</strong></span> <span class='ocrx_word' id='word_1_322' title='bbox 2726 1945 3049 1998; x_wconf 86' lang='lat' dir='ltr'><strong>habitudine</strong></span> <span class='ocrx_word' id='word_1_323' title='bbox 3079 1961 3093 2008; x_wconf 90' lang='lat'><strong>;</strong></span> <span class='ocrx_word' id='word_1_324' title='bbox 3131 1945 3279 1998; x_wconf 88' lang='lat' dir='ltr'><strong>illum</strong></span> <span class='ocrx_word' id='word_1_325' title='bbox 3313 1955 3496 1998; x_wconf 90' lang='lat' dir='ltr'><strong>autem</strong></span> 
     </span>
    </p>
   </div>
   <div class='ocr_carea' id='block_1_45' title="bbox 1918 2037 3496 2108">
    <p class='ocr_par' dir='ltr' id='par_1_45' title="bbox 1918 2037 3496 2108">
     <span class='ocr_line' id='line_1_45' title="bbox 1918 2037 3496 2108; baseline 0.002 -20"><span class='ocrx_word' id='word_1_326' title='bbox 1918 2038 2065 2089; x_wconf 90' lang='lat' dir='ltr'><strong>nudo</strong></span> <span class='ocrx_word' id='word_1_327' title='bbox 2122 2038 2367 2102; x_wconf 89' lang='lat' dir='ltr'><strong>nomine,</strong></span> <span class='ocrx_word' id='word_1_328' title='bbox 2436 2048 2495 2092; x_wconf 91' lang='lat' dir='ltr'>ut</span> <span class='ocrx_word' id='word_1_329' title='bbox 2545 2038 2637 2108; x_wconf 90' lang='lat' dir='ltr'>qui</span> <span class='ocrx_word' id='word_1_330' title='bbox 2698 2038 2974 2092; x_wconf 83' lang='lat' dir='ltr'><strong>videretur</strong></span> <span class='ocrx_word' id='word_1_331' title='bbox 3038 2037 3257 2105; x_wconf 87' lang='lat' dir='ltr'><strong>quidem</strong></span> <span class='ocrx_word' id='word_1_332' title='bbox 3320 2049 3496 2106; x_wconf 87' lang='lat' dir='ltr'><strong>pater.</strong></span> 
     </span>
    </p>
   </div>
   <div class='ocr_carea' id='block_1_46' title="bbox 1918 2108 3497 2198">
    <p class='ocr_par' dir='ltr' id='par_1_46' title="bbox 1918 2108 3497 2198">
     <span class='ocr_line' id='line_1_46' title="bbox 1918 2108 3497 2198; baseline 0.001 -19"><span class='ocrx_word' id='word_1_333' title='bbox 1918 2142 2025 2180; x_wconf 92' lang='lat' dir='ltr'>non</span> <span class='ocrx_word' id='word_1_334' title='bbox 2062 2138 2206 2182; x_wconf 91' lang='lat' dir='ltr'><strong>esset</strong></span> <span class='ocrx_word' id='word_1_335' title='bbox 2238 2139 2422 2182; x_wconf 85' lang='lat' dir='ltr'><strong>autem</strong></span> <span class='ocrx_word' id='word_1_336' title='bbox 2454 2145 2660 2182; x_wconf 82' lang='lat' dir='ltr'><strong>revera.</strong></span> <span class='ocrx_word' id='word_1_337' title='bbox 2698 2131 2773 2183; x_wconf 88' lang='lat' dir='ltr'><strong>Ea</strong></span> <span class='ocrx_word' id='word_1_338' title='bbox 2815 2144 3033 2198; x_wconf 88' lang='lat' dir='ltr'><strong>quoque</strong></span> <span class='ocrx_word' id='word_1_339' title='bbox 3070 2108 3280 2181; x_wconf 82' lang='lat' dir='ltr'><strong>ratione</strong></span> <span class='ocrx_word' id='word_1_340' title='bbox 3311 2129 3497 2181; x_wconf 82' lang='lat' dir='ltr'><strong>ainbo—</strong></span> 
     </span>
    </p>
   </div>
   <div class='ocr_carea' id='block_1_47' title="bbox 1918 2219 3498 2288">
    <p class='ocr_par' dir='ltr' id='par_1_47' title="bbox 1918 2219 3498 2288">
     <span class='ocr_line' id='line_1_47' title="bbox 1918 2219 3498 2288; baseline 0.002 -16"><span class='ocrx_word' id='word_1_341' title='bbox 1918 2219 2019 2273; x_wconf 87' lang='lat' dir='ltr'>bus</span> <span class='ocrx_word' id='word_1_342' title='bbox 2065 2221 2283 2288; x_wconf 88' lang='lat' dir='ltr'><strong>quidem</strong></span> <span class='ocrx_word' id='word_1_343' title='bbox 2328 2221 2604 2274; x_wconf 68' lang='lat' dir='ltr'><strong>benedixit</strong></span> <span class='ocrx_word' id='word_1_344' title='bbox 2644 2220 2865 2274; x_wconf 89' lang='lat' dir='ltr'><strong>Simeon</strong></span> <span class='ocrx_word' id='word_1_345' title='bbox 2898 2238 2913 2284; x_wconf 86' lang='lat'><strong>;</strong></span> <span class='ocrx_word' id='word_1_346' title='bbox 2948 2222 3135 2274; x_wconf 89' lang='lat' dir='ltr'><strong>relicto</strong></span> <span class='ocrx_word' id='word_1_347' title='bbox 3172 2229 3355 2273; x_wconf 73' lang='lat' dir='ltr'><strong>autem</strong></span> <span class='ocrx_word' id='word_1_348' title='bbox 3405 2220 3498 2275; x_wconf 83' lang='lat' dir='ltr'>Jo-</span> 
     </span>
    </p>
   </div>
   <div class='ocr_carea' id='block_1_48' title="bbox 1918 2312 3496 2382">
    <p class='ocr_par' dir='ltr' id='par_1_48' title="bbox 1918 2312 3496 2382">
     <span class='ocr_line' id='line_1_48' title="bbox 1918 2312 3496 2382; baseline 0.001 -16"><span class='ocrx_word' id='word_1_349' title='bbox 1918 2312 2089 2382; x_wconf 89' lang='lat' dir='ltr'><strong>seph,</strong></span> <span class='ocrx_word' id='word_1_350' title='bbox 2144 2313 2439 2381; x_wconf 87' lang='lat' dir='ltr'><strong>alloquitur</strong></span> <span class='ocrx_word' id='word_1_351' title='bbox 2494 2312 2715 2367; x_wconf 83' lang='lat' dir='ltr'><strong>Mariam</strong></span> <span class='ocrx_word' id='word_1_352' title='bbox 2772 2314 2965 2376; x_wconf 85' lang='lat' dir='ltr'><strong>solam,</strong></span> <span class='ocrx_word' id='word_1_353' title='bbox 3020 2322 3082 2367; x_wconf 89' lang='lat' dir='ltr'>ut</span> <span class='ocrx_word' id='word_1_354' title='bbox 3124 2329 3247 2382; x_wconf 77' lang='lat' dir='ltr'><strong>quze</strong></span> <span class='ocrx_word' id='word_1_355' title='bbox 3302 2314 3496 2367; x_wconf 84' lang='lat' dir='ltr'><strong>fuisset</strong></span> 
     </span>
    </p>
   </div>
   <div class='ocr_carea' id='block_1_49' title="bbox 1916 2404 3495 2473">
    <p class='ocr_par' dir='ltr' id='par_1_49' title="bbox 1916 2404 3495 2473">
     <span class='ocr_line' id='line_1_49' title="bbox 1916 2404 3495 2473; baseline -0.003 -14"><span class='ocrx_word' id='word_1_356' title='bbox 1916 2407 2162 2459; x_wconf 90' lang='lat' dir='ltr'><strong>ministra</strong></span> <span class='ocrx_word' id='word_1_357' title='bbox 2220 2404 2387 2458; x_wconf 79' lang='lat' dir='ltr'><strong>divini</strong></span> <span class='ocrx_word' id='word_1_358' title='bbox 2440 2405 2654 2460; x_wconf 88' lang='lat' dir='ltr'><strong>consilii</strong></span> <span class='ocrx_word' id='word_1_359' title='bbox 2704 2422 2718 2457; x_wconf 89' lang='lat'><strong>:</strong></span> <span class='ocrx_word' id='word_1_360' title='bbox 2772 2404 2904 2458; x_wconf 82' lang='lat' dir='ltr'><strong>Ecce</strong></span> <span class='ocrx_word' id='word_1_361' title='bbox 2950 2407 3121 2466; x_wconf 89' lang='lat' dir='ltr'><strong>enim,</strong></span> <span class='ocrx_word' id='word_1_362' title='bbox 3173 2405 3370 2473; x_wconf 88' lang='lat' dir='ltr'><strong>inquit,</strong></span> <span class='ocrx_word' id='word_1_363' title='bbox 3412 2404 3495 2456; x_wconf 82' lang='lat' dir='ltr'><strong>hic</strong></span> 
     </span>
    </p>
   </div>
   <div class='ocr_carea' id='block_1_50' title="bbox 1914 2498 3492 2565">
    <p class='ocr_par' dir='ltr' id='par_1_50' title="bbox 1914 2498 3492 2565">
     <span class='ocr_line' id='line_1_50' title="bbox 1914 2498 3492 2565; baseline -0.001 -15"><span class='ocrx_word' id='word_1_364' title='bbox 1914 2500 2109 2565; x_wconf 85' lang='lat' dir='ltr'><strong>positus</strong></span> <span class='ocrx_word' id='word_1_365' title='bbox 2152 2506 2229 2549; x_wconf 86' lang='lat' dir='ltr'>est</span> <span class='ocrx_word' id='word_1_366' title='bbox 2262 2498 2314 2549; x_wconf 86' lang='lat' dir='ltr'>in</span> <span class='ocrx_word' id='word_1_367' title='bbox 2350 2498 2559 2549; x_wconf 88' lang='lat' dir='ltr'><strong>ruinam</strong></span> <span class='ocrx_word' id='word_1_368' title='bbox 2604 2509 2652 2550; x_wconf 86' lang='lat' dir='ltr'>et</span> <span class='ocrx_word' id='word_1_369' title='bbox 2706 2499 3139 2551; x_wconf 88' lang='lat' dir='ltr'><strong>resurrectionem</strong></span> <span class='ocrx_word' id='word_1_370' title='bbox 3186 2498 3492 2559; x_wconf 80' lang='lat' dir='ltr'><strong>multorum,</strong></span> 
     </span>
    </p>
   </div>
   <div class='ocr_carea' id='block_1_51' title="bbox 1915 2587 3490 2661">
    <p class='ocr_par' dir='ltr' id='par_1_51' title="bbox 1915 2587 3490 2661">
     <span class='ocr_line' id='line_1_51' title="bbox 1915 2587 3490 2661; baseline -0.001 -19"><span class='ocrx_word' id='word_1_371' title='bbox 1915 2598 1963 2642; x_wconf 89' lang='lat' dir='ltr'>et</span> <span class='ocrx_word' id='word_1_372' title='bbox 1990 2591 2046 2640; x_wconf 91' lang='lat' dir='ltr'>in</span> <span class='ocrx_word' id='word_1_373' title='bbox 2071 2590 2298 2661; x_wconf 83' lang='lat' dir='ltr'><strong>signum,</strong></span> <span class='ocrx_word' id='word_1_374' title='bbox 2330 2589 2413 2641; x_wconf 88' lang='lat' dir='ltr'>cui</span> <span class='ocrx_word' id='word_1_375' title='bbox 2447 2590 2841 2643; x_wconf 73' lang='lat' dir='ltr'><strong>contrudtcetur</strong></span> <span class='ocrx_word' id='word_1_376' title='bbox 2873 2589 2941 2645; x_wconf 79' lang='lat'><strong>“.</strong></span> <span class='ocrx_word' id='word_1_377' title='bbox 2990 2587 3275 2653; x_wconf 87' lang='lat' dir='ltr'><strong>Quomodo</strong></span> <span class='ocrx_word' id='word_1_378' title='bbox 3307 2598 3490 2641; x_wconf 83' lang='lat' dir='ltr'><strong>autent</strong></span> 
     </span>
    </p>
   </div>
   <div class='ocr_carea' id='block_1_52' title="bbox 1915 2679 3492 2750">
    <p class='ocr_par' dir='ltr' id='par_1_52' title="bbox 1915 2679 3492 2750">
     <span class='ocr_line' id='line_1_52' title="bbox 1915 2679 3492 2750; baseline 0.001 -19"><span class='ocrx_word' id='word_1_379' title='bbox 1915 2681 2052 2748; x_wconf 82' lang='lat' dir='ltr'><strong>(t0)</strong></span> <span class='ocrx_word' id='word_1_380' title='bbox 2100 2695 2130 2732; x_wconf 84' lang='lat' dir='ltr'>a</span> <span class='ocrx_word' id='word_1_381' title='bbox 2178 2687 2255 2742; x_wconf 87' lang='lat' dir='ltr'>te,</span> <span class='ocrx_word' id='word_1_382' title='bbox 2299 2681 2544 2734; x_wconf 88' lang='lat' dir='ltr'><strong>studiose</strong></span> <span class='ocrx_word' id='word_1_383' title='bbox 2596 2681 2834 2742; x_wconf 88' lang='lat' dir='ltr'><strong>auditor,</strong></span> <span class='ocrx_word' id='word_1_384' title='bbox 2887 2683 3155 2750; x_wconf 85' lang='lat' dir='ltr'><strong>accipitur</strong></span> <span class='ocrx_word' id='word_1_385' title='bbox 3203 2680 3331 2734; x_wconf 91' lang='lat' dir='ltr'><strong>illud</strong></span> <span class='ocrx_word' id='word_1_386' title='bbox 3371 2699 3384 2733; x_wconf 89' lang='lat'><strong>:</strong></span> <span class='ocrx_word' id='word_1_387' title='bbox 3424 2679 3492 2733; x_wconf 79' lang='lat' dir='ltr'><strong>Et</strong></span> 
     </span>
    </p>
   </div>
   <div class='ocr_carea' id='block_1_53' title="bbox 1916 2769 3492 2841">
    <p class='ocr_par' dir='ltr' id='par_1_53' title="bbox 1916 2769 3492 2841">
     <span class='ocr_line' id='line_1_53' title="bbox 1916 2769 3492 2841; baseline 0.001 -20"><span class='ocrx_word' id='word_1_388' title='bbox 1916 2779 2061 2821; x_wconf 88' lang='lat' dir='ltr'><strong>tuam</strong></span> <span class='ocrx_word' id='word_1_389' title='bbox 2105 2769 2268 2836; x_wconf 85' lang='lat' dir='ltr'><strong>ipsius</strong></span> <span class='ocrx_word' id='word_1_390' title='bbox 2302 2769 2538 2822; x_wconf 86' lang='lat' dir='ltr'><strong>animam</strong></span> <span class='ocrx_word' id='word_1_391' title='bbox 2575 2770 2914 2839; x_wconf 86' lang='lat' dir='ltr'><strong>pertransibit</strong></span> <span class='ocrx_word' id='word_1_392' title='bbox 2959 2771 3168 2841; x_wconf 80' lang='lat' dir='ltr'><strong>gladius</strong></span> <span class='ocrx_word' id='word_1_393' title='bbox 3193 2771 3283 2823; x_wconf 85' lang='lat'>&quot;?</span> <span class='ocrx_word' id='word_1_394' title='bbox 3320 2770 3492 2835; x_wconf 87' lang='lat' dir='ltr'><strong>Quid-</strong></span> 
     </span>
    </p>
   </div>
   <div class='ocr_carea' id='block_1_54' title="bbox 772 2957 3486 3027">
    <p class='ocr_par' dir='ltr' id='par_1_54' title="bbox 772 2957 3486 3027">
     <span class='ocr_line' id='line_1_54' title="bbox 772 2957 3486 3027; baseline 0.004 -18"><span class='ocrx_word' id='word_1_395' title='bbox 772 2959 813 2991; x_wconf 80' lang='lat'>&quot;</span> <span class='ocrx_word' id='word_1_396' title='bbox 846 2957 1036 3012; x_wconf 83' lang='lat' dir='ltr'><strong>Matth.</strong></span> <span class='ocrx_word' id='word_1_397' title='bbox 1075 2975 1111 3025; x_wconf 88' lang='lat' dir='ltr'>t,</span> <span class='ocrx_word' id='word_1_398' title='bbox 1141 2958 1231 3012; x_wconf 75' lang='lat' dir='ltr'>2L</span> <span class='ocrx_word' id='word_1_399' title='bbox 1306 2959 1353 2991; x_wconf 82' lang='lat'>&#39;°</span> <span class='ocrx_word' id='word_1_400' title='bbox 1381 2958 1515 3014; x_wconf 87' lang='lat' dir='ltr'><strong>Luc.</strong></span> <span class='ocrx_word' id='word_1_401' title='bbox 1542 2974 1601 3023; x_wconf 88' lang='grc' dir='ltr'>ιι,</span> <span class='ocrx_word' id='word_1_402' title='bbox 1627 2959 1825 3013; x_wconf 61' lang='grc' dir='ltr'>εμιι.</span> <span class='ocrx_word' id='word_1_403' title='bbox 1884 2961 1925 2992; x_wconf 76' lang='grc'>’³</span> <span class='ocrx_word' id='word_1_404' title='bbox 1960 2960 2151 3015; x_wconf 80' lang='lat' dir='ltr'><strong>Matth.</strong></span> <span class='ocrx_word' id='word_1_405' title='bbox 2177 2976 2238 3024; x_wconf 85' lang='grc' dir='ltr'>ιι,</span> <span class='ocrx_word' id='word_1_406' title='bbox 2268 2962 2356 3027; x_wconf 75' lang='grc'>15,</span> <span class='ocrx_word' id='word_1_407' title='bbox 2387 2963 2477 3019; x_wconf 68' lang='lat' dir='ltr'>ii.</span> <span class='ocrx_word' id='word_1_408' title='bbox 2531 2965 2576 2995; x_wconf 81' lang='lat'><strong>&quot;</strong></span> <span class='ocrx_word' id='word_1_409' title='bbox 2610 2963 2743 3019; x_wconf 87' lang='lat' dir='ltr'><strong>Luc.</strong></span> <span class='ocrx_word' id='word_1_410' title='bbox 2778 2978 2840 3027; x_wconf 86' lang='grc' dir='ltr'>ιι,</span> <span class='ocrx_word' id='word_1_411' title='bbox 2872 2964 2942 3019; x_wconf 74' lang='grc'><strong>25</strong></span> <span class='ocrx_word' id='word_1_412' title='bbox 2974 2964 3063 3020; x_wconf 72' lang='lat'>27.</span> <span class='ocrx_word' id='word_1_413' title='bbox 3146 2964 3195 2997; x_wconf 83' lang='lat'>&quot;</span> <span class='ocrx_word' id='word_1_414' title='bbox 3234 2964 3367 3021; x_wconf 89' lang='lat' dir='ltr'><strong>ibid.</strong></span> <span class='ocrx_word' id='word_1_415' title='bbox 3398 2965 3486 3021; x_wconf 74' lang='lat'>53.</span> 
     </span>
    </p>
   </div>
   <div class='ocr_carea' id='block_1_55' title="bbox 215 3227 3478 3309">
    <p class='ocr_par' dir='ltr' id='par_1_55' title="bbox 215 3227 3478 3309">
     <span class='ocr_line' id='line_1_55' title="bbox 215 3227 3478 3309; baseline 0.001 -20"><span class='ocrx_word' id='word_1_416' title='bbox 215 3234 673 3304; x_wconf 76' lang='grc' dir='ltr'>συντεθειμένων,</span> <span class='ocrx_word' id='word_1_417' title='bbox 718 3233 932 3304; x_wconf 76' lang='grc' dir='ltr'>οὐρανῷ</span> <span class='ocrx_word' id='word_1_418' title='bbox 985 3235 1079 3285; x_wconf 76' lang='grc' dir='ltr'>καὶ</span> <span class='ocrx_word' id='word_1_419' title='bbox 1126 3236 1195 3303; x_wconf 74' lang='grc' dir='ltr'>γῇ</span> <span class='ocrx_word' id='word_1_420' title='bbox 1244 3233 1615 3304; x_wconf 75' lang='grc' dir='ltr'>χωρούμενον,</span> <span class='ocrx_word' id='word_1_421' title='bbox 1662 3233 1801 3288; x_wconf 78' lang='grc' dir='ltr'>ἀλλὰ</span> <span class='ocrx_word' id='word_1_422' title='bbox 1831 3236 1876 3297; x_wconf 84' lang='lat' dir='ltr'><strong><em>C</em></strong></span> <span class='ocrx_word' id='word_1_423' title='bbox 1908 3227 2010 3287; x_wconf 72' lang='grc' dir='ltr'>εἷθ’</span> <span class='ocrx_word' id='word_1_424' title='bbox 2058 3234 2230 3297; x_wconf 72' lang='grc' dir='ltr'>οὕτως</span> <span class='ocrx_word' id='word_1_425' title='bbox 2281 3235 2490 3290; x_wconf 77' lang='grc' dir='ltr'>ἐκεῖθεν</span> <span class='ocrx_word' id='word_1_426' title='bbox 2541 3237 2875 3301; x_wconf 75' lang='grc' dir='ltr'>ἀνελθόντες,</span> <span class='ocrx_word' id='word_1_427' title='bbox 2920 3239 3001 3303; x_wconf 83' lang='grc' dir='ltr'>είς</span> <span class='ocrx_word' id='word_1_428' title='bbox 3043 3236 3297 3309; x_wconf 82' lang='grc' dir='ltr'>Ναζαρὲτ</span> <span class='ocrx_word' id='word_1_429' title='bbox 3332 3238 3478 3292; x_wconf 71' lang='grc' dir='ltr'>αὖθις</span> 
     </span>
    </p>
   </div>
   <div class='ocr_carea' id='block_1_56' title="bbox 214 3325 1083 3400">
    <p class='ocr_par' dir='ltr' id='par_1_56' title="bbox 214 3325 1083 3400">
     <span class='ocr_line' id='line_1_56' title="bbox 214 3325 1083 3400; baseline -0.002 -19"><span class='ocrx_word' id='word_1_430' title='bbox 214 3328 354 3400; x_wconf 78' lang='grc' dir='ltr'>μηδὲ</span> <span class='ocrx_word' id='word_1_431' title='bbox 393 3326 564 3391; x_wconf 80' lang='grc' dir='ltr'>ἀξίως</span> <span class='ocrx_word' id='word_1_432' title='bbox 595 3325 1083 3395; x_wconf 87' lang='grc' dir='ltr'>ύμνολογούμενον.</span> 
     </span>
    </p>
   </div>
   <div class='ocr_carea' id='block_1_57' title="bbox 282 3413 1802 3488">
    <p class='ocr_par' dir='ltr' id='par_1_57' title="bbox 282 3413 1802 3488">
     <span class='ocr_line' id='line_1_57' title="bbox 282 3413 1802 3488; baseline 0.001 -18"><span class='ocrx_word' id='word_1_433' title='bbox 282 3419 360 3488; x_wconf 81' lang='lat'>(8)</span> <span class='ocrx_word' id='word_1_434' title='bbox 394 3417 510 3473; x_wconf 86' lang='grc' dir='ltr'>Τοῦ</span> <span class='ocrx_word' id='word_1_435' title='bbox 533 3414 985 3486; x_wconf 72' lang='grc' dir='ltr'>Μεταφραστοῦ.</span> <span class='ocrx_word' id='word_1_436' title='bbox 1006 3413 1293 3480; x_wconf 81' lang='grc' dir='ltr'>Ἐνταῦθα,</span> <span class='ocrx_word' id='word_1_437' title='bbox 1325 3415 1427 3470; x_wconf 84' lang='grc' dir='ltr'>οὐκ</span> <span class='ocrx_word' id='word_1_438' title='bbox 1447 3415 1633 3486; x_wconf 72' lang='grc' dir='ltr'>ἄχαρι,</span> <span class='ocrx_word' id='word_1_439' title='bbox 1664 3416 1802 3471; x_wconf 86' lang='grc' dir='ltr'>ἀλλά</span> 
     </span>
    </p>
   </div>
   <div class='ocr_carea' id='block_1_58' title="bbox 207 3512 1802 3583">
    <p class='ocr_par' dir='ltr' id='par_1_58' title="bbox 207 3512 1802 3583">
     <span class='ocr_line' id='line_1_58' title="bbox 207 3512 1802 3583; baseline -0.003 -12"><span class='ocrx_word' id='word_1_440' title='bbox 207 3516 304 3571; x_wconf 67' lang='grc' dir='ltr'>καὶ</span> <span class='ocrx_word' id='word_1_441' title='bbox 327 3517 631 3583; x_wconf 85' lang='grc' dir='ltr'>ἀναγκαῖον</span> <span class='ocrx_word' id='word_1_442' title='bbox 653 3514 715 3567; x_wconf 79' lang='grc' dir='ltr'>τὸ</span> <span class='ocrx_word' id='word_1_443' title='bbox 737 3513 927 3568; x_wconf 79' lang='grc' dir='ltr'>δοκοῦν</span> <span class='ocrx_word' id='word_1_444' title='bbox 945 3512 1424 3577; x_wconf 82' lang='grc' dir='ltr'>ὲναντιολογεῖσθαι</span> <span class='ocrx_word' id='word_1_445' title='bbox 1440 3516 1550 3576; x_wconf 90' lang='grc' dir='ltr'>τοῖς</span> <span class='ocrx_word' id='word_1_446' title='bbox 1568 3514 1802 3583; x_wconf 81' lang='grc' dir='ltr'>εὐαγγε-</span> 
     </span>
    </p>
   </div>
   <div class='ocr_carea' id='block_1_59' title="bbox 206 3603 1800 3675">
    <p class='ocr_par' dir='ltr' id='par_1_59' title="bbox 206 3603 1800 3675">
     <span class='ocr_line' id='line_1_59' title="bbox 206 3603 1800 3675; baseline -0.001 -16"><span class='ocrx_word' id='word_1_447' title='bbox 206 3608 444 3668; x_wconf 84' lang='grc' dir='ltr'>λισταῖς,</span> <span class='ocrx_word' id='word_1_448' title='bbox 474 3606 747 3657; x_wconf 74' lang='grc' dir='ltr'>έπιλῦσαι.</span> <span class='ocrx_word' id='word_1_449' title='bbox 776 3606 898 3667; x_wconf 87' lang='grc' dir='ltr'>Πῶς</span> <span class='ocrx_word' id='word_1_450' title='bbox 921 3607 1030 3675; x_wconf 87' lang='grc' dir='ltr'>γάρ</span> <span class='ocrx_word' id='word_1_451' title='bbox 1055 3622 1187 3673; x_wconf 88' lang='grc' dir='ltr'>φησι</span> <span class='ocrx_word' id='word_1_452' title='bbox 1209 3603 1486 3668; x_wconf 83' lang='grc' dir='ltr'>Ματθαῖος</span> <span class='ocrx_word' id='word_1_453' title='bbox 1507 3605 1624 3675; x_wconf 82' lang='grc' dir='ltr'>μὲν,</span> <span class='ocrx_word' id='word_1_454' title='bbox 1644 3606 1800 3658; x_wconf 83' lang='grc' dir='ltr'>Μετά</span> 
     </span>
    </p>
   </div>
   <div class='ocr_carea' id='block_1_60' title="bbox 204 3686 1802 3767">
    <p class='ocr_par' dir='ltr' id='par_1_60' title="bbox 204 3686 1802 3767">
     <span class='ocr_line' id='line_1_60' title="bbox 204 3686 1802 3767; baseline -0.003 -16"><span class='ocrx_word' id='word_1_455' title='bbox 204 3699 305 3767; x_wconf 79' lang='grc' dir='ltr'>τὴν</span> <span class='ocrx_word' id='word_1_456' title='bbox 338 3697 595 3765; x_wconf 79' lang='grc' dir='ltr'>γέννησιν</span> <span class='ocrx_word' id='word_1_457' title='bbox 622 3696 701 3757; x_wconf 81' lang='grc' dir='ltr'>είς</span> <span class='ocrx_word' id='word_1_458' title='bbox 730 3695 1002 3759; x_wconf 78' lang='grc' dir='ltr'>Αἴγυπτον</span> <span class='ocrx_word' id='word_1_459' title='bbox 1025 3694 1229 3758; x_wconf 82' lang='grc' dir='ltr'>ἀπάγει</span> <span class='ocrx_word' id='word_1_460' title='bbox 1256 3694 1348 3745; x_wconf 82' lang='grc' dir='ltr'>τὸν</span> <span class='ocrx_word' id='word_1_461' title='bbox 1389 3694 1615 3762; x_wconf 79' lang='grc' dir='ltr'>Ἰησοῦν·</span> <span class='ocrx_word' id='word_1_462' title='bbox 1642 3686 1802 3759; x_wconf 73' lang='grc' dir='ltr'>οὗτος</span> 
     </span>
    </p>
   </div>
   <div class='ocr_carea' id='block_1_61' title="bbox 200 3784 1797 3857">
    <p class='ocr_par' dir='ltr' id='par_1_61' title="bbox 200 3784 1797 3857">
     <span class='ocr_line' id='line_1_61' title="bbox 200 3784 1797 3857; baseline -0.003 -13"><span class='ocrx_word' id='word_1_463' title='bbox 200 3792 280 3852; x_wconf 83' lang='grc' dir='ltr'>δὲ.</span> <span class='ocrx_word' id='word_1_464' title='bbox 308 3792 337 3843; x_wconf 83' lang='grc' dir='ltr'>ὀ</span> <span class='ocrx_word' id='word_1_465' title='bbox 374 3789 520 3851; x_wconf 87' lang='grc' dir='ltr'>θεῖος</span> <span class='ocrx_word' id='word_1_466' title='bbox 550 3786 793 3857; x_wconf 81' lang='grc' dir='ltr'>δηλονότι</span> <span class='ocrx_word' id='word_1_467' title='bbox 825 3786 1056 3849; x_wconf 75' lang='grc' dir='ltr'>Λουκᾶς,</span> <span class='ocrx_word' id='word_1_468' title='bbox 1095 3784 1249 3838; x_wconf 83' lang='grc' dir='ltr'>Μετά</span> <span class='ocrx_word' id='word_1_469' title='bbox 1276 3785 1685 3853; x_wconf 87' lang='grc' dir='ltr'>τεσσαράκοντα</span> <span class='ocrx_word' id='word_1_470' title='bbox 1718 3788 1797 3839; x_wconf 88' lang='grc' dir='ltr'>δι-</span> 
     </span>
    </p>
   </div>
   <div class='ocr_carea' id='block_1_62' title="bbox 199 3877 1798 3951">
    <p class='ocr_par' dir='ltr' id='par_1_62' title="bbox 199 3877 1798 3951">
     <span class='ocr_line' id='line_1_62' title="bbox 199 3877 1798 3951; baseline -0.01 -15"><span class='ocrx_word' id='word_1_471' title='bbox 199 3884 421 3936; x_wconf 72' lang='grc' dir='ltr'>έλευσιν</span> <span class='ocrx_word' id='word_1_472' title='bbox 457 3879 708 3951; x_wconf 70' lang='grc' dir='ltr'>ἡμερῶν,</span> <span class='ocrx_word' id='word_1_473' title='bbox 749 3882 830 3942; x_wconf 83' lang='grc' dir='ltr'>είς</span> <span class='ocrx_word' id='word_1_474' title='bbox 866 3877 1248 3949; x_wconf 76' lang='grc' dir='ltr'>Ἱεροσόλυμας</span> <span class='ocrx_word' id='word_1_475' title='bbox 1286 3877 1435 3931; x_wconf 78' lang='grc' dir='ltr'>οὐδὲν</span> <span class='ocrx_word' id='word_1_476' title='bbox 1468 3878 1671 3949; x_wconf 78' lang='grc' dir='ltr'>ἀπᾷδον</span> <span class='ocrx_word' id='word_1_477' title='bbox 1710 3878 1798 3931; x_wconf 81' lang='grc' dir='ltr'>λέ..</span> 
     </span>
    </p>
   </div>
   <div class='ocr_carea' id='block_1_63' title="bbox 197 3968 1799 4043">
    <p class='ocr_par' dir='ltr' id='par_1_63' title="bbox 197 3968 1799 4043">
     <span class='ocr_line' id='line_1_63' title="bbox 197 3968 1799 4043; baseline -0.002 -15"><span class='ocrx_word' id='word_1_478' title='bbox 197 3991 393 4043; x_wconf 84' lang='grc' dir='ltr'>γοντες</span> <span class='ocrx_word' id='word_1_479' title='bbox 424 3972 701 4038; x_wconf 79' lang='grc' dir='ltr'>ἀλλήλοις,</span> <span class='ocrx_word' id='word_1_480' title='bbox 727 3968 853 4022; x_wconf 73' lang='grc' dir='ltr'>οὔτε</span> <span class='ocrx_word' id='word_1_481' title='bbox 876 3970 983 4039; x_wconf 84' lang='grc' dir='ltr'>μὴν</span> <span class='ocrx_word' id='word_1_482' title='bbox 1010 3972 1075 4040; x_wconf 80' lang='grc' dir='ltr'>τῇ</span> <span class='ocrx_word' id='word_1_483' title='bbox 1096 3968 1391 4039; x_wconf 75' lang='grc' dir='ltr'>ἀκολουθίᾳ</span> <span class='ocrx_word' id='word_1_484' title='bbox 1419 3968 1513 4021; x_wconf 88' lang='grc' dir='ltr'>τοῦ</span> <span class='ocrx_word' id='word_1_485' title='bbox 1536 3969 1799 4039; x_wconf 81' lang='grc' dir='ltr'>πράγμα-</span> 
     </span>
    </p>
   </div>
   <div class='ocr_carea' id='block_1_64' title="bbox 193 4058 1798 4131">
    <p class='ocr_par' dir='ltr' id='par_1_64' title="bbox 193 4058 1798 4131">
     <span class='ocr_line' id='line_1_64' title="bbox 193 4058 1798 4131; baseline -0.004 -15"><span class='ocrx_word' id='word_1_486' title='bbox 193 4082 285 4126; x_wconf 82' lang='grc' dir='ltr'>τος</span> <span class='ocrx_word' id='word_1_487' title='bbox 318 4060 788 4131; x_wconf 69' lang='grc' dir='ltr'>προσιστάμενον.</span> <span class='ocrx_word' id='word_1_488' title='bbox 813 4058 1075 4126; x_wconf 78' lang='grc' dir='ltr'>Δεύτερον</span> <span class='ocrx_word' id='word_1_489' title='bbox 1108 4060 1218 4124; x_wconf 78' lang='grc' dir='ltr'>γὰρ</span> <span class='ocrx_word' id='word_1_490' title='bbox 1248 4059 1367 4119; x_wconf 75' lang='grc' dir='ltr'>ἔτος</span> <span class='ocrx_word' id='word_1_491' title='bbox 1396 4058 1496 4127; x_wconf 74' lang='grc' dir='ltr'>ήδη</span> <span class='ocrx_word' id='word_1_492' title='bbox 1533 4060 1671 4126; x_wconf 82' lang='grc' dir='ltr'>μετὰ</span> <span class='ocrx_word' id='word_1_493' title='bbox 1694 4061 1798 4127; x_wconf 80' lang='grc' dir='ltr'>τὴν</span> 
     </span>
    </p>
   </div>
   <div class='ocr_carea' id='block_1_65' title="bbox 193 4147 1792 4224">
    <p class='ocr_par' dir='ltr' id='par_1_65' title="bbox 193 4147 1792 4224">
     <span class='ocr_line' id='line_1_65' title="bbox 193 4147 1792 4224; baseline 0 -21"><span class='ocrx_word' id='word_1_494' title='bbox 193 4158 466 4224; x_wconf 80' lang='grc' dir='ltr'>γέννησιν</span> <span class='ocrx_word' id='word_1_495' title='bbox 496 4148 763 4218; x_wconf 76' lang='grc' dir='ltr'>παρελθὸν</span> <span class='ocrx_word' id='word_1_496' title='bbox 787 4150 865 4210; x_wconf 86' lang='grc' dir='ltr'>είς</span> <span class='ocrx_word' id='word_1_497' title='bbox 887 4147 1161 4216; x_wconf 72' lang='grc' dir='ltr'>Αἴγυπτον</span> <span class='ocrx_word' id='word_1_498' title='bbox 1188 4148 1215 4199; x_wconf 84' lang='grc' dir='ltr'>ὁ</span> <span class='ocrx_word' id='word_1_499' title='bbox 1246 4148 1479 4219; x_wconf 78' lang='grc' dir='ltr'>Χριστὸς</span> <span class='ocrx_word' id='word_1_500' title='bbox 1499 4150 1792 4218; x_wconf 74' lang='grc' dir='ltr'>ἀπάγεται,</span> 
     </span>
    </p>
   </div>
   <div class='ocr_carea' id='block_1_66' title="bbox 192 4238 1795 4311">
    <p class='ocr_par' dir='ltr' id='par_1_66' title="bbox 192 4238 1795 4311">
     <span class='ocr_line' id='line_1_66' title="bbox 192 4238 1795 4311; baseline -0.004 -10"><span class='ocrx_word' id='word_1_501' title='bbox 192 4245 421 4308; x_wconf 79' lang='grc' dir='ltr'>Λουκᾶς</span> <span class='ocrx_word' id='word_1_502' title='bbox 453 4243 511 4295; x_wconf 69' lang='grc' dir='ltr'>δὲ</span> <span class='ocrx_word' id='word_1_503' title='bbox 542 4240 612 4293; x_wconf 81' lang='grc' dir='ltr'>τὰ</span> <span class='ocrx_word' id='word_1_504' title='bbox 645 4240 797 4302; x_wconf 76' lang='grc' dir='ltr'>ὲντὺς</span> <span class='ocrx_word' id='word_1_505' title='bbox 826 4238 1016 4291; x_wconf 89' lang='grc' dir='ltr'>τούτου</span> <span class='ocrx_word' id='word_1_506' title='bbox 1055 4240 1347 4308; x_wconf 86' lang='grc' dir='ltr'>γενόμενα,</span> <span class='ocrx_word' id='word_1_507' title='bbox 1392 4242 1485 4293; x_wconf 80' lang='grc' dir='ltr'>καὶ</span> <span class='ocrx_word' id='word_1_508' title='bbox 1513 4239 1549 4293; x_wconf 80' lang='grc' dir='ltr'>ἃ.</span> <span class='ocrx_word' id='word_1_509' title='bbox 1579 4241 1795 4311; x_wconf 83' lang='grc' dir='ltr'>παρῆκε</span> 
     </span>
    </p>
   </div>
   <div class='ocr_carea' id='block_1_67' title="bbox 193 4330 1793 4403">
    <p class='ocr_par' dir='ltr' id='par_1_67' title="bbox 193 4330 1793 4403">
     <span class='ocr_line' id='line_1_67' title="bbox 193 4330 1793 4403; baseline -0.008 -7"><span class='ocrx_word' id='word_1_510' title='bbox 193 4332 513 4400; x_wconf 66' lang='grc' dir='ltr'>λιατθαῖος,</span> <span class='ocrx_word' id='word_1_511' title='bbox 541 4335 609 4387; x_wconf 77' lang='grc' dir='ltr'>τὰ</span> <span class='ocrx_word' id='word_1_512' title='bbox 638 4335 737 4395; x_wconf 85' lang='grc' dir='ltr'>τῆς</span> <span class='ocrx_word' id='word_1_513' title='bbox 765 4330 1067 4403; x_wconf 74' lang='grc' dir='ltr'>περιτομῆς</span> <span class='ocrx_word' id='word_1_514' title='bbox 1095 4331 1361 4400; x_wconf 85' lang='grc' dir='ltr'>λαμϐάνει</span> <span class='ocrx_word' id='word_1_515' title='bbox 1383 4332 1478 4383; x_wconf 71' lang='grc' dir='ltr'>κα)⁵</span> <span class='ocrx_word' id='word_1_516' title='bbox 1506 4332 1599 4383; x_wconf 88' lang='grc' dir='ltr'>τοῦ</span> <span class='ocrx_word' id='word_1_517' title='bbox 1626 4331 1793 4384; x_wconf 73' lang='grc' dir='ltr'>καθαο</span> 
     </span>
    </p>
   </div>
   <div class='ocr_carea' id='block_1_68' title="bbox 198 4423 1792 4505">
    <p class='ocr_par' dir='ltr' id='par_1_68' title="bbox 198 4423 1792 4505">
     <span class='ocr_line' id='line_1_68' title="bbox 198 4423 1792 4505; baseline -0.008 -18"><span class='ocrx_word' id='word_1_518' title='bbox 198 4432 431 4505; x_wconf 77' lang='grc' dir='ltr'>ρισμοῦ.</span> <span class='ocrx_word' id='word_1_519' title='bbox 466 4430 620 4481; x_wconf 83' lang='grc' dir='ltr'>Ἑπεὶ</span> <span class='ocrx_word' id='word_1_520' title='bbox 656 4428 750 4478; x_wconf 73' lang='grc' dir='ltr'>καὶ</span> <span class='ocrx_word' id='word_1_521' title='bbox 779 4424 935 4477; x_wconf 88' lang='grc' dir='ltr'>τοῦτο</span> <span class='ocrx_word' id='word_1_522' title='bbox 950 4427 1062 4488; x_wconf 89' lang='grc' dir='ltr'>τοῖς</span> <span class='ocrx_word' id='word_1_523' title='bbox 1094 4423 1510 4492; x_wconf 73' lang='grc' dir='ltr'>εύαγγελισταῖς</span> <span class='ocrx_word' id='word_1_524' title='bbox 1544 4423 1792 4491; x_wconf 89' lang='grc' dir='ltr'>σύνηθες,</span> 
     </span>
    </p>
   </div>
   <div class='ocr_carea' id='block_1_69' title="bbox 195 4514 1788 4594">
    <p class='ocr_par' dir='ltr' id='par_1_69' title="bbox 195 4514 1788 4594">
     <span class='ocr_line' id='line_1_69' title="bbox 195 4514 1788 4594; baseline -0.02 4"><span class='ocrx_word' id='word_1_525' title='bbox 195 4530 288 4581; x_wconf 72' lang='grc' dir='ltr'>ἵνα</span> <span class='ocrx_word' id='word_1_526' title='bbox 325 4522 523 4594; x_wconf 65' lang='grc' dir='ltr'>μηδεὶς</span> <span class='ocrx_word' id='word_1_527' title='bbox 610 4515 888 4585; x_wconf 71' lang='grc' dir='ltr'>περιττὸς.</span> <span class='ocrx_word' id='word_1_528' title='bbox 917 4515 993 4576; x_wconf 76' lang='grc' dir='ltr'>ὡς</span> <span class='ocrx_word' id='word_1_529' title='bbox 1024 4515 1193 4583; x_wconf 80' lang='grc' dir='ltr'>μηδὲν</span> <span class='ocrx_word' id='word_1_530' title='bbox 1218 4515 1357 4583; x_wconf 76' lang='grc' dir='ltr'>ἔχων</span> <span class='ocrx_word' id='word_1_531' title='bbox 1385 4517 1560 4568; x_wconf 80' lang='grc' dir='ltr'>εἰπεῖν</span> <span class='ocrx_word' id='word_1_532' title='bbox 1590 4516 1755 4567; x_wconf 84' lang='grc' dir='ltr'>πλέον</span> <span class='ocrx_word' id='word_1_533' title='bbox 1774 4528 1788 4542; x_wconf 88' lang='grc'><strong>·</strong></span> 
     </span>
    </p>
   </div>
   <div class='ocr_carea' id='block_1_70' title="bbox 192 4606 1789 4678">
    <p class='ocr_par' dir='ltr' id='par_1_70' title="bbox 192 4606 1789 4678">
     <span class='ocr_line' id='line_1_70' title="bbox 192 4606 1789 4678; baseline -0.008 -5"><span class='ocrx_word' id='word_1_534' title='bbox 192 4619 295 4673; x_wconf 64' lang='grc' dir='ltr'>καὶ</span> <span class='ocrx_word' id='word_1_535' title='bbox 323 4616 472 4670; x_wconf 70' lang='grc' dir='ltr'>οὕτω</span> <span class='ocrx_word' id='word_1_536' title='bbox 488 4614 558 4667; x_wconf 75' lang='grc' dir='ltr'>τὰ</span> <span class='ocrx_word' id='word_1_537' title='bbox 582 4612 716 4665; x_wconf 81' lang='grc' dir='ltr'>πᾶσι</span> <span class='ocrx_word' id='word_1_538' title='bbox 746 4608 1074 4678; x_wconf 77' lang='grc' dir='ltr'>παρειμένα,</span> <span class='ocrx_word' id='word_1_539' title='bbox 1104 4606 1237 4660; x_wconf 78' lang='grc' dir='ltr'>πᾶσι</span> <span class='ocrx_word' id='word_1_540' title='bbox 1262 4607 1357 4659; x_wconf 74' lang='grc' dir='ltr'>καὶ</span> <span class='ocrx_word' id='word_1_541' title='bbox 1379 4608 1789 4675; x_wconf 81' lang='grc' dir='ltr'>πεπλήρωνται.</span> 
     </span>
    </p>
   </div>
   <div class='ocr_carea' id='block_1_71' title="bbox 195 4696 1781 4774">
    <p class='ocr_par' dir='ltr' id='par_1_71' title="bbox 195 4696 1781 4774">
     <span class='ocr_line' id='line_1_71' title="bbox 195 4696 1781 4774; baseline -0.02 -9"><span class='ocrx_word' id='word_1_542' title='bbox 195 4712 324 4774; x_wconf 81' lang='grc' dir='ltr'>ιιῶς</span> <span class='ocrx_word' id='word_1_543' title='bbox 354 4710 415 4764; x_wconf 76' lang='grc' dir='ltr'>δὲ</span> <span class='ocrx_word' id='word_1_544' title='bbox 465 4706 691 4759; x_wconf 87' lang='grc' dir='ltr'>κάκεῖνο</span> <span class='ocrx_word' id='word_1_545' title='bbox 745 4699 1027 4753; x_wconf 70' lang='grc' dir='ltr'>ἔπιλυτέον</span> <span class='ocrx_word' id='word_1_546' title='bbox 1073 4700 1205 4769; x_wconf 80' lang='grc' dir='ltr'>ἡμῖν</span> <span class='ocrx_word' id='word_1_547' title='bbox 1268 4696 1781 4769; x_wconf 64' lang='grc' dir='ltr'>ἀμφιλογούμεςην;</span> 
     </span>
    </p>
   </div>
   <div class='ocr_carea' id='block_1_72' title="bbox 191 4789 1782 4869">
    <p class='ocr_par' dir='ltr' id='par_1_72' title="bbox 191 4789 1782 4869">
     <span class='ocr_line' id='line_1_72' title="bbox 191 4789 1782 4869; baseline -0.01 -12"><span class='ocrx_word' id='word_1_548' title='bbox 191 4805 351 4869; x_wconf 6' lang='grc' dir='ltr'>κατὰ,</span> <span class='ocrx_word' id='word_1_549' title='bbox 389 4801 490 4869; x_wconf 75' lang='grc' dir='ltr'>μὲν</span> <span class='ocrx_word' id='word_1_550' title='bbox 550 4797 655 4864; x_wconf 74' lang='grc' dir='ltr'>γὰρ</span> <span class='ocrx_word' id='word_1_551' title='bbox 708 4795 799 4846; x_wconf 81' lang='grc' dir='ltr'>τὸν</span> <span class='ocrx_word' id='word_1_552' title='bbox 855 4792 997 4846; x_wconf 88' lang='grc' dir='ltr'>θεῖον</span> <span class='ocrx_word' id='word_1_553' title='bbox 1048 4792 1326 4845; x_wconf 84' lang='grc' dir='ltr'>Ματθαίον</span> <span class='ocrx_word' id='word_1_554' title='bbox 1386 4789 1782 4861; x_wconf 77' lang='grc' dir='ltr'>χρηματισθεὶς</span> 
     </span>
    </p>
   </div>
   <div class='ocr_carea' id='block_1_73' title="bbox 192 4880 1843 4959">
    <p class='ocr_par' dir='ltr' id='par_1_73' title="bbox 192 4880 1843 4959">
     <span class='ocr_line' id='line_1_73' title="bbox 192 4880 1843 4959; baseline -0.009 -13"><span class='ocrx_word' id='word_1_555' title='bbox 192 4896 221 4945; x_wconf 89' lang='grc' dir='ltr'>ὀ</span> <span class='ocrx_word' id='word_1_556' title='bbox 259 4889 484 4959; x_wconf 78' lang='grc' dir='ltr'>Ἰωσὴφ.</span> <span class='ocrx_word' id='word_1_557' title='bbox 516 4886 593 4945; x_wconf 84' lang='grc' dir='ltr'>είς</span> <span class='ocrx_word' id='word_1_558' title='bbox 617 4882 873 4951; x_wconf 73' lang='grc' dir='ltr'>Ναζαρὲτ</span> <span class='ocrx_word' id='word_1_559' title='bbox 900 4882 1115 4951; x_wconf 72' lang='grc' dir='ltr'>ἔρχεται</span> <span class='ocrx_word' id='word_1_560' title='bbox 1138 4896 1154 4911; x_wconf 81' lang='grc'><strong><em>⁸</em></strong></span> <span class='ocrx_word' id='word_1_561' title='bbox 1185 4881 1319 4950; x_wconf 84' lang='grc' dir='ltr'>ὁμοῦ</span> <span class='ocrx_word' id='word_1_562' title='bbox 1344 4897 1405 4933; x_wconf 91' lang='grc' dir='ltr'>τε</span> <span class='ocrx_word' id='word_1_563' title='bbox 1430 4884 1520 4935; x_wconf 85' lang='grc' dir='ltr'>τὸν</span> <span class='ocrx_word' id='word_1_564' title='bbox 1539 4880 1782 4934; x_wconf 87' lang='grc' dir='ltr'>κίνδυνον</span> <span class='ocrx_word' id='word_1_565' title='bbox 1820 4897 1843 4905; x_wconf 50' lang='grc' dir='ltr'>τ</span> 
     </span>
    </p>
   </div>
   <div class='ocr_carea' id='block_1_74' title="bbox 194 4973 1777 5052">
    <p class='ocr_par' dir='ltr' id='par_1_74' title="bbox 194 4973 1777 5052">
     <span class='ocr_line' id='line_1_74' title="bbox 194 4973 1777 5052; baseline -0.001 -23"><span class='ocrx_word' id='word_1_566' title='bbox 194 4984 424 5052; x_wconf 75' lang='grc' dir='ltr'>φεύγων</span> <span class='ocrx_word' id='word_1_567' title='bbox 445 5022 461 5042; x_wconf 84' lang='grc'>,</span> <span class='ocrx_word' id='word_1_568' title='bbox 498 4982 591 5033; x_wconf 78' lang='grc' dir='ltr'>καὶ</span> <span class='ocrx_word' id='word_1_569' title='bbox 623 4979 691 5047; x_wconf 84' lang='grc' dir='ltr'>τῇ</span> <span class='ocrx_word' id='word_1_570' title='bbox 734 4973 953 5044; x_wconf 88' lang='grc' dir='ltr'>πατρίδι</span> <span class='ocrx_word' id='word_1_571' title='bbox 985 4973 1382 5043; x_wconf 80' lang='grc' dir='ltr'>ὲμφιλοχωρείν</span> <span class='ocrx_word' id='word_1_572' title='bbox 1424 4974 1777 5043; x_wconf 77' lang='grc' dir='ltr'>βουλόμενος·</span> 
     </span>
    </p>
   </div>
   <div class='ocr_carea' id='block_1_75' title="bbox 192 5063 1779 5135">
    <p class='ocr_par' dir='ltr' id='par_1_75' title="bbox 192 5063 1779 5135">
     <span class='ocr_line' id='line_1_75' title="bbox 192 5063 1779 5135; baseline -0.009 -5"><span class='ocrx_word' id='word_1_573' title='bbox 192 5078 223 5129; x_wconf 80' lang='grc' dir='ltr'>ὁ</span> <span class='ocrx_word' id='word_1_574' title='bbox 252 5075 311 5129; x_wconf 67' lang='grc' dir='ltr'>δὲ</span> <span class='ocrx_word' id='word_1_575' title='bbox 342 5072 561 5131; x_wconf 78' lang='grc' dir='ltr'>Λουκᾶς</span> <span class='ocrx_word' id='word_1_576' title='bbox 611 5069 672 5120; x_wconf 81' lang='grc' dir='ltr'>οὗ</span> <span class='ocrx_word' id='word_1_577' title='bbox 714 5083 847 5135; x_wconf 71' lang='grc' dir='ltr'>φησι</span> <span class='ocrx_word' id='word_1_578' title='bbox 874 5064 1015 5119; x_wconf 88' lang='grc' dir='ltr'>κατά</span> <span class='ocrx_word' id='word_1_579' title='bbox 1037 5067 1281 5135; x_wconf 71' lang='grc' dir='ltr'>χρησμὸν</span> <span class='ocrx_word' id='word_1_580' title='bbox 1304 5064 1451 5133; x_wconf 88' lang='grc' dir='ltr'>αύτῷ</span> <span class='ocrx_word' id='word_1_581' title='bbox 1480 5063 1577 5134; x_wconf 80' lang='grc' dir='ltr'>τὴν</span> <span class='ocrx_word' id='word_1_582' title='bbox 1596 5064 1779 5133; x_wconf 77' lang='grc' dir='ltr'>ἄφιξιν</span> 
     </span>
    </p>
   </div>
   <div class='ocr_carea' id='block_1_76' title="bbox 193 5156 1777 5231">
    <p class='ocr_par' dir='ltr' id='par_1_76' title="bbox 193 5156 1777 5231">
     <span class='ocr_line' id='line_1_76' title="bbox 193 5156 1777 5231; baseline -0.009 -9"><span class='ocrx_word' id='word_1_583' title='bbox 193 5169 382 5222; x_wconf 71' lang='grc' dir='ltr'>ὲκεῖσε</span> <span class='ocrx_word' id='word_1_584' title='bbox 421 5162 707 5231; x_wconf 87' lang='grc' dir='ltr'>γενέσθαι,</span> <span class='ocrx_word' id='word_1_585' title='bbox 740 5157 857 5209; x_wconf 83' lang='grc' dir='ltr'>ἀλλ’</span> <span class='ocrx_word' id='word_1_586' title='bbox 888 5160 970 5210; x_wconf 80' lang='grc' dir='ltr'>ὅτι</span> <span class='ocrx_word' id='word_1_587' title='bbox 1008 5158 1099 5210; x_wconf 80' lang='grc' dir='ltr'>τὸν</span> <span class='ocrx_word' id='word_1_588' title='bbox 1132 5156 1416 5225; x_wconf 81' lang='grc' dir='ltr'>καθαρμὸν</span> <span class='ocrx_word' id='word_1_589' title='bbox 1454 5156 1777 5225; x_wconf 81' lang='grc' dir='ltr'>πληρώσανο</span> 
     </span>
    </p>
   </div>
   <div class='ocr_carea' id='block_1_77' title="bbox 190 5245 1775 5323">
    <p class='ocr_par' dir='ltr' id='par_1_77' title="bbox 190 5245 1775 5323">
     <span class='ocr_line' id='line_1_77' title="bbox 190 5245 1775 5323; baseline -0.008 -10"><span class='ocrx_word' id='word_1_590' title='bbox 190 5278 287 5323; x_wconf 85' lang='grc' dir='ltr'>τες</span> <span class='ocrx_word' id='word_1_591' title='bbox 315 5258 517 5321; x_wconf 68' lang='grc' dir='ltr'>πάντα,</span> <span class='ocrx_word' id='word_1_592' title='bbox 549 5253 683 5322; x_wconf 75' lang='grc' dir='ltr'>πρὸς</span> <span class='ocrx_word' id='word_1_593' title='bbox 713 5250 964 5320; x_wconf 70' lang='grc' dir='ltr'>Ναζαρὲτ</span> <span class='ocrx_word' id='word_1_594' title='bbox 995 5245 1152 5313; x_wconf 82' lang='grc' dir='ltr'>αὖθις</span> <span class='ocrx_word' id='word_1_595' title='bbox 1174 5249 1488 5303; x_wconf 74' lang='grc' dir='ltr'>ἐπανελθεῖν</span> <span class='ocrx_word' id='word_1_596' title='bbox 1515 5250 1775 5316; x_wconf 80' lang='grc' dir='ltr'>ἔγνωσαν,</span> 
     </span>
    </p>
   </div>
   <div class='ocr_carea' id='block_1_78' title="bbox 195 5340 1776 5423">
    <p class='ocr_par' dir='ltr' id='par_1_78' title="bbox 195 5340 1776 5423">
     <span class='ocr_line' id='line_1_78' title="bbox 195 5340 1776 5423; baseline -0.007 -19"><span class='ocrx_word' id='word_1_597' title='bbox 195 5354 263 5423; x_wconf 66' lang='grc' dir='ltr'>ἦν</span> <span class='ocrx_word' id='word_1_598' title='bbox 301 5350 401 5403; x_wconf 74' lang='grc' dir='ltr'>καὶ</span> <span class='ocrx_word' id='word_1_599' title='bbox 445 5346 675 5417; x_wconf 83' lang='grc' dir='ltr'>πατρίδα</span> <span class='ocrx_word' id='word_1_600' title='bbox 721 5343 1112 5411; x_wconf 78' lang='grc' dir='ltr'>ἐπεγράφοντο.</span> <span class='ocrx_word' id='word_1_601' title='bbox 1156 5344 1231 5405; x_wconf 83' lang='grc' dir='ltr'>ὡς</span> <span class='ocrx_word' id='word_1_602' title='bbox 1274 5344 1391 5396; x_wconf 68' lang='grc' dir='ltr'>ἐκεῖ</span> <span class='ocrx_word' id='word_1_603' title='bbox 1428 5342 1524 5411; x_wconf 78' lang='grc' dir='ltr'>τὴν</span> <span class='ocrx_word' id='word_1_604' title='bbox 1557 5340 1776 5412; x_wconf 72' lang='grc' dir='ltr'>οἴκησιν</span> 
     </span>
    </p>
   </div>
   <div class='ocr_carea' id='block_1_79' title="bbox 199 5429 1775 5509">
    <p class='ocr_par' dir='ltr' id='par_1_79' title="bbox 199 5429 1775 5509">
     <span class='ocr_line' id='line_1_79' title="bbox 199 5429 1775 5509; baseline -0.006 -17"><span class='ocrx_word' id='word_1_605' title='bbox 199 5440 532 5509; x_wconf 67' lang='grc' dir='ltr'>πηξάμενοι.</span> <span class='ocrx_word' id='word_1_606' title='bbox 576 5436 771 5489; x_wconf 78' lang='grc' dir='ltr'>Ἰστέον</span> <span class='ocrx_word' id='word_1_607' title='bbox 796 5429 889 5487; x_wconf 81' lang='grc' dir='ltr'>οὖν</span> <span class='ocrx_word' id='word_1_608' title='bbox 910 5435 991 5487; x_wconf 83' lang='grc' dir='ltr'>ὅτι</span> <span class='ocrx_word' id='word_1_609' title='bbox 1017 5433 1108 5485; x_wconf 74' lang='grc' dir='ltr'>τὸν</span> <span class='ocrx_word' id='word_1_610' title='bbox 1128 5433 1233 5505; x_wconf 83' lang='grc' dir='ltr'>πρὸ</span> <span class='ocrx_word' id='word_1_611' title='bbox 1265 5434 1365 5501; x_wconf 77' lang='grc' dir='ltr'>τῆς</span> <span class='ocrx_word' id='word_1_612' title='bbox 1394 5436 1473 5496; x_wconf 84' lang='grc' dir='ltr'>είς</span> <span class='ocrx_word' id='word_1_613' title='bbox 1505 5432 1775 5498; x_wconf 63' lang='grc' dir='ltr'>Αἴγυπτον</span> 
     </span>
    </p>
   </div>
   <div class='ocr_carea' id='block_1_80' title="bbox 196 5523 1772 5597">
    <p class='ocr_par' dir='ltr' id='par_1_80' title="bbox 196 5523 1772 5597">
     <span class='ocr_line' id='line_1_80' title="bbox 196 5523 1772 5597; baseline -0.004 -14"><span class='ocrx_word' id='word_1_614' title='bbox 196 5532 429 5585; x_wconf 76' lang='grc' dir='ltr'>καθόδου</span> <span class='ocrx_word' id='word_1_615' title='bbox 458 5528 645 5597; x_wconf 80' lang='grc' dir='ltr'>χρόνον</span> <span class='ocrx_word' id='word_1_616' title='bbox 677 5524 904 5594; x_wconf 80' lang='grc' dir='ltr'>ἱστορῶν</span> <span class='ocrx_word' id='word_1_617' title='bbox 929 5527 956 5577; x_wconf 85' lang='grc' dir='ltr'>ό</span> <span class='ocrx_word' id='word_1_618' title='bbox 989 5526 1223 5590; x_wconf 78' lang='grc' dir='ltr'>Λουκᾶς,</span> <span class='ocrx_word' id='word_1_619' title='bbox 1260 5524 1381 5575; x_wconf 71' lang='grc' dir='ltr'>οὐδὲ</span> <span class='ocrx_word' id='word_1_620' title='bbox 1403 5523 1510 5592; x_wconf 82' lang='grc' dir='ltr'>γὰρ</span> <span class='ocrx_word' id='word_1_621' title='bbox 1543 5525 1647 5593; x_wconf 82' lang='grc' dir='ltr'>πρὸ</span> <span class='ocrx_word' id='word_1_622' title='bbox 1681 5524 1772 5577; x_wconf 86' lang='grc' dir='ltr'>τοῦ</span> 
     </span>
    </p>
   </div>
   <div class='ocr_carea' id='block_1_81' title="bbox 197 5616 1773 5693">
    <p class='ocr_par' dir='ltr' id='par_1_81' title="bbox 197 5616 1773 5693">
     <span class='ocr_line' id='line_1_81' title="bbox 197 5616 1773 5693; baseline -0.004 -17"><span class='ocrx_word' id='word_1_623' title='bbox 197 5620 497 5693; x_wconf 75' lang='grc' dir='ltr'>καθαρμοῦ</span> <span class='ocrx_word' id='word_1_624' title='bbox 553 5619 867 5685; x_wconf 85' lang='grc' dir='ltr'>κατήγαγεν</span> <span class='ocrx_word' id='word_1_625' title='bbox 901 5618 967 5670; x_wconf 84' lang='grc' dir='ltr'>ἂν</span> <span class='ocrx_word' id='word_1_626' title='bbox 1021 5619 1219 5679; x_wconf 67' lang='grc' dir='ltr'>αὐτοὺς</span> <span class='ocrx_word' id='word_1_627' title='bbox 1266 5619 1461 5679; x_wconf 74' lang='grc' dir='ltr'>ἐκεῖσε,</span> <span class='ocrx_word' id='word_1_628' title='bbox 1516 5618 1600 5670; x_wconf 81' lang='grc' dir='ltr'>ῖνα</span> <span class='ocrx_word' id='word_1_629' title='bbox 1640 5616 1773 5685; x_wconf 65' lang='grc' dir='ltr'>μηδὲ</span> 
     </span>
    </p>
   </div>
   <div class='ocr_carea' id='block_1_82' title="bbox 193 5704 1772 5779">
    <p class='ocr_par' dir='ltr' id='par_1_82' title="bbox 193 5704 1772 5779">
     <span class='ocr_line' id='line_1_82' title="bbox 193 5704 1772 5779; baseline -0.003 -14"><span class='ocrx_word' id='word_1_630' title='bbox 193 5714 349 5779; x_wconf 68' lang='grc' dir='ltr'>παρὰ</span> <span class='ocrx_word' id='word_1_631' title='bbox 422 5712 513 5763; x_wconf 75' lang='grc' dir='ltr'>τὸν</span> <span class='ocrx_word' id='word_1_632' title='bbox 576 5709 775 5777; x_wconf 74' lang='grc' dir='ltr'>νόμονο</span> <span class='ocrx_word' id='word_1_633' title='bbox 840 5709 963 5777; x_wconf 78' lang='grc' dir='ltr'>μηδ’</span> <span class='ocrx_word' id='word_1_634' title='bbox 1013 5710 1093 5761; x_wconf 78' lang='grc' dir='ltr'>ὅτι</span> <span class='ocrx_word' id='word_1_635' title='bbox 1145 5704 1238 5761; x_wconf 81' lang='grc' dir='ltr'>οὖν</span> <span class='ocrx_word' id='word_1_636' title='bbox 1290 5708 1535 5776; x_wconf 82' lang='grc' dir='ltr'>γένηται,</span> <span class='ocrx_word' id='word_1_637' title='bbox 1604 5707 1772 5761; x_wconf 73' lang='grc' dir='ltr'>ταῦτά</span> 
     </span>
    </p>
   </div>
   <div class='ocr_carea' id='block_1_83' title="bbox 193 5796 1773 5875">
    <p class='ocr_par' dir='ltr' id='par_1_83' title="bbox 193 5796 1773 5875">
     <span class='ocr_line' id='line_1_83' title="bbox 193 5796 1773 5875; baseline -0.003 -20"><span class='ocrx_word' id='word_1_638' title='bbox 193 5820 365 5875; x_wconf 50' lang='grc' dir='ltr'>φησιν</span> <span class='ocrx_word' id='word_1_639' title='bbox 392 5819 404 5830; x_wconf 90' lang='grc'><strong>·</strong></span> <span class='ocrx_word' id='word_1_640' title='bbox 435 5802 628 5869; x_wconf 81' lang='grc' dir='ltr'>ἔμενον</span> <span class='ocrx_word' id='word_1_641' title='bbox 649 5800 756 5869; x_wconf 85' lang='grc' dir='ltr'>γάρ</span> <span class='ocrx_word' id='word_1_642' title='bbox 784 5800 1121 5870; x_wconf 73' lang='grc' dir='ltr'>καθαρθῆναι</span> <span class='ocrx_word' id='word_1_643' title='bbox 1142 5802 1376 5862; x_wconf 77' lang='grc' dir='ltr'>πάντως,</span> <span class='ocrx_word' id='word_1_644' title='bbox 1410 5796 1527 5853; x_wconf 76' lang='grc' dir='ltr'>εἶτα</span> <span class='ocrx_word' id='word_1_645' title='bbox 1558 5803 1632 5863; x_wconf 80' lang='lat' dir='ltr'><strong>el;</strong></span> <span class='ocrx_word' id='word_1_646' title='bbox 1664 5799 1773 5851; x_wconf 75' lang='lat' dir='ltr'><strong>Nst-</strong></span> 
     </span>
    </p>
   </div>
   <div class='ocr_carea' id='block_1_84' title="bbox 192 5892 1765 5966">
    <p class='ocr_par' dir='ltr' id='par_1_84' title="bbox 192 5892 1765 5966">
     <span class='ocr_line' id='line_1_84' title="bbox 192 5892 1765 5966; baseline -0.008 -13"><span class='ocrx_word' id='word_1_647' title='bbox 192 5896 366 5966; x_wconf 73' lang='grc' dir='ltr'>(τρὲτ</span> <span class='ocrx_word' id='word_1_648' title='bbox 397 5892 593 5959; x_wconf 69' lang='grc' dir='ltr'>ἐλθεῖν,</span> <span class='ocrx_word' id='word_1_649' title='bbox 629 5894 721 5946; x_wconf 62' lang='grc' dir='ltr'><strong>καῖ</strong></span> <span class='ocrx_word' id='word_1_650' title='bbox 756 5892 873 5945; x_wconf 80' lang='grc' dir='ltr'>τότε</span> <span class='ocrx_word' id='word_1_651' title='bbox 906 5894 967 5963; x_wconf 70' lang='grc' dir='ltr'>δὴ</span> <span class='ocrx_word' id='word_1_652' title='bbox 1003 5893 1303 5963; x_wconf 75' lang='grc' dir='ltr'>καταϐῆναι</span> <span class='ocrx_word' id='word_1_653' title='bbox 1349 5892 1424 5953; x_wconf 83' lang='grc' dir='ltr'>εἰς</span> <span class='ocrx_word' id='word_1_654' title='bbox 1459 5892 1729 5959; x_wconf 72' lang='grc' dir='ltr'>Αἴγυπτον</span> <span class='ocrx_word' id='word_1_655' title='bbox 1754 5908 1765 5919; x_wconf 90' lang='grc'>·</span> 
     </span>
    </p>
   </div>
   <div class='ocr_carea' id='block_1_85' title="bbox 1838 3326 3485 3399">
    <p class='ocr_par' dir='ltr' id='par_1_85' title="bbox 1838 3326 3485 3399">
     <span class='ocr_line' id='line_1_85' title="bbox 1838 3326 3485 3399; baseline 0.003 -23"><span class='ocrx_word' id='word_1_656' title='bbox 1838 3343 1847 3352; x_wconf 93' lang='grc'><strong>·</strong></span> <span class='ocrx_word' id='word_1_657' title='bbox 1904 3327 2079 3377; x_wconf 67' lang='grc' dir='ltr'>ἐλθεῖν</span> <span class='ocrx_word' id='word_1_658' title='bbox 2119 3326 2520 3393; x_wconf 74' lang='grc' dir='ltr'>ἐγκελεύονται.</span> <span class='ocrx_word' id='word_1_659' title='bbox 2569 3329 2681 3397; x_wconf 76' lang='grc' dir='ltr'>Πρὸ</span> <span class='ocrx_word' id='word_1_660' title='bbox 2726 3328 2917 3383; x_wconf 84' lang='grc' dir='ltr'>τούτου</span> <span class='ocrx_word' id='word_1_661' title='bbox 2953 3330 3009 3383; x_wconf 69' lang='grc' dir='ltr'>δὲ</span> <span class='ocrx_word' id='word_1_662' title='bbox 3050 3330 3302 3397; x_wconf 77' lang='grc' dir='ltr'>οὐδαμῶς</span> <span class='ocrx_word' id='word_1_663' title='bbox 3346 3326 3485 3399; x_wconf 82' lang='grc' dir='ltr'>ἦσαν</span> 
     </span>
    </p>
   </div>
   <div class='ocr_carea' id='block_1_86' title="bbox 1904 3417 3481 3493">
    <p class='ocr_par' dir='ltr' id='par_1_86' title="bbox 1904 3417 3481 3493">
     <span class='ocr_line' id='line_1_86' title="bbox 1904 3417 3481 3493; baseline 0.001 -21"><span class='ocrx_word' id='word_1_664' title='bbox 1904 3417 2367 3487; x_wconf 79' lang='grc' dir='ltr'>χρηματισθέντες</span> <span class='ocrx_word' id='word_1_665' title='bbox 2394 3420 2569 3472; x_wconf 78' lang='grc' dir='ltr'>ἐκεῖσε</span> <span class='ocrx_word' id='word_1_666' title='bbox 2600 3422 2810 3491; x_wconf 75' lang='grc' dir='ltr'>φοιτᾷν¹</span> <span class='ocrx_word' id='word_1_667' title='bbox 2841 3423 2957 3476; x_wconf 74' lang='grc' dir='ltr'>ἀλλ’</span> <span class='ocrx_word' id='word_1_668' title='bbox 2980 3422 3481 3493; x_wconf 78' lang='grc' dir='ltr'>ὲμφιλοχωροῦντες</span> 
     </span>
    </p>
   </div>
   <div class='ocr_carea' id='block_1_87' title="bbox 1908 3509 3479 3583">
    <p class='ocr_par' dir='ltr' id='par_1_87' title="bbox 1908 3509 3479 3583">
     <span class='ocr_line' id='line_1_87' title="bbox 1908 3509 3479 3583; baseline 0.002 -22"><span class='ocrx_word' id='word_1_669' title='bbox 1908 3509 1983 3572; x_wconf 78' lang='grc' dir='ltr'>ὡς</span> <span class='ocrx_word' id='word_1_670' title='bbox 2014 3510 2229 3580; x_wconf 77' lang='grc' dir='ltr'>ἔφημεν</span> <span class='ocrx_word' id='word_1_671' title='bbox 2259 3513 2325 3579; x_wconf 82' lang='grc' dir='ltr'>τῇ</span> <span class='ocrx_word' id='word_1_672' title='bbox 2360 3512 2616 3581; x_wconf 80' lang='grc' dir='ltr'>πατρίδι,</span> <span class='ocrx_word' id='word_1_673' title='bbox 2650 3514 2989 3583; x_wconf 66' lang='grc' dir='ltr'>αὐθαιρέτως</span> <span class='ocrx_word' id='word_1_674' title='bbox 3018 3515 3162 3567; x_wconf 83' lang='grc' dir='ltr'>τοῦτ’</span> <span class='ocrx_word' id='word_1_675' title='bbox 3190 3515 3479 3581; x_wconf 78' lang='grc' dir='ltr'>ἔπραττον.</span> 
     </span>
    </p>
   </div>
   <div class='ocr_carea' id='block_1_88' title="bbox 1916 3603 3484 3675">
    <p class='ocr_par' dir='ltr' id='par_1_88' title="bbox 1916 3603 3484 3675">
     <span class='ocr_line' id='line_1_88' title="bbox 1916 3603 3484 3675; baseline 0.002 -22"><span class='ocrx_word' id='word_1_676' title='bbox 1916 3603 2067 3654; x_wconf 81' lang='grc' dir='ltr'>Ἐπεὶ</span> <span class='ocrx_word' id='word_1_677' title='bbox 2094 3603 2201 3672; x_wconf 82' lang='grc' dir='ltr'>γὰρ</span> <span class='ocrx_word' id='word_1_678' title='bbox 2223 3604 2354 3672; x_wconf 76' lang='grc' dir='ltr'>παρ’</span> <span class='ocrx_word' id='word_1_679' title='bbox 2376 3603 2528 3657; x_wconf 77' lang='grc' dir='ltr'>οὐδὲν</span> <span class='ocrx_word' id='word_1_680' title='bbox 2558 3603 2745 3674; x_wconf 82' lang='grc' dir='ltr'>ἓτερον</span> <span class='ocrx_word' id='word_1_681' title='bbox 2772 3606 2803 3675; x_wconf 84' lang='grc' dir='ltr'>ἠ</span> <span class='ocrx_word' id='word_1_682' title='bbox 2841 3604 2919 3668; x_wconf 86' lang='grc' dir='ltr'>είς</span> <span class='ocrx_word' id='word_1_683' title='bbox 2942 3605 3190 3674; x_wconf 81' lang='grc' dir='ltr'>Βηθλεὲμ</span> <span class='ocrx_word' id='word_1_684' title='bbox 3217 3604 3484 3669; x_wconf 85' lang='grc' dir='ltr'>ἀνάϐασις</span> 
     </span>
    </p>
   </div>
   <div class='ocr_carea' id='block_1_89' title="bbox 1903 3693 3480 3768">
    <p class='ocr_par' dir='ltr' id='par_1_89' title="bbox 1903 3693 3480 3768">
     <span class='ocr_line' id='line_1_89' title="bbox 1903 3693 3480 3768; baseline 0.001 -22"><span class='ocrx_word' id='word_1_685' title='bbox 1903 3693 2145 3762; x_wconf 81' lang='grc' dir='ltr'>γέγονεν,</span> <span class='ocrx_word' id='word_1_686' title='bbox 2176 3694 2208 3763; x_wconf 85' lang='grc' dir='ltr'>ἦ</span> <span class='ocrx_word' id='word_1_687' title='bbox 2239 3694 2326 3747; x_wconf 86' lang='grc' dir='ltr'>διά</span> <span class='ocrx_word' id='word_1_688' title='bbox 2358 3698 2456 3763; x_wconf 76' lang='grc' dir='ltr'>τὴν</span> <span class='ocrx_word' id='word_1_689' title='bbox 2491 3696 2844 3765; x_wconf 72' lang='grc' dir='ltr'>ἀπογραφὴν,</span> <span class='ocrx_word' id='word_1_690' title='bbox 2883 3698 2975 3749; x_wconf 73' lang='grc' dir='ltr'>καὶ</span> <span class='ocrx_word' id='word_1_691' title='bbox 3012 3698 3132 3750; x_wconf 75' lang='grc' dir='ltr'>οὐδὲ</span> <span class='ocrx_word' id='word_1_692' title='bbox 3168 3700 3357 3768; x_wconf 79' lang='grc' dir='ltr'>στῆναι</span> <span class='ocrx_word' id='word_1_693' title='bbox 3388 3698 3480 3749; x_wconf 86' lang='grc' dir='ltr'>ού-</span> 
     </span>
    </p>
   </div>
   <div class='ocr_carea' id='block_1_90' title="bbox 1901 3786 3480 3863">
    <p class='ocr_par' dir='ltr' id='par_1_90' title="bbox 1901 3786 3480 3863">
     <span class='ocr_line' id='line_1_90' title="bbox 1901 3786 3480 3863; baseline 0.002 -21"><span class='ocrx_word' id='word_1_694' title='bbox 1901 3789 2075 3857; x_wconf 80' lang='grc' dir='ltr'>δαμοῦ</span> <span class='ocrx_word' id='word_1_695' title='bbox 2106 3786 2272 3859; x_wconf 74' lang='grc' dir='ltr'>εἶγον,</span> <span class='ocrx_word' id='word_1_696' title='bbox 2306 3788 2690 3860; x_wconf 75' lang='grc' dir='ltr'>πληρώσαντες</span> <span class='ocrx_word' id='word_1_697' title='bbox 2722 3793 2822 3863; x_wconf 80' lang='grc' dir='ltr'>ήδη</span> <span class='ocrx_word' id='word_1_698' title='bbox 2855 3793 2924 3846; x_wconf 83' lang='grc' dir='ltr'>δι’</span> <span class='ocrx_word' id='word_1_699' title='bbox 2960 3796 3095 3861; x_wconf 87' lang='grc' dir='ltr'>ὅπερ</span> <span class='ocrx_word' id='word_1_700' title='bbox 3129 3794 3376 3863; x_wconf 79' lang='grc' dir='ltr'>ἀνῆλθον,</span> <span class='ocrx_word' id='word_1_701' title='bbox 3400 3794 3480 3855; x_wconf 85' lang='grc' dir='ltr'>είς</span> 
     </span>
    </p>
   </div>
   <div class='ocr_carea' id='block_1_91' title="bbox 1900 3880 3480 3953">
    <p class='ocr_par' dir='ltr' id='par_1_91' title="bbox 1900 3880 3480 3953">
     <span class='ocr_line' id='line_1_91' title="bbox 1900 3880 3480 3953; baseline 0.003 -21"><span class='ocrx_word' id='word_1_702' title='bbox 1900 3880 1999 3949; x_wconf 83' lang='grc' dir='ltr'>τὴν</span> <span class='ocrx_word' id='word_1_703' title='bbox 2039 3882 2289 3951; x_wconf 78' lang='grc' dir='ltr'>Ναζαρὲτ</span> <span class='ocrx_word' id='word_1_704' title='bbox 2334 3883 2626 3953; x_wconf 77' lang='grc' dir='ltr'>κατῄεσαν.</span> <span class='ocrx_word' id='word_1_705' title='bbox 2667 3884 2741 3936; x_wconf 88' lang='grc' dir='ltr'>Ού</span> <span class='ocrx_word' id='word_1_706' title='bbox 2788 3886 2964 3938; x_wconf 81' lang='grc' dir='ltr'>τοίνυν</span> <span class='ocrx_word' id='word_1_707' title='bbox 3009 3885 3285 3951; x_wconf 85' lang='grc' dir='ltr'>ἀντιλογία</span> <span class='ocrx_word' id='word_1_708' title='bbox 3329 3884 3480 3953; x_wconf 76' lang='grc' dir='ltr'>παρά</span> 
     </span>
    </p>
   </div>
   <div class='ocr_carea' id='block_1_92' title="bbox 1902 3972 3480 4045">
    <p class='ocr_par' dir='ltr' id='par_1_92' title="bbox 1902 3972 3480 4045">
     <span class='ocr_line' id='line_1_92' title="bbox 1902 3972 3480 4045; baseline 0.003 -20"><span class='ocrx_word' id='word_1_709' title='bbox 1902 3976 2013 4027; x_wconf 70' lang='grc' dir='ltr'>τοῖς</span> <span class='ocrx_word' id='word_1_710' title='bbox 2041 3972 2481 4041; x_wconf 85' lang='grc' dir='ltr'>εύαγγελισταῖς,</span> <span class='ocrx_word' id='word_1_711' title='bbox 2514 3975 2652 4027; x_wconf 87' lang='grc' dir='ltr'>ἀλλά</span> <span class='ocrx_word' id='word_1_712' title='bbox 2689 3975 2945 4045; x_wconf 79' lang='grc' dir='ltr'>διάφορος</span> <span class='ocrx_word' id='word_1_713' title='bbox 2971 3979 3283 4045; x_wconf 83' lang='grc' dir='ltr'>ἀπαγγελία</span> <span class='ocrx_word' id='word_1_714' title='bbox 3304 3994 3316 4008; x_wconf 94' lang='grc'><strong>·</strong></span> <span class='ocrx_word' id='word_1_715' title='bbox 3351 3980 3480 4033; x_wconf 86' lang='grc' dir='ltr'>ἀλλο</span> 
     </span>
    </p>
   </div>
   <div class='ocr_carea' id='block_1_93' title="bbox 1902 4065 3211 4135">
    <p class='ocr_par' dir='ltr' id='par_1_93' title="bbox 1902 4065 3211 4135">
     <span class='ocr_line' id='line_1_93' title="bbox 1902 4065 3211 4135; baseline 0.001 -17"><span class='ocrx_word' id='word_1_716' title='bbox 1902 4065 1959 4118; x_wconf 75' lang='grc' dir='ltr'>δέ</span> <span class='ocrx_word' id='word_1_717' title='bbox 1997 4066 2111 4119; x_wconf 82' lang='grc' dir='ltr'>ἐστι</span> <span class='ocrx_word' id='word_1_718' title='bbox 2138 4066 2411 4135; x_wconf 81' lang='grc' dir='ltr'>διαφόρως</span> <span class='ocrx_word' id='word_1_719' title='bbox 2446 4067 2641 4125; x_wconf 76' lang='grc' dir='ltr'>εἰπεῖν,</span> <span class='ocrx_word' id='word_1_720' title='bbox 2670 4071 2761 4118; x_wconf 71' lang='grc' dir='ltr'>καὶ</span> <span class='ocrx_word' id='word_1_721' title='bbox 2798 4067 2926 4119; x_wconf 82' lang='grc' dir='ltr'>ἄλλο</span> <span class='ocrx_word' id='word_1_722' title='bbox 2957 4068 3211 4129; x_wconf 75' lang='grc' dir='ltr'>ἐναντίως</span> 
     </span>
    </p>
   </div>
   <div class='ocr_carea' id='block_1_94' title="bbox 1975 4156 3467 4227">
    <p class='ocr_par' dir='ltr' id='par_1_94' title="bbox 1975 4156 3467 4227">
     <span class='ocr_line' id='line_1_94' title="bbox 1975 4156 3467 4227; baseline -0.001 -18"><span class='ocrx_word' id='word_1_723' title='bbox 1975 4157 2050 4225; x_wconf 83' lang='grc'>(9)</span> <span class='ocrx_word' id='word_1_724' title='bbox 2082 4158 2191 4210; x_wconf 68' lang='lat' dir='ltr'><strong>Tot}</strong></span> <span class='ocrx_word' id='word_1_725' title='bbox 2214 4157 2672 4226; x_wconf 77' lang='grc' dir='ltr'>Μεταφραστοῦ.</span> <span class='ocrx_word' id='word_1_726' title='bbox 2705 4158 2848 4227; x_wconf 86' lang='grc' dir='ltr'>Ὅρα</span> <span class='ocrx_word' id='word_1_727' title='bbox 2870 4158 2926 4210; x_wconf 83' lang='grc' dir='ltr'>δέ</span> <span class='ocrx_word' id='word_1_728' title='bbox 2961 4176 3049 4226; x_wconf 90' lang='grc' dir='ltr'>μοι</span> <span class='ocrx_word' id='word_1_729' title='bbox 3079 4160 3169 4210; x_wconf 72' lang='grc' dir='ltr'>καὶ</span> <span class='ocrx_word' id='word_1_730' title='bbox 3195 4157 3287 4209; x_wconf 90' lang='grc' dir='ltr'>τοῦ</span> <span class='ocrx_word' id='word_1_731' title='bbox 3312 4156 3467 4223; x_wconf 89' lang='grc' dir='ltr'>εύαγ-</span> 
     </span>
    </p>
   </div>
   <div class='ocr_carea' id='block_1_95' title="bbox 1900 4246 3470 4318">
    <p class='ocr_par' dir='ltr' id='par_1_95' title="bbox 1900 4246 3470 4318">
     <span class='ocr_line' id='line_1_95' title="bbox 1900 4246 3470 4318; baseline -0.001 -17"><span class='ocrx_word' id='word_1_732' title='bbox 1900 4247 2149 4318; x_wconf 88' lang='grc' dir='ltr'>γελιστοῦ</span> <span class='ocrx_word' id='word_1_733' title='bbox 2168 4250 2266 4316; x_wconf 80' lang='grc' dir='ltr'>τὴν</span> <span class='ocrx_word' id='word_1_734' title='bbox 2290 4249 2577 4318; x_wconf 81' lang='grc' dir='ltr'>ἀκρίϐειαν</span> <span class='ocrx_word' id='word_1_735' title='bbox 2598 4265 2613 4281; x_wconf 90' lang='grc'><strong>·</strong></span> <span class='ocrx_word' id='word_1_736' title='bbox 2645 4250 2743 4316; x_wconf 78' lang='grc' dir='ltr'>τὴν</span> <span class='ocrx_word' id='word_1_737' title='bbox 2773 4249 2871 4316; x_wconf 81' lang='grc' dir='ltr'>μὲν</span> <span class='ocrx_word' id='word_1_738' title='bbox 2899 4249 3007 4316; x_wconf 81' lang='grc' dir='ltr'>γὰρ</span> <span class='ocrx_word' id='word_1_739' title='bbox 3058 4250 3270 4317; x_wconf 81' lang='grc' dir='ltr'>μητέρα</span> <span class='ocrx_word' id='word_1_740' title='bbox 3294 4246 3470 4311; x_wconf 76' lang='grc' dir='ltr'>εἶπεν,</span> 
     </span>
    </p>
   </div>
   <div class='ocr_carea' id='block_1_96' title="bbox 1901 4336 3469 4411">
    <p class='ocr_par' dir='ltr' id='par_1_96' title="bbox 1901 4336 3469 4411">
     <span class='ocr_line' id='line_1_96' title="bbox 1901 4336 3469 4411; baseline -0.011 -3"><span class='ocrx_word' id='word_1_741' title='bbox 1901 4343 1996 4396; x_wconf 71' lang='grc' dir='ltr'>ἅτε</span> <span class='ocrx_word' id='word_1_742' title='bbox 2041 4342 2103 4405; x_wconf 76' lang='grc' dir='ltr'>δὴ</span> <span class='ocrx_word' id='word_1_743' title='bbox 2152 4342 2242 4393; x_wconf 55' lang='grc' dir='ltr'>καὶ</span> <span class='ocrx_word' id='word_1_744' title='bbox 2283 4340 2499 4410; x_wconf 72' lang='grc' dir='ltr'>ἀληθῶς</span> <span class='ocrx_word' id='word_1_745' title='bbox 2540 4336 2727 4403; x_wconf 75' lang='grc' dir='ltr'>οὖσαν,</span> <span class='ocrx_word' id='word_1_746' title='bbox 2770 4340 2864 4393; x_wconf 77' lang='grc' dir='ltr'>ἀπ’</span> <span class='ocrx_word' id='word_1_747' title='bbox 2899 4340 3067 4411; x_wconf 83' lang='grc' dir='ltr'>αὐτῆς</span> <span class='ocrx_word' id='word_1_748' title='bbox 3108 4340 3339 4403; x_wconf 75' lang='grc' dir='ltr'>καλέσας</span> <span class='ocrx_word' id='word_1_749' title='bbox 3373 4340 3469 4407; x_wconf 75' lang='grc' dir='ltr'>τῆς</span> 
     </span>
    </p>
   </div>
   <div class='ocr_carea' id='block_1_97' title="bbox 1902 4432 3471 4502">
    <p class='ocr_par' dir='ltr' id='par_1_97' title="bbox 1902 4432 3471 4502">
     <span class='ocr_line' id='line_1_97' title="bbox 1902 4432 3471 4502; baseline 0.001 -20"><span class='ocrx_word' id='word_1_750' title='bbox 1902 4434 2139 4500; x_wconf 66' lang='grc' dir='ltr'>σχέσεως</span> <span class='ocrx_word' id='word_1_751' title='bbox 2160 4450 2173 4463; x_wconf 83' lang='grc'><strong>·</strong></span> <span class='ocrx_word' id='word_1_752' title='bbox 2208 4434 2302 4485; x_wconf 71' lang='grc' dir='ltr'>τὸν</span> <span class='ocrx_word' id='word_1_753' title='bbox 2331 4432 2387 4485; x_wconf 80' lang='grc' dir='ltr'>δὲ</span> <span class='ocrx_word' id='word_1_754' title='bbox 2413 4432 2521 4484; x_wconf 82' lang='grc' dir='ltr'>ἀπὸ</span> <span class='ocrx_word' id='word_1_755' title='bbox 2544 4432 2698 4501; x_wconf 81' lang='grc' dir='ltr'>ψιλοῦ</span> <span class='ocrx_word' id='word_1_756' title='bbox 2724 4432 2817 4485; x_wconf 65' lang='grc' dir='ltr'>τοῦ</span> <span class='ocrx_word' id='word_1_757' title='bbox 2851 4432 3130 4500; x_wconf 77' lang='grc' dir='ltr'>ὀνόματος.</span> <span class='ocrx_word' id='word_1_758' title='bbox 3155 4433 3229 4496; x_wconf 84' lang='grc' dir='ltr'>ῶς</span> <span class='ocrx_word' id='word_1_759' title='bbox 3261 4432 3471 4502; x_wconf 80' lang='grc' dir='ltr'>πατέρα</span> 
     </span>
    </p>
   </div>
   <div class='ocr_carea' id='block_1_98' title="bbox 1898 4522 3122 4591">
    <p class='ocr_par' dir='ltr' id='par_1_98' title="bbox 1898 4522 3122 4591">
     <span class='ocr_line' id='line_1_98' title="bbox 1898 4522 3122 4591; baseline 0 -16"><span class='ocrx_word' id='word_1_760' title='bbox 1898 4522 2154 4576; x_wconf 82' lang='grc' dir='ltr'>δοκοῦντα</span> <span class='ocrx_word' id='word_1_761' title='bbox 2189 4524 2307 4590; x_wconf 80' lang='grc' dir='ltr'>μὲν,</span> <span class='ocrx_word' id='word_1_762' title='bbox 2339 4522 2411 4590; x_wconf 85' lang='grc' dir='ltr'>μὴ</span> <span class='ocrx_word' id='word_1_763' title='bbox 2442 4522 2569 4573; x_wconf 79' lang='grc' dir='ltr'>ὄντα</span> <span class='ocrx_word' id='word_1_764' title='bbox 2598 4523 2654 4573; x_wconf 77' lang='grc' dir='ltr'>δὲ</span> <span class='ocrx_word' id='word_1_765' title='bbox 2683 4524 2816 4587; x_wconf 76' lang='grc' dir='ltr'>πρὸς</span> <span class='ocrx_word' id='word_1_766' title='bbox 2845 4523 3122 4591; x_wconf 80' lang='grc' dir='ltr'>ἀλήθειαν.</span> 
     </span>
    </p>
   </div>
   <div class='ocr_carea' id='block_1_99' title="bbox 1970 4614 3471 4685">
    <p class='ocr_par' dir='ltr' id='par_1_99' title="bbox 1970 4614 3471 4685">
     <span class='ocr_line' id='line_1_99' title="bbox 1970 4614 3471 4685; baseline -0.001 -18"><span class='ocrx_word' id='word_1_767' title='bbox 1970 4615 2082 4685; x_wconf 80' lang='grc' dir='ltr'>(ιο)</span> <span class='ocrx_word' id='word_1_768' title='bbox 2122 4616 2232 4669; x_wconf 83' lang='grc' dir='ltr'>Τοῦ</span> <span class='ocrx_word' id='word_1_769' title='bbox 2279 4614 2740 4683; x_wconf 69' lang='grc' dir='ltr'>Μεταφραστοῦ.</span> <span class='ocrx_word' id='word_1_770' title='bbox 2788 4614 2909 4676; x_wconf 83' lang='grc' dir='ltr'>Πῶς</span> <span class='ocrx_word' id='word_1_771' title='bbox 2950 4631 3032 4667; x_wconf 93' lang='grc' dir='ltr'>σοι</span> <span class='ocrx_word' id='word_1_772' title='bbox 3080 4614 3157 4684; x_wconf 85' lang='grc' dir='ltr'>τῷ</span> <span class='ocrx_word' id='word_1_773' title='bbox 3204 4614 3471 4684; x_wconf 79' lang='grc' dir='ltr'>φιλολόγῳ</span> 
     </span>
    </p>
   </div>
   <div class='ocr_carea' id='block_1_100' title="bbox 1893 4706 3468 4777">
    <p class='ocr_par' dir='ltr' id='par_1_100' title="bbox 1893 4706 3468 4777">
     <span class='ocr_line' id='line_1_100' title="bbox 1893 4706 3468 4777; baseline -0.003 -16"><span class='ocrx_word' id='word_1_774' title='bbox 1893 4709 2134 4777; x_wconf 79' lang='grc' dir='ltr'>ἀκροατῇ</span> <span class='ocrx_word' id='word_1_775' title='bbox 2181 4706 2355 4761; x_wconf 85' lang='grc' dir='ltr'>ταῦτα</span> <span class='ocrx_word' id='word_1_776' title='bbox 2407 4707 2776 4777; x_wconf 74' lang='grc' dir='ltr'>ληφθήσεταις</span> <span class='ocrx_word' id='word_1_777' title='bbox 2828 4708 2918 4757; x_wconf 74' lang='grc' dir='ltr'>καὶ</span> <span class='ocrx_word' id='word_1_778' title='bbox 2958 4707 3013 4757; x_wconf 92' lang='grc' dir='ltr'>τί</span> <span class='ocrx_word' id='word_1_779' title='bbox 3047 4723 3176 4758; x_wconf 86' lang='grc' dir='ltr'>ποτε</span> <span class='ocrx_word' id='word_1_780' title='bbox 3220 4706 3329 4775; x_wconf 82' lang='grc' dir='ltr'>ἄρα</span> <span class='ocrx_word' id='word_1_781' title='bbox 3368 4708 3468 4777; x_wconf 77' lang='grc' dir='ltr'>τὴν</span> 
     </span>
    </p>
   </div>
   <div class='ocr_carea' id='block_1_101' title="bbox 1893 4795 3463 4868">
    <p class='ocr_par' dir='ltr' id='par_1_101' title="bbox 1893 4795 3463 4868">
     <span class='ocr_line' id='line_1_101' title="bbox 1893 4795 3463 4868; baseline -0.001 -18"><span class='ocrx_word' id='word_1_782' title='bbox 1893 4801 2168 4867; x_wconf 76' lang='grc' dir='ltr'>ῥομφαίαν</span> <span class='ocrx_word' id='word_1_783' title='bbox 2217 4798 2422 4865; x_wconf 86' lang='grc' dir='ltr'>ταύτην</span> <span class='ocrx_word' id='word_1_784' title='bbox 2467 4796 2849 4866; x_wconf 74' lang='grc' dir='ltr'>ύποληπτέονς</span> <span class='ocrx_word' id='word_1_785' title='bbox 2896 4795 2928 4864; x_wconf 83' lang='grc' dir='ltr'>ἢ</span> <span class='ocrx_word' id='word_1_786' title='bbox 2968 4798 3069 4868; x_wconf 73' lang='grc' dir='ltr'>τὴν</span> <span class='ocrx_word' id='word_1_787' title='bbox 3108 4797 3463 4865; x_wconf 77' lang='grc' dir='ltr'>ἀμφιϐολίαν,</span> 
     </span>
    </p>
   </div>
   <div class='ocr_carea' id='block_1_102' title="bbox 1888 4888 3465 4960">
    <p class='ocr_par' dir='ltr' id='par_1_102' title="bbox 1888 4888 3465 4960">
     <span class='ocr_line' id='line_1_102' title="bbox 1888 4888 3465 4960; baseline -0.001 -18"><span class='ocrx_word' id='word_1_788' title='bbox 1888 4888 1978 4942; x_wconf 78' lang='grc' dir='ltr'>τὸν</span> <span class='ocrx_word' id='word_1_789' title='bbox 2008 4889 2421 4957; x_wconf 77' lang='grc' dir='ltr'>σκανδαλισμδν,</span> <span class='ocrx_word' id='word_1_790' title='bbox 2443 4890 2504 4940; x_wconf 85' lang='grc' dir='ltr'>τὸ</span> <span class='ocrx_word' id='word_1_791' title='bbox 2534 4893 2912 4960; x_wconf 88' lang='grc' dir='ltr'>πειρατήριον,</span> <span class='ocrx_word' id='word_1_792' title='bbox 2938 4892 3079 4959; x_wconf 82' lang='grc' dir='ltr'>ἆπερ</span> <span class='ocrx_word' id='word_1_793' title='bbox 3106 4893 3163 4945; x_wconf 83' lang='grc' dir='ltr'>ὲν</span> <span class='ocrx_word' id='word_1_794' title='bbox 3190 4890 3266 4959; x_wconf 78' lang='grc' dir='ltr'>τῷ</span> <span class='ocrx_word' id='word_1_795' title='bbox 3290 4891 3465 4960; x_wconf 80' lang='grc' dir='ltr'>καιρῷ</span> 
     </span>
    </p>
   </div>
   <div class='ocr_carea' id='block_1_103' title="bbox 1888 4980 3462 5052">
    <p class='ocr_par' dir='ltr' id='par_1_103' title="bbox 1888 4980 3462 5052">
     <span class='ocr_line' id='line_1_103' title="bbox 1888 4980 3462 5052; baseline -0.001 -18"><span class='ocrx_word' id='word_1_796' title='bbox 1888 4980 1981 5034; x_wconf 83' lang='grc' dir='ltr'>τοῦ</span> <span class='ocrx_word' id='word_1_797' title='bbox 2001 4980 2258 5050; x_wconf 90' lang='grc' dir='ltr'>σταυροῦ,</span> <span class='ocrx_word' id='word_1_798' title='bbox 2289 4980 2387 5051; x_wconf 74' lang='grc' dir='ltr'>τὴν</span> <span class='ocrx_word' id='word_1_799' title='bbox 2414 4983 2511 5051; x_wconf 87' lang='grc' dir='ltr'>τῆς</span> <span class='ocrx_word' id='word_1_800' title='bbox 2540 4983 2700 5049; x_wconf 84' lang='grc' dir='ltr'>ἀγίας</span> <span class='ocrx_word' id='word_1_801' title='bbox 2734 4982 3009 5051; x_wconf 76' lang='grc' dir='ltr'>Παρθένον</span> <span class='ocrx_word' id='word_1_802' title='bbox 3039 4980 3219 5049; x_wconf 88' lang='grc' dir='ltr'>διῆλθε</span> <span class='ocrx_word' id='word_1_803' title='bbox 3244 4982 3462 5052; x_wconf 78' lang='grc' dir='ltr'>ψυχήν;</span> 
     </span>
    </p>
   </div>
   <div class='ocr_carea' id='block_1_104' title="bbox 1888 5071 3461 5142">
    <p class='ocr_par' dir='ltr' id='par_1_104' title="bbox 1888 5071 3461 5142">
     <span class='ocr_line' id='line_1_104' title="bbox 1888 5071 3461 5142; baseline 0 -17"><span class='ocrx_word' id='word_1_804' title='bbox 1888 5073 1997 5125; x_wconf 79' lang='grc' dir='ltr'>Καὶ</span> <span class='ocrx_word' id='word_1_805' title='bbox 2050 5072 2140 5125; x_wconf 84' lang='grc' dir='ltr'>σοῦ</span> <span class='ocrx_word' id='word_1_806' title='bbox 2197 5071 2291 5126; x_wconf 74' lang='grc' dir='ltr'>οὖν</span> <span class='ocrx_word' id='word_1_807' title='bbox 2336 5074 2526 5140; x_wconf 85' lang='grc' dir='ltr'>αὐτῆς,</span> <span class='ocrx_word' id='word_1_808' title='bbox 2560 5076 2607 5125; x_wconf 90' lang='grc' dir='ltr'>εί</span> <span class='ocrx_word' id='word_1_809' title='bbox 2644 5073 2740 5126; x_wconf 79' lang='grc' dir='ltr'>καὶ</span> <span class='ocrx_word' id='word_1_810' title='bbox 2780 5072 2961 5134; x_wconf 80' lang='grc' dir='ltr'>καλῶς</span> <span class='ocrx_word' id='word_1_811' title='bbox 3004 5071 3071 5126; x_wconf 82' lang='grc' dir='ltr'>τὰ</span> <span class='ocrx_word' id='word_1_812' title='bbox 3114 5072 3206 5125; x_wconf 85' lang='grc' dir='ltr'>τοῦ</span> <span class='ocrx_word' id='word_1_813' title='bbox 3255 5074 3461 5142; x_wconf 84' lang='grc' dir='ltr'>Κυρίου</span> 
     </span>
    </p>
   </div>
   <div class='ocr_carea' id='block_1_105' title="bbox 1887 5162 3459 5235">
    <p class='ocr_par' dir='ltr' id='par_1_105' title="bbox 1887 5162 3459 5235">
     <span class='ocr_line' id='line_1_105' title="bbox 1887 5162 3459 5235; baseline -0.001 -18"><span class='ocrx_word' id='word_1_814' title='bbox 1887 5165 2091 5218; x_wconf 83' lang='grc' dir='ltr'>ἀνωθεν</span> <span class='ocrx_word' id='word_1_815' title='bbox 2115 5162 2417 5235; x_wconf 66' lang='grc' dir='ltr'>ἐδιδάχθης,</span> <span class='ocrx_word' id='word_1_816' title='bbox 2442 5163 2640 5235; x_wconf 67' lang='grc' dir='ltr'>ἆψεταί</span> <span class='ocrx_word' id='word_1_817' title='bbox 2666 5181 2751 5229; x_wconf 87' lang='grc' dir='ltr'>τις</span> <span class='ocrx_word' id='word_1_818' title='bbox 2780 5166 2960 5229; x_wconf 81' lang='grc' dir='ltr'>σάλος,</span> <span class='ocrx_word' id='word_1_819' title='bbox 2991 5165 3085 5217; x_wconf 80' lang='grc' dir='ltr'>καὶ</span> <span class='ocrx_word' id='word_1_820' title='bbox 3108 5162 3459 5231; x_wconf 88' lang='grc' dir='ltr'>διακρίνουσα</span> 
     </span>
    </p>
   </div>
   <div class='ocr_carea' id='block_1_106' title="bbox 1886 5254 3456 5329">
    <p class='ocr_par' dir='ltr' id='par_1_106' title="bbox 1886 5254 3456 5329">
     <span class='ocr_line' id='line_1_106' title="bbox 1886 5254 3456 5329; baseline -0.001 -20"><span class='ocrx_word' id='word_1_821' title='bbox 1886 5257 2010 5309; x_wconf 78' lang='grc' dir='ltr'>καθ’</span> <span class='ocrx_word' id='word_1_822' title='bbox 2039 5255 2236 5325; x_wconf 76' lang='grc' dir='ltr'>ἑαυτὴν</span> <span class='ocrx_word' id='word_1_823' title='bbox 2266 5256 2363 5329; x_wconf 74' lang='grc' dir='ltr'>ἔσῃ</span> <span class='ocrx_word' id='word_1_824' title='bbox 2387 5270 2406 5293; x_wconf 77' lang='grc' dir='ltr'><strong>ο</strong></span> <span class='ocrx_word' id='word_1_825' title='bbox 2440 5258 2585 5319; x_wconf 79' lang='grc' dir='ltr'>είκὸς</span> <span class='ocrx_word' id='word_1_826' title='bbox 2609 5258 2665 5309; x_wconf 77' lang='grc' dir='ltr'>δὲ</span> <span class='ocrx_word' id='word_1_827' title='bbox 2695 5257 2789 5309; x_wconf 78' lang='grc' dir='ltr'>καὶ</span> <span class='ocrx_word' id='word_1_828' title='bbox 2810 5257 2908 5328; x_wconf 79' lang='grc' dir='ltr'>τὴν</span> <span class='ocrx_word' id='word_1_829' title='bbox 2936 5256 3115 5326; x_wconf 86' lang='grc' dir='ltr'>λύπην</span> <span class='ocrx_word' id='word_1_830' title='bbox 3148 5254 3456 5317; x_wconf 77' lang='grc' dir='ltr'>αίνίξασθαι</span> 
     </span>
    </p>
   </div>
   <div class='ocr_carea' id='block_1_107' title="bbox 1883 5348 3454 5420">
    <p class='ocr_par' dir='ltr' id='par_1_107' title="bbox 1883 5348 3454 5420">
     <span class='ocr_line' id='line_1_107' title="bbox 1883 5348 3454 5420; baseline 0 -20"><span class='ocrx_word' id='word_1_831' title='bbox 1883 5348 1971 5401; x_wconf 79' lang='grc' dir='ltr'>διὰ</span> <span class='ocrx_word' id='word_1_832' title='bbox 1998 5350 2095 5418; x_wconf 86' lang='grc' dir='ltr'>τῆς</span> <span class='ocrx_word' id='word_1_833' title='bbox 2128 5350 2421 5419; x_wconf 79' lang='grc' dir='ltr'>ῥομφαίας·</span> <span class='ocrx_word' id='word_1_834' title='bbox 2457 5350 2493 5418; x_wconf 90' lang='grc' dir='ltr'>ῆ</span> <span class='ocrx_word' id='word_1_835' title='bbox 2524 5366 2588 5419; x_wconf 88' lang='grc' dir='ltr'>γε</span> <span class='ocrx_word' id='word_1_836' title='bbox 2622 5350 2763 5403; x_wconf 85' lang='grc' dir='ltr'>κατά</span> <span class='ocrx_word' id='word_1_837' title='bbox 2790 5351 2880 5402; x_wconf 80' lang='grc' dir='ltr'>τὸν</span> <span class='ocrx_word' id='word_1_838' title='bbox 2910 5349 3102 5420; x_wconf 77' lang='grc' dir='ltr'>καιρὸν</span> <span class='ocrx_word' id='word_1_839' title='bbox 3128 5348 3221 5403; x_wconf 87' lang='grc' dir='ltr'>τοῦ</span> <span class='ocrx_word' id='word_1_840' title='bbox 3252 5348 3454 5411; x_wconf 85' lang='grc' dir='ltr'>πάθους</span> 
     </span>
    </p>
   </div>
   <div class='ocr_carea' id='block_1_108' title="bbox 1889 5438 3453 5510">
    <p class='ocr_par' dir='ltr' id='par_1_108' title="bbox 1889 5438 3453 5510">
     <span class='ocr_line' id='line_1_108' title="bbox 1889 5438 3453 5510; baseline 0.002 -21"><span class='ocrx_word' id='word_1_841' title='bbox 1889 5440 2153 5508; x_wconf 83' lang='grc' dir='ltr'>συνέσχεν</span> <span class='ocrx_word' id='word_1_842' title='bbox 2199 5440 2391 5510; x_wconf 78' lang='grc' dir='ltr'>αὐτὴν,</span> <span class='ocrx_word' id='word_1_843' title='bbox 2423 5440 2725 5509; x_wconf 87' lang='grc' dir='ltr'>ἀγνοοῦσαν</span> <span class='ocrx_word' id='word_1_844' title='bbox 2762 5440 2836 5503; x_wconf 84' lang='grc' dir='ltr'>ὡς</span> <span class='ocrx_word' id='word_1_845' title='bbox 2871 5441 2965 5493; x_wconf 83' lang='grc' dir='ltr'>καὶ</span> <span class='ocrx_word' id='word_1_846' title='bbox 3010 5438 3173 5492; x_wconf 85' lang='grc' dir='ltr'>αὑτοῦ</span> <span class='ocrx_word' id='word_1_847' title='bbox 3218 5438 3453 5492; x_wconf 81' lang='grc' dir='ltr'>θανάτου</span> 
     </span>
    </p>
   </div>
   <div class='ocr_carea' id='block_1_109' title="bbox 1880 5529 3451 5602">
    <p class='ocr_par' dir='ltr' id='par_1_109' title="bbox 1880 5529 3451 5602">
     <span class='ocr_line' id='line_1_109' title="bbox 1880 5529 3451 5602; baseline 0.001 -20"><span class='ocrx_word' id='word_1_848' title='bbox 1880 5530 2035 5584; x_wconf 75' lang='grc' dir='ltr'>ἔσται</span> <span class='ocrx_word' id='word_1_849' title='bbox 2072 5534 2429 5602; x_wconf 82' lang='grc' dir='ltr'>περικρατής.</span> <span class='ocrx_word' id='word_1_850' title='bbox 2473 5533 2625 5584; x_wconf 73' lang='grc' dir='ltr'>Ἐπεὶ</span> <span class='ocrx_word' id='word_1_851' title='bbox 2657 5532 2750 5585; x_wconf 75' lang='grc' dir='ltr'>καὶ</span> <span class='ocrx_word' id='word_1_852' title='bbox 2783 5531 2938 5583; x_wconf 88' lang='grc' dir='ltr'>τοῦτο</span> <span class='ocrx_word' id='word_1_853' title='bbox 2966 5529 3161 5600; x_wconf 85' lang='grc' dir='ltr'>δηλοῦν</span> <span class='ocrx_word' id='word_1_854' title='bbox 3201 5530 3451 5599; x_wconf 82' lang='grc' dir='ltr'>βούλεται</span> 
     </span>
    </p>
   </div>
   <div class='ocr_carea' id='block_1_110' title="bbox 1880 5621 3451 5692">
    <p class='ocr_par' dir='ltr' id='par_1_110' title="bbox 1880 5621 3451 5692">
     <span class='ocr_line' id='line_1_110' title="bbox 1880 5621 3451 5692; baseline -0.001 -16"><span class='ocrx_word' id='word_1_855' title='bbox 1880 5625 1959 5685; x_wconf 83' lang='grc' dir='ltr'>τὸ,</span> <span class='ocrx_word' id='word_1_856' title='bbox 1984 5625 2176 5686; x_wconf 84' lang='grc' dir='ltr'>Ὅπως</span> <span class='ocrx_word' id='word_1_857' title='bbox 2199 5624 2275 5677; x_wconf 80' lang='grc' dir='ltr'>ἂν</span> <span class='ocrx_word' id='word_1_858' title='bbox 2299 5624 2811 5692; x_wconf 70' lang='grc' dir='ltr'>ἀποκαλυφθῶσιν</span> <span class='ocrx_word' id='word_1_859' title='bbox 2835 5624 2901 5675; x_wconf 72' lang='grc' dir='ltr'>ἐκ</span> <span class='ocrx_word' id='word_1_860' title='bbox 2923 5621 3170 5676; x_wconf 67' lang='grc' dir='ltr'>πολλῶν</span> <span class='ocrx_word' id='word_1_861' title='bbox 3195 5622 3451 5689; x_wconf 78' lang='grc' dir='ltr'>καρδιῶν</span> 
     </span>
    </p>
   </div>
   <div class='ocr_carea' id='block_1_111' title="bbox 1880 5712 3445 5784">
    <p class='ocr_par' dir='ltr' id='par_1_111' title="bbox 1880 5712 3445 5784">
     <span class='ocr_line' id='line_1_111' title="bbox 1880 5712 3445 5784; baseline -0.002 -17"><span class='ocrx_word' id='word_1_862' title='bbox 1880 5713 2284 5783; x_wconf 69' lang='grc' dir='ltr'>διαλογισμοί·</span> <span class='ocrx_word' id='word_1_863' title='bbox 2318 5715 2399 5767; x_wconf 80' lang='grc' dir='ltr'>ὅτι</span> <span class='ocrx_word' id='word_1_864' title='bbox 2424 5715 2561 5784; x_wconf 79' lang='grc' dir='ltr'>μετά</span> <span class='ocrx_word' id='word_1_865' title='bbox 2586 5716 2650 5765; x_wconf 72' lang='grc' dir='ltr'>τὰ</span> <span class='ocrx_word' id='word_1_866' title='bbox 2677 5714 2945 5767; x_wconf 81' lang='grc' dir='ltr'>σκάνδαλα</span> <span class='ocrx_word' id='word_1_867' title='bbox 2965 5714 3164 5784; x_wconf 83' lang='grc' dir='ltr'>δηλαδὴ</span> <span class='ocrx_word' id='word_1_868' title='bbox 3191 5713 3383 5775; x_wconf 80' lang='grc' dir='ltr'>ταῦτα,</span> <span class='ocrx_word' id='word_1_869' title='bbox 3410 5712 3445 5765; x_wconf 82' lang='grc' dir='ltr'>ἃ</span> 
     </span>
    </p>
   </div>
   <div class='ocr_carea' id='block_1_112' title="bbox 1880 5804 3440 5875">
    <p class='ocr_par' dir='ltr' id='par_1_112' title="bbox 1880 5804 3440 5875">
     <span class='ocr_line' id='line_1_112' title="bbox 1880 5804 3440 5875; baseline -0.001 -16"><span class='ocrx_word' id='word_1_870' title='bbox 1880 5808 1977 5875; x_wconf 80' lang='grc' dir='ltr'>τὴν</span> <span class='ocrx_word' id='word_1_871' title='bbox 2033 5806 2257 5875; x_wconf 69' lang='grc' dir='ltr'>καρδίαν</span> <span class='ocrx_word' id='word_1_872' title='bbox 2313 5807 2419 5859; x_wconf 87' lang='grc' dir='ltr'>τῶν</span> <span class='ocrx_word' id='word_1_873' title='bbox 2471 5806 2726 5875; x_wconf 70' lang='grc' dir='ltr'>μαθητῶν</span> <span class='ocrx_word' id='word_1_874' title='bbox 2774 5806 3001 5860; x_wconf 72' lang='grc' dir='ltr'>διέσεισε</span> <span class='ocrx_word' id='word_1_875' title='bbox 3053 5806 3145 5859; x_wconf 72' lang='grc' dir='ltr'>καὶ</span> <span class='ocrx_word' id='word_1_876' title='bbox 3201 5804 3440 5875; x_wconf 78' lang='grc' dir='ltr'>Μαρίας,</span> 
     </span>
    </p>
   </div>
   <div class='ocr_carea' id='block_1_113' title="bbox 1882 5896 3442 5971">
    <p class='ocr_par' dir='ltr' id='par_1_113' title="bbox 1882 5896 3442 5971">
     <span class='ocr_line' id='line_1_113' title="bbox 1882 5896 3442 5971; baseline 0 -22"><span class='ocrx_word' id='word_1_877' title='bbox 1882 5898 2055 5969; x_wconf 68' lang='grc' dir='ltr'>βραχὺ</span> <span class='ocrx_word' id='word_1_878' title='bbox 2094 5901 2148 5956; x_wconf 74' lang='grc' dir='ltr'>τὸ</span> <span class='ocrx_word' id='word_1_879' title='bbox 2182 5900 2237 5950; x_wconf 73' lang='grc' dir='ltr'>ἐν</span> <span class='ocrx_word' id='word_1_880' title='bbox 2281 5899 2450 5971; x_wconf 77' lang='grc' dir='ltr'>μέσῳ,</span> <span class='ocrx_word' id='word_1_881' title='bbox 2502 5898 2593 5952; x_wconf 64' lang='grc' dir='ltr'>καὶ</span> <span class='ocrx_word' id='word_1_882' title='bbox 2632 5902 2814 5968; x_wconf 68' lang='grc' dir='ltr'>ταχεῖα</span> <span class='ocrx_word' id='word_1_883' title='bbox 2852 5898 2931 5962; x_wconf 83' lang='grc' dir='ltr'>τίς</span> <span class='ocrx_word' id='word_1_884' title='bbox 2970 5896 3252 5966; x_wconf 67' lang='grc' dir='ltr'>ἐπέλαμψε</span> <span class='ocrx_word' id='word_1_885' title='bbox 3297 5899 3442 5967; x_wconf 71' lang='grc' dir='ltr'>παρὰ</span> 
     </span>
    </p>
   </div>
  </div>
