  <div class='ocr_page' id='page_1' title='image "/cluster/home/n/w/nwhite01/storage/ocr_20150623/115/uva.x004215515/299.png"; bbox 0 0 4158 6470; ppageno 0'>
   <div class='ocr_carea' id='block_1_1' title="bbox 728 399 838 463">
    <p class='ocr_par' dir='ltr' id='par_1_1' title="bbox 728 399 838 463">
     <span class='ocr_line' id='line_1_1' title="bbox 728 399 838 463; baseline 0 -2"><span class='ocrx_word' id='word_1_1' title='bbox 728 399 838 463; x_wconf 73' lang='grc'><strong>543</strong></span> 
     </span>
    </p>
   </div>
   <div class='ocr_carea' id='block_1_2' title="bbox 1998 378 2748 472">
    <p class='ocr_par' dir='ltr' id='par_1_2' title="bbox 1998 378 2748 472">
     <span class='ocr_line' id='line_1_2' title="bbox 1998 378 2748 472; baseline 0.005 -4"><span class='ocrx_word' id='word_1_2' title='bbox 1998 378 2278 468; x_wconf 72' lang='lat' dir='ltr'><strong>Mausrs</strong></span> <span class='ocrx_word' id='word_1_3' title='bbox 2317 405 2748 472; x_wconf 67' lang='lat' dir='ltr'><strong>aucusrus.</strong></span> 
     </span>
    </p>
   </div>
   <div class='ocr_carea' id='block_1_3' title="bbox 3886 406 3986 474">
    <p class='ocr_par' dir='ltr' id='par_1_3' title="bbox 3886 406 3986 474">
     <span class='ocr_line' id='line_1_3' title="bbox 3886 406 3986 474; baseline -0.08 0"><span class='ocrx_word' id='word_1_4' title='bbox 3886 406 3986 474; x_wconf 67' lang='grc' dir='ltr'>δη</span> 
     </span>
    </p>
   </div>
   <div class='ocr_carea' id='block_1_4' title="bbox 728 514 3983 593">
    <p class='ocr_par' dir='ltr' id='par_1_4' title="bbox 728 514 3983 593">
     <span class='ocr_line' id='line_1_4' title="bbox 728 514 3983 593; baseline 0.003 -31"><span class='ocrx_word' id='word_1_5' title='bbox 728 527 852 562; x_wconf 86' lang='lat' dir='ltr'><strong>nam</strong></span> <span class='ocrx_word' id='word_1_6' title='bbox 912 527 1038 581; x_wconf 75' lang='lat' dir='ltr'><strong>ergo</strong></span> <span class='ocrx_word' id='word_1_7' title='bbox 1081 515 1395 571; x_wconf 76' lang='lat' dir='ltr'><strong>existimare</strong></span> <span class='ocrx_word' id='word_1_8' title='bbox 1424 526 1642 586; x_wconf 84' lang='lat' dir='ltr'><strong>oportet</strong></span> <span class='ocrx_word' id='word_1_9' title='bbox 1690 520 1836 574; x_wconf 86' lang='lat' dir='ltr'><strong>hunc</strong></span> <span class='ocrx_word' id='word_1_10' title='bbox 1881 535 2001 574; x_wconf 86' lang='lat' dir='ltr'><strong>esse</strong></span> <span class='ocrx_word' id='word_1_11' title='bbox 2036 514 2375 589; x_wconf 76' lang='lat' dir='ltr'><strong>gladium?A</strong></span> <span class='ocrx_word' id='word_1_12' title='bbox 2420 524 2603 575; x_wconf 81' lang='lat' dir='ltr'><strong>statim</strong></span> <span class='ocrx_word' id='word_1_13' title='bbox 2680 532 2871 577; x_wconf 85' lang='lat' dir='ltr'><strong>testem</strong></span> <span class='ocrx_word' id='word_1_14' title='bbox 2949 522 3294 577; x_wconf 82' lang='lat' dir='ltr'><strong>adduxerunt</strong></span> <span class='ocrx_word' id='word_1_15' title='bbox 3360 524 3697 593; x_wconf 78' lang='lat' dir='ltr'><strong>prophetam,</strong></span> <span class='ocrx_word' id='word_1_16' title='bbox 3769 525 3862 592; x_wconf 90' lang='lat' dir='ltr'><strong>qui</strong></span> <span class='ocrx_word' id='word_1_17' title='bbox 3934 528 3983 578; x_wconf 78' lang='lat' dir='ltr'><strong>et</strong></span> 
     </span>
    </p>
   </div>
   <div class='ocr_carea' id='block_1_5' title="bbox 726 599 2307 681">
    <p class='ocr_par' dir='ltr' id='par_1_5' title="bbox 726 599 2307 681">
     <span class='ocr_line' id='line_1_5' title="bbox 726 599 2307 681; baseline 0.009 -29"><span class='ocrx_word' id='word_1_18' title='bbox 726 599 861 654; x_wconf 77' lang='lat' dir='ltr'><strong>Num</strong></span> <span class='ocrx_word' id='word_1_19' title='bbox 894 602 1314 669; x_wconf 69' lang='lat' dir='ltr'><strong>dubitationem,</strong></span> <span class='ocrx_word' id='word_1_20' title='bbox 1356 612 1750 672; x_wconf 89' lang='lat' dir='ltr'><strong>ostensionem,</strong></span> <span class='ocrx_word' id='word_1_21' title='bbox 1780 612 2150 676; x_wconf 82' lang='lat' dir='ltr'><strong>tentationem,</strong></span> <span class='ocrx_word' id='word_1_22' title='bbox 2187 626 2307 681; x_wconf 72' lang='lat' dir='ltr'><strong>qua:</strong></span> 
     </span>
    </p>
   </div>
   <div class='ocr_carea' id='block_1_6' title="bbox 728 693 2306 773">
    <p class='ocr_par' dir='ltr' id='par_1_6' title="bbox 728 693 2306 773">
     <span class='ocr_line' id='line_1_6' title="bbox 728 693 2306 773; baseline 0.008 -27"><span class='ocrx_word' id='word_1_23' title='bbox 728 693 780 746; x_wconf 86' lang='lat' dir='ltr'><strong>in</strong></span> <span class='ocrx_word' id='word_1_24' title='bbox 846 703 1093 763; x_wconf 89' lang='lat' dir='ltr'><strong>tempore</strong></span> <span class='ocrx_word' id='word_1_25' title='bbox 1144 700 1321 754; x_wconf 90' lang='lat' dir='ltr'><strong>crucis</strong></span> <span class='ocrx_word' id='word_1_26' title='bbox 1377 711 1561 765; x_wconf 80' lang='lat' dir='ltr'><strong>trram,</strong></span> <span class='ocrx_word' id='word_1_27' title='bbox 1619 720 1651 757; x_wconf 92' lang='grc' dir='ltr'>ο</span> <span class='ocrx_word' id='word_1_28' title='bbox 1703 703 1885 772; x_wconf 76' lang='lat' dir='ltr'><strong>Virgo,</strong></span> <span class='ocrx_word' id='word_1_29' title='bbox 1943 716 2306 773; x_wconf 86' lang='lat' dir='ltr'><strong>pervaseruut</strong></span> 
     </span>
    </p>
   </div>
   <div class='ocr_carea' id='block_1_7' title="bbox 728 784 2303 862">
    <p class='ocr_par' dir='ltr' id='par_1_7' title="bbox 728 784 2303 862">
     <span class='ocr_line' id='line_1_7' title="bbox 728 784 2303 862; baseline 0.008 -25"><span class='ocrx_word' id='word_1_30' title='bbox 728 784 1011 841; x_wconf 75' lang='lat' dir='ltr'><strong>animum?</strong></span> <span class='ocrx_word' id='word_1_31' title='bbox 1070 785 1147 840; x_wconf 88' lang='lat' dir='ltr'><strong>Te</strong></span> <span class='ocrx_word' id='word_1_32' title='bbox 1218 805 1346 859; x_wconf 77' lang='lat' dir='ltr'><strong>ergo</strong></span> <span class='ocrx_word' id='word_1_33' title='bbox 1426 792 1595 859; x_wconf 83' lang='lat' dir='ltr'>ipsam</span> <span class='ocrx_word' id='word_1_34' title='bbox 1650 809 1865 862; x_wconf 90' lang='lat' dir='ltr'><strong>quoque</strong></span> <span class='ocrx_word' id='word_1_35' title='bbox 1900 795 2108 848; x_wconf 89' lang='lat' dir='ltr'><strong>etiamsi</strong></span> <span class='ocrx_word' id='word_1_36' title='bbox 2144 798 2303 851; x_wconf 82' lang='lat' dir='ltr'><strong>desu-</strong></span> 
     </span>
    </p>
   </div>
   <div class='ocr_carea' id='block_1_8' title="bbox 728 876 2307 957">
    <p class='ocr_par' dir='ltr' id='par_1_8' title="bbox 728 876 2307 957">
     <span class='ocr_line' id='line_1_8' title="bbox 728 876 2307 957; baseline 0.009 -30"><span class='ocrx_word' id='word_1_37' title='bbox 728 890 822 937; x_wconf 79' lang='lat' dir='ltr'><strong>per</strong></span> <span class='ocrx_word' id='word_1_38' title='bbox 851 876 1061 930; x_wconf 86' lang='lat' dir='ltr'><strong>Domini</strong></span> <span class='ocrx_word' id='word_1_39' title='bbox 1098 880 1325 947; x_wconf 82' lang='lat' dir='ltr'><strong>pulchre</strong></span> <span class='ocrx_word' id='word_1_40' title='bbox 1371 898 1457 936; x_wconf 88' lang='lat' dir='ltr'><strong>res</strong></span> <span class='ocrx_word' id='word_1_41' title='bbox 1496 884 1757 943; x_wconf 82' lang='lat' dir='ltr'><strong>didicisti,</strong></span> <span class='ocrx_word' id='word_1_42' title='bbox 1790 886 2022 954; x_wconf 72' lang='lat' dir='ltr'><strong>attinget</strong></span> <span class='ocrx_word' id='word_1_43' title='bbox 2067 888 2307 957; x_wconf 86' lang='lat' dir='ltr'><strong>aliquid?</strong></span> 
     </span>
    </p>
   </div>
   <div class='ocr_carea' id='block_1_9' title="bbox 724 966 2304 1050">
    <p class='ocr_par' dir='ltr' id='par_1_9' title="bbox 724 966 2304 1050">
     <span class='ocr_line' id='line_1_9' title="bbox 724 966 2304 1050; baseline 0.013 -35"><span class='ocrx_word' id='word_1_44' title='bbox 724 966 1159 1023; x_wconf 83' lang='lat' dir='ltr'><strong>Convenientius</strong></span> <span class='ocrx_word' id='word_1_45' title='bbox 1234 981 1317 1025; x_wconf 78' lang='lat' dir='ltr'><strong>est</strong></span> <span class='ocrx_word' id='word_1_46' title='bbox 1383 986 1617 1039; x_wconf 92' lang='lat' dir='ltr'><strong>autem,</strong></span> <span class='ocrx_word' id='word_1_47' title='bbox 1685 978 1829 1045; x_wconf 89' lang='lat' dir='ltr'><strong>quod</strong></span> <span class='ocrx_word' id='word_1_48' title='bbox 1907 978 2154 1032; x_wconf 88' lang='lat' dir='ltr'><strong>dolorem</strong></span> <span class='ocrx_word' id='word_1_49' title='bbox 2223 982 2304 1050; x_wconf 89' lang='lat' dir='ltr'><strong>ip-</strong></span> 
     </span>
    </p>
   </div>
   <div class='ocr_carea' id='block_1_10' title="bbox 724 1059 2303 1139">
    <p class='ocr_par' dir='ltr' id='par_1_10' title="bbox 724 1059 2303 1139">
     <span class='ocr_line' id='line_1_10' title="bbox 724 1059 2303 1139; baseline 0.012 -32"><span class='ocrx_word' id='word_1_50' title='bbox 724 1072 843 1107; x_wconf 88' lang='lat' dir='ltr'><strong>sum</strong></span> <span class='ocrx_word' id='word_1_51' title='bbox 916 1059 1075 1127; x_wconf 77' lang='lat' dir='ltr'><strong>gladii</strong></span> <span class='ocrx_word' id='word_1_52' title='bbox 1147 1063 1367 1117; x_wconf 89' lang='lat' dir='ltr'><strong>nomine</strong></span> <span class='ocrx_word' id='word_1_53' title='bbox 1437 1066 1860 1135; x_wconf 75' lang='lat' dir='ltr'><strong>significaverit,</strong></span> <span class='ocrx_word' id='word_1_54' title='bbox 1929 1071 2022 1138; x_wconf 88' lang='lat' dir='ltr'><strong>qui</strong></span> <span class='ocrx_word' id='word_1_55' title='bbox 2088 1072 2303 1139; x_wconf 87' lang='lat' dir='ltr'><strong>quidem</strong></span> 
     </span>
    </p>
   </div>
   <div class='ocr_carea' id='block_1_11' title="bbox 726 1150 2304 1231">
    <p class='ocr_par' dir='ltr' id='par_1_11' title="bbox 726 1150 2304 1231">
     <span class='ocr_line' id='line_1_11' title="bbox 726 1150 2304 1231; baseline 0.013 -34"><span class='ocrx_word' id='word_1_56' title='bbox 726 1156 969 1213; x_wconf 86' lang='lat' dir='ltr'><strong>tempore</strong></span> <span class='ocrx_word' id='word_1_57' title='bbox 1037 1150 1312 1206; x_wconf 78' lang='lat' dir='ltr'><strong>Passionis</strong></span> <span class='ocrx_word' id='word_1_58' title='bbox 1371 1171 1489 1209; x_wconf 88' lang='lat' dir='ltr'><strong>eam</strong></span> <span class='ocrx_word' id='word_1_59' title='bbox 1564 1157 1790 1211; x_wconf 90' lang='lat' dir='ltr'><strong>invasit.</strong></span> <span class='ocrx_word' id='word_1_60' title='bbox 1846 1159 1979 1212; x_wconf 77' lang='lat' dir='ltr'><strong>Nam</strong></span> <span class='ocrx_word' id='word_1_61' title='bbox 2047 1162 2097 1214; x_wconf 90' lang='lat' dir='ltr'><strong>id</strong></span> <span class='ocrx_word' id='word_1_62' title='bbox 2164 1164 2304 1231; x_wconf 78' lang='lat' dir='ltr'><strong>qum]</strong></span> 
     </span>
    </p>
   </div>
   <div class='ocr_carea' id='block_1_12' title="bbox 724 1237 2310 1323">
    <p class='ocr_par' dir='ltr' id='par_1_12' title="bbox 724 1237 2310 1323">
     <span class='ocr_line' id='line_1_12' title="bbox 724 1237 2310 1323; baseline 0.013 -35"><span class='ocrx_word' id='word_1_63' title='bbox 724 1237 924 1290; x_wconf 88' lang='lat' dir='ltr'><strong>dicitur</strong></span> <span class='ocrx_word' id='word_1_64' title='bbox 994 1258 1005 1292; x_wconf 94' lang='lat'><strong>:</strong></span> <span class='ocrx_word' id='word_1_65' title='bbox 1070 1241 1131 1294; x_wconf 87' lang='lat' dir='ltr'><strong>Ut</strong></span> <span class='ocrx_word' id='word_1_66' title='bbox 1184 1246 1474 1298; x_wconf 78' lang='lat' dir='ltr'><strong>revelentur</strong></span> <span class='ocrx_word' id='word_1_67' title='bbox 1534 1264 1597 1300; x_wconf 79' lang='lat' dir='ltr'><strong>ea:</strong></span> <span class='ocrx_word' id='word_1_68' title='bbox 1656 1250 1831 1303; x_wconf 85' lang='lat' dir='ltr'><strong>multis</strong></span> <span class='ocrx_word' id='word_1_69' title='bbox 1875 1255 2115 1307; x_wconf 80' lang='lat' dir='ltr'><strong>cordibus</strong></span> <span class='ocrx_word' id='word_1_70' title='bbox 2168 1258 2310 1323; x_wconf 76' lang='lat' dir='ltr'><strong>cogi-</strong></span> 
     </span>
    </p>
   </div>
   <div class='ocr_carea' id='block_1_13' title="bbox 725 1330 2307 1413">
    <p class='ocr_par' dir='ltr' id='par_1_13' title="bbox 725 1330 2307 1413">
     <span class='ocr_line' id='line_1_13' title="bbox 725 1330 2307 1413; baseline 0.013 -35"><span class='ocrx_word' id='word_1_71' title='bbox 725 1330 974 1385; x_wconf 84' lang='lat' dir='ltr'><strong>tationes.</strong></span> <span class='ocrx_word' id='word_1_72' title='bbox 1020 1332 1085 1383; x_wconf 88' lang='lat' dir='ltr'><strong>ad</strong></span> <span class='ocrx_word' id='word_1_73' title='bbox 1127 1332 1424 1402; x_wconf 79' lang='lat' dir='ltr'><strong>discipulos</strong></span> <span class='ocrx_word' id='word_1_74' title='bbox 1477 1340 1666 1407; x_wconf 68' lang='lat' dir='ltr'><strong>magis,</strong></span> <span class='ocrx_word' id='word_1_75' title='bbox 1710 1357 1867 1407; x_wconf 89' lang='lat' dir='ltr'><strong>quam</strong></span> <span class='ocrx_word' id='word_1_76' title='bbox 1918 1345 1983 1395; x_wconf 91' lang='lat' dir='ltr'><strong>ad</strong></span> <span class='ocrx_word' id='word_1_77' title='bbox 2032 1360 2147 1397; x_wconf 87' lang='lat' dir='ltr'><strong>eam</strong></span> <span class='ocrx_word' id='word_1_78' title='bbox 2189 1362 2307 1413; x_wconf 86' lang='lat' dir='ltr'><strong>pcr-</strong></span> 
     </span>
    </p>
   </div>
   <div class='ocr_carea' id='block_1_14' title="bbox 726 1420 2305 1500">
    <p class='ocr_par' dir='ltr' id='par_1_14' title="bbox 726 1420 2305 1500">
     <span class='ocr_line' id='line_1_14' title="bbox 726 1420 2305 1500; baseline 0.012 -29"><span class='ocrx_word' id='word_1_79' title='bbox 726 1420 899 1473; x_wconf 86' lang='lat' dir='ltr'><strong>tinere</strong></span> <span class='ocrx_word' id='word_1_80' title='bbox 948 1422 1204 1478; x_wconf 85' lang='lat' dir='ltr'><strong>videtur:</strong></span> <span class='ocrx_word' id='word_1_81' title='bbox 1250 1442 1446 1496; x_wconf 79' lang='lat' dir='ltr'><strong>nempe</strong></span> <span class='ocrx_word' id='word_1_82' title='bbox 1507 1432 1651 1497; x_wconf 87' lang='lat' dir='ltr'><strong>quod</strong></span> <span class='ocrx_word' id='word_1_83' title='bbox 1698 1444 1821 1500; x_wconf 92' lang='lat' dir='ltr'><strong>post</strong></span> <span class='ocrx_word' id='word_1_84' title='bbox 1881 1437 2208 1489; x_wconf 81' lang='lat' dir='ltr'><strong>lentationes</strong></span> <span class='ocrx_word' id='word_1_85' title='bbox 2256 1446 2305 1490; x_wconf 89' lang='lat' dir='ltr'><strong>et</strong></span> 
     </span>
    </p>
   </div>
   <div class='ocr_carea' id='block_1_15' title="bbox 723 1512 2304 1591">
    <p class='ocr_par' dir='ltr' id='par_1_15' title="bbox 723 1512 2304 1591">
     <span class='ocr_line' id='line_1_15' title="bbox 723 1512 2304 1591; baseline 0.014 -31"><span class='ocrx_word' id='word_1_86' title='bbox 723 1512 1117 1572; x_wconf 80' lang='lat' dir='ltr'><strong>dubitationes.</strong></span> <span class='ocrx_word' id='word_1_87' title='bbox 1176 1531 1295 1584; x_wconf 65' lang='lat' dir='ltr'><strong>quae</strong></span> <span class='ocrx_word' id='word_1_88' title='bbox 1355 1536 1449 1571; x_wconf 80' lang='lat' dir='ltr'><strong>cur</strong></span> <span class='ocrx_word' id='word_1_89' title='bbox 1492 1536 1681 1575; x_wconf 89' lang='lat' dir='ltr'><strong>eorum</strong></span> <span class='ocrx_word' id='word_1_90' title='bbox 1728 1538 2145 1591; x_wconf 74' lang='lat' dir='ltr'><strong>concusserunt,</strong></span> <span class='ocrx_word' id='word_1_91' title='bbox 2200 1545 2304 1582; x_wconf 89' lang='lat' dir='ltr'><strong>non</strong></span> 
     </span>
    </p>
   </div>
   <div class='ocr_carea' id='block_1_16' title="bbox 726 1604 2303 1689">
    <p class='ocr_par' dir='ltr' id='par_1_16' title="bbox 726 1604 2303 1689">
     <span class='ocr_line' id='line_1_16' title="bbox 726 1604 2303 1689; baseline 0.013 -35"><span class='ocrx_word' id='word_1_92' title='bbox 726 1604 955 1656; x_wconf 77' lang='lat' dir='ltr'><strong>multum</strong></span> <span class='ocrx_word' id='word_1_93' title='bbox 1029 1609 1287 1674; x_wconf 89' lang='lat' dir='ltr'><strong>temporis</strong></span> <span class='ocrx_word' id='word_1_94' title='bbox 1340 1610 1680 1677; x_wconf 82' lang='lat' dir='ltr'><strong>intercessit,</strong></span> <span class='ocrx_word' id='word_1_95' title='bbox 1732 1626 1787 1669; x_wconf 90' lang='lat' dir='ltr'><strong>et</strong></span> <span class='ocrx_word' id='word_1_96' title='bbox 1841 1618 1994 1671; x_wconf 85' lang='lat' dir='ltr'><strong>velox</strong></span> <span class='ocrx_word' id='word_1_97' title='bbox 2058 1621 2303 1689; x_wconf 76' lang='lat' dir='ltr'><strong>quaedam</strong></span> 
     </span>
    </p>
   </div>
   <div class='ocr_carea' id='block_1_17' title="bbox 728 1693 2306 1778">
    <p class='ocr_par' dir='ltr' id='par_1_17' title="bbox 728 1693 2306 1778">
     <span class='ocr_line' id='line_1_17' title="bbox 728 1693 2306 1778; baseline 0.013 -34"><span class='ocrx_word' id='word_1_98' title='bbox 728 1693 905 1745; x_wconf 81' lang='lat' dir='ltr'><strong>illuxit</strong></span> <span class='ocrx_word' id='word_1_99' title='bbox 964 1710 993 1747; x_wconf 88' lang='lat' dir='ltr'><strong>a</strong></span> <span class='ocrx_word' id='word_1_100' title='bbox 1061 1694 1169 1749; x_wconf 93' lang='lat' dir='ltr'><strong>Deo</strong></span> <span class='ocrx_word' id='word_1_101' title='bbox 1240 1701 1476 1764; x_wconf 90' lang='lat' dir='ltr'><strong>curatio,</strong></span> <span class='ocrx_word' id='word_1_102' title='bbox 1541 1718 1731 1757; x_wconf 92' lang='lat' dir='ltr'><strong>eorum</strong></span> <span class='ocrx_word' id='word_1_103' title='bbox 1806 1708 2021 1763; x_wconf 90' lang='lat' dir='ltr'><strong>animos</strong></span> <span class='ocrx_word' id='word_1_104' title='bbox 2090 1712 2306 1778; x_wconf 79' lang='lat' dir='ltr'><strong>replens</strong></span> 
     </span>
    </p>
   </div>
   <div class='ocr_carea' id='block_1_18' title="bbox 726 1786 2305 1872">
    <p class='ocr_par' dir='ltr' id='par_1_18' title="bbox 726 1786 2305 1872">
     <span class='ocr_line' id='line_1_18' title="bbox 726 1786 2305 1872; baseline 0.011 -36"><span class='ocrx_word' id='word_1_105' title='bbox 726 1786 1138 1852; x_wconf 88' lang='lat' dir='ltr'><strong>tranquillitate,</strong></span> <span class='ocrx_word' id='word_1_106' title='bbox 1176 1798 1229 1841; x_wconf 91' lang='lat' dir='ltr'><strong>et</strong></span> <span class='ocrx_word' id='word_1_107' title='bbox 1256 1791 1321 1841; x_wconf 85' lang='lat' dir='ltr'><strong>ad</strong></span> <span class='ocrx_word' id='word_1_108' title='bbox 1349 1791 1507 1844; x_wconf 81' lang='lat' dir='ltr'><strong>fidem</strong></span> <span class='ocrx_word' id='word_1_109' title='bbox 1538 1810 1690 1848; x_wconf 90' lang='lat' dir='ltr'><strong>suam</strong></span> <span class='ocrx_word' id='word_1_110' title='bbox 1726 1797 2055 1854; x_wconf 78' lang='lat' dir='ltr'><strong>conﬁrmans</strong></span> <span class='ocrx_word' id='word_1_111' title='bbox 2094 1804 2305 1872; x_wconf 80' lang='lat' dir='ltr'><strong>magni-</strong></span> 
     </span>
    </p>
   </div>
   <div class='ocr_carea' id='block_1_19' title="bbox 724 1874 1405 1933">
    <p class='ocr_par' dir='ltr' id='par_1_19' title="bbox 724 1874 1405 1933">
     <span class='ocr_line' id='line_1_19' title="bbox 724 1874 1405 1933; baseline 0.013 -10"><span class='ocrx_word' id='word_1_112' title='bbox 724 1874 915 1926; x_wconf 90' lang='lat' dir='ltr'><strong>tudine</strong></span> <span class='ocrx_word' id='word_1_113' title='bbox 965 1878 1405 1933; x_wconf 81' lang='lat' dir='ltr'><strong>resurrectionis.</strong></span> 
     </span>
    </p>
   </div>
   <div class='ocr_carea' id='block_1_20' title="bbox 796 1965 2299 2056">
    <p class='ocr_par' dir='ltr' id='par_1_20' title="bbox 796 1965 2299 2056">
     <span class='ocr_line' id='line_1_20' title="bbox 796 1965 2299 2056; baseline 0.017 -38"><span class='ocrx_word' id='word_1_114' title='bbox 796 1965 908 2019; x_wconf 79' lang='lat' dir='ltr'><strong>XV.</strong></span> <span class='ocrx_word' id='word_1_115' title='bbox 951 1966 1058 2020; x_wconf 80' lang='lat' dir='ltr'><strong>Sed</strong></span> <span class='ocrx_word' id='word_1_116' title='bbox 1129 1969 1182 2023; x_wconf 90' lang='lat' dir='ltr'><strong>id</strong></span> <span class='ocrx_word' id='word_1_117' title='bbox 1233 1973 1376 2039; x_wconf 88' lang='lat' dir='ltr'><strong>quod</strong></span> <span class='ocrx_word' id='word_1_118' title='bbox 1430 1978 1634 2045; x_wconf 73' lang='lat' dir='ltr'><strong>C(Epit,</strong></span> <span class='ocrx_word' id='word_1_119' title='bbox 1688 1993 2048 2050; x_wconf 85' lang='lat' dir='ltr'><strong>persequatur</strong></span> <span class='ocrx_word' id='word_1_120' title='bbox 2107 1993 2299 2056; x_wconf 87' lang='lat' dir='ltr'><strong>oratio,</strong></span> 
     </span>
    </p>
   </div>
   <div class='ocr_carea' id='block_1_21' title="bbox 720 2060 2298 2144">
    <p class='ocr_par' dir='ltr' id='par_1_21' title="bbox 720 2060 2298 2144">
     <span class='ocr_line' id='line_1_21' title="bbox 720 2060 2298 2144; baseline 0.016 -35"><span class='ocrx_word' id='word_1_121' title='bbox 720 2067 776 2109; x_wconf 86' lang='lat' dir='ltr'><strong>et</strong></span> <span class='ocrx_word' id='word_1_122' title='bbox 806 2072 997 2110; x_wconf 89' lang='lat' dir='ltr'><strong>rursus</strong></span> <span class='ocrx_word' id='word_1_123' title='bbox 1027 2060 1257 2125; x_wconf 85' lang='lat' dir='ltr'><strong>accipiat</strong></span> <span class='ocrx_word' id='word_1_124' title='bbox 1292 2079 1352 2115; x_wconf 88' lang='lat' dir='ltr'><strong>ea</strong></span> <span class='ocrx_word' id='word_1_125' title='bbox 1385 2081 1504 2133; x_wconf 60' lang='lat' dir='ltr'><strong>quia</strong></span> <span class='ocrx_word' id='word_1_126' title='bbox 1550 2074 1915 2135; x_wconf 76' lang='lat' dir='ltr'><strong>praztcrmisit.</strong></span> <span class='ocrx_word' id='word_1_127' title='bbox 1950 2075 2079 2129; x_wconf 90' lang='lat' dir='ltr'><strong>Cum</strong></span> <span class='ocrx_word' id='word_1_128' title='bbox 2130 2085 2298 2144; x_wconf 89' lang='lat' dir='ltr'><strong>enim,</strong></span> 
     </span>
    </p>
   </div>
   <div class='ocr_carea' id='block_1_22' title="bbox 722 2147 2303 2229">
    <p class='ocr_par' dir='ltr' id='par_1_22' title="bbox 722 2147 2303 2229">
     <span class='ocr_line' id='line_1_22' title="bbox 722 2147 2303 2229; baseline 0.018 -32"><span class='ocrx_word' id='word_1_129' title='bbox 722 2147 917 2216; x_wconf 89' lang='lat' dir='ltr'><strong>inquit,</strong></span> <span class='ocrx_word' id='word_1_130' title='bbox 955 2160 1112 2203; x_wconf 87' lang='lat' dir='ltr'><strong>natus</strong></span> <span class='ocrx_word' id='word_1_131' title='bbox 1145 2163 1274 2205; x_wconf 86' lang='lat' dir='ltr'><strong>esset</strong></span> <span class='ocrx_word' id='word_1_132' title='bbox 1301 2153 1453 2208; x_wconf 82' lang='lat' dir='ltr'><strong>Jesus</strong></span> <span class='ocrx_word' id='word_1_133' title='bbox 1476 2158 1528 2209; x_wconf 85' lang='lat' dir='ltr'><strong>in</strong></span> <span class='ocrx_word' id='word_1_134' title='bbox 1551 2157 1809 2215; x_wconf 74' lang='lat' dir='ltr'><strong>Bethleem</strong></span> <span class='ocrx_word' id='word_1_135' title='bbox 1841 2162 2011 2229; x_wconf 66' lang='lat' dir='ltr'><strong>ludar,</strong></span> <span class='ocrx_word' id='word_1_136' title='bbox 2048 2170 2099 2220; x_wconf 80' lang='lat' dir='ltr'><strong>in</strong></span> <span class='ocrx_word' id='word_1_137' title='bbox 2128 2172 2303 2227; x_wconf 79' lang='lat' dir='ltr'><strong>diebus</strong></span> 
     </span>
    </p>
   </div>
   <div class='ocr_carea' id='block_1_23' title="bbox 724 2240 2304 2324">
    <p class='ocr_par' dir='ltr' id='par_1_23' title="bbox 724 2240 2304 2324">
     <span class='ocr_line' id='line_1_23' title="bbox 724 2240 2304 2324; baseline 0.017 -32"><span class='ocrx_word' id='word_1_138' title='bbox 724 2240 941 2296; x_wconf 77' lang='lat' dir='ltr'><strong>Herodis</strong></span> <span class='ocrx_word' id='word_1_139' title='bbox 1008 2246 1141 2311; x_wconf 84' lang='lat' dir='ltr'><strong>regis</strong></span> <span class='ocrx_word' id='word_1_140' title='bbox 1173 2249 1267 2300; x_wconf 83' lang='lat'><strong>&quot;‘.</strong></span> <span class='ocrx_word' id='word_1_141' title='bbox 1324 2247 1534 2303; x_wconf 81' lang='lat' dir='ltr'><strong>Vides?</strong></span> <span class='ocrx_word' id='word_1_142' title='bbox 1580 2252 1647 2306; x_wconf 91' lang='lat' dir='ltr'><strong>Et</strong></span> <span class='ocrx_word' id='word_1_143' title='bbox 1676 2262 1887 2324; x_wconf 88' lang='lat' dir='ltr'><strong>tempus</strong></span> <span class='ocrx_word' id='word_1_144' title='bbox 1936 2261 2092 2316; x_wconf 89' lang='lat' dir='ltr'><strong>nobis</strong></span> <span class='ocrx_word' id='word_1_145' title='bbox 2140 2280 2304 2319; x_wconf 86' lang='lat' dir='ltr'><strong>evan-</strong></span> 
     </span>
    </p>
   </div>
   <div class='ocr_carea' id='block_1_24' title="bbox 718 2335 2303 2425">
    <p class='ocr_par' dir='ltr' id='par_1_24' title="bbox 718 2335 2303 2425">
     <span class='ocr_line' id='line_1_24' title="bbox 718 2335 2303 2425; baseline 0.016 -40"><span class='ocrx_word' id='word_1_146' title='bbox 718 2335 937 2401; x_wconf 82' lang='lat' dir='ltr'><strong>gelisla,</strong></span> <span class='ocrx_word' id='word_1_147' title='bbox 972 2346 1024 2388; x_wconf 90' lang='lat' dir='ltr'><strong>et</strong></span> <span class='ocrx_word' id='word_1_148' title='bbox 1060 2339 1258 2404; x_wconf 89' lang='lat' dir='ltr'><strong>locum,</strong></span> <span class='ocrx_word' id='word_1_149' title='bbox 1306 2350 1361 2395; x_wconf 90' lang='lat' dir='ltr'><strong>et</strong></span> <span class='ocrx_word' id='word_1_150' title='bbox 1405 2346 1785 2399; x_wconf 89' lang='lat' dir='ltr'><strong>auctoritatem</strong></span> <span class='ocrx_word' id='word_1_151' title='bbox 1835 2350 2084 2407; x_wconf 87' lang='lat' dir='ltr'><strong>similiter</strong></span> <span class='ocrx_word' id='word_1_152' title='bbox 2138 2358 2303 2425; x_wconf 81' lang='lat' dir='ltr'><strong>signi-</strong></span> 
     </span>
    </p>
   </div>
   <div class='ocr_carea' id='block_1_25' title="bbox 721 2428 2304 2504">
    <p class='ocr_par' dir='ltr' id='par_1_25' title="bbox 721 2428 2304 2504">
     <span class='ocr_line' id='line_1_25' title="bbox 721 2428 2304 2504; baseline 0.016 -27"><span class='ocrx_word' id='word_1_153' title='bbox 721 2428 845 2479; x_wconf 87' lang='lat' dir='ltr'><strong>ticat</strong></span> <span class='ocrx_word' id='word_1_154' title='bbox 898 2432 1326 2485; x_wconf 86' lang='lat' dir='ltr'><strong>:auctoritatem</strong></span> <span class='ocrx_word' id='word_1_155' title='bbox 1392 2437 1630 2504; x_wconf 81' lang='lat' dir='ltr'><strong>quidem,</strong></span> <span class='ocrx_word' id='word_1_156' title='bbox 1693 2448 1751 2493; x_wconf 90' lang='lat' dir='ltr'><strong>ut</strong></span> <span class='ocrx_word' id='word_1_157' title='bbox 1812 2456 1936 2496; x_wconf 91' lang='lat' dir='ltr'><strong>eum</strong></span> <span class='ocrx_word' id='word_1_158' title='bbox 2000 2445 2069 2499; x_wconf 87' lang='lat' dir='ltr'><strong>ab</strong></span> <span class='ocrx_word' id='word_1_159' title='bbox 2137 2448 2304 2503; x_wconf 87' lang='lat' dir='ltr'><strong>altero</strong></span> 
     </span>
    </p>
   </div>
   <div class='ocr_carea' id='block_1_26' title="bbox 725 2511 2302 2600">
    <p class='ocr_par' dir='ltr' id='par_1_26' title="bbox 725 2511 2302 2600">
     <span class='ocr_line' id='line_1_26' title="bbox 725 2511 2302 2600; baseline 0.019 -37"><span class='ocrx_word' id='word_1_160' title='bbox 725 2511 939 2568; x_wconf 83' lang='lat' dir='ltr'><strong>Herode</strong></span> <span class='ocrx_word' id='word_1_161' title='bbox 1027 2518 1305 2575; x_wconf 86' lang='lat' dir='ltr'><strong>discernat</strong></span> <span class='ocrx_word' id='word_1_162' title='bbox 1370 2539 1435 2576; x_wconf 89' lang='lat' dir='ltr'><strong>ac</strong></span> <span class='ocrx_word' id='word_1_163' title='bbox 1495 2526 1814 2598; x_wconf 82' lang='lat' dir='ltr'><strong>distinguat,</strong></span> <span class='ocrx_word' id='word_1_164' title='bbox 1885 2534 1976 2600; x_wconf 89' lang='lat' dir='ltr'><strong>qui</strong></span> <span class='ocrx_word' id='word_1_165' title='bbox 2039 2536 2302 2593; x_wconf 84' lang='lat' dir='ltr'><strong>Joannem</strong></span> 
     </span>
    </p>
   </div>
   <div class='ocr_carea' id='block_1_27' title="bbox 720 2603 2300 2685">
    <p class='ocr_par' dir='ltr' id='par_1_27' title="bbox 720 2603 2300 2685">
     <span class='ocr_line' id='line_1_27' title="bbox 720 2603 2300 2685; baseline 0.018 -30"><span class='ocrx_word' id='word_1_166' title='bbox 720 2603 1072 2661; x_wconf 87' lang='lat' dir='ltr'><strong>interfecerat</strong></span> <span class='ocrx_word' id='word_1_167' title='bbox 1098 2610 1170 2674; x_wconf 82' lang='lat'>“;</span> <span class='ocrx_word' id='word_1_168' title='bbox 1202 2611 1291 2663; x_wconf 91' lang='lat' dir='ltr'><strong>ille</strong></span> <span class='ocrx_word' id='word_1_169' title='bbox 1315 2615 1460 2667; x_wconf 85' lang='lat' dir='ltr'><strong>enim</strong></span> <span class='ocrx_word' id='word_1_170' title='bbox 1506 2627 1623 2670; x_wconf 89' lang='lat' dir='ltr'><strong>erat</strong></span> <span class='ocrx_word' id='word_1_171' title='bbox 1661 2623 1952 2685; x_wconf 88' lang='lat' dir='ltr'><strong>tetrarcha,</strong></span> <span class='ocrx_word' id='word_1_172' title='bbox 1986 2624 2074 2679; x_wconf 88' lang='lat' dir='ltr'><strong>hic</strong></span> <span class='ocrx_word' id='word_1_173' title='bbox 2122 2641 2300 2684; x_wconf 89' lang='lat' dir='ltr'><strong>autem</strong></span> 
     </span>
    </p>
   </div>
   <div class='ocr_carea' id='block_1_28' title="bbox 728 2699 2302 2777">
    <p class='ocr_par' dir='ltr' id='par_1_28' title="bbox 728 2699 2302 2777">
     <span class='ocr_line' id='line_1_28' title="bbox 728 2699 2302 2777; baseline 0.018 -30"><span class='ocrx_word' id='word_1_174' title='bbox 728 2711 871 2764; x_wconf 79' lang='lat' dir='ltr'><strong>rex;</strong></span> <span class='ocrx_word' id='word_1_175' title='bbox 928 2699 1107 2755; x_wconf 90' lang='lat' dir='ltr'><strong>locum</strong></span> <span class='ocrx_word' id='word_1_176' title='bbox 1173 2718 1304 2756; x_wconf 90' lang='lat' dir='ltr'><strong>vero</strong></span> <span class='ocrx_word' id='word_1_177' title='bbox 1353 2714 1406 2759; x_wconf 90' lang='lat' dir='ltr'><strong>et</strong></span> <span class='ocrx_word' id='word_1_178' title='bbox 1457 2716 1697 2777; x_wconf 85' lang='lat' dir='ltr'><strong>tempus,</strong></span> <span class='ocrx_word' id='word_1_179' title='bbox 1758 2728 1858 2767; x_wconf 91' lang='lat' dir='ltr'><strong>nos</strong></span> <span class='ocrx_word' id='word_1_180' title='bbox 1925 2721 2302 2776; x_wconf 88' lang='lat' dir='ltr'><strong>transmittens</strong></span> 
     </span>
    </p>
   </div>
   <div class='ocr_carea' id='block_1_29' title="bbox 719 2790 2303 2878">
    <p class='ocr_par' dir='ltr' id='par_1_29' title="bbox 719 2790 2303 2878">
     <span class='ocr_line' id='line_1_29' title="bbox 719 2790 2303 2878; baseline 0.016 -37"><span class='ocrx_word' id='word_1_181' title='bbox 719 2790 783 2843; x_wconf 83' lang='lat' dir='ltr'><strong>ad</strong></span> <span class='ocrx_word' id='word_1_182' title='bbox 836 2795 1172 2860; x_wconf 83' lang='lat' dir='ltr'><strong>proplictias.</strong></span> <span class='ocrx_word' id='word_1_183' title='bbox 1210 2795 1451 2861; x_wconf 91' lang='lat' dir='ltr'><strong>Quarum</strong></span> <span class='ocrx_word' id='word_1_184' title='bbox 1498 2802 1725 2854; x_wconf 80' lang='lat' dir='ltr'><strong>alteram</strong></span> <span class='ocrx_word' id='word_1_185' title='bbox 1777 2807 1997 2868; x_wconf 80' lang='lat' dir='ltr'><strong>quidem</strong></span> <span class='ocrx_word' id='word_1_186' title='bbox 2054 2813 2303 2878; x_wconf 79' lang='lat' dir='ltr'><strong>prtedixit</strong></span> 
     </span>
    </p>
   </div>
   <div class='ocr_carea' id='block_1_30' title="bbox 726 2880 2297 2969">
    <p class='ocr_par' dir='ltr' id='par_1_30' title="bbox 726 2880 2297 2969">
     <span class='ocr_line' id='line_1_30' title="bbox 726 2880 2297 2969; baseline 0.016 -37"><span class='ocrx_word' id='word_1_187' title='bbox 726 2880 1020 2935; x_wconf 63' lang='lat' dir='ltr'><strong>Micltazas:</strong></span> <span class='ocrx_word' id='word_1_188' title='bbox 1092 2884 1156 2936; x_wconf 84' lang='lat' dir='ltr'><strong>Et</strong></span> <span class='ocrx_word' id='word_1_189' title='bbox 1192 2895 1248 2937; x_wconf 87' lang='lat' dir='ltr'><strong>tu</strong></span> <span class='ocrx_word' id='word_1_190' title='bbox 1314 2887 1600 2958; x_wconf 76' lang='lat' dir='ltr'><strong>Bethleem,</strong></span> <span class='ocrx_word' id='word_1_191' title='bbox 1658 2893 1869 2959; x_wconf 79' lang='lat' dir='ltr'><strong>dicens,</strong></span> <span class='ocrx_word' id='word_1_192' title='bbox 1929 2910 2073 2951; x_wconf 85' lang='lat' dir='ltr'><strong>terra</strong></span> <span class='ocrx_word' id='word_1_193' title='bbox 2134 2902 2297 2969; x_wconf 78' lang='lat' dir='ltr'><strong>Iuda,</strong></span> 
     </span>
    </p>
   </div>
   <div class='ocr_carea' id='block_1_31' title="bbox 721 2980 2298 3055">
    <p class='ocr_par' dir='ltr' id='par_1_31' title="bbox 721 2980 2298 3055">
     <span class='ocr_line' id='line_1_31' title="bbox 721 2980 2298 3055; baseline 0.017 -33"><span class='ocrx_word' id='word_1_194' title='bbox 721 2988 1055 3043; x_wconf 75' lang='lat' dir='ltr'><strong>nequaquam</strong></span> <span class='ocrx_word' id='word_1_195' title='bbox 1124 2993 1177 3030; x_wconf 86' lang='lat' dir='ltr'><strong>es</strong></span> <span class='ocrx_word' id='word_1_196' title='bbox 1241 2980 1459 3034; x_wconf 83' lang='lat' dir='ltr'><strong>minima</strong></span> <span class='ocrx_word' id='word_1_197' title='bbox 1531 2984 1587 3036; x_wconf 85' lang='lat' dir='ltr'><strong>in</strong></span> <span class='ocrx_word' id='word_1_198' title='bbox 1645 2989 1967 3055; x_wconf 73' lang='lat' dir='ltr'><strong>principibus</strong></span> <span class='ocrx_word' id='word_1_199' title='bbox 2042 2991 2186 3046; x_wconf 84' lang='lat' dir='ltr'><strong>Juda</strong></span> <span class='ocrx_word' id='word_1_200' title='bbox 2235 2997 2298 3049; x_wconf 85' lang='lat'><strong>&quot;.</strong></span> 
     </span>
    </p>
   </div>
   <div class='ocr_carea' id='block_1_32' title="bbox 720 3064 2300 3148">
    <p class='ocr_par' dir='ltr' id='par_1_32' title="bbox 720 3064 2300 3148">
     <span class='ocr_line' id='line_1_32' title="bbox 720 3064 2300 3148; baseline 0.016 -34"><span class='ocrx_word' id='word_1_201' title='bbox 720 3064 958 3117; x_wconf 75' lang='lat' dir='ltr'><strong>Alteram</strong></span> <span class='ocrx_word' id='word_1_202' title='bbox 996 3083 1123 3121; x_wconf 88' lang='lat' dir='ltr'><strong>vero</strong></span> <span class='ocrx_word' id='word_1_203' title='bbox 1156 3069 1324 3125; x_wconf 86' lang='lat' dir='ltr'><strong>Jacob</strong></span> <span class='ocrx_word' id='word_1_204' title='bbox 1358 3077 1662 3142; x_wconf 73' lang='lat' dir='ltr'><strong>patriarcha</strong></span> <span class='ocrx_word' id='word_1_205' title='bbox 1699 3094 1713 3129; x_wconf 87' lang='lat'><strong>:</strong></span> <span class='ocrx_word' id='word_1_206' title='bbox 1749 3080 1869 3131; x_wconf 80' lang='lat' dir='ltr'><strong>Non</strong></span> <span class='ocrx_word' id='word_1_207' title='bbox 1899 3082 2099 3148; x_wconf 82' lang='lat' dir='ltr'><strong>deﬁciet</strong></span> <span class='ocrx_word' id='word_1_208' title='bbox 2133 3088 2300 3148; x_wconf 85' lang='lat' dir='ltr'><strong>enim,</strong></span> 
     </span>
    </p>
   </div>
   <div class='ocr_carea' id='block_1_33' title="bbox 2416 612 3982 683">
    <p class='ocr_par' dir='ltr' id='par_1_33' title="bbox 2416 612 3982 683">
     <span class='ocr_line' id='line_1_33' title="bbox 2416 612 3982 683; baseline -0.001 -18"><span class='ocrx_word' id='word_1_209' title='bbox 2416 612 2693 667; x_wconf 80' lang='lat' dir='ltr'><strong>Bethleem</strong></span> <span class='ocrx_word' id='word_1_210' title='bbox 2762 612 3100 683; x_wconf 80' lang='lat' dir='ltr'><strong>magnifacit,</strong></span> <span class='ocrx_word' id='word_1_211' title='bbox 3155 622 3208 667; x_wconf 89' lang='lat' dir='ltr'><strong>et</strong></span> <span class='ocrx_word' id='word_1_212' title='bbox 3230 628 3297 667; x_wconf 79' lang='lat' dir='ltr'><strong>ex</strong></span> <span class='ocrx_word' id='word_1_213' title='bbox 3320 627 3382 668; x_wconf 87' lang='lat' dir='ltr'><strong>ea</strong></span> <span class='ocrx_word' id='word_1_214' title='bbox 3433 612 3626 667; x_wconf 81' lang='lat' dir='ltr'><strong>ducem</strong></span> <span class='ocrx_word' id='word_1_215' title='bbox 3686 613 3982 671; x_wconf 69' lang='lat' dir='ltr'><strong>exiturum,</strong></span> 
     </span>
    </p>
   </div>
   <div class='ocr_carea' id='block_1_34' title="bbox 2411 705 3981 774">
    <p class='ocr_par' dir='ltr' id='par_1_34' title="bbox 2411 705 3981 774">
     <span class='ocr_line' id='line_1_34' title="bbox 2411 705 3981 774; baseline -0.001 -16"><span class='ocrx_word' id='word_1_216' title='bbox 2411 714 2464 758; x_wconf 91' lang='lat' dir='ltr'><strong>et</strong></span> <span class='ocrx_word' id='word_1_217' title='bbox 2509 706 2767 774; x_wconf 89' lang='lat' dir='ltr'><strong>populum</strong></span> <span class='ocrx_word' id='word_1_218' title='bbox 2822 706 3182 760; x_wconf 86' lang='lat' dir='ltr'><strong>Israeliticum</strong></span> <span class='ocrx_word' id='word_1_219' title='bbox 3232 706 3299 759; x_wconf 88' lang='lat' dir='ltr'><strong>ab</strong></span> <span class='ocrx_word' id='word_1_220' title='bbox 3350 721 3415 760; x_wconf 88' lang='lat' dir='ltr'><strong>eo</strong></span> <span class='ocrx_word' id='word_1_221' title='bbox 3475 720 3599 759; x_wconf 82' lang='lat' dir='ltr'><strong>esse</strong></span> <span class='ocrx_word' id='word_1_222' title='bbox 3652 705 3981 774; x_wconf 87' lang='lat' dir='ltr'><strong>pascendum</strong></span> 
     </span>
    </p>
   </div>
   <div class='ocr_carea' id='block_1_35' title="bbox 2409 792 3981 863">
    <p class='ocr_par' dir='ltr' id='par_1_35' title="bbox 2409 792 3981 863">
     <span class='ocr_line' id='line_1_35' title="bbox 2409 792 3981 863; baseline 0.001 -20"><span class='ocrx_word' id='word_1_223' title='bbox 2409 794 2676 861; x_wconf 45' lang='lat' dir='ltr'><strong>pra‘dicit.</strong></span> <span class='ocrx_word' id='word_1_224' title='bbox 2714 794 2803 847; x_wconf 89' lang='lat' dir='ltr'><strong>Sic</strong></span> <span class='ocrx_word' id='word_1_225' title='bbox 2849 795 2885 847; x_wconf 90' lang='lat' dir='ltr'><strong>ii</strong></span> <span class='ocrx_word' id='word_1_226' title='bbox 2914 796 3006 863; x_wconf 89' lang='lat' dir='ltr'><strong>qui</strong></span> <span class='ocrx_word' id='word_1_227' title='bbox 3048 802 3203 847; x_wconf 89' lang='lat' dir='ltr'><strong>erant</strong></span> <span class='ocrx_word' id='word_1_228' title='bbox 3252 808 3439 847; x_wconf 83' lang='lat' dir='ltr'><strong>revera</strong></span> <span class='ocrx_word' id='word_1_229' title='bbox 3481 792 3709 857; x_wconf 90' lang='lat' dir='ltr'><strong>inimici,</strong></span> <span class='ocrx_word' id='word_1_230' title='bbox 3755 808 3981 846; x_wconf 82' lang='lat' dir='ltr'><strong>necesse</strong></span> 
     </span>
    </p>
   </div>
   <div class='ocr_carea' id='block_1_36' title="bbox 2410 886 3979 959">
    <p class='ocr_par' dir='ltr' id='par_1_36' title="bbox 2410 886 3979 959">
     <span class='ocr_line' id='line_1_36' title="bbox 2410 886 3979 959; baseline -0.001 -18"><span class='ocrx_word' id='word_1_231' title='bbox 2410 888 2682 942; x_wconf 86' lang='lat' dir='ltr'><strong>habebant</strong></span> <span class='ocrx_word' id='word_1_232' title='bbox 2734 890 2817 942; x_wconf 90' lang='lat' dir='ltr'><strong>vel</strong></span> <span class='ocrx_word' id='word_1_233' title='bbox 2859 889 3009 943; x_wconf 91' lang='lat' dir='ltr'><strong>inviti</strong></span> <span class='ocrx_word' id='word_1_234' title='bbox 3055 890 3267 958; x_wconf 89' lang='lat' dir='ltr'><strong>aperire</strong></span> <span class='ocrx_word' id='word_1_235' title='bbox 3313 888 3679 959; x_wconf 84' lang='lat' dir='ltr'><strong>prephetiain,</strong></span> <span class='ocrx_word' id='word_1_236' title='bbox 3729 886 3828 940; x_wconf 91' lang='lat' dir='ltr'><strong>etsi</strong></span> <span class='ocrx_word' id='word_1_237' title='bbox 3873 902 3979 940; x_wconf 80' lang='lat' dir='ltr'><strong>non</strong></span> 
     </span>
    </p>
   </div>
   <div class='ocr_carea' id='block_1_37' title="bbox 2409 978 3980 1047">
    <p class='ocr_par' dir='ltr' id='par_1_37' title="bbox 2409 978 3980 1047">
     <span class='ocr_line' id='line_1_37' title="bbox 2409 978 3980 1047; baseline -0.001 -15"><span class='ocrx_word' id='word_1_238' title='bbox 2409 994 2643 1032; x_wconf 86' lang='lat' dir='ltr'><strong>onmem.</strong></span> <span class='ocrx_word' id='word_1_239' title='bbox 2676 980 2829 1044; x_wconf 87' lang='lat' dir='ltr'><strong>Quod</strong></span> <span class='ocrx_word' id='word_1_240' title='bbox 2857 982 3000 1033; x_wconf 91' lang='lat' dir='ltr'><strong>enim</strong></span> <span class='ocrx_word' id='word_1_241' title='bbox 3028 980 3284 1046; x_wconf 88' lang='lat' dir='ltr'><strong>deinceps</strong></span> <span class='ocrx_word' id='word_1_242' title='bbox 3328 978 3591 1047; x_wconf 85' lang='lat' dir='ltr'><strong>sequitur,</strong></span> <span class='ocrx_word' id='word_1_243' title='bbox 3621 979 3980 1039; x_wconf 87' lang='lat' dir='ltr'><strong>reticuerunt,</strong></span> 
     </span>
    </p>
   </div>
   <div class='ocr_carea' id='block_1_38' title="bbox 2406 1072 3982 1141">
    <p class='ocr_par' dir='ltr' id='par_1_38' title="bbox 2406 1072 3982 1141">
     <span class='ocr_line' id='line_1_38' title="bbox 2406 1072 3982 1141; baseline -0.001 -17"><span class='ocrx_word' id='word_1_244' title='bbox 2406 1072 2550 1141; x_wconf 89' lang='lat' dir='ltr'><strong>quod</strong></span> <span class='ocrx_word' id='word_1_245' title='bbox 2590 1082 2673 1125; x_wconf 88' lang='lat' dir='ltr'><strong>est</strong></span> <span class='ocrx_word' id='word_1_246' title='bbox 2702 1091 2713 1126; x_wconf 93' lang='lat'>:</span> <span class='ocrx_word' id='word_1_247' title='bbox 2753 1072 3005 1141; x_wconf 74' lang='lat' dir='ltr'><strong>Egressus</strong></span> <span class='ocrx_word' id='word_1_248' title='bbox 3036 1074 3145 1141; x_wconf 83' lang='lat' dir='ltr'><strong>ejus</strong></span> <span class='ocrx_word' id='word_1_249' title='bbox 3180 1074 3241 1125; x_wconf 83' lang='lat' dir='ltr'><strong>ab</strong></span> <span class='ocrx_word' id='word_1_250' title='bbox 3272 1074 3444 1136; x_wconf 85' lang='lat' dir='ltr'><strong>initio,</strong></span> <span class='ocrx_word' id='word_1_251' title='bbox 3488 1088 3519 1124; x_wconf 87' lang='grc' dir='ltr'><em>α</em></span> <span class='ocrx_word' id='word_1_252' title='bbox 3545 1072 3726 1123; x_wconf 73' lang='lat' dir='ltr'><strong>diebus</strong></span> <span class='ocrx_word' id='word_1_253' title='bbox 3775 1074 3982 1123; x_wconf 71' lang='lat' dir='ltr'><strong>(eterni-</strong></span> 
     </span>
    </p>
   </div>
   <div class='ocr_carea' id='block_1_39' title="bbox 2410 1164 3983 1234">
    <p class='ocr_par' dir='ltr' id='par_1_39' title="bbox 2410 1164 3983 1234">
     <span class='ocr_line' id='line_1_39' title="bbox 2410 1164 3983 1234; baseline -0.001 -17"><span class='ocrx_word' id='word_1_254' title='bbox 2410 1167 2557 1221; x_wconf 82' lang='lat' dir='ltr'><strong>tatis.</strong></span> <span class='ocrx_word' id='word_1_255' title='bbox 2606 1164 2715 1219; x_wconf 90' lang='lat' dir='ltr'><strong>Cur</strong></span> <span class='ocrx_word' id='word_1_256' title='bbox 2759 1166 2837 1220; x_wconf 87' lang='lat' dir='ltr'><strong>sic</strong></span> <span class='ocrx_word' id='word_1_257' title='bbox 2894 1165 3202 1220; x_wconf 84' lang='lat' dir='ltr'><strong>fecerunt?</strong></span> <span class='ocrx_word' id='word_1_258' title='bbox 3260 1164 3414 1230; x_wconf 86' lang='lat' dir='ltr'><strong>Quod</strong></span> <span class='ocrx_word' id='word_1_259' title='bbox 3466 1166 3579 1234; x_wconf 79' lang='lat' dir='ltr'><strong>regi</strong></span> <span class='ocrx_word' id='word_1_260' title='bbox 3630 1165 3983 1233; x_wconf 81' lang='lat' dir='ltr'><strong>loquerentur</strong></span> 
     </span>
    </p>
   </div>
   <div class='ocr_carea' id='block_1_40' title="bbox 2407 1254 3979 1325">
    <p class='ocr_par' dir='ltr' id='par_1_40' title="bbox 2407 1254 3979 1325">
     <span class='ocr_line' id='line_1_40' title="bbox 2407 1254 3979 1325; baseline -0.002 -15"><span class='ocrx_word' id='word_1_261' title='bbox 2407 1259 2475 1311; x_wconf 88' lang='lat' dir='ltr'><strong>ad</strong></span> <span class='ocrx_word' id='word_1_262' title='bbox 2544 1260 2793 1325; x_wconf 85' lang='lat' dir='ltr'><strong>gratiam.</strong></span> <span class='ocrx_word' id='word_1_263' title='bbox 2855 1258 2945 1311; x_wconf 89' lang='lat' dir='ltr'><strong>Ille</strong></span> <span class='ocrx_word' id='word_1_264' title='bbox 3001 1266 3182 1310; x_wconf 90' lang='lat' dir='ltr'><strong>autem</strong></span> <span class='ocrx_word' id='word_1_265' title='bbox 3243 1256 3373 1325; x_wconf 85' lang='lat' dir='ltr'><strong>quid</strong></span> <span class='ocrx_word' id='word_1_266' title='bbox 3425 1254 3605 1309; x_wconf 81' lang='lat' dir='ltr'><strong>facit?</strong></span> <span class='ocrx_word' id='word_1_267' title='bbox 3660 1256 3979 1312; x_wconf 87' lang='lat' dir='ltr'><strong>Clanculum</strong></span> 
     </span>
    </p>
   </div>
   <div class='ocr_carea' id='block_1_41' title="bbox 2408 1349 3983 1419">
    <p class='ocr_par' dir='ltr' id='par_1_41' title="bbox 2408 1349 3983 1419">
     <span class='ocr_line' id='line_1_41' title="bbox 2408 1349 3983 1419; baseline -0.003 -16"><span class='ocrx_word' id='word_1_268' title='bbox 2408 1360 2566 1403; x_wconf 85' lang='lat' dir='ltr'><strong>vocat</strong></span> <span class='ocrx_word' id='word_1_269' title='bbox 2606 1350 2807 1418; x_wconf 74' lang='lat' dir='ltr'><strong>Magos,</strong></span> <span class='ocrx_word' id='word_1_270' title='bbox 2840 1349 3129 1419; x_wconf 77' lang='lat' dir='ltr'><strong>diligenter</strong></span> <span class='ocrx_word' id='word_1_271' title='bbox 3171 1358 3546 1415; x_wconf 89' lang='lat' dir='ltr'><strong>perscrutatur</strong></span> <span class='ocrx_word' id='word_1_272' title='bbox 3594 1349 3794 1401; x_wconf 87' lang='lat' dir='ltr'><strong>stultus</strong></span> <span class='ocrx_word' id='word_1_273' title='bbox 3849 1357 3983 1401; x_wconf 86' lang='lat' dir='ltr'><strong>tem-</strong></span> 
     </span>
    </p>
   </div>
   <div class='ocr_carea' id='block_1_42' title="bbox 2409 1437 3983 1507">
    <p class='ocr_par' dir='ltr' id='par_1_42' title="bbox 2409 1437 3983 1507">
     <span class='ocr_line' id='line_1_42' title="bbox 2409 1437 3983 1507; baseline -0.001 -17"><span class='ocrx_word' id='word_1_274' title='bbox 2409 1454 2511 1507; x_wconf 92' lang='lat' dir='ltr'><strong>pus</strong></span> <span class='ocrx_word' id='word_1_275' title='bbox 2560 1440 2752 1500; x_wconf 70' lang='lat' dir='ltr'><strong>stellze,</strong></span> <span class='ocrx_word' id='word_1_276' title='bbox 2801 1453 2920 1505; x_wconf 70' lang='lat' dir='ltr'><strong>quae</strong></span> <span class='ocrx_word' id='word_1_277' title='bbox 2986 1437 3237 1505; x_wconf 84' lang='lat' dir='ltr'><strong>apparuit</strong></span> <span class='ocrx_word' id='word_1_278' title='bbox 3306 1438 3406 1499; x_wconf 90' lang='lat' dir='ltr'><strong>eis,</strong></span> <span class='ocrx_word' id='word_1_279' title='bbox 3482 1437 3593 1505; x_wconf 86' lang='lat' dir='ltr'><strong>jam</strong></span> <span class='ocrx_word' id='word_1_280' title='bbox 3667 1437 3983 1505; x_wconf 65' lang='lat' dir='ltr'><strong>aggrediens</strong></span> 
     </span>
    </p>
   </div>
   <div class='ocr_carea' id='block_1_43' title="bbox 2410 1526 3981 1595">
    <p class='ocr_par' dir='ltr' id='par_1_43' title="bbox 2410 1526 3981 1595">
     <span class='ocr_line' id='line_1_43' title="bbox 2410 1526 3981 1595; baseline 0 -13"><span class='ocrx_word' id='word_1_281' title='bbox 2410 1528 2477 1582; x_wconf 88' lang='lat' dir='ltr'><strong>de</strong></span> <span class='ocrx_word' id='word_1_282' title='bbox 2544 1529 2725 1582; x_wconf 81' lang='lat' dir='ltr'><strong>medio</strong></span> <span class='ocrx_word' id='word_1_283' title='bbox 2780 1530 2969 1581; x_wconf 87' lang='lat' dir='ltr'><strong>tollere</strong></span> <span class='ocrx_word' id='word_1_284' title='bbox 3025 1529 3072 1581; x_wconf 94' lang='lat' dir='ltr'><strong>id</strong></span> <span class='ocrx_word' id='word_1_285' title='bbox 3139 1543 3247 1595; x_wconf 92' lang='lat' dir='ltr'><strong>quo</strong></span> <span class='ocrx_word' id='word_1_286' title='bbox 3321 1540 3508 1583; x_wconf 89' lang='lat' dir='ltr'><strong>natum</strong></span> <span class='ocrx_word' id='word_1_287' title='bbox 3578 1528 3773 1582; x_wconf 88' lang='lat' dir='ltr'><strong>fuerat.</strong></span> <span class='ocrx_word' id='word_1_288' title='bbox 3832 1526 3981 1593; x_wconf 84' lang='lat' dir='ltr'><strong>Quod</strong></span> 
     </span>
    </p>
   </div>
   <div class='ocr_carea' id='block_1_44' title="bbox 2409 1618 3982 1687">
    <p class='ocr_par' dir='ltr' id='par_1_44' title="bbox 2409 1618 3982 1687">
     <span class='ocr_line' id='line_1_44' title="bbox 2409 1618 3982 1687; baseline 0 -16"><span class='ocrx_word' id='word_1_289' title='bbox 2409 1620 2628 1687; x_wconf 86' lang='lat' dir='ltr'><strong>quidem</strong></span> <span class='ocrx_word' id='word_1_290' title='bbox 2685 1634 2793 1673; x_wconf 87' lang='lat' dir='ltr'><strong>non</strong></span> <span class='ocrx_word' id='word_1_291' title='bbox 2840 1620 3014 1672; x_wconf 80' lang='lat' dir='ltr'><strong>soium</strong></span> <span class='ocrx_word' id='word_1_292' title='bbox 3059 1626 3176 1671; x_wconf 90' lang='lat' dir='ltr'><strong>erat</strong></span> <span class='ocrx_word' id='word_1_293' title='bbox 3217 1619 3492 1681; x_wconf 64' lang='lat' dir='ltr'><strong>amentim,</strong></span> <span class='ocrx_word' id='word_1_294' title='bbox 3540 1619 3634 1673; x_wconf 91' lang='lat' dir='ltr'><strong>sed</strong></span> <span class='ocrx_word' id='word_1_295' title='bbox 3679 1619 3844 1671; x_wconf 87' lang='lat' dir='ltr'><strong>etiam</strong></span> <span class='ocrx_word' id='word_1_296' title='bbox 3899 1618 3982 1671; x_wconf 86' lang='lat' dir='ltr'><strong>in-</strong></span> 
     </span>
    </p>
   </div>
   <div class='ocr_carea' id='block_1_45' title="bbox 2410 1708 3984 1779">
    <p class='ocr_par' dir='ltr' id='par_1_45' title="bbox 2410 1708 3984 1779">
     <span class='ocr_line' id='line_1_45' title="bbox 2410 1708 3984 1779; baseline -0.003 -14"><span class='ocrx_word' id='word_1_297' title='bbox 2410 1713 2594 1765; x_wconf 63' lang='lat' dir='ltr'><strong>saniae.</strong></span> <span class='ocrx_word' id='word_1_298' title='bbox 2645 1712 2813 1779; x_wconf 81' lang='lat' dir='ltr'><strong>Cujus</strong></span> <span class='ocrx_word' id='word_1_299' title='bbox 2868 1709 3013 1763; x_wconf 88' lang='lat' dir='ltr'><strong>modi</strong></span> <span class='ocrx_word' id='word_1_300' title='bbox 3040 1709 3184 1762; x_wconf 89' lang='lat' dir='ltr'><strong>enim</strong></span> <span class='ocrx_word' id='word_1_301' title='bbox 3228 1717 3381 1761; x_wconf 82' lang='lat' dir='ltr'><strong>erant</strong></span> <span class='ocrx_word' id='word_1_302' title='bbox 3410 1723 3472 1760; x_wconf 87' lang='lat' dir='ltr'><strong>ea</strong></span> <span class='ocrx_word' id='word_1_303' title='bbox 3528 1725 3646 1776; x_wconf 70' lang='lat' dir='ltr'><strong>quae</strong></span> <span class='ocrx_word' id='word_1_304' title='bbox 3676 1709 3816 1763; x_wconf 88' lang='lat' dir='ltr'><strong>clam</strong></span> <span class='ocrx_word' id='word_1_305' title='bbox 3872 1708 3984 1762; x_wconf 78' lang='lat' dir='ltr'><strong>Ma-</strong></span> 
     </span>
    </p>
   </div>
   <div class='ocr_carea' id='block_1_46' title="bbox 2411 1800 3985 1871">
    <p class='ocr_par' dir='ltr' id='par_1_46' title="bbox 2411 1800 3985 1871">
     <span class='ocr_line' id='line_1_46' title="bbox 2411 1800 3985 1871; baseline 0.001 -20"><span class='ocrx_word' id='word_1_306' title='bbox 2411 1804 2491 1871; x_wconf 71' lang='lat' dir='ltr'><strong>gis</strong></span> <span class='ocrx_word' id='word_1_307' title='bbox 2542 1804 2747 1856; x_wconf 75' lang='lat' dir='ltr'><strong>vocatis</strong></span> <span class='ocrx_word' id='word_1_308' title='bbox 2778 1803 3064 1870; x_wconf 79' lang='lat' dir='ltr'><strong>loquitur?</strong></span> <span class='ocrx_word' id='word_1_309' title='bbox 3099 1800 3193 1865; x_wconf 89' lang='lat' dir='ltr'><strong>Ite,</strong></span> <span class='ocrx_word' id='word_1_310' title='bbox 3239 1809 3285 1854; x_wconf 89' lang='lat' dir='ltr'><strong>et</strong></span> <span class='ocrx_word' id='word_1_311' title='bbox 3311 1800 3582 1869; x_wconf 82' lang='lat' dir='ltr'><strong>diligenter</strong></span> <span class='ocrx_word' id='word_1_312' title='bbox 3632 1802 3885 1869; x_wconf 80' lang='lat' dir='ltr'><strong>inquirite</strong></span> <span class='ocrx_word' id='word_1_313' title='bbox 3926 1801 3985 1853; x_wconf 85' lang='lat' dir='ltr'><strong>de</strong></span> 
     </span>
    </p>
   </div>
   <div class='ocr_carea' id='block_1_47' title="bbox 2407 1892 3986 1964">
    <p class='ocr_par' dir='ltr' id='par_1_47' title="bbox 2407 1892 3986 1964">
     <span class='ocr_line' id='line_1_47' title="bbox 2407 1892 3986 1964; baseline 0.001 -19"><span class='ocrx_word' id='word_1_314' title='bbox 2407 1908 2567 1959; x_wconf 85' lang='lat' dir='ltr'><strong>puero</strong></span> <span class='ocrx_word' id='word_1_315' title='bbox 2612 1910 2631 1947; x_wconf 90' lang='lat'><strong><em>:</em></strong></span> <span class='ocrx_word' id='word_1_316' title='bbox 2694 1905 2967 1964; x_wconf 84' lang='lat' dir='ltr'><strong>postquam</strong></span> <span class='ocrx_word' id='word_1_317' title='bbox 3038 1903 3212 1946; x_wconf 88' lang='lat' dir='ltr'><strong>autem</strong></span> <span class='ocrx_word' id='word_1_318' title='bbox 3287 1892 3606 1955; x_wconf 85' lang='lat' dir='ltr'><strong>inveneritis,</strong></span> <span class='ocrx_word' id='word_1_319' title='bbox 3692 1896 3986 1946; x_wconf 84' lang='lat' dir='ltr'><strong>renuntiate</strong></span> 
     </span>
    </p>
   </div>
   <div class='ocr_carea' id='block_1_48' title="bbox 2409 1985 3986 2055">
    <p class='ocr_par' dir='ltr' id='par_1_48' title="bbox 2409 1985 3986 2055">
     <span class='ocr_line' id='line_1_48' title="bbox 2409 1985 3986 2055; baseline -0.001 -17"><span class='ocrx_word' id='word_1_320' title='bbox 2409 1986 2556 2045; x_wconf 86' lang='lat' dir='ltr'><strong>nti/ti,</strong></span> <span class='ocrx_word' id='word_1_321' title='bbox 2584 1994 2640 2037; x_wconf 88' lang='lat' dir='ltr'><strong>ut</strong></span> <span class='ocrx_word' id='word_1_322' title='bbox 2681 2002 2773 2055; x_wconf 86' lang='lat' dir='ltr'><strong>ego</strong></span> <span class='ocrx_word' id='word_1_323' title='bbox 2820 2002 3023 2054; x_wconf 81' lang='lat' dir='ltr'><strong>quoque</strong></span> <span class='ocrx_word' id='word_1_324' title='bbox 3055 1987 3281 2047; x_wconf 80' lang='lat' dir='ltr'><strong>veniens,</strong></span> <span class='ocrx_word' id='word_1_325' title='bbox 3313 2001 3430 2038; x_wconf 85' lang='lat' dir='ltr'><strong>eum</strong></span> <span class='ocrx_word' id='word_1_326' title='bbox 3480 1987 3713 2037; x_wconf 87' lang='lat' dir='ltr'><strong>adorem.</strong></span> <span class='ocrx_word' id='word_1_327' title='bbox 3750 1985 3986 2038; x_wconf 81' lang='lat' dir='ltr'><strong>Evideus</strong></span> 
     </span>
    </p>
   </div>
   <div class='ocr_carea' id='block_1_49' title="bbox 2405 2076 3987 2148">
    <p class='ocr_par' dir='ltr' id='par_1_49' title="bbox 2405 2076 3987 2148">
     <span class='ocr_line' id='line_1_49' title="bbox 2405 2076 3987 2148; baseline -0.004 -15"><span class='ocrx_word' id='word_1_328' title='bbox 2405 2088 2461 2134; x_wconf 88' lang='lat' dir='ltr'><strong>et</strong></span> <span class='ocrx_word' id='word_1_329' title='bbox 2520 2092 2708 2148; x_wconf 89' lang='lat' dir='ltr'><strong>aperta</strong></span> <span class='ocrx_word' id='word_1_330' title='bbox 2762 2078 2993 2133; x_wconf 82' lang='lat' dir='ltr'><strong>insania.</strong></span> <span class='ocrx_word' id='word_1_331' title='bbox 3059 2078 3115 2131; x_wconf 88' lang='lat' dir='ltr'><strong>Si</strong></span> <span class='ocrx_word' id='word_1_332' title='bbox 3177 2078 3324 2132; x_wconf 90' lang='lat' dir='ltr'><strong>enim</strong></span> <span class='ocrx_word' id='word_1_333' title='bbox 3384 2092 3512 2133; x_wconf 89' lang='lat' dir='ltr'><strong>vera</strong></span> <span class='ocrx_word' id='word_1_334' title='bbox 3571 2076 3792 2147; x_wconf 88' lang='lat' dir='ltr'><strong>quidem</strong></span> <span class='ocrx_word' id='word_1_335' title='bbox 3864 2083 3987 2130; x_wconf 86' lang='lat' dir='ltr'><strong>sunt</strong></span> 
     </span>
    </p>
   </div>
   <div class='ocr_carea' id='block_1_50' title="bbox 2404 2167 3987 2232">
    <p class='ocr_par' dir='ltr' id='par_1_50' title="bbox 2404 2167 3987 2232">
     <span class='ocr_line' id='line_1_50' title="bbox 2404 2167 3987 2232; baseline -0.004 -9"><span class='ocrx_word' id='word_1_336' title='bbox 2404 2172 2594 2232; x_wconf 87' lang='lat' dir='ltr'><strong>verba,</strong></span> <span class='ocrx_word' id='word_1_337' title='bbox 2647 2179 2702 2224; x_wconf 90' lang='lat' dir='ltr'><strong>et</strong></span> <span class='ocrx_word' id='word_1_338' title='bbox 2763 2184 2872 2223; x_wconf 88' lang='lat' dir='ltr'><strong>non</strong></span> <span class='ocrx_word' id='word_1_339' title='bbox 2934 2168 3217 2230; x_wconf 89' lang='lat' dir='ltr'><strong>insidiosa,</strong></span> <span class='ocrx_word' id='word_1_340' title='bbox 3267 2182 3365 2222; x_wconf 91' lang='lat' dir='ltr'><strong>cur</strong></span> <span class='ocrx_word' id='word_1_341' title='bbox 3420 2182 3546 2221; x_wconf 92' lang='lat' dir='ltr'><strong>cum</strong></span> <span class='ocrx_word' id='word_1_342' title='bbox 3599 2167 3680 2221; x_wconf 90' lang='lat' dir='ltr'><strong>eis</strong></span> <span class='ocrx_word' id='word_1_343' title='bbox 3753 2168 3987 2219; x_wconf 86' lang='lat' dir='ltr'><strong>latenter</strong></span> 
     </span>
    </p>
   </div>
   <div class='ocr_carea' id='block_1_51' title="bbox 2406 2258 3986 2332">
    <p class='ocr_par' dir='ltr' id='par_1_51' title="bbox 2406 2258 3986 2332">
     <span class='ocr_line' id='line_1_51' title="bbox 2406 2258 3986 2332; baseline -0.006 -14"><span class='ocrx_word' id='word_1_344' title='bbox 2406 2263 2755 2332; x_wconf 81' lang='lat' dir='ltr'><strong>congrederis</strong></span> <span class='ocrx_word' id='word_1_345' title='bbox 2808 2263 2829 2314; x_wconf 85' lang='lat'><strong>?</strong></span> <span class='ocrx_word' id='word_1_346' title='bbox 2883 2260 2978 2314; x_wconf 85' lang='lat' dir='ltr'><strong>Sin</strong></span> <span class='ocrx_word' id='word_1_347' title='bbox 3036 2270 3218 2313; x_wconf 89' lang='lat' dir='ltr'><strong>autem</strong></span> <span class='ocrx_word' id='word_1_348' title='bbox 3278 2259 3360 2313; x_wconf 89' lang='lat' dir='ltr'><strong>vis</strong></span> <span class='ocrx_word' id='word_1_349' title='bbox 3421 2258 3620 2326; x_wconf 88' lang='lat' dir='ltr'><strong>aliquid</strong></span> <span class='ocrx_word' id='word_1_350' title='bbox 3704 2258 3986 2312; x_wconf 88' lang='lat' dir='ltr'><strong>sinistrum</strong></span> 
     </span>
    </p>
   </div>
   <div class='ocr_carea' id='block_1_52' title="bbox 2406 2350 3988 2419">
    <p class='ocr_par' dir='ltr' id='par_1_52' title="bbox 2406 2350 3988 2419">
     <span class='ocr_line' id='line_1_52' title="bbox 2406 2350 3988 2419; baseline -0.003 -12"><span class='ocrx_word' id='word_1_351' title='bbox 2406 2353 2581 2407; x_wconf 88' lang='lat' dir='ltr'><strong>celare</strong></span> <span class='ocrx_word' id='word_1_352' title='bbox 2623 2361 2673 2406; x_wconf 91' lang='lat' dir='ltr'><strong>et</strong></span> <span class='ocrx_word' id='word_1_353' title='bbox 2723 2352 2991 2415; x_wconf 88' lang='lat' dir='ltr'><strong>dolosum,</strong></span> <span class='ocrx_word' id='word_1_354' title='bbox 3041 2350 3316 2418; x_wconf 87' lang='lat' dir='ltr'><strong>quomodo</strong></span> <span class='ocrx_word' id='word_1_355' title='bbox 3365 2365 3433 2402; x_wconf 89' lang='lat' dir='ltr'><strong>ne</strong></span> <span class='ocrx_word' id='word_1_356' title='bbox 3481 2350 3583 2403; x_wconf 89' lang='lat' dir='ltr'><strong>hoc</strong></span> <span class='ocrx_word' id='word_1_357' title='bbox 3622 2351 3848 2418; x_wconf 85' lang='lat' dir='ltr'><strong>quidem</strong></span> <span class='ocrx_word' id='word_1_358' title='bbox 3895 2364 3988 2419; x_wconf 87' lang='lat' dir='ltr'><strong>po-</strong></span> 
     </span>
    </p>
   </div>
   <div class='ocr_carea' id='block_1_53' title="bbox 2408 2437 3989 2513">
    <p class='ocr_par' dir='ltr' id='par_1_53' title="bbox 2408 2437 3989 2513">
     <span class='ocr_line' id='line_1_53' title="bbox 2408 2437 3989 2513; baseline -0.002 -15"><span class='ocrx_word' id='word_1_359' title='bbox 2408 2444 2555 2498; x_wconf 89' lang='lat' dir='ltr'><strong>tuisti</strong></span> <span class='ocrx_word' id='word_1_360' title='bbox 2598 2437 2929 2513; x_wconf 66' lang='lat' dir='ltr'><strong>perspicere,</strong></span> <span class='ocrx_word' id='word_1_361' title='bbox 2982 2442 3126 2510; x_wconf 86' lang='lat' dir='ltr'><strong>quod</strong></span> <span class='ocrx_word' id='word_1_362' title='bbox 3175 2442 3253 2495; x_wconf 91' lang='lat' dir='ltr'><strong>sic</strong></span> <span class='ocrx_word' id='word_1_363' title='bbox 3283 2456 3313 2493; x_wconf 92' lang='lat' dir='ltr'><strong>a</strong></span> <span class='ocrx_word' id='word_1_364' title='bbox 3352 2439 3518 2505; x_wconf 78' lang='lat' dir='ltr'><strong>Magis</strong></span> <span class='ocrx_word' id='word_1_365' title='bbox 3560 2441 3989 2507; x_wconf 80' lang='lat' dir='ltr'><strong>deprehenderis</strong></span> 
     </span>
    </p>
   </div>
   <div class='ocr_carea' id='block_1_54' title="bbox 2405 2529 3990 2605">
    <p class='ocr_par' dir='ltr' id='par_1_54' title="bbox 2405 2529 3990 2605">
     <span class='ocr_line' id='line_1_54' title="bbox 2405 2529 3990 2605; baseline -0.005 -17"><span class='ocrx_word' id='word_1_366' title='bbox 2405 2535 2638 2605; x_wconf 81' lang='lat' dir='ltr'><strong>maligne</strong></span> <span class='ocrx_word' id='word_1_367' title='bbox 2684 2543 2733 2587; x_wconf 90' lang='lat' dir='ltr'><strong>et</strong></span> <span class='ocrx_word' id='word_1_368' title='bbox 2779 2533 3042 2588; x_wconf 86' lang='lat' dir='ltr'><strong>scelerate</strong></span> <span class='ocrx_word' id='word_1_369' title='bbox 3082 2546 3291 2603; x_wconf 69' lang='lat' dir='ltr'><strong>gerere,</strong></span> <span class='ocrx_word' id='word_1_370' title='bbox 3332 2531 3475 2600; x_wconf 88' lang='lat' dir='ltr'><strong>quod</strong></span> <span class='ocrx_word' id='word_1_371' title='bbox 3523 2545 3735 2598; x_wconf 66' lang='lat' dir='ltr'><strong>quiens</strong></span> <span class='ocrx_word' id='word_1_372' title='bbox 3773 2529 3990 2583; x_wconf 74' lang='lat' dir='ltr'><strong>latere?</strong></span> 
     </span>
    </p>
   </div>
   <div class='ocr_carea' id='block_1_55' title="bbox 2409 2622 3988 2693">
    <p class='ocr_par' dir='ltr' id='par_1_55' title="bbox 2409 2622 3988 2693">
     <span class='ocr_line' id='line_1_55' title="bbox 2409 2622 3988 2693; baseline -0.004 -12"><span class='ocrx_word' id='word_1_373' title='bbox 2409 2628 2551 2681; x_wconf 89' lang='lat' dir='ltr'><strong>Hinc</strong></span> <span class='ocrx_word' id='word_1_374' title='bbox 2596 2643 2720 2681; x_wconf 91' lang='lat' dir='ltr'><strong>cum</strong></span> <span class='ocrx_word' id='word_1_375' title='bbox 2766 2627 2920 2681; x_wconf 83' lang='lat' dir='ltr'><strong>stella</strong></span> <span class='ocrx_word' id='word_1_376' title='bbox 2971 2626 3051 2679; x_wconf 89' lang='lat' dir='ltr'><strong>eis</strong></span> <span class='ocrx_word' id='word_1_377' title='bbox 3104 2640 3293 2678; x_wconf 85' lang='lat' dir='ltr'><strong>rursus</strong></span> <span class='ocrx_word' id='word_1_378' title='bbox 3348 2622 3707 2693; x_wconf 83' lang='lat' dir='ltr'><strong>apparuisset,</strong></span> <span class='ocrx_word' id='word_1_379' title='bbox 3753 2623 3837 2675; x_wconf 90' lang='lat' dir='ltr'><strong>eis</strong></span> <span class='ocrx_word' id='word_1_380' title='bbox 3889 2624 3988 2675; x_wconf 79' lang='lat' dir='ltr'><strong>dux</strong></span> 
     </span>
    </p>
   </div>
   <div class='ocr_carea' id='block_1_56' title="bbox 2406 2716 3989 2781">
    <p class='ocr_par' dir='ltr' id='par_1_56' title="bbox 2406 2716 3989 2781">
     <span class='ocr_line' id='line_1_56' title="bbox 2406 2716 3989 2781; baseline -0.005 -7"><span class='ocrx_word' id='word_1_381' title='bbox 2406 2720 2655 2781; x_wconf 70' lang='lat' dir='ltr'><strong>edicitur,</strong></span> <span class='ocrx_word' id='word_1_382' title='bbox 2730 2719 2872 2773; x_wconf 91' lang='lat' dir='ltr'><strong>sicut</strong></span> <span class='ocrx_word' id='word_1_383' title='bbox 2934 2719 3001 2770; x_wconf 89' lang='lat' dir='ltr'><strong>ab</strong></span> <span class='ocrx_word' id='word_1_384' title='bbox 3068 2719 3246 2769; x_wconf 88' lang='lat' dir='ltr'><strong>initio.</strong></span> <span class='ocrx_word' id='word_1_385' title='bbox 3301 2718 3581 2769; x_wconf 75' lang='lat' dir='ltr'><strong>Absconsa</strong></span> <span class='ocrx_word' id='word_1_386' title='bbox 3645 2716 3793 2769; x_wconf 84' lang='lat' dir='ltr'><strong>enim</strong></span> <span class='ocrx_word' id='word_1_387' title='bbox 3853 2725 3989 2773; x_wconf 87' lang='lat' dir='ltr'><strong>erat.</strong></span> 
     </span>
    </p>
   </div>
   <div class='ocr_carea' id='block_1_57' title="bbox 2406 2803 3987 2880">
    <p class='ocr_par' dir='ltr' id='par_1_57' title="bbox 2406 2803 3987 2880">
     <span class='ocr_line' id='line_1_57' title="bbox 2406 2803 3987 2880; baseline -0.006 -17"><span class='ocrx_word' id='word_1_388' title='bbox 2406 2819 2689 2880; x_wconf 85' lang='lat' dir='ltr'><strong>postquam</strong></span> <span class='ocrx_word' id='word_1_389' title='bbox 2749 2817 3077 2877; x_wconf 86' lang='lat' dir='ltr'><strong>apparuerat</strong></span> <span class='ocrx_word' id='word_1_390' title='bbox 3140 2806 3203 2859; x_wconf 90' lang='lat' dir='ltr'><strong>ad</strong></span> <span class='ocrx_word' id='word_1_391' title='bbox 3278 2803 3579 2865; x_wconf 89' lang='lat' dir='ltr'><strong>Orientem,</strong></span> <span class='ocrx_word' id='word_1_392' title='bbox 3638 2814 3699 2856; x_wconf 91' lang='lat' dir='ltr'><strong>ut</strong></span> <span class='ocrx_word' id='word_1_393' title='bbox 3732 2820 3863 2857; x_wconf 90' lang='lat' dir='ltr'><strong>cum</strong></span> <span class='ocrx_word' id='word_1_394' title='bbox 3918 2804 3987 2855; x_wconf 88' lang='lat' dir='ltr'><strong>illi</strong></span> 
     </span>
    </p>
   </div>
   <div class='ocr_carea' id='block_1_58' title="bbox 2410 2895 3991 2969">
    <p class='ocr_par' dir='ltr' id='par_1_58' title="bbox 2410 2895 3991 2969">
     <span class='ocr_line' id='line_1_58' title="bbox 2410 2895 3991 2969; baseline -0.004 -14"><span class='ocrx_word' id='word_1_395' title='bbox 2410 2901 2604 2955; x_wconf 82' lang='lat' dir='ltr'><strong>ducem</strong></span> <span class='ocrx_word' id='word_1_396' title='bbox 2678 2900 3069 2969; x_wconf 88' lang='lat' dir='ltr'><strong>perdidissent,</strong></span> <span class='ocrx_word' id='word_1_397' title='bbox 3124 2897 3437 2951; x_wconf 86' lang='lat' dir='ltr'><strong>necessario</strong></span> <span class='ocrx_word' id='word_1_398' title='bbox 3485 2895 3699 2950; x_wconf 70' lang='lat' dir='ltr'><strong>Judaaos</strong></span> <span class='ocrx_word' id='word_1_399' title='bbox 3753 2896 3991 2948; x_wconf 55' lang='lat' dir='ltr'><strong>interro-</strong></span> 
     </span>
    </p>
   </div>
   <div class='ocr_carea' id='block_1_59' title="bbox 2406 2988 3986 3067">
    <p class='ocr_par' dir='ltr' id='par_1_59' title="bbox 2406 2988 3986 3067">
     <span class='ocr_line' id='line_1_59' title="bbox 2406 2988 3986 3067; baseline -0.004 -20"><span class='ocrx_word' id='word_1_400' title='bbox 2406 3007 2618 3067; x_wconf 72' lang='lat' dir='ltr'><strong>gat-ent,</strong></span> <span class='ocrx_word' id='word_1_401' title='bbox 2673 3008 2729 3051; x_wconf 88' lang='lat' dir='ltr'><strong>et</strong></span> <span class='ocrx_word' id='word_1_402' title='bbox 2776 2997 2853 3050; x_wconf 90' lang='lat' dir='ltr'><strong>sie</strong></span> <span class='ocrx_word' id='word_1_403' title='bbox 2908 3010 2995 3049; x_wconf 86' lang='lat' dir='ltr'><strong>res</strong></span> <span class='ocrx_word' id='word_1_404' title='bbox 3047 2993 3305 3049; x_wconf 88' lang='lat' dir='ltr'><strong>evaderet</strong></span> <span class='ocrx_word' id='word_1_405' title='bbox 3367 2990 3648 3045; x_wconf 86' lang='lat' dir='ltr'><strong>manifesta</strong></span> <span class='ocrx_word' id='word_1_406' title='bbox 3710 2988 3986 3042; x_wconf 84' lang='lat' dir='ltr'><strong>omnibus.</strong></span> 
     </span>
    </p>
   </div>
   <div class='ocr_carea' id='block_1_60' title="bbox 2407 3082 3991 3154">
    <p class='ocr_par' dir='ltr' id='par_1_60' title="bbox 2407 3082 3991 3154">
     <span class='ocr_line' id='line_1_60' title="bbox 2407 3082 3991 3154; baseline -0.003 -17"><span class='ocrx_word' id='word_1_407' title='bbox 2407 3086 2699 3154; x_wconf 82' lang='lat' dir='ltr'><strong>Postquam</strong></span> <span class='ocrx_word' id='word_1_408' title='bbox 2746 3101 2877 3138; x_wconf 84' lang='lat' dir='ltr'><strong>vero</strong></span> <span class='ocrx_word' id='word_1_409' title='bbox 2918 3086 3000 3137; x_wconf 89' lang='lat' dir='ltr'><strong>vel</strong></span> <span class='ocrx_word' id='word_1_410' title='bbox 3040 3086 3185 3152; x_wconf 89' lang='lat' dir='ltr'><strong>ipsos</strong></span> <span class='ocrx_word' id='word_1_411' title='bbox 3236 3083 3489 3138; x_wconf 89' lang='lat' dir='ltr'><strong>inimicos</strong></span> <span class='ocrx_word' id='word_1_412' title='bbox 3541 3082 3785 3136; x_wconf 80' lang='lat' dir='ltr'><strong>habuere</strong></span> <span class='ocrx_word' id='word_1_413' title='bbox 3825 3082 3991 3152; x_wconf 74' lang='lat' dir='ltr'><strong>magi-</strong></span> 
     </span>
    </p>
   </div>
   <div class='ocr_carea' id='block_1_61' title="bbox 723 3155 3201 3260">
    <p class='ocr_par' dir='ltr' id='par_1_61' title="bbox 723 3155 3201 3260">
     <span class='ocr_line' id='line_1_61' title="bbox 723 3155 3201 3260; baseline 0.01 -55"><span class='ocrx_word' id='word_1_414' title='bbox 723 3155 921 3221; x_wconf 88' lang='lat' dir='ltr'><strong>inquit,</strong></span> <span class='ocrx_word' id='word_1_415' title='bbox 964 3160 1230 3260; x_wconf 45' lang='lat' dir='ltr'><strong>“princeps</strong></span> <span class='ocrx_word' id='word_1_416' title='bbox 1283 3178 1346 3213; x_wconf 79' lang='lat' dir='ltr'><strong>ea:</strong></span> <span class='ocrx_word' id='word_1_417' title='bbox 1404 3163 1566 3226; x_wconf 84' lang='lat' dir='ltr'><strong>Judu,</strong></span> <span class='ocrx_word' id='word_1_418' title='bbox 1625 3176 1672 3218; x_wconf 89' lang='lat' dir='ltr'><strong>et</strong></span> <span class='ocrx_word' id='word_1_419' title='bbox 1729 3169 1837 3221; x_wconf 78' lang='lat' dir='ltr'><strong>dua:</strong></span> <span class='ocrx_word' id='word_1_420' title='bbox 1895 3172 1959 3223; x_wconf 88' lang='lat' dir='ltr'><strong>de</strong></span> <span class='ocrx_word' id='word_1_421' title='bbox 2021 3176 2303 3243; x_wconf 74' lang='lat' dir='ltr'><strong>femoribus</strong></span> <span class='ocrx_word' id='word_1_422' title='bbox 2335 3208 2377 3260; x_wconf 59' lang='grc' dir='ltr'>ρ</span> <span class='ocrx_word' id='word_1_423' title='bbox 2410 3187 2574 3242; x_wconf 88' lang='lat' dir='ltr'><strong>slros,</strong></span> <span class='ocrx_word' id='word_1_424' title='bbox 2618 3178 2697 3230; x_wconf 89' lang='lat' dir='ltr'><strong>eis</strong></span> <span class='ocrx_word' id='word_1_425' title='bbox 2731 3192 2920 3230; x_wconf 88' lang='lat' dir='ltr'><strong>rursus</strong></span> <span class='ocrx_word' id='word_1_426' title='bbox 2957 3184 3201 3245; x_wconf 75' lang='lat' dir='ltr'><strong>apparet.</strong></span> 
     </span>
    </p>
   </div>
   <div class='ocr_carea' id='block_1_62' title="bbox 720 3246 2297 3333">
    <p class='ocr_par' dir='ltr' id='par_1_62' title="bbox 720 3246 2297 3333">
     <span class='ocr_line' id='line_1_62' title="bbox 720 3246 2297 3333; baseline 0.017 -38"><span class='ocrx_word' id='word_1_427' title='bbox 720 3247 833 3311; x_wconf 84' lang='lat' dir='ltr'><strong>ejus</strong></span> <span class='ocrx_word' id='word_1_428' title='bbox 861 3248 926 3298; x_wconf 81' lang='lat'><strong>&quot;.</strong></span> <span class='ocrx_word' id='word_1_429' title='bbox 960 3246 1247 3312; x_wconf 87' lang='lat' dir='ltr'><strong>Quomodo</strong></span> <span class='ocrx_word' id='word_1_430' title='bbox 1296 3262 1477 3307; x_wconf 87' lang='lat' dir='ltr'><strong>autem</strong></span> <span class='ocrx_word' id='word_1_431' title='bbox 1528 3255 1695 3327; x_wconf 81' lang='lat' dir='ltr'><strong>Magis</strong></span> <span class='ocrx_word' id='word_1_432' title='bbox 1745 3261 1893 3315; x_wconf 89' lang='lat' dir='ltr'><strong>venit</strong></span> <span class='ocrx_word' id='word_1_433' title='bbox 1938 3263 1991 3317; x_wconf 88' lang='lat' dir='ltr'><strong>in</strong></span> <span class='ocrx_word' id='word_1_434' title='bbox 2038 3277 2297 3333; x_wconf 88' lang='lat' dir='ltr'><strong>mentem,</strong></span> 
     </span>
    </p>
   </div>
   <div class='ocr_carea' id='block_1_63' title="bbox 723 3342 2301 3415">
    <p class='ocr_par' dir='ltr' id='par_1_63' title="bbox 723 3342 2301 3415">
     <span class='ocr_line' id='line_1_63' title="bbox 723 3342 2301 3415; baseline 0.018 -27"><span class='ocrx_word' id='word_1_435' title='bbox 723 3346 781 3390; x_wconf 89' lang='lat' dir='ltr'><strong>ut</strong></span> <span class='ocrx_word' id='word_1_436' title='bbox 832 3348 1043 3393; x_wconf 90' lang='lat' dir='ltr'><strong>tantum</strong></span> <span class='ocrx_word' id='word_1_437' title='bbox 1096 3342 1198 3396; x_wconf 88' lang='lat' dir='ltr'><strong>iter</strong></span> <span class='ocrx_word' id='word_1_438' title='bbox 1244 3346 1591 3407; x_wconf 86' lang='lat' dir='ltr'><strong>conficerent,</strong></span> <span class='ocrx_word' id='word_1_439' title='bbox 1644 3359 1699 3404; x_wconf 86' lang='lat' dir='ltr'><strong>et</strong></span> <span class='ocrx_word' id='word_1_440' title='bbox 1746 3354 1998 3410; x_wconf 79' lang='lat' dir='ltr'><strong>venirent</strong></span> <span class='ocrx_word' id='word_1_441' title='bbox 2047 3360 2112 3412; x_wconf 87' lang='lat' dir='ltr'><strong>ad</strong></span> <span class='ocrx_word' id='word_1_442' title='bbox 2171 3362 2301 3415; x_wconf 88' lang='lat' dir='ltr'><strong>ado-</strong></span> 
     </span>
    </p>
   </div>
   <div class='ocr_carea' id='block_1_64' title="bbox 722 3430 2298 3515">
    <p class='ocr_par' dir='ltr' id='par_1_64' title="bbox 722 3430 2298 3515">
     <span class='ocr_line' id='line_1_64' title="bbox 722 3430 2298 3515; baseline 0.016 -36"><span class='ocrx_word' id='word_1_443' title='bbox 722 3430 952 3482; x_wconf 89' lang='lat' dir='ltr'><strong>randum</strong></span> <span class='ocrx_word' id='word_1_444' title='bbox 1015 3431 1300 3497; x_wconf 88' lang='lat' dir='ltr'><strong>infantem,</strong></span> <span class='ocrx_word' id='word_1_445' title='bbox 1363 3439 1455 3505; x_wconf 91' lang='lat' dir='ltr'><strong>qui</strong></span> <span class='ocrx_word' id='word_1_446' title='bbox 1516 3450 1633 3493; x_wconf 87' lang='lat' dir='ltr'><strong>erat</strong></span> <span class='ocrx_word' id='word_1_447' title='bbox 1697 3444 1875 3497; x_wconf 88' lang='lat' dir='ltr'><strong>adhuc</strong></span> <span class='ocrx_word' id='word_1_448' title='bbox 1938 3447 1990 3498; x_wconf 91' lang='lat' dir='ltr'><strong>in</strong></span> <span class='ocrx_word' id='word_1_449' title='bbox 2048 3447 2233 3503; x_wconf 79' lang='lat' dir='ltr'><strong>fasciis</strong></span> <span class='ocrx_word' id='word_1_450' title='bbox 2284 3468 2298 3515; x_wconf 88' lang='lat'>;</span> 
     </span>
    </p>
   </div>
   <div class='ocr_carea' id='block_1_65' title="bbox 721 3520 2304 3603">
    <p class='ocr_par' dir='ltr' id='par_1_65' title="bbox 721 3520 2304 3603">
     <span class='ocr_line' id='line_1_65' title="bbox 721 3520 2304 3603; baseline 0.015 -30"><span class='ocrx_word' id='word_1_451' title='bbox 721 3520 882 3590; x_wconf 83' lang='lat' dir='ltr'><strong>idque</strong></span> <span class='ocrx_word' id='word_1_452' title='bbox 948 3538 1071 3577; x_wconf 87' lang='lat' dir='ltr'><strong>cum</strong></span> <span class='ocrx_word' id='word_1_453' title='bbox 1126 3537 1271 3579; x_wconf 86' lang='lat' dir='ltr'><strong>esset</strong></span> <span class='ocrx_word' id='word_1_454' title='bbox 1323 3529 1443 3595; x_wconf 83' lang='lat' dir='ltr'><strong>ejus</strong></span> <span class='ocrx_word' id='word_1_455' title='bbox 1506 3540 1677 3582; x_wconf 86' lang='lat' dir='ltr'><strong>mater</strong></span> <span class='ocrx_word' id='word_1_456' title='bbox 1738 3548 1943 3603; x_wconf 83' lang='lat' dir='ltr'><strong>pauper</strong></span> <span class='ocrx_word' id='word_1_457' title='bbox 1993 3548 2047 3591; x_wconf 90' lang='lat' dir='ltr'><strong>et</strong></span> <span class='ocrx_word' id='word_1_458' title='bbox 2105 3541 2304 3597; x_wconf 83' lang='lat' dir='ltr'><strong>nullius</strong></span> 
     </span>
    </p>
   </div>
   <div class='ocr_carea' id='block_1_66' title="bbox 723 3616 2299 3698">
    <p class='ocr_par' dir='ltr' id='par_1_66' title="bbox 723 3616 2299 3698">
     <span class='ocr_line' id='line_1_66' title="bbox 723 3616 2299 3698; baseline 0.017 -35"><span class='ocrx_word' id='word_1_459' title='bbox 723 3616 981 3677; x_wconf 88' lang='lat' dir='ltr'><strong>nominis,</strong></span> <span class='ocrx_word' id='word_1_460' title='bbox 1055 3624 1110 3668; x_wconf 91' lang='lat' dir='ltr'><strong>et</strong></span> <span class='ocrx_word' id='word_1_461' title='bbox 1167 3632 1287 3684; x_wconf 81' lang='lat' dir='ltr'><strong>qua:</strong></span> <span class='ocrx_word' id='word_1_462' title='bbox 1356 3619 1492 3673; x_wconf 89' lang='lat' dir='ltr'><strong>nihil</strong></span> <span class='ocrx_word' id='word_1_463' title='bbox 1556 3622 1787 3679; x_wconf 83' lang='lat' dir='ltr'><strong>habebat</strong></span> <span class='ocrx_word' id='word_1_464' title='bbox 1860 3640 2056 3698; x_wconf 63' lang='lat' dir='ltr'><strong>praeter</strong></span> <span class='ocrx_word' id='word_1_465' title='bbox 2125 3635 2299 3689; x_wconf 90' lang='lat' dir='ltr'><strong>solum</strong></span> 
     </span>
    </p>
   </div>
   <div class='ocr_carea' id='block_1_67' title="bbox 723 3705 2302 3781">
    <p class='ocr_par' dir='ltr' id='par_1_67' title="bbox 723 3705 2302 3781">
     <span class='ocr_line' id='line_1_67' title="bbox 723 3705 2302 3781; baseline 0.013 -22"><span class='ocrx_word' id='word_1_466' title='bbox 723 3705 1343 3778; x_wconf 78' lang='lat' dir='ltr'><strong>tugurium?Numquid</strong></span> <span class='ocrx_word' id='word_1_467' title='bbox 1410 3713 1633 3780; x_wconf 90' lang='lat' dir='ltr'><strong>planum</strong></span> <span class='ocrx_word' id='word_1_468' title='bbox 1705 3729 1811 3781; x_wconf 90' lang='lat' dir='ltr'><strong>est,</strong></span> <span class='ocrx_word' id='word_1_469' title='bbox 1880 3720 2047 3775; x_wconf 89' lang='lat' dir='ltr'><strong>Deum</strong></span> <span class='ocrx_word' id='word_1_470' title='bbox 2113 3738 2302 3779; x_wconf 87' lang='lat' dir='ltr'><strong>eorum</strong></span> 
     </span>
    </p>
   </div>
   <div class='ocr_carea' id='block_1_68' title="bbox 720 3802 2301 3888">
    <p class='ocr_par' dir='ltr' id='par_1_68' title="bbox 720 3802 2301 3888">
     <span class='ocr_line' id='line_1_68' title="bbox 720 3802 2301 3888; baseline 0.013 -37"><span class='ocrx_word' id='word_1_471' title='bbox 720 3802 933 3853; x_wconf 88' lang='lat' dir='ltr'><strong>animos</strong></span> <span class='ocrx_word' id='word_1_472' title='bbox 958 3803 1025 3854; x_wconf 90' lang='lat' dir='ltr'><strong>ad</strong></span> <span class='ocrx_word' id='word_1_473' title='bbox 1063 3802 1164 3854; x_wconf 90' lang='lat' dir='ltr'><strong>hoc</strong></span> <span class='ocrx_word' id='word_1_474' title='bbox 1199 3804 1478 3855; x_wconf 84' lang='lat' dir='ltr'><strong>movisse?</strong></span> <span class='ocrx_word' id='word_1_475' title='bbox 1508 3803 1641 3859; x_wconf 81' lang='lat' dir='ltr'><strong>Vide</strong></span> <span class='ocrx_word' id='word_1_476' title='bbox 1677 3810 1820 3863; x_wconf 91' lang='lat' dir='ltr'><strong>enim</strong></span> <span class='ocrx_word' id='word_1_477' title='bbox 1859 3826 2050 3871; x_wconf 91' lang='lat' dir='ltr'><strong>eorum</strong></span> <span class='ocrx_word' id='word_1_478' title='bbox 2085 3831 2301 3888; x_wconf 87' lang='lat' dir='ltr'><strong>quoque</strong></span> 
     </span>
    </p>
   </div>
   <div class='ocr_carea' id='block_1_69' title="bbox 720 3891 2305 3976">
    <p class='ocr_par' dir='ltr' id='par_1_69' title="bbox 720 3891 2305 3976">
     <span class='ocr_line' id='line_1_69' title="bbox 720 3891 2305 3976; baseline 0.014 -31"><span class='ocrx_word' id='word_1_479' title='bbox 720 3891 921 3945; x_wconf 87' lang='lat' dir='ltr'><strong>claram</strong></span> <span class='ocrx_word' id='word_1_480' title='bbox 958 3893 1129 3945; x_wconf 88' lang='lat' dir='ltr'><strong>fuisse</strong></span> <span class='ocrx_word' id='word_1_481' title='bbox 1173 3894 1452 3959; x_wconf 88' lang='lat' dir='ltr'><strong>virtutem,</strong></span> <span class='ocrx_word' id='word_1_482' title='bbox 1487 3913 1596 3952; x_wconf 90' lang='lat' dir='ltr'><strong>non</strong></span> <span class='ocrx_word' id='word_1_483' title='bbox 1641 3902 1815 3958; x_wconf 84' lang='lat' dir='ltr'><strong>solum</strong></span> <span class='ocrx_word' id='word_1_484' title='bbox 1857 3920 1919 3960; x_wconf 87' lang='lat' dir='ltr'><strong>eo</strong></span> <span class='ocrx_word' id='word_1_485' title='bbox 1953 3909 2097 3976; x_wconf 88' lang='lat' dir='ltr'><strong>quod</strong></span> <span class='ocrx_word' id='word_1_486' title='bbox 2141 3927 2305 3967; x_wconf 86' lang='lat' dir='ltr'><strong>vene-</strong></span> 
     </span>
    </p>
   </div>
   <div class='ocr_carea' id='block_1_70' title="bbox 720 3981 2301 4068">
    <p class='ocr_par' dir='ltr' id='par_1_70' title="bbox 720 3981 2301 4068">
     <span class='ocr_line' id='line_1_70' title="bbox 720 3981 2301 4068; baseline 0.015 -36"><span class='ocrx_word' id='word_1_487' title='bbox 720 3981 854 4045; x_wconf 87' lang='lat' dir='ltr'><strong>rint,</strong></span> <span class='ocrx_word' id='word_1_488' title='bbox 883 3982 979 4036; x_wconf 89' lang='lat' dir='ltr'><strong>sed</strong></span> <span class='ocrx_word' id='word_1_489' title='bbox 1018 3985 1182 4038; x_wconf 88' lang='lat' dir='ltr'><strong>etiam</strong></span> <span class='ocrx_word' id='word_1_490' title='bbox 1225 3988 1365 4055; x_wconf 87' lang='lat' dir='ltr'><strong>quod</strong></span> <span class='ocrx_word' id='word_1_491' title='bbox 1411 3989 1668 4044; x_wconf 86' lang='lat' dir='ltr'><strong>audacter</strong></span> <span class='ocrx_word' id='word_1_492' title='bbox 1709 3994 1956 4050; x_wconf 86' lang='lat' dir='ltr'><strong>etlibere</strong></span> <span class='ocrx_word' id='word_1_493' title='bbox 1991 3999 2301 4068; x_wconf 87' lang='lat' dir='ltr'><strong>loquantur.</strong></span> 
     </span>
    </p>
   </div>
   <div class='ocr_carea' id='block_1_71' title="bbox 721 4074 2305 4156">
    <p class='ocr_par' dir='ltr' id='par_1_71' title="bbox 721 4074 2305 4156">
     <span class='ocr_line' id='line_1_71' title="bbox 721 4074 2305 4156; baseline 0.009 -28"><span class='ocrx_word' id='word_1_494' title='bbox 721 4074 799 4128; x_wconf 84' lang='lat' dir='ltr'><strong>Ne</strong></span> <span class='ocrx_word' id='word_1_495' title='bbox 850 4077 997 4128; x_wconf 90' lang='lat' dir='ltr'><strong>enim</strong></span> <span class='ocrx_word' id='word_1_496' title='bbox 1055 4077 1504 4131; x_wconf 81' lang='lat' dir='ltr'><strong>existimarentur</strong></span> <span class='ocrx_word' id='word_1_497' title='bbox 1550 4081 1720 4136; x_wconf 89' lang='lat' dir='ltr'><strong>fuisse</strong></span> <span class='ocrx_word' id='word_1_498' title='bbox 1764 4088 2055 4156; x_wconf 79' lang='lat' dir='ltr'><strong>suppositi,</strong></span> <span class='ocrx_word' id='word_1_499' title='bbox 2097 4098 2152 4145; x_wconf 89' lang='lat' dir='ltr'><strong>et</strong></span> <span class='ocrx_word' id='word_1_500' title='bbox 2206 4094 2305 4149; x_wconf 70' lang='lat' dir='ltr'><strong>via:</strong></span> 
     </span>
    </p>
   </div>
   <div class='ocr_carea' id='block_1_72' title="bbox 721 4165 2303 4253">
    <p class='ocr_par' dir='ltr' id='par_1_72' title="bbox 721 4165 2303 4253">
     <span class='ocr_line' id='line_1_72' title="bbox 721 4165 2303 4253; baseline 0.014 -36"><span class='ocrx_word' id='word_1_501' title='bbox 721 4165 915 4218; x_wconf 90' lang='lat' dir='ltr'><strong>ducem</strong></span> <span class='ocrx_word' id='word_1_502' title='bbox 973 4167 1313 4221; x_wconf 87' lang='lat' dir='ltr'><strong>ostendunt:</strong></span> <span class='ocrx_word' id='word_1_503' title='bbox 1359 4167 1590 4224; x_wconf 82' lang='lat' dir='ltr'><strong>Vidimus</strong></span> <span class='ocrx_word' id='word_1_504' title='bbox 1629 4174 1795 4239; x_wconf 88' lang='lat' dir='ltr'><strong>enim,</strong></span> <span class='ocrx_word' id='word_1_505' title='bbox 1857 4178 2122 4245; x_wconf 88' lang='lat' dir='ltr'><strong>dicentes,</strong></span> <span class='ocrx_word' id='word_1_506' title='bbox 2190 4184 2303 4253; x_wconf 83' lang='lat' dir='ltr'><strong>ejus</strong></span> 
     </span>
    </p>
   </div>
   <div class='ocr_carea' id='block_1_73' title="bbox 719 4257 2297 4335">
    <p class='ocr_par' dir='ltr' id='par_1_73' title="bbox 719 4257 2297 4335">
     <span class='ocr_line' id='line_1_73' title="bbox 719 4257 2297 4335; baseline 0.013 -26"><span class='ocrx_word' id='word_1_507' title='bbox 719 4257 967 4322; x_wconf 78' lang='lat' dir='ltr'><strong>stellam;</strong></span> <span class='ocrx_word' id='word_1_508' title='bbox 996 4270 1052 4312; x_wconf 88' lang='lat' dir='ltr'><strong>et</strong></span> <span class='ocrx_word' id='word_1_509' title='bbox 1084 4262 1184 4313; x_wconf 71' lang='lat' dir='ltr'><strong>via:</strong></span> <span class='ocrx_word' id='word_1_510' title='bbox 1226 4264 1692 4331; x_wconf 75' lang='lat' dir='ltr'><strong>magnitudinem:</strong></span> <span class='ocrx_word' id='word_1_511' title='bbox 1722 4268 1777 4319; x_wconf 89' lang='lat' dir='ltr'><strong>in</strong></span> <span class='ocrx_word' id='word_1_512' title='bbox 1803 4268 2033 4335; x_wconf 86' lang='lat' dir='ltr'><strong>Oriente,</strong></span> <span class='ocrx_word' id='word_1_513' title='bbox 2068 4275 2297 4330; x_wconf 85' lang='lat' dir='ltr'><strong>scilicet.</strong></span> 
     </span>
    </p>
   </div>
   <div class='ocr_carea' id='block_1_74' title="bbox 722 4348 2304 4425">
    <p class='ocr_par' dir='ltr' id='par_1_74' title="bbox 722 4348 2304 4425">
     <span class='ocr_line' id='line_1_74' title="bbox 722 4348 2304 4425; baseline 0.015 -24"><span class='ocrx_word' id='word_1_514' title='bbox 722 4348 925 4405; x_wconf 79' lang='lat' dir='ltr'><strong>Deinde</strong></span> <span class='ocrx_word' id='word_1_515' title='bbox 950 4352 1113 4403; x_wconf 87' lang='lat' dir='ltr'><strong>etiam</strong></span> <span class='ocrx_word' id='word_1_516' title='bbox 1164 4355 1371 4408; x_wconf 88' lang='lat' dir='ltr'><strong>addunt</strong></span> <span class='ocrx_word' id='word_1_517' title='bbox 1413 4358 1677 4424; x_wconf 76' lang='lat' dir='ltr'><strong>insignem</strong></span> <span class='ocrx_word' id='word_1_518' title='bbox 1728 4359 2003 4425; x_wconf 85' lang='lat' dir='ltr'><strong>fiduciam,</strong></span> <span class='ocrx_word' id='word_1_519' title='bbox 2044 4379 2166 4418; x_wconf 89' lang='lat' dir='ltr'><strong>cum</strong></span> <span class='ocrx_word' id='word_1_520' title='bbox 2220 4368 2304 4423; x_wconf 84' lang='lat' dir='ltr'><strong>di-</strong></span> 
     </span>
    </p>
   </div>
   <div class='ocr_carea' id='block_1_75' title="bbox 720 4438 2300 4526">
    <p class='ocr_par' dir='ltr' id='par_1_75' title="bbox 720 4438 2300 4526">
     <span class='ocr_line' id='line_1_75' title="bbox 720 4438 2300 4526; baseline 0.013 -34"><span class='ocrx_word' id='word_1_521' title='bbox 720 4448 853 4492; x_wconf 90' lang='lat' dir='ltr'><strong>cunt</strong></span> <span class='ocrx_word' id='word_1_522' title='bbox 902 4454 916 4490; x_wconf 89' lang='lat'><strong>:</strong></span> <span class='ocrx_word' id='word_1_523' title='bbox 968 4438 1033 4492; x_wconf 78' lang='lat' dir='ltr'><strong>Et</strong></span> <span class='ocrx_word' id='word_1_524' title='bbox 1084 4442 1317 4496; x_wconf 79' lang='lat' dir='ltr'><strong>venimus</strong></span> <span class='ocrx_word' id='word_1_525' title='bbox 1384 4452 1453 4498; x_wconf 87' lang='lat' dir='ltr'><strong>ad</strong></span> <span class='ocrx_word' id='word_1_526' title='bbox 1523 4462 1640 4499; x_wconf 82' lang='lat' dir='ltr'><strong>eum</strong></span> <span class='ocrx_word' id='word_1_527' title='bbox 1698 4450 2053 4508; x_wconf 85' lang='lat' dir='ltr'><strong>adorandum.</strong></span> <span class='ocrx_word' id='word_1_528' title='bbox 2108 4454 2300 4526; x_wconf 85' lang='lat' dir='ltr'><strong>Neque</strong></span> 
     </span>
    </p>
   </div>
   <div class='ocr_carea' id='block_1_76' title="bbox 2483 3268 3988 3338">
    <p class='ocr_par' dir='ltr' id='par_1_76' title="bbox 2483 3268 3988 3338">
     <span class='ocr_line' id='line_1_76' title="bbox 2483 3268 3988 3338; baseline -0.001 -16"><span class='ocrx_word' id='word_1_529' title='bbox 2483 3268 2643 3324; x_wconf 80' lang='lat' dir='ltr'><strong>XVII.</strong></span> <span class='ocrx_word' id='word_1_530' title='bbox 2664 3269 2793 3323; x_wconf 86' lang='lat' dir='ltr'><strong>Vide</strong></span> <span class='ocrx_word' id='word_1_531' title='bbox 2826 3279 3030 3335; x_wconf 90' lang='lat' dir='ltr'><strong>autem,</strong></span> <span class='ocrx_word' id='word_1_532' title='bbox 3051 3286 3078 3321; x_wconf 90' lang='lat' dir='ltr'><strong>a</strong></span> <span class='ocrx_word' id='word_1_533' title='bbox 3108 3284 3271 3338; x_wconf 88' lang='lat' dir='ltr'><strong>quam</strong></span> <span class='ocrx_word' id='word_1_534' title='bbox 3301 3269 3485 3324; x_wconf 91' lang='lat' dir='ltr'><strong>multis</strong></span> <span class='ocrx_word' id='word_1_535' title='bbox 3513 3268 3703 3338; x_wconf 83' lang='lat' dir='ltr'><strong>fitejus</strong></span> <span class='ocrx_word' id='word_1_536' title='bbox 3739 3268 3815 3321; x_wconf 87' lang='lat' dir='ltr'><strong>rei</strong></span> <span class='ocrx_word' id='word_1_537' title='bbox 3840 3270 3988 3322; x_wconf 76' lang='lat' dir='ltr'><strong>fides.</strong></span> 
     </span>
    </p>
   </div>
   <div class='ocr_carea' id='block_1_77' title="bbox 2409 3359 3993 3429">
    <p class='ocr_par' dir='ltr' id='par_1_77' title="bbox 2409 3359 3993 3429">
     <span class='ocr_line' id='line_1_77' title="bbox 2409 3359 3993 3429; baseline -0.001 -14"><span class='ocrx_word' id='word_1_538' title='bbox 2409 3361 2540 3415; x_wconf 75' lang='lat' dir='ltr'><strong>Nam</strong></span> <span class='ocrx_word' id='word_1_539' title='bbox 2583 3378 2729 3415; x_wconf 92' lang='lat' dir='ltr'><strong>nunc</strong></span> <span class='ocrx_word' id='word_1_540' title='bbox 2761 3362 2976 3429; x_wconf 88' lang='lat' dir='ltr'><strong>quidem</strong></span> <span class='ocrx_word' id='word_1_541' title='bbox 3006 3362 3176 3421; x_wconf 82' lang='lat' dir='ltr'><strong>stella,</strong></span> <span class='ocrx_word' id='word_1_542' title='bbox 3208 3377 3353 3413; x_wconf 86' lang='lat' dir='ltr'><strong>nunc</strong></span> <span class='ocrx_word' id='word_1_543' title='bbox 3393 3362 3623 3429; x_wconf 87' lang='lat' dir='ltr'><strong>p0pulus</strong></span> <span class='ocrx_word' id='word_1_544' title='bbox 3652 3359 3993 3428; x_wconf 71' lang='lat' dir='ltr'><strong>Judzeornm,</strong></span> 
     </span>
    </p>
   </div>
   <div class='ocr_carea' id='block_1_78' title="bbox 2410 3451 3993 3519">
    <p class='ocr_par' dir='ltr' id='par_1_78' title="bbox 2410 3451 3993 3519">
     <span class='ocr_line' id='line_1_78' title="bbox 2410 3451 3993 3519; baseline -0.003 -11"><span class='ocrx_word' id='word_1_545' title='bbox 2410 3452 2605 3508; x_wconf 81' lang='lat' dir='ltr'><strong>deinde</strong></span> <span class='ocrx_word' id='word_1_546' title='bbox 2637 3453 2797 3505; x_wconf 91' lang='lat' dir='ltr'><strong>etiam</strong></span> <span class='ocrx_word' id='word_1_547' title='bbox 2850 3452 3079 3516; x_wconf 65' lang='lat' dir='ltr'><strong>insidiae,</strong></span> <span class='ocrx_word' id='word_1_548' title='bbox 3130 3460 3184 3504; x_wconf 86' lang='lat' dir='ltr'><strong>et</strong></span> <span class='ocrx_word' id='word_1_549' title='bbox 3234 3459 3516 3519; x_wconf 70' lang='lat' dir='ltr'><strong>pra-terea,</strong></span> <span class='ocrx_word' id='word_1_550' title='bbox 3564 3451 3853 3518; x_wconf 79' lang='lat' dir='ltr'><strong>praphetia</strong></span> <span class='ocrx_word' id='word_1_551' title='bbox 3900 3452 3993 3505; x_wconf 78' lang='lat' dir='ltr'><strong>do-</strong></span> 
     </span>
    </p>
   </div>
   <div class='ocr_carea' id='block_1_79' title="bbox 2410 3541 3992 3613">
    <p class='ocr_par' dir='ltr' id='par_1_79' title="bbox 2410 3541 3992 3613">
     <span class='ocr_line' id='line_1_79' title="bbox 2410 3541 3992 3613; baseline -0.003 -14"><span class='ocrx_word' id='word_1_552' title='bbox 2410 3553 2534 3599; x_wconf 88' lang='lat' dir='ltr'><strong>cent</strong></span> <span class='ocrx_word' id='word_1_553' title='bbox 2591 3544 2639 3597; x_wconf 94' lang='lat' dir='ltr'><strong>id</strong></span> <span class='ocrx_word' id='word_1_554' title='bbox 2678 3544 2819 3613; x_wconf 90' lang='lat' dir='ltr'><strong>quod</strong></span> <span class='ocrx_word' id='word_1_555' title='bbox 2843 3543 3205 3611; x_wconf 77' lang='lat' dir='ltr'><strong>quaerebatur.</strong></span> <span class='ocrx_word' id='word_1_556' title='bbox 3259 3541 3463 3596; x_wconf 85' lang='lat' dir='ltr'><strong>Deinde</strong></span> <span class='ocrx_word' id='word_1_557' title='bbox 3508 3556 3630 3596; x_wconf 92' lang='lat' dir='ltr'><strong>cum</strong></span> <span class='ocrx_word' id='word_1_558' title='bbox 3661 3556 3759 3595; x_wconf 89' lang='lat' dir='ltr'><strong>eos</strong></span> <span class='ocrx_word' id='word_1_559' title='bbox 3802 3557 3992 3596; x_wconf 80' lang='lat' dir='ltr'><strong>rursus</strong></span> 
     </span>
    </p>
   </div>
   <div class='ocr_carea' id='block_1_80' title="bbox 2409 3632 3989 3705">
    <p class='ocr_par' dir='ltr' id='par_1_80' title="bbox 2409 3632 3989 3705">
     <span class='ocr_line' id='line_1_80' title="bbox 2409 3632 3989 3705; baseline -0.002 -15"><span class='ocrx_word' id='word_1_560' title='bbox 2409 3637 2562 3693; x_wconf 88' lang='lat' dir='ltr'><strong>stella</strong></span> <span class='ocrx_word' id='word_1_561' title='bbox 2606 3635 2903 3702; x_wconf 82' lang='lat' dir='ltr'><strong>accepisset</strong></span> <span class='ocrx_word' id='word_1_562' title='bbox 2929 3651 2989 3687; x_wconf 79' lang='lat' dir='ltr'><strong>ex</strong></span> <span class='ocrx_word' id='word_1_563' title='bbox 3048 3632 3453 3705; x_wconf 84' lang='lat' dir='ltr'><strong>Hierosolymis,</strong></span> <span class='ocrx_word' id='word_1_564' title='bbox 3502 3643 3794 3703; x_wconf 90' lang='lat' dir='ltr'><strong>postquam</strong></span> <span class='ocrx_word' id='word_1_565' title='bbox 3868 3649 3989 3687; x_wconf 85' lang='lat' dir='ltr'><strong>cum</strong></span> 
     </span>
    </p>
   </div>
   <div class='ocr_carea' id='block_1_81' title="bbox 2410 3726 3989 3799">
    <p class='ocr_par' dir='ltr' id='par_1_81' title="bbox 2410 3726 3989 3799">
     <span class='ocr_line' id='line_1_81' title="bbox 2410 3726 3989 3799; baseline -0.001 -19"><span class='ocrx_word' id='word_1_566' title='bbox 2410 3744 2535 3799; x_wconf 79' lang='lat' dir='ltr'><strong>rege</strong></span> <span class='ocrx_word' id='word_1_567' title='bbox 2588 3728 2845 3783; x_wconf 86' lang='lat' dir='ltr'><strong>collocuti</strong></span> <span class='ocrx_word' id='word_1_568' title='bbox 2909 3739 3113 3790; x_wconf 87' lang='lat' dir='ltr'><strong>essent,</strong></span> <span class='ocrx_word' id='word_1_569' title='bbox 3165 3728 3385 3782; x_wconf 90' lang='lat' dir='ltr'><strong>deducit</strong></span> <span class='ocrx_word' id='word_1_570' title='bbox 3420 3727 3472 3780; x_wconf 92' lang='lat' dir='ltr'><strong>in</strong></span> <span class='ocrx_word' id='word_1_571' title='bbox 3524 3726 3830 3788; x_wconf 81' lang='lat' dir='ltr'><strong>Bethleem.</strong></span> <span class='ocrx_word' id='word_1_572' title='bbox 3884 3743 3989 3781; x_wconf 84' lang='lat' dir='ltr'><strong>non</strong></span> 
     </span>
    </p>
   </div>
   <div class='ocr_carea' id='block_1_82' title="bbox 2409 3821 3993 3891">
    <p class='ocr_par' dir='ltr' id='par_1_82' title="bbox 2409 3821 3993 3891">
     <span class='ocr_line' id='line_1_82' title="bbox 2409 3821 3993 3891; baseline -0.002 -15"><span class='ocrx_word' id='word_1_573' title='bbox 2409 3823 2727 3891; x_wconf 77' lang='lat' dir='ltr'><strong>simpliciter</strong></span> <span class='ocrx_word' id='word_1_574' title='bbox 2788 3822 3012 3886; x_wconf 83' lang='lat' dir='ltr'><strong>vadens,</strong></span> <span class='ocrx_word' id='word_1_575' title='bbox 3068 3822 3161 3875; x_wconf 90' lang='lat' dir='ltr'><strong>sed</strong></span> <span class='ocrx_word' id='word_1_576' title='bbox 3217 3837 3313 3875; x_wconf 91' lang='lat' dir='ltr'><strong>eos</strong></span> <span class='ocrx_word' id='word_1_577' title='bbox 3367 3822 3609 3883; x_wconf 88' lang='lat' dir='ltr'><strong>trahens,</strong></span> <span class='ocrx_word' id='word_1_578' title='bbox 3670 3829 3723 3873; x_wconf 92' lang='lat' dir='ltr'><strong>et</strong></span> <span class='ocrx_word' id='word_1_579' title='bbox 3783 3821 3993 3874; x_wconf 86' lang='lat' dir='ltr'><strong>ducens</strong></span> 
     </span>
    </p>
   </div>
   <div class='ocr_carea' id='block_1_83' title="bbox 2412 3914 3988 3975">
    <p class='ocr_par' dir='ltr' id='par_1_83' title="bbox 2412 3914 3988 3975">
     <span class='ocr_line' id='line_1_83' title="bbox 2412 3914 3988 3975; baseline -0.001 -8"><span class='ocrx_word' id='word_1_580' title='bbox 2412 3916 2633 3967; x_wconf 85' lang='lat' dir='ltr'><strong>meridie</strong></span> <span class='ocrx_word' id='word_1_581' title='bbox 2668 3935 2681 3967; x_wconf 74' lang='grc' dir='ltr'><strong>ι</strong></span> <span class='ocrx_word' id='word_1_582' title='bbox 2717 3924 2774 3966; x_wconf 93' lang='lat' dir='ltr'><strong>ut</strong></span> <span class='ocrx_word' id='word_1_583' title='bbox 2823 3916 2904 3967; x_wconf 87' lang='lat' dir='ltr'><strong>vel</strong></span> <span class='ocrx_word' id='word_1_584' title='bbox 2930 3930 2995 3966; x_wconf 77' lang='lat' dir='ltr'><strong>ex</strong></span> <span class='ocrx_word' id='word_1_585' title='bbox 3028 3928 3094 3966; x_wconf 89' lang='lat' dir='ltr'><strong>eo</strong></span> <span class='ocrx_word' id='word_1_586' title='bbox 3125 3922 3311 3965; x_wconf 91' lang='lat' dir='ltr'><strong>notum</strong></span> <span class='ocrx_word' id='word_1_587' title='bbox 3352 3924 3495 3965; x_wconf 89' lang='lat' dir='ltr'><strong>esset</strong></span> <span class='ocrx_word' id='word_1_588' title='bbox 3549 3914 3828 3975; x_wconf 88' lang='lat' dir='ltr'><strong>omnibus,</strong></span> <span class='ocrx_word' id='word_1_589' title='bbox 3870 3930 3988 3967; x_wconf 86' lang='lat' dir='ltr'><strong>eam</strong></span> 
     </span>
    </p>
   </div>
   <div class='ocr_carea' id='block_1_84' title="bbox 2409 4003 3987 4073">
    <p class='ocr_par' dir='ltr' id='par_1_84' title="bbox 2409 4003 3987 4073">
     <span class='ocr_line' id='line_1_84' title="bbox 2409 4003 3987 4073; baseline -0.001 -14"><span class='ocrx_word' id='word_1_590' title='bbox 2409 4021 2517 4061; x_wconf 93' lang='lat' dir='ltr'><strong>non</strong></span> <span class='ocrx_word' id='word_1_591' title='bbox 2560 4021 2679 4061; x_wconf 91' lang='lat' dir='ltr'><strong>esse</strong></span> <span class='ocrx_word' id='word_1_592' title='bbox 2738 4005 2948 4060; x_wconf 84' lang='lat' dir='ltr'><strong>stellam</strong></span> <span class='ocrx_word' id='word_1_593' title='bbox 3006 4020 3168 4058; x_wconf 90' lang='lat' dir='ltr'><strong>unam</strong></span> <span class='ocrx_word' id='word_1_594' title='bbox 3209 4018 3239 4058; x_wconf 90' lang='lat' dir='ltr'><strong>e</strong></span> <span class='ocrx_word' id='word_1_595' title='bbox 3276 4003 3483 4066; x_wconf 89' lang='lat' dir='ltr'><strong>multis,</strong></span> <span class='ocrx_word' id='word_1_596' title='bbox 3520 4019 3698 4073; x_wconf 78' lang='lat' dir='ltr'><strong>neque</strong></span> <span class='ocrx_word' id='word_1_597' title='bbox 3753 4007 3987 4058; x_wconf 86' lang='lat' dir='ltr'><strong>omnino</strong></span> 
     </span>
    </p>
   </div>
   <div class='ocr_carea' id='block_1_85' title="bbox 2411 4097 3990 4155">
    <p class='ocr_par' dir='ltr' id='par_1_85' title="bbox 2411 4097 3990 4155">
     <span class='ocr_line' id='line_1_85' title="bbox 2411 4097 3990 4155; baseline 0.001 -4"><span class='ocrx_word' id='word_1_598' title='bbox 2411 4101 2603 4152; x_wconf 90' lang='lat' dir='ltr'><strong>similis</strong></span> <span class='ocrx_word' id='word_1_599' title='bbox 2654 4114 2777 4153; x_wconf 88' lang='lat' dir='ltr'><strong>cum</strong></span> <span class='ocrx_word' id='word_1_600' title='bbox 2830 4101 2948 4155; x_wconf 89' lang='lat' dir='ltr'><strong>aliis</strong></span> <span class='ocrx_word' id='word_1_601' title='bbox 2997 4100 3225 4155; x_wconf 90' lang='lat' dir='ltr'><strong>ordinis.</strong></span> <span class='ocrx_word' id='word_1_602' title='bbox 3282 4097 3407 4151; x_wconf 90' lang='lat' dir='ltr'><strong>Ideo</strong></span> <span class='ocrx_word' id='word_1_603' title='bbox 3437 4098 3583 4151; x_wconf 87' lang='lat' dir='ltr'><strong>enim</strong></span> <span class='ocrx_word' id='word_1_604' title='bbox 3646 4097 3855 4153; x_wconf 83' lang='lat' dir='ltr'><strong>vadens</strong></span> <span class='ocrx_word' id='word_1_605' title='bbox 3927 4116 3990 4153; x_wconf 74' lang='lat' dir='ltr'><strong>ex</strong></span> 
     </span>
    </p>
   </div>
   <div class='ocr_carea' id='block_1_86' title="bbox 2408 4189 3985 4261">
    <p class='ocr_par' dir='ltr' id='par_1_86' title="bbox 2408 4189 3985 4261">
     <span class='ocr_line' id='line_1_86' title="bbox 2408 4189 3985 4261; baseline 0 -16"><span class='ocrx_word' id='word_1_606' title='bbox 2408 4189 2739 4255; x_wconf 79' lang='lat' dir='ltr'><strong>Jerusalem,</strong></span> <span class='ocrx_word' id='word_1_607' title='bbox 2792 4208 2903 4246; x_wconf 89' lang='lat' dir='ltr'><strong>non</strong></span> <span class='ocrx_word' id='word_1_608' title='bbox 2954 4193 3104 4261; x_wconf 88' lang='lat' dir='ltr'><strong>prius</strong></span> <span class='ocrx_word' id='word_1_609' title='bbox 3157 4190 3431 4251; x_wconf 77' lang='lat' dir='ltr'><strong>consistit.</strong></span> <span class='ocrx_word' id='word_1_610' title='bbox 3475 4189 3651 4243; x_wconf 89' lang='lat' dir='ltr'><strong>donec</strong></span> <span class='ocrx_word' id='word_1_611' title='bbox 3702 4190 3768 4244; x_wconf 88' lang='lat' dir='ltr'><strong>ad</strong></span> <span class='ocrx_word' id='word_1_612' title='bbox 3808 4192 3985 4260; x_wconf 84' lang='lat' dir='ltr'><strong>ipsum</strong></span> 
     </span>
    </p>
   </div>
   <div class='ocr_carea' id='block_1_87' title="bbox 2410 4281 3986 4351">
    <p class='ocr_par' dir='ltr' id='par_1_87' title="bbox 2410 4281 3986 4351">
     <span class='ocr_line' id='line_1_87' title="bbox 2410 4281 3986 4351; baseline -0.001 -14"><span class='ocrx_word' id='word_1_613' title='bbox 2410 4282 2624 4337; x_wconf 85' lang='lat' dir='ltr'><strong>venerit</strong></span> <span class='ocrx_word' id='word_1_614' title='bbox 2684 4296 2947 4351; x_wconf 63' lang='lat' dir='ltr'><strong>praesepe.</strong></span> <span class='ocrx_word' id='word_1_615' title='bbox 3009 4281 3303 4346; x_wconf 86' lang='lat' dir='ltr'><strong>Postquam</strong></span> <span class='ocrx_word' id='word_1_616' title='bbox 3364 4287 3544 4330; x_wconf 86' lang='lat' dir='ltr'><strong>autem</strong></span> <span class='ocrx_word' id='word_1_617' title='bbox 3613 4282 3765 4334; x_wconf 89' lang='lat' dir='ltr'><strong>stetit</strong></span> <span class='ocrx_word' id='word_1_618' title='bbox 3824 4297 3986 4349; x_wconf 87' lang='lat' dir='ltr'><strong>supra</strong></span> 
     </span>
    </p>
   </div>
   <div class='ocr_carea' id='block_1_88' title="bbox 2411 4366 3984 4440">
    <p class='ocr_par' dir='ltr' id='par_1_88' title="bbox 2411 4366 3984 4440">
     <span class='ocr_line' id='line_1_88' title="bbox 2411 4366 3984 4440; baseline 0.001 -17"><span class='ocrx_word' id='word_1_619' title='bbox 2411 4384 2665 4440; x_wconf 90' lang='lat' dir='ltr'><strong>puerum,</strong></span> <span class='ocrx_word' id='word_1_620' title='bbox 2705 4369 2886 4419; x_wconf 83' lang='lat' dir='ltr'><strong>statim</strong></span> <span class='ocrx_word' id='word_1_621' title='bbox 2920 4368 3185 4420; x_wconf 91' lang='lat' dir='ltr'><strong>constitit.</strong></span> <span class='ocrx_word' id='word_1_622' title='bbox 3220 4366 3288 4419; x_wconf 89' lang='lat' dir='ltr'><strong>Et</strong></span> <span class='ocrx_word' id='word_1_623' title='bbox 3324 4376 3611 4435; x_wconf 88' lang='lat' dir='ltr'><strong>propterea</strong></span> <span class='ocrx_word' id='word_1_624' title='bbox 3648 4369 3795 4437; x_wconf 90' lang='lat' dir='ltr'><strong>quod</strong></span> <span class='ocrx_word' id='word_1_625' title='bbox 3835 4386 3984 4425; x_wconf 88' lang='lat' dir='ltr'><strong>nunc</strong></span> 
     </span>
    </p>
   </div>
   <div class='ocr_carea' id='block_1_89' title="bbox 2412 4459 3984 4531">
    <p class='ocr_par' dir='ltr' id='par_1_89' title="bbox 2412 4459 3984 4531">
     <span class='ocr_line' id='line_1_89' title="bbox 2412 4459 3984 4531; baseline 0.001 -17"><span class='ocrx_word' id='word_1_626' title='bbox 2412 4461 2630 4531; x_wconf 88' lang='lat' dir='ltr'><strong>quidem</strong></span> <span class='ocrx_word' id='word_1_627' title='bbox 2684 4459 3130 4526; x_wconf 86' lang='lat' dir='ltr'><strong>absconderetur,</strong></span> <span class='ocrx_word' id='word_1_628' title='bbox 3164 4475 3311 4514; x_wconf 86' lang='lat' dir='ltr'><strong>nunc</strong></span> <span class='ocrx_word' id='word_1_629' title='bbox 3358 4470 3539 4515; x_wconf 88' lang='lat' dir='ltr'><strong>autem</strong></span> <span class='ocrx_word' id='word_1_630' title='bbox 3588 4473 3900 4530; x_wconf 87' lang='lat' dir='ltr'><strong>appareret,</strong></span> <span class='ocrx_word' id='word_1_631' title='bbox 3936 4476 3984 4518; x_wconf 79' lang='lat' dir='ltr'><strong>et</strong></span> 
     </span>
    </p>
   </div>
   <div class='ocr_carea' id='block_1_90' title="bbox 722 4530 3988 4622">
    <p class='ocr_par' dir='ltr' id='par_1_90' title="bbox 722 4530 3988 4622">
     <span class='ocr_line' id='line_1_90' title="bbox 722 4530 3988 4622; baseline 0.008 -39"><span class='ocrx_word' id='word_1_632' title='bbox 722 4530 817 4583; x_wconf 70' lang='lat' dir='ltr'><strong>ira:</strong></span> <span class='ocrx_word' id='word_1_633' title='bbox 857 4534 1064 4600; x_wconf 89' lang='lat' dir='ltr'><strong>populi,</strong></span> <span class='ocrx_word' id='word_1_634' title='bbox 1127 4550 1302 4603; x_wconf 84' lang='lat' dir='ltr'><strong>neque</strong></span> <span class='ocrx_word' id='word_1_635' title='bbox 1346 4537 1491 4604; x_wconf 83' lang='lat' dir='ltr'><strong>regis</strong></span> <span class='ocrx_word' id='word_1_636' title='bbox 1541 4542 1841 4608; x_wconf 79' lang='lat' dir='ltr'><strong>tyrannidis</strong></span> <span class='ocrx_word' id='word_1_637' title='bbox 1880 4544 2044 4598; x_wconf 89' lang='lat' dir='ltr'><strong>ullam</strong></span> <span class='ocrx_word' id='word_1_638' title='bbox 2091 4547 2301 4605; x_wconf 85' lang='lat' dir='ltr'><strong>ducunt</strong></span> <span class='ocrx_word' id='word_1_639' title='bbox 2332 4558 2378 4614; x_wconf 82' lang='grc' dir='ltr'><strong>ι)</strong></span> <span class='ocrx_word' id='word_1_640' title='bbox 2406 4530 2604 4608; x_wconf 85' lang='lat' dir='ltr'><strong>deinde</strong></span> <span class='ocrx_word' id='word_1_641' title='bbox 2642 4567 2764 4607; x_wconf 88' lang='lat' dir='ltr'><strong>cum</strong></span> <span class='ocrx_word' id='word_1_642' title='bbox 2810 4553 3169 4622; x_wconf 89' lang='lat' dir='ltr'><strong>apparuisset,</strong></span> <span class='ocrx_word' id='word_1_643' title='bbox 3212 4566 3397 4605; x_wconf 88' lang='lat' dir='ltr'><strong>rursus</strong></span> <span class='ocrx_word' id='word_1_644' title='bbox 3430 4562 3615 4617; x_wconf 89' lang='lat' dir='ltr'><strong>staret,</strong></span> <span class='ocrx_word' id='word_1_645' title='bbox 3664 4556 3988 4610; x_wconf 73' lang='lat' dir='ltr'><strong>osrendebat</strong></span> 
     </span>
    </p>
   </div>
   <div class='ocr_carea' id='block_1_91' title="bbox 725 4623 2304 4698">
    <p class='ocr_par' dir='ltr' id='par_1_91' title="bbox 725 4623 2304 4698">
     <span class='ocr_line' id='line_1_91' title="bbox 725 4623 2304 4698; baseline 0.013 -23"><span class='ocrx_word' id='word_1_646' title='bbox 725 4623 1012 4677; x_wconf 90' lang='lat' dir='ltr'><strong>rationem.</strong></span> <span class='ocrx_word' id='word_1_647' title='bbox 1042 4626 1173 4688; x_wconf 76' lang='lat' dir='ltr'><strong>Qua:</strong></span> <span class='ocrx_word' id='word_1_648' title='bbox 1199 4641 1323 4678; x_wconf 86' lang='lat' dir='ltr'><strong>cum</strong></span> <span class='ocrx_word' id='word_1_649' title='bbox 1366 4628 1629 4683; x_wconf 89' lang='lat' dir='ltr'><strong>audiisset</strong></span> <span class='ocrx_word' id='word_1_650' title='bbox 1674 4630 1935 4698; x_wconf 81' lang='lat' dir='ltr'><strong>Herodes,</strong></span> <span class='ocrx_word' id='word_1_651' title='bbox 1970 4640 2304 4695; x_wconf 85' lang='lat' dir='ltr'><strong>conturbatus</strong></span> 
     </span>
    </p>
   </div>
   <div class='ocr_carea' id='block_1_92' title="bbox 724 4715 2302 4799">
    <p class='ocr_par' dir='ltr' id='par_1_92' title="bbox 724 4715 2302 4799">
     <span class='ocr_line' id='line_1_92' title="bbox 724 4715 2302 4799; baseline 0.013 -32"><span class='ocrx_word' id='word_1_652' title='bbox 724 4724 821 4776; x_wconf 82' lang='lat' dir='ltr'><strong>est,</strong></span> <span class='ocrx_word' id='word_1_653' title='bbox 867 4715 1062 4784; x_wconf 87' lang='lat' dir='ltr'><strong>inquit.</strong></span> <span class='ocrx_word' id='word_1_654' title='bbox 1105 4717 1177 4771; x_wconf 90' lang='lat' dir='ltr'><strong>De</strong></span> <span class='ocrx_word' id='word_1_655' title='bbox 1216 4719 1449 4788; x_wconf 87' lang='lat' dir='ltr'><strong>imperio</strong></span> <span class='ocrx_word' id='word_1_656' title='bbox 1484 4722 1627 4775; x_wconf 90' lang='lat' dir='ltr'><strong>enim</strong></span> <span class='ocrx_word' id='word_1_657' title='bbox 1674 4738 1797 4777; x_wconf 88' lang='lat' dir='ltr'><strong>eum</strong></span> <span class='ocrx_word' id='word_1_658' title='bbox 1844 4735 2023 4781; x_wconf 80' lang='lat' dir='ltr'><strong>metus</strong></span> <span class='ocrx_word' id='word_1_659' title='bbox 2060 4742 2302 4799; x_wconf 90' lang='lat' dir='ltr'><strong>ceperat.</strong></span> 
     </span>
    </p>
   </div>
   <div class='ocr_carea' id='block_1_93' title="bbox 728 4807 2305 4887">
    <p class='ocr_par' dir='ltr' id='par_1_93' title="bbox 728 4807 2305 4887">
     <span class='ocr_line' id='line_1_93' title="bbox 728 4807 2305 4887; baseline 0.015 -29"><span class='ocrx_word' id='word_1_660' title='bbox 728 4807 792 4861; x_wconf 67' lang='lat' dir='ltr'><strong>lit</strong></span> <span class='ocrx_word' id='word_1_661' title='bbox 839 4807 961 4862; x_wconf 89' lang='lat' dir='ltr'><strong>ideo</strong></span> <span class='ocrx_word' id='word_1_662' title='bbox 1027 4810 1093 4862; x_wconf 89' lang='lat' dir='ltr'><strong>ad</strong></span> <span class='ocrx_word' id='word_1_663' title='bbox 1153 4825 1212 4863; x_wconf 90' lang='lat' dir='ltr'><strong>se</strong></span> <span class='ocrx_word' id='word_1_664' title='bbox 1271 4827 1489 4880; x_wconf 85' lang='lat' dir='ltr'><strong>quoque</strong></span> <span class='ocrx_word' id='word_1_665' title='bbox 1553 4826 1845 4887; x_wconf 74' lang='lat' dir='ltr'><strong>congregat</strong></span> <span class='ocrx_word' id='word_1_666' title='bbox 1905 4821 2192 4886; x_wconf 82' lang='lat' dir='ltr'><strong>pontiﬁces</strong></span> <span class='ocrx_word' id='word_1_667' title='bbox 2248 4836 2305 4881; x_wconf 91' lang='lat' dir='ltr'><strong>et</strong></span> 
     </span>
    </p>
   </div>
   <div class='ocr_carea' id='block_1_94' title="bbox 726 4900 2305 4983">
    <p class='ocr_par' dir='ltr' id='par_1_94' title="bbox 726 4900 2305 4983">
     <span class='ocr_line' id='line_1_94' title="bbox 726 4900 2305 4983; baseline 0.013 -33"><span class='ocrx_word' id='word_1_668' title='bbox 726 4900 934 4953; x_wconf 82' lang='lat' dir='ltr'><strong>scribas</strong></span> <span class='ocrx_word' id='word_1_669' title='bbox 986 4902 1194 4969; x_wconf 93' lang='lat' dir='ltr'><strong>populi,</strong></span> <span class='ocrx_word' id='word_1_670' title='bbox 1229 4914 1284 4955; x_wconf 89' lang='lat' dir='ltr'><strong>et</strong></span> <span class='ocrx_word' id='word_1_671' title='bbox 1330 4919 1425 4957; x_wconf 90' lang='lat' dir='ltr'><strong>eos</strong></span> <span class='ocrx_word' id='word_1_672' title='bbox 1468 4905 1757 4974; x_wconf 78' lang='lat' dir='ltr'><strong>diligenter</strong></span> <span class='ocrx_word' id='word_1_673' title='bbox 1803 4909 2133 4983; x_wconf 80' lang='lat' dir='ltr'><strong>interrogat,</strong></span> <span class='ocrx_word' id='word_1_674' title='bbox 2183 4917 2305 4971; x_wconf 90' lang='lat' dir='ltr'><strong>ubi-</strong></span> 
     </span>
    </p>
   </div>
   <div class='ocr_carea' id='block_1_95' title="bbox 726 4992 1537 5050">
    <p class='ocr_par' dir='ltr' id='par_1_95' title="bbox 726 4992 1537 5050">
     <span class='ocr_line' id='line_1_95' title="bbox 726 4992 1537 5050; baseline 0.009 -7"><span class='ocrx_word' id='word_1_675' title='bbox 726 5006 850 5044; x_wconf 90' lang='lat' dir='ltr'><strong>nam</strong></span> <span class='ocrx_word' id='word_1_676' title='bbox 896 4992 1157 5046; x_wconf 87' lang='lat' dir='ltr'><strong>Christus</strong></span> <span class='ocrx_word' id='word_1_677' title='bbox 1194 5007 1537 5050; x_wconf 85' lang='lat' dir='ltr'><strong>nasceretur.</strong></span> 
     </span>
    </p>
   </div>
   <div class='ocr_carea' id='block_1_96' title="bbox 798 5081 2300 5153">
    <p class='ocr_par' dir='ltr' id='par_1_96' title="bbox 798 5081 2300 5153">
     <span class='ocr_line' id='line_1_96' title="bbox 798 5081 2300 5153; baseline 0.013 -20"><span class='ocrx_word' id='word_1_678' title='bbox 798 5081 935 5136; x_wconf 81' lang='lat' dir='ltr'><strong>XVI.</strong></span> <span class='ocrx_word' id='word_1_679' title='bbox 972 5083 1273 5139; x_wconf 84' lang='lat' dir='ltr'><strong>Considera</strong></span> <span class='ocrx_word' id='word_1_680' title='bbox 1314 5097 1495 5141; x_wconf 88' lang='lat' dir='ltr'><strong>autem</strong></span> <span class='ocrx_word' id='word_1_681' title='bbox 1541 5088 1913 5147; x_wconf 90' lang='lat' dir='ltr'><strong>admirabilem</strong></span> <span class='ocrx_word' id='word_1_682' title='bbox 1961 5109 2143 5149; x_wconf 89' lang='lat' dir='ltr'><strong>rerum</strong></span> <span class='ocrx_word' id='word_1_683' title='bbox 2190 5099 2300 5153; x_wconf 86' lang='lat' dir='ltr'><strong>dis-</strong></span> 
     </span>
    </p>
   </div>
   <div class='ocr_carea' id='block_1_97' title="bbox 726 5176 2300 5246">
    <p class='ocr_par' dir='ltr' id='par_1_97' title="bbox 726 5176 2300 5246">
     <span class='ocr_line' id='line_1_97' title="bbox 726 5176 2300 5246; baseline 0.012 -20"><span class='ocrx_word' id='word_1_684' title='bbox 726 5176 1125 5242; x_wconf 83' lang='lat' dir='ltr'><strong>pensationem,</strong></span> <span class='ocrx_word' id='word_1_685' title='bbox 1153 5188 1207 5230; x_wconf 91' lang='lat' dir='ltr'><strong>et</strong></span> <span class='ocrx_word' id='word_1_686' title='bbox 1241 5180 1703 5246; x_wconf 87' lang='lat' dir='ltr'><strong>quemadmodum</strong></span> <span class='ocrx_word' id='word_1_687' title='bbox 1738 5184 1938 5238; x_wconf 88' lang='lat' dir='ltr'><strong>veritas</strong></span> <span class='ocrx_word' id='word_1_688' title='bbox 1977 5189 2139 5242; x_wconf 89' lang='lat' dir='ltr'><strong>etiam</strong></span> <span class='ocrx_word' id='word_1_689' title='bbox 2174 5205 2300 5244; x_wconf 91' lang='lat' dir='ltr'><strong>suo-</strong></span> 
     </span>
    </p>
   </div>
   <div class='ocr_carea' id='block_1_98' title="bbox 725 5266 2302 5336">
    <p class='ocr_par' dir='ltr' id='par_1_98' title="bbox 725 5266 2302 5336">
     <span class='ocr_line' id='line_1_98' title="bbox 725 5266 2302 5336; baseline 0.013 -20"><span class='ocrx_word' id='word_1_690' title='bbox 725 5280 844 5319; x_wconf 89' lang='lat' dir='ltr'><strong>rum</strong></span> <span class='ocrx_word' id='word_1_691' title='bbox 904 5266 1249 5321; x_wconf 88' lang='lat' dir='ltr'><strong>inimicorum</strong></span> <span class='ocrx_word' id='word_1_692' title='bbox 1304 5273 1473 5322; x_wconf 86' lang='lat' dir='ltr'><strong>utitur</strong></span> <span class='ocrx_word' id='word_1_693' title='bbox 1502 5272 1722 5325; x_wconf 86' lang='lat' dir='ltr'><strong>auxilio.</strong></span> <span class='ocrx_word' id='word_1_694' title='bbox 1756 5272 1891 5329; x_wconf 90' lang='lat' dir='ltr'><strong>Cum</strong></span> <span class='ocrx_word' id='word_1_695' title='bbox 1937 5279 2082 5331; x_wconf 90' lang='lat' dir='ltr'><strong>enim</strong></span> <span class='ocrx_word' id='word_1_696' title='bbox 2134 5282 2302 5336; x_wconf 89' lang='lat' dir='ltr'><strong>inter-</strong></span> 
     </span>
    </p>
   </div>
   <div class='ocr_carea' id='block_1_99' title="bbox 724 5360 2299 5438">
    <p class='ocr_par' dir='ltr' id='par_1_99' title="bbox 724 5360 2299 5438">
     <span class='ocr_line' id='line_1_99' title="bbox 724 5360 2299 5438; baseline 0.013 -29"><span class='ocrx_word' id='word_1_697' title='bbox 724 5367 1042 5428; x_wconf 81' lang='lat' dir='ltr'><strong>rogarentur</strong></span> <span class='ocrx_word' id='word_1_698' title='bbox 1081 5360 1276 5423; x_wconf 72' lang='lat' dir='ltr'><strong>Judtei.</strong></span> <span class='ocrx_word' id='word_1_699' title='bbox 1313 5363 1532 5417; x_wconf 90' lang='lat' dir='ltr'><strong>ubinam</strong></span> <span class='ocrx_word' id='word_1_700' title='bbox 1571 5364 1822 5420; x_wconf 86' lang='lat' dir='ltr'><strong>Christus</strong></span> <span class='ocrx_word' id='word_1_701' title='bbox 1851 5381 2185 5433; x_wconf 77' lang='lat' dir='ltr'><strong>naSreretur,</strong></span> <span class='ocrx_word' id='word_1_702' title='bbox 2240 5376 2299 5438; x_wconf 88' lang='lat' dir='ltr'><strong>ii,</strong></span> 
     </span>
    </p>
   </div>
   <div class='ocr_carea' id='block_1_100' title="bbox 725 5446 2302 5523">
    <p class='ocr_par' dir='ltr' id='par_1_100' title="bbox 725 5446 2302 5523">
     <span class='ocr_line' id='line_1_100' title="bbox 725 5446 2302 5523; baseline 0.011 -24"><span class='ocrx_word' id='word_1_703' title='bbox 725 5446 795 5500; x_wconf 87' lang='lat' dir='ltr'><strong>In</strong></span> <span class='ocrx_word' id='word_1_704' title='bbox 828 5446 1089 5502; x_wconf 81' lang='lat' dir='ltr'><strong>Bethleem</strong></span> <span class='ocrx_word' id='word_1_705' title='bbox 1120 5450 1296 5515; x_wconf 79' lang='lat' dir='ltr'><strong>Judte,</strong></span> <span class='ocrx_word' id='word_1_706' title='bbox 1328 5460 1383 5505; x_wconf 91' lang='lat' dir='ltr'><strong>ut</strong></span> <span class='ocrx_word' id='word_1_707' title='bbox 1412 5468 1498 5507; x_wconf 90' lang='lat' dir='ltr'><strong>res</strong></span> <span class='ocrx_word' id='word_1_708' title='bbox 1529 5468 1588 5509; x_wconf 86' lang='lat' dir='ltr'><strong>se</strong></span> <span class='ocrx_word' id='word_1_709' title='bbox 1626 5454 1883 5523; x_wconf 87' lang='lat' dir='ltr'><strong>habebat,</strong></span> <span class='ocrx_word' id='word_1_710' title='bbox 1911 5457 2162 5513; x_wconf 72' lang='lat' dir='ltr'><strong>dixerunt</strong></span> <span class='ocrx_word' id='word_1_711' title='bbox 2188 5480 2203 5515; x_wconf 73' lang='grc' dir='ltr'>ε</span> <span class='ocrx_word' id='word_1_712' title='bbox 2248 5473 2302 5516; x_wconf 90' lang='lat' dir='ltr'><strong>et</strong></span> 
     </span>
    </p>
   </div>
   <div class='ocr_carea' id='block_1_101' title="bbox 828 5614 1962 5691">
    <p class='ocr_par' dir='ltr' id='par_1_101' title="bbox 828 5614 1962 5691">
     <span class='ocr_line' id='line_1_101' title="bbox 828 5614 1962 5691; baseline 0.032 -45"><span class='ocrx_word' id='word_1_713' title='bbox 828 5616 896 5646; x_wconf 68' lang='grc' dir='ltr'><strong>ιδ·</strong></span> <span class='ocrx_word' id='word_1_714' title='bbox 920 5614 1107 5670; x_wconf 54' lang='lat' dir='ltr'><strong>manu,</strong></span> <span class='ocrx_word' id='word_1_715' title='bbox 1137 5635 1194 5683; x_wconf 67' lang='grc' dir='ltr'><strong>η,</strong></span> <span class='ocrx_word' id='word_1_716' title='bbox 1240 5618 1291 5670; x_wconf 79' lang='grc'><strong>1.</strong></span> <span class='ocrx_word' id='word_1_717' title='bbox 1381 5621 1425 5653; x_wconf 77' lang='grc'><strong>³⁸</strong></span> <span class='ocrx_word' id='word_1_718' title='bbox 1454 5620 1641 5675; x_wconf 78' lang='lat' dir='ltr'><strong>Matth.</strong></span> <span class='ocrx_word' id='word_1_719' title='bbox 1676 5640 1787 5689; x_wconf 78' lang='lat' dir='ltr'><strong>XIV,</strong></span> <span class='ocrx_word' id='word_1_720' title='bbox 1815 5636 1962 5691; x_wconf 78' lang='lat' dir='ltr'><strong>seqq-</strong></span> 
     </span>
    </p>
   </div>
   <div class='ocr_carea' id='block_1_102' title="bbox 2045 5624 2447 5695">
    <p class='ocr_par' dir='ltr' id='par_1_102' title="bbox 2045 5624 2447 5695">
     <span class='ocr_line' id='line_1_102' title="bbox 2045 5624 2447 5695; baseline 0.02 -19"><span class='ocrx_word' id='word_1_721' title='bbox 2045 5624 2090 5654; x_wconf 81' lang='lat'>&quot;</span> <span class='ocrx_word' id='word_1_722' title='bbox 2119 5625 2281 5682; x_wconf 81' lang='lat' dir='ltr'><strong>Mich.</strong></span> <span class='ocrx_word' id='word_1_723' title='bbox 2302 5648 2355 5695; x_wconf 88' lang='lat' dir='ltr'><strong>v,</strong></span> <span class='ocrx_word' id='word_1_724' title='bbox 2393 5631 2447 5684; x_wconf 71' lang='grc'><strong>2.</strong></span> 
     </span>
    </p>
   </div>
   <div class='ocr_carea' id='block_1_103' title="bbox 2409 4641 3986 4712">
    <p class='ocr_par' dir='ltr' id='par_1_103' title="bbox 2409 4641 3986 4712">
     <span class='ocr_line' id='line_1_103' title="bbox 2409 4641 3986 4712; baseline 0.001 -15"><span class='ocrx_word' id='word_1_725' title='bbox 2409 4657 2469 4697; x_wconf 86' lang='lat' dir='ltr'><strong>se</strong></span> <span class='ocrx_word' id='word_1_726' title='bbox 2520 4658 2641 4697; x_wconf 88' lang='lat' dir='ltr'><strong>esse</strong></span> <span class='ocrx_word' id='word_1_727' title='bbox 2692 4642 2916 4712; x_wconf 85' lang='lat' dir='ltr'><strong>majoris</strong></span> <span class='ocrx_word' id='word_1_728' title='bbox 2976 4641 3215 4705; x_wconf 89' lang='lat' dir='ltr'><strong>virtutis,</strong></span> <span class='ocrx_word' id='word_1_729' title='bbox 3266 4653 3426 4708; x_wconf 84' lang='lat' dir='ltr'><strong>quam</strong></span> <span class='ocrx_word' id='word_1_730' title='bbox 3483 4656 3603 4710; x_wconf 70' lang='lat' dir='ltr'><strong>quae</strong></span> <span class='ocrx_word' id='word_1_731' title='bbox 3670 4642 3725 4695; x_wconf 92' lang='lat' dir='ltr'><strong>in</strong></span> <span class='ocrx_word' id='word_1_732' title='bbox 3774 4647 3986 4699; x_wconf 83' lang='lat' dir='ltr'><strong>stellam</strong></span> 
     </span>
    </p>
   </div>
   <div class='ocr_carea' id='block_1_104' title="bbox 2407 4732 3987 4796">
    <p class='ocr_par' dir='ltr' id='par_1_104' title="bbox 2407 4732 3987 4796">
     <span class='ocr_line' id='line_1_104' title="bbox 2407 4732 3987 4796; baseline 0 -6"><span class='ocrx_word' id='word_1_733' title='bbox 2407 4736 2646 4796; x_wconf 87' lang='lat' dir='ltr'><strong>caderet.</strong></span> <span class='ocrx_word' id='word_1_734' title='bbox 2685 4746 2741 4788; x_wconf 91' lang='lat' dir='ltr'><strong>et</strong></span> <span class='ocrx_word' id='word_1_735' title='bbox 2779 4735 2859 4788; x_wconf 87' lang='lat' dir='ltr'><strong>eis</strong></span> <span class='ocrx_word' id='word_1_736' title='bbox 2911 4732 3148 4786; x_wconf 90' lang='lat' dir='ltr'><strong>faciebat</strong></span> <span class='ocrx_word' id='word_1_737' title='bbox 3194 4735 3566 4788; x_wconf 88' lang='lat' dir='ltr'><strong>accessionem</strong></span> <span class='ocrx_word' id='word_1_738' title='bbox 3630 4734 3777 4790; x_wconf 85' lang='lat' dir='ltr'><strong>fidei.</strong></span> <span class='ocrx_word' id='word_1_739' title='bbox 3826 4736 3987 4793; x_wconf 86' lang='lat' dir='ltr'><strong>Certe</strong></span> 
     </span>
    </p>
   </div>
   <div class='ocr_carea' id='block_1_105' title="bbox 2406 4824 3986 4894">
    <p class='ocr_par' dir='ltr' id='par_1_105' title="bbox 2406 4824 3986 4894">
     <span class='ocr_line' id='line_1_105' title="bbox 2406 4824 3986 4894; baseline 0.003 -14"><span class='ocrx_word' id='word_1_740' title='bbox 2406 4827 2565 4894; x_wconf 82' lang='lat' dir='ltr'><strong>longe</strong></span> <span class='ocrx_word' id='word_1_741' title='bbox 2591 4829 2821 4878; x_wconf 82' lang='lat' dir='ltr'><strong>maxima</strong></span> <span class='ocrx_word' id='word_1_742' title='bbox 2886 4824 3195 4880; x_wconf 66' lang='lat' dir='ltr'><strong>adiciuntur</strong></span> <span class='ocrx_word' id='word_1_743' title='bbox 3233 4826 3441 4891; x_wconf 67' lang='lat' dir='ltr'><strong>laetitia,</strong></span> <span class='ocrx_word' id='word_1_744' title='bbox 3474 4827 3617 4893; x_wconf 90' lang='lat' dir='ltr'><strong>quod</strong></span> <span class='ocrx_word' id='word_1_745' title='bbox 3644 4838 3699 4880; x_wconf 90' lang='lat' dir='ltr'><strong>et</strong></span> <span class='ocrx_word' id='word_1_746' title='bbox 3739 4829 3986 4885; x_wconf 82' lang='lat' dir='ltr'><strong>invenis-</strong></span> 
     </span>
    </p>
   </div>
   <div class='ocr_carea' id='block_1_106' title="bbox 2409 4917 3987 4987">
    <p class='ocr_par' dir='ltr' id='par_1_106' title="bbox 2409 4917 3987 4987">
     <span class='ocr_line' id='line_1_106' title="bbox 2409 4917 3987 4987; baseline 0 -14"><span class='ocrx_word' id='word_1_747' title='bbox 2409 4930 2529 4973; x_wconf 86' lang='lat' dir='ltr'><strong>sent</strong></span> <span class='ocrx_word' id='word_1_748' title='bbox 2580 4918 2633 4971; x_wconf 85' lang='lat' dir='ltr'><strong>id</strong></span> <span class='ocrx_word' id='word_1_749' title='bbox 2664 4918 2806 4987; x_wconf 91' lang='lat' dir='ltr'><strong>quod</strong></span> <span class='ocrx_word' id='word_1_750' title='bbox 2835 4919 3198 4987; x_wconf 76' lang='lat' dir='ltr'><strong>quaerebatur,</strong></span> <span class='ocrx_word' id='word_1_751' title='bbox 3234 4926 3291 4970; x_wconf 89' lang='lat' dir='ltr'><strong>et</strong></span> <span class='ocrx_word' id='word_1_752' title='bbox 3336 4917 3437 4971; x_wconf 91' lang='lat' dir='ltr'><strong>iter</strong></span> <span class='ocrx_word' id='word_1_753' title='bbox 3467 4933 3575 4971; x_wconf 89' lang='lat' dir='ltr'><strong>non</strong></span> <span class='ocrx_word' id='word_1_754' title='bbox 3612 4917 3813 4973; x_wconf 89' lang='lat' dir='ltr'><strong>frustra</strong></span> <span class='ocrx_word' id='word_1_755' title='bbox 3855 4937 3987 4975; x_wconf 81' lang='lat' dir='ltr'><strong>con-</strong></span> 
     </span>
    </p>
   </div>
   <div class='ocr_carea' id='block_1_107' title="bbox 2407 5006 3983 5079">
    <p class='ocr_par' dir='ltr' id='par_1_107' title="bbox 2407 5006 3983 5079">
     <span class='ocr_line' id='line_1_107' title="bbox 2407 5006 3983 5079; baseline 0.001 -15"><span class='ocrx_word' id='word_1_756' title='bbox 2407 5010 2688 5073; x_wconf 87' lang='lat' dir='ltr'><strong>fecissent,</strong></span> <span class='ocrx_word' id='word_1_757' title='bbox 2716 5020 2770 5062; x_wconf 93' lang='lat' dir='ltr'><strong>et</strong></span> <span class='ocrx_word' id='word_1_758' title='bbox 2818 5008 2964 5076; x_wconf 90' lang='lat' dir='ltr'><strong>quod</strong></span> <span class='ocrx_word' id='word_1_759' title='bbox 3014 5006 3161 5061; x_wconf 83' lang='lat' dir='ltr'><strong>fetus</strong></span> <span class='ocrx_word' id='word_1_760' title='bbox 3215 5015 3365 5060; x_wconf 84' lang='lat' dir='ltr'><strong>esset</strong></span> <span class='ocrx_word' id='word_1_761' title='bbox 3420 5007 3659 5070; x_wconf 86' lang='lat' dir='ltr'><strong>divinus,</strong></span> <span class='ocrx_word' id='word_1_762' title='bbox 3717 5018 3774 5061; x_wconf 87' lang='lat' dir='ltr'><strong>et</strong></span> <span class='ocrx_word' id='word_1_763' title='bbox 3841 5011 3983 5079; x_wconf 88' lang='lat' dir='ltr'><strong>quod</strong></span> 
     </span>
    </p>
   </div>
   <div class='ocr_carea' id='block_1_108' title="bbox 2405 5098 3988 5168">
    <p class='ocr_par' dir='ltr' id='par_1_108' title="bbox 2405 5098 3988 5168">
     <span class='ocr_line' id='line_1_108' title="bbox 2405 5098 3988 5168; baseline -0.003 -11"><span class='ocrx_word' id='word_1_764' title='bbox 2405 5104 2639 5157; x_wconf 82' lang='lat' dir='ltr'><strong>fuissent</strong></span> <span class='ocrx_word' id='word_1_765' title='bbox 2688 5100 2859 5153; x_wconf 89' lang='lat' dir='ltr'><strong>nuntii</strong></span> <span class='ocrx_word' id='word_1_766' title='bbox 2900 5100 3164 5154; x_wconf 84' lang='lat' dir='ltr'><strong>veritatis.</strong></span> <span class='ocrx_word' id='word_1_767' title='bbox 3210 5098 3344 5163; x_wconf 68' lang='lat' dir='ltr'><strong>Quae</strong></span> <span class='ocrx_word' id='word_1_768' title='bbox 3374 5099 3592 5168; x_wconf 88' lang='lat' dir='ltr'><strong>quidem</strong></span> <span class='ocrx_word' id='word_1_769' title='bbox 3638 5100 3821 5153; x_wconf 82' lang='lat' dir='ltr'><strong>ornnia</strong></span> <span class='ocrx_word' id='word_1_770' title='bbox 3864 5111 3988 5155; x_wconf 89' lang='lat' dir='ltr'><strong>sunt</strong></span> 
     </span>
    </p>
   </div>
   <div class='ocr_carea' id='block_1_109' title="bbox 2405 5192 3983 5261">
    <p class='ocr_par' dir='ltr' id='par_1_109' title="bbox 2405 5192 3983 5261">
     <span class='ocr_line' id='line_1_109' title="bbox 2405 5192 3983 5261; baseline -0.001 -12"><span class='ocrx_word' id='word_1_771' title='bbox 2405 5197 2549 5249; x_wconf 89' lang='lat' dir='ltr'><strong>illius</strong></span> <span class='ocrx_word' id='word_1_772' title='bbox 2606 5192 2936 5247; x_wconf 89' lang='lat' dir='ltr'><strong>admirabilis</strong></span> <span class='ocrx_word' id='word_1_773' title='bbox 2982 5192 3177 5260; x_wconf 62' lang='lat' dir='ltr'><strong>puellae</strong></span> <span class='ocrx_word' id='word_1_774' title='bbox 3223 5192 3477 5246; x_wconf 87' lang='lat' dir='ltr'><strong>encomia</strong></span> <span class='ocrx_word' id='word_1_775' title='bbox 3520 5200 3744 5261; x_wconf 87' lang='lat' dir='ltr'><strong>propter</strong></span> <span class='ocrx_word' id='word_1_776' title='bbox 3792 5192 3983 5256; x_wconf 87' lang='lat' dir='ltr'><strong>Deum.</strong></span> 
     </span>
    </p>
   </div>
   <div class='ocr_carea' id='block_1_110' title="bbox 2403 5282 3988 5355">
    <p class='ocr_par' dir='ltr' id='par_1_110' title="bbox 2403 5282 3988 5355">
     <span class='ocr_line' id='line_1_110' title="bbox 2403 5282 3988 5355; baseline -0.001 -18"><span class='ocrx_word' id='word_1_777' title='bbox 2403 5285 2497 5355; x_wconf 91' lang='lat' dir='ltr'><strong>qui</strong></span> <span class='ocrx_word' id='word_1_778' title='bbox 2548 5296 2616 5337; x_wconf 78' lang='lat' dir='ltr'><strong>ex</strong></span> <span class='ocrx_word' id='word_1_779' title='bbox 2683 5282 2793 5351; x_wconf 83' lang='lat' dir='ltr'><strong>ipsa</strong></span> <span class='ocrx_word' id='word_1_780' title='bbox 2860 5290 3017 5334; x_wconf 88' lang='lat' dir='ltr'><strong>natus</strong></span> <span class='ocrx_word' id='word_1_781' title='bbox 3061 5291 3147 5336; x_wconf 89' lang='lat' dir='ltr'><strong>est</strong></span> <span class='ocrx_word' id='word_1_782' title='bbox 3193 5292 3306 5335; x_wconf 88' lang='lat' dir='ltr'><strong>:et</strong></span> <span class='ocrx_word' id='word_1_783' title='bbox 3351 5297 3542 5335; x_wconf 91' lang='lat' dir='ltr'><strong>eorum</strong></span> <span class='ocrx_word' id='word_1_784' title='bbox 3606 5282 3988 5350; x_wconf 75' lang='lat' dir='ltr'><strong>magnitudine</strong></span> 
     </span>
    </p>
   </div>
   <div class='ocr_carea' id='block_1_111' title="bbox 2407 5373 3989 5442">
    <p class='ocr_par' dir='ltr' id='par_1_111' title="bbox 2407 5373 3989 5442">
     <span class='ocr_line' id='line_1_111' title="bbox 2407 5373 3989 5442; baseline -0.004 -11"><span class='ocrx_word' id='word_1_785' title='bbox 2407 5378 2577 5437; x_wconf 90' lang='lat' dir='ltr'><strong>illam,</strong></span> <span class='ocrx_word' id='word_1_786' title='bbox 2624 5384 2682 5427; x_wconf 95' lang='lat' dir='ltr'><strong>ut</strong></span> <span class='ocrx_word' id='word_1_787' title='bbox 2724 5373 3069 5442; x_wconf 70' lang='lat' dir='ltr'><strong>praecipuam,</strong></span> <span class='ocrx_word' id='word_1_788' title='bbox 3102 5374 3351 5427; x_wconf 77' lang='lat' dir='ltr'><strong>eximunt</strong></span> <span class='ocrx_word' id='word_1_789' title='bbox 3382 5390 3410 5428; x_wconf 91' lang='lat' dir='ltr'><strong>a</strong></span> <span class='ocrx_word' id='word_1_790' title='bbox 3449 5373 3796 5429; x_wconf 87' lang='lat' dir='ltr'><strong>mulieribus.</strong></span> <span class='ocrx_word' id='word_1_791' title='bbox 3836 5375 3989 5429; x_wconf 83' lang='lat' dir='ltr'><strong>Post-</strong></span> 
     </span>
    </p>
   </div>
   <div class='ocr_carea' id='block_1_112' title="bbox 2410 5461 3984 5537">
    <p class='ocr_par' dir='ltr' id='par_1_112' title="bbox 2410 5461 3984 5537">
     <span class='ocr_line' id='line_1_112' title="bbox 2410 5461 3984 5537; baseline -0.004 -18"><span class='ocrx_word' id='word_1_792' title='bbox 2410 5480 2571 5537; x_wconf 91' lang='lat' dir='ltr'><strong>quam</strong></span> <span class='ocrx_word' id='word_1_793' title='bbox 2629 5473 2809 5515; x_wconf 89' lang='lat' dir='ltr'><strong>autem</strong></span> <span class='ocrx_word' id='word_1_794' title='bbox 2885 5461 3105 5516; x_wconf 88' lang='lat' dir='ltr'><strong>fuerunt</strong></span> <span class='ocrx_word' id='word_1_795' title='bbox 3190 5462 3338 5517; x_wconf 89' lang='lat' dir='ltr'><strong>intra</strong></span> <span class='ocrx_word' id='word_1_796' title='bbox 3406 5463 3665 5525; x_wconf 85' lang='lat' dir='ltr'><strong>domum,</strong></span> <span class='ocrx_word' id='word_1_797' title='bbox 3724 5465 3984 5531; x_wconf 62' lang='lat' dir='ltr'><strong>viderant,</strong></span> 
     </span>
    </p>
   </div>
   <div class='ocr_carea' id='block_1_113' title="bbox 2524 5626 3022 5690">
    <p class='ocr_par' dir='ltr' id='par_1_113' title="bbox 2524 5626 3022 5690">
     <span class='ocr_line' id='line_1_113' title="bbox 2524 5626 3022 5690; baseline -0.014 -6"><span class='ocrx_word' id='word_1_798' title='bbox 2524 5630 2567 5661; x_wconf 80' lang='lat'><strong>&quot;</strong></span> <span class='ocrx_word' id='word_1_799' title='bbox 2594 5628 2731 5683; x_wconf 87' lang='lat' dir='ltr'><strong>Gen.</strong></span> <span class='ocrx_word' id='word_1_800' title='bbox 2765 5641 2909 5690; x_wconf 72' lang='grc' dir='ltr'><strong>χιιι,</strong></span> <span class='ocrx_word' id='word_1_801' title='bbox 2938 5626 3022 5679; x_wconf 78' lang='lat' dir='ltr'><strong>t0.</strong></span> 
     </span>
    </p>
   </div>
   <div class='ocr_carea' id='block_1_114' title="bbox 726 5775 3980 5860">
    <p class='ocr_par' dir='ltr' id='par_1_114' title="bbox 726 5775 3980 5860">
     <span class='ocr_line' id='line_1_114' title="bbox 726 5775 3980 5860; baseline -0.002 -19"><span class='ocrx_word' id='word_1_802' title='bbox 726 5776 862 5827; x_wconf 69' lang='grc' dir='ltr'><strong>θεοῦ</strong></span> <span class='ocrx_word' id='word_1_803' title='bbox 890 5775 1177 5845; x_wconf 73' lang='grc' dir='ltr'><strong>θεραπεία.</strong></span> <span class='ocrx_word' id='word_1_804' title='bbox 1226 5780 1325 5843; x_wconf 73' lang='grc' dir='ltr'><strong>τὰς</strong></span> <span class='ocrx_word' id='word_1_805' title='bbox 1378 5779 1757 5849; x_wconf 55' lang='lat' dir='ltr'><strong>¢Ux5:ait16iv</strong></span> <span class='ocrx_word' id='word_1_806' title='bbox 1786 5790 2024 5858; x_wconf 74' lang='grc' dir='ltr'><strong>γαλήνης</strong></span> <span class='ocrx_word' id='word_1_807' title='bbox 2054 5788 2353 5860; x_wconf 73' lang='grc' dir='ltr'><strong>πληροῦσα,</strong></span> <span class='ocrx_word' id='word_1_808' title='bbox 2398 5790 2490 5845; x_wconf 64' lang='grc' dir='ltr'><strong>καὶ</strong></span> <span class='ocrx_word' id='word_1_809' title='bbox 2533 5789 2665 5858; x_wconf 73' lang='grc' dir='ltr'><strong>πρὸς</strong></span> <span class='ocrx_word' id='word_1_810' title='bbox 2699 5792 2794 5859; x_wconf 76' lang='grc' dir='ltr'>τὴν</span> <span class='ocrx_word' id='word_1_811' title='bbox 2831 5786 2993 5842; x_wconf 71' lang='grc' dir='ltr'><strong>αὑτοῦ</strong></span> <span class='ocrx_word' id='word_1_812' title='bbox 3036 5784 3333 5855; x_wconf 71' lang='grc' dir='ltr'><strong>βεϐαιοῦσα.</strong></span> <span class='ocrx_word' id='word_1_813' title='bbox 3373 5783 3554 5837; x_wconf 76' lang='grc' dir='ltr'><strong>πῖστιν</strong></span> <span class='ocrx_word' id='word_1_814' title='bbox 3592 5782 3668 5853; x_wconf 82' lang='grc' dir='ltr'><strong>τῷ</strong></span> <span class='ocrx_word' id='word_1_815' title='bbox 3706 5780 3980 5853; x_wconf 72' lang='grc' dir='ltr'><strong>μιγαλιιφ</strong></span> 
     </span>
    </p>
   </div>
   <div class='ocr_carea' id='block_1_115' title="bbox 732 5869 1218 5939">
    <p class='ocr_par' dir='ltr' id='par_1_115' title="bbox 732 5869 1218 5939">
     <span class='ocr_line' id='line_1_115' title="bbox 732 5869 1218 5939; baseline 0.016 -19"><span class='ocrx_word' id='word_1_816' title='bbox 732 5872 824 5939; x_wconf 72' lang='grc' dir='ltr'><strong>τῆς</strong></span> <span class='ocrx_word' id='word_1_817' title='bbox 856 5869 1218 5936; x_wconf 70' lang='grc' dir='ltr'><strong>ἀναστάσεως.</strong></span> 
     </span>
    </p>
   </div>
  </div>
