4158 6510
168 468 274 530 5L5

1268 469 1553 529 ORATIO
1597 469 1689 529 DE
1733 465 2012 526 SANCTA
2062 462 2332 524 MARIA.

3309 458 3414 520 546

169 584 362 649 inquit,
413 582 673 650 infantem
713 595 830 634 cum
886 579 1062 632 Maria
1117 589 1284 630 matre
1333 579 1443 648 ejus
1495 579 1537 608 "
1597 575 1736 642 Quid
1771 595 1810 648 Α
1842 573 2187 637 tentationes,
2220 580 2274 624 et
2300 569 2374 625 sis
2401 580 2615 639 paratus
2671 569 2934 624 adversus
2971 568 3211 623 insidias.
3250 567 3416 631 Jubc-

166 683 349 728 autem
395 688 657 744 magnum
711 672 982 734 viderunt,
1033 669 1177 740 quod
1241 683 1366 722 eum
1419 669 1731 732 adorarunt,

167 779 286 816 cum
342 765 531 818 omnia
581 773 764 818 essent
798 761 1084 831 ejusmodi,
1124 769 1184 814 ut
1224 759 1364 812 nihil
1409 768 1592 828 posset
1618 773 1736 812 esse

166 853 382 908 vilius?
435 853 854 923 Speluncamne,
907 866 1167 922 prassepe,
1219 850 1464 905 fascias:
1510 866 1577 904 an
1625 865 1736 903 ma-

168 957 328 1011 trem,
394 962 519 1016 quae
574 958 718 1001 tanta
783 955 900 1001 erat
965 945 1357 1014 simplicitate?
1400 940 1539 1008 Quid
1609 957 1735 1012 ergo

164 1050 258 1090 eos
329 1046 480 1091 tanta
542 1037 724 1091 affecit
815 1034 1192 1096 admiratione,
1271 1041 1329 1087 ut
1394 1047 1497 1087 nou
1561 1031 1735 1085 solum

164 1123 482 1189 adorarent,
525 1125 616 1178 sed
664 1123 828 1176 etiam
861 1122 1001 1176 dona
1031 1121 1313 1185 offerrent,
1345 1135 1515 1189 eaque
1543 1119 1735 1186 hujus-

167 1215 335 1279 modi,
368 1229 492 1285 quae
532 1215 705 1283 ipsum
755 1227 879 1267 esse
930 1212 1095 1266 Deum
1132 1221 1188 1266 et
1233 1211 1428 1282 Regem
1461 1211 1737 1281 signiﬁca-

167 1309 356 1362 rent?
419 1307 535 1361 Hoc
608 1306 752 1359 enim
811 1304 914 1358 sibi
983 1304 1194 1364 volunt,
1269 1317 1462 1372 nempe
1534 1303 1736 1372 Regem

166 1405 387 1472 quidem
423 1417 643 1466 aurum,
675 1402 802 1455 thus
851 1414 979 1454 vero
1032 1398 1221 1462 Deum,
1279 1396 1497 1468 myrrha
1557 1409 1734 1453 autem

165 1493 624 1562 praesignificabat
675 1499 927 1556 mortem,
959 1505 1120 1559 quam
1177 1505 1273 1559 pro
1306 1503 1392 1544 me
1436 1499 1555 1545 crat
1584 1492 1736 1546 subi-

164 1593 343 1639 turus.
404 1583 678 1649 Quidnam
734 1597 863 1653 crgo
907 1596 1002 1636 eos
1069 1581 1303 1634 movit?
1363 1582 1514 1646 illud,
1595 1585 1736 1652 quod

159 1675 322 1729 etiam
377 1675 586 1740 effecit,
625 1685 682 1730 ut
713 1677 872 1729 domo
897 1676 1283 1750 escitarentur,
1315 1685 1370 1730 et
1399 1686 1606 1730 tantum
1641 1677 1740 1730 iter

160 1765 506 1821 conﬁcerent
536 1785 548 1820 :
584 1768 739 1821 stella
785 1763 1031 1832 omnino,
1057 1778 1114 1822 et
1158 1782 1276 1835 qui-te
1327 1781 1514 1820 eorum
1544 1767 1738 1820 animis

162 1857 340 1910 inerat
381 1873 411 1911 a
445 1857 555 1912 Deo
585 1859 926 1914 illuminatio.

231 1948 422 2002 XVIII.
475 1949 582 2002 Sed
633 1951 760 2018 quid
795 1959 1220 2005 consentaneum
1265 1961 1381 2006 erat
1410 1951 1592 2004 animo
1616 1965 1738 2004 ver-
1776 1937 1813 1988 Β

160 2050 279 2089 sarc
310 2044 568 2097 matrem.
609 2037 722 2097 base
751 2042 1102 2095 cernentem?
1129 2040 1422 2110 Cuiusnam
1481 2039 1570 2093 filii
1598 2047 1743 2094 esset

159 2130 355 2187 mater,
387 2124 457 2179 ad
494 2140 654 2194 quem
690 2127 790 2181 viri
810 2138 917 2183 tam
968 2130 1206 2198 insignes
1253 2131 1331 2184 sic
1381 2138 1742 2193 accesserant,

159 2213 315 2268 stella
353 2215 498 2270 duce
524 2227 737 2273 utentes
769 2237 783 2275 :
825 2221 916 2289 qui
962 2236 1084 2273 eum
1133 2220 1432 2274 adorabant
1481 2219 1536 2272 in
1567 2218 1744 2273 fasciis

158 2314 212 2358 et
239 2305 388 2359 dona
413 2308 732 2373 offerebant,
760 2319 1008 2379 tanquam
1030 2311 1077 2365 ei
1106 2326 1164 2365 se
1193 2311 1483 2365 conciliare
1522 2310 1745 2364 studen-

160 2406 261 2461 tes,
299 2407 360 2451 et
389 2398 493 2452 sibi
526 2401 726 2468 aliquid
757 2417 1031 2473 magnum.
1067 2401 1211 2472 quod
1231 2403 1357 2458 hinc
1385 2412 1501 2457 erat
1528 2411 1746 2457 secutu-

160 2503 299 2552 rum,
328 2494 731 2558 procurantes?
771 2492 860 2549 Vel
892 2505 1150 2564 quantum
1184 2512 1303 2550 eam
1355 2497 1589 2565 gaudere
1648 2511 1746 2565 par

159 2591 278 2634 erat
313 2598 382 2636 ac
412 2593 676 2651 quantum
714 2586 993 2644 illustrari.
1026 2597 1348 2653 quantaeque
1368 2588 1478 2655 spei
1509 2587 1744 2641 fructum

153 2673 261 2740 jam
294 2674 582 2740 percipere
611 2689 717 2727 non
756 2690 821 2730 ex
858 2676 943 2729 his
975 2678 1172 2737 solum,
1209 2677 1305 2732 sed
1331 2693 1392 2731 ex
1427 2677 1531 2730 illis
1552 2678 1741 2742 etiam,

157 2776 274 2827 quze
305 2775 721 2831 praecesserant,
743 2767 1082 2823 admirabilia
1106 2769 1391 2838 colligente
1415 2769 1436 2821 ?
1469 2768 1590 2822 liae
1608 2784 1744 2838 puer

158 2853 245 2905 ille
301 2857 396 2908 dat
440 2857 490 2910 ei
527 2859 747 2926 praemia
782 2876 796 2912 :
835 2860 911 2914 sic
941 2861 1165 2929 opponit
1200 2861 1496 2914 humilibus
1528 2875 1591 2914 ea
1623 2876 1745 2930 qua:

157 2952 287 2998 sunt
320 2945 557 2999 illustria
591 2963 696 3013 ;ne
735 2948 902 3000 solam
931 2950 1121 3002 videns
1150 2951 1483 3018 speluncam,
1517 2960 1750 3018 ettugu-

160 3032 327 3096 rium,
359 3044 414 3086 et
448 3050 711 3104 praesepe,
739 3045 791 3091 et
820 3039 953 3093 viles
1000 3040 1215 3106 fasclas,
1243 3056 1429 3111 parva,
1465 3049 1522 3094 ut
1551 3055 1743 3094 consc-

159 3135 337 3186 quens
367 3122 674 3190 videbatur,
708 3126 1047 3196 opinaretur,
1096 3139 1149 3184 et
1178 3131 1570 3185 distraheretur
1596 3130 1745 3200 cogi-

1838 677 1924 721 ιιιι·
1969 677 2150 719 autem
2184 677 2462 716 assumere.
2521 677 2746 732 puerum
2781 671 2837 714 et
2902 671 3128 715 matrem
3167 663 3286 731 ejus
3363 672 3419 717 et

1833 759 2018 828 fugere
2055 757 2110 810 in
2151 754 2469 826 Egyptum,
2526 770 2632 807 non
2668 754 2809 808 sicut
2865 755 3036 822 prius.
3095 753 3230 808 Nam
3290 763 3418 808 tunc

1834 849 2049 918 quidem
2077 842 2462 906 dicit.Ua:orem
2494 854 2666 910 luant;
2701 861 2850 899 nunc
2882 861 3011 900 vero
3053 845 3194 898 hanc
3259 855 3416 899 vocat

1836 951 2076 1005 matrem,
2095 955 2216 995 cum
2233 947 2378 992 esset
2401 953 2649 1007 egressus
2671 948 2876 1006 partus,
2901 947 2955 992 et
2976 947 3118 991 mota
3143 939 3416 1005 suspicio.

1836 1033 1996 1103 Fuga!
2020 1046 2199 1089 autem
2219 1045 2406 1092 causa,
2430 1044 2509 1086 est
2534 1041 2712 1085 metus
2746 1030 3081 1085 insidiarum.
3136 1027 3270 1083 Vide
3289 1044 3419 1099 ergo

1840 1141 2026 1180 rursus
2050 1142 2169 1181 cum
2191 1128 2394 1198 magnis
2417 1135 2471 1181 et
2491 1125 2852 1194 suspiciendis
2875 1124 3130 1193 conjungi
3160 1122 3414 1185 humilia,

1837 1226 1892 1272 et
1921 1219 2322 1287 cumjucundis
2349 1231 2552 1287 eaquae
2607 1227 2737 1271 sunt
2791 1217 3041 1272 molesta.
3086 1212 3212 1268 Post
3267 1214 3416 1267 illam

1837 1323 1934 1374 per
1993 1309 2201 1363 stellam
2231 1308 2630 1371 deductionem,
2673 1315 2797 1375 post
2845 1305 3060 1359 illorum
3135 1313 3392 1370 tanquam

1839 1398 1988 1469 Regi,
2032 1401 2113 1454 vel
2136 1401 2314 1470 potius
2339 1411 2591 1468 tanquam
2649 1399 2757 1453 Deo
2805 1396 3101 1452 exhibit-am
3141 1395 3418 1452 adoratio—

1839 1503 1982 1552 nem,
2022 1499 2076 1543 et
2105 1491 2374 1543 donorum
2437 1489 2801 1553 oblationem,
2839 1488 2891 1540 in
2947 1501 3013 1540 eo
3081 1485 3180 1538 fuit
3240 1492 3418 1537 metus

1840 1581 2048 1641 mortis.
2081 1590 2133 1635 et
2156 1579 2276 1646 fuga
2295 1581 2524 1634 occulta.
2547 1581 2612 1633 Et
2642 1581 2708 1633 de
2733 1595 2840 1648 quo
2861 1580 3009 1647 prius
3031 1578 3414 1631 renuntiatum

1841 1672 2012 1726 fuerat
2049 1670 2162 1726 fore
2189 1681 2246 1724 ut
2275 1672 2479 1725 salvum
2534 1671 2736 1724 faceret
2768 1671 3048 1738 populum.
3079 1685 3143 1722 nc
3174 1684 3233 1722 se
3296 1669 3419 1736 qui-

1838 1765 1960 1818 dem
1983 1764 2197 1818 videtur
2257 1778 2416 1833 posse
2471 1762 2679 1816 salvum
2739 1761 2937 1815 facere.
3007 1760 3138 1824 Quae
3192 1758 3416 1828 quidem

1840 1855 2112 1923 quomodo
2140 1868 2329 1908 rursus
2385 1854 2627 1907 animum
2689 1852 2924 1922 Virginis
2980 1851 3321 1905 affecerunt?
3353 1850 3421 1903 Et

1845 1947 1972 2016 quid
2007 1956 2437 2001 consentaneum
2466 1956 2550 2000 est
2584 1960 2703 1998 eam
2754 1945 2960 1998 interea
2989 1942 3297 2012 cogitasse?
3328 1942 3420 1995 Sic

1845 2039 2008 2093 etiam
2042 2039 2093 2092 in
2117 2039 2370 2093 omnibus
2444 2038 2649 2092 sanctis
2694 2044 3091 2104 consequenter
3152 2033 3418 2095 invenies.

1846 2147 1968 2186 cum
1989 2133 2056 2186 iis
2080 2148 2199 2202 qua:
2229 2141 2437 2187 suntex
2457 2130 2621 2184 animi
2641 2129 2932 2192 sententia,
2961 2127 3176 2181 misceri
3200 2141 3421 2197 quoque

1849 2223 2096 2276 molesta.
2169 2221 2369 2276 Verum
2428 2221 2708 2279 enimvero
2757 2221 2836 2276 sic
2887 2220 3104 2289 quidem
3171 2218 3420 2272 Christus

1845 2314 1992 2367 venit
2023 2315 2076 2365 in
2109 2311 2421 2383 zEgyptum.

1914 2403 2030 2458 XX.
2062 2405 2295 2459 Herodes
2347 2415 2526 2460 autem
2590 2419 2712 2459 cum
2741 2419 2770 2458 a
2795 2418 2960 2473 scopo
2998 2403 3330 2465 aberrasset.
3361 2403 3414 2457 in

1842 2498 2103 2562 infantes,
2132 2500 2223 2568 qui
2257 2498 2456 2552 nullam
2522 2497 2762 2553 fecerant
2831 2497 3109 2565 iniuriam,
3165 2507 3274 2551 tota
3340 2497 3418 2549 ira

1847 2591 2123 2659 erumpit,
2148 2606 2214 2644 eo
2249 2591 2408 2644 modo
2437 2605 2530 2645 eos
2572 2591 2861 2649 ulciscens.
2889 2590 2977 2656 qui
3031 2589 3180 2642 illum
3231 2590 3421 2644 illuse-

1846 2681 2114 2737 rantzvel
2144 2683 2320 2749 potius
2377 2692 2598 2750 pr0ptcr
2645 2696 2798 2734 suam
2849 2681 2902 2734 in
2939 2681 3212 2735 Christum
3271 2682 3420 2735 insa-

1846 2773 2012 2833 niam,
2035 2788 2193 2842 quam
2218 2773 2466 2842 concepit
2505 2773 2575 2826 ob
2615 2782 2817 2825 metum
2846 2776 3015 2841 regni,
3054 2774 3419 2827 communiter

1846 2866 2130 2920 adversum
2163 2881 2379 2920 omnem
2408 2865 2564 2919 irruit
2584 2875 2854 2926 naturam,
2881 2863 3419 2919 etinterficitomnes

1847 2957 2076 3010 infantes
2131 2957 2220 3024 qui
2248 2967 2400 3010 erant
2429 2958 2484 3010 in
2543 2955 2842 3020 Bethleem,
2870 2955 2922 3008 in
2974 2956 3077 3008 hac
3129 2956 3381 3010 universa

1845 3048 1990 3102 c:cde
2024 3047 2305 3101 infantium
2341 3049 2661 3102 existimans
2686 3062 2744 3100 se
2777 3056 2832 3100 ct
2864 3061 3031 3100 unum
3064 3047 3211 3099 illum
3239 3049 3420 3100 omni-

1848 3154 1918 3194 no
1944 3149 2339 3203 assecuturum,
2377 3149 2431 3194 et
2457 3147 2515 3194 ut
2569 3139 2661 3194 ille
2709 3139 2918 3194 solutus
2956 3148 3102 3194 esset
3163 3154 3192 3193 a
3249 3149 3418 3201 metu.

162 3212 500 3319 rarionihus:
532 3217 708 3319 θεά-ιιι
730 3229 784 3273 et
808 3219 918 3274 hac
943 3235 1134 3290 magna
1162 3222 1534 3286 εοηδίάετεηευ
1555 3237 1743 3276 NTSUS
1770 3260 1815 3319 ο
1848 3249 2038 3289 omnes
2105 3235 2286 3304 lugere
2310 3249 2611 3304 procurans
2672 3233 3180 3291 immisericorditer
3207 3245 3223 3286 ξ
3276 3236 3420 3302 quod

161 3305 213 3357 in
279 3307 454 3359 altum
503 3308 868 3373 extolleretur,
944 3319 1000 3364 et
1057 3319 1276 3379 propter
1326 3311 1472 3366 hunc
1539 3326 1739 3365 novum

162 3406 380 3465 partum
411 3412 472 3451 se
511 3411 693 3466 posset
722 3400 930 3456 beatam
984 3402 1204 3458 ducere.
1260 3401 1414 3468 Quod
1471 3404 1614 3458 enim
1673 3403 1743 3459 ab

161 3489 316 3542 initio
347 3492 638 3546 consuevit
670 3492 928 3549 Dominus
958 3494 1159 3559 facere,
1197 3506 1256 3550 ut
1297 3512 1416 3564 qua:
1449 3506 1576 3552 sunt
1619 3497 1741 3552 vilia

161 3587 214 3633 et
243 3579 499 3646 humilia,
533 3584 752 3638 extollat
800 3594 995 3654 praeter
1020 3587 1355 3653 opinionem,
1410 3590 1548 3641 sicut
1578 3604 1744 3643 econ-

162 3681 336 3733 tra,ut
359 3688 426 3728 ea
443 3689 564 3742 quas
585 3677 986 3747 suntsuperba,
1039 3677 1307 3747 deprimat
1342 3679 1485 3734 :hoc
1521 3681 1740 3749 quidem

160 3771 306 3815 certe
338 3761 550 3818 videret
576 3765 736 3820 etiam
804 3766 983 3824 facere
1015 3770 1070 3822 in
1116 3769 1316 3839 seipso.

229 3850 377 3907 XIX.
421 3853 532 3910 Sed
561 3873 654 3912 cur
701 3858 866 3930 Magis
932 3872 1016 3916 cst
1061 3863 1402 3932 imperatum,
1463 3879 1530 3918 ne
1558 3880 1744 3920 rursus

163 3945 409 4001 redirent
433 3949 501 4003 ad
552 3951 868 4012 Herodem?
897 3951 962 4007 Et
993 3968 1250 4021 quorsum
1307 3955 1397 4007 illa
1437 3955 1642 4024 abjecta
1688 3967 1744 4011 et

165 4037 349 4091 minus
404 4040 602 4092 decora
635 4041 688 4092 in
739 4042 1002 4112 Egyptum
1045 4047 1168 4114 fuga
1218 4042 1448 4108 Christi,
1517 4046 1742 4116 perinde

161 4142 222 4182 ac
251 4128 295 4182 si
323 4143 436 4184 non
471 4142 653 4202 posset
695 4134 852 4189 aliter
917 4151 1038 4192 esse
1095 4136 1332 4194 salvus?
1365 4138 1622 4192 Futurum
1668 4151 1741 4193 est

161 4222 323 4289 enim,
359 4226 558 4295 inquit,
626 4237 683 4281 ut
740 4229 968 4285 Herodes
1007 4242 1208 4301 quarat
1267 4251 1483 4302 puerum
1506 4237 1575 4288 ad
1627 4252 1743 4302 per-

161 4317 390 4372 dendum
422 4334 544 4372 eum
565 4319 640 4373 '°.
673 4320 807 4375 Num
842 4333 897 4378 ut
929 4339 1026 4394 per
1059 4324 1172 4380 hac
1206 4341 1369 4393 parva
1392 4333 1447 4378 et
1480 4326 1740 4392 humana,

164 4414 216 4460 et
255 4418 584 4462 cerneretur
605 4413 720 4478 ipse
757 4427 977 4467 carnem
1009 4413 1328 4484 sumpsisse,
1365 4423 1418 4469 et
1452 4414 1742 4486 dispensa-

163 4495 328 4549 tionis
365 4496 515 4550 illius
544 4500 853 4556 crederetur
893 4505 1207 4577 magnitudo
1238 4506 1260 4558 ἲ
1310 4506 1581 4561 Maxime:
1617 4524 1742 4576 pro-

1847 3326 1928 3377 vel
1970 3326 2021 3376 in
2047 3327 2209 3377 rebus
2239 3324 2548 3376 inanimatis
2573 3323 2926 3376 abstinuisset
2976 3323 3156 3376 facere
3181 3323 3337 3386 alius,
3366 3334 3422 3376 et

1846 3424 2059 3469 teneras
2089 3415 2298 3483 plantas
2327 3414 2617 3483 aspiciens,
2678 3412 3049 3468 misericordia
3103 3413 3421 3480 ductus,eas

1844 3505 2104 3559 noluisset
2134 3504 2470 3559 exscindere.
2499 3503 2606 3556 Sed
2643 3503 2818 3556 videte
2849 3518 2966 3567 vos,
2995 3502 3086 3570 qui
3130 3504 3416 3571 imperium

1845 3596 2334 3661 amatis,etestisa
2361 3611 2495 3651 vana
2537 3595 2774 3664 superati
2830 3594 3015 3665 gloria,
3055 3593 3111 3648 in
3161 3604 3418 3662 quantam

1842 3705 1905 3742 ea
1948 3690 2211 3742 insaniam
2266 3689 2445 3758 adigat
2476 3687 2769 3750 amatores,
2802 3699 2856 3741 et
2905 3699 3139 3750 quonam
3165 3702 3258 3740 eos
3290 3687 3420 3740 ferri

1845 3779 2154 3851 persuadet,
2182 3790 2237 3834 et
2268 3795 2512 3848 quaenam
2545 3795 2638 3835 cos
2669 3779 2808 3846 cogit
2841 3781 3038 3834 facere.
3062 3778 3210 3832 llanc
3233 3793 3414 3834 autem

1845 3871 2132 3926 infautlmn
2154 3870 2353 3924 caedem
2371 3867 2632 3924 Jeremias
2657 3883 2871 3938 quoque
2898 3869 3082 3923 multis
3106 3881 3232 3923 ante
3259 3871 3419 3924 annis

1843 3962 2190 4033 praenuntiat,
2234 3971 2291 4015 et
2347 3960 2587 4030 przedicit
2637 3960 2973 4029 tragoediam,
3025 3969 3080 4014 et
3127 3960 3421 4015 introducit

1845 4032 2134 4110 Rachelem
2168 4054 2384 4109 ﬂentem
2425 4069 2553 4107 suos
2586 4053 2741 4112 filios,
2767 4061 2821 4105 et
2860 4052 3281 4106 consolationem
3317 4053 3421 4105 mi-

1843 4148 1987 4202 nime
2020 4147 2391 4201 admittentem
2420 4143 2460 4175 "
2492 4182 2506 4197 .
2531 4142 2791 4209 Quocirca
2822 4157 2929 4196 non
2949 4143 3232 4210 ignorante
3263 4144 3380 4197 scili
3402 4173 3416 4182 -

1843 4247 1928 4293 cet
1963 4238 2073 4292 Deo
2104 4237 2219 4292 hac
2253 4236 2474 4302 fiebant,
2527 4236 2621 4290 sed
2686 4243 2741 4289 et
2810 4236 3041 4298 sciente,
3099 4244 3152 4288 et
3204 4234 3420 4288 volente

1841 4329 2059 4398 quidem
2088 4343 2294 4392 arcere,
2365 4329 2767 4396 permittentem
2821 4335 3002 4377 autem
3056 4326 3268 4377 arcanis
3297 4327 3419 4393 qui-

1842 4423 2068 4477 husdam
2097 4419 2416 4475 rationibus.
2456 4419 2561 4474 Sed
2586 4417 2822 4473 Herodes
2845 4417 3062 4486 quidem
3109 4417 3418 4486 percipiens

1843 4531 2055 4581 eorum,
2085 4530 2205 4585 qua
2231 4513 2380 4578 fecit,
2445 4511 2651 4566 fructus
2704 4511 3110 4575 convenientes,
3159 4511 3420 4564 divinitus

165 4596 350 4677 pterea
382 4602 489 4642 nec
516 4589 689 4659 primo
707 4595 970 4647 statuitin
986 4593 1240 4649 omnibus
1262 4597 1437 4652 facere
1457 4599 1736 4652 miracula.
1774 4603 1815 4658 Ι)
1844 4609 2090 4664 immissa
2136 4607 2308 4677 plaga,
2343 4613 2458 4657 toto
2513 4617 2738 4669 corpore
2804 4603 3101 4661 sauciatur.
3170 4611 3224 4653 et
3277 4615 3401 4654 vere

165 4675 294 4744 Quae
323 4680 472 4733 enim
499 4682 568 4736 ab
598 4681 750 4735 initio
778 4681 922 4737 facta
948 4694 1326 4754 sunt,propter
1352 4687 1575 4742 Matrem
1619 4703 1740 4741 om-

167 4773 296 4826 nino
333 4771 478 4825 facta
509 4781 656 4840 sunt,
679 4775 1139 4849 propterJoseph,
1197 4790 1416 4848 propter
1473 4790 1738 4850 pastores,

168 4876 391 4936 propter
429 4864 632 4938 Magos.
662 4868 776 4935 Qua
814 4871 880 4925 de
905 4887 1071 4927 causa
1102 4871 1269 4943 Magis
1298 4888 1519 4943 quoque
1551 4878 1738 4930 datum

167 4973 247 5018 est
279 4977 608 5032 responsum
645 4981 713 5022 ne
741 4977 1142 5023 reverterentur
1169 4970 1236 5023 ad
1264 4970 1554 5034 Herodem,
1591 4985 1650 5026 ut
1688 4982 1741 5027 et

167 5055 424 5112 doctores
451 5057 565 5112 cito
589 5060 934 5116 mitterentur
957 5061 1010 5115 in
1040 5059 1329 5116 Persarum
1363 5065 1658 5133 regionem.
1683 5071 1740 5118 et

168 5149 382 5216 tyranni
408 5148 566 5205 furor
589 5150 1071 5224 interrumperetur
1087 5154 1360 5224 sciretque
1378 5172 1436 5208 se
1453 5172 1512 5210 ea
1527 5150 1740 5227 aggredi

167 5254 283 5308 quae
299 5241 441 5297 (ξωοί
466 5257 578 5297 non
596 5255 831 5313 possent.
856 5246 1010 5312 Quod
1031 5248 1071 5302 si
1091 5262 1198 5301 non
1216 5248 1385 5302 evasit
1402 5248 1611 5309 melior,
1634 5263 1742 5303 non

171 5329 220 5382 in
240 5343 391 5391 eum.
418 5332 517 5401 qui
538 5321 650 5386 haec
671 5335 924 5403 providit,
951 5346 1005 5391 et
1025 5338 1115 5406 qui
1135 5339 1246 5391 haec
1271 5338 1477 5392 eofecit
1494 5338 1740 5402 consilio,

169 5421 332 5475 sedin
363 5438 638 5478 summam
666 5425 1086 5482 illiusinsaniatn
1104 5429 1257 5497 culpa
1280 5438 1364 5484 est
1380 5430 1738 5495 conferenda;

172 5525 436 5582 praeterea
489 5526 551 5570 ut
597 5523 651 5570 tu
677 5533 911 5588 quoque,
936 5519 1028 5589 qui
1060 5534 1126 5573 ex
1165 5520 1383 5573 Christo
1421 5522 1601 5576 vivere
1627 5519 1739 5574 ele-

168 5610 306 5680 sisti,
347 5622 464 5661 non
501 5623 696 5676 parvas
747 5609 812 5664 ad
873 5612 1268 5681 philosOpbiam
1310 5626 1374 5664 ex
1405 5627 1470 5666 eo
1499 5613 1742 5667 invenias

170 5703 489 5759 occasiones
525 5719 539 5755 :
598 5717 792 5781 nempe
825 5712 880 5758 ut
905 5713 958 5759 et
976 5706 1153 5758 statim
1183 5706 1250 5760 ab
1279 5706 1432 5760 initio
1462 5718 1742 5774 exsucctes

267 5883 315 5916 "
353 5878 557 5935 Matth.
591 5894 651 5944 ιι,
694 5881 746 5935 ιι
852 5885 894 5916 ³·
921 5882 1106 5937 Matth.
1153 5899 1210 5947 lt,
1253 5885 1331 5938 l3.

1413 5883 1454 5913 "
1482 5881 1681 5937 ,ἱρὴ-ιιι.
1729 5901 1785 5949 ιι,
1815 5883 1899 5936 15.

1844 4703 2014 4756 malus
2065 4701 2205 4754 tnale
2267 4697 2424 4766 perit,
2467 4695 2768 4764 ejusregno
2815 4693 2869 4746 in
2936 4701 3169 4762 quatuor
3236 4701 3417 4761 partes

1843 4791 2017 4846 diviso
2055 4809 2069 4845 :
2109 4785 2374 4843 Archelao
2425 4785 2641 4854 quidem
2700 4782 2984 4850 imperium
3020 4783 3303 4836 obtinente
3363 4782 3417 4835 in

1842 4884 2046 4945 Judrea,
2079 4879 2290 4934 Herode
2323 4887 2525 4938 autem,
2558 4886 2611 4928 et
2660 4874 2931 4942 Philippo,
2967 4885 3021 4926 et
3048 4873 3293 4942 Lysania,
3329 4875 3418 4928 illo

1843 4973 2063 5042 quidem
2089 4971 2340 5030 Galilaean,
2377 4967 2481 5020 hoc
2525 4978 2652 5018 vero
2680 4963 2886 5018 hurane
2914 4972 2969 5016 et
2997 4961 3414 5022 Tracbonitidis.

1846 5072 2121 5135 postremo
2156 5071 2359 5119 autem,
2391 5057 2778 5112 tetrarcbatum
2821 5055 3015 5107 sortito
3037 5053 3415 5106 libitinam".

1917 5152 2058 5208 XXI.
2106 5152 2390 5218 Postquam
2419 5157 2600 5201 autem
2635 5148 2866 5201 excessit
2911 5139 3148 5198 Herodes
3200 5160 3262 5198 ex
3322 5144 3420 5197 hu-

1849 5248 2045 5310 manis,
2073 5242 2295 5314 angelus
2323 5255 2514 5296 rursus
2543 5240 2595 5293 in
2649 5238 2854 5292 somnis
2911 5237 3149 5305 .losepho
3192 5247 3416 5305 apparot

1848 5339 1902 5391 in
1933 5337 2181 5406 Egypto,
2213 5342 2268 5387 et
2293 5332 2449 5402 jubet
2477 5331 2738 5384 infantem
2762 5327 3027 5395 accipere,
3078 5336 3130 5379 et
3151 5324 3416 5395 proﬁcisci

1847 5431 1902 5484 in
1932 5439 2125 5482 terram
2189 5424 2369 5480 lsrael.
2420 5422 2593 5487 Quam
2649 5420 2850 5481 multa,
2886 5432 2920 5471 ο
2975 5417 3173 5471 Christi
3228 5417 3415 5478 Mater,

1850 5521 2068 5575 fuerunt
2126 5517 2221 5569 tibi
2263 5530 2488 5569 casuum
2546 5510 2976 5579 inrequalitates?
3021 5522 3181 5577 quam
3238 5507 3418 5560 multa:

1851 5625 2028 5665 rerum
2060 5606 2429 5662 mutationes?
2462 5607 2598 5660 Ecce
2629 5606 2772 5659 enim
2798 5617 2982 5654 rursus
3026 5599 3243 5669 quidem
3271 5598 3418 5652 fuisti

1850 5704 2020 5760 soluta
2047 5702 2116 5756 ab
2138 5702 2348 5765 exsilio,
2386 5707 2439 5754 et
2484 5699 2550 5754 ad
2615 5696 2883 5766 propriam
2916 5693 3203 5748 reverteris
3246 5691 3419 5761 regio-

1980 5880 2095 5912 ειν
2131 5879 2263 5936 Luc.
2297 5894 2380 5942 ιιι,
2414 5878 2475 5942 l;
2534 5874 2720 5930 Matth.
2764 5891 2829 5940 ιι,
2860 5874 2950 5938 ιὶο,
2983 5870 3080 5932 ει.
