4158 6500
173 467 279 528 549

1281 462 1564 521 ORATIO
1603 461 1698 523 DE
1742 460 2032 521 SANCTA
2072 461 2342 523 MARIA.

3333 466 3441 527 550

178 584 367 648 salem,
403 584 610 637 festum
634 581 853 636 Pasehze
874 580 1263 633 celebraturus.
1300 576 1435 631 Cum
1462 593 1591 631 vero
1631 578 1759 631 illud
1793 588 1837 641 Α
1870 575 2395 639 tissimamMariam,
2417 575 2641 629 Matrem
2662 575 2921 646 ejus,.qui
2954 591 3079 632 vere
3094 581 3459 649 estsapientia

179 678 339 729 ﬁnem
366 674 694 743 accepisset.
724 671 827 742 ipsi
878 670 1095 740 quidem
1142 668 1345 728 reversi
1387 679 1547 724 sunt:
1606 667 1766 725 Jesus

181 776 355 821 autem
376 775 565 820 manet
592 779 686 820 eos
713 764 906 818 latens.
944 760 1006 815 Et
1028 761 1101 815 illi
1148 761 1366 830 quidem
1423 762 1760 830 quaerebant,

183 860 267 912 hic
298 874 431 911 vero
457 867 572 911 tres
602 856 722 910 dies
752 855 926 909 latuit.
963 852 1167 908 Deinde
1207 853 1287 908 eis
1322 852 1380 906 ﬁt
1420 852 1761 919 manifestus,

182 951 231 1002 in
266 949 473 1018 templo
529 948 749 1018 quidem
812 945 1032 1009 sedens,
1087 946 1248 1000 simul
1301 953 1483 999 autem
1536 944 1765 997 audiens

179 1041 460 1107 doctores,
499 1050 716 1096 etcum
770 1038 875 1094 illis
928 1040 1225 1105 disserens,
1288 1048 1342 1094 et
1388 1038 1441 1091 in
1494 1039 1765 1107 responsis

180 1133 458 1188 auditores
498 1132 737 1187 alliciens
758 1131 1138 1185 admiratione.
1198 1131 1251 1185 In
1278 1131 1381 1185 hoc
1406 1130 1550 1185 enim
1579 1129 1768 1198 imple-

179 1226 353 1290 batur,
391 1225 538 1294 quod
562 1223 628 1278 de
656 1222 748 1278 illo
777 1224 1038 1293 scriptum
1068 1232 1170 1285 est,
1213 1222 1359 1292 quod
1402 1236 1530 1289 puer
1560 1222 1765 1289 confor-

180 1314 395 1368 tabatur
411 1316 629 1385 spiritu,
666 1324 715 1369 et
736 1314 1039 1383 proﬁciebat
1061 1315 1322 1382 sapientia
1350 1322 1398 1365 et
1426 1313 1602 1380 gratia
1624 1311 1763 1379 apud

178 1404 345 1459 Deum
375 1414 426 1460 et
463 1406 719 1472 homines,
757 1420 823 1461 eo
864 1405 1007 1475 quod
1054 1404 1240 1458 multis
1262 1403 1383 1457 talis
1407 1412 1527 1458 esse
1587 1402 1765 1457 decla-

178 1505 346 1550 retur.
380 1495 540 1550 Latet
561 1506 746 1552 autem
773 1506 1045 1567 parentes,
1081 1510 1152 1550 ne
1180 1498 1249 1550 ab
1272 1495 1352 1550 eis
1380 1495 1763 1565 prohiberetur

175 1587 448 1642 disserere
473 1602 598 1643 cum
648 1588 1000 1659 jurisperitis,
1038 1598 1097 1643 ut
1132 1588 1221 1658 qui
1259 1587 1469 1643 scirent
1498 1602 1624 1642 eum
1653 1602 1763 1642 non

172 1678 433 1733 didicisse
485 1679 720 1741 litteras.
753 1690 811 1735 et
834 1690 1113 1746 caverent,
1146 1697 1217 1735 ne
1255 1681 1531 1735 laberetur
1560 1680 1614 1733 in
1645 1695 1764 1734 ser-

174 1783 336 1824 mone
370 1788 384 1824 :
418 1781 515 1825 aut
540 1770 776 1826 fortasse
799 1788 1019 1835 cavens,
1078 1788 1147 1827 ne
1178 1773 1456 1827 videretur
1512 1781 1764 1839 parentes

172 1859 373 1914 habere
401 1863 761 1933 contemptui,
794 1879 860 1918 eo
880 1863 1025 1932 quod
1056 1878 1165 1916 non
1202 1864 1517 1932 parentibus
1545 1871 1764 1931 pareret

1872 678 1926 724 et
1949 684 2148 723 arcana
2176 669 2436 739 cognitio.
2460 669 2809 724 Conservabnt
2843 670 3015 735 enim,
3055 671 3249 740 inquit,
3280 675 3458 729 omnia

1869 762 2021 815 verba
2054 763 2162 816 lucc
2186 762 2239 815 in
2271 763 2423 815 corde
2461 778 2556 815 suo
2578 762 2659 815 ³⁹;
2692 762 2832 816 sicut
2874 762 3036 816 etiam
3063 765 3215 833 prius
3255 765 3309 818 in
3366 768 3461 821 atl-

1870 860 2040 905 ventu
2095 863 2400 922 pastorum,
2458 863 2515 907 et
2575 852 2638 906 iis
2687 868 2806 919 quae
2870 853 2942 905 illi
2997 855 3108 907 visa
3168 868 3223 909 et
3278 858 3457 911 audita

1870 944 2189 998 narrabant.
2218 944 2286 998 Et
2317 954 2448 999 tunc
2483 943 2658 1000 Lucas
2694 943 2945 998 similiter
2965 946 3076 1000 haec
3111 948 3293 1001 omnia
3320 948 3461 1003 dixit

1871 1033 2092 1088 Mariam
2124 1050 2468 1090 conservare.
2529 1036 2644 1090 Non
2703 1036 2848 1089 enim
2882 1037 2953 1098 ei,
2987 1048 3239 1105 tanquam
3296 1041 3457 1095 alicui

1870 1125 2065 1181 infanti
2117 1127 2455 1190 attendebat,
2524 1128 2618 1181 sed
2659 1143 2779 1196 quae
2842 1130 3181 1194 dicebantur,
3243 1129 3457 1199 plurimi

1868 1215 2098 1271 faciebat
2127 1237 2140 1272 :
2169 1227 2223 1272 et
2254 1218 2388 1271 nihil
2421 1228 2538 1272 erat
2576 1234 2637 1272 ex
2674 1220 2737 1272 iis
2761 1235 2881 1289 quae
2906 1221 2971 1274 ab
3003 1221 3121 1290 ipso
3139 1222 3460 1277 dicebantur

1869 1317 1925 1362 et
1964 1308 2186 1372 ﬁebant,
2242 1313 2386 1379 quod
2445 1327 2555 1365 non
2619 1326 2680 1365 ea
2736 1329 2931 1383 magno
2999 1317 3178 1370 studio
3240 1318 3459 1387 dignum

1868 1399 2113 1463 duceret,
2137 1409 2192 1454 et
2218 1403 2383 1456 corde
2409 1402 2696 1474 diligenter
2725 1390 2948 1471 celaret,
2980 1406 3290 1461 divinarum
3328 1425 3464 1477 qua-

1870 1492 2117 1545 rumdam
2176 1507 2359 1545 rerum
2424 1506 2479 1548 et
2544 1511 2868 1550 arcanarum
2932 1513 2997 1552 ea
3060 1513 3181 1553 esse
3226 1499 3463 1566 semina,

1869 1596 2069 1652 easque
2093 1583 2196 1637 illis
2226 1588 2635 1653 pmmonstrari
2680 1599 2829 1644 recte
2857 1590 3126 1659 judicans.

1940 1664 2142 1731 XXVI.
2175 1677 2306 1732 Post
2352 1679 2469 1734 haec
2496 1679 2786 1751 baptisma,
2838 1692 2961 1751 post
2986 1685 3130 1752 quod
3197 1685 3460 1739 miracula

1869 1784 2086 1839 quoque
2113 1786 2128 1835 ;
2161 1771 2255 1825 sed
2291 1770 2309 1841 (
2337 1782 2396 1826 ut
2426 1773 2645 1827 divinus
2668 1775 2804 1828 dicit
2830 1774 3171 1845 Joannes“)
3205 1777 3258 1831 id
3315 1779 3459 1846 quod

1871 1862 2105 1928 primum
2134 1861 2366 1934 fecit(in
2424 1865 2650 1934 nuptiis,
2685 1866 2929 1936 inquam,
2967 1880 3121 1937 aqua:
3169 1868 3221 1921 in
3273 1870 3462 1925 vinum

167 1950 495 2018 jubentibus
532 1967 596 2007 ea
646 1968 771 2021 qua:
817 1962 944 2007 sunt
997 1952 1311 2007 hominibus
1353 1951 1765 2022 consequentia.
1803 1965 1842 2020 Β
1873 1952 2612 2021 mutationemjfecitMatre
2641 1962 2930 2025 praesente.
2960 1960 3050 2012 llla
3070 1959 3287 2028 quidem
3313 1969 3461 2015 certe

177 2038 305 2093 Vide
327 2050 539 2104 autem,
601 2041 1059 2109 quemadmodum
1105 2056 1170 2096 ea
1215 2041 1366 2107 facit,
1416 2059 1539 2112 qua:
1596 2057 1764 2111 puero

172 2137 538 2189 conveniunt.
575 2134 693 2190 Non
724 2135 869 2190 enim
930 2137 1089 2191 docet
1141 2136 1500 2208 legisperitos.
1548 2136 1763 2191 etiamsi

172 2235 314 2280 esset
336 2227 717 2297 suppeditator
746 2229 1043 2297 sapientiae,
1108 2230 1203 2282 sed
1252 2228 1403 2281 audit
1433 2238 1487 2281 et
1534 2229 1765 2282 interro-

171 2332 259 2391 gat
293 2338 308 2376 :
343 2333 640 2391 utrumque
671 2337 794 2376 cum
826 2336 1018 2389 magna
1066 2321 1353 2387 sapientia.
1389 2319 1493 2373 Sed
1534 2336 1632 2375 cur
1652 2335 1759 2373 non

175 2410 377 2476 primo,
448 2424 554 2461 nec
599 2408 862 2470 secundo,
922 2408 1015 2462 sed
1094 2410 1255 2462 tertio
1309 2408 1599 2470 invenitur.
1669 2408 1759 2478 qui

171 2493 434 2559 quaeritur
482 2506 513 2545 a
566 2491 925 2560 parentibus?
967 2490 1102 2546 Hinc
1127 2491 1356 2547 fortasse
1401 2495 1758 2564 sepulturam,

171 2593 227 2637 et
255 2598 378 2653 qua:
408 2591 535 2654 post
557 2592 667 2639 tres
700 2584 816 2639 dies
856 2583 1039 2639 futura
1101 2598 1238 2653 erat,
1303 2589 1758 2642 resurrectionem

171 2661 627 2745 pmsignificans.
659 2672 814 2725 Tunc
837 2677 1003 2737 enim,
1036 2692 1158 2729 cum
1184 2680 1435 2745 sepulcro
1479 2686 1760 2734 contectus

168 2775 336 2828 esset,
368 2774 617 2835 apparet.

244 2877 451 2935 XXIV.
490 2878 597 2935 Sed
629 2883 903 2951 quomodo
943 2897 1133 2939 rursus
1196 2878 1367 2938 Mater
1405 2882 1757 2951 admirabilis,

169 2986 199 3022 a
242 2970 511 3026 maternis
545 2972 687 3027 victa
717 2973 1095 3039 visceribus,et
1136 2990 1259 3028 cum
1291 2990 1484 3047 magna
1513 2974 1763 3029 all‘ectio-

170 3077 238 3115 ne
279 3072 440 3116 vocat
470 3061 691 3126 Filium,
717 3074 770 3117 et
794 3073 1045 3133 tanquam
1088 3066 1514 3133 reprehendens,
1544 3067 1762 3122 adducit

170 3168 312 3217 eam,
338 3169 463 3223 qua:
503 3168 626 3207 cum
658 3155 843 3209 dolore
882 3156 1069 3221 ﬁebat,
1124 3157 1577 3226 inquisitionem?
1604 3160 1760 3223 Ecce,

170 3247 385 3309 dicens,
428 3252 585 3313 pater
641 3256 762 3299 tuus
834 3257 881 3299 et
934 3263 1027 3317 ego
1085 3247 1316 3299 dolentes
1398 3251 1759 3315 quaerebamus

1873 2044 2046 2112 prima
2090 2045 2347 2101 admonet
2390 2048 2577 2101 vinum
2609 2049 2821 2115 deesse,
2860 2050 2998 2103 Filio
3029 2053 3278 2120 praebens
3304 2068 3461 2108 occa-

1873 2136 2083 2191 sionem
2150 2148 2206 2193 et
2234 2140 2515 2194 materiam
2554 2141 2787 2197 faciendi
2821 2145 3164 2198 miraculum.
3195 2145 3247 2199 Is
3277 2155 3460 2201 autem

1871 2230 2121 2296 quamvis
2171 2245 2316 2299 aegre
2357 2232 2500 2285 ferre
2556 2235 2860 2297 videbatur,
2892 2244 2946 2287 et
2982 2237 3102 2289 ideo
3166 2253 3458 2293 recusare:

1871 2318 1999 2373 facit
2032 2330 2209 2374 tamen
2237 2337 2300 2375 ea
2354 2336 2473 2391 qua:
2502 2339 2532 2376 a
2577 2324 2746 2379 Matre
2802 2328 3256 2397 suggerebantur,
3291 2332 3462 2384 hono-

1870 2422 1997 2462 ratis
2019 2412 2242 2467 omnino
2274 2424 2337 2467 ut
2370 2413 2618 2482 Matrem,
2646 2427 2701 2470 et
2737 2412 2901 2472 veluti
2935 2418 2983 2472 ei
3018 2421 3251 2475 reddens
3312 2439 3458 2477 mer-

1871 2503 2083 2569 cedem,
2114 2508 2257 2575 quod
2287 2508 2466 2577 ipsum
2500 2508 2553 2561 in
2587 2510 2709 2564 alvo
2738 2514 3056 2581 gestaverit.
3094 2513 3232 2568 Vide
3274 2520 3455 2571 autem

1872 2594 1960 2649 hic
1987 2613 2205 2666 quoque
2235 2599 2328 2653 Dei
2387 2600 2573 2656 Matris
2608 2604 2875 2673 insignem
2942 2606 3373 2662 moderationem
3407 2621 3462 2663 ct

1868 2691 2239 2755 prudentiam.
2287 2690 2403 2747 Nec
2461 2695 2608 2747 enim
2658 2696 2815 2764 jubet
2872 2697 3152 2762 audacter,
3198 2707 3456 2769 tanquam

1870 2776 2039 2833 Mater
2070 2780 2232 2847 Filio,
2264 2792 2324 2837 ut
2350 2784 2513 2838 faciat
2544 2785 2888 2852 miraculum,
2941 2790 3036 2842 sed
3068 2805 3191 2843 eum
3253 2797 3461 2845 solum-

1870 2872 2034 2927 modo
2065 2874 2347 2942 admonet,
2369 2877 2533 2947 idque
2563 2894 2686 2932 cum
2719 2882 2950 2948 quadam
2982 2896 3175 2953 magna
3199 2897 3459 2938 reveren~

1871 2967 1943 3021 tia
1979 2977 2035 3021 et
2066 2970 2450 3035 submissione,
2480 2981 2536 3025 et
2564 2980 2829 3041 quantum
2859 2973 3134 3031 sufficeret
3174 2978 3241 3031 ad
3304 2994 3459 3033 suam

1870 3058 2247 3114 declarandam
2284 3062 2636 3117 voluntatem.
2680 3064 2818 3128 Quid
2856 3067 3000 3118 enim
3034 3071 3286 3137 est,quod
3328 3072 3461 3126 dicit

1872 3149 2047 3204 Filio?
2103 3150 2291 3207 Vinum
2328 3170 2428 3208 non
2470 3156 2678 3209 habent.
2730 3156 2862 3210 Nam
2887 3159 2987 3211 etsi
3022 3172 3087 3211 ea
3129 3161 3275 3213 illum
3338 3177 3460 3218 esse

1870 3255 2029 3295 suum
2062 3246 2429 3311 cognoscebat
2492 3246 2708 3312 Filium,
2757 3263 2865 3301 non
2928 3249 3210 3318 ignorabat
3276 3262 3457 3308 tamen

168 3344 215 3388 te
233 3336 276 3367 ³⁷
301 3375 316 3390 ,
368 3335 440 3392 Et
473 3336 595 3392 ideo
633 3354 759 3393 cum
794 3339 879 3392 illa
907 3315 1139 3392 dixisset
1172 3339 1242 3391 de
1277 3346 1455 3406 patre,
1502 3347 1762 3406 tanquam
1789 3315 1832 3377 C
1867 3345 1992 3384 eum
2026 3346 2146 3387 esse
2191 3346 2350 3388 suum
2375 3350 2591 3405 quoque
2638 3315 2975 3391 effectorem.
3020 3340 3083 3393 Ει
3130 3343 3251 3394 ideo
3292 3340 3456 3397 simul

166 3431 233 3485 de
264 3445 331 3486 eo
352 3431 447 3501 qui
498 3431 808 3496 videbatur,
869 3430 1125 3486 Christus
1177 3429 1341 3482 veluti
1385 3430 1664 3498 corrigens
1713 3431 1765 3485 id

165 3524 310 3591 quod
342 3525 548 3577 dictum
577 3523 775 3587 fuerat,
797 3523 931 3578 dicit
960 3523 1027 3577 de
1057 3537 1143 3584 eo,
1193 3522 1285 3591 qui
1314 3532 1401 3577 est
1427 3538 1552 3577 vere
1587 3530 1760 3591 pater,

164 3620 213 3672 ei
243 3618 537 3670 veritatem
568 3612 835 3669 revocans
867 3617 920 3666 in
962 3616 1300 3678 memoriam,
1336 3625 1392 3668 et
1444 3617 1760 3683 providens,

169 3709 354 3761 utnon
390 3708 545 3763 ltumi
573 3715 780 3777 serpat,
813 3706 907 3760 sed
943 3708 996 3760 in
1025 3706 1195 3759 altum
1217 3706 1506 3760 extollatur
1538 3724 1552 3760 :
1579 3706 1764 3760 Nesci-

162 3805 250 3865 tis,
287 3802 505 3866 dicens,
561 3803 699 3871 quod
736 3816 816 3854 me
844 3809 1041 3869 oportet
1092 3815 1201 3853 esse
1255 3802 1307 3852 in
1349 3800 1411 3853 iis
1458 3816 1573 3871 qua:
1642 3810 1761 3853 sunt

164 3894 346 3949 Patris
382 3896 487 3947 mei
508 3895 590 3947 "?
634 3892 728 3948 Sic
762 3908 821 3949 se
847 3894 1085 3948 ostendit
1150 3894 1319 3947 Deum
1367 3909 1490 3948 esse
1544 3903 1757 3958 natura,

165 3988 436 4057 siquidem
460 3987 631 4041 Filius
650 3986 895 4057 ejusdem
917 3996 996 4041 est
1027 3995 1236 4039 naturae
1260 4001 1384 4039 cum
1415 3985 1592 4038 Patre.
1616 3984 1761 4049 Quo-

163 4081 309 4132 niam
342 4090 529 4131 autem
567 4078 700 4131 illud
735 4078 994 4146 templum
1022 4077 1199 4130 Patris
1247 4085 1382 4141 erat,
1410 4076 1462 4127 in
1524 4075 1588 4130 iis
1639 4091 1759 4144 qua:

163 4181 292 4224 sunt:
321 4169 505 4224 Patris
547 4168 638 4223 ille
669 4169 1003 4223 versabatur.
1039 4167 1193 4233 Quod
1242 4170 1468 4222 verbum
1518 4169 1758 4222 nondum

167 4261 528 4319 manifestum
563 4263 673 4317 illis
728 4272 865 4317 erat.
901 4262 994 4316 llle
1052 4272 1235 4315 autem
1294 4261 1577 4315 descendit
1633 4277 1756 4314 cum

164 4359 241 4412 eis
266 4358 323 4411 in
360 4356 656 4421 Nazareth,
688 4366 744 4409 et
785 4355 985 4410 mansit
1023 4354 1104 4408 eis
1139 4354 1441 4422 subjectus,
1472 4370 1538 4407 ex
1569 4369 1627 4407 se
1656 4355 1757 4407 do-

172 4465 305 4507 cens
340 4451 618 4504 bonorare
653 4456 926 4518 parentes,
959 4456 1014 4502 et
1043 4445 1188 4516 quod
1220 4447 1334 4515 ipse
1360 4446 1620 4515 jusserat,
1654 4447 1757 4500 hoc

164 4542 373 4609 primus
425 4539 706 4607 implens;
763 4540 1035 4592 honorare
1083 4550 1264 4592 autem
1343 4540 1566 4593 omnino
1637 4550 1757 4609 post

1868 3423 2084 3491 quidem
2134 3427 2324 3481 volens
2369 3428 2680 3492 ostendere,
2732 3430 3017 3498 cujusnam
3067 3442 3214 3485 esset
3263 3432 3454 3500 Mater,

1868 3525 1923 3570 et
1948 3515 2109 3570 simul
2137 3517 2300 3571 etiam
2331 3517 2531 3572 referre
2564 3520 2786 3585 gratiam
2823 3522 2889 3573 iis
2926 3523 3019 3589 qui
3052 3522 3440 3589 invitaverant,

1867 3611 2167 3678 prudenter
2191 3611 2240 3666 ei
2277 3612 2514 3684 suggerit
2544 3612 2790 3666 miraculi
2826 3611 3197 3668 effectionem.
3248 3614 3457 3672 Deinde

1865 3703 2029 3755 etiam
2054 3702 2318 3756 ministris
2346 3723 2359 3756 :
2393 3703 2764 3774 Quodcumque
2815 3708 3031 3772 dixerit,
3054 3707 3261 3777 dnquit,
3289 3705 3452 3770 vobis.

1865 3791 2154 3862 facite,hoc
2186 3791 2373 3846 dicens
2404 3796 2469 3846 de
2500 3792 2671 3857 Filio;
2708 3796 2821 3862 jam
2870 3797 3014 3848 enim
3074 3800 3328 3852 veniebat
3384 3801 3453 3853 ad

1866 3886 2112 3936 notitiam
2138 3884 2351 3938 virtutis
2380 3885 2525 3950 Filii,
2547 3900 2603 3939 ut
2629 3902 2747 3955 quae
2772 3888 2996 3941 vidisset
3021 3890 3185 3941 multa
3212 3891 3455 3944 admira-

1863 3974 2005 4039 bilia,
2034 3991 2153 4043 quae
2201 3977 2363 4029 etiam
2398 3978 2656 4045 paulatim
2694 3980 2749 4031 in
2790 3982 2955 4033 corde
3021 3982 3355 4047 conferebat,
3396 3994 3456 4038 ut

1864 4079 2008 4121 recte
2036 4068 2389 4135 cognovimus
2416 4082 2481 4121 ex
2508 4068 2574 4121 iis
2616 4083 2738 4149 quae
2769 4082 3196 4136 princesserunt.

1934 4158 2156 4214 XXVII.
2194 4160 2462 4226 Quoniam
2492 4171 2672 4214 autem
2699 4175 2805 4215 non
2854 4164 2965 4217 alio
3026 4168 3235 4234 spectat
3285 4180 3452 4235 argu-

1862 4263 2104 4306 mentum
2138 4256 2503 4322 propositum,
2561 4268 2725 4323 quam
2764 4257 2937 4307 solum
2997 4258 3063 4308 ad
3111 4260 3451 4313 ostendenda

1862 4345 2098 4415 Virginis
2140 4345 2426 4414 magnalia,
2461 4344 2561 4398 erit
2596 4348 2701 4397 hoc
2753 4360 2971 4413 quoque
3037 4361 3205 4400 unum
3264 4364 3329 4401 ex
3385 4350 3452 4402 iis

1859 4452 1977 4506 quae
2002 4437 2153 4490 illius
2176 4447 2304 4491 sunt
2332 4438 2474 4491 bona
2502 4446 2558 4491 et
2593 4441 2875 4507 praetera,
2936 4440 2981 4492 si
3038 4441 3447 4495 ostenderimus

1860 4546 1978 4583 eam
2014 4529 2184 4583 fuisse
2209 4539 2472 4600 perpetuo
2499 4539 2765 4584 versatam
2789 4546 2912 4585 cum
2948 4530 3108 4595 Filio,
3137 4542 3192 4587 et
3223 4534 3272 4587 ei
3303 4549 3448 4588 sem-

165 4632 360 4696 Deum’
423 4630 643 4700 illisque
713 4645 832 4685 esse
900 4630 1296 4701 praferendum
1371 4632 1463 4684 Dei
1524 4632 1752 4686 cultum,
1788 4638 1959 4708 Dper
1987 4622 2277 4689 assedisse,
2315 4631 2369 4677 et
2392 4638 2494 4677 nec
2545 4622 2598 4676 in
2674 4634 2916 4691 tempore
2971 4626 3189 4690 quidem
3260 4641 3443 4679 rerum

163 4727 287 4780 ldeo
316 4723 471 4780 enim
511 4723 594 4778 eis
625 4722 845 4788 relictis,
872 4724 927 4777 in
962 4724 1165 4792 templo
1198 4731 1556 4787 remanserat,
1576 4730 1758 4777 osten-

163 4819 298 4873 dens
342 4816 443 4872 Dei
495 4829 736 4891 amorem
780 4816 1011 4869 naturali
1053 4825 1107 4869 et
1163 4825 1390 4887 paterno
1442 4816 1756 4871 validiorem

163 4924 281 4964 esse
317 4909 552 4964 debere.

233 4996 376 5052 XXV
397 5038 412 5051 .
444 4996 553 5052 Sed
570 4997 695 5052 milii
724 5010 911 5050 rursus
934 4995 1045 5068 (ιὲ)
1075 4994 1196 5049 vide
1226 4996 1512 5049 mulierum
1538 4995 1757 5065 sapien-

228 5163 272 5195 ”
310 5163 434 5219 Luc
468 5174 530 5226 ιι,
561 5157 650 5215 48.
728 5158 772 5190 ³⁸
802 5157 933 5213 ibid.
970 5159 1060 5214 69.
1136 5157 1180 5189 ³³
1208 5156 1340 5213 ibld.
1362 5156 1451 5211 5l.

227 5326 341 5395 (12)
373 5326 491 5381 Τοῦ
523 5319 977 5390 Μεταφραστοῦ.
1016 5312 1159 5385 Ὀρσί
1195 5334 1286 5387 μοι
1339 5318 1432 5372 καὶ
1465 5313 1619 5379 αὖθις
1655 5317 1753 5385 τὴν

162 5418 498 5487 σοφωτάτην
527 5411 802 5484 γυναικῶν
827 5412 1044 5483 Μαρίαν
1065 5425 1077 5437 °
1103 5409 1201 5479 τὴν
1235 5410 1445 5480 μητέρα
1463 5409 1561 5477 τῆς
1585 5408 1754 5473 ὅντως

163 5512 356 5580 σοφίας
385 5512 488 5562 καὶ
510 5509 827 5580 ἀπορρήτου
856 5507 1127 5572 γνώσεως.
1152 5503 1411 5569 Διετὴρει
1441 5504 1569 5573 γὰρ,
1596 5506 1749 5572 φησὶ,

162 5605 361 5659 πάντα
428 5600 505 5654 τὰ
546 5602 790 5669 ῥήματα
832 5597 1019 5651 ταῦτα
1056 5600 1125 5650 ἐν
1168 5593 1242 5663 τῇ
1280 5594 1493 5663 καρδίᾳ
1538 5594 1750 5663 αὐτῆς,

164 5700 350 5769 ὥσπερ
375 5695 446 5764 δὴ
470 5694 567 5746 καὶ
591 5694 855 5763 πρότερον
883 5692 973 5745 ἐπὶ
1004 5693 1070 5761 τῇ
1104 5690 1209 5743 τῶν
1238 5689 1508 5755 ποιμένων
1529 5690 1753 5741 ἐπιστα-

169 5793 275 5862 σίᾳ,
334 5790 433 5844 καὶ
462 5782 547 5846 οἷς
582 5787 784 5838 ἐκεῖνοι
820 5785 1121 5855 ἑωρακότες
1157 5783 1252 5835 καὶ
1302 5782 1630 5843 ἀκούσαντες
1664 5783 1752 5848 ἐξ·

169 5883 461 5952 ταόρευον.
501 5879 611 5931 Καὶ
632 5878 755 5929 τότε
789 5879 893 5945 γὰρ
938 5877 1109 5930 ταῦτα
1142 5875 1321 5926 πάντα
1354 5876 1385 5943 ἡ
1416 5872 1601 5941 Μαρία
1635 5889 1761 5924 συν-

1862 4716 2230 4779 adversarum.
2264 4730 2364 4768 nec
2404 4715 2460 4767 in
2502 4713 2758 4769 Passione
2807 4715 2974 4770 fuisse
3020 4716 3088 4770 ab
3128 4731 3194 4770 eo
3220 4730 3445 4785 separa-

1863 4823 1994 4873 tam,
2021 4808 2238 4876 quando
2263 4816 2318 4861 et
2361 4806 2628 4876 discipuli,
2690 4817 2745 4862 et
2774 4809 2953 4873 amici,
3004 4822 3059 4863 et
3088 4825 3276 4864 omnes
3306 4812 3443 4873 noti,

1862 4902 1951 4955 alii
1983 4899 2199 4969 quidem
2222 4899 2341 4969 ipso
2369 4900 2593 4953 omnino
2633 4901 2847 4954 relicto.
2881 4916 2938 4955 se
2966 4902 3021 4955 in
3050 4905 3217 4977 pedes
3261 4906 3447 4971 conje-

1864 5000 2055 5047 cerunt
2074 5010 2086 5046 :
2107 4991 2197 5047 alii
2221 5008 2367 5057 vero,
2396 5008 2518 5046 cum
2542 4992 2820 5061 paululum
2838 5004 3261 5061 exspectassent,
3281 5010 3445 5063 nega-

1530 5158 1576 5189 “
1602 5157 1758 5213 .loau.
1786 5174 1847 5224 it,
1872 5158 1896 5213 l
1922 5173 2073 5227 seqq.

1861 5320 2070 5387 ετήρει*
2103 5318 2163 5369 οὐ
2193 5317 2301 5387 γὰρ
2335 5316 2410 5378 ὡς
2442 5314 2643 5386 παιδίῳ
2670 5316 2777 5369 τινὶ
2808 5319 3116 5385 προσεῖχεν*
3148 5316 3282 5372 ἀ).λὰ
3314 5322 3442 5389 περὶ

1861 5412 2114 5463 πλείστου
2160 5408 2229 5461 τὰ
2277 5409 2547 5479 λεγόμενα
2588 5410 2846 5475 ἐποιεῖτο,
2887 5409 2981 5462 καὶ
3034 5410 3185 5463 οὐδὲν
3220 5406 3288 5472 ἦν
3333 5410 3444 5463 τῶν

1863 5501 1994 5571 παρ’
2032 5500 2199 5554 αὑτοῦ
2251 5501 2585 5571 λεγομένων,
2630 5499 2661 5552 ὃ
2700 5500 2776 5572 μὴ
2824 5502 2974 5568 ἄξιον
3018 5500 3157 5570 αὐτὴ
3208 5502 3441 5571 σπουδῆς

1861 5594 2119 5660 ἐποιεῖτο,
2147 5595 2243 5649 καὶ
2274 5599 2353 5658 εἰς
2385 5595 2611 5663 καρδίαν
2644 5596 2913 5660 ἔκρυπτεν
2947 5594 3239 5663 ἐμμελῶς,
3270 5596 3440 5663 σπέρ-

1863 5702 2008 5758 ματα
2055 5684 2197 5742 εἶναι
2234 5688 2395 5741 ταυτὶ
2449 5692 2543 5742 καὶ
2588 5687 2884 5757 μηνύματα
2937 5686 3096 5740 θείων
3137 5688 3299 5741 τινῶν
3348 5690 3441 5741 καὶ

1860 5780 2188 5849 ἀπορρήτων
2222 5781 2585 5851 πραγμάτων,
2606 5779 2785 5844 καλῶς
2803 5780 3061 5851 κρίνουσα
3080 5784 3119 5833 ’.

274 6019 384 6071 Hoc
434 6033 595 6085 usque
633 6015 993 6080 Metapbrastes
1018 6016 1064 6067 in
1109 6017 1287 6069 Catena
1326 6016 1487 6067 Gram
1524 6021 1712 6065 textum
1751 6018 1971 6071 Latinum
2001 6022 2176 6085 partim
2203 6024 2552 6080 repraesentat:
2581 6019 2624 6069 in
2649 6017 2974 6082 sequentibus
2999 6015 3197 6066 omnino
3221 6013 3425 6067 abludit.
