4158 6476
720 418 820 487 551

1972 407 2253 467 MENSIS
2297 405 2446 465 AUG
2463 403 2724 465 USTUS.

3860 399 3959 464 552

715 544 929 591 verunt.
987 533 1170 599 Itaque
1212 527 1463 598 quoniam
1518 526 1629 578 [nec
1694 522 1763 575 ita
1787 536 1843 574 se
1894 521 2113 581 habent,
2180 516 2299 569 aliis
2331 524 2370 576 Α
2405 518 2567 570 modo
2598 533 2704 570 non
2737 516 2789 569 in
2821 517 2936 585 ejus
2964 517 3138 585 potius
3167 518 3348 571 carnis
3380 518 3481 570 tela
3505 511 3979 569 immittebantur?

720 630 943 688 relictis,
980 640 1080 679 nos
1130 639 1191 676 ea
1241 622 1504 674 dicamus.
1542 617 1673 669 Cum
1728 613 1869 668 enim
1918 623 2129 679 tempus
2186 611 2296 677 jam

718 722 931 775 adesset
961 713 1260 779 Passionis,
1289 723 1342 765 et
1372 711 1458 763 ille
1477 708 1713 777 seipsum
1759 706 2013 768 traderet,
2050 714 2104 757 et
2135 712 2302 757 staret

720 816 774 865 in
800 809 977 862 medio
1004 820 1189 859 eorum
1218 803 1309 872 qui
1372 803 1424 852 in
1474 814 1596 853 eum
1654 799 1854 852 eadem
1906 797 2203 865 spirabant,
2248 802 2302 847 et

720 904 829 969 jam
862 898 1223 950 abduceretur
1250 892 1315 945 ad
1342 890 1593 952 Pilatum,
1620 900 1671 942 et
1699 897 1823 941 ante
1850 887 2111 955 Caipham
2142 887 2303 939 siste-

732 1001 901 1052 retur,
932 998 985 1042 et
1029 986 1095 1039 ad
1134 985 1403 1036 Herodem
1452 983 1756 1034 mitteretur
1793 978 2202 1039 examinandas,
2252 983 2307 1028 et

667 1108 669 1111 ί
726 1084 942 1137 tandem
977 1081 1028 1131 in
1064 1093 1185 1131 eum
1210 1076 1440 1128 ferretur
1462 1072 1751 1132 sententia,
1782 1080 1837 1123 et
1860 1085 2019 1123 cruce
2048 1069 2303 1121 eundem.

727 1181 963 1231 naretur,
1004 1169 1192 1231 Mater,
1234 1167 1375 1219 sicut
1423 1165 1475 1217 in
1529 1164 1649 1216 aliis
1687 1161 1975 1231 superabat
2007 1159 2306 1221 mulierem,

732 1267 805 1318 ita
862 1264 1021 1316 etiam
1086 1260 1175 1313 hic
1224 1270 1440 1326 quoque
1489 1256 1702 1308 videtur
1756 1253 2037 1321 plusquam
2099 1250 2307 1311 mulier,

729 1370 851 1425 qua:
877 1353 944 1406 ab
976 1351 1065 1403 illo
1120 1347 1341 1402 minime
1375 1345 1599 1406 recedit,
1654 1343 1746 1397 sed
1780 1344 1998 1411 propius
2051 1339 2309 1407 sequeba-

734 1454 843 1505 tur,
876 1441 1013 1496 nihil
1048 1441 1243 1494 timens
1268 1437 1410 1505 quod
1440 1444 1587 1488 esset
1624 1433 1993 1487 formidabile:
2038 1446 2143 1482 non
2173 1428 2314 1497 quod

734 1546 941 1591 tantum
981 1532 1236 1586 Inalernis
1271 1531 1577 1583 vinceretur
1607 1526 1924 1587 visceribus,
1957 1540 2116 1592 quam
2173 1522 2315 1591 quod

736 1630 915 1699 potius
957 1626 1139 1680 divino
1197 1624 1542 1678 induceretur
1590 1618 1817 1688 judicio,
1878 1617 2015 1669 adeo
2068 1624 2126 1668 ut
2187 1615 2317 1667 alias

732 1734 947 1787 quoque
982 1719 1117 1771 duas
1164 1714 1435 1774 mulieres,
1490 1714 1645 1772 duas,
1697 1709 1937 1776 inquam,
1994 1705 2209 1765 Marias,
2260 1712 2319 1755 ut

735 1818 891 1864 docet
956 1806 1302 1875 Evangelium
1325 1804 1368 1833 “
1394 1842 1409 1866 ,
1448 1803 1517 1855 ad
1576 1800 1679 1853 hoc
1737 1799 2017 1852 adliortata
2044 1797 2132 1857 sit,
2173 1804 2226 1847 et
2266 1804 2321 1846 ut

737 1915 920 1955 secum
965 1905 1295 1957 versaretur,
1344 1888 1673 1961 persuaserit
1702 1906 1714 1941 :
1757 1896 1815 1941 ut
1843 1901 1961 1956 quae
1990 1893 2171 1938 essent
2201 1883 2323 1935 forti

737 2004 791 2046 et
821 2003 1081 2062 generoso
1110 1988 1310 2047 animo,
1340 1994 1393 2038 et
1424 1984 1622 2036 vellent
1650 1980 1928 2033 adhaerere
1955 1978 2080 2032 huic
2102 1991 2321 2046 sponso,

740 2090 829 2152 qui
863 2098 967 2135 non
995 2080 1228 2140 videtur,
1257 2086 1313 2130 et
1335 2088 1512 2129 tamen
1536 2088 1658 2126 cum
1685 2088 1790 2125 non
1820 2081 2093 2133 cernatur,
2130 2083 2329 2138 appro-

742 2178 982 2247 pinquat.
1015 2171 1180 2224 Erant
1218 2168 1384 2231 enim,
1418 2165 1612 2233 inquit,
1639 2164 1894 2217 mulieres
1942 2176 2177 2230 quoque,
2208 2174 2327 2227 quas

744 2267 1219 2336 consequebantur
1288 2278 1316 2314 a
1374 2259 1691 2320 Galilma,et
1724 2254 2105 2309 ministrabant
2132 2254 2202 2305 ei.
2255 2253 2327 2304 Ea

746 2360 955 2415 ratione
1006 2356 1258 2410 videntur
1321 2367 1390 2405 ne
1442 2349 1680 2403 abfuisse
1737 2347 1953 2414 quidem
2022 2358 2048 2394 a
2093 2354 2332 2410 tempore

749 2449 1151 2522 mysteriorum,
1183 2444 1278 2496 sed
1332 2457 1453 2495 cum
1497 2439 1781 2493 duodecim
1828 2435 2047 2505 quidem
2112 2434 2333 2487 minime

746 2543 1092 2605 accubuisse,
1130 2539 1294 2592 fuisse
1331 2546 1511 2590 tamen
1544 2534 1661 2603 ejus
1710 2533 1905 2585 domus
1938 2538 2334 2597 consequenter

750 2637 1063 2707 participes.
1093 2632 1225 2686 Nam
1275 2629 1574 2698 discipulos
1603 2624 1843 2694 quidem,
1904 2638 2026 2676 cum
2076 2621 2331 2691 mysteria

750 2739 806 2782 et
839 2726 1159 2781 humilitatis
1189 2735 1413 2776 summa!
1437 2718 1672 2771 traderet
1724 2714 2046 2778 doctrinam,
2074 2728 2181 2766 una
2237 2712 2335 2765 lia-

752 2819 869 2873 buit
923 2815 1347 2878 accumbentes;
1410 2810 1631 2866 Matrem
1696 2818 1876 2860 autem
1934 2806 2094 2876 jussit
2152 2816 2337 2855 curam

748 2924 938 2981 gerere
965 2907 1276 2968 mulierum,
1308 2918 1426 2970 qua:
1478 2900 1877 2959 ministrabant,
1929 2907 2181 2963 tanquam
2244 2908 2339 2962 per

753 3018 870 3055 eam
904 3000 1077 3069 ipsam
1111 2997 1258 3064 ipsas
1310 2992 1541 3062 benigne
1588 2990 1884 3059 accipiens,
1946 3000 2000 3041 et
2038 2985 2339 3055 adimplens

753 3092 989 3148 ofﬁcium
1022 3086 1394 3147 humanitatis,
1426 3094 1480 3139 et
1506 3082 1663 3136 simul
1700 3096 1824 3136 cum
1880 3080 1959 3134 eis
2012 3094 2257 3138 vesceus,
2287 3088 2339 3130 et

756 3188 835 3241 sic
868 3200 965 3253 pro
992 3183 1295 3236 ministerio
1336 3179 1414 3233 eis
1448 3178 1694 3230 referens
1727 3175 1975 3244 gratiam.

826 3271 1061 3327 XXVIII.
1124 3269 1212 3325 Sic
1246 3276 1424 3323 autem
1456 3281 1561 3319 una
1599 3278 1816 3331 quoque
1866 3263 2105 3328 ingressa
2142 3271 2225 3311 εει
2286 3256 2339 3309 in

758 3370 957 3423 atrium
1015 3368 1186 3418 Anna:
1243 3371 1298 3414 et
1354 3358 1595 3425 Caiphae,
1659 3366 1889 3407 cernens
1921 3348 2343 3419 unumquodque

758 3472 947 3512 eorum
990 3470 1109 3524 quae
1131 3452 1478 3523 gerebantur,
1513 3456 1567 3500 et
1600 3442 1741 3513 apud
1786 3459 1909 3497 eum
1967 3442 2185 3510 quidem
2235 3452 2348 3490 ma-

762 3564 918 3610 nens,
950 3548 1075 3601 dum
1097 3545 1435 3615 judicaretur
1462 3559 1472 3591 ι
1509 3553 1618 3592 una
1647 3546 1826 3588 autem
1869 3532 2181 3601 proficiens,
2220 3530 2346 3582 dum

762 3641 1121 3693 abduceretur
1193 3635 1260 3687 ad
1341 3639 1599 3691 mortem,
1665 3639 1964 3693 eorumque
2019 3624 2107 3692 qui
2174 3622 2346 3685 ibant,

763 3744 1015 3802 egressus
1044 3735 1098 3781 et
1151 3727 1422 3795 ingressus
1472 3719 1848 3777 considerans,
1881 3724 1936 3768 et
1982 3714 2227 3767 onmimn
2254 3726 2347 3765 ora

764 3824 1068 3882 attendens,
1090 3828 1149 3872 ut
1175 3820 1359 3875 sciret,
1392 3826 1641 3882 quamam
1680 3812 1732 3860 in
1764 3824 1889 3861 eum
1925 3806 2163 3858 ferretur
2226 3819 2351 3858 sen-

770 3914 943 3969 tentia
971 3929 984 3963 :
1019 3911 1239 3978 quinam
1285 3922 1408 3961 vero
1431 3912 1587 3959 erant
1637 3901 1673 3953 ii
1702 3900 1793 3970 qui
1820 3901 1867 3953 ei
1895 3898 2351 3957 assentiebantur,

771 4017 863 4061 aut
889 4003 979 4074 qui
1010 3999 1499 4070 reprehendebant.
1533 3993 1676 4047 Nulli
1729 3991 1879 4045 enim
1913 3990 2210 4042 obscurum
2250 3993 2353 4047 est,

766 4110 886 4149 eam
911 4094 1025 4146 lucc
1047 4090 1246 4142 vidisse
1273 4086 1475 4146 omnia,
1497 4081 1936 4151 quandoquidem
1963 4078 2016 4131 in
2042 4091 2204 4130 cruce
2225 4090 2358 4144 quo-

770 4201 875 4257 que
903 4198 1008 4237 una
1041 4182 1244 4243 aderat,
1274 4176 1488 4247 quando
1518 4179 1583 4229 ab
1611 4174 1728 4243 ipso
1763 4171 2024 4226 crucifixo
2062 4169 2199 4223 Filio
2256 4168 2358 4222 I'uit

772 4271 1149 4330 commendata
1202 4266 1486 4335 discipulo.
1517 4266 1583 4318 Et
1642 4266 1763 4318 ideo
1824 4264 1950 4316 licet
1992 4260 2356 4319 considerare,

774 4364 1078 4435 cuiusmodi
1127 4362 1215 4412 illa
1245 4367 1412 4423 esset,
1450 4374 1568 4424 qua:
1603 4355 1715 4408 haec
1754 4356 1989 4408 diflicilia
2019 4353 2275 4405 cernebat
2308 4361 2361 4404 et

778 4456 1025 4516 molesta,
1079 4452 1378 4513 illusiones,
1421 4447 1653 4518 ﬂagella,
1706 4446 1905 4513 alapas,
1946 4459 2195 4515 purpura:
2225 4445 2361 4497 ami-

2402 622 2458 663 ut
2493 610 2654 662 etiam
2681 610 2805 663 hinc
2836 608 2994 663 finem
3023 610 3309 677 acciperet,
3341 608 3483 677 quod
3507 612 3721 664 dixerat
3742 607 3977 661 admira-

2404 705 2524 759 bilis
2560 704 2777 759 Simeon
2804 721 2814 753 :
2855 706 3017 755 Tuam
3045 718 3244 771 quoque
3274 703 3428 767 ipsius
3447 702 3680 753 animant
3704 708 3978 767 pertrans-

2404 799 2497 850 ibit
2540 794 2746 867 gladius
2773 794 3130 858 ".0uomodo
3179 794 3455 861 sanguinis
3505 793 3671 863 guttis
3710 792 3978 845 emuenti-

2406 892 2505 946 bus
2537 906 2641 943 non
2664 890 2965 942 acerbiores
2986 888 3340 958 lacrymarum
3374 887 3721 954 aqu-.etluctus
3749 884 3983 937 ﬂuebant

2407 1002 2473 1039 ex
2527 984 2669 1037 illius
2726 981 2934 1037 oculis?
2987 982 3267 1046 Quomodo
3317 980 3464 1032 illum
3518 980 3637 1031 tulit
3702 978 3887 1031 videre
3934 978 3983 1029 in

2410 1094 2570 1132 cruce
2596 1078 2914 1138 distentum,
2937 1076 3128 1143 ipsam,
3153 1074 3419 1141 eteosqui
3439 1073 3685 1129 aderant.
3714 1071 3985 1137 aspicien-

2413 1180 2516 1225 tem
2567 1178 2789 1237 aspeetu
2839 1166 3273 1235 benignissimo?
3320 1164 3458 1227 Quid
3505 1178 3632 1217 vero
3683 1162 3988 1224 irrisiones,

2413 1263 2537 1331 quid
2574 1261 2736 1329 impia
2792 1260 3184 1314 transeuntium
3259 1266 3574 1319 scommata,
3654 1256 3989 1324 ingratorum

2416 1355 2889 1417 subsannationes,
2937 1353 3128 1422 probra
3173 1367 3359 1405 eorum
3394 1352 3483 1419 qui
3527 1346 3991 1403 circumstabant?

2417 1449 2545 1514 Quae
2576 1447 2794 1516 quidem
2826 1446 3007 1497 omnia
3048 1460 3165 1497 eam
3219 1442 3736 1496 transverberabant
3772 1439 3992 1508 profun-

2420 1543 2565 1601 dius,
2597 1556 2759 1609 quam
2789 1538 2879 1591 ulli
2916 1528 3071 1590 clavi.
3111 1538 3174 1589 Et
3233 1536 3726 1589 innumerabilibus
3773 1534 3992 1602 quidem

2422 1635 2592 1703 plagis
2643 1631 3025 1686 sauciabatur:
3089 1628 3322 1681 stimulis
3350 1636 3528 1679 autem
3581 1626 3996 1679 confodiebatur

2423 1723 2928 1781 innumerabilibus.
2964 1721 3077 1775 Hoc
3123 1734 3252 1773 vero
3299 1730 3415 1772 erat
3456 1718 3501 1771 ei
3553 1718 3803 1770 omnium
3839 1717 3997 1767 mole-

2426 1821 2746 1881 stissimum,
2778 1819 2920 1887 quod
2942 1818 3007 1871 ad
3031 1817 3177 1870 illmn
3213 1815 3430 1883 quidem
3464 1813 3748 1870 accedere.
3777 1822 3837 1864 et
3880 1827 3996 1863 eum

2425 1915 2623 1981 alloqui
2657 1913 2893 1973 sitiebat,
2930 1909 3294 1980 repellebatur
3341 1919 3519 1962 autem
3574 1922 3603 1960 a
3658 1905 4000 1959 multitudine

2427 2021 2621 2058 canum
2665 2020 2780 2058 eam
2813 2003 3304 2057 circumstantium.
3338 1994 3430 2052 Sic
3468 1997 3615 2052 enim
3647 1995 3873 2050 divinus
3919 1994 4001 2047 ille

2427 2100 2584 2155 Pater
2610 2115 2703 2153 eos
2742 2097 2892 2168 prius
2934 2095 3235 2151 nominavit
3256 2093 3335 2147 ⁸³.

2501 2214 2666 2270 XXX.
2691 2214 2980 2282 Postquam
3012 2220 3191 2264 autem
3218 2219 3552 2275 quaecunque
3581 2201 3843 2255 volebant
3871 2243 3884 2265 ,
3916 2199 4006 2253 im-

2432 2310 2575 2378 pleta
2631 2309 2855 2360 fuerunt
2889 2320 2918 2356 a
2963 2303 3055 2355 Dei
3115 2298 3438 2369 parricidis,
3487 2306 3676 2350 etnon
3729 2302 4009 2363 exspecta-

2433 2399 2561 2454 hant
2584 2398 2818 2466 amplius
2841 2435 2854 2456 ,
2881 2395 2996 2448 fore
3032 2404 3089 2447 ut
3128 2393 3193 2447 ab
3232 2393 3312 2445 eis
3344 2390 3631 2445 evaderet:
3672 2404 3799 2440 cum
3832 2386 4009 2455 proxi-

2433 2501 2505 2553 mi
2544 2497 2763 2567 quidem
2799 2494 2957 2547 amici
2993 2492 3312 2561 eﬂ‘ugissent
3336 2530 3350 2552 ,
3385 2501 3477 2542 aut
3508 2488 3690 2556 potius
3721 2486 3804 2553 (ut
3838 2484 4009 2534 dicam

2434 2607 2556 2645 cum
2609 2588 2874 2659 propheta
2897 2586 2962 2652 “)
2998 2601 3026 2637 a
3055 2584 3210 2651 longe
3252 2586 3483 2641 starent,
3512 2579 3627 2643 ipse
3657 2583 3844 2625 autem
3878 2580 4014 2624 esset

2437 2681 2609 2743 clavis
2637 2678 2883 2733 confixus
2905 2717 2919 2739 ,
2952 2674 3197 2726 custodia
3229 2672 3296 2722 ab
3324 2670 3403 2722 eis
3429 2666 3656 2719 onmino
3707 2663 4016 2731 negligeba-

2440 2786 2563 2836 tur,
2608 2782 2736 2825 tunc
2780 2766 3072 2821 verisimile
3119 2774 3236 2823 est,
3278 2762 3558 2829 Deiparam
3586 2799 3597 2818 ,
3644 2757 3749 2809 sibi
3786 2756 3914 2809 data
3942 2753 4016 2806 fa-

2440 2867 2672 2927 cultate,
2718 2863 2783 2921 ad
2849 2876 2971 2915 eum
3031 2856 3361 2917 accessisse,
3405 2863 3458 2907 et
3512 2852 3869 2904 intemeratus
3905 2846 4019 2917 qui-

2441 2962 2562 3015 dem
2604 2960 2723 3027 ejus
2762 2956 2959 3026 pedes,
2990 2962 3044 3007 et
3096 2954 3388 3020 impressas
3438 2947 3518 2999 eis
3564 2945 3746 3015 plagas
3791 2943 4019 2995 libenter

2442 3068 2564 3107 esse
2589 3049 2956 3105 deosculatam
2983 3086 2996 3108 ,
3020 3054 3070 3097 et
3093 3042 3356 3111 sanguine
3390 3039 3708 3091 miscentem
3735 3036 4017 3103 lacrymas,

2444 3145 2631 3197 oculos
2659 3152 2712 3195 et
2774 3154 2940 3209 genas
3003 3136 3318 3197 attrivisse,
3367 3147 3489 3186 cum
3540 3131 3776 3183 anaximo
3849 3136 4022 3179 autem

2446 3234 2610 3289 animi
2642 3240 2786 3285 motu
2816 3246 2937 3284 cum
2966 3228 3316 3296 aspicientem
3336 3220 3711 3284 dixissezQuid
3736 3219 3855 3270 haec
3882 3224 4023 3275 sunt.

2446 3345 2479 3383 0
2513 3327 2738 3383 Domine
2770 3335 2825 3378 et
2848 3322 3028 3375 Deus?
3049 3329 3251 3372 suntne
3314 3318 3395 3369 ba:
3428 3312 3904 3366 remunerationes
3927 3318 4027 3361 tua

2448 3416 2841 3485 inexplicabilis
2899 3415 2951 3464 in
3001 3413 3247 3461 homines
3300 3403 3645 3458 clementiae?
3714 3400 3885 3452 Estne
3920 3400 4027 3451 lure

2450 3510 2739 3567 retributio
2770 3519 2874 3561 tua:
2916 3500 3308 3573 benignitatis?
3339 3499 3473 3560 line,
3505 3512 3641 3567 quos
3700 3504 3757 3548 tu
3804 3492 4028 3548 alfecisti

2450 3604 2754 3665 beneficio,
2801 3601 2935 3653 tales
2973 3597 3064 3651 tibi
3113 3595 3312 3666 gratias
3366 3589 3739 3646 retulere?1‘e
3790 3600 4027 3657 purpura

2453 3698 2685 3753 induunt
2714 3691 3005 3751 irrisionis,
3054 3704 3189 3757 quos
3242 3698 3494 3753 tanquam
3532 3683 3670 3736 filios
3730 3680 3898 3734 Pater
3949 3696 4033 3732 or-

2454 3791 2592 3845 nasti
2640 3789 2773 3841 stola
2816 3784 3037 3853 glorim,
3071 3790 3126 3832 et
3172 3787 3425 3843 tanquam
3479 3775 3661 3841 aquila
3716 3774 3912 3827 nidum
3950 3787 4032 3823 re-

2455 3894 2623 3949 gens,
2656 3878 2754 3928 alis
2797 3870 3053 3942 expansis
3098 3865 3383 3938 suscepisti
3403 3864 3468 3924 “,
3519 3871 3574 3916 et
3621 3863 3673 3913 in
3725 3862 3895 3915 dorso
3946 3873 4034 3916 tuo

2457 3970 2704 4043 pertasti.
2752 3963 3105 4020 Contumelia:
3150 3972 3405 4013 coronam
3466 3954 3559 4010 tibi
3614 3955 4034 4022 imposuerunt,

2459 4080 2595 4135 quos
2636 4062 2795 4116 bona;
2850 4056 3147 4113 voluntatis
3193 4053 3361 4107 armis
3411 4051 3525 4120 ipse
3562 4048 3837 4102 coronasti
3870 4058 3957 4111 ,et
3984 4058 4036 4099 ut

2460 4159 2721 4213 adversus
2744 4152 2993 4206 inimicos
3038 4156 3201 4218 caput
3234 4146 3509 4205 tollerent,
3538 4141 3901 4195 confirmasti.
3923 4139 4040 4192 Cla-

2463 4254 2544 4305 vis
2570 4249 2663 4303 tibi
2696 4248 2914 4301 dolores
2948 4241 3182 4297 afferunt
3210 4278 3225 4303 ,
3255 4237 3345 4305 qui
3382 4252 3410 4287 a
3442 4234 3721 4286 laboribus
3784 4232 4037 4301 Egyptia-

2464 4361 2542 4398 ca:
2580 4338 2890 4399 servitutis,
2920 4344 2974 4388 et
3001 4334 3068 4384 ab
3113 4323 3602 4382 innumerabilibus
3652 4322 4039 4388 afﬂictionibus

2468 4443 2597 4489 sunt
2626 4428 2859 4483 liberati.
2896 4422 3176 4477 Arundine
3203 4430 3352 4474 tuum
3387 4427 3545 4487 caput
3593 4416 3801 4471 feriunt
3827 4416 4039 4485 ,quibus

777 4558 947 4608 ctum,
981 4559 1192 4598 corona:
1225 4541 1643 4610 impositionem,
1700 4539 2142 4592 contumeliosam
2172 4537 2351 4592 tradn-
2392 4539 2437 4597 ι)
2466 4541 2615 4581 mare
2642 4523 2789 4590 virga
2810 4531 3125 4587 percussum
3158 4512 3689 4583 cessitfugientibns.
3720 4510 3830 4564 Sed
3859 4510 4040 4578 loque-

778 4639 1040 4693 ctionem.
1065 4635 1289 4704 Oportet
1310 4648 1525 4702 quoque
1553 4630 1920 4691 considerare,
1951 4642 2241 4697 quemnam
2262 4630 2357 4681 ha-

781 4730 935 4784 beret
962 4728 1224 4787 animum,
1258 4724 1369 4778 sive
1388 4739 1451 4777 ex
1476 4721 1610 4776 Filio
1630 4736 1749 4775 eam
1775 4719 2095 4788 simpliciter
2117 4721 2355 4787 judiees,

782 4820 1086 4874 naturalem
1118 4816 1379 4869 ferentem
1409 4816 1515 4867 vim
1561 4813 1825 4883 passionis
1853 4830 1867 4866 :
1907 4816 2022 4865 sive
2061 4812 2203 4880 quod
2231 4826 2353 4865 eum

783 4917 1130 4981 cognosceret
1159 4907 1377 4962 homine
1394 4905 1749 4976 superiorem,
1784 4903 2058 4957 admirans
2081 4919 2257 4956 summ
2271 4919 2355 4955 am

786 5006 905 5073 ejus
933 5001 1269 5057 tolerantiam
1307 5017 1320 5053 :
1357 5008 1449 5052 aut
1496 4998 1676 5067 potius
1710 5006 2020 5063 utrumque.
2047 4994 2181 5047 adeo
2216 5006 2272 5047 ut
2306 5002 2358 5047 et

785 5095 1014 5150 naturali
1036 5093 1341 5147 ﬂecteretur
1357 5090 1659 5152 affectione,
1686 5099 1738 5141 et
1760 5088 2017 5140 miraculo
2032 5086 2354 5140 afﬁceretur.

855 5184 1045 5239 XXIX.
1070 5182 1358 5252 Postquam
1377 5189 1554 5234 autem
1574 5177 1815 5231 scelerati
1834 5185 2095 5229 venerunt
2114 5173 2164 5226 in
2181 5175 2358 5226 locum

786 5276 1066 5341 Calvarite,
1117 5283 1171 5329 et
1210 5274 1311 5326 lixa
1352 5270 1570 5341 quidem
1615 5268 1713 5320 fuit
1766 5283 1932 5329 crux,
2002 5265 2055 5317 in
2112 5282 2173 5317 ea
2231 5278 2359 5316 vero

794 5368 1063 5439 pendebat
1086 5366 1204 5436 ejus
1230 5363 1418 5428 Filius,
1458 5358 1730 5432 quomodo
1766 5367 1883 5412 erat
1935 5356 2117 5409 animo
2144 5356 2357 5417 affecta,

791 5477 919 5514 eum
946 5458 1137 5513 videns
1164 5459 1241 5511 sic
1267 5457 1559 5526 patientem
1591 5453 1613 5505 ’ἒ
1649 5450 1933 5516 Quomodo
1967 5449 2181 5502 videbat
2232 5460 2357 5501 eum

796 5552 1056 5606 nudatum
1083 5549 1342 5611 vestibus,
1367 5547 1456 5616 qui
1510 5546 1705 5599 caelum
1738 5541 1866 5610 tegit
1910 5541 2183 5593 nubibus?
2216 5538 2363 5602 Quo-

796 5646 957 5700 modo
983 5645 1272 5699 habentem
1298 5656 1459 5711 puras
1488 5653 1681 5695 carnes
1704 5637 1871 5692 clavis
1902 5632 2184 5689 confixas?
2217 5632 2365 5695 Quo-

871 5845 914 5875 “
943 5845 1105 5899 Marc.
1139 5861 1226 5913 xv,
1257 5845 1342 5899 40.

828 5933 906 5977 tx,
938 5918 1026 5969 26.

1422 5843 1464 5873 "
1506 5839 1636 5893 Luc.
1671 5853 1729 5903 II,
1755 5836 1843 5890 55.

1924 5834 1966 5864 ⁸³
2006 5832 2143 5888 Psal.
2175 5847 2287 5897 xxx,
2324 5831 2407 5884 I7.

2464 4638 2520 4675 re
2552 4614 2753 4685 aliquid
2786 4612 3056 4666 modicum
3105 4610 3171 4663 ad
3207 4618 3358 4661 tuam
3395 4604 3615 4656 Matrem
3652 4606 4037 4654 recreandam:

2460 4729 2569 4769 non
2609 4711 2722 4763 fero
2746 4709 2890 4762 enirn
2918 4704 3135 4759 dolores
3160 4740 3173 4761 ,
3210 4712 3329 4767 qua:
3362 4704 3412 4746 te
3466 4692 3647 4762 peperi
3677 4690 4036 4745 sine-dolore.

2462 4806 2562 4862 Ubi
2593 4812 2645 4859 te
2678 4802 2875 4856 videbo
2922 4788 3327 4864 postea?Quod
3388 4788 3492 4840 erit
3557 4785 3687 4837 milii
3742 4781 4039 4837 solatium?

2462 4896 2593 4962 Quis
2620 4894 2725 4947 mei
2754 4900 2940 4944 curam
3001 4889 3151 4951 geret
3189 4894 3249 4933 ac
3270 4872 3563 4931 defendet?

2536 5002 2729 5057 XXXI.
2758 5001 2893 5052 Cum
2920 5006 3039 5048 eam
3069 4990 3294 5043 vidisset
3327 4996 3432 5038 tam
3461 4980 3653 5035 acerbe
3678 4979 3959 5043 alIectam,
3992 4986 4039 5029 et

2468 5106 2697 5153 stantem
2724 5104 2889 5161 prope
2911 5086 3169 5141 dilectum
3200 5079 3546 5149 discipulum,
3588 5076 3719 5130 illud
3743 5077 4039 5145 (sicuterat

2469 5186 2919 5245 consentaneum)
2955 5184 3037 5231 est
3055 5176 3280 5230 omnino
3308 5174 3555 5227 elocutus
3580 5209 3594 5229 ,
3624 5170 3771 5237 quod
3801 5168 4038 5222 divinum

2468 5286 2655 5331 narrat
2686 5271 3063 5340 Evangelium.
3096 5267 3225 5319 Eam
3272 5264 3416 5317 enim
3464 5260 3700 5330 primum
3738 5262 4037 5328 aspiciens:

2472 5367 2688 5428 Mulier,
2715 5362 2910 5430 inquit,
2942 5374 3055 5415 ecce
3078 5358 3219 5425 ﬁlius
3246 5368 3366 5408 tuus
3390 5352 3458 5415 “,
3482 5353 3785 5406 ostendens
3804 5352 4037 5419 discipu-

2469 5463 2602 5516 lum.
2624 5457 2715 5510 Sic
2746 5455 2829 5510 vel
2863 5453 3012 5508 cruci
3035 5449 3228 5503 affixus
3248 5462 3464 5513 ,curam
3493 5446 3713 5516 gerebat
3752 5448 3964 5507 matris,
3996 5451 4044 5495 er

2469 5568 2584 5608 eam
2608 5546 3003 5604 commendavit
3038 5544 3234 5599 dilecto
3255 5539 3537 5607 discipulo,
3561 5552 3658 5588 nos
3700 5537 3908 5592 docens
3946 5548 4040 5587 non

2475 5643 2748 5716 negligere
2797 5645 3048 5710 parentes
3101 5650 3271 5705 usque
3301 5635 3365 5688 ad
3415 5638 3713 5686 extremum
3752 5630 4039 5696 spiritum,

3828 5808 4021 5863 "Joan

2484 5829 2525 5859 “
2557 5824 2698 5881 Psal.
2747 5837 2950 5888 xxxvii,
2977 5820 3066 5878 3i.
3178 5819 3223 5852 "
3247 5819 3399 5872 Deut.
3438 5832 3606 5879 xxxii,
3638 5813 3725 5867 II.
