4158 6472
748 398 774 430 ε,
785 398 844 430 ξιξ

746 420 849 457 δυσ.)

1994 392 2276 453 MENSIS
2314 394 2743 455 AUGUSTUS.

3880 397 3985 459 556

748 519 973 569 honeste
1033 526 1370 580 cOmponas,
1432 512 1754 582 myrrhaque
1797 512 2017 578 pulchre
2048 513 2310 575 condias,
2344 516 2385 569 Λ
2420 525 2475 562 re
2526 512 2719 580 spiritu
2798 511 3066 581 vigilans,
3116 509 3300 562 omnia
3348 508 3583 579 perfecte
3632 511 3760 565 vidit
3814 524 3875 566 ut
3931 530 3988 568 se

746 620 797 661 et
823 607 869 660 ei
899 607 1041 674 justa
1075 604 1259 659 facias.

814 694 1031 749 XXXV.
1063 692 1197 748 Cum
1251 692 1327 747 sic
1355 709 1484 763 ergo
1558 708 1698 745 novo
1775 704 2122 747 monumento
2176 694 2312 747 divi-

747 802 877 840 num
917 803 1112 855 corpus
1154 786 1525 849 tradidissent,
1571 784 1805 854 Ioseph.
1842 798 1896 840 et
1928 787 2019 853 qui
2073 803 2194 841 cum
2254 801 2317 839 eo

746 888 865 931 erat
920 879 1287 941 Nicodamus,
1346 888 1401 932 et
1451 878 1537 931 alii
1590 879 1681 946 qui
1724 894 1846 931 cum
1914 878 1992 932 eis
2045 879 2269 931 aderant
2302 917 2316 941 ,

747 973 848 1042 ipsi
906 972 1127 1041 quidetn
1182 972 1363 1025 statim
1406 971 1729 1025 recedunta
1792 970 2087 1039 sepulcro;
2151 970 2318 1025 Mater

747 1073 928 1116 autem
967 1062 1079 1114 sola
1133 1061 1396 1116 remansit
1446 1061 1697 1129 sepulcro
1741 1061 2059 1124 adhaerens,
2096 1058 2318 1114 minime

746 1152 1139 1204 dormientibus
1170 1152 1339 1203 oculis
1371 1167 1739 1218 perseverans.
1779 1151 1912 1203 Nam
1960 1152 2065 1205 etsi
2099 1150 2316 1205 Mariam

747 1244 1110 1311 Magdalcnatn
1144 1243 1422 1296 Matthazus
1452 1257 1515 1296 ex
1541 1244 1765 1296 adverso
1798 1259 1920 1295 rum
1953 1242 2115 1296 altera
2149 1244 2317 1312 signi-

749 1337 929 1389 Iieavit
984 1336 1252 1389 assedisse
1284 1375 1298 1399 ,
1356 1337 1530 1390 solum
1590 1346 1771 1389 tamen
1802 1336 1870 1389 ad
1903 1337 2190 1389 videndum
2226 1350 2319 1388 ve-

747 1426 892 1479 nisse
924 1425 1136 1490 innuit,
1173 1441 1350 1493 neque
1412 1442 1570 1479 ausas
1618 1441 1737 1480 esse
1794 1428 2050 1481 accedere
2092 1436 2319 1481 cotem-

746 1533 913 1587 pore,
946 1534 1053 1587 quo
1106 1517 1467 1571 mandabatnr
1502 1518 1811 1586 sepultura}.
1862 1514 2024 1573 Certe
2082 1534 2319 1585 namque

748 1608 826 1664 eis
854 1610 1145 1673 succurrit,
1182 1619 1238 1662 ut
1270 1609 1585 1662 recederent
1620 1618 1839 1677 propter
1867 1619 2070 1662 metum
2100 1610 2320 1662 JlldiCO-

747 1717 866 1756 rum
898 1739 912 1763 ,
961 1709 1015 1753 et
1066 1701 1355 1753 adventum
1421 1700 1769 1753 custodiae".
1820 1700 1997 1768 lnquit
2032 1702 2173 1753 enim
2211 1701 2321 1767 ipse

748 1793 1031 1847 Matthatus
1060 1809 1073 1844 :
1121 1791 1337 1859 Vespere
1367 1802 1537 1844 autem
1571 1791 1788 1844 Sabbati
1824 1830 1838 1853 ,
1874 1808 1987 1861 qua:
2018 1792 2226 1845 lucescit
2267 1794 2319 1847 in

747 1885 915 1951 prima
946 1883 1163 1939 Sabbati
1191 1924 1205 1948 ,
1261 1886 1397 1936 venit
1459 1877 1637 1935 Maria
1676 1882 1988 1952 Magdalene
2030 1894 2081 1937 et
2148 1885 2316 1938 altera
2356 1870 2394 1922 Β

754 1978 927 2031 Maria
977 1978 1148 2031 videre
1213 1977 1509 2045 sepulcrum
1540 1976 1625 2029 ⁸⁸.
1684 1977 1798 2031 Non
1852 1978 2081 2031 dixisset
2142 1987 2327 2031 autem

752 2071 968 2124 venisse
999 2109 1014 2132 ,
1063 2084 1182 2137 qua:
1215 2069 1633 2130 remansissent,
1668 2068 1770 2121 nisi
1811 2083 1889 2121 ea:
1923 2083 2139 2136 quoqtte
2172 2068 2322 2121 simi-

754 2164 873 2216 liter
909 2170 967 2215 ut
1001 2161 1179 2215 caeteri
1212 2200 1227 2225 ,
1272 2162 1630 2213 recessissent
1661 2175 1689 2213 a
1729 2162 2108 2215 monumento.
2147 2158 2322 2229 Atque

752 2255 842 2307 alii
876 2254 1092 2323 quidem
1118 2253 1343 2307 alteram
1372 2291 1387 2314 ,
1423 2266 1542 2321 quae
1571 2251 1769 2306 dicitur
1798 2291 1813 2313 ,
1858 2251 2085 2303 Mariam
2110 2292 2124 2315 ,
2160 2266 2321 2319 quam

756 2348 870 2415 ipse
894 2347 1054 2409 dixit,
1087 2346 1179 2414 qui
1240 2344 1514 2413 prtecessit
1542 2381 1556 2404 ,
1590 2353 1645 2395 et
1686 2342 1897 2395 Marcus
1935 2341 2079 2396 clare
2105 2344 2278 2410 aperit
2308 2382 2321 2406 ,

754 2440 983 2492 dicens:
1022 2434 1197 2488 Maria
1252 2443 1429 2487 autem
1467 2431 1772 2502 Magdalene
1795 2472 1807 2495 ,
1832 2442 1879 2485 et
1903 2430 2079 2485 Maria
2116 2431 2324 2500 Joseph,

756 2527 1076 2595 aspiciebant
1124 2525 1210 2577 ubi
1242 2534 1486 2592 ponerent
1506 2524 1589 2587 ‘9;
1628 2523 1716 2575 alii
1770 2537 1898 2576 vero
1942 2521 2163 2575 Mariam
2212 2538 2327 2589 qua:

756 2619 1023 2690 appellata
1052 2626 1135 2673 est
1159 2616 1341 2672 Jacobi
1367 2658 1381 2680 ,
1418 2611 1795 2693 existiinarutrt
1824 2632 1944 2671 esse
1997 2616 2279 2685 Deiparam
2310 2656 2325 2679 ,

760 2728 867 2767 non
902 2719 1047 2765 recte
1077 2749 1091 2773 ,
1132 2723 1305 2777 neque
1362 2716 1617 2761 accurate
1672 2709 1953 2760 veritatem
2009 2709 2327 2776 conjectan-

762 2813 861 2859 tes.
902 2800 1109 2869 Ubique
1131 2801 1275 2855 enim
1313 2800 1366 2852 in
1403 2799 1706 2867 EVangeliis
1736 2799 1849 2867 ipsa
1899 2806 2020 2867 post
2067 2813 2325 2850 arcanum

761 2896 913 2949 illum
950 2901 1129 2947 ortum
1158 2900 1343 2959 aperte
1381 2899 1435 2944 et
1478 2891 1693 2958 proprie
1753 2890 2061 2942 nominatur
2115 2888 2282 2943 Mater
2312 2929 2327 2955 ,

760 2981 970 3037 ethanc
992 2979 1213 3032 omnino
1238 2976 1466 3030 maxime
1486 2987 1665 3029 notam
1692 2977 1854 3029 habet
1888 2977 2325 3045 appellationem.

761 3073 996 3141 Accepit,
1032 3072 1239 3140 inquit,
1276 3070 1565 3138 infantem,
1616 3078 1665 3122 et
1718 3068 1943 3123 Matrem
1993 3070 2165 3139 ejus“0
2193 3110 2206 3124 .
2265 3071 2332 3124 Et

2420 603 2688 657 habebant
2715 643 2728 667 ,
2764 604 2906 673 quod
2939 618 3007 656 ne
3057 602 3328 656 tantillum
3360 602 3577 671 quidem
3598 642 3611 664 ,
3639 612 3699 655 ut
3728 604 3986 669 diximus,

2416 713 2443 750 a
2478 696 2725 764 sepulcro
2768 696 3090 761 recesserit,
3126 696 3298 749 donec
3367 695 3537 764 ipsam
3588 696 3859 748 vivilicam
3908 698 3985 748 vi-

2418 788 2497 840 dit
2532 788 3008 838 resurrectionem.
3047 783 3179 837 Nam
3214 785 3349 852 lapis
3396 786 3613 854 quidem
3662 785 3946 838 revolutus
3970 828 3985 848 ,

2418 892 2473 933 et
2508 879 2731 946 angelus
2771 878 2818 930 ei
2847 876 3131 940 insidens,
3171 876 3235 929 ab
3272 876 3391 930 aliis
3444 892 3657 945 quoque
3708 876 3860 929 visus
3909 887 3992 930 est

2420 969 2755 1023 mulieribus.
2796 967 3021 1033 Quando
3050 978 3233 1021 autem
3258 1006 3273 1033 ,
3300 967 3839 1037 etqucmadmodum
3876 968 3991 1021 haec

2420 1064 2556 1117 facta
2599 1073 2759 1125 sunt,
2799 1061 2903 1117 illac
2939 1062 3152 1130 quidem
3204 1062 3425 1114 omnino
3478 1062 3837 1115 nesciebant:
3879 1061 3989 1128 ipsa

2421 1170 2546 1205 vero
2585 1155 2725 1212 sola.
2765 1166 2820 1205 ttt
2868 1169 2986 1221 qua:
3017 1151 3302 1215 assideret,
3337 1152 3517 1205 omnia
3574 1162 3833 1207 accurate
3871 1169 3992 1220 per-

2421 1248 2619 1312 Spexit.
2656 1245 2914 1297 Videntur
2947 1258 3073 1313 ergo
3101 1244 3150 1297 ei
3182 1250 3367 1312 prima:
3387 1259 3506 1297 esse
3528 1244 3636 1297 dati
3688 1245 3819 1297 boni
3847 1261 3989 1297 nun-

2424 1338 2479 1389 tii
2519 1337 2978 1395 resurrectionis,
3017 1347 3071 1389 et
3137 1337 3315 1404 quoad
3348 1336 3467 1404 ejus
3507 1336 3620 1389 ﬁeri
3664 1336 3882 1403 potuit,
3925 1336 3990 1388 ab

2424 1439 2483 1476 ea
2512 1433 2834 1491 conspectus
2868 1425 3033 1476 fuisse
3076 1426 3329 1492 splendor
3384 1425 3521 1478 Filii.
3577 1425 3685 1479 Sed
3742 1427 3822 1479 sic
3874 1426 3991 1492 qui-

2422 1516 2545 1569 dem
2583 1516 2673 1568 Dei
2706 1514 2874 1569 blatcr
2924 1525 2977 1569 ct
3008 1516 3121 1583 ipsa
3182 1517 3380 1570 clarius
3437 1518 3619 1587 aspicit
3658 1498 3778 1571 Filii
3817 1534 3993 1571 resur-

2426 1608 2717 1660 rectionem
2741 1649 2754 1672 ,
2788 1615 2843 1660 ct
2877 1608 2993 1675 ejus
3026 1607 3409 1676 praedicatores
3434 1611 3499 1662 de
3541 1624 3602 1660 ea
3640 1609 3814 1675 magis
3861 1623 3991 1661 eon.

2426 1702 2619 1763 firmat,
2648 1716 2806 1768 quam
2835 1715 2912 1753 eae
2940 1716 3057 1768 qua:
3087 1710 3361 1769 unguenta
3386 1700 3726 1754 attulerunt:
3757 1700 3993 1761 etiamsi,

2424 1793 2550 1845 dtnn
2608 1793 2967 1860 loquerentur
2992 1797 3054 1845 de
3082 1790 3291 1846 Domini
3332 1794 3757 1857 resurrectione,
3793 1793 3993 1844 nullam

2424 1888 2541 1952 eius
2570 1882 2896 1937 mentionem
2931 1884 3162 1937 fecerint
3187 1925 3200 1947 ,
3232 1883 3486 1938 caventes
3513 1884 3743 1937 fortasse
3786 1878 3992 1937 mater-

2427 1991 2554 2027 num
2584 1974 2777 2027 aderrc
2803 1975 3173 2028 testimonium
3213 2014 3225 2035 ,
3252 1992 3321 2029 ne
3354 1975 3627 2028 videretur
3655 1984 3993 2045 suspectum,

2425 2077 2478 2121 et
2512 2077 2729 2136 propter
2760 2067 3200 2135 coniunctionem
3235 2066 3377 2119 fides
3428 2066 3475 2120 ei
3525 2066 3706 2119 minus
3764 2067 3995 2120 habere-

2424 2169 2529 2214 tur.
2587 2160 2692 2215 Sed
2746 2160 2970 2231 Deipara
3030 2200 3045 2227 ,
3078 2175 3201 2215 cum
3251 2159 3370 2213 Filii
3431 2159 3892 2214 resurrectionem
3945 2166 3996 2211 et

2426 2254 2583 2314 visu,
2622 2263 2673 2305 et
2706 2252 2933 2306 internis
2969 2254 3145 2306 oculis
3181 2252 3261 2305 sic
3291 2253 3593 2322 accepisset
3620 2294 3634 2316 ,
3669 2264 3864 2323 postea
3905 2250 3997 2302 ha-

2431 2342 2621 2395 bitavit
2668 2356 2793 2395 cum
2848 2343 3046 2396 dilecto
3078 2342 3345 2411 discipulo
3373 2383 3387 2406 ,
3421 2355 3747 2413 exspectans
3784 2354 3999 2411 tempus

2428 2436 2629 2489 Christi
2664 2436 3075 2504 assumptionis.

2500 2524 2755 2579 XXXVII.
2792 2524 3081 2595 Poétquam
3118 2536 3297 2578 autem
3332 2524 3490 2577 finem
3548 2523 3801 2592 accipere
3838 2537 3997 2591 opor-

2430 2620 2575 2675 tebat
2603 2660 2617 2680 ,
2658 2634 2996 2686 anecnnque
3026 2619 3090 2671 ad
3136 2620 3316 2671 carnis
3353 2626 3618 2684 suscepta:
3654 2618 4000 2685 pertinebant

2430 2711 2787 2769 (economiam
2825 2720 2921 2772 ,et
2977 2711 3049 2763 ita
3101 2712 3151 2761 in
3203 2710 3395 2763 costum
3447 2710 3666 2769 extolli,
3706 2711 3855 2776 quod
3915 2724 3995 2759 as~

2432 2814 2707 2874 sumptum
2756 2804 2933 2857 fuerat
2962 2840 2975 2865 ,
3014 2801 3206 2854 amicis
3261 2815 3531 2869 apparens
3580 2799 3831 2851 Salvator
3875 2802 3997 2867 (non

2431 2896 2576 2949 enim
2627 2911 2772 2964 saepe
2829 2902 2952 2964 post
3008 2892 3461 2945 resurrectionem
3531 2893 3892 2960 spectabilem
3946 2907 3999 2945 se

2433 2990 2537 3042 illis
2565 2988 2838 3057 praebebat
2864 2986 2881 3055 )
2912 3028 2924 3049 ,
2955 2994 3009 3038 ct
3054 2984 3219 3036 multa
3261 2985 3363 3037 alia
3408 2999 3527 3037 cum
3548 2984 3628 3038 eis
3660 2984 3921 3047 disserit,
3950 2995 3999 3037 et

2434 3080 2559 3133 boni
2589 3078 2821 3146 Spiritus
2898 3076 3187 3128 adventum
3245 3077 3553 3130 annuntiat.
3603 3078 3810 3131 Deinde
3843 3078 3998 3131 etiam

764 3180 954 3222 rursus
983 3182 1001 3220 :
1027 3159 1160 3216 Erat
1199 3162 1371 3215 Mater
1440 3160 1565 3216 Iesu
1613 3163 1800 3216 illic“.
1831 3161 1895 3216 Et
1924 3181 1937 3216 ε
1965 3162 2103 3215 Dicit
2159 3161 2327 3216 Mater

2434 3186 2555 3224 cum
2586 3168 2860 3223 eduxisset
2906 3183 3092 3235 parum
3130 3168 3278 3222 extra
3313 3168 3589 3221 civitatem
3622 3207 3637 3221 .
3670 3179 3726 3221 et
3761 3169 3885 3221 illos
3916 3178 4001 3232 ,ut

765 3259 876 3327 ejus
906 3255 1155 3309 ministris
1176 3254 1241 3305 θ’.
1280 3252 1343 3306 Ει
1372 3269 1384 3303 :
1417 3252 1694 3305 Descendit
1728 3255 1781 3303 in
1810 3250 2180 3321 Capharnaum
2200 3256 2330 3322 ipse,

764 3360 812 3404 et
843 3346 1018 3402 Mater
1043 3348 1155 3413 ejus
1176 3345 1239 3397 ⁸³.
1265 3345 1330 3399 Et
1361 3344 1567 3401 :Matcr
1598 3354 1687 3397 tua
1743 3354 1789 3397 et
1821 3346 2009 3412 fratres
2046 3350 2122 3399 tui
2175 3358 2327 3401 stete-

764 3451 883 3495 runt
917 3441 1043 3509 foris
1074 3439 1310 3504 ".Quin
1336 3439 1496 3491 etiam
1521 3454 1537 3492 :
1572 3435 1839 3491 Steterunt
1867 3440 1935 3490 ad
1974 3455 2179 3490 crucem
2208 3438 2331 3489 Jesu

763 3531 939 3585 Mater
965 3532 1075 3597 ejus
1098 3570 1112 3594 ,
1151 3537 1197 3581 et
1230 3542 1379 3579 soror
1409 3526 1595 3577 Matris
1620 3526 1730 3592 ejus
1753 3525 1795 3554 ⁸⁸
1825 3566 1838 3579 .
1877 3523 2050 3580 Labcs
2080 3565 2093 3588 ,
2137 3528 2181 3579 si
2214 3527 2295 3579 vis
2317 3567 2331 3587 ,

761 3624 925 3679 etiam
955 3620 1153 3675 Lucam
1195 3620 1249 3671 in
1275 3617 1497 3671 Actibus
1535 3616 1919 3685 sutl‘ragantcm
1956 3616 2019 3669 iis
2053 3632 2170 3684 quae
2207 3628 2333 3673 sunt

764 3714 1036 3787 proposita
1071 3728 1085 3770 ;
1120 3710 1188 3764 1Ιὶ
1242 3724 1415 3760 omnes
1459 3718 1611 3759 erant
1680 3718 2068 3771 peisererantes
2107 3708 2160 3759 in
2209 3726 2331 3761 ora-

764 3810 902 3859 tione
952 3820 1065 3856 cum
1110 3800 1412 3853 mulieribus
1444 3837 1458 3860 ,
1490 3806 1537 3849 et
1594 3795 1758 3848 Maria
1800 3794 1975 3861 Matre
2020 3796 2237 3854 Jesu“.
2266 3800 2331 3854 Ει

767 3900 821 3951 in
883 3910 1095 3953 summa
1161 3892 1473 3947 difﬁcillime
1505 3889 1739 3944 inveniri
1799 3898 2019 3958 potest,
2062 3906 2181 3942 eam
2210 3906 2333 3945 esse

766 3991 919 4043 aliter
952 3988 1283 4041 nominatam
1312 4023 1326 4049 ,
1366 3995 1457 4037 aut
1486 4000 1552 4037 ex
1587 3992 1740 4048 patre
1765 4019 1779 4043 ,
1807 3994 1897 4032 aut
1922 3996 1985 4033 ex
2020 3982 2194 4050 aliqua
2229 3983 2328 4035 alia

767 4080 1105 4147 cognationis
1201 4075 1563 4139 habitudine,
1628 4082 1683 4126 ut
1746 4073 2000 4129 diximus.
2071 4074 2331 4140 Quocirca

768 4172 913 4225 nulla
954 4184 1015 4222 ex
1056 4168 1138 4220 his
1170 4166 1257 4219 illa
1298 4177 1403 4221 est.

842 4260 1076 4315 XXXVI.
1113 4260 1240 4312 Nam
1272 4260 1387 4313 alite
1424 4260 1642 4327 quidem
1678 4267 1789 4312 tota
1849 4269 2005 4313 nocte
2040 4261 2103 4313 ad
2155 4261 2334 4327 sepul-

768 4367 918 4407 crum
956 4351 1213 4418 ingresszc
1247 4359 1373 4402 sunt
1405 4358 1459 4402 et
1500 4359 1827 4418 egressum
1863 4366 1925 4403 ea
1952 4354 2290 4420 quatiebant
2316 4391 2330 4414 ,

767 4441 1022 4513 apostolis
1053 4441 1390 4494 nuntiarunt.
1419 4438 1783 4505 Quamobrem
1845 4456 1944 4495 nec
1968 4444 2047 4495 eis
2106 4443 2326 4512 contigit

2435 3278 2555 3317 emn
2592 3260 2837 3320 decebat,
2866 3260 3217 3328 itnpertiissct
3250 3259 3631 3314 benedictione
3655 3297 3669 3321 ,
3694 3259 4001 3311 videntibus

2437 3355 2563 3423 ipsis
2598 3354 2652 3404 in
2706 3353 2901 3405 cadum
2960 3350 3240 3402 extollitur
3265 3350 3308 3379 *⁵⁷
3336 3388 3347 3400 .
3393 3349 3497 3400 Sed
3546 3363 3613 3401 ne
3642 3363 3703 3399 ea
3764 3365 3852 3401 res
3880 3345 4000 3418 ipsis

2436 3446 2654 3496 afferret
2693 3441 2987 3498 molestiam
3020 3479 3036 3503 ,
3069 3450 3121 3493 et
3148 3439 3388 3494 dolorem
3422 3439 3502 3493 eis
3550 3450 3866 3507 procrearet
3898 3441 3999 3493 bla-

2435 3536 2581 3606 gistri
2643 3536 2913 3602 privatio,
2966 3533 3083 3601 ejus
3140 3550 3355 3602 quoque
3417 3548 3600 3585 curam
3634 3532 3803 3603 gessit
3836 3533 4001 3587 bonus

2434 3627 2637 3698 pastor.
2671 3626 2747 3679 Ad
2779 3642 2872 3679 eos
2905 3626 3064 3679 mittit
3120 3627 3337 3696 angelos
3368 3668 3381 3690 ,
3410 3627 3499 3693 qui
3532 3635 3583 3679 et
3638 3626 3784 3680 illius
3820 3641 4001 3680 ascen-

2433 3737 2551 3775 sum
2612 3720 2985 3789 explicarent,
3039 3730 3095 3774 ct
3151 3736 3246 3774 eos
3298 3719 3557 3773 ineffabili
3611 3730 3664 3773 et
3697 3720 3998 3773 admirabili

2434 3812 2718 3878 implerent
2752 3810 3121 3865 consolatione
3152 3812 3215 3861 '°.
3241 3811 3376 3863 Cum
3401 3818 3581 3863 autem
3636 3811 3997 3873 adorassent,

2434 3916 2622 3952 rursus
2653 3902 2869 3953 domum
2922 3902 3027 3954 lieti
3074 3910 3200 3953 sunt
3267 3902 3509 3965 reversi,
3569 3901 3730 3955 simul
3788 3904 3999 3970 quidem

2435 4000 2657 4062 agentes
2686 3993 2737 4044 in
2772 3993 3049 4059 superiore
3084 3992 3369 4045 cccnaculo
3393 4032 3408 4057 ,
3454 3994 3597 4049 sicut
3640 3996 3997 4049 constitutum

2434 4084 2611 4139 fuerat
2642 4126 2655 4151 ,
2698 4094 2749 4139 et
2774 4083 3032 4138 Paraclcti
3083 4096 3466 4155 exspectantes
3497 4089 3817 4144 adventum.
3851 4092 4001 4143 Erant

2434 4180 2612 4233 autem
2652 4178 2705 4230 in
2758 4177 3000 4231 oratione
3059 4180 3390 4231 unanimiter
3443 4191 3865 4246 perseverantes
3893 4222 3905 4242 ,
3936 4186 4000 4234 si-

2435 4277 2525 4321 cut
2554 4268 2715 4319 etiam
2754 4267 2923 4319 Lucas
2956 4268 3297 4338 livangelista
3327 4281 3536 4321 narrat.
3571 4271 3707 4322 Cum
3741 4272 3889 4324 enim
3916 4288 4003 4329 no-

2437 4360 2680 4412 minatim
2734 4358 2929 4410 (Zhristi
2989 4372 3365 4414 enumerasset
3415 4362 3717 4431 discipulos
3747 4403 3761 4426 ,
3808 4365 3999 4418 deinde

2435 4450 2711 4520 subiungit
2750 4467 2762 4503 :
2802 4448 2863 4502 Et
2911 4451 2962 4502 hi
3040 4467 3215 4505 omnes
3271 4457 3666 4521 perseverabant
3734 4460 4001 4509 unanimi-

770 4534 955 4589 νίάετθ
994 4532 1147 4601 Plura
1181 4530 1443 4583 ¹¹¹ίτδίῖυ¹³
1509 4530 1967 4584 Γεευντοειίοηίδ·
2024 4532 2111 4584 ΙΗὶὶ
2148 4545 2325 4585 ³ι¹ιίεηῒ
2362 4532 2411 4589 Ι)
2439 4554 2516 4595 (ιν
2571 4544 2621 4593 in
2665 4544 2898 4595 oratione
2947 4553 2994 4596 et
3048 4547 3345 4611 precatione
3372 4586 3385 4608 ,
3444 4563 3557 4598 enm
3600 4549 3906 4603 mulieribus
3957 4560 4000 4602 rt

768 4642 889 4693 quae
949 4624 1217 4678 indtvulsa
1282 4621 1554 4674 assidebat
1602 4624 1895 4687 sepulcro,
1958 4623 2140 4674 omnia
2200 4623 2333 4676 vidit

768 4725 952 4784 aperte
980 4754 994 4777 ,
1028 4721 1083 4767 et
1119 4726 1223 4765 non
1277 4710 1454 4763 statim
1485 4750 1497 4771 .
1523 4710 1617 4765 sed
1678 4720 1862 4779 postea
1914 4713 2137 4782 protulit
2174 4713 2225 4766 in
2253 4713 2332 4767 lu-

768 4816 921 4867 cem,
959 4808 1015 4855 et
1047 4798 1399 4853 renuntiavit.
1447 4798 1578 4851 Nam
1626 4804 1896 4866 quomodo
1940 4804 2096 4857 simul
2147 4814 2331 4859 terrae-

770 4901 1007 4955 motum,
1044 4899 1098 4942 et
1125 4889 1298 4956 angeli
1339 4889 1391 4941 in
1454 4899 1729 4943 momento
1782 4895 2045 4961 temporis
2099 4896 2320 4947 descem

770 4995 923 5046 sum,
959 4988 1015 5033 et
1063 4979 1258 5048 lapidis
1311 4979 1735 5045 rcvolutioncm,
1774 4992 1828 5036 et
1888 4983 2172 5037 custodum
2208 5001 2332 5053 pro-

771 5069 998 5123 fundum
1051 5081 1303 5130 soporem
1340 5107 1353 5130 ,
1407 5075 1457 5119 et
1509 5070 2033 5135 expergelactionem
2060 5110 2075 5135 ,
2108 5082 2161 5123 et
2196 5088 2332 5140 quo-

771 5161 1017 5217 rumdam
1045 5159 1097 5211 in
1124 5160 1311 5211 urbem
1355 5158 1723 5214 reversionem
1747 5201 1759 5223 ,
1790 5163 2093 5229 potuissent
2127 5166 2329 5218 abeun-

771 5266 849 5309 tes
883 5253 1138 5307 mulieres
1167 5293 1179 5312 .
1214 5263 1265 5304 et
1296 5266 1485 5320 rursus
1536 5264 1869 5308 revertentes
1891 5298 1903 5320 ,
1938 5258 2146 5327 integre
2203 5276 2327 5329 per-

769 5345 975 5414 Spicere
999 5343 1021 5395 ἲ
1043 5342 1145 5397 Sed
1177 5343 1380 5396 clarum
1414 5355 1518 5408 est,
1543 5344 1655 5398 haec
1689 5345 1851 5398 fuisse
1881 5351 2106 5401 tuatcrni
2141 5360 2194 5403 et
2239 5367 2329 5403 ar-

768 5436 943 5489 dentis
974 5435 1175 5487 amoris
1197 5475 1210 5499 ,
1246 5450 1362 5504 qum
1395 5447 1660 5505 perpetuo
1713 5438 1959 5493 assidens
2058 5451 2111 5495 et
2144 5444 2321 5499 acrio-

766 5615 789 5665 1
869 5613 911 5644 ⁸⁷
952 5612 1141 5669 Matth.
1174 5632 1337 5679 xxvii,
1374 5616 1459 5677 63,
1494 5617 1582 5673 66.

766 5684 818 5736 5.
896 5685 1104 5740 “Ibid.
1148 5702 1245 5748 xit,

767 5756 819 5808 1.
908 5754 951 5786 θ’
987 5757 1119 5811 ibid.
1154 5758 1243 5809 li.

1658 5619 1705 5650 ⁸⁸
1731 5618 1917 5675 Matth.
1948 5638 2131 5687 xxviii,
2167 5626 2213 5681 1.

1353 5691 1397 5719 ⁶⁴
1430 5688 1620 5743 Matth.
1652 5705 1750 5758 ait,
1773 5692 1861 5745 47.

2294 5628 2338 5658 ⁵⁹
2358 5628 2519 5688 Marc.
2540 5651 2624 5699 xv,
2655 5638 2704 5689 1.

1962 5694 2005 5725 ⁸⁸
2029 5694 2185 5749 Joan.
2220 5714 2331 5765 xix,
2379 5703 2468 5759 25.
2546 5694 2730 5762 “Act.
2769 5706 2922 5771 1,14.
3000 5694 3516 5783 "Literninﬂbd':

2434 4634 2604 4688 Maria
2639 4644 2802 4686 matre
2833 4634 2953 4686 Jesu
2985 4672 2997 4695 ,
3026 4644 3072 4685 et
3097 4651 3210 4687 cum
3242 4635 3495 4703 fratribus
3521 4636 3631 4697 eius
3656 4640 3697 4669 “'
3722 4677 3738 4693 .
3781 4640 4000 4711 Semper

2434 4729 2577 4779 enim
2612 4727 2725 4792 ipsa
2761 4739 2973 4791 quoque
3007 4738 3129 4777 cum
3175 4729 3253 4780 eis
3281 4728 3743 4795 conversabatur,
3774 4746 3805 4784 a
3848 4736 4000 4788 rebus

2438 4809 2818 4885 pulcherrimis
2873 4825 2927 4870 et
2994 4817 3391 4875 honestissimis
3447 4836 3725 4889 nunquam
3780 4826 3999 4881 oumiuo

2438 4906 2729 4959 desistens.

2509 4996 2794 5051 XXXVIII.
2842 5000 3131 5069 Postquam
3169 5015 3347 5057 autem
3403 5006 3454 5058 in
3514 5016 3759 5078 tempore
3811 5010 4000 5067 Pente-

2434 5088 2607 5141 ciistcs
2640 5088 2891 5156 apostoli,
2926 5091 3126 5159 impleti
3175 5094 3357 5149 divina
3408 5099 3579 5166 gratia
3619 5099 3907 5168 Paraclcti,
3934 5106 3994 5158 ad

2437 5178 2708 5247 Evangelii
2745 5180 3044 5235 doctrinam
3080 5184 3218 5241 allus
3254 5183 3358 5241 alio
3383 5191 3773 5256 mittebantur,
3807 5205 3863 5248 et
3889 5199 3991 5265 jam

2436 5270 2745 5337 praedicatio
2785 5270 2907 5323 fidei
2948 5278 3412 5344 annuntiabatur,
3451 5281 3752 5351 Virginem,
3813 5298 3992 5356 utpote

2432 5360 2626 5414 dilecto
2680 5359 2941 5428 discipulo
2991 5374 3044 5418 et
3106 5367 3295 5436 virgini
3344 5374 3804 5442 commendatam,
3881 5394 3992 5446 qu.c

2427 5462 2538 5503 crat
2572 5452 2622 5503 in
2658 5450 2786 5505 Sion
2815 5454 2933 5521 ejus
2960 5456 3191 5525 domus,
3226 5476 3346 5515 eam
3376 5464 3601 5521 habebat
3635 5463 3753 5523 illic
3795 5471 3993 5543 degen-

2781 5633 3044 5715 ‘°_5!alllt:
3070 5658 3128 5715 II,
3157 5642 3242 5697 14.
3322 5642 3540 5707 “Joan.
3570 5666 3627 5715 tt,
3666 5652 3719 5705 1.

3595 5697 3639 5753 εἶ’
3670 5697 3797 5782 Χςι.
3844 5697 3992 5792 (viii;
