4158 6522
168 488 269 549 557

169 603 270 654 tem
311 616 324 651 :

164 689 551 746 exhibebatur.
598 689 733 743 Cum
784 704 912 744 vero
956 699 1013 743 et:
1058 690 1245 742 mortis
1276 703 1395 742 eam
1424 689 1742 758 participem

168 782 279 834 fieri
335 795 565 835 necesse
603 778 945 850 foret,(cnr
980 781 1124 833 enim
1187 778 1291 834 hoc
1348 786 1576 849 passura
1635 795 1743 833 non

166 881 349 933 esset,
386 872 639 941 quamvis
682 871 772 924 Dei
826 870 994 925 Filius
1048 887 1114 925 ex
1180 887 1242 930 ea
1296 872 1511 940 genitus
1554 884 1744 925 revera

167 972 306 1018 esset
360 964 564 1019 homo?
597 964 797 1034 )cum,
829 964 1044 1032 inquam
1070 1004 1085 1029 ,
1146 972 1306 1018 aetate
1372 974 1622 1033 provecta
1677 961 1744 1016 ad

167 1057 395 1111 multam
446 1064 786 1111 senectutem
830 1056 1195 1123 pervenisset,
1243 1066 1296 1110 et
1357 1053 1745 1126 peregrinatio-

167 1146 248 1201 nis
275 1158 497 1216 tempus
526 1160 767 1215 prtesens
804 1154 963 1208 esset,
987 1161 1080 1214 per
1109 1147 1381 1214 angelum,
1403 1160 1461 1199 se
1485 1145 1742 1216 migratu-

166 1252 277 1289 ram
302 1252 459 1300 esse,
497 1253 525 1289 a
569 1235 707 1288 Filio
757 1234 949 1289 edocta
974 1243 1063 1289 est
1092 1276 1106 1299 ,
1138 1237 1284 1289 sicut
1312 1244 1374 1287 et
1408 1243 1597 1293 antea,
1638 1250 1746 1303 quo

166 1337 414 1397 tempore
464 1329 518 1381 in
569 1328 691 1395 ejus
737 1336 980 1380 ventrem
1040 1328 1383 1397 ingressurus
1426 1335 1574 1388 erat,
1604 1341 1748 1378 nun-

165 1421 356 1473 tiatum
402 1419 481 1472 illi
510 1419 705 1472 fuerat.
740 1417 873 1472 Cum
906 1418 1069 1488 igitur
1112 1431 1369 1473 excessus
1416 1416 1498 1471 sui
1545 1425 1747 1486 myste-

162 1513 303 1565 rium
336 1512 666 1574 didicisset,
729 1525 849 1563 eam
902 1521 1018 1562 rem
1058 1509 1251 1566 laetitia:
1308 1517 1467 1563 tantz
1492 1549 1508 1576 ,
1547 1516 1748 1578 quanta

164 1605 347 1659 verbis
408 1604 666 1672 explicari
732 1618 857 1657 non
894 1607 1111 1673 potest,
1164 1604 1443 1657 materiam
1502 1603 1748 1669 judicans

164 1697 339 1767 (quid
397 1697 547 1750 enim
588 1696 664 1750 illi
715 1697 936 1752 suavius
1012 1697 1232 1750 evenire
1282 1705 1535 1765 poterat,
1585 1710 1747 1765 quam

163 1804 286 1843 cum
324 1788 471 1844 Filio
511 1804 612 1843 suo
644 1804 767 1843 esse
791 1797 847 1843 et
882 1805 991 1844 una
1018 1789 1286 1856 regnare?
1314 1792 1331 1857 )
1363 1789 1543 1841 statim
1587 1788 1750 1857 jussit

166 1881 405 1949 plurima
442 1880 645 1933 lumina
674 1880 894 1933 domum
928 1879 1112 1932 aﬂ‘erri
1142 1882 1359 1949 ;-idque
1398 1880 1599 1934 factum
1644 1890 1748 1934 est.

168 1972 303 2031 Tota
342 1987 476 2026 vero
529 1972 723 2026 domus
776 1971 1037 2025 mundata
1077 1980 1180 2025 est.
1234 1972 1431 2028 Lectus
1486 1973 1653 2035 item,
1698 1981 1753 2026 et

167 2067 444 2120 thalamus
478 2064 776 2120 ornabatur
825 2082 838 2118 :
877 2073 932 2118 et
991 2066 1436 2118 convocabantur
1487 2074 1753 2134 qu0tqu0t

165 2167 326 2214 erant
358 2159 577 2229 cognati
608 2166 662 2212 et
689 2156 850 2212 vicini
882 2197 896 2220 ,
936 2164 994 2210 ut
1022 2170 1145 2210 cum
1186 2173 1249 2210 ca
1302 2156 1498 2210 Ιωιὶιὶω
1559 2157 1751 2210 tierent

166 2252 487 2322 participes.
518 2250 721 2303 Deinde
752 2259 935 2318 parata
968 2259 1125 2302 erant
1152 2249 1332 2303 omnia
1362 2250 1426 2303 ad
1446 2265 1747 2307 cxceswm.

167 2344 458 2414 Signiﬁcat
489 2342 670 2410 itaque
706 2342 770 2395 iis
803 2342 893 2411 qui
950 2352 1325 2397 convenerant
1354 2384 1368 2405 ,
1428 2345 1481 2397 id
1525 2344 1666 2413 quod
1700 2344 1751 2398 ei

168 2435 337 2489 Filius
386 2446 484 2504 per
538 2435 791 2505 angelum
864 2436 1237 2493 nuntiaverat.
1274 2436 1523 2492 Ostendit
1570 2448 1751 2492 autem

168 2526 423 2581 bravium
448 2566 464 2591 ,
495 2528 639 2596 quod
676 2528 778 2582 sibi
813 2528 880 2583 ah
922 2544 986 2582 eo
1048 2530 1234 2583 datum
1293 2532 1491 2583 luerat.
1540 2530 1597 2584 ld
1628 2546 1753 2585 vero

168 2629 287 2675 erat
320 2635 510 2674 ramus
540 2621 772 2688 palmae,
822 2630 879 2672 ut
924 2620 1118 2686 linguae
1174 2622 1496 2673 assuefactu‘.
1518 2636 1640 2673 vera
1670 2622 1750 2674 lo-

166 2710 257 2779 qui
293 2710 364 2762 de
411 2723 478 2761 eo
518 2709 807 2762 dixerant:
862 2710 1079 2779 signum
1128 2709 1371 2764 victoria:
1420 2713 1613 2766 mortis
1647 2751 1661 2776 ,
1696 2722 1751 2767 et

169 2800 293 2852 vita:
360 2798 542 2868 imago
602 2798 961 2853 immortalis:
1002 2800 1144 2854 sicut
1199 2802 1363 2855 etiam
1400 2798 1749 2857 Hebraeorum

158 2891 321 2961 pueri
362 2892 415 2945 id
467 2893 585 2962 ejus
632 2891 909 2946 faciebant
953 2892 1131 2959 Filio,
1187 2895 1432 2963 iuspirati
1469 2896 1748 2950 divinitus.

161 2982 243 3037 Illi
290 2988 444 3037 enim
492 2982 945 3053 appropinquanti
984 2986 1049 3037 ad
1090 2985 1436 3053 passionem,
1486 2987 1521 3040 ii
1572 3003 1752 3042 ramos

165 3075 477 3145 palmarum
510 3076 833 3140 olIerebant,
854 3091 977 3131 eum
1011 3075 1255 3129 futurum
1279 3077 1535 3132 victorem
1561 3082 1752 3135 mortis

163 3169 289 3219 ante
324 3164 777 3234 signiﬁcantes”.
798 3168 929 3221 Cum
958 3182 1138 3221 autem
1168 3169 1279 3237 jam
1302 3171 1513 3224 adesset
1541 3163 1767 3240 tempus’

1258 483 1548 543 ORATIO
1592 484 1692 544 DE
1737 484 2021 545 SANCTA
2059 484 2331 544 MARIA.

372 599 463 652 cui
507 608 760 666 tanquam
812 597 965 651 Matri
1015 598 1123 651 Deo
1163 598 1337 651 honor
1365 597 1433 651 ab
1486 596 1741 651 onmibus
1774 604 1816 660 Α
1846 611 1965 650 mea
2025 596 2299 650 voluntas.
2368 594 2611 649 Accersit
2656 602 2837 648 autem
2884 594 3104 652 Petrum
3133 634 3148 659 ,
3213 592 3410 649 deinde

3303 478 3407 544 .558

1844 684 2016 739 alios:
2052 694 2107 738 et
2162 700 2285 739 cum
2335 684 2588 739 lucernas
2622 684 2721 754 ipsi
2773 687 3184 746 accendisscut,
3216 685 3304 739 illa
3356 688 3409 737 in

1845 776 2034 844 spiritu
2071 777 2352 831 exsultans
2379 817 2392 839 ,
2422 773 2653 830 diductis
2694 776 2859 830 labris
2886 815 2902 840 ,
2955 776 3223 835 Benedico
3270 777 3365 831 tibi
3397 817 3410 840 ,

1847 866 2050 935 inquit,
2079 867 2253 920 datori
2284 868 2463 922 omnis
2492 868 2885 922 benedictidnis
2908 910 2920 933 ,
2951 885 3126 923 causa:
3157 870 3377 923 luminis
3399 907 3413 932 ,

1846 960 1938 1028 qui
1996 975 2178 1014 meum
2272 971 2518 1015 ventrem
2580 962 2929 1018 inhabitasti.
2986 963 3257 1018 Benedico
3314 974 3417 1017 tua:

1847 1040 2105 1106 charitati
2128 1092 2141 1117 ,
2164 1067 2269 1121 qua
2299 1068 2398 1107 nos
2429 1053 2662 1107 dilexisti
2690 1094 2704 1119 ,
2731 1052 2958 1109 Domine
2988 1073 3000 1108 :
3034 1066 3088 1110 et
3132 1057 3417 1124 magniﬁco

1848 1140 2013 1193 verba
2041 1149 2130 1193 tua
2157 1180 2171 1205 ,
2212 1155 2332 1207 qua:
2386 1142 2545 1195 nobis
2590 1145 2710 1196 data
2767 1154 2895 1198 sunt
2946 1145 3001 1198 in
3056 1146 3329 1199 veritate:
3366 1154 3419 1199 et

1849 1232 2013 1288 credo
2042 1232 2171 1285 mihi
2203 1231 2431 1285 aliutura
2451 1274 2464 1296 ,
2496 1249 2616 1301 qua:
2646 1236 2861 1289 dixisti.
2897 1236 3030 1290 Cum
3051 1237 3129 1289 sic
3156 1239 3417 1302 dixisset,

1849 1335 1905 1374 se
1936 1321 2163 1377 reclinat
2196 1322 2253 1374 in
2284 1323 2453 1385 lecto,
2487 1334 2541 1377 ct
2570 1325 2824 1379 manilius
2855 1325 2908 1379 in
2933 1329 3100 1379 altum
3154 1327 3383 1380 sublatis
3404 1368 3418 1391 ,

1849 1430 1972 1467 cum
2016 1415 2151 1468 nulli
2208 1398 2626 1485 reprehensioni
2683 1419 2843 1472 aliine
2890 1434 3046 1472 suum
3111 1435 3309 1487 corpus
3362 1420 3417 1471 in

1852 1506 2139 1561 honestam
2170 1518 2224 1564 et
2251 1510 2502 1583 decoram
2534 1512 2758 1581 figuram
2792 1512 3224 1580 composuisset,
3266 1522 3321 1565 ct
3359 1527 3421 1565 os

1849 1600 2217 1653 venerandum
2268 1601 2569 1667 aperuisset
2615 1604 2839 1669 (etenim
2897 1602 3115 1656 videbat
3166 1604 3273 1673 jam
3315 1604 3418 1657 Do-

1850 1694 2055 1745 minum
2124 1694 2190 1747 ad
2246 1695 2421 1763 ipsam
2508 1700 2817 1751 venientem
2892 1715 3016 1752 cum
3072 1701 3421 1754 multitudine

1851 1782 2214 1853 angelorum),
2248 1794 2357 1839 tota
2386 1786 2638 1855 impletur
2684 1788 2877 1856 gaudio
2930 1797 2984 1842 et
3036 1791 3327 1858 voluptate.
3369 1802 3423 1844 et

1854 1890 1985 1929 cum
2043 1892 2231 1932 rursus
2269 1879 2531 1933 dixisset:
2593 1877 2730 1933 Fiat
2762 1881 2924 1943 mihi,
2974 1881 3217 1947 Domine,
3242 1896 3423 1935 recrui-

1785 1938 2246 2021 Bdum‘rerbum
2296 1978 2487 2033 tuum,
2556 1971 2753 2022 emittit
2808 1974 3061 2041 tanquam
3125 1973 3175 2025 in
3233 1987 3424 2028 somno

1852 2060 2141 2128 spiritum,
2175 2071 2230 2115 et
2279 2077 2404 2115 eum
2432 2061 2484 2115 in
2517 2062 2710 2117 amicis
2739 2062 2964 2132 deponit
3003 2062 3119 2116 Filii
3150 2064 3421 2117 manibus.

1852 2150 1930 2203 Ne
1976 2160 2156 2204 autem
2198 2153 2445 2205 videatur
2483 2168 2603 2208 esse
2639 2154 2831 2221 inane,
2880 2156 3024 2225 quod
3081 2156 3286 2210 dictum
3342 2166 3426 2210 est

1852 2240 1919 2295 de
1981 2242 2400 2312 congregatione
2460 2245 2869 2311 apostolorum,
2916 2263 3037 2315 quae
3074 2247 3212 2301 facta
3239 2258 3325 2302 est
3370 2248 3422 2300 in

1854 2333 2177 2388 dormitione
2229 2332 2498 2405 Virginis;
2554 2334 2726 2388 satius
2777 2334 2942 2390 fuerit
2992 2352 3055 2391 ea
3114 2338 3424 2391 summatim

1854 2425 2094 2490 addere,
2157 2442 2276 2496 quat
2314 2443 2344 2480 a
2423 2425 2677 2496 Dionysio
2727 2429 3048 2499 Areopagita
3086 2430 3341 2484 dicuntur
3373 2432 3427 2485 in

1855 2518 2016 2573 tertio
2080 2518 2364 2587 libro(l),
2401 2531 2455 2573 et
2506 2517 2701 2587 capitis
2723 2518 2960 2589 quidem,
3015 2520 3145 2586 Qua:
3208 2523 3274 2576 sit
3355 2523 3429 2576 vis

1856 2617 2109 2669 orationis
2140 2627 2188 2669 et
2218 2621 2279 2668 de
2309 2617 2458 2669 beato
2494 2616 2792 2679 llierotheo,
2815 2619 2876 2669 de
2905 2619 3096 2686 pietate
3119 2628 3168 2671 et
3201 2621 3263 2672 de
3289 2620 3431 2674 theo-

1856 2705 2019 2775 logica
2082 2707 2401 2775 inscriptum
2451 2717 2535 2761 est
2584 2709 2978 2777 conscriptione.
3009 2710 3269 2766 Dicuntur
3330 2728 3428 2767 au-

1857 2810 1962 2853 tem
2024 2814 2086 2853 ea
2154 2800 2371 2869 quidem
2426 2800 2712 2855 Tim0thco
2769 2801 2969 2871 Ephesi
3031 2804 3306 2875 episcopo.
3355 2806 3429 2861 Ea

1858 2907 1986 2946 vero
2019 2900 2148 2946 sunt
2182 2891 2233 2945 in
2269 2891 2369 2946 hoc
2404 2892 2582 2961 capite
2614 2893 2692 2947 sic
2723 2893 2787 2946 ad
2819 2895 3042 2948 verbum
3072 2897 3286 2965 posita:

1925 2985 2037 3039 XL.
2067 3004 2085 3035 ι
2118 2985 2564 3052 Quandoquidem
2597 2986 2740 3054 apud
2771 2987 2915 3055 ipsos
2944 3003 3161 3057 quoque
3214 2999 3429 3043 nostros

1855 3095 1883 3132 a
1911 3079 2019 3132 Deo
2048 3076 2254 3129 amatos
2281 3091 2562 3130 sacrorum
2594 3077 2889 3146 principes,
2915 3080 3134 3140 quando
3166 3095 3264 3135 nos
3292 3096 3427 3149 quo-

1855 3185 1979 3239 que,
2013 3177 2073 3223 ut
2108 3183 2225 3237 ipse
2275 3167 2443 3231 nosti,
2475 3177 2530 3221 et
2569 3168 2720 3221 multi
2761 3183 2823 3221 ex
2859 3170 3063 3222 nostris
3097 3172 3266 3223 sacris
3316 3170 3425 3225 fra-

162 3269 429 3309 exeessus
452 3296 468 3321 ,
503 3254 590 3308 illa
624 3255 843 3325 quidem
901 3273 1040 3313 vera:
1076 3260 1195 3311 vitae
1237 3270 1410 3312 mater
1440 3261 1659 3328 jacehat
1692 3262 1746 3314 in
1776 3274 1817 3330 (ς
1857 3261 2031 3314 tribus
2061 3259 2126 3312 ad
2159 3257 2449 3312 videndum
2495 3271 2717 3326 corpus,
2747 3257 2890 3326 quod
2939 3257 3061 3312 vita:
3097 3258 3424 3329 principium

162 3348 429 3419 grabato:
466 3349 655 3403 aderat
684 3364 814 3403 vero
853 3350 896 3404 is
920 3390 934 3416 ,
963 3350 1054 3419 qui
1076 3366 1195 3404 eam
1227 3351 1389 3405 domo
1419 3362 1742 3421 exceperat,

158 3437 437 3494 Joannes.
489 3441 732 3494 Aderant
793 3442 992 3506 etiam,
1034 3439 1352 3511 quicunque
1401 3452 1555 3496 erant
1588 3443 1747 3498 electi

162 3532 214 3585 in
247 3531 559 3588 Jerusalem
584 3574 597 3597 ,
617 3534 919 3604 amicosque
941 3546 996 3589 et
1020 3546 1264 3606 cognatae
1292 3537 1451 3590 simul
1474 3540 1741 3592 astabant.

165 3621 330 3693 Virgo
368 3637 505 3692 ergo
550 3624 616 3677 ad
658 3624 924 3679 Joannem
956 3628 1225 3695 aspiciens
1272 3628 1567 3693 virginem,
1622 3644 1747 3681 cum

162 3728 338 3781 pauca
375 3728 503 3766 cum
526 3727 591 3765 eo
616 3722 766 3765 esset
798 3714 972 3766 locuta
1001 3752 1013 3776 ,
1052 3714 1247 3767 deinde
1276 3731 1289 3767 :
1321 3715 1459 3768 Duas
1484 3756 1498 3780 ,
1533 3717 1744 3787 inquit,

162 3803 393 3856 tunicas
420 3816 558 3870 quas
590 3810 704 3857 toto
736 3801 857 3858 vita:
888 3813 1129 3873 tempore
1165 3807 1331 3861 habui
1377 3816 1746 3878 tegumentum

162 3894 271 3949 mei
299 3893 555 3963 corporis
580 3936 594 3961 ,
630 3909 725 3949 eas
777 3895 891 3950 dari
932 3897 1273 3966 jubeohisce
1306 3900 1516 3955 duabus
1555 3904 1749 3957 mulie-

159 3987 338 4042 ribus.
376 3985 505 4040 Haec
538 3986 625 4039 illa
657 3987 877 4056 quidem
927 3989 1083 4043 dixit.
1130 3991 1233 4055 Qui
1304 3992 1531 4047 aderant
1580 4010 1744 4061 vero,

158 4079 419 4133 videntes
449 4077 600 4146 signa
634 4079 927 4143 decessus,
978 4095 1042 4133 ex
1097 4084 1271 4135 oculis
1310 4086 1508 4137 multas
1555 4085 1748 4141 funde-

160 4172 294 4225 bant
326 4170 621 4245 lacrymas.
658 4170 793 4233 Quis
821 4171 964 4225 enim
1000 4173 1087 4225 tali
1141 4174 1340 4243 privari
1395 4178 1621 4233 muliere
1656 4190 1745 4235 tu-

162 4264 316 4318 lisset
345 4262 468 4315 sine
498 4262 727 4315 dolore?
759 4262 961 4318 Deinde
984 4285 1014 4324 e
1035 4270 1171 4323 coelo
1205 4270 1423 4339 quidem
1471 4272 1750 4328 descendit

158 4362 282 4431 ejus
304 4352 484 4410 Filius
503 4398 517 4424 ,
547 4357 696 4412 illius
715 4358 951 4415 divinam
975 4372 1355 4433 assumpturus
1379 4365 1631 4429 animam,
1654 4380 1750 4433 per

164 4456 374 4511 nubem
413 4463 598 4508 autem
627 4468 759 4509 suos
789 4464 1077 4524 congregat
1125 4456 1419 4525 discipulos
1439 4494 1453 4519 ,
1489 4463 1549 4507 ut
1580 4471 1744 4510 vene-

167 4550 405 4601 randum
433 4546 553 4613 ejus
590 4561 793 4614 corpus
822 4548 1144 4599 mandarent
1186 4549 1499 4616 sepultum.

238 4637 493 4692 XXXIX.
524 4636 817 4709 Postquam
855 4652 984 4692 vero
1046 4638 1181 4692 vidit
1220 4654 1315 4693 eos
1363 4639 1629 4716 Dcipara,
1655 4656 1757 4697 co-

163 4730 360 4802 gnovit
389 4737 576 4784 autent
616 4745 839 4785 causam
862 4772 877 4794 ,
913 4738 1131 4801 pr0pter
1165 4746 1324 4801 quam
1355 4748 1546 4788 omnes
1572 4736 1748 4788 statim

163 4822 424 4886 accersiti
456 4821 716 4888 fuerant,
747 4834 801 4876 et
834 4823 1261 4894 uniuscujusque
1299 4827 1470 4881 audiit
1523 4829 1746 4897 petitio-

166 4932 265 4971 nes
290 4956 306 4982 ,
330 4930 429 4971 eos
457 4914 677 4986 quidem
707 4951 722 4976 ,
752 4924 809 4967 ut
829 4932 928 4986 par
947 4926 1065 4970 erat
1089 4958 1104 4983 ,
1133 4916 1397 4986 impertiit
1416 4919 1751 4976 benedictio-

165 5009 349 5062 nibus.
380 5007 519 5062 Cum
566 5022 697 5063 vero
736 5010 990 5064 omnibus
1026 5010 1253 5066 dixisset
1293 5014 1456 5067 verba
1527 5030 1646 5084 qum
1693 5015 1750 5069 in

168 5100 401 5154 decessu
425 5098 533 5153 dici
558 5100 770 5154 solent:
796 5097 904 5154 Vos
926 5139 942 5165 ,
971 5097 1169 5170 inquit,
1197 5103 1391 5166 valete,
1413 5102 1538 5171 lilii;
1569 5120 1748 5159 meum

169 5201 355 5246 autem
393 5190 525 5247 hinc
554 5190 840 5247 decessum
869 5209 935 5248 ne
966 5194 1115 5248 luctu
1140 5234 1154 5258 ,
1209 5195 1302 5248 sed
1336 5195 1520 5249 laztitia
1573 5198 1750 5265 potius

169 5282 584 5354 prosequamini
626 5300 640 5348 ;
701 5286 1138 5355 quandoquidem
1180 5287 1333 5342 vobis
1396 5295 1478 5341 est
1528 5303 1752 5357 persua-

168 5390 326 5438 sum,
360 5392 465 5431 nos
501 5377 735 5430 transire
755 5377 832 5447 ‘ad
865 5380 1159 5448 gaudium:
1198 5390 1254 5433 et
1279 5380 1458 5434 videte
1481 5421 1494 5439 ,
1524 5388 1581 5433 ut
1622 5395 1749 5433 cor-

172 5480 273 5538 pus
304 5480 492 5519 meum
525 5467 795 5523 mandetis
825 5467 1122 5539 sepulturae
1166 5472 1220 5523 in
1284 5471 1387 5525 hac
1439 5470 1607 5541 ﬁgura
1636 5509 1650 5533 ,
1694 5471 1745 5523 in

171 5573 277 5628 qua
300 5570 542 5626 εεονωθ
588 5575 966 5628 composuero.
1020 5558 1143 5615 Haec
1190 5569 1274 5615 est
1322 5562 1507 5628 enim,
1553 5561 1747 5632 inquit,

246 5745 323 5818 (i)
356 5741 435 5798 De
470 5741 663 5798 divinis
696 5749 1012 5818 nominibus,
1031 5763 1155 5823 cap.
1184 5749 1238 5805 3.

254 5911 297 5942 '°
326 5908 490 5965 Joan.
530 5919 628 5974 xu,
655 5904 744 5961 13.

1850 3352 2016 3410 dedit,
2048 3362 2103 3402 et
2135 3349 2301 3401 Deum
2331 3349 3005 3420 suscepit,-convenimus(
3030 3354 3217 3405 aderat
3243 3361 3425 3405 autem

1854 3442 1944 3497 Dei
1975 3455 2189 3510 quiaque
2223 3440 2387 3491 frater
2403 3437 2653 3504 Iacobus,
2684 3449 2737 3493 et
2768 3440 2979 3506 Petrus,
3002 3442 3093 3511 qui
3128 3452 3244 3495 erat
3273 3444 3429 3497 theo-

1849 3536 2091 3605 logorum
2140 3547 2395 3602 suprema
2447 3541 2502 3586 et
2536 3532 2913 3601 antiquissima
2968 3535 3301 3604 summitas),
3345 3536 3428 3590 vi-

1851 3642 2078 3694 sumque
2108 3635 2210 3687 est,
2250 3634 2309 3677 ut
2340 3633 2463 3694 post
2496 3624 2627 3678 illud
2662 3626 3056 3693 spectaculum,
3108 3640 3298 3680 omnes
3342 3642 3429 3682 sa-

1852 3738 2067 3777 crorum
2104 3722 2379 3792 principes
2414 3724 2673 3793 hymnum
2718 3735 2999 3786 canerent,
3032 3733 3086 3778 et
3117 3716 3424 3785 laudarent,

1854 3825 2014 3887 prout
2040 3825 2256 3885 poterat
2284 3817 2673 3885 unusquisque,
2712 3815 2973 3868 inﬁnitam
3016 3816 3310 3869 bonitatem
3343 3816 3431 3869 di-

1853 3911 2095 3962 vinarum
2134 3910 2329 3960 virium
2375 3926 2388 3961 :
2422 3918 2542 3976 post
2576 3907 2863 3978 theologus
2904 3907 3016 3975 ille,
3050 3918 3109 3961 ut
3137 3910 3261 3972 scis,
3300 3909 3425 3960 vicit

1850 4016 2040 4057 omnes
2068 4000 2202 4054 alios
2240 4009 2438 4069 mySIas
2476 4014 2775 4063 sacrorum,
2811 4010 2868 4053 ut
2920 4003 3012 4069 qui
3059 4003 3215 4067 plane
3273 4016 3429 4055 exce-

1852 4097 2024 4159 deret,
2057 4104 2112 4148 et
2142 4109 2171 4147 a
2202 4108 2261 4148 se
2299 4092 2520 4147 omnino
2569 4092 2952 4153 abduceretur,
2986 4101 3039 4146 et
3075 4094 3127 4145 in
3173 4109 3233 4146 ea
3269 4108 3428 4163 quam

1852 4187 2064 4258 hymnis
2093 4185 2416 4246 celebrabat,
2436 4185 2738 4237 adiceretur
2760 4183 3016 4239 societate
3043 4192 3098 4239 et
3128 4190 3432 4242 communi-

1850 4280 2084 4343 catione,
2142 4286 2197 4331 et
2245 4276 2311 4330 ab
2344 4276 2619 4339 omnibus,
2677 4294 2705 4329 a
2744 4275 2939 4343 quibus
3002 4278 3323 4333 audiebatur
3376 4293 3431 4335 et

1852 4370 2162 4430 videbatur,
2192 4375 2245 4421 et
2269 4369 2718 4436 cognoscebatur,
2751 4375 2805 4418 et
2838 4380 2947 4418 non
2979 4369 3425 4435 cognoscebantur,

1850 4464 2189 4534 judicaretur
2228 4475 2347 4517 esse
2380 4475 2409 4513 a
2447 4457 2555 4513 Deo
2589 4457 2802 4512 adlatus
2827 4466 2882 4511 et
2926 4458 3147 4514 divinus
3194 4461 3427 4531 scriptor

1860 4556 2204 4626 hymnorum.
2280 4555 2343 4606 Et
2392 4553 2521 4621 quid
2586 4552 2679 4605 tibi
2729 4550 2963 4618 amplius
3003 4550 3232 4604 dixerim
3275 4554 3339 4606 de
3364 4552 3430 4606 iis

1857 4663 1977 4717 qua:
2017 4645 2125 4699 illic
2168 4644 2237 4699 de
2270 4640 2378 4697 Deo
2417 4642 2601 4695 divine
2648 4641 2789 4695 dicta
2842 4640 3004 4694 sunt?
3050 4642 3261 4695 Etenim
3320 4644 3422 4697 nisi

1858 4757 1977 4797 sum
2024 4739 2127 4794 mei
2162 4748 2376 4806 quoque
2404 4734 2627 4797 oblitus,
2673 4733 2784 4788 scio
2822 4734 3023 4787 multos
3056 4750 3083 4786 a
3125 4742 3173 4786 te
3209 4736 3426 4790 audisse

1857 4830 2114 4901 quasdam
2142 4836 2321 4896 partes
2349 4826 2559 4880 illorum
2580 4827 2690 4879 Deo
2718 4825 3008 4879 alilantium
3038 4827 3417 4895 hymnorumm

1860 4923 1967 4977 Sed
2016 4922 2131 4976 haec
2188 4920 2408 4990 quidem
2464 4932 2619 4971 sacer
2668 4915 2974 4986 Dionysius.
3036 4916 3200 4971 Nobis
3240 4920 3421 4970 autem

1856 5023 2044 5087 pergat
2076 5014 2251 5068 oratio
2283 5010 2348 5064 ad
2378 5026 2437 5064 ea
2474 5026 2593 5079 quae
2629 5010 2886 5079 deinceps
2932 5021 3250 5076 sequuntur.

1930 5107 2065 5162 XLI.
2102 5106 2234 5160 Cum
2283 5110 2465 5157 autem
2522 5103 2577 5157 in
2637 5104 2823 5158 orbem
2878 5102 3125 5155 sanctum
3192 5102 3423 5172 Virginis

1858 5214 2055 5269 corpus
2114 5196 2603 5250 circumdedissent
2660 5195 3027 5262 apostolorum
3103 5192 3320 5253 chorus,
3367 5203 3423 5245 ct

1860 5287 2117 5359 quidquid
2148 5295 2265 5339 erat
2294 5286 2526 5340 electum
2582 5301 2649 5340 ex
2713 5285 2842 5338 viris
2891 5294 2946 5338 et
2988 5283 3326 5346 mulieribus,
3366 5292 3421 5336 ct

1862 5383 2076 5454 hymnis
2100 5379 2462 5437 honorabant,
2484 5379 2574 5446 qui
2604 5378 2732 5431 illud
2757 5379 3118 5439 deducebant,
3148 5380 3203 5428 et
3240 5376 3423 5427 omnia

1859 5471 2100 5528 membra
2138 5480 2449 5526 reverenter
2470 5469 2627 5523 simul
2659 5478 2712 5522 et
2736 5478 2981 5522 amanter
3022 5467 3432 5537 amplecteban-

1864 5573 2094 5629 tur,non
2116 5560 2291 5615 solum
2316 5561 2834 5616 suumostendentes
2861 5559 3207 5625 desiderium,
3233 5561 3324 5616 sed
3340 5557 3425 5615 vel
