4158 6468
738 434 837 492 559

1984 416 2267 477 MENSIS
2311 418 2351 471 Α
2368 413 2739 476 UGUSTUS.

3876 406 3978 471 560

738 560 800 597 ex
858 553 1000 596 tactu
1068 541 1352 596 credentes
1393 540 1672 609 percipere
1734 537 2040 590 utilitatem.
2111 531 2298 595 Fidem
2337 535 2371 588 Α
2407 533 2579 586 {iterat
2616 533 2931 592 sectionem,
2972 538 3024 584 et
3066 543 3184 598 qua:
3213 534 3500 596 amputatae
3545 522 3781 587 fuerant,
3816 523 3982 589 pani-

741 649 919 690 autem
948 644 1235 688 consecuta
1277 649 1492 702 quoque
1523 639 1605 684 est
1638 644 1861 698 Operum
1887 624 2302 681 demonstratio.

735 726 905 779 Czecis
963 724 1102 778 oeuli
1138 723 1609 780 illurninabantur,
1659 719 1838 774 surdis
1886 732 2044 770 aures
2092 715 2302 780 aperie-

738 819 953 876 bantur,
1003 813 1210 867 claudis
1253 814 1412 866 bases
1461 811 1659 879 pedum
1711 806 2199 862 conﬁrmabantur,
2253 812 2307 854 et

733 908 1011 976 quodlibet
1063 908 1374 960 morborum
1410 913 1463 958 et
1507 901 1886 972 aegritudinum
1939 912 2112 967 genus
2153 895 2307 948 facile

731 1001 1143 1055 dissolvebatur.
1183 999 1292 1052 Cur
1317 1012 1422 1050 non
1451 996 1573 1050 dico
1629 1007 1750 1062 quae
1789 1000 1916 1045 sunt
1947 988 2308 1058 pet'iectioIa?

730 1093 839 1146 Aer
888 1091 1106 1160 quidem
1149 1099 1202 1144 et
1233 1089 1428 1143 ccelum
1470 1100 1698 1140 ascensu
1746 1083 1970 1152 spiritus
2009 1079 2309 1134 sanctiﬁca‘

737 1182 939 1234 batur:
999 1190 1138 1234 terra
1200 1187 1381 1232 autem
1451 1176 1695 1230 similiter
1768 1172 2112 1242 depositione
2170 1172 2308 1224 sacri

732 1274 992 1340 corporis.
1045 1271 1312 1325 Caeterum
1358 1285 1455 1323 nec
1497 1283 1646 1336 aquae
1679 1267 1897 1337 quidem
1960 1268 2146 1318 natura
2194 1271 2310 1316 erat

733 1380 929 1433 expers
994 1362 1385 1417 benedictionis
1441 1361 1586 1413 :sed
1641 1359 1756 1426 ipsa
1814 1371 2028 1432 quoque
2094 1355 2309 1407 lavacro

736 1455 1013 1522 purissimi
1071 1455 1312 1524 corporis
1363 1454 1464 1505 l'uit
1509 1451 1781 1520 particeps
1841 1446 2309 1501 sanctiﬁcationis.

734 1545 918 1614 Neque
1007 1549 1151 1599 enim
1220 1545 1350 1597 illud
1409 1543 1641 1595 habebat
1702 1555 1837 1609 Opus
1900 1537 2312 1609 purgationibus

735 1638 895 1704 (quis
969 1637 1115 1689 enim
1167 1637 1268 1689 hoc
1338 1635 1562 1696 diceret,
1625 1633 1727 1686 nisi
1778 1640 1972 1684 emota:
2040 1627 2307 1691 mentis?)

734 1730 827 1785 sed
886 1747 982 1787 suo
1048 1739 1298 1782 contactu
1369 1728 1550 1797 potius
1612 1724 1987 1779 sanctiticabat
2041 1724 2113 1784 id,
2169 1721 2312 1789 quod

734 1820 1119 1886 attingebatur.
1159 1817 1360 1870 Deinde
1381 1815 1553 1884 quid?
1584 1812 1794 1866 Mundis
1811 1811 2127 1865 sindonibus
2151 1827 2311 1863 mun-

2413 625 2513 678 bus
2569 624 2705 676 ulnis
2738 621 3014 690 applicatis
3069 621 3206 688 (hoc
3253 627 3432 672 autem
3463 617 3697 686 jusserat
3726 613 3980 678 Petrus),

2414 717 2591 769 statim
2627 723 2915 768 consecuta
2961 721 3043 766 est
3089 726 3344 764 manuum
3397 709 3625 763 curatio.

2487 806 2673 861 XLlll.
2722 804 2854 858 Hine
2881 804 2946 857 ad
2974 803 3395 856 sac‘ratiSsimam
3435 798 3725 853 abducitur
3753 796 3982 850 Gcthsc—

2414 918 2593 965 mane,
2641 910 2693 954 ct
2730 899 2838 952 illic
2884 896 3287 951 sanctissimum
3337 893 3554 962 quidem
3589 906 3792 960 corpus
3839 905 3987 941 man-

2414 994 2573 1046 datur
2607 992 2918 1060 sepulturae.
2955 987 3153 1054 Quidni
3195 987 3356 1048 enim,
3387 1000 3509 1039 eum
3541 984 3706 1038 etiam
3743 981 3839 1050 qui
3874 991 3987 1035 erat

2416 1083 2575 1145 Deus,
2624 1083 2740 1150 ejus
2783 1081 2969 1143 Filius,
3023 1093 3173 1132 more
3205 1078 3481 1130 hominum
3515 1076 3797 1144 ‘scpclitur
3835 1074 3858 1124 τ
3891 1072 3988 1126 Per

2416 1183 2588 1243 ipsum
2647 1182 2825 1225 autem
2870 1173 2938 1225 ad
2984 1170 3225 1226 cmlestia
3275 1179 3328 1222 et
3377 1169 3556 1222 divina
3598 1166 3987 1220 transmittitur

2415 1263 2783 1318 tabernacula.
2845 1261 2996 1326 Quod
3058 1261 3288 1314 dicimus
3355 1257 3637 1312 conﬁrmat
3710 1255 3989 1310 Juvenalis

2414 1357 2626 1409 divinus
2691 1355 3184 1424 Hierosolymarum
3249 1354 3553 1420 episcopus.
3623 1351 3749 1403 Fuit
3809 1360 3989 1403 autem

2415 1450 2503 1507 hic
2551 1449 2628 1500 vir
2659 1457 2901 1506 sanctus,
2941 1456 2993 1498 et
3029 1463 3055 1498 a
3100 1448 3208 1498 Deo
3255 1445 3568 1513 inspiratus,
3611 1444 3700 1511 qui
3749 1443 3822 1496 ab
3854 1445 3989 1495 anti-

2413 1555 2518 1608 qua
2555 1549 2609 1591 et
2647 1554 2769 1590 vera
2821 1537 3108 1590 traditione
3163 1538 3532 1588 narrationem
3583 1535 3778 1587 dicens
3833 1535 3899 1587 ad
3934 1551 3990 1589 se

2415 1633 2490 1686 sic
2533 1631 2697 1684 fuisse
2732 1630 3043 1699 dedoctam,
3083 1628 3151 1680 ait
3189 1644 3200 1678 :
3239 1625 3392 1690 Quod
3425 1636 3532 1678 tres
3581 1635 3723 1678 rotas
3763 1625 3883 1679 dies
3926 1627 3988 1678 ad

2417 1725 2723 1794 scpuli-rum
2791 1723 2959 1776 sancti
3013 1729 3428 1790 permanserunt
3478 1719 3729 1786 apostoli,
3782 1720 3992 1772 divinas

2420 1816 2738 1880 bymnodias
2780 1833 2842 1869 ex
2877 1815 2982 1868 aito
3018 1813 3322 1867 audientes.
3374 1812 3573 1865 Deinde
3617 1821 3735 1880 post
3772 1812 3990 1866 tertium

733 1911 860 1964 dum
906 1925 1103 1977 COI‘PUS
1149 1908 1471 1969 ίίινοίυιωιιι
1525 1921 1714 1960 l‘Ul‘SllS
1773 1907 1825 1958 ίιι
1879 1906 2018 1958 lCClO
2073 1904 2311 1974 DOtIilUF-
2347 1879 2391 1938 Β
2423 1911 2585 1974 diem,
2627 1925 2749 1962 cum
2795 1925 2934 1962 unus
2981 1925 3048 1960 ex
3101 1907 3359 1975 apostolis
3401 1906 3605 1959 tardius
3659 1905 3902 1959 venisset
3929 1904 3991 1958 ad

737 2003 939 2056 Deinde
991 2015 1114 2056 cum
1169 1999 1406 2055 lucernis
1451 2009 1503 2053 et
1542 1998 1855 2069 unguentis.
1890 1995 2315 2065 intelligentihns

735 2093 950 2161 quidem
1015 2094 1246 2160 desuper
1291 2091 1640 2147 laudantibus
1679 2087 1989 2148 virtutibus,
2061 2085 2316 2152 apostolis

735 2194 914 2237 autem
962 2191 1016 2237 et
1061 2183 1258 2236 divinis
1315 2182 1564 2236 Pati-ibus
1615 2179 1724 2233 Deo
1765 2179 1923 2248 digna
1975 2178 2183 2231 cantica
2229 2191 2316 2229 ca-

737 2275 992 2328 nentibus
1047 2274 1234 2326 divina
1292 2289 1414 2326 arca
1473 2287 1537 2325 ex
1590 2270 1718 2323 Sion
1787 2279 1937 2322 vecta
2007 2267 2316 2335 apostolicis

740 2366 992 2418 manibus
1027 2373 1081 2418 et
1115 2364 1380 2422 humeris,
1431 2364 1496 2415 ad
1528 2362 1898 2414 Gethsemane
1928 2377 2141 2414 sacrum
2177 2375 2313 2427 prac-

737 2459 885 2510 dium
947 2466 1287 2524 exportatur,
1335 2454 1561 2524 angelis,
1611 2462 1670 2505 ut
1712 2463 1794 2505 est
1850 2459 2309 2512 consentaneum,

741 2549 1219 2618 prrecuirentibus,
1288 2545 1874 2610 circumcursantibus,
1938 2543 2312 2616 sequentibus,

741 2643 997 2711 angelicis
1069 2643 1258 2710 pennis
1317 2641 1790 2703 adumbrantibus,
1842 2639 2021 2708 longe,
2068 2639 2311 2709 inquam,

741 2734 1111 2802 Splendidiore
1179 2742 1230 2785 et
1302 2731 1693 2786 venerabiliore
1753 2731 1894 2784 facta
1964 2728 2312 2787 deductione,

741 2836 902 2888 quam
971 2830 1193 2889 propter
1248 2819 1658 2872 translationem
1718 2819 1916 2869 veteris
1975 2815 2118 2868 illius
2179 2828 2316 2865 arcae

742 2900 1048 2966 testamenti
1109 2911 1342 2973 Domini,
1370 2920 1427 2963 ut
1473 2924 1620 2963 sacra
1673 2916 1894 2960 narrant
1938 2906 2160 2974 Eloquia
2188 2906 2252 2960 τί.

816 3005 972 3059 XLII.
1014 3005 1223 3058 Accidit
1260 3005 1385 3056 huic.
1434 3002 1674 3071 pulchrae
1715 3011 1766 3054 et
1803 2999 1997 3054 divinze
2048 2999 2119 3051 rei
2157 3013 2315 3068 grave

743 3098 959 3165 quidem
998 3096 1124 3164 quid
1161 3106 1214 3148 et
1257 3095 1529 3159 odiosum,
1561 3109 1667 3146 non
1721 3103 1899 3144 tamen
1949 3090 2187 3148 silentio,
2223 3088 2315 3140 sed

2425 2002 2732 2068 exsequias,
2773 2001 2854 2053 vel
2890 2000 3034 2066 quod
3090 1999 3162 2052 ita
3213 1997 3546 2064 contigisset,
3584 1997 3666 2049 vel
3717 1997 3864 2066 quod
3916 1998 3996 2050 di-

2421 2094 2604 2146 vinum
2665 2093 2734 2146 ita
2795 2091 3120 2159 providisset
3176 2090 3486 2151 consilium,
3545 2096 3601 2141 ut
3651 2100 3781 2142 nota
3854 2098 3994 2143 esset

2419 2188 2671 2240 omnibus
2731 2185 3012 2239 translatio
3062 2181 3418 2244 admirabilis,
3457 2191 3584 2234 tunc
3633 2193 3688 2236 et
3723 2181 3843 2249 ipse
3873 2184 3992 2250 qui-

2418 2278 2540 2329 dem
2596 2277 2846 2335 accessit,
2898 2285 2970 2338 ct,
3005 2284 3061 2328 ut
3111 2283 3192 2328 est
3231 2283 3680 2337 consentaneum,
3740 2289 3993 2344 magnum

2421 2385 2483 2420 ex
2515 2384 2580 2421 eo
2630 2367 2774 2435 cepit
2816 2368 3083 2429 dolorem,
3141 2367 3287 2434 quod
3344 2367 3477 2418 tanti
3533 2369 3658 2420 boni
3704 2368 3996 2420 mansisset

2418 2475 2630 2528 expers,
2663 2459 2823 2527 idque
2854 2459 3078 2512 omnino
3129 2459 3358 2511 tolerare
3390 2473 3498 2510 non
3551 2468 3786 2525 poterat.
3835 2458 3996 2515 Sacer

2418 2553 2597 2621 itaque
2637 2553 2770 2605 ordo
2811 2551 3173 2620 apostolorum
3209 2567 3314 2603 non
3340 2549 3543 2618 justum
3574 2565 3696 2604 esse
3720 2552 3997 2619 judicans.

2420 2653 2478 2696 ut
2525 2643 2639 2711 ipse
2670 2658 2888 2710 quoque
2930 2641 3203 2697 viviﬁcum
3241 2641 3368 2694 illud
3401 2657 3596 2710 corpus
3637 2658 3741 2694 non
3787 2643 4000 2697 videret

2418 2745 2470 2788 ct
2505 2734 2943 2802 amplecteretur,
2995 2733 3151 2799 jubet
3185 2734 3368 2785 statim
3409 2732 3606 2801 aperiri
3659 2735 3994 2800 sepulcrum.

2420 2828 2485 2881 Et
2532 2827 2660 2882 illud
2710 2827 2926 2896 quidem
2973 2827 3076 2880 fuit
3130 2836 3415 2895 apertum;
3474 2827 3763 2880 thesaurus
3818 2837 3992 2880 autem

2419 2935 2757 2988 nequaquam
2815 2929 2932 2972 crat
2977 2918 3030 2972 in
3094 2935 3156 2972 eo
3197 2937 3209 2970 :
3251 2920 3344 2972 sed
3399 2920 3525 2972 sol.e
3586 2929 3744 2970 erant
3797 2929 3997 2979 vestes,

2422 3013 2472 3063 in
2525 3012 2720 3079 quibus
2753 3011 2925 3063 fuerat
2955 3013 3226 3069 conditus.
3253 3014 3525 3078 quomodo
3567 3015 3729 3072 etiam
3777 3013 3830 3063 in
3885 3015 3998 3082 ejus

2423 3101 2537 3155 Filii
2575 3101 2990 3155 resurrectione.
3023 3101 3169 3167 Quas
3220 3117 3342 3153 cum
3421 3101 3533 3168 ipse
3589 3113 3736 3154 esset
3800 3101 4003 3168 ample-

747 3193 1016 3245 memoria:
1088 3192 1403 3243 mandatum
1469 3199 1522 3241 et
1573 3190 1637 3240 ad
1701 3187 1920 3255 gloriam
1984 3186 2200 3253 quidem
2267 3194 2319 3236 et

2426 3209 2563 3254 xus,
2620 3203 2671 3246 et
2714 3196 2804 3260 qui
2861 3209 2982 3245 cum
3051 3209 3116 3246 r-o
3164 3194 3409 3252 aderant.
3475 3202 3528 3247 et
3587 3194 3778 3257 repleti
3821 3206 4000 3247 essent

747 3285 957 3338 laudem
994 3284 1224 3352 piorum,
1257 3283 1492 3336 dedecus
1553 3291 1732 3334 autem
1786 3277 2176 3346 improborum,
2231 3277 2318 3342 qui

745 3373 1078 3427 infidelitatis
1131 3375 1328 3428 malum
1393 3387 1607 3441 semper
1675 3379 1970 3423 sectantur.
2028 3369 2323 3423 Cum'hoc

746 3483 959 3521 sacrum
1021 3476 1074 3522 et
1142 3467 1478 3536 impollutam
1554 3479 1751 3530 corpus
1832 3461 1885 3511 in
1962 3460 2323 3512 Gethsemane

743 3557 1044 3621 etierretur,
1089 3557 1178 3610 ubi
1215 3556 1465 3624 sepulcro
1499 3553 1635 3605 tradi
1679 3552 1906 3619 Deipara
1956 3551 2068 3616 ipsa
2117 3563 2324 3616 praece-

746 3659 916 3717 perat,
951 3649 1169 3711 Judteis,
1207 3648 1299 3718 qui
1332 3663 1546 3715 semper
1597 3644 1818 3699 fuerunt
1861 3643 2052 3711 repleti
2091 3642 2315 3703 invidia,

744 3757 810 3794 ne
843 3742 894 3794 in
940 3741 1041 3794 hoc
1075 3740 1293 3809 quidem
1343 3736 1617 3792 succurrit
1672 3745 1873 3794 tacere,
1910 3735 2003 3786 sed
2055 3733 2120 3784 ad
2183 3733 2320 3798 ejus,

743 3831 886 3897 quod
923 3830 1102 3895 (lebat,
1137 3829 1485 3899 splendorem
1533 3825 1786 3880 claudere
1821 3825 2027 3889 oculos,
2061 3833 2114 3878 et
2147 3824 2210 3876 ad
2244 3823 2321 3876 eis

747 3921 992 3972 innatum
1047 3929 1252 3973 motum
1304 3919 1468 3971 animi
1514 3931 1820 3986 erumpere.
1865 3916 1965 3981 Qui
2025 3923 2142 3969 erat
2195 3915 2324 3984 ergo

749 4010 868 4064 aliis
895 4010 1136 4064 insanior
1169 4019 1224 4062 et
1277 4007 1663 4077 inipudentior,
1700 4007 1743 4058 is
1789 4021 1909 4058 cum
1952 4007 2323 4060 venerandum

747 4111 1058 4168 portaretur
1116 4100 1424 4168 grabatum,
1461 4097 1514 4149 in
1553 4097 1604 4150 id
1639 4095 1795 4149 irruit
1847 4096 2038 4164 plenus
2085 4097 2325 4149 incensio

744 4193 930 4248 derato
961 4193 1164 4262 impetu
1209 4203 1263 4246 et
1299 4191 1501 4244 furore.
1554 4189 1681 4259 Ejus
1721 4198 1903 4242 autem
1950 4205 2148 4259 seopus
2185 4197 2322 4250 erat,

749 4289 894 4339 hunc
953 4303 1166 4340 sacrum
1223 4286 1424 4338 lectum
1464 4287 1517 4335 in
1565 4293 1762 4336 terram
1820 4283 2062 4347 aliidere,
2113 4292 2166 4335 et
2229 4283 2322 4336 tali

747 4373 959 4432 adicere
1017 4377 1235 4445 injuria,
1280 4374 1460 4444 utqui
1519 4381 1661 4426 esset
1701 4374 1782 4425 vir
1840 4373 2032 4442 insigni
2079 4373 2325 4429 audacia.

749 4467 866 4521 Non
914 4469 1148 4538 neglexit
1193 4478 1376 4521 autem
1440 4465 1619 4520 divina
1671 4465 1884 4534 justitia
1930 4482 1946 4520 :
1986 4465 2080 4519 sed
2136 4482 2326 4519 manus

747 4576 868 4628 qua:
912 4537 1193 4630 grabatum
1233 4556 1725 4626 apprehenderant,
1774 4574 1837 4611 ex
1880 4557 2020 4611 ulnis
2074 4557 2324 4625 protinus
2361 4537 2401 4588 θ

749 4653 969 4705 fuerunt
1023 4651 1304 4706 abscissae.
1365 4649 1566 4703 Verum
1628 4663 1745 4716 qua:
1788 4649 1840 4700 in
1897 4656 2051 4718 partu
2127 4649 2323 4718 gaudio

750 4751 920 4797 totum
956 4743 1142 4794 orbem
1194 4751 1462 4794 terrarum
1515 4739 1837 4808 repleverat,
1893 4755 2002 4792 non
2059 4750 2173 4792 erat
2231 4740 2322 4793 ulli

749 4835 972 4887 omnino
1002 4834 1055 4886 in
1104 4843 1280 4886 morte
1334 4833 1512 4886 futura
1546 4848 1708 4886 causa
1763 4831 2042 4884 molestiae.
2079 4832 2322 4899 Cumque

750 4927 839 4992 qui
879 4941 1069 4993 passus
1128 4926 1326 4984 iuerat,
1394 4933 1537 4975 esset
1599 4923 1818 4991 quidem
1871 4921 2168 4991 improbus.
2218 4937 2324 4974 non

754 5029 931 5067 tamen
978 5017 1199 5067 omnino
1236 5015 1352 5082 ejus
1403 5012 1725 5082 improbitas
1786 5013 2061 5066 videretur
2113 5013 2328 5066 insana-

756 5101 896 5160 bilis,
947 5117 1008 5153 ex
1046 5103 1132 5156 bis
1181 5119 1298 5170 quze
1344 5112 1456 5156 erat
1492 5117 1700 5169 passus,
1727 5101 1931 5168 justam
1982 5118 2168 5153 eorum
2208 5115 2327 5169 quae

755 5194 896 5247 male
964 5204 1228 5254 senserat,
1293 5194 1446 5261 petiit
1511 5193 1907 5259 paenitentiam.
1973 5191 2036 5244 Et
2071 5194 2324 5256 quoniam

756 5282 973 5335 carebat
1030 5280 1299 5342 manibus,
1360 5296 1462 5334 nec
1506 5296 1596 5332 eas
1643 5289 1852 5346 poterat
1897 5280 1958 5331 ad
2004 5296 2191 5348 preces
2235 5298 2327 5334 ex-

761 5373 998 5431 tendere.
1056 5372 1254 5426 emittit
1303 5372 1564 5440 lacrymas
1608 5387 1674 5422 ex
1723 5372 1912 5433 oculis,
1964 5382 2016 5424 et
2064 5373 2140 5424 sic
2201 5371 2330 5439 petit

758 5460 1114 5515 curationem.
1168 5458 1515 5526 Disciplinam
1582 5471 1786 5521 autem,
1849 5460 1988 5522 \ide,
2061 5461 2220 5512 simul
2277 5469 2329 5512 et

759 5553 1197 5604 medicationem.
1243 5550 1433 5603 Statim
1484 5547 1626 5603 enim
1664 5553 1696 5602 ii
1733 5550 1970 5618 quidem,
2007 5553 2094 5618 qui
2132 5553 2328 5605 lectum

760 5641 1027 5707 ferebant,
1070 5643 1471 5705 constiterunt;
1502 5643 1709 5694 accedit
1753 5657 1880 5691 vero
1917 5642 1958 5692 is
2004 5644 2092 5709 qui
2140 5651 2331 5711 pasSus

833 5824 871 5854 ”
904 5823 942 5877 ll
981 5822 1111 5888 Reg.
1146 5816 1261 5883 vi,i
1300 5831 1425 5884 seqq
1478 5831 1491 5880 ;
1532 5814 1592 5868 lll
1626 5815 1750 5887 Reg.
1782 5831 1890 5880 vni,
1923 5816 1951 5867 4
1985 5831 2137 5884 seqq.

2426 3288 2786 3355 inexplicabili
2819 3288 2982 3340 odore
3030 3299 3080 3339 et
3118 3290 3311 3354 gratia.
3360 3303 3549 3338 rursus
3589 3289 3809 3350 quidem
3854 3291 3998 3340 clau-

2425 3379 2559 3430 dunt
2609 3379 2938 3444 sepulcrum.
2977 3377 3292 3428 Miracnlum
3344 3387 3523 3428 autem
3584 3380 3821 3443 posteris
3868 3377 4003 3430 ﬁlius

2426 3488 2453 3523 a
2495 3482 2646 3538 patre
2699 3470 2974 3537 aet-ipiens
3027 3469 3288 3538 deinceps
3337 3470 3534 3532 tradit;
3583 3479 3746 3536 atque
3810 3470 4002 3522 vivilici

2426 3561 2644 3630 quidem
2703 3559 2946 3628 corporis
3009 3560 3208 3612 divina:
3267 3559 3557 3628 sepulturze
3609 3560 3679 3612 ita
3735 3575 3796 3613 se
3845 3559 4002 3614 habet

2427 3651 2688 3704 narratio.
2724 3650 3002 3719 Siquidem
3037 3651 3179 3718 quod
3213 3668 3278 3702 ex
3315 3667 3378 3703 ea
3419 3661 3603 3703 natum
3651 3659 3790 3711 erat,
3842 3658 4001 3704 totum

2428 3756 2544 3794 eam
2601 3741 2835 3795 Verbum
2867 3743 2930 3794 ad
2969 3757 3025 3794 se
3062 3743 3359 3800 transtulit,
3409 3751 3460 3793 et
3499 3741 3661 3792 voluit
3697 3758 3818 3791 eam
3867 3741 4002 3808 apud

2429 3849 2484 3887 se
2513 3843 2567 3887 et
2602 3849 2741 3894 esse,
2781 3843 2834 3886 et
2872 3841 3133 3901 perpetuo
3173 3833 3336 3886 simul
3371 3833 3575 3885 vivere.
3613 3831 3820 3885 Verum
3857 3833 3998 3884 enim

2427 3940 2556 3979 vero
2618 3939 2714 3994 pro
2766 3923 2883 3990 ejus
2939 3923 3222 3992 impolluto
3273 3937 3498 3990 corpore
3566 3938 3719 3976 suam
3776 3935 4002 3984 vestem,

2430 4014 2556 4068 boni
2629 4015 2797 4067 nostri
2870 4029 3117 4081 magnam
3171 4029 3390 4079 semper
3445 4013 3651 4067 ducens
3715 4013 4003 4073 rationem,

2428 4109 2592 4162 veluti
2652 4107 2940 4176 quamdam
2989 4106 3081 4159 dat
3131 4105 3261 4159 huic
3335 4105 3538 4158 civitati
3608 4105 4003 4159 hzereditatem.

2430 4197 2890 4260 Quemadmodum
2956 4205 3138 4249 autent
3191 4197 3294 4248 hoc
3365 4197 3567 4249 iactum
3617 4196 3709 4255 sit.
3756 4206 3815 4250 et
3875 4213 4003 4265 quo-

2433 4286 2590 4338 modo
2652 4286 2871 4338 beatum
2943 4285 3072 4336 illud
3145 4286 3352 4336 donum
3405 4284 3469 4336 ad
3520 4299 3622 4337 nos
3676 4285 3915 4345 venerit,
3957 4294 4005 4338 et

2431 4385 2781 4432 sacrosancto
2828 4375 2929 4429 hoc
2972 4375 3234 4429 thesauro
3278 4375 3443 4430 ditata
3497 4377 3567 4430 sit
3620 4375 4005 4431 Constantino-

2432 4473 2587 4538 polis,
2633 4472 2742 4537 jam
2797 4469 3091 4524 declarabit
3127 4471 3329 4524 oratio.

2503 4561 2687 4616 XLIV.
2748 4562 2854 4613 Leo
2885 4561 2974 4614 ille
3025 4576 3275 4627 magnus,
3316 4562 3405 4629 qui
3443 4561 3531 4616 illo
3565 4570 3814 4630 tempore
3865 4562 4002 4630 opti-

2433 4665 2518 4703 me
2548 4649 2916 4701 Romanorum
2950 4647 3362 4701 administrabat
3395 4648 3704 4716 imperium,
3734 4649 3879 4705 duos
3908 4651 4003 4703 sub

2433 4758 2489 4795 se
2536 4741 2784 4803 habebat,
2818 4741 2910 4808 qui
2962 4756 3147 4794 curam
3215 4741 3474 4807 gerebant
3519 4739 3794 4790 exercitus
3829 4755 3843 4789 τ
3874 4755 4002 4806 quo-

2434 4849 2550 4882 rutn
2588 4831 2678 4883 uni
2711 4830 2930 4897 quidem
2967 4838 3083 4881 erat
3115 4843 3311 4880 nomen
3342 4825 3583 4891 Galbius,
3615 4826 3772 4883 alteri
3825 4836 4000 4882 autem

2435 4922 2732 4982 Candidus,
2795 4920 2992 4974 fratres
3048 4936 3263 4988 genere,
3313 4920 3506 4974 fratres
3565 4921 3791 4982 virtute,
3854 4931 4003 4974 etut

2436 5015 2605 5069 semel
2652 5015 2848 5070 dicam.
2887 5013 2940 5066 in
2995 5013 3208 5067 castoris
3254 5011 3473 5079 quidem
3541 5011 3697 5064 valde
3763 5013 4002 5082 insignes

2435 5117 2488 5160 et
2530 5107 2714 5176 paucis
2758 5105 2965 5159 similes
3011 5122 3024 5158 :
3072 5105 3166 5158 sed
3222 5118 3390 5156 unum
3453 5104 3532 5156 eis
3579 5103 3789 5168 deerat,
3850 5106 4002 5172 idque

2437 5197 2750 5250 maximum.
2811 5193 3089 5262 Siquidem
3144 5209 3252 5248 non
3289 5201 3490 5248 rectam
3559 5194 3764 5248 habere
3825 5194 4001 5259 ﬁdem,

2435 5299 2517 5341 est
2575 5288 2822 5341 laborare
2879 5286 2930 5337 in
2999 5285 3162 5340 rebus
3239 5285 3489 5340 maximis
3553 5295 3611 5337 et
3684 5286 3998 5355 praecipuis;

2434 5367 2644 5430 Ariana:
2693 5375 2833 5427 enim
2871 5378 3038 5443 pestis
3071 5385 3228 5431 erant
3277 5365 3587 5443 participes,
3639 5388 3766 5429 cum
3819 5393 3886 5432 ex
3917 5393 4002 5446 pa-

2435 5476 2586 5520 terna
2630 5468 2766 5520 forte
2807 5467 3092 5520 traditione
3131 5465 3330 5517 malum
3379 5465 3499 5527 hoc,
3553 5471 3816 5534 tanquam
3857 5481 3995 5534 qua:-

2433 5558 2553 5611 dam
2613 5558 2898 5613 limreditas
2949 5559 3014 5610 ad
3057 5571 3150 5610 eos
3194 5557 3447 5609 venisset.
3488 5556 3822 5612 Dicebantur
3865 5558 3997 5611 enim

2436 5646 2600 5704 fuisse
2655 5648 2886 5720 proximi
2945 5661 3144 5716 genere
3195 5647 3495 5702 Ardaburio
3547 5657 3598 5702 et
3654 5646 3873 5718 Aspari,
3914 5644 3994 5715 qui
