4158 6536
162 489 255 556 561
1224 494 1517 556 ORATIO
1559 494 1657 554 DE
1698 492 1985 553 SANCTA
2029 488 2302 551 MARIA.

3283 475 3393 537 562

164 606 266 657 illis
330 606 668 674 temporibus
716 606 770 659 in
826 606 971 677 regia
1024 606 1307 663 obtinuere
1348 607 1684 679 tyrannidem
1722 624 1734 659 :
1773 617 1811 668 Α
1846 611 2063 677 propter
2101 604 2153 657 id
2201 603 2399 665 solum,
2448 599 2590 669 quod
2635 597 2689 653 in
2725 610 2788 652 ea
2826 594 3045 657 latebat,
3080 591 3275 647 domus
3313 591 3411 645 ad-

162 711 295 763 quos
362 710 484 750 cum
534 697 664 750 Ario
720 698 981 762 sensisse,
1032 706 1218 767 aperte
1275 698 1450 769 arguit
1511 699 1731 753 veritas.

169 785 359 839 Verum
436 787 581 840 enim
657 803 787 842 vero
843 787 1090 842 Galbiutn
1149 798 1203 843 et
1251 788 1579 852 Candidum,
1642 788 1733 857 qui

164 875 365 945 alioqui
416 892 475 930 se
527 888 671 931 recte
723 879 1000 947 gerebant,
1036 887 1091 933 et
1125 878 1235 933 Deo
1283 879 1589 947 placebant,
1626 896 1734 933 non

166 966 291 1019 sivit
347 966 531 1020 divina
595 968 766 1036 gratia
829 984 932 1022 non
989 984 1109 1022 esse
1176 968 1508 1023 illuminatos
1558 969 1610 1023 in
1673 986 1738 1025 eo

167 1054 308 1123 quod
362 1064 448 1110 est
512 1058 840 1126 praecipuum
902 1059 1088 1112 salutis
1125 1077 1137 1112 :
1176 1060 1270 1113 sed
1310 1075 1405 1114 eos
1448 1060 1516 1114 ab
1555 1074 1738 1114 errore

167 1147 395 1201 traducit
422 1148 490 1202 ad
527 1149 829 1213 veritatem,
860 1151 995 1205 adeo
1023 1161 1335 1205 constanter
1364 1164 1418 1206 et
1448 1153 1729 1220 stabiliter,

171 1243 227 1285 ut
279 1250 387 1288 non
445 1236 618 1289 solum
670 1250 814 1290 recte
846 1252 904 1291 se
941 1238 1221 1306 haberent,
1273 1249 1327 1293 et
1378 1240 1475 1293 tuti
1530 1250 1734 1305 essent,

164 1324 307 1392 quod
372 1326 566 1380 attinet
595 1327 660 1380 ad
694 1328 943 1394 pietatem
984 1350 996 1382 :
1046 1331 1139 1384 sed
1191 1331 1353 1385 etiam
1394 1332 1549 1394 alios,
1601 1350 1739 1403 quos

170 1425 399 1470 nossent
430 1431 537 1469 non
587 1425 737 1476 recto
784 1420 917 1485 pede
960 1420 1162 1490 ingredi
1190 1422 1258 1475 ad
1288 1424 1589 1489 veritatem,
1625 1436 1740 1479 stu-

165 1510 358 1562 derent
398 1523 497 1577 pro
539 1509 743 1565 viribus
775 1510 1008 1574 efﬁcere,
1053 1521 1109 1567 ut
1142 1514 1384 1582 ejusdem
1432 1524 1613 1571 essent
1652 1532 1740 1572 se-

166 1614 289 1652 cum
346 1600 655 1655 sententiae.
692 1602 729 1655 li
765 1617 885 1657 cum
923 1605 1013 1674 pie
1064 1617 1248 1661 essent
1297 1606 1494 1673 aﬂ'ecti,
1545 1625 1741 1680 magno

164 1705 381 1758 quoque
418 1700 470 1746 et
505 1693 721 1749 excelso
771 1696 952 1751 animo
999 1713 1058 1752 se
1103 1699 1309 1755 dedunt
1362 1701 1742 1758 misericordia:

167 1784 493 1837 exercenda:
533 1784 585 1837 in
628 1801 911 1855 pauperes,
950 1796 1009 1842 ut
1033 1789 1123 1858 qui
1160 1794 1561 1863 proagnitione
1593 1795 1740 1849 veri-

170 1871 294 1925 tatis
326 1882 639 1945 satagerent
672 1875 886 1931 Christo
920 1879 1142 1933 reddere
1173 1882 1393 1949 gratias.
1422 1884 1737 1938 Castissima

1846 693 2108 748 mirabilis
2142 710 2155 744 :
2189 691 2387 760 alioqui
2420 694 2600 743 autem
2632 687 2765 741 nihil
2801 684 3029 739 habebat
3087 681 3286 752 magni,
3316 678 3409 733 sed

1844 792 1957 835 erat
1993 782 2153 850 plane
2184 780 2306 835 vilis
2349 786 2403 836 et
2433 778 2662 847 abjecta.
2694 775 2827 831 Cum
2858 790 2948 829 eos
2983 783 3167 828 autem
3198 779 3413 840 tempus

1846 878 2063 928 vocaret
2096 872 2161 926 ad
2195 886 2431 935 cmnam,
2471 869 2560 923 ubi
2600 868 3003 929 accubuissent,
3040 864 3227 918 vident
3272 862 3412 915 inte-

1844 970 1957 1022 rius
1990 968 2147 1022 aliam
2181 965 2560 1022 domunculam
2597 982 2610 1017 :
2641 978 2760 1033 qua:
2790 963 2960 1016 multo
2986 960 3200 1030 quidem
3231 958 3410 1012 lucer-

1845 1074 2037 1113 narum
2068 1056 2269 1112 lumine
2292 1055 2684 1117 illustrabatur,
2718 1052 2898 1107 multis
2922 1068 3048 1105 vero
3073 1048 3339 1106 sumtibus
3360 1055 3411 1099 et

1847 1150 2137 1221 unguentis
2173 1163 2335 1203 suave
2365 1146 2606 1216 spirabat
2640 1162 2655 1199 :
2684 1145 2736 1198 in
2771 1160 2832 1199 ea
2873 1151 3051 1198 autem
3094 1140 3249 1196 sitam
3294 1154 3413 1193 ma-

1847 1258 2007 1313 gnam
2041 1250 2366 1310 aegrotorum
2407 1238 2829 1293 multitudinem.
2887 1236 2965 1289 Ex
3012 1248 3118 1304 quo
3171 1232 3412 1288 divinum

1846 1334 2063 1404 quidem
2094 1313 2367 1403 quippiam
2401 1329 2812 1400 suspicabantur
2846 1342 2966 1381 esse
2996 1338 3052 1380 et
3082 1322 3412 1387 venerabile,

1850 1427 1927 1481 rei
1962 1434 2141 1479 tamen
2172 1424 2452 1478 veritatem
2494 1423 2716 1475 omnino
2754 1418 3058 1488 excogitare
3104 1430 3213 1468 non
3263 1424 3415 1482 pote-

1852 1526 1995 1570 rant.
2048 1515 2277 1570 lnvitant
2308 1515 2491 1578 itaque
2521 1513 2584 1567 ad
2616 1509 2925 1567 convivium
2952 1506 3217 1578 egregiam
3268 1506 3414 1559 illam

1848 1607 2138 1670 aniculam,
2166 1605 2448 1674 cupientes
2486 1618 2553 1656 ex
2595 1617 2660 1657 ea
2688 1599 2886 1670 aliquid
2928 1599 3067 1653 scire
3093 1599 3232 1667 ejus,
3269 1596 3413 1666 quod

1853 1697 2270 1762 desiderabant;
2317 1694 2405 1748 illa
2442 1704 2622 1748 autem
2671 1692 2774 1746 hoc
2835 1690 3142 1751 recusabat,
3186 1703 3417 1743 causans

1849 1789 2180 1861 religionem,
2208 1797 2260 1843 et
2289 1786 2433 1857 quod
2464 1801 2571 1840 non
2604 1783 2686 1837 fas
2715 1784 2784 1838 sit
2815 1783 2886 1849 ei,
2918 1798 3039 1839 cum
3073 1781 3145 1837 sit
3169 1783 3416 1853 Hebraea,

1848 1881 1989 1934 vesci
2019 1896 2141 1935 cum
2171 1878 2517 1934 Christianis.
2553 1875 2635 1930 Illi
2670 1890 2823 1940 vero,
2877 1890 2999 1929 cum
3039 1884 3258 1944 propter
3308 1888 3425 1927 ma-

168 1977 297 2031 crgo
348 1961 516 2018 Mater
566 1965 711 2022 illius
764 1968 943 2036 magni
984 1969 1077 2023 Dei
1109 1978 1164 2024 et
1197 1970 1488 2028 Salvatoris
1549 1979 1741 2043 nostri,

1848 1986 2004 2039 gnam
2033 1971 2177 2025 sitim
2210 1968 2535 2040 cognitionis
2564 1968 2705 2036 ejus,
2739 1965 2880 2031 quod
2904 1974 3021 2019 erat
3051 1964 3414 2033 propositum,

170 2064 578 2108 sacrosanctum
662 2056 993 2123 thesaurum,
1049 2076 1245 2131 nempe
1296 2078 1447 2117 suam
1516 2077 1742 2132 vestem,

170 2143 363 2197 volens
416 2158 527 2197 sine
554 2143 733 2214 largiri
768 2145 993 2211 civitati,
1031 2160 1087 2202 ut
1120 2150 1223 2206 hoc
1254 2152 1362 2215 liat,
1399 2168 1493 2221 per
1521 2156 1744 2210 dilectos

169 2232 291 2286 illos
327 2232 473 2285 viros
523 2232 771 2300 providet
809 2239 1051 2306 quodam
1076 2252 1083 2260 '
1109 2242 1270 2296 modo
1307 2242 1593 2299 diviniore.
1629 2248 1746 2301 Mo-

166 2321 270 2374 dus
303 2330 484 2375 autem
517 2324 587 2377 ita
623 2324 783 2381 habet
812 2345 825 2380 :

239 2410 401 2467 XLV.
437 2412 687 2471 Immittit
735 2420 814 2475 eis
871 2422 1196 2479 desiderium
1252 2429 1511 2488 adorandi
1553 2444 1743 2489 cancta

170 2505 286 2559 loca
326 2520 447 2573 qua:
477 2519 604 2567 sunt
661 2510 1059 2583 Hierosolymis.
1097 2517 1246 2581 Quod
1280 2521 1437 2589 plane
1464 2534 1517 2578 et
1547 2501 1744 2582 abillis

171 2593 375 2648 factum
415 2605 514 2651 est.
548 2600 794 2668 Cumque
826 2600 991 2657 Leoni
1025 2615 1081 2659 et
1114 2607 1324 2664 Verinae
1357 2628 1468 2666 rem
1500 2617 1747 2682 aperuis-

169 2695 313 2753 sent,
350 2689 668 2745 comitatum
714 2708 822 2747 non
873 2696 1125 2767 exiguum
1161 2715 1350 2755 eorum
1402 2703 1745 2764 fatniliarium

169 2790 224 2835 et
257 2779 557 2835 amicorum
602 2800 789 2839 secum
838 2788 1199 2847 adduxerunt.
1236 2794 1370 2849 Cum
1422 2808 1600 2853 autem
1644 2801 1761 2856 iter.

174 2870 407 2941 ingressi
439 2884 640 2939 essent,
674 2886 726 2929 et
752 2876 861 2946 jam
896 2880 1168 2935 venissent
1193 2884 1551 2954 Palaestinam,
1582 2892 1743 2956 viam,

170 2977 292 3030 qua:
326 2963 478 3016 ducit
513 2964 566 3018 in
598 2964 894 3027 Galilaeam.
930 2970 1221 3038 praeferunt
1277 2978 1581 3043 maritimae,
1622 2982 1744 3051 plu-

173 3053 247 3105 ris
292 3052 559 3109 facientes
594 3061 949 3128 contemplari
992 3064 1258 3122 Nazareth
1301 3080 1356 3123 et
1383 3071 1742 3140 Capernanm,

172 3160 339 3214 quam
403 3148 692 3203 maritimis
746 3154 850 3207 frui
902 3140 1373 3217 delectationibus.
1425 3165 1499 3217 Ex
1551 3168 1749 3235 quibus

1849 2062 1979 2116 nihil
2031 2061 2098 2116 de
2164 2075 2435 2130 propenso
2484 2074 2583 2113 suo
2646 2057 2825 2113 studio
2880 2058 3238 2117 remitterent,
3297 2068 3417 2108 eam

1847 2156 2027 2211 adhuc
2088 2154 2319 2208 invitant
2388 2152 2688 2214 ardentius,
2728 2162 2782 2204 et
2834 2150 2979 2203 illius
3024 2165 3129 2202 non
3188 2149 3412 2217 parendi

1846 2246 2155 2315 pertinacia:
2195 2243 2456 2314 objiciunt
2489 2241 2635 2296 aliud
2667 2241 2921 2295 validius:
2957 2238 3119 2304 Quid,
3149 2240 3415 2302 dicentes,

1846 2339 2048 2398 obstat.
2098 2338 2143 2392 si
2189 2352 2314 2391 cum
2366 2343 2420 2389 to
2476 2334 2752 2404 acceperis
2810 2332 2980 2392 cibos.
3050 2330 3247 2398 quibus
3320 2345 3417 2399 pro

1847 2446 1999 2485 more
2031 2429 2290 2495 vesceris,
2330 2428 2613 2482 nobiseum
2657 2425 2874 2494 quidem
2906 2423 3254 2490 colloquaris,
3301 2423 3411 2476 sola

1846 2534 2025 2578 autem
2059 2521 2165 2575 tuis
2193 2519 2461 2574 alimentis
2509 2516 2719 2572 utaris?
2771 2514 2862 2570 liis
2898 2516 3078 2583 itaque
3112 2523 3262 2584 paret
3299 2530 3418 2567 mu~

1847 2616 1967 2676 lier,
2017 2624 2067 2669 et
2101 2613 2467 2683 congreditur.

1918 2704 2125 2762 XLV“.
2156 2705 2441 2774 Postquam
2481 2714 2661 2757 autem
2694 2702 3078 2765 comedissent,
3118 2702 3258 2772 apud
3297 2717 3415 2756 eam

1852 2796 1947 2851 viri
1998 2796 2073 2850 illi
2111 2796 2364 2864 precibus
2407 2804 2653 2865 egerunt,
2682 2802 2741 2846 ut
2766 2793 2842 2848 eis
2876 2793 2928 2846 id
2959 2792 3260 2863 signiﬁcare
3308 2806 3414 2847 non

1848 2898 2145 2948 recusaret.
2190 2904 2435 2958 quzenam
2478 2896 2661 2941 essent
2707 2902 2768 2940 ea
2819 2902 2936 2955 qua:
2986 2886 3184 2939 fiebant
3228 2885 3279 2938 in
3318 2885 3417 2939 do—

1850 2998 1938 3039 mo
1971 2980 2234 3034 interiori.
2289 2979 2682 3033 Existimabam
2712 2977 2855 3031 enim
2887 2992 3007 3032 csse
3040 2976 3240 3047 aliquid
3271 2977 3415 3048 lega-

1850 3074 1918 3138 le,
1964 3082 2017 3128 et
2066 3088 2130 3128 ex
2174 3071 2554 3127 umbratilibns
2595 3071 2698 3123 illis
2742 3080 2793 3123 et
2831 3070 3121 3123 veteribus.
3181 3068 3274 3122 illa
3315 3084 3414 3122 au-

1852 3175 1957 3219 tem
2009 3178 2070 3217 ea
2127 3162 2345 3234 quidem
2379 3162 2531 3225 dicit,
2570 3178 2688 3231 qua:
2734 3161 2929 3216 fiebant
2962 3177 2974 3214 :
3010 3176 3225 3215 causam
3269 3174 3416 3222 vero,

168 3240 259 3294 illa
322 3240 545 3311 quidem
604 3241 708 3297 fuit
769 3259 980 3299 sacrum
1061 3247 1301 3319 Deipat‘ae
1355 3254 1741 3316 habitaculum.
1774 3296 1815 3352 Ω
1850 3258 2201 3325 quamobrem
2246 3270 2309 3309 ea
2360 3257 2593 3318 tierent,
2644 3252 2868 3308 minime
2937 3254 3292 3323 persuadetur
3358 3260 3417 3307 ut

166 3341 220 3389 et
254 3333 308 3387 in
349 3349 413 3388 ea
444 3336 612 3392 multa
647 3344 886 3405 tempore
919 3338 1049 3396 vidit
1084 3339 1249 3394 Deum
1302 3342 1535 3398 Verbum
1582 3360 1646 3399 ex
1687 3364 1744 3402 se

167 3424 455 3494 genitum;
490 3426 604 3481 iure
668 3438 849 3483 autem
893 3433 1008 3501 ejus
1051 3431 1143 3487 filii
1185 3435 1407 3489 charum
1436 3447 1746 3495 etconsuc-

170 3528 286 3570 tum
318 3518 708 3575 diversorium.
757 3522 891 3577 Cum
944 3524 1030 3579 hic
1066 3542 1193 3597 ergo
1230 3527 1475 3592 fuissent,
1516 3542 1569 3584 ut
1607 3532 1742 3585 dixi-

166 3622 312 3668 mus,
345 3611 603 3676 quoniam
643 3626 748 3663 non
783 3615 1132 3680 permittebat
1166 3629 1376 3688 tempus
1429 3632 1485 3673 ut
1521 3623 1745 3678 ulterius

168 3700 632 3770 progrederemur
665 3701 802 3776 (iam
862 3705 1007 3759 enim
1054 3718 1171 3763 erat
1227 3725 1471 3780 vespera,
1530 3721 1584 3766 et
1637 3731 1744 3768 nox

167 3794 443 3858 obs’cura;
506 3798 780 3864 provisum
848 3807 1029 3850 autem
1086 3798 1307 3853 omnino
1364 3801 1463 3856 hoc
1532 3818 1745 3872 quoque

170 3885 353 3940 fuerat
423 3886 742 3958 divinitus),
776 3889 928 3943 vicus
982 3890 1198 3959 quidem
1251 3908 1344 3945 eos
1420 3894 1744 3963 excipiebat,

170 3976 327 4047 isque
364 3992 578 4046 parvus.
610 3978 668 4031 In
714 3994 779 4033 eo
830 3989 1009 4033 autem
1072 3982 1465 4036 habitabantet
1496 3985 1583 4036 alii
1638 4001 1746 4039 non

169 4068 353 4135 pauci,
388 4076 441 4119 et
471 4068 788 4123 muliercula
839 4084 1053 4138 quoque
1088 4072 1329 4139 quaedam
1373 4072 1597 4142 insignis
1658 4093 1747 4129 ca-

169 4156 378 4221 stitate,
415 4167 467 4210 et
496 4161 655 4228 plane
718 4159 1093 4214 honestissima
1145 4169 1199 4214 et
1254 4163 1683 4221 moderatissima
1731 4183 1744 4218 :

168 4267 291 4323 quae
331 4263 556 4321 prepter
601 4252 930 4322 profundum
969 4253 1186 4322 quidem
1227 4256 1439 4307 senium
1488 4266 1542 4310 et
1582 4273 1748 4313 canos

170 4346 461 4409 honorata,
509 4346 604 4399 sed
662 4355 885 4414 propter
941 4362 1195 4415 magnum
1262 4348 1522 4401 virtutum
1584 4363 1747 4403 Orna-

171 4448 424 4491 mentum
465 4438 622 4507 longe
658 4439 976 4492 honoratior
1025 4448 1163 4493 erat.
1195 4440 1348 4506 Apud
1385 4454 1501 4493 eam
1564 4450 1744 4496 autem

169 4529 362 4591 vestis,
417 4528 634 4580 divinus
696 4526 872 4584 fuerat
930 4529 1018 4579 hie
1069 4529 1353 4585 theSaurus
1403 4532 1733 4585 reconditus.

1850 3346 2079 3414 aperiat.
2142 3346 2345 3399 Videtis
2398 3347 2541 3397 enim
2577 3386 2592 3407 ,
2642 3345 2859 3414 inquit,
2896 3360 2928 3399 ο
2991 3345 3091 3404 viri
3162 3345 3418 3413 dignissi-

1852 3437 1946 3500 mi,
1978 3452 2241 3507 aegrorum
2280 3434 2701 3490 multitudinem.
2754 3436 2962 3490 Etenim
3008 3452 3129 3490 cum
3192 3438 3298 3490 Deo
3343 3438 3412 3490 ita

1854 3532 2117 3595 videatur,
2151 3531 2205 3584 in
2242 3530 2343 3585 hoc
2395 3529 2611 3599 quidem
2653 3528 2771 3583 loco
2815 3528 3087 3587 dzemones
3138 3528 3417 3597 expellun-

1851 3636 1937 3682 tur
1975 3641 1987 3677 :
2021 3623 2176 3676 caecis
2248 3632 2427 3675 autem
2493 3633 2548 3675 ut
2606 3624 2771 3679 libere
2822 3623 3055 3701 videant,
3106 3621 3309 3675 claudis
3360 3630 3423 3675 ut

1849 3716 2149 3778 ambulent,
2185 3714 2362 3770 surdis
2393 3723 2451 3767 ut
2480 3714 2718 3773 audiant,
2747 3723 2801 3767 et
2826 3714 2987 3770 umtis
3020 3724 3074 3767 ut
3103 3715 3414 3783 loquantur,

1855 3801 2085 3856 efﬁcitur
2136 3802 2495 3868 mirabiliter;
2543 3811 2596 3870 et
2639 3802 2723 3855 alii
2781 3801 2978 3868 morbi,
3024 3812 3079 3856 ct
3127 3818 3414 3872 corporum

1851 3892 2234 3951 tatttilatiom's,
2295 3908 2413 3959 quae
2469 3894 2800 3947 medicorum
2857 3895 3064 3949 artibus
3113 3895 3261 3949 nullo
3306 3896 3418 3956 sint

1862 3985 2024 4038 modo
2051 3981 2416 4048 mcdicabiles,
2462 3992 2720 4036 curantur
2760 3983 2933 4040 facile.
2956 3985 3238 4046 llh'autem
3274 3984 3416 4054 (non

1849 4073 1996 4127 enim
2066 4083 2221 4128 erant
2294 4072 2726 4143 imprudentibus
2803 4073 3115 4129 hominibus
3188 4074 3414 4141 similes,

1850 4180 2026 4233 neque
2056 4166 2197 4232 quod
2236 4166 2568 4233 interrogare,
2597 4167 2901 4232 oportebat,
2938 4166 3036 4235 ipsi
3070 4181 3176 4236 pra:
3212 4168 3419 4237 simpli-

1848 4256 2008 4309 citate
2048 4254 2570 4325 prmtermittcbant).
2617 4254 2896 4308 Undenam
2953 4271 3107 4316 vero,
3134 4258 3417 4324 rogabant.

1849 4349 2172 4419 principium
2216 4348 2359 4417 cepit
2415 4348 2565 4402 locus
2606 4347 2727 4401 talia
2766 4347 3063 4417 ope-randi?
3105 4345 3198 4404 ma
3241 4363 3368 4402 vero
3402 4364 3415 4400 ε

1850 4439 2005 4508 Apud
2061 4454 2178 4505 nos,
2225 4439 2420 4508 inquit,
2465 4438 2716 4493 Hebraeos
2748 4456 2775 4492 a
2812 4439 3056 4508 patribus
3088 4440 3276 4493 tradita
3327 4441 3415 4492 ha-

1862 4528 2020 4583 belltr
2071 4529 2328 4589 narratio,
2365 4528 2509 4594 quod
2562 4527 2699 4580 Deus
2752 4528 2803 4580 in
2854 4530 2954 4580 hoc
2997 4528 3113 4582 loco
3161 4530 3305 4584 visus
3347 4531 3417 4584 sit

167 4619 461 4688 Quomodo
508 4635 635 4676 vero
685 4620 876 4676 fuisset
915 4620 999 4673 illa
1049 4630 1209 4674 tanta:
1258 4622 1334 4674 rei
1391 4634 1592 4685 custos,
1645 4626 1747 4677 nisi
1785 4632 1825 4683 ι)
1855 4618 2070 4671 cuidam
2105 4633 2170 4672 ex
2212 4618 2458 4688 patribus
2506 4635 2612 4672 :ex
2649 4634 2755 4689 quo
2788 4619 2985 4673 factum
3039 4629 3140 4684 est,
3196 4629 3253 4674 ut
3297 4622 3415 4677 loco

165 4725 225 4771 et
256 4716 521 4769 virtutum
572 4714 765 4769 fuisset
815 4725 1003 4769 ornata
1035 4713 1459 4783 pulchritudine,
1494 4725 1545 4769 cl
1575 4716 1743 4769 animi

163 4804 448 4875 puritate?
503 4805 819 4871 Quanquam
884 4805 1026 4861 enim
1081 4804 1305 4860 Hebr-ira
1356 4806 1572 4874 quidem
1628 4814 1745 4859 crat

164 4897 259 4950 illa
306 4896 506 4948 mulier
541 4896 659 4962 (est
701 4909 931 4962 namque
981 4895 1152 4947 amica
1191 4896 1430 4961 veritas},
1470 4896 1611 4948 illius
1663 4905 1743 4949 la-

165 5002 295 5041 men
346 4984 586 5038 animam
624 4985 798 5039 locum
845 4982 1096 5049 dixisses,
1126 4986 1215 5053 qui
1248 4997 1332 5043 ρςι
1371 4987 1423 5041 in
1460 4988 1743 5055 praesentia

162 5077 388 5149 quidem
421 5075 708 5138 obscurus,
759 5088 916 5146 aptus
961 5090 1043 5131 est
1081 5086 1261 5131 autem
1305 5077 1373 5131 a'd
1417 5075 1596 5131 lumen
1648 5095 1742 5131 ex-

163 5168 512 5239 cipiendum,
545 5175 598 5220 et
645 5168 798 5221 valde
825 5169 1285 5221 accommodatus.
1333 5166 1581 5223 Divinum
1617 5185 1742 5222 vero

163 5268 285 5314 erat
314 5259 372 5311 in
406 5259 508 5312 hoc
538 5272 752 5327 quoque
800 5267 985 5327 aperte
1034 5261 1337 5323 consilium,
1371 5269 1428 5313 ut
1462 5274 1548 5312 res
1595 5260 1737 5329 apud

161 5367 284 5408 eam
325 5351 614 5412 mulierem
656 5352 955 5417 recondita,
1002 5365 1120 5420 quae
1168 5352 1248 5404 sic
1290 5352 1479 5405 all‘erta
1516 5362 1651 5417 erat,
1686 5360 1743 5405 ut

159 5457 282 5497 eam
342 5440 479 5495 totis
542 5441 749 5497 viribus
788 5444 968 5496 celare
1035 5442 1296 5505 studeret,
1338 5452 1521 5513 postea
1572 5444 1620 5495 in
1659 5444 1741 5495 lu-

158 5548 283 5588 cem
317 5531 556 5603 prolata,
590 5534 849 5603 majorem
886 5532 1044 5588 fidem
1076 5534 1319 5589 haberet.

238 5624 433 5680 XLVI.
490 5623 619 5679 Vide
679 5640 825 5696 ergo,
880 5641 1038 5695 quam
1091 5625 1364 5695 eleganter
1420 5624 1744 5694 processerit

162 5719 420 5774 divinum
470 5715 781 5771 consilium.
849 5717 981 5770 Nam
1049 5718 1189 5787 apud
1248 5731 1365 5770 eam
1437 5716 1739 5781 venientes,

160 5812 523 5881 excipiuulur
566 5808 797 5878 hospitio
846 5808 1067 5863 Galbins
1096 5818 1148 5864 et
1196 5807 1468 5863 Candidus
1524 5808 1739 5877 sapien-

162 5911 270 5969 tes,
323 5915 423 5955 eos
475 5900 551 5956 sic
602 5898 779 5954 divina
834 5900 1131 5956 deducente
1188 5898 1373 5969 gratia.
1434 5898 1551 5951 Erat
1612 5916 1737 5951 ιρι-ε)

1850 4706 1963 4764 hac
1998 4721 2309 4764 Servaretur
2351 4710 2541 4780 gratia.
2581 4710 2702 4764 Haec
2750 4726 2869 4765 cum
2906 4725 2967 4764 ea
3009 4710 3227 4773 diceret,
3262 4711 3331 4764 illi
3362 4713 3412 4765 ci

1847 4800 2008 4852 corde
2058 4799 2280 4853 minime
2330 4799 2773 4853 assentiebantur
2807 4818 2821 4853 :
2860 4800 2954 4853 sed
3004 4801 3281 4856 videbatur
3332 4803 3413 4857 eis

1849 4890 2187 4953 muliercula,
2235 4890 2371 4944 sicut
2415 4905 2501 4943 res
2540 4899 2676 4954 erat,
2717 4890 3074 4960 probabilium
3127 4893 3411 4947 verborum

1847 4983 2070 5052 pulchra
2136 4986 2316 5051 specie
2386 4984 2564 5039 celare
2614 4986 2915 5037 veritatem.
2974 4985 3076 5055 Ipsi
3120 5000 3249 5052 ergo
3292 4999 3412 5040 eam

1845 5075 2059 5143 quidem
2108 5076 2284 5130 adhuc
2333 5079 2591 5145 rogabant
2626 5076 3035 5138 vehementius,
3077 5086 3134 5131 ut
3163 5078 3241 5131 eis
3273 5094 3411 5143 rem,

1847 5176 1904 5219 ut
1936 5181 1994 5219 se
2022 5167 2276 5231 habebat,
2322 5168 2579 5236 aperiret,
2632 5169 2945 5237 respiciens,
2996 5168 3039 5221 si
3074 5168 3204 5219 nihil
3242 5169 3409 5229 aliud,

1845 5256 2083 5312 laborem
2136 5260 2323 5314 saltent
2383 5261 2513 5313 lauti
2566 5260 2795 5324 itineris,
2858 5259 2946 5326 qui
3003 5259 3146 5312 nulla
3197 5260 3299 5312 alia
3343 5264 3411 5315 de

1845 5362 2008 5402 causa
2047 5358 2163 5403 erat
2193 5359 2497 5419 susceptus,
2533 5351 2633 5405 nisi
2668 5360 2724 5404 ut
2756 5352 3000 5405 viderent
3045 5357 3229 5404 sancta
3274 5351 3407 5415 loca,

1844 5451 1897 5495 ct
1927 5440 2178 5496 audirent
2204 5456 2265 5495 ea
2296 5458 2413 5510 qum
2440 5458 2471 5495 a
2508 5444 2608 5511 piis
2636 5452 2689 5496 et
2718 5446 2919 5496 sanctis
2948 5443 3205 5497 dicuntur
3234 5443 3408 5496 homi-

1844 5532 2019 5588 nibus.
2050 5534 2137 5588 llla
2163 5542 2342 5587 autem
2374 5550 2441 5587 ne
2469 5534 2545 5587 sic
2576 5534 2789 5603 quidem
2814 5533 3059 5598 cedebat,
3094 5536 3187 5588 sed
3221 5547 3405 5586 mane-

1845 5624 1954 5691 bat,
2000 5632 2059 5679 ut
2116 5634 2396 5691 statuerat,
2451 5636 2699 5697 apertum
2758 5625 3033 5696 religionis
3092 5626 3406 5686 existimans

1843 5730 1963 5769 esse
2018 5716 2273 5780 dedecus,
2321 5718 2364 5769 si
2402 5720 2702 5787 aperiretur
2752 5718 2971 5781 veritas,
3012 5728 3065 5770 et
3114 5715 3299 5770 dicens
3346 5732 3403 5773 se

1844 5808 1977 5861 nihil
2029 5810 2165 5863 scire
2225 5810 2457 5878 amplius
2521 5827 2681 5880 quam
2731 5810 2873 5880 quod
2917 5812 3062 5863 locus
3110 5808 3185 5862 sit
3218 5810 3405 5876 plenus

1844 5900 2021 5962 divina
2052 5902 2238 5969 gratia.
