  <div class='ocr_page' id='page_1' title='image "/cluster/home/n/w/nwhite01/storage/ocr_20150623/115/uva.x004215515/309.png"; bbox 0 0 4158 6466; ppageno 0'>
   <div class='ocr_carea' id='block_1_1' title="bbox 733 439 839 500">
    <p class='ocr_par' dir='ltr' id='par_1_1' title="bbox 733 439 839 500">
     <span class='ocr_line' id='line_1_1' title="bbox 733 439 839 500; baseline -0.019 0"><span class='ocrx_word' id='word_1_1' title='bbox 733 439 839 500; x_wconf 78' lang='grc'><strong>563</strong></span> 
     </span>
    </p>
   </div>
   <div class='ocr_carea' id='block_1_2' title="bbox 1968 429 2725 495">
    <p class='ocr_par' dir='ltr' id='par_1_2' title="bbox 1968 429 2725 495">
     <span class='ocr_line' id='line_1_2' title="bbox 1968 429 2725 495; baseline 0.005 -4"><span class='ocrx_word' id='word_1_2' title='bbox 1968 430 2254 492; x_wconf 79' lang='lat' dir='ltr'><strong>MENSIS</strong></span> <span class='ocrx_word' id='word_1_3' title='bbox 2294 429 2725 495; x_wconf 86' lang='lat' dir='ltr'><strong>AUGUSTUS.</strong></span> 
     </span>
    </p>
   </div>
   <div class='ocr_carea' id='block_1_3' title="bbox 3870 436 3969 500">
    <p class='ocr_par' dir='ltr' id='par_1_3' title="bbox 3870 436 3969 500">
     <span class='ocr_line' id='line_1_3' title="bbox 3870 436 3969 500; baseline -0.04 0"><span class='ocrx_word' id='word_1_4' title='bbox 3870 436 3969 500; x_wconf 67' lang='grc'><strong>564</strong></span> 
     </span>
    </p>
   </div>
   <div class='ocr_carea' id='block_1_4' title="bbox 803 543 3966 618">
    <p class='ocr_par' dir='ltr' id='par_1_4' title="bbox 803 543 3966 618">
     <span class='ocr_line' id='line_1_4' title="bbox 803 543 3966 618; baseline -0.001 -14"><span class='ocrx_word' id='word_1_5' title='bbox 803 548 1032 604; x_wconf 80' lang='lat' dir='ltr'><strong>XLVIII.</strong></span> <span class='ocrx_word' id='word_1_6' title='bbox 1080 548 1215 601; x_wconf 85' lang='lat' dir='ltr'><strong>Cum</strong></span> <span class='ocrx_word' id='word_1_7' title='bbox 1252 555 1429 601; x_wconf 85' lang='lat' dir='ltr'><strong>autem</strong></span> <span class='ocrx_word' id='word_1_8' title='bbox 1462 545 1539 599; x_wconf 92' lang='lat' dir='ltr'><strong>illi</strong></span> <span class='ocrx_word' id='word_1_9' title='bbox 1576 545 1801 614; x_wconf 82' lang='lat' dir='ltr'><strong>pulchre</strong></span> <span class='ocrx_word' id='word_1_10' title='bbox 1838 543 2135 597; x_wconf 89' lang='lat' dir='ltr'><strong>sensissent</strong></span> <span class='ocrx_word' id='word_1_11' title='bbox 2180 558 2298 596; x_wconf 91' lang='lat' dir='ltr'><strong>eam</strong></span> <span class='ocrx_word' id='word_1_12' title='bbox 2331 545 2378 602; x_wconf 80' lang='grc' dir='ltr'>Α</span> <span class='ocrx_word' id='word_1_13' title='bbox 2407 545 2563 600; x_wconf 91' lang='lat' dir='ltr'><strong>nobis</strong></span> <span class='ocrx_word' id='word_1_14' title='bbox 2593 547 2924 617; x_wconf 70' lang='lat' dir='ltr'><strong>rogantibus.</strong></span> <span class='ocrx_word' id='word_1_15' title='bbox 2977 548 3248 618; x_wconf 79' lang='lat' dir='ltr'><strong>Rogamus</strong></span> <span class='ocrx_word' id='word_1_16' title='bbox 3294 565 3441 616; x_wconf 86' lang='lat' dir='ltr'><strong>vero,</strong></span> <span class='ocrx_word' id='word_1_17' title='bbox 3469 559 3526 604; x_wconf 97' lang='grc' dir='ltr'><strong>ιιι</strong></span> <span class='ocrx_word' id='word_1_18' title='bbox 3558 549 3887 604; x_wconf 84' lang='lat' dir='ltr'><strong>dormiamus</strong></span> <span class='ocrx_word' id='word_1_19' title='bbox 3915 551 3966 602; x_wconf 93' lang='lat' dir='ltr'><strong>in</strong></span> 
     </span>
    </p>
   </div>
   <div class='ocr_carea' id='block_1_5' title="bbox 734 634 2301 711">
    <p class='ocr_par' dir='ltr' id='par_1_5' title="bbox 734 634 2301 711">
     <span class='ocr_line' id='line_1_5' title="bbox 734 634 2301 711; baseline -0.006 -17"><span class='ocrx_word' id='word_1_20' title='bbox 734 643 936 711; x_wconf 86' lang='lat' dir='ltr'><strong>optime</strong></span> <span class='ocrx_word' id='word_1_21' title='bbox 970 639 1189 708; x_wconf 85' lang='lat' dir='ltr'><strong>quidem</strong></span> <span class='ocrx_word' id='word_1_22' title='bbox 1223 639 1380 700; x_wconf 86' lang='lat' dir='ltr'><strong>scire,</strong></span> <span class='ocrx_word' id='word_1_23' title='bbox 1435 638 1608 690; x_wconf 89' lang='lat' dir='ltr'><strong>vitare</strong></span> <span class='ocrx_word' id='word_1_24' title='bbox 1653 644 1830 689; x_wconf 91' lang='lat' dir='ltr'><strong>autem</strong></span> <span class='ocrx_word' id='word_1_25' title='bbox 1867 648 1936 687; x_wconf 86' lang='lat' dir='ltr'><strong>ne</strong></span> <span class='ocrx_word' id='word_1_26' title='bbox 1997 650 2112 687; x_wconf 86' lang='lat' dir='ltr'><strong>earn</strong></span> <span class='ocrx_word' id='word_1_27' title='bbox 2162 634 2301 686; x_wconf 88' lang='lat' dir='ltr'><strong>scire</strong></span> 
     </span>
    </p>
   </div>
   <div class='ocr_carea' id='block_1_6' title="bbox 733 727 2352 798">
    <p class='ocr_par' dir='ltr' id='par_1_6' title="bbox 733 727 2352 798">
     <span class='ocr_line' id='line_1_6' title="bbox 733 727 2352 798; baseline -0.007 -10"><span class='ocrx_word' id='word_1_28' title='bbox 733 743 879 794; x_wconf 74' lang='lat' dir='ltr'><strong>esset</strong></span> <span class='ocrx_word' id='word_1_29' title='bbox 907 742 1173 798; x_wconf 90' lang='lat' dir='ltr'><strong>apertum,</strong></span> <span class='ocrx_word' id='word_1_30' title='bbox 1206 739 1259 783; x_wconf 89' lang='lat' dir='ltr'><strong>et</strong></span> <span class='ocrx_word' id='word_1_31' title='bbox 1292 731 1413 783; x_wconf 89' lang='lat' dir='ltr'><strong>ideo</strong></span> <span class='ocrx_word' id='word_1_32' title='bbox 1447 745 1556 797; x_wconf 78' lang='lat' dir='ltr'><strong>prae</strong></span> <span class='ocrx_word' id='word_1_33' title='bbox 1591 743 1648 782; x_wconf 88' lang='lat' dir='ltr'><strong>se</strong></span> <span class='ocrx_word' id='word_1_34' title='bbox 1678 729 1819 781; x_wconf 85' lang='lat' dir='ltr'><strong>ferre</strong></span> <span class='ocrx_word' id='word_1_35' title='bbox 1881 727 2300 796; x_wconf 71' lang='lat' dir='ltr'><strong>ignorationem,</strong></span> <span class='ocrx_word' id='word_1_36' title='bbox 2350 760 2352 762; x_wconf 57' lang='grc' dir='ltr'><strong><em>τ</em></strong></span> 
     </span>
    </p>
   </div>
   <div class='ocr_carea' id='block_1_7' title="bbox 735 820 2304 889">
    <p class='ocr_par' dir='ltr' id='par_1_7' title="bbox 735 820 2304 889">
     <span class='ocr_line' id='line_1_7' title="bbox 735 820 2304 889; baseline -0.006 -9"><span class='ocrx_word' id='word_1_37' title='bbox 735 827 970 880; x_wconf 81' lang='lat' dir='ltr'><strong>evadunt</strong></span> <span class='ocrx_word' id='word_1_38' title='bbox 1007 825 1275 877; x_wconf 86' lang='lat' dir='ltr'><strong>avidiores</strong></span> <span class='ocrx_word' id='word_1_39' title='bbox 1318 822 1622 875; x_wconf 79' lang='lat' dir='ltr'><strong>inveniendi</strong></span> <span class='ocrx_word' id='word_1_40' title='bbox 1655 822 1792 887; x_wconf 87' lang='lat' dir='ltr'><strong>ejus,</strong></span> <span class='ocrx_word' id='word_1_41' title='bbox 1841 821 1984 889; x_wconf 92' lang='lat' dir='ltr'><strong>quod</strong></span> <span class='ocrx_word' id='word_1_42' title='bbox 2028 820 2304 888; x_wconf 62' lang='lat' dir='ltr'><strong>quaereba-</strong></span> 
     </span>
    </p>
   </div>
   <div class='ocr_carea' id='block_1_8' title="bbox 740 913 2300 982">
    <p class='ocr_par' dir='ltr' id='par_1_8' title="bbox 740 913 2300 982">
     <span class='ocr_line' id='line_1_8' title="bbox 740 913 2300 982; baseline -0.006 -11"><span class='ocrx_word' id='word_1_43' title='bbox 740 917 844 980; x_wconf 80' lang='lat' dir='ltr'><strong>tur,</strong></span> <span class='ocrx_word' id='word_1_44' title='bbox 878 926 932 970; x_wconf 90' lang='lat' dir='ltr'><strong>et</strong></span> <span class='ocrx_word' id='word_1_45' title='bbox 969 919 1106 969; x_wconf 80' lang='lat' dir='ltr'><strong>sicut</strong></span> <span class='ocrx_word' id='word_1_46' title='bbox 1139 916 1402 981; x_wconf 87' lang='lat' dir='ltr'><strong>Cleopbas</strong></span> <span class='ocrx_word' id='word_1_47' title='bbox 1432 924 1485 968; x_wconf 90' lang='lat' dir='ltr'><strong>et</strong></span> <span class='ocrx_word' id='word_1_48' title='bbox 1518 915 1605 967; x_wconf 91' lang='lat' dir='ltr'><strong>ille</strong></span> <span class='ocrx_word' id='word_1_49' title='bbox 1635 915 1771 967; x_wconf 93' lang='lat' dir='ltr'><strong>alius</strong></span> <span class='ocrx_word' id='word_1_50' title='bbox 1793 913 2108 982; x_wconf 90' lang='lat' dir='ltr'><strong>discipulus,</strong></span> <span class='ocrx_word' id='word_1_51' title='bbox 2142 913 2300 965; x_wconf 86' lang='lat' dir='ltr'><strong>corde</strong></span> 
     </span>
    </p>
   </div>
   <div class='ocr_carea' id='block_1_9' title="bbox 737 1006 2303 1077">
    <p class='ocr_par' dir='ltr' id='par_1_9' title="bbox 737 1006 2303 1077">
     <span class='ocr_line' id='line_1_9' title="bbox 737 1006 2303 1077; baseline -0.004 -14"><span class='ocrx_word' id='word_1_52' title='bbox 737 1018 1018 1077; x_wconf 60' lang='lat' dir='ltr'><strong>coeperunt</strong></span> <span class='ocrx_word' id='word_1_53' title='bbox 1071 1008 1336 1060; x_wconf 81' lang='lat' dir='ltr'><strong>ardere&quot;.</strong></span> <span class='ocrx_word' id='word_1_54' title='bbox 1377 1006 1477 1059; x_wconf 87' lang='lat' dir='ltr'><strong>Eos</strong></span> <span class='ocrx_word' id='word_1_55' title='bbox 1509 1007 1652 1059; x_wconf 90' lang='lat' dir='ltr'><strong>enim</strong></span> <span class='ocrx_word' id='word_1_56' title='bbox 1695 1006 1852 1075; x_wconf 84' lang='lat' dir='ltr'><strong>Virgo</strong></span> <span class='ocrx_word' id='word_1_57' title='bbox 1886 1007 2192 1060; x_wconf 89' lang='lat' dir='ltr'><strong>beatissima</strong></span> <span class='ocrx_word' id='word_1_58' title='bbox 2215 1006 2303 1056; x_wconf 85' lang='lat' dir='ltr'><strong>in-</strong></span> 
     </span>
    </p>
   </div>
   <div class='ocr_carea' id='block_1_10' title="bbox 741 1097 2306 1169">
    <p class='ocr_par' dir='ltr' id='par_1_10' title="bbox 741 1097 2306 1169">
     <span class='ocr_line' id='line_1_10' title="bbox 741 1097 2306 1169; baseline -0.003 -14"><span class='ocrx_word' id='word_1_59' title='bbox 741 1104 961 1164; x_wconf 81' lang='lat' dir='ltr'><strong>citabat,</strong></span> <span class='ocrx_word' id='word_1_60' title='bbox 993 1103 1182 1153; x_wconf 88' lang='lat' dir='ltr'><strong>volens</strong></span> <span class='ocrx_word' id='word_1_61' title='bbox 1222 1100 1532 1169; x_wconf 74' lang='lat' dir='ltr'><strong>Byzantinis</strong></span> <span class='ocrx_word' id='word_1_62' title='bbox 1577 1097 1818 1153; x_wconf 87' lang='lat' dir='ltr'><strong>divinum</strong></span> <span class='ocrx_word' id='word_1_63' title='bbox 1857 1099 2000 1151; x_wconf 88' lang='lat' dir='ltr'><strong>hunc</strong></span> <span class='ocrx_word' id='word_1_64' title='bbox 2039 1105 2092 1152; x_wconf 92' lang='lat' dir='ltr'><strong>et</strong></span> <span class='ocrx_word' id='word_1_65' title='bbox 2125 1113 2306 1151; x_wconf 90' lang='lat' dir='ltr'><strong>sacro-</strong></span> 
     </span>
    </p>
   </div>
   <div class='ocr_carea' id='block_1_11' title="bbox 741 1194 2301 1263">
    <p class='ocr_par' dir='ltr' id='par_1_11' title="bbox 741 1194 2301 1263">
     <span class='ocr_line' id='line_1_11' title="bbox 741 1194 2301 1263; baseline -0.001 -15"><span class='ocrx_word' id='word_1_66' title='bbox 741 1208 986 1248; x_wconf 83' lang='lat' dir='ltr'><strong>sanctum</strong></span> <span class='ocrx_word' id='word_1_67' title='bbox 1045 1195 1221 1263; x_wconf 83' lang='lat' dir='ltr'><strong>largiri</strong></span> <span class='ocrx_word' id='word_1_68' title='bbox 1276 1196 1613 1248; x_wconf 75' lang='lat' dir='ltr'><strong>thesaurum.</strong></span> <span class='ocrx_word' id='word_1_69' title='bbox 1670 1194 1896 1245; x_wconf 90' lang='lat' dir='ltr'><strong>Omnem</strong></span> <span class='ocrx_word' id='word_1_70' title='bbox 1941 1208 2070 1261; x_wconf 86' lang='lat' dir='ltr'><strong>ergo</strong></span> <span class='ocrx_word' id='word_1_71' title='bbox 2124 1195 2301 1246; x_wconf 90' lang='lat' dir='ltr'><strong>statim</strong></span> 
     </span>
    </p>
   </div>
   <div class='ocr_carea' id='block_1_12' title="bbox 743 1285 2302 1352">
    <p class='ocr_par' dir='ltr' id='par_1_12' title="bbox 743 1285 2302 1352">
     <span class='ocr_line' id='line_1_12' title="bbox 743 1285 2302 1352; baseline -0.001 -14"><span class='ocrx_word' id='word_1_72' title='bbox 743 1287 1027 1338; x_wconf 83' lang='lat' dir='ltr'><strong>movebant</strong></span> <span class='ocrx_word' id='word_1_73' title='bbox 1053 1285 1303 1352; x_wconf 89' lang='lat' dir='ltr'><strong>lapidem,</strong></span> <span class='ocrx_word' id='word_1_74' title='bbox 1335 1294 1391 1338; x_wconf 91' lang='lat' dir='ltr'><strong>ut</strong></span> <span class='ocrx_word' id='word_1_75' title='bbox 1421 1286 1635 1347; x_wconf 89' lang='lat' dir='ltr'><strong>mulier,</strong></span> <span class='ocrx_word' id='word_1_76' title='bbox 1658 1286 1943 1338; x_wconf 85' lang='lat' dir='ltr'><strong>remittens</strong></span> <span class='ocrx_word' id='word_1_77' title='bbox 1973 1285 2302 1337; x_wconf 87' lang='lat' dir='ltr'><strong>immobilem</strong></span> 
     </span>
    </p>
   </div>
   <div class='ocr_carea' id='block_1_13' title="bbox 745 1378 2305 1447">
    <p class='ocr_par' dir='ltr' id='par_1_13' title="bbox 745 1378 2305 1447">
     <span class='ocr_line' id='line_1_13' title="bbox 745 1378 2305 1447; baseline -0.001 -16"><span class='ocrx_word' id='word_1_78' title='bbox 745 1381 880 1432; x_wconf 89' lang='lat' dir='ltr'><strong>hanc</strong></span> <span class='ocrx_word' id='word_1_79' title='bbox 913 1381 1351 1442; x_wconf 79' lang='lat' dir='ltr'><strong>occultationem,</strong></span> <span class='ocrx_word' id='word_1_80' title='bbox 1399 1380 1477 1432; x_wconf 89' lang='lat' dir='ltr'><strong>eis</strong></span> <span class='ocrx_word' id='word_1_81' title='bbox 1510 1379 1558 1432; x_wconf 90' lang='lat' dir='ltr'><strong>id</strong></span> <span class='ocrx_word' id='word_1_82' title='bbox 1595 1379 1736 1447; x_wconf 90' lang='lat' dir='ltr'><strong>quod</strong></span> <span class='ocrx_word' id='word_1_83' title='bbox 1776 1388 2034 1443; x_wconf 82' lang='lat' dir='ltr'><strong>tacuerat,</strong></span> <span class='ocrx_word' id='word_1_84' title='bbox 2063 1378 2114 1430; x_wconf 92' lang='lat' dir='ltr'><strong>in</strong></span> <span class='ocrx_word' id='word_1_85' title='bbox 2148 1393 2305 1444; x_wconf 85' lang='lat' dir='ltr'><strong>aper-</strong></span> 
     </span>
    </p>
   </div>
   <div class='ocr_carea' id='block_1_14' title="bbox 741 1469 2306 1541">
    <p class='ocr_par' dir='ltr' id='par_1_14' title="bbox 741 1469 2306 1541">
     <span class='ocr_line' id='line_1_14' title="bbox 741 1469 2306 1541; baseline -0.001 -17"><span class='ocrx_word' id='word_1_86' title='bbox 741 1486 852 1524; x_wconf 87' lang='lat' dir='ltr'><strong>tum</strong></span> <span class='ocrx_word' id='word_1_87' title='bbox 901 1475 1186 1541; x_wconf 82' lang='lat' dir='ltr'><strong>proferret.</strong></span> <span class='ocrx_word' id='word_1_88' title='bbox 1235 1472 1378 1538; x_wconf 88' lang='lat' dir='ltr'><strong>Quin</strong></span> <span class='ocrx_word' id='word_1_89' title='bbox 1441 1473 1602 1525; x_wconf 89' lang='lat' dir='ltr'><strong>etiam</strong></span> <span class='ocrx_word' id='word_1_90' title='bbox 1654 1471 2007 1540; x_wconf 85' lang='lat' dir='ltr'><strong>jurisjurandi</strong></span> <span class='ocrx_word' id='word_1_91' title='bbox 2063 1469 2306 1524; x_wconf 83' lang='lat' dir='ltr'><strong>necessi-</strong></span> 
     </span>
    </p>
   </div>
   <div class='ocr_carea' id='block_1_15' title="bbox 740 1565 2305 1634">
    <p class='ocr_par' dir='ltr' id='par_1_15' title="bbox 740 1565 2305 1634">
     <span class='ocr_line' id='line_1_15' title="bbox 740 1565 2305 1634; baseline 0.003 -18"><span class='ocrx_word' id='word_1_92' title='bbox 740 1575 905 1618; x_wconf 82' lang='lat' dir='ltr'><strong>tatem</strong></span> <span class='ocrx_word' id='word_1_93' title='bbox 937 1565 1288 1630; x_wconf 79' lang='lat' dir='ltr'><strong>adhibebant,</strong></span> <span class='ocrx_word' id='word_1_94' title='bbox 1329 1565 1555 1634; x_wconf 84' lang='lat' dir='ltr'><strong>ejusque</strong></span> <span class='ocrx_word' id='word_1_95' title='bbox 1598 1565 1731 1619; x_wconf 92' lang='lat' dir='ltr'><strong>adco</strong></span> <span class='ocrx_word' id='word_1_96' title='bbox 1761 1565 1944 1626; x_wconf 88' lang='lat' dir='ltr'><strong>validi.</strong></span> <span class='ocrx_word' id='word_1_97' title='bbox 1981 1576 2038 1620; x_wconf 91' lang='lat' dir='ltr'><strong>ut</strong></span> <span class='ocrx_word' id='word_1_98' title='bbox 2065 1567 2305 1620; x_wconf 88' lang='lat' dir='ltr'><strong>animum</strong></span> 
     </span>
    </p>
   </div>
   <div class='ocr_carea' id='block_1_16' title="bbox 745 1657 2308 1726">
    <p class='ocr_par' dir='ltr' id='par_1_16' title="bbox 745 1657 2308 1726">
     <span class='ocr_line' id='line_1_16' title="bbox 745 1657 2308 1726; baseline 0.001 -18"><span class='ocrx_word' id='word_1_99' title='bbox 745 1657 992 1724; x_wconf 78' lang='lat' dir='ltr'><strong>quamvis</strong></span> <span class='ocrx_word' id='word_1_100' title='bbox 1056 1657 1528 1725; x_wconf 74' lang='lat' dir='ltr'><strong>inexpugnabilem</strong></span> <span class='ocrx_word' id='word_1_101' title='bbox 1582 1673 1679 1710; x_wconf 92' lang='lat' dir='ltr'><strong>suo</strong></span> <span class='ocrx_word' id='word_1_102' title='bbox 1749 1665 1967 1726; x_wconf 87' lang='lat' dir='ltr'><strong>possent</strong></span> <span class='ocrx_word' id='word_1_103' title='bbox 2019 1657 2138 1713; x_wconf 91' lang='lat' dir='ltr'><strong>loco</strong></span> <span class='ocrx_word' id='word_1_104' title='bbox 2189 1671 2308 1709; x_wconf 89' lang='lat' dir='ltr'><strong>mo-</strong></span> 
     </span>
    </p>
   </div>
   <div class='ocr_carea' id='block_1_17' title="bbox 746 1749 2306 1816">
    <p class='ocr_par' dir='ltr' id='par_1_17' title="bbox 746 1749 2306 1816">
     <span class='ocr_line' id='line_1_17' title="bbox 746 1749 2306 1816; baseline -0.001 -13"><span class='ocrx_word' id='word_1_105' title='bbox 746 1766 891 1803; x_wconf 90' lang='lat' dir='ltr'><strong>vere.</strong></span> <span class='ocrx_word' id='word_1_106' title='bbox 947 1749 1079 1804; x_wconf 88' lang='lat' dir='ltr'><strong>Cum</strong></span> <span class='ocrx_word' id='word_1_107' title='bbox 1120 1750 1196 1804; x_wconf 88' lang='lat' dir='ltr'><strong>sic</strong></span> <span class='ocrx_word' id='word_1_108' title='bbox 1245 1765 1362 1803; x_wconf 89' lang='lat' dir='ltr'><strong>eam</strong></span> <span class='ocrx_word' id='word_1_109' title='bbox 1409 1749 1555 1802; x_wconf 91' lang='lat' dir='ltr'><strong>omni</strong></span> <span class='ocrx_word' id='word_1_110' title='bbox 1600 1765 1662 1804; x_wconf 86' lang='lat' dir='ltr'><strong>ex</strong></span> <span class='ocrx_word' id='word_1_111' title='bbox 1711 1759 1861 1816; x_wconf 88' lang='lat' dir='ltr'><strong>parte</strong></span> <span class='ocrx_word' id='word_1_112' title='bbox 1905 1749 2306 1812; x_wconf 80' lang='lat' dir='ltr'><strong>astrinxissent,</strong></span> 
     </span>
    </p>
   </div>
   <div class='ocr_carea' id='block_1_18' title="bbox 746 1839 2307 1908">
    <p class='ocr_par' dir='ltr' id='par_1_18' title="bbox 746 1839 2307 1908">
     <span class='ocr_line' id='line_1_18' title="bbox 746 1839 2307 1908; baseline -0.001 -16"><span class='ocrx_word' id='word_1_113' title='bbox 746 1850 799 1893; x_wconf 86' lang='lat' dir='ltr'><strong>et</strong></span> <span class='ocrx_word' id='word_1_114' title='bbox 852 1852 1104 1908; x_wconf 85' lang='lat' dir='ltr'><strong>tanquam</strong></span> <span class='ocrx_word' id='word_1_115' title='bbox 1162 1840 1490 1893; x_wconf 84' lang='lat' dir='ltr'><strong>inevitabilia</strong></span> <span class='ocrx_word' id='word_1_116' title='bbox 1531 1840 1579 1892; x_wconf 88' lang='lat' dir='ltr'><strong>ei</strong></span> <span class='ocrx_word' id='word_1_117' title='bbox 1615 1840 1825 1894; x_wconf 88' lang='lat' dir='ltr'><strong>vincula</strong></span> <span class='ocrx_word' id='word_1_118' title='bbox 1901 1839 2307 1908; x_wconf 86' lang='lat' dir='ltr'><strong>imposuissent,</strong></span> 
     </span>
    </p>
   </div>
   <div class='ocr_carea' id='block_1_19' title="bbox 742 1933 2312 2006">
    <p class='ocr_par' dir='ltr' id='par_1_19' title="bbox 742 1933 2312 2006">
     <span class='ocr_line' id='line_1_19' title="bbox 742 1933 2312 2006; baseline 0.001 -20"><span class='ocrx_word' id='word_1_119' title='bbox 742 1935 835 1988; x_wconf 82' lang='lat' dir='ltr'><strong>vix</strong></span> <span class='ocrx_word' id='word_1_120' title='bbox 872 1937 1084 1988; x_wconf 87' lang='lat' dir='ltr'><strong>tandem</strong></span> <span class='ocrx_word' id='word_1_121' title='bbox 1119 1933 1448 2002; x_wconf 84' lang='lat' dir='ltr'><strong>persuadent</strong></span> <span class='ocrx_word' id='word_1_122' title='bbox 1502 1943 1560 1987; x_wconf 92' lang='lat' dir='ltr'><strong>ut</strong></span> <span class='ocrx_word' id='word_1_123' title='bbox 1610 1935 1690 1988; x_wconf 88' lang='lat' dir='ltr'><strong>eis</strong></span> <span class='ocrx_word' id='word_1_124' title='bbox 1745 1951 1859 1990; x_wconf 89' lang='lat' dir='ltr'><strong>rem</strong></span> <span class='ocrx_word' id='word_1_125' title='bbox 1908 1936 2134 2006; x_wconf 85' lang='lat' dir='ltr'><strong>aperiat.</strong></span> <span class='ocrx_word' id='word_1_126' title='bbox 2177 1936 2312 1988; x_wconf 89' lang='lat' dir='ltr'><strong>Cum</strong></span> 
     </span>
    </p>
   </div>
   <div class='ocr_carea' id='block_1_20' title="bbox 750 2029 2313 2098">
    <p class='ocr_par' dir='ltr' id='par_1_20' title="bbox 750 2029 2313 2098">
     <span class='ocr_line' id='line_1_20' title="bbox 750 2029 2313 2098; baseline 0.001 -17"><span class='ocrx_word' id='word_1_127' title='bbox 750 2032 930 2096; x_wconf 86' lang='lat' dir='ltr'><strong>itaque</strong></span> <span class='ocrx_word' id='word_1_128' title='bbox 974 2045 1037 2081; x_wconf 84' lang='lat' dir='ltr'><strong>ex</strong></span> <span class='ocrx_word' id='word_1_129' title='bbox 1087 2031 1194 2081; x_wconf 91' lang='lat' dir='ltr'><strong>alto</strong></span> <span class='ocrx_word' id='word_1_130' title='bbox 1224 2038 1432 2082; x_wconf 90' lang='lat' dir='ltr'><strong>etcum</strong></span> <span class='ocrx_word' id='word_1_131' title='bbox 1484 2031 1734 2098; x_wconf 78' lang='lat' dir='ltr'><strong>lacrymis</strong></span> <span class='ocrx_word' id='word_1_132' title='bbox 1780 2029 2125 2097; x_wconf 86' lang='lat' dir='ltr'><strong>suspirasset,</strong></span> <span class='ocrx_word' id='word_1_133' title='bbox 2175 2037 2227 2082; x_wconf 89' lang='lat' dir='ltr'><strong>et</strong></span> <span class='ocrx_word' id='word_1_134' title='bbox 2262 2029 2313 2082; x_wconf 92' lang='lat' dir='ltr'><strong>in</strong></span> 
     </span>
    </p>
   </div>
   <div class='ocr_carea' id='block_1_21' title="bbox 750 2121 2316 2190">
    <p class='ocr_par' dir='ltr' id='par_1_21' title="bbox 750 2121 2316 2190">
     <span class='ocr_line' id='line_1_21' title="bbox 750 2121 2316 2190; baseline 0.001 -16"><span class='ocrx_word' id='word_1_135' title='bbox 750 2133 946 2174; x_wconf 85' lang='lat' dir='ltr'><strong>terram</strong></span> <span class='ocrx_word' id='word_1_136' title='bbox 997 2121 1202 2174; x_wconf 78' lang='lat' dir='ltr'><strong>ﬁxisset</strong></span> <span class='ocrx_word' id='word_1_137' title='bbox 1236 2123 1441 2181; x_wconf 86' lang='lat' dir='ltr'><strong>oculos.</strong></span> <span class='ocrx_word' id='word_1_138' title='bbox 1484 2121 1708 2190; x_wconf 90' lang='lat' dir='ltr'><strong>perinde</strong></span> <span class='ocrx_word' id='word_1_139' title='bbox 1737 2135 1799 2175; x_wconf 88' lang='lat' dir='ltr'><strong>ac</strong></span> <span class='ocrx_word' id='word_1_140' title='bbox 1838 2122 1881 2175; x_wconf 92' lang='lat' dir='ltr'><strong>si</strong></span> <span class='ocrx_word' id='word_1_141' title='bbox 1926 2137 2042 2174; x_wconf 90' lang='lat' dir='ltr'><strong>eam</strong></span> <span class='ocrx_word' id='word_1_142' title='bbox 2092 2122 2316 2190; x_wconf 87' lang='lat' dir='ltr'><strong>puderet</strong></span> 
     </span>
    </p>
   </div>
   <div class='ocr_carea' id='block_1_22' title="bbox 749 2212 2314 2280">
    <p class='ocr_par' dir='ltr' id='par_1_22' title="bbox 749 2212 2314 2280">
     <span class='ocr_line' id='line_1_22' title="bbox 749 2212 2314 2280; baseline 0.001 -17"><span class='ocrx_word' id='word_1_143' title='bbox 749 2213 1035 2266; x_wconf 75' lang='lat' dir='ltr'><strong>enuntiare</strong></span> <span class='ocrx_word' id='word_1_144' title='bbox 1067 2230 1080 2264; x_wconf 93' lang='lat'><em>:</em></span> <span class='ocrx_word' id='word_1_145' title='bbox 1115 2212 1158 2267; x_wconf 91' lang='grc' dir='ltr'>Ο</span> <span class='ocrx_word' id='word_1_146' title='bbox 1191 2213 1307 2276; x_wconf 80' lang='lat' dir='ltr'><strong>viri,</strong></span> <span class='ocrx_word' id='word_1_147' title='bbox 1341 2213 1535 2280; x_wconf 82' lang='lat' dir='ltr'><strong>inquit,</strong></span> <span class='ocrx_word' id='word_1_148' title='bbox 1579 2228 1853 2280; x_wconf 86' lang='lat' dir='ltr'><strong>nunquam</strong></span> <span class='ocrx_word' id='word_1_149' title='bbox 1889 2215 1942 2266; x_wconf 91' lang='lat' dir='ltr'><strong>in</strong></span> <span class='ocrx_word' id='word_1_150' title='bbox 1995 2214 2314 2267; x_wconf 77' lang='lat' dir='ltr'><strong>hodiernum</strong></span> 
     </span>
    </p>
   </div>
   <div class='ocr_carea' id='block_1_23' title="bbox 751 2304 2319 2372">
    <p class='ocr_par' dir='ltr' id='par_1_23' title="bbox 751 2304 2319 2372">
     <span class='ocr_line' id='line_1_23' title="bbox 751 2304 2319 2372; baseline 0 -17"><span class='ocrx_word' id='word_1_151' title='bbox 751 2318 921 2371; x_wconf 87' lang='lat' dir='ltr'><strong>usque</strong></span> <span class='ocrx_word' id='word_1_152' title='bbox 975 2304 1141 2365; x_wconf 87' lang='lat' dir='ltr'><strong>diem,</strong></span> <span class='ocrx_word' id='word_1_153' title='bbox 1187 2305 1426 2357; x_wconf 89' lang='lat' dir='ltr'><strong>divinum</strong></span> <span class='ocrx_word' id='word_1_154' title='bbox 1481 2305 1582 2356; x_wconf 86' lang='lat' dir='ltr'><strong>hoc</strong></span> <span class='ocrx_word' id='word_1_155' title='bbox 1620 2307 1931 2372; x_wconf 86' lang='lat' dir='ltr'><strong>mysterium</strong></span> <span class='ocrx_word' id='word_1_156' title='bbox 1984 2306 2099 2356; x_wconf 87' lang='lat' dir='ltr'><strong>viro</strong></span> <span class='ocrx_word' id='word_1_157' title='bbox 2151 2305 2319 2357; x_wconf 86' lang='lat' dir='ltr'><strong>evasit</strong></span> 
     </span>
    </p>
   </div>
   <div class='ocr_carea' id='block_1_24' title="bbox 752 2398 2317 2466">
    <p class='ocr_par' dir='ltr' id='par_1_24' title="bbox 752 2398 2317 2466">
     <span class='ocr_line' id='line_1_24' title="bbox 752 2398 2317 2466; baseline -0.003 -14"><span class='ocrx_word' id='word_1_158' title='bbox 752 2398 1120 2452; x_wconf 86' lang='lat' dir='ltr'><strong>manifestum.</strong></span> <span class='ocrx_word' id='word_1_159' title='bbox 1165 2399 1294 2463; x_wconf 67' lang='lat' dir='ltr'><strong>Qua!</strong></span> <span class='ocrx_word' id='word_1_160' title='bbox 1326 2399 1468 2452; x_wconf 88' lang='lat' dir='ltr'><strong>enim</strong></span> <span class='ocrx_word' id='word_1_161' title='bbox 1504 2400 1555 2450; x_wconf 93' lang='lat' dir='ltr'><strong>in</strong></span> <span class='ocrx_word' id='word_1_162' title='bbox 1589 2415 1784 2466; x_wconf 84' lang='lat' dir='ltr'><strong>genere</strong></span> <span class='ocrx_word' id='word_1_163' title='bbox 1815 2414 1935 2451; x_wconf 87' lang='lat' dir='ltr'><strong>meo</strong></span> <span class='ocrx_word' id='word_1_164' title='bbox 1975 2414 2058 2450; x_wconf 88' lang='lat' dir='ltr'><strong>me</strong></span> <span class='ocrx_word' id='word_1_165' title='bbox 2081 2412 2317 2466; x_wconf 23' lang='lat' dir='ltr'><strong>,przcces-</strong></span> 
     </span>
    </p>
   </div>
   <div class='ocr_carea' id='block_1_25' title="bbox 752 2492 2318 2560">
    <p class='ocr_par' dir='ltr' id='par_1_25' title="bbox 752 2492 2318 2560">
     <span class='ocr_line' id='line_1_25' title="bbox 752 2492 2318 2560; baseline -0.001 -15"><span class='ocrx_word' id='word_1_166' title='bbox 752 2501 960 2553; x_wconf 90' lang='lat' dir='ltr'><strong>serunt,</strong></span> <span class='ocrx_word' id='word_1_167' title='bbox 1015 2492 1371 2560; x_wconf 83' lang='lat' dir='ltr'><strong>jurejurando</strong></span> <span class='ocrx_word' id='word_1_168' title='bbox 1426 2493 1685 2556; x_wconf 86' lang='lat' dir='ltr'><strong>adhibito,</strong></span> <span class='ocrx_word' id='word_1_169' title='bbox 1732 2493 1820 2544; x_wconf 91' lang='lat' dir='ltr'><strong>uni</strong></span> <span class='ocrx_word' id='word_1_170' title='bbox 1871 2492 2104 2552; x_wconf 85' lang='lat' dir='ltr'><strong>mulieri,</strong></span> <span class='ocrx_word' id='word_1_171' title='bbox 2162 2492 2318 2559; x_wconf 90' lang='lat' dir='ltr'><strong>eique</strong></span> 
     </span>
    </p>
   </div>
   <div class='ocr_carea' id='block_1_26' title="bbox 754 2581 2315 2651">
    <p class='ocr_par' dir='ltr' id='par_1_26' title="bbox 754 2581 2315 2651">
     <span class='ocr_line' id='line_1_26' title="bbox 754 2581 2315 2651; baseline 0 -16"><span class='ocrx_word' id='word_1_172' title='bbox 754 2583 971 2651; x_wconf 86' lang='lat' dir='ltr'><strong>virgini,</strong></span> <span class='ocrx_word' id='word_1_173' title='bbox 1010 2583 1082 2634; x_wconf 85' lang='lat' dir='ltr'><strong>ita</strong></span> <span class='ocrx_word' id='word_1_174' title='bbox 1117 2581 1471 2644; x_wconf 89' lang='lat' dir='ltr'><strong>tradiderunt,</strong></span> <span class='ocrx_word' id='word_1_175' title='bbox 1506 2591 1561 2634; x_wconf 89' lang='lat' dir='ltr'><strong>ut</strong></span> <span class='ocrx_word' id='word_1_176' title='bbox 1595 2583 1818 2651; x_wconf 79' lang='lat' dir='ltr'><strong>singulis</strong></span> <span class='ocrx_word' id='word_1_177' title='bbox 1855 2584 2102 2636; x_wconf 87' lang='lat' dir='ltr'><strong>aetatibus</strong></span> <span class='ocrx_word' id='word_1_178' title='bbox 2137 2598 2198 2635; x_wconf 87' lang='lat' dir='ltr'><strong>ea</strong></span> <span class='ocrx_word' id='word_1_179' title='bbox 2231 2599 2315 2635; x_wconf 91' lang='lat' dir='ltr'><strong>res</strong></span> 
     </span>
    </p>
   </div>
   <div class='ocr_carea' id='block_1_27' title="bbox 753 2675 2320 2742">
    <p class='ocr_par' dir='ltr' id='par_1_27' title="bbox 753 2675 2320 2742">
     <span class='ocr_line' id='line_1_27' title="bbox 753 2675 2320 2742; baseline -0.001 -12"><span class='ocrx_word' id='word_1_180' title='bbox 753 2679 830 2730; x_wconf 84' lang='lat' dir='ltr'><strong>sic</strong></span> <span class='ocrx_word' id='word_1_181' title='bbox 869 2675 1173 2728; x_wconf 84' lang='lat' dir='ltr'><strong>traderetur</strong></span> <span class='ocrx_word' id='word_1_182' title='bbox 1211 2675 1345 2737; x_wconf 89' lang='lat' dir='ltr'><strong>;sed</strong></span> <span class='ocrx_word' id='word_1_183' title='bbox 1392 2675 1645 2742; x_wconf 91' lang='lat' dir='ltr'><strong>quoniam</strong></span> <span class='ocrx_word' id='word_1_184' title='bbox 1694 2676 1850 2727; x_wconf 78' lang='lat' dir='ltr'><strong>video</strong></span> <span class='ocrx_word' id='word_1_185' title='bbox 1883 2692 1975 2729; x_wconf 85' lang='lat' dir='ltr'><strong>vos</strong></span> <span class='ocrx_word' id='word_1_186' title='bbox 2009 2693 2126 2728; x_wconf 87' lang='lat' dir='ltr'><strong>esse</strong></span> <span class='ocrx_word' id='word_1_187' title='bbox 2177 2677 2320 2729; x_wconf 77' lang='lat' dir='ltr'><strong>viros</strong></span> 
     </span>
    </p>
   </div>
   <div class='ocr_carea' id='block_1_28' title="bbox 753 2765 2320 2835">
    <p class='ocr_par' dir='ltr' id='par_1_28' title="bbox 753 2765 2320 2835">
     <span class='ocr_line' id='line_1_28' title="bbox 753 2765 2320 2835; baseline 0.001 -16"><span class='ocrx_word' id='word_1_188' title='bbox 753 2765 1084 2819; x_wconf 87' lang='lat' dir='ltr'><strong>reverendos</strong></span> <span class='ocrx_word' id='word_1_189' title='bbox 1138 2773 1192 2817; x_wconf 90' lang='lat' dir='ltr'><strong>et</strong></span> <span class='ocrx_word' id='word_1_190' title='bbox 1239 2765 1396 2833; x_wconf 87' lang='lat' dir='ltr'><strong>pios:</strong></span> <span class='ocrx_word' id='word_1_191' title='bbox 1436 2776 1489 2819; x_wconf 90' lang='lat' dir='ltr'><strong>et</strong></span> <span class='ocrx_word' id='word_1_192' title='bbox 1537 2766 1733 2834; x_wconf 88' lang='lat' dir='ltr'><strong>alioqui</strong></span> <span class='ocrx_word' id='word_1_193' title='bbox 1761 2767 1917 2832; x_wconf 90' lang='lat' dir='ltr'><strong>(nam</strong></span> <span class='ocrx_word' id='word_1_194' title='bbox 1959 2768 2059 2820; x_wconf 90' lang='lat' dir='ltr'><strong>hoc</strong></span> <span class='ocrx_word' id='word_1_195' title='bbox 2105 2782 2320 2835; x_wconf 85' lang='lat' dir='ltr'><strong>quoque</strong></span> 
     </span>
    </p>
   </div>
   <div class='ocr_carea' id='block_1_29' title="bbox 754 2857 2318 2930">
    <p class='ocr_par' dir='ltr' id='par_1_29' title="bbox 754 2857 2318 2930">
     <span class='ocr_line' id='line_1_29' title="bbox 754 2857 2318 2930; baseline 0.001 -20"><span class='ocrx_word' id='word_1_196' title='bbox 754 2858 904 2912; x_wconf 88' lang='lat' dir='ltr'><strong>vobis</strong></span> <span class='ocrx_word' id='word_1_197' title='bbox 940 2857 1289 2930; x_wconf 83' lang='lat' dir='ltr'><strong>signiﬁcabo)</strong></span> <span class='ocrx_word' id='word_1_198' title='bbox 1321 2859 1385 2912; x_wconf 88' lang='lat' dir='ltr'><strong>ad</strong></span> <span class='ocrx_word' id='word_1_199' title='bbox 1434 2875 1518 2912; x_wconf 90' lang='lat' dir='ltr'><strong>me</strong></span> <span class='ocrx_word' id='word_1_200' title='bbox 1570 2875 1737 2927; x_wconf 84' lang='lat' dir='ltr'><strong>usque</strong></span> <span class='ocrx_word' id='word_1_201' title='bbox 1780 2862 2011 2913; x_wconf 72' lang='lat' dir='ltr'><strong>redacta:</strong></span> <span class='ocrx_word' id='word_1_202' title='bbox 2056 2870 2184 2912; x_wconf 90' lang='lat' dir='ltr'><strong>sunt</strong></span> <span class='ocrx_word' id='word_1_203' title='bbox 2215 2861 2318 2912; x_wconf 90' lang='lat' dir='ltr'><strong>mei</strong></span> 
     </span>
    </p>
   </div>
   <div class='ocr_carea' id='block_1_30' title="bbox 755 2952 2322 3021">
    <p class='ocr_par' dir='ltr' id='par_1_30' title="bbox 755 2952 2322 3021">
     <span class='ocr_line' id='line_1_30' title="bbox 755 2952 2322 3021; baseline 0.001 -15"><span class='ocrx_word' id='word_1_204' title='bbox 755 2955 969 3021; x_wconf 75' lang='lat' dir='ltr'><strong>generis</strong></span> <span class='ocrx_word' id='word_1_205' title='bbox 993 2952 1228 3013; x_wconf 67' lang='lat' dir='ltr'><strong>feminae,</strong></span> <span class='ocrx_word' id='word_1_206' title='bbox 1265 2967 1364 3006; x_wconf 89' lang='lat' dir='ltr'><strong>nec</strong></span> <span class='ocrx_word' id='word_1_207' title='bbox 1404 2953 1509 3005; x_wconf 91' lang='lat' dir='ltr'><strong>ulla</strong></span> <span class='ocrx_word' id='word_1_208' title='bbox 1533 2962 1779 3018; x_wconf 85' lang='lat' dir='ltr'><strong>superest</strong></span> <span class='ocrx_word' id='word_1_209' title='bbox 1817 2954 1918 3005; x_wconf 93' lang='lat' dir='ltr'><strong>alia</strong></span> <span class='ocrx_word' id='word_1_210' title='bbox 1953 2963 2074 3021; x_wconf 89' lang='lat' dir='ltr'><strong>post</strong></span> <span class='ocrx_word' id='word_1_211' title='bbox 2105 2970 2188 3007; x_wconf 89' lang='lat' dir='ltr'><strong>me</strong></span> <span class='ocrx_word' id='word_1_212' title='bbox 2212 2954 2322 3006; x_wconf 87' lang='lat' dir='ltr'><strong>vir-</strong></span> 
     </span>
    </p>
   </div>
   <div class='ocr_carea' id='block_1_31' title="bbox 755 3042 2316 3114">
    <p class='ocr_par' dir='ltr' id='par_1_31' title="bbox 755 3042 2316 3114">
     <span class='ocr_line' id='line_1_31' title="bbox 755 3042 2316 3114; baseline 0.001 -19"><span class='ocrx_word' id='word_1_213' title='bbox 755 3058 843 3114; x_wconf 89' lang='lat' dir='ltr'><strong>go,</strong></span> <span class='ocrx_word' id='word_1_214' title='bbox 873 3042 1025 3111; x_wconf 89' lang='lat' dir='ltr'><strong>cujus</strong></span> <span class='ocrx_word' id='word_1_215' title='bbox 1053 3043 1173 3096; x_wconf 87' lang='lat' dir='ltr'><strong>lidei</strong></span> <span class='ocrx_word' id='word_1_216' title='bbox 1202 3058 1228 3094; x_wconf 69' lang='grc' dir='ltr'>ει</span> <span class='ocrx_word' id='word_1_217' title='bbox 1258 3058 1343 3096; x_wconf 90' lang='lat' dir='ltr'><strong>me</strong></span> <span class='ocrx_word' id='word_1_218' title='bbox 1382 3042 1530 3097; x_wconf 90' lang='lat' dir='ltr'><strong>credi</strong></span> <span class='ocrx_word' id='word_1_219' title='bbox 1572 3044 1738 3112; x_wconf 82' lang='lat' dir='ltr'><strong>possit</strong></span> <span class='ocrx_word' id='word_1_220' title='bbox 1787 3043 2023 3112; x_wconf 81' lang='lat' dir='ltr'><strong>cognitio</strong></span> <span class='ocrx_word' id='word_1_221' title='bbox 2053 3045 2316 3113; x_wconf 82' lang='lat' dir='ltr'><strong>mysterii,</strong></span> 
     </span>
    </p>
   </div>
   <div class='ocr_carea' id='block_1_32' title="bbox 757 3132 2324 3198">
    <p class='ocr_par' dir='ltr' id='par_1_32' title="bbox 757 3132 2324 3198">
     <span class='ocr_line' id='line_1_32' title="bbox 757 3132 2324 3198; baseline 0 -12"><span class='ocrx_word' id='word_1_222' title='bbox 757 3149 869 3186; x_wconf 88' lang='lat' dir='ltr'><strong>rem</strong></span> <span class='ocrx_word' id='word_1_223' title='bbox 914 3132 1077 3185; x_wconf 90' lang='lat' dir='ltr'><strong>modo</strong></span> <span class='ocrx_word' id='word_1_224' title='bbox 1120 3133 1272 3186; x_wconf 85' lang='lat' dir='ltr'><strong>vobis</strong></span> <span class='ocrx_word' id='word_1_225' title='bbox 1315 3132 1571 3198; x_wconf 79' lang='lat' dir='ltr'><strong>aperiam.</strong></span> <span class='ocrx_word' id='word_1_226' title='bbox 1617 3133 1877 3185; x_wconf 83' lang='lat' dir='ltr'><strong>Existimo</strong></span> <span class='ocrx_word' id='word_1_227' title='bbox 1923 3135 2068 3184; x_wconf 88' lang='lat' dir='ltr'><strong>enim</strong></span> <span class='ocrx_word' id='word_1_228' title='bbox 2101 3134 2238 3193; x_wconf 86' lang='lat' dir='ltr'><strong>fore,</strong></span> <span class='ocrx_word' id='word_1_229' title='bbox 2266 3143 2324 3186; x_wconf 85' lang='lat' dir='ltr'><strong>ut</strong></span> 
     </span>
    </p>
   </div>
   <div class='ocr_carea' id='block_1_33' title="bbox 2411 639 3971 708">
    <p class='ocr_par' dir='ltr' id='par_1_33' title="bbox 2411 639 3971 708">
     <span class='ocr_line' id='line_1_33' title="bbox 2411 639 3971 708; baseline 0.001 -17"><span class='ocrx_word' id='word_1_230' title='bbox 2411 652 2476 691; x_wconf 88' lang='lat' dir='ltr'><strong>eo</strong></span> <span class='ocrx_word' id='word_1_231' title='bbox 2509 639 2643 700; x_wconf 89' lang='lat' dir='ltr'><strong>loco,</strong></span> <span class='ocrx_word' id='word_1_232' title='bbox 2679 639 2730 691; x_wconf 91' lang='lat' dir='ltr'><strong>in</strong></span> <span class='ocrx_word' id='word_1_233' title='bbox 2761 654 2867 708; x_wconf 92' lang='lat' dir='ltr'><strong>quo</strong></span> <span class='ocrx_word' id='word_1_234' title='bbox 2911 639 3000 694; x_wconf 87' lang='lat' dir='ltr'><strong>hic</strong></span> <span class='ocrx_word' id='word_1_235' title='bbox 3040 641 3255 695; x_wconf 87' lang='lat' dir='ltr'><strong>divinus</strong></span> <span class='ocrx_word' id='word_1_236' title='bbox 3292 642 3600 696; x_wconf 89' lang='lat' dir='ltr'><strong>reconditus</strong></span> <span class='ocrx_word' id='word_1_237' title='bbox 3633 649 3714 695; x_wconf 87' lang='lat' dir='ltr'><strong>est</strong></span> <span class='ocrx_word' id='word_1_238' title='bbox 3760 642 3971 695; x_wconf 86' lang='lat' dir='ltr'><strong>thesau-</strong></span> 
     </span>
    </p>
   </div>
   <div class='ocr_carea' id='block_1_34' title="bbox 2412 730 3968 794">
    <p class='ocr_par' dir='ltr' id='par_1_34' title="bbox 2412 730 3968 794">
     <span class='ocr_line' id='line_1_34' title="bbox 2412 730 3968 794; baseline 0.001 -12"><span class='ocrx_word' id='word_1_239' title='bbox 2412 746 2523 785; x_wconf 87' lang='lat' dir='ltr'><strong>rus.</strong></span> <span class='ocrx_word' id='word_1_240' title='bbox 2562 730 2694 787; x_wconf 90' lang='lat' dir='ltr'><strong>Cum</strong></span> <span class='ocrx_word' id='word_1_241' title='bbox 2743 734 2844 786; x_wconf 87' lang='lat' dir='ltr'><strong>hoc</strong></span> <span class='ocrx_word' id='word_1_242' title='bbox 2886 743 3067 786; x_wconf 89' lang='lat' dir='ltr'><strong>autem</strong></span> <span class='ocrx_word' id='word_1_243' title='bbox 3115 734 3291 787; x_wconf 87' lang='lat' dir='ltr'><strong>statim</strong></span> <span class='ocrx_word' id='word_1_244' title='bbox 3347 733 3708 788; x_wconf 86' lang='lat' dir='ltr'><strong>concessisset</strong></span> <span class='ocrx_word' id='word_1_245' title='bbox 3759 733 3968 794; x_wconf 84' lang='lat' dir='ltr'><strong>mulier,</strong></span> 
     </span>
    </p>
   </div>
   <div class='ocr_carea' id='block_1_35' title="bbox 2412 823 3969 893">
    <p class='ocr_par' dir='ltr' id='par_1_35' title="bbox 2412 823 3969 893">
     <span class='ocr_line' id='line_1_35' title="bbox 2412 823 3969 893; baseline -0.003 -17"><span class='ocrx_word' id='word_1_246' title='bbox 2412 825 2658 892; x_wconf 64' lang='lat' dir='ltr'><strong>stragulae</strong></span> <span class='ocrx_word' id='word_1_247' title='bbox 2689 823 2903 892; x_wconf 82' lang='lat' dir='ltr'><strong>quidem</strong></span> <span class='ocrx_word' id='word_1_248' title='bbox 2934 833 3111 878; x_wconf 85' lang='lat' dir='ltr'><strong>vestes</strong></span> <span class='ocrx_word' id='word_1_249' title='bbox 3136 834 3356 893; x_wconf 61' lang='lat' dir='ltr'><strong>portatae</strong></span> <span class='ocrx_word' id='word_1_250' title='bbox 3394 834 3519 880; x_wconf 92' lang='lat' dir='ltr'><strong>sunt</strong></span> <span class='ocrx_word' id='word_1_251' title='bbox 3543 825 3594 876; x_wconf 93' lang='lat' dir='ltr'><strong>in</strong></span> <span class='ocrx_word' id='word_1_252' title='bbox 3619 839 3743 878; x_wconf 91' lang='lat' dir='ltr'><strong>eum</strong></span> <span class='ocrx_word' id='word_1_253' title='bbox 3777 824 3969 877; x_wconf 84' lang='lat' dir='ltr'><strong>locum.</strong></span> 
     </span>
    </p>
   </div>
   <div class='ocr_carea' id='block_1_36' title="bbox 2410 914 3970 979">
    <p class='ocr_par' dir='ltr' id='par_1_36' title="bbox 2410 914 3970 979">
     <span class='ocr_line' id='line_1_36' title="bbox 2410 914 3970 979; baseline -0.002 -11"><span class='ocrx_word' id='word_1_254' title='bbox 2410 914 2488 968; x_wconf 88' lang='lat' dir='ltr'><strong>Illi</strong></span> <span class='ocrx_word' id='word_1_255' title='bbox 2517 930 2644 968; x_wconf 86' lang='lat' dir='ltr'><strong>vero</strong></span> <span class='ocrx_word' id='word_1_256' title='bbox 2671 931 2776 968; x_wconf 91' lang='lat' dir='ltr'><strong>non</strong></span> <span class='ocrx_word' id='word_1_257' title='bbox 2808 931 2864 971; x_wconf 85' lang='lat' dir='ltr'><strong>se</strong></span> <span class='ocrx_word' id='word_1_258' title='bbox 2893 931 3085 969; x_wconf 91' lang='lat' dir='ltr'><strong>somno</strong></span> <span class='ocrx_word' id='word_1_259' title='bbox 3108 916 3390 979; x_wconf 86' lang='lat' dir='ltr'><strong>dederunt,</strong></span> <span class='ocrx_word' id='word_1_260' title='bbox 3444 916 3536 970; x_wconf 76' lang='lat' dir='ltr'><strong>sed</strong></span> <span class='ocrx_word' id='word_1_261' title='bbox 3581 923 3706 970; x_wconf 83' lang='lat' dir='ltr'><strong>cum</strong></span> <span class='ocrx_word' id='word_1_262' title='bbox 3752 923 3970 967; x_wconf 88' lang='lat' dir='ltr'><strong>noctur-</strong></span> 
     </span>
    </p>
   </div>
   <div class='ocr_carea' id='block_1_37' title="bbox 2412 1008 3972 1077">
    <p class='ocr_par' dir='ltr' id='par_1_37' title="bbox 2412 1008 3972 1077">
     <span class='ocr_line' id='line_1_37' title="bbox 2412 1008 3972 1077; baseline -0.004 -14"><span class='ocrx_word' id='word_1_263' title='bbox 2412 1026 2540 1063; x_wconf 91' lang='lat' dir='ltr'><strong>num</strong></span> <span class='ocrx_word' id='word_1_264' title='bbox 2570 1009 2904 1077; x_wconf 88' lang='lat' dir='ltr'><strong>accepissent</strong></span> <span class='ocrx_word' id='word_1_265' title='bbox 2947 1008 3242 1071; x_wconf 89' lang='lat' dir='ltr'><strong>silentium,</strong></span> <span class='ocrx_word' id='word_1_266' title='bbox 3278 1016 3439 1062; x_wconf 88' lang='lat' dir='ltr'><strong>totam</strong></span> <span class='ocrx_word' id='word_1_267' title='bbox 3469 1016 3684 1060; x_wconf 89' lang='lat' dir='ltr'><strong>noctem</strong></span> <span class='ocrx_word' id='word_1_268' title='bbox 3720 1021 3972 1074; x_wconf 87' lang='lat' dir='ltr'><strong>perseve-</strong></span> 
     </span>
    </p>
   </div>
   <div class='ocr_carea' id='block_1_38' title="bbox 2413 1094 3978 1166">
    <p class='ocr_par' dir='ltr' id='par_1_38' title="bbox 2413 1094 3978 1166">
     <span class='ocr_line' id='line_1_38' title="bbox 2413 1094 3978 1166; baseline -0.005 -14"><span class='ocrx_word' id='word_1_269' title='bbox 2413 1100 2604 1152; x_wconf 86' lang='lat' dir='ltr'><strong>rabant</strong></span> <span class='ocrx_word' id='word_1_270' title='bbox 2636 1101 2688 1151; x_wconf 91' lang='lat' dir='ltr'><strong>in</strong></span> <span class='ocrx_word' id='word_1_271' title='bbox 2718 1099 2979 1160; x_wconf 88' lang='lat' dir='ltr'><strong>oratione,</strong></span> <span class='ocrx_word' id='word_1_272' title='bbox 3006 1105 3060 1150; x_wconf 91' lang='lat' dir='ltr'><strong>et</strong></span> <span class='ocrx_word' id='word_1_273' title='bbox 3090 1113 3212 1151; x_wconf 91' lang='lat' dir='ltr'><strong>cum</strong></span> <span class='ocrx_word' id='word_1_274' title='bbox 3247 1097 3497 1166; x_wconf 75' lang='lat' dir='ltr'><strong>lacrymis</strong></span> <span class='ocrx_word' id='word_1_275' title='bbox 3525 1097 3756 1165; x_wconf 79' lang='lat' dir='ltr'><strong>agebant</strong></span> <span class='ocrx_word' id='word_1_276' title='bbox 3783 1094 3978 1162; x_wconf 80' lang='lat' dir='ltr'><strong>gratias</strong></span> 
     </span>
    </p>
   </div>
   <div class='ocr_carea' id='block_1_39' title="bbox 2413 1186 3979 1261">
    <p class='ocr_par' dir='ltr' id='par_1_39' title="bbox 2413 1186 3979 1261">
     <span class='ocr_line' id='line_1_39' title="bbox 2413 1186 3979 1261; baseline -0.004 -17"><span class='ocrx_word' id='word_1_277' title='bbox 2413 1192 2680 1261; x_wconf 81' lang='lat' dir='ltr'><strong>Deiparae,</strong></span> <span class='ocrx_word' id='word_1_278' title='bbox 2723 1193 2864 1256; x_wconf 88' lang='lat' dir='ltr'><strong>quod</strong></span> <span class='ocrx_word' id='word_1_279' title='bbox 2913 1192 3109 1247; x_wconf 91' lang='lat' dir='ltr'><strong>talibus</strong></span> <span class='ocrx_word' id='word_1_280' title='bbox 3151 1189 3519 1244; x_wconf 89' lang='lat' dir='ltr'><strong>auditionibus</strong></span> <span class='ocrx_word' id='word_1_281' title='bbox 3565 1198 3618 1241; x_wconf 90' lang='lat' dir='ltr'><strong>et</strong></span> <span class='ocrx_word' id='word_1_282' title='bbox 3659 1186 3979 1256; x_wconf 86' lang='lat' dir='ltr'><strong>spectaculis</strong></span> 
     </span>
    </p>
   </div>
   <div class='ocr_carea' id='block_1_40' title="bbox 2413 1279 3974 1357">
    <p class='ocr_par' dir='ltr' id='par_1_40' title="bbox 2413 1279 3974 1357">
     <span class='ocr_line' id='line_1_40' title="bbox 2413 1279 3974 1357; baseline -0.008 -14"><span class='ocrx_word' id='word_1_283' title='bbox 2413 1289 2556 1357; x_wconf 80' lang='lat' dir='ltr'><strong>digni</strong></span> <span class='ocrx_word' id='word_1_284' title='bbox 2584 1295 2763 1340; x_wconf 86' lang='lat' dir='ltr'><strong>essent</strong></span> <span class='ocrx_word' id='word_1_285' title='bbox 2787 1286 2975 1340; x_wconf 89' lang='lat' dir='ltr'><strong>habiti.</strong></span> <span class='ocrx_word' id='word_1_286' title='bbox 3008 1286 3143 1340; x_wconf 86' lang='lat' dir='ltr'><strong>Cum</strong></span> <span class='ocrx_word' id='word_1_287' title='bbox 3175 1293 3354 1338; x_wconf 88' lang='lat' dir='ltr'><strong>autem</strong></span> <span class='ocrx_word' id='word_1_288' title='bbox 3387 1297 3479 1336; x_wconf 90' lang='lat' dir='ltr'><strong>eos</strong></span> <span class='ocrx_word' id='word_1_289' title='bbox 3505 1280 3595 1351; x_wconf 92' lang='lat' dir='ltr'><strong>qui</strong></span> <span class='ocrx_word' id='word_1_290' title='bbox 3617 1279 3974 1350; x_wconf 67' lang='lat' dir='ltr'><strong>aegrotabant,</strong></span> 
     </span>
    </p>
   </div>
   <div class='ocr_carea' id='block_1_41' title="bbox 2413 1371 3976 1448">
    <p class='ocr_par' dir='ltr' id='par_1_41' title="bbox 2413 1371 3976 1448">
     <span class='ocr_line' id='line_1_41' title="bbox 2413 1371 3976 1448; baseline -0.009 -13"><span class='ocrx_word' id='word_1_291' title='bbox 2413 1381 2676 1435; x_wconf 79' lang='lat' dir='ltr'><strong>vidissent</strong></span> <span class='ocrx_word' id='word_1_292' title='bbox 2696 1394 2886 1432; x_wconf 84' lang='lat' dir='ltr'><strong>somno</strong></span> <span class='ocrx_word' id='word_1_293' title='bbox 2911 1393 3218 1448; x_wconf 91' lang='lat' dir='ltr'><strong>oppressos,</strong></span> <span class='ocrx_word' id='word_1_294' title='bbox 3243 1375 3541 1429; x_wconf 88' lang='lat' dir='ltr'><strong>metiuntur</strong></span> <span class='ocrx_word' id='word_1_295' title='bbox 3561 1389 3624 1427; x_wconf 79' lang='lat' dir='ltr'><strong>ex</strong></span> <span class='ocrx_word' id='word_1_296' title='bbox 3650 1371 3801 1424; x_wconf 88' lang='lat' dir='ltr'><strong>omni</strong></span> <span class='ocrx_word' id='word_1_297' title='bbox 3833 1381 3976 1436; x_wconf 84' lang='lat' dir='ltr'><strong>parte</strong></span> 
     </span>
    </p>
   </div>
   <div class='ocr_carea' id='block_1_42' title="bbox 2414 1463 3980 1540">
    <p class='ocr_par' dir='ltr' id='par_1_42' title="bbox 2414 1463 3980 1540">
     <span class='ocr_line' id='line_1_42' title="bbox 2414 1463 3980 1540; baseline -0.01 -10"><span class='ocrx_word' id='word_1_298' title='bbox 2414 1476 2674 1530; x_wconf 90' lang='lat' dir='ltr'><strong>ambitum</strong></span> <span class='ocrx_word' id='word_1_299' title='bbox 2709 1488 2867 1534; x_wconf 72' lang='lat' dir='ltr'><strong>arcte,</strong></span> <span class='ocrx_word' id='word_1_300' title='bbox 2899 1473 2951 1525; x_wconf 93' lang='lat' dir='ltr'><strong>in</strong></span> <span class='ocrx_word' id='word_1_301' title='bbox 2984 1485 3086 1540; x_wconf 88' lang='lat' dir='ltr'><strong>qua</strong></span> <span class='ocrx_word' id='word_1_302' title='bbox 3127 1477 3243 1523; x_wconf 90' lang='lat' dir='ltr'><strong>erat</strong></span> <span class='ocrx_word' id='word_1_303' title='bbox 3276 1468 3516 1522; x_wconf 84' lang='lat' dir='ltr'><strong>divinum</strong></span> <span class='ocrx_word' id='word_1_304' title='bbox 3565 1466 3865 1536; x_wconf 84' lang='lat' dir='ltr'><strong>repositum</strong></span> <span class='ocrx_word' id='word_1_305' title='bbox 3902 1463 3980 1514; x_wconf 90' lang='lat' dir='ltr'><strong>in—</strong></span> 
     </span>
    </p>
   </div>
   <div class='ocr_carea' id='block_1_43' title="bbox 2415 1555 3979 1635">
    <p class='ocr_par' dir='ltr' id='par_1_43' title="bbox 2415 1555 3979 1635">
     <span class='ocr_line' id='line_1_43' title="bbox 2415 1555 3979 1635; baseline -0.013 -9"><span class='ocrx_word' id='word_1_306' title='bbox 2415 1571 2731 1626; x_wconf 90' lang='lat' dir='ltr'><strong>dumentum</strong></span> <span class='ocrx_word' id='word_1_307' title='bbox 2767 1585 2780 1620; x_wconf 87' lang='lat'><strong>:</strong></span> <span class='ocrx_word' id='word_1_308' title='bbox 2813 1567 3093 1635; x_wconf 86' lang='lat' dir='ltr'><strong>ipsamque</strong></span> <span class='ocrx_word' id='word_1_309' title='bbox 3137 1563 3263 1632; x_wconf 82' lang='lat' dir='ltr'><strong>ligni</strong></span> <span class='ocrx_word' id='word_1_310' title='bbox 3321 1562 3555 1633; x_wconf 86' lang='lat' dir='ltr'><strong>speciem</strong></span> <span class='ocrx_word' id='word_1_311' title='bbox 3596 1567 3650 1613; x_wconf 88' lang='lat' dir='ltr'><strong>et</strong></span> <span class='ocrx_word' id='word_1_312' title='bbox 3698 1555 3979 1610; x_wconf 88' lang='lat' dir='ltr'><strong>habitudi-</strong></span> 
     </span>
    </p>
   </div>
   <div class='ocr_carea' id='block_1_44' title="bbox 2417 1644 3976 1729">
    <p class='ocr_par' dir='ltr' id='par_1_44' title="bbox 2417 1644 3976 1729">
     <span class='ocr_line' id='line_1_44' title="bbox 2417 1644 3976 1729; baseline -0.013 -14"><span class='ocrx_word' id='word_1_313' title='bbox 2417 1677 2561 1724; x_wconf 90' lang='lat' dir='ltr'><strong>nem,</strong></span> <span class='ocrx_word' id='word_1_314' title='bbox 2593 1677 2657 1715; x_wconf 81' lang='lat' dir='ltr'><strong>ex</strong></span> <span class='ocrx_word' id='word_1_315' title='bbox 2687 1674 2793 1729; x_wconf 83' lang='lat' dir='ltr'><strong>quo</strong></span> <span class='ocrx_word' id='word_1_316' title='bbox 2822 1667 2936 1712; x_wconf 90' lang='lat' dir='ltr'><strong>erat</strong></span> <span class='ocrx_word' id='word_1_317' title='bbox 2957 1672 3103 1720; x_wconf 90' lang='lat' dir='ltr'><strong>arca,</strong></span> <span class='ocrx_word' id='word_1_318' title='bbox 3149 1661 3398 1710; x_wconf 88' lang='lat' dir='ltr'><strong>accurate</strong></span> <span class='ocrx_word' id='word_1_319' title='bbox 3438 1648 3726 1705; x_wconf 84' lang='lat' dir='ltr'><strong>admodum</strong></span> <span class='ocrx_word' id='word_1_320' title='bbox 3777 1658 3833 1700; x_wconf 90' lang='lat' dir='ltr'><strong>et</strong></span> <span class='ocrx_word' id='word_1_321' title='bbox 3861 1644 3976 1699; x_wconf 69' lang='lat' dir='ltr'><strong>dilio</strong></span> 
     </span>
    </p>
   </div>
   <div class='ocr_carea' id='block_1_45' title="bbox 2417 1738 3982 1824">
    <p class='ocr_par' dir='ltr' id='par_1_45' title="bbox 2417 1738 3982 1824">
     <span class='ocr_line' id='line_1_45' title="bbox 2417 1738 3982 1824; baseline -0.012 -17"><span class='ocrx_word' id='word_1_322' title='bbox 2417 1763 2604 1824; x_wconf 82' lang='lat' dir='ltr'><strong>genter</strong></span> <span class='ocrx_word' id='word_1_323' title='bbox 2626 1752 2991 1806; x_wconf 86' lang='lat' dir='ltr'><strong>considerant.</strong></span> <span class='ocrx_word' id='word_1_324' title='bbox 3023 1748 3227 1802; x_wconf 88' lang='lat' dir='ltr'><strong>Deinde</strong></span> <span class='ocrx_word' id='word_1_325' title='bbox 3257 1759 3417 1800; x_wconf 89' lang='lat' dir='ltr'><strong>mane</strong></span> <span class='ocrx_word' id='word_1_326' title='bbox 3453 1740 3673 1814; x_wconf 84' lang='lat' dir='ltr'><strong>egressi,</strong></span> <span class='ocrx_word' id='word_1_327' title='bbox 3720 1748 3775 1792; x_wconf 86' lang='lat' dir='ltr'><strong>et</strong></span> <span class='ocrx_word' id='word_1_328' title='bbox 3812 1738 3982 1791; x_wconf 85' lang='lat' dir='ltr'><strong>hone-</strong></span> 
     </span>
    </p>
   </div>
   <div class='ocr_carea' id='block_1_46' title="bbox 2421 1840 3986 1902">
    <p class='ocr_par' dir='ltr' id='par_1_46' title="bbox 2421 1840 3986 1902">
     <span class='ocr_line' id='line_1_46' title="bbox 2421 1840 3986 1902; baseline -0.01 -1"><span class='ocrx_word' id='word_1_329' title='bbox 2421 1857 2557 1902; x_wconf 89' lang='lat' dir='ltr'><strong>stam</strong></span> <span class='ocrx_word' id='word_1_330' title='bbox 2609 1846 2912 1900; x_wconf 89' lang='lat' dir='ltr'><strong>salutarunt</strong></span> <span class='ocrx_word' id='word_1_331' title='bbox 2967 1842 3246 1896; x_wconf 84' lang='lat' dir='ltr'><strong>mulierem</strong></span> <span class='ocrx_word' id='word_1_332' title='bbox 3284 1879 3297 1899; x_wconf 89' lang='lat'><strong>,</strong></span> <span class='ocrx_word' id='word_1_333' title='bbox 3340 1845 3395 1891; x_wconf 86' lang='lat' dir='ltr'><strong>el</strong></span> <span class='ocrx_word' id='word_1_334' title='bbox 3438 1851 3559 1890; x_wconf 85' lang='lat' dir='ltr'><strong>cum</strong></span> <span class='ocrx_word' id='word_1_335' title='bbox 3607 1840 3889 1902; x_wconf 88' lang='lat' dir='ltr'><strong>rogassent.</strong></span> <span class='ocrx_word' id='word_1_336' title='bbox 3932 1841 3986 1885; x_wconf 90' lang='lat' dir='ltr'><strong>ut</strong></span> 
     </span>
    </p>
   </div>
   <div class='ocr_carea' id='block_1_47' title="bbox 2419 1922 3982 2007">
    <p class='ocr_par' dir='ltr' id='par_1_47' title="bbox 2419 1922 3982 2007">
     <span class='ocr_line' id='line_1_47' title="bbox 2419 1922 3982 2007; baseline -0.016 -12"><span class='ocrx_word' id='word_1_337' title='bbox 2419 1943 2676 1995; x_wconf 88' lang='lat' dir='ltr'><strong>audacter</strong></span> <span class='ocrx_word' id='word_1_338' title='bbox 2707 1938 2939 2007; x_wconf 89' lang='lat' dir='ltr'><strong>juberet,</strong></span> <span class='ocrx_word' id='word_1_339' title='bbox 2976 1934 3018 1989; x_wconf 90' lang='lat' dir='ltr'><strong>si</strong></span> <span class='ocrx_word' id='word_1_340' title='bbox 3047 1933 3174 2003; x_wconf 91' lang='lat' dir='ltr'><strong>quid</strong></span> <span class='ocrx_word' id='word_1_341' title='bbox 3207 1932 3308 1985; x_wconf 92' lang='lat' dir='ltr'><strong>sibi</strong></span> <span class='ocrx_word' id='word_1_342' title='bbox 3343 1944 3480 1995; x_wconf 85' lang='lat' dir='ltr'><strong>opus</strong></span> <span class='ocrx_word' id='word_1_343' title='bbox 3506 1935 3650 1981; x_wconf 88' lang='lat' dir='ltr'><strong>esset</strong></span> <span class='ocrx_word' id='word_1_344' title='bbox 3674 1922 3982 1990; x_wconf 58' lang='lat' dir='ltr'><strong>Hierosoly.</strong></span> 
     </span>
    </p>
   </div>
   <div class='ocr_carea' id='block_1_48' title="bbox 2417 2014 3982 2094">
    <p class='ocr_par' dir='ltr' id='par_1_48' title="bbox 2417 2014 3982 2094">
     <span class='ocr_line' id='line_1_48' title="bbox 2417 2014 3982 2094; baseline -0.018 -3"><span class='ocrx_word' id='word_1_345' title='bbox 2417 2037 2537 2094; x_wconf 86' lang='lat' dir='ltr'><strong>mis,</strong></span> <span class='ocrx_word' id='word_1_346' title='bbox 2567 2050 2623 2089; x_wconf 89' lang='lat' dir='ltr'><strong>se</strong></span> <span class='ocrx_word' id='word_1_347' title='bbox 2656 2033 2796 2089; x_wconf 89' lang='lat' dir='ltr'><strong>enim</strong></span> <span class='ocrx_word' id='word_1_348' title='bbox 2826 2044 3012 2083; x_wconf 90' lang='lat' dir='ltr'><strong>rursus</strong></span> <span class='ocrx_word' id='word_1_349' title='bbox 3031 2028 3095 2080; x_wconf 89' lang='lat' dir='ltr'><strong>ad</strong></span> <span class='ocrx_word' id='word_1_350' title='bbox 3127 2027 3298 2094; x_wconf 88' lang='lat' dir='ltr'><strong>ipsam</strong></span> <span class='ocrx_word' id='word_1_351' title='bbox 3327 2029 3582 2074; x_wconf 87' lang='lat' dir='ltr'><strong>venturos</strong></span> <span class='ocrx_word' id='word_1_352' title='bbox 3618 2032 3715 2084; x_wconf 89' lang='lat' dir='ltr'><strong>per</strong></span> <span class='ocrx_word' id='word_1_353' title='bbox 3740 2014 3982 2068; x_wconf 84' lang='lat' dir='ltr'><strong>eamdem</strong></span> 
     </span>
    </p>
   </div>
   <div class='ocr_carea' id='block_1_49' title="bbox 2417 2106 3986 2194">
    <p class='ocr_par' dir='ltr' id='par_1_49' title="bbox 2417 2106 3986 2194">
     <span class='ocr_line' id='line_1_49' title="bbox 2417 2106 3986 2194; baseline -0.019 -8"><span class='ocrx_word' id='word_1_354' title='bbox 2417 2133 2580 2194; x_wconf 92' lang='lat' dir='ltr'><strong>viam,</strong></span> <span class='ocrx_word' id='word_1_355' title='bbox 2602 2129 2834 2183; x_wconf 90' lang='lat' dir='ltr'><strong>inierunt</strong></span> <span class='ocrx_word' id='word_1_356' title='bbox 2855 2127 2954 2178; x_wconf 89' lang='lat' dir='ltr'><strong>iter</strong></span> <span class='ocrx_word' id='word_1_357' title='bbox 2972 2135 3160 2177; x_wconf 85' lang='lat' dir='ltr'><strong>versus</strong></span> <span class='ocrx_word' id='word_1_358' title='bbox 3180 2114 3497 2174; x_wconf 81' lang='lat' dir='ltr'><strong>Jerusalem,</strong></span> <span class='ocrx_word' id='word_1_359' title='bbox 3521 2125 3640 2165; x_wconf 93' lang='lat' dir='ltr'><strong>cum</strong></span> <span class='ocrx_word' id='word_1_360' title='bbox 3663 2108 3749 2162; x_wconf 91' lang='lat' dir='ltr'><strong>illa</strong></span> <span class='ocrx_word' id='word_1_361' title='bbox 3768 2106 3986 2160; x_wconf 78' lang='lat' dir='ltr'><strong>dixisset</strong></span> 
     </span>
    </p>
   </div>
   <div class='ocr_carea' id='block_1_50' title="bbox 2419 2207 3985 2288">
    <p class='ocr_par' dir='ltr' id='par_1_50' title="bbox 2419 2207 3985 2288">
     <span class='ocr_line' id='line_1_50' title="bbox 2419 2207 3985 2288; baseline -0.02 -7"><span class='ocrx_word' id='word_1_362' title='bbox 2419 2243 2475 2281; x_wconf 90' lang='lat' dir='ltr'><strong>se</strong></span> <span class='ocrx_word' id='word_1_363' title='bbox 2501 2225 2647 2278; x_wconf 90' lang='lat' dir='ltr'><strong>nullo</strong></span> <span class='ocrx_word' id='word_1_364' title='bbox 2685 2222 2788 2275; x_wconf 89' lang='lat' dir='ltr'><strong>alio</strong></span> <span class='ocrx_word' id='word_1_365' title='bbox 2829 2234 3006 2288; x_wconf 89' lang='lat' dir='ltr'><strong>egere,</strong></span> <span class='ocrx_word' id='word_1_366' title='bbox 3047 2216 3150 2268; x_wconf 88' lang='lat' dir='ltr'><strong>nisi</strong></span> <span class='ocrx_word' id='word_1_367' title='bbox 3187 2227 3373 2266; x_wconf 91' lang='lat' dir='ltr'><strong>eorum</strong></span> <span class='ocrx_word' id='word_1_368' title='bbox 3415 2207 3692 2278; x_wconf 87' lang='lat' dir='ltr'><strong>precibus,</strong></span> <span class='ocrx_word' id='word_1_369' title='bbox 3721 2212 3776 2256; x_wconf 90' lang='lat' dir='ltr'><strong>et</strong></span> <span class='ocrx_word' id='word_1_370' title='bbox 3807 2210 3867 2258; x_wconf 86' lang='lat' dir='ltr'><strong>ut</strong></span> <span class='ocrx_word' id='word_1_371' title='bbox 3901 2214 3985 2255; x_wconf 87' lang='lat' dir='ltr'><strong>eos</strong></span> 
     </span>
    </p>
   </div>
   <div class='ocr_carea' id='block_1_51' title="bbox 2420 2306 3375 2371">
    <p class='ocr_par' dir='ltr' id='par_1_51' title="bbox 2420 2306 3375 2371">
     <span class='ocr_line' id='line_1_51' title="bbox 2420 2306 3375 2371; baseline -0.015 0"><span class='ocrx_word' id='word_1_372' title='bbox 2420 2332 2609 2371; x_wconf 91' lang='lat' dir='ltr'><strong>rursus</strong></span> <span class='ocrx_word' id='word_1_373' title='bbox 2655 2315 2802 2367; x_wconf 57' lang='lat' dir='ltr'><strong>laetos</strong></span> <span class='ocrx_word' id='word_1_374' title='bbox 2836 2311 3041 2363; x_wconf 88' lang='lat' dir='ltr'><strong>videret</strong></span> <span class='ocrx_word' id='word_1_375' title='bbox 3070 2315 3122 2360; x_wconf 85' lang='lat' dir='ltr'><strong>et</strong></span> <span class='ocrx_word' id='word_1_376' title='bbox 3148 2306 3375 2358; x_wconf 86' lang='lat' dir='ltr'><strong>alacres.</strong></span> 
     </span>
    </p>
   </div>
   <div class='ocr_carea' id='block_1_52' title="bbox 2493 2386 3984 2466">
    <p class='ocr_par' dir='ltr' id='par_1_52' title="bbox 2493 2386 3984 2466">
     <span class='ocr_line' id='line_1_52' title="bbox 2493 2386 3984 2466; baseline -0.017 -5"><span class='ocrx_word' id='word_1_377' title='bbox 2493 2409 2554 2462; x_wconf 83' lang='lat' dir='ltr'><strong>L.</strong></span> <span class='ocrx_word' id='word_1_378' title='bbox 2585 2405 2719 2459; x_wconf 88' lang='lat' dir='ltr'><strong>Cum</strong></span> <span class='ocrx_word' id='word_1_379' title='bbox 2758 2403 2988 2455; x_wconf 89' lang='lat' dir='ltr'><strong>fuissent</strong></span> <span class='ocrx_word' id='word_1_380' title='bbox 3021 2398 3201 2466; x_wconf 90' lang='lat' dir='ltr'><strong>itaque</strong></span> <span class='ocrx_word' id='word_1_381' title='bbox 3250 2390 3637 2458; x_wconf 78' lang='lat' dir='ltr'><strong>Hierosolymis</strong></span> <span class='ocrx_word' id='word_1_382' title='bbox 3679 2386 3904 2441; x_wconf 87' lang='lat' dir='ltr'><strong>Galbius</strong></span> <span class='ocrx_word' id='word_1_383' title='bbox 3934 2395 3984 2436; x_wconf 88' lang='lat' dir='ltr'><strong>et</strong></span> 
     </span>
    </p>
   </div>
   <div class='ocr_carea' id='block_1_53' title="bbox 2423 2476 3982 2563">
    <p class='ocr_par' dir='ltr' id='par_1_53' title="bbox 2423 2476 3982 2563">
     <span class='ocr_line' id='line_1_53' title="bbox 2423 2476 3982 2563; baseline -0.02 -9"><span class='ocrx_word' id='word_1_384' title='bbox 2423 2498 2716 2561; x_wconf 86' lang='lat' dir='ltr'><strong>Candidus,</strong></span> <span class='ocrx_word' id='word_1_385' title='bbox 2745 2504 2799 2549; x_wconf 89' lang='lat' dir='ltr'><strong>et</strong></span> <span class='ocrx_word' id='word_1_386' title='bbox 2828 2493 3022 2563; x_wconf 89' lang='lat' dir='ltr'><strong>partim</strong></span> <span class='ocrx_word' id='word_1_387' title='bbox 3069 2486 3286 2556; x_wconf 90' lang='lat' dir='ltr'><strong>quidem</strong></span> <span class='ocrx_word' id='word_1_388' title='bbox 3319 2485 3426 2539; x_wconf 92' lang='lat' dir='ltr'><strong>Deo</strong></span> <span class='ocrx_word' id='word_1_389' title='bbox 3468 2493 3658 2550; x_wconf 89' lang='lat' dir='ltr'><strong>preces</strong></span> <span class='ocrx_word' id='word_1_390' title='bbox 3691 2476 3982 2533; x_wconf 87' lang='lat' dir='ltr'><strong>fudissent,</strong></span> 
     </span>
    </p>
   </div>
   <div class='ocr_carea' id='block_1_54' title="bbox 2421 2564 3986 2665">
    <p class='ocr_par' dir='ltr' id='par_1_54' title="bbox 2421 2564 3986 2665">
     <span class='ocr_line' id='line_1_54' title="bbox 2421 2564 3986 2665; baseline -0.022 -18"><span class='ocrx_word' id='word_1_391' title='bbox 2421 2594 2617 2665; x_wconf 88' lang='lat' dir='ltr'><strong>partim</strong></span> <span class='ocrx_word' id='word_1_392' title='bbox 2652 2598 2832 2644; x_wconf 89' lang='lat' dir='ltr'><strong>autem</strong></span> <span class='ocrx_word' id='word_1_393' title='bbox 2881 2581 3208 2654; x_wconf 86' lang='lat' dir='ltr'><strong>pauperibus</strong></span> <span class='ocrx_word' id='word_1_394' title='bbox 3258 2587 3311 2632; x_wconf 89' lang='lat' dir='ltr'><strong>et</strong></span> <span class='ocrx_word' id='word_1_395' title='bbox 3357 2571 3641 2645; x_wconf 84' lang='lat' dir='ltr'><strong>egentibus</strong></span> <span class='ocrx_word' id='word_1_396' title='bbox 3695 2564 3986 2620; x_wconf 88' lang='lat' dir='ltr'><strong>Iiberaliori</strong></span> 
     </span>
    </p>
   </div>
   <div class='ocr_carea' id='block_1_55' title="bbox 2423 2665 3989 2743">
    <p class='ocr_par' dir='ltr' id='par_1_55' title="bbox 2423 2665 3989 2743">
     <span class='ocr_line' id='line_1_55' title="bbox 2423 2665 3989 2743; baseline -0.022 -3"><span class='ocrx_word' id='word_1_397' title='bbox 2423 2688 2640 2741; x_wconf 75' lang='lat' dir='ltr'><strong>dextera</strong></span> <span class='ocrx_word' id='word_1_398' title='bbox 2690 2681 3090 2743; x_wconf 79' lang='lat' dir='ltr'><strong>elccmosynam</strong></span> <span class='ocrx_word' id='word_1_399' title='bbox 3142 2672 3477 2736; x_wconf 88' lang='lat' dir='ltr'><strong>erogassent,</strong></span> <span class='ocrx_word' id='word_1_400' title='bbox 3533 2671 3748 2715; x_wconf 87' lang='lat' dir='ltr'><strong>secrete</strong></span> <span class='ocrx_word' id='word_1_401' title='bbox 3795 2665 3989 2708; x_wconf 78' lang='lat' dir='ltr'><strong>vocant</strong></span> 
     </span>
    </p>
   </div>
   <div class='ocr_carea' id='block_1_56' title="bbox 2423 2747 3988 2850">
    <p class='ocr_par' dir='ltr' id='par_1_56' title="bbox 2423 2747 3988 2847">
     <span class='ocr_line' id='line_1_56' title="bbox 2423 2747 3988 2847; baseline -0.02 -16"><span class='ocrx_word' id='word_1_402' title='bbox 2423 2775 2683 2847; x_wconf 89' lang='lat' dir='ltr'><strong>quosdam</strong></span> <span class='ocrx_word' id='word_1_403' title='bbox 2724 2771 2905 2824; x_wconf 80' lang='lat' dir='ltr'><strong>fabros</strong></span> <span class='ocrx_word' id='word_1_404' title='bbox 2963 2760 3240 2834; x_wconf 88' lang='lat' dir='ltr'><strong>lignarios,</strong></span> <span class='ocrx_word' id='word_1_405' title='bbox 3303 2758 3498 2827; x_wconf 87' lang='lat' dir='ltr'><strong>quibus</strong></span> <span class='ocrx_word' id='word_1_406' title='bbox 3553 2753 3766 2822; x_wconf 87' lang='lat' dir='ltr'><strong>jubent,</strong></span> <span class='ocrx_word' id='word_1_407' title='bbox 3814 2758 3872 2801; x_wconf 90' lang='lat' dir='ltr'><strong>ut</strong></span> <span class='ocrx_word' id='word_1_408' title='bbox 3913 2747 3988 2801; x_wconf 87' lang='lat' dir='ltr'><strong>eis</strong></span> 
     </span>
    </p>
   </div>
   <div class='ocr_carea' id='block_1_57' title="bbox 2424 2852 3986 2926">
    <p class='ocr_par' dir='ltr' id='par_1_57' title="bbox 2424 2852 3986 2926">
     <span class='ocr_line' id='line_1_57' title="bbox 2424 2852 3986 2926; baseline -0.021 -1"><span class='ocrx_word' id='word_1_409' title='bbox 2424 2876 2744 2926; x_wconf 83' lang='lat' dir='ltr'><strong>construant</strong></span> <span class='ocrx_word' id='word_1_410' title='bbox 2774 2876 2953 2918; x_wconf 88' lang='lat' dir='ltr'><strong>arcam</strong></span> <span class='ocrx_word' id='word_1_411' title='bbox 2991 2866 3044 2912; x_wconf 91' lang='lat' dir='ltr'><strong>ct</strong></span> <span class='ocrx_word' id='word_1_412' title='bbox 3075 2857 3266 2918; x_wconf 83' lang='lat' dir='ltr'><strong>forma,</strong></span> <span class='ocrx_word' id='word_1_413' title='bbox 3306 2862 3359 2907; x_wconf 89' lang='lat' dir='ltr'><strong>et</strong></span> <span class='ocrx_word' id='word_1_414' title='bbox 3395 2852 3580 2921; x_wconf 81' lang='lat' dir='ltr'><strong>ﬁgura,</strong></span> <span class='ocrx_word' id='word_1_415' title='bbox 3615 2855 3668 2900; x_wconf 88' lang='lat' dir='ltr'><strong>et</strong></span> <span class='ocrx_word' id='word_1_416' title='bbox 3715 2852 3986 2913; x_wconf 80' lang='lat' dir='ltr'><strong>magnitu-</strong></span> 
     </span>
    </p>
   </div>
   <div class='ocr_carea' id='block_1_58' title="bbox 2424 2940 3990 3028">
    <p class='ocr_par' dir='ltr' id='par_1_58' title="bbox 2424 2940 3990 3028">
     <span class='ocr_line' id='line_1_58' title="bbox 2424 2940 3990 3028; baseline -0.021 -8"><span class='ocrx_word' id='word_1_417' title='bbox 2424 2966 2547 3020; x_wconf 89' lang='lat' dir='ltr'><strong>dine</strong></span> <span class='ocrx_word' id='word_1_418' title='bbox 2583 2962 2681 3024; x_wconf 89' lang='lat' dir='ltr'><strong>illi,</strong></span> <span class='ocrx_word' id='word_1_419' title='bbox 2718 2972 2880 3028; x_wconf 90' lang='lat' dir='ltr'><strong>quam</strong></span> <span class='ocrx_word' id='word_1_420' title='bbox 2914 2954 3181 3013; x_wconf 88' lang='lat' dir='ltr'><strong>viderant,</strong></span> <span class='ocrx_word' id='word_1_421' title='bbox 3219 2947 3473 3007; x_wconf 89' lang='lat' dir='ltr'><strong>similem,</strong></span> <span class='ocrx_word' id='word_1_422' title='bbox 3505 2940 3827 2995; x_wconf 89' lang='lat' dir='ltr'><strong>mandantes</strong></span> <span class='ocrx_word' id='word_1_423' title='bbox 3858 2949 3990 3006; x_wconf 73' lang='lat' dir='ltr'><strong>prae-</strong></span> 
     </span>
    </p>
   </div>
   <div class='ocr_carea' id='block_1_59' title="bbox 2427 3030 3991 3115">
    <p class='ocr_par' dir='ltr' id='par_1_59' title="bbox 2427 3030 3991 3115">
     <span class='ocr_line' id='line_1_59' title="bbox 2427 3030 3991 3115; baseline -0.022 -4"><span class='ocrx_word' id='word_1_424' title='bbox 2427 3067 2595 3115; x_wconf 87' lang='lat' dir='ltr'><strong>terea,</strong></span> <span class='ocrx_word' id='word_1_425' title='bbox 2638 3062 2697 3106; x_wconf 92' lang='lat' dir='ltr'><strong>ut</strong></span> <span class='ocrx_word' id='word_1_426' title='bbox 2739 3052 3064 3102; x_wconf 86' lang='lat' dir='ltr'><strong>formaretur</strong></span> <span class='ocrx_word' id='word_1_427' title='bbox 3117 3041 3280 3094; x_wconf 88' lang='lat' dir='ltr'><strong>etiam</strong></span> <span class='ocrx_word' id='word_1_428' title='bbox 3323 3051 3388 3090; x_wconf 82' lang='lat' dir='ltr'><strong>ex</strong></span> <span class='ocrx_word' id='word_1_429' title='bbox 3439 3035 3582 3104; x_wconf 89' lang='lat' dir='ltr'><strong>ligno</strong></span> <span class='ocrx_word' id='word_1_430' title='bbox 3635 3030 3832 3092; x_wconf 87' lang='lat' dir='ltr'><strong>veteri,</strong></span> <span class='ocrx_word' id='word_1_431' title='bbox 3888 3041 3991 3095; x_wconf 92' lang='lat' dir='ltr'><strong>quo</strong></span> 
     </span>
    </p>
   </div>
   <div class='ocr_carea' id='block_1_60' title="bbox 2424 3121 3992 3201">
    <p class='ocr_par' dir='ltr' id='par_1_60' title="bbox 2424 3121 3992 3201">
     <span class='ocr_line' id='line_1_60' title="bbox 2424 3121 3992 3201; baseline -0.019 -3"><span class='ocrx_word' id='word_1_432' title='bbox 2424 3145 2563 3198; x_wconf 90' lang='lat' dir='ltr'><strong>nihil</strong></span> <span class='ocrx_word' id='word_1_433' title='bbox 2615 3144 2672 3195; x_wconf 86' lang='lat' dir='ltr'><strong>in</strong></span> <span class='ocrx_word' id='word_1_434' title='bbox 2718 3155 2778 3193; x_wconf 89' lang='lat' dir='ltr'><strong>ea</strong></span> <span class='ocrx_word' id='word_1_435' title='bbox 2829 3144 3162 3194; x_wconf 88' lang='lat' dir='ltr'><strong>cerneretur,</strong></span> <span class='ocrx_word' id='word_1_436' title='bbox 3216 3130 3358 3201; x_wconf 90' lang='lat' dir='ltr'><strong>quod</strong></span> <span class='ocrx_word' id='word_1_437' title='bbox 3400 3143 3509 3180; x_wconf 91' lang='lat' dir='ltr'><strong>non</strong></span> <span class='ocrx_word' id='word_1_438' title='bbox 3549 3131 3695 3178; x_wconf 88' lang='lat' dir='ltr'><strong>esset</strong></span> <span class='ocrx_word' id='word_1_439' title='bbox 3746 3121 3894 3174; x_wconf 90' lang='lat' dir='ltr'><strong>omni</strong></span> <span class='ocrx_word' id='word_1_440' title='bbox 3931 3133 3992 3169; x_wconf 81' lang='lat' dir='ltr'><strong>ex</strong></span> 
     </span>
    </p>
   </div>
   <div class='ocr_carea' id='block_1_61' title="bbox 755 3209 3989 3308">
    <p class='ocr_par' dir='ltr' id='par_1_61' title="bbox 755 3209 3989 3308">
     <span class='ocr_line' id='line_1_61' title="bbox 755 3209 3989 3308; baseline -0.008 -21"><span class='ocrx_word' id='word_1_441' title='bbox 755 3220 898 3291; x_wconf 79' lang='lat' dir='ltr'><strong>quod</strong></span> <span class='ocrx_word' id='word_1_442' title='bbox 933 3239 962 3277; x_wconf 83' lang='lat' dir='ltr'><strong>a</strong></span> <span class='ocrx_word' id='word_1_443' title='bbox 995 3224 1153 3277; x_wconf 83' lang='lat' dir='ltr'><strong>nobis</strong></span> <span class='ocrx_word' id='word_1_444' title='bbox 1189 3224 1420 3287; x_wconf 79' lang='lat' dir='ltr'><strong>dicetur.</strong></span> <span class='ocrx_word' id='word_1_445' title='bbox 1460 3225 1597 3292; x_wconf 73' lang='lat' dir='ltr'><strong>apud</strong></span> <span class='ocrx_word' id='word_1_446' title='bbox 1663 3241 1757 3276; x_wconf 82' lang='lat' dir='ltr'><strong>vos</strong></span> <span class='ocrx_word' id='word_1_447' title='bbox 1821 3225 2175 3278; x_wconf 65' lang='lat' dir='ltr'><strong>conservelis.</strong></span> <span class='ocrx_word' id='word_1_448' title='bbox 2211 3224 2321 3277; x_wconf 81' lang='lat' dir='ltr'><strong>Ma-</strong></span> <span class='ocrx_word' id='word_1_449' title='bbox 2346 3222 2391 3286; x_wconf 88' lang='lat' dir='ltr'><strong><em>C</em></strong></span> <span class='ocrx_word' id='word_1_450' title='bbox 2427 3246 2579 3308; x_wconf 84' lang='lat' dir='ltr'><strong>parte</strong></span> <span class='ocrx_word' id='word_1_451' title='bbox 2636 3232 2812 3288; x_wconf 82' lang='lat' dir='ltr'><strong>simile</strong></span> <span class='ocrx_word' id='word_1_452' title='bbox 2867 3228 3154 3299; x_wconf 65' lang='lat' dir='ltr'><strong>prtedictae.</strong></span> <span class='ocrx_word' id='word_1_453' title='bbox 3196 3223 3515 3292; x_wconf 77' lang='lat' dir='ltr'><strong>Excogitant</strong></span> <span class='ocrx_word' id='word_1_454' title='bbox 3556 3216 3755 3271; x_wconf 90' lang='lat' dir='ltr'><strong>deinde</strong></span> <span class='ocrx_word' id='word_1_455' title='bbox 3793 3209 3989 3276; x_wconf 90' lang='lat' dir='ltr'><strong>aliquid</strong></span> 
     </span>
    </p>
   </div>
   <div class='ocr_carea' id='block_1_62' title="bbox 758 3313 2322 3381">
    <p class='ocr_par' dir='ltr' id='par_1_62' title="bbox 758 3313 2322 3381">
     <span class='ocr_line' id='line_1_62' title="bbox 758 3313 2322 3381; baseline 0.002 -15"><span class='ocrx_word' id='word_1_456' title='bbox 758 3315 849 3366; x_wconf 72' lang='lat' dir='ltr'><strong>riae</strong></span> <span class='ocrx_word' id='word_1_457' title='bbox 885 3315 1027 3366; x_wconf 89' lang='lat' dir='ltr'><strong>illius</strong></span> <span class='ocrx_word' id='word_1_458' title='bbox 1057 3313 1294 3381; x_wconf 71' lang='lat' dir='ltr'><strong>Deiparaa</strong></span> <span class='ocrx_word' id='word_1_459' title='bbox 1326 3315 1461 3380; x_wconf 89' lang='lat' dir='ltr'><strong>(hoc</strong></span> <span class='ocrx_word' id='word_1_460' title='bbox 1493 3314 1634 3365; x_wconf 88' lang='lat' dir='ltr'><strong>cnim</strong></span> <span class='ocrx_word' id='word_1_461' title='bbox 1664 3321 1750 3367; x_wconf 87' lang='lat' dir='ltr'><strong>est</strong></span> <span class='ocrx_word' id='word_1_462' title='bbox 1780 3314 1937 3368; x_wconf 90' lang='lat' dir='ltr'><strong>nobis</strong></span> <span class='ocrx_word' id='word_1_463' title='bbox 1967 3316 2033 3366; x_wconf 91' lang='lat' dir='ltr'><strong>ab</strong></span> <span class='ocrx_word' id='word_1_464' title='bbox 2059 3314 2165 3368; x_wconf 89' lang='lat' dir='ltr'><strong>alto</strong></span> <span class='ocrx_word' id='word_1_465' title='bbox 2215 3325 2322 3369; x_wconf 87' lang='lat' dir='ltr'><strong>tra-</strong></span> 
     </span>
    </p>
   </div>
   <div class='ocr_carea' id='block_1_63' title="bbox 757 3405 2324 3475">
    <p class='ocr_par' dir='ltr' id='par_1_63' title="bbox 757 3405 2324 3475">
     <span class='ocr_line' id='line_1_63' title="bbox 757 3405 2324 3475; baseline -0.001 -16"><span class='ocrx_word' id='word_1_466' title='bbox 757 3406 965 3472; x_wconf 87' lang='lat' dir='ltr'><strong>ditum)</strong></span> <span class='ocrx_word' id='word_1_467' title='bbox 998 3405 1086 3459; x_wconf 87' lang='lat' dir='ltr'><strong>hic</strong></span> <span class='ocrx_word' id='word_1_468' title='bbox 1117 3406 1382 3460; x_wconf 91' lang='lat' dir='ltr'><strong>custodita</strong></span> <span class='ocrx_word' id='word_1_469' title='bbox 1419 3407 1519 3462; x_wconf 86' lang='lat' dir='ltr'><strong>sita</strong></span> <span class='ocrx_word' id='word_1_470' title='bbox 1566 3416 1646 3461; x_wconf 90' lang='lat' dir='ltr'><strong>est</strong></span> <span class='ocrx_word' id='word_1_471' title='bbox 1681 3407 1866 3460; x_wconf 85' lang='lat' dir='ltr'><strong>vestis.</strong></span> <span class='ocrx_word' id='word_1_472' title='bbox 1913 3407 2324 3475; x_wconf 85' lang='lat' dir='ltr'><strong>Obstupuerunt</strong></span> 
     </span>
    </p>
   </div>
   <div class='ocr_carea' id='block_1_64' title="bbox 759 3498 2321 3566">
    <p class='ocr_par' dir='ltr' id='par_1_64' title="bbox 759 3498 2321 3566">
     <span class='ocr_line' id='line_1_64' title="bbox 759 3498 2321 3566; baseline 0 -15"><span class='ocrx_word' id='word_1_473' title='bbox 759 3499 857 3551; x_wconf 84' lang='lat' dir='ltr'><strong>viri</strong></span> <span class='ocrx_word' id='word_1_474' title='bbox 907 3498 1004 3561; x_wconf 83' lang='lat' dir='ltr'><strong>illi,</strong></span> <span class='ocrx_word' id='word_1_475' title='bbox 1046 3513 1168 3551; x_wconf 90' lang='lat' dir='ltr'><strong>cum</strong></span> <span class='ocrx_word' id='word_1_476' title='bbox 1241 3499 1414 3551; x_wconf 86' lang='lat' dir='ltr'><strong>solum</strong></span> <span class='ocrx_word' id='word_1_477' title='bbox 1468 3500 1545 3551; x_wconf 90' lang='lat' dir='ltr'><strong>rei</strong></span> <span class='ocrx_word' id='word_1_478' title='bbox 1604 3500 1904 3550; x_wconf 87' lang='lat' dir='ltr'><strong>audiissent</strong></span> <span class='ocrx_word' id='word_1_479' title='bbox 1978 3499 2321 3566; x_wconf 88' lang='lat' dir='ltr'><strong>principium.</strong></span> 
     </span>
    </p>
   </div>
   <div class='ocr_carea' id='block_1_65' title="bbox 758 3587 2326 3657">
    <p class='ocr_par' dir='ltr' id='par_1_65' title="bbox 758 3587 2326 3657">
     <span class='ocr_line' id='line_1_65' title="bbox 758 3587 2326 3657; baseline -0.001 -14"><span class='ocrx_word' id='word_1_480' title='bbox 758 3587 965 3643; x_wconf 82' lang='lat' dir='ltr'><strong>Deinde</strong></span> <span class='ocrx_word' id='word_1_481' title='bbox 994 3589 1257 3657; x_wconf 87' lang='lat' dir='ltr'><strong>adjiciens</strong></span> <span class='ocrx_word' id='word_1_482' title='bbox 1315 3588 1527 3652; x_wconf 89' lang='lat' dir='ltr'><strong>mulier,</strong></span> <span class='ocrx_word' id='word_1_483' title='bbox 1567 3589 1773 3642; x_wconf 81' lang='lat' dir='ltr'><strong>Etenim</strong></span> <span class='ocrx_word' id='word_1_484' title='bbox 1812 3590 1946 3654; x_wconf 61' lang='lat' dir='ltr'><strong>haec,</strong></span> <span class='ocrx_word' id='word_1_485' title='bbox 1991 3589 2326 3657; x_wconf 88' lang='lat' dir='ltr'><strong>inquit,Dei-</strong></span> 
     </span>
    </p>
   </div>
   <div class='ocr_carea' id='block_1_66' title="bbox 759 3681 2326 3753">
    <p class='ocr_par' dir='ltr' id='par_1_66' title="bbox 759 3681 2326 3753">
     <span class='ocr_line' id='line_1_66' title="bbox 759 3681 2326 3753; baseline 0.001 -16"><span class='ocrx_word' id='word_1_486' title='bbox 759 3699 885 3753; x_wconf 88' lang='lat' dir='ltr'><strong>para</strong></span> <span class='ocrx_word' id='word_1_487' title='bbox 933 3682 1097 3736; x_wconf 88' lang='lat' dir='ltr'><strong>vitam</strong></span> <span class='ocrx_word' id='word_1_488' title='bbox 1140 3681 1350 3745; x_wconf 90' lang='lat' dir='ltr'><strong>llniens,</strong></span> <span class='ocrx_word' id='word_1_489' title='bbox 1402 3681 1608 3736; x_wconf 87' lang='lat' dir='ltr'><strong>duabus</strong></span> <span class='ocrx_word' id='word_1_490' title='bbox 1668 3683 1987 3735; x_wconf 88' lang='lat' dir='ltr'><strong>mulieribus</strong></span> <span class='ocrx_word' id='word_1_491' title='bbox 2028 3683 2326 3752; x_wconf 83' lang='lat' dir='ltr'><strong>virginibus</strong></span> 
     </span>
    </p>
   </div>
   <div class='ocr_carea' id='block_1_67' title="bbox 759 3775 2325 3840">
    <p class='ocr_par' dir='ltr' id='par_1_67' title="bbox 759 3775 2325 3840">
     <span class='ocr_line' id='line_1_67' title="bbox 759 3775 2325 3840; baseline -0.001 -8"><span class='ocrx_word' id='word_1_492' title='bbox 759 3779 893 3832; x_wconf 87' lang='lat' dir='ltr'><strong>duas</strong></span> <span class='ocrx_word' id='word_1_493' title='bbox 949 3791 1076 3830; x_wconf 90' lang='lat' dir='ltr'><strong>suas</strong></span> <span class='ocrx_word' id='word_1_494' title='bbox 1124 3785 1301 3828; x_wconf 88' lang='lat' dir='ltr'><strong>vestes</strong></span> <span class='ocrx_word' id='word_1_495' title='bbox 1354 3775 1575 3828; x_wconf 89' lang='lat' dir='ltr'><strong>donavit</strong></span> <span class='ocrx_word' id='word_1_496' title='bbox 1624 3776 1741 3830; x_wconf 90' lang='lat' dir='ltr'><strong>loco</strong></span> <span class='ocrx_word' id='word_1_497' title='bbox 1794 3777 2208 3840; x_wconf 87' lang='lat' dir='ltr'><strong>benedictionis;</strong></span> <span class='ocrx_word' id='word_1_498' title='bbox 2263 3793 2325 3831; x_wconf 81' lang='lat' dir='ltr'><strong>ex</strong></span> 
     </span>
    </p>
   </div>
   <div class='ocr_carea' id='block_1_68' title="bbox 761 3865 2327 3939">
    <p class='ocr_par' dir='ltr' id='par_1_68' title="bbox 761 3865 2327 3939">
     <span class='ocr_line' id='line_1_68' title="bbox 761 3865 2327 3939; baseline 0 -17"><span class='ocrx_word' id='word_1_499' title='bbox 761 3870 958 3937; x_wconf 86' lang='lat' dir='ltr'><strong>quibus</strong></span> <span class='ocrx_word' id='word_1_500' title='bbox 1004 3882 1108 3919; x_wconf 94' lang='lat' dir='ltr'><strong>una</strong></span> <span class='ocrx_word' id='word_1_501' title='bbox 1139 3865 1240 3919; x_wconf 89' lang='lat' dir='ltr'><strong>fuit</strong></span> <span class='ocrx_word' id='word_1_502' title='bbox 1272 3880 1333 3918; x_wconf 84' lang='lat' dir='ltr'><strong>ex</strong></span> <span class='ocrx_word' id='word_1_503' title='bbox 1387 3866 1489 3919; x_wconf 89' lang='lat' dir='ltr'><strong>mei</strong></span> <span class='ocrx_word' id='word_1_504' title='bbox 1523 3868 1731 3939; x_wconf 87' lang='lat' dir='ltr'><strong>generis</strong></span> <span class='ocrx_word' id='word_1_505' title='bbox 1773 3870 2089 3939; x_wconf 88' lang='lat' dir='ltr'><strong>majoribus,</strong></span> <span class='ocrx_word' id='word_1_506' title='bbox 2124 3885 2242 3938; x_wconf 71' lang='lat' dir='ltr'><strong>qua}</strong></span> <span class='ocrx_word' id='word_1_507' title='bbox 2275 3870 2327 3922; x_wconf 92' lang='lat' dir='ltr'><strong>id</strong></span> 
     </span>
    </p>
   </div>
   <div class='ocr_carea' id='block_1_69' title="bbox 762 3959 2325 4029">
    <p class='ocr_par' dir='ltr' id='par_1_69' title="bbox 762 3959 2325 4029">
     <span class='ocr_line' id='line_1_69' title="bbox 762 3959 2325 4029; baseline -0.001 -16"><span class='ocrx_word' id='word_1_508' title='bbox 762 3961 990 4029; x_wconf 83' lang='lat' dir='ltr'><strong>accepit,</strong></span> <span class='ocrx_word' id='word_1_509' title='bbox 1017 3959 1158 4027; x_wconf 88' lang='lat' dir='ltr'><strong>quod</strong></span> <span class='ocrx_word' id='word_1_510' title='bbox 1193 3959 1450 4013; x_wconf 87' lang='lat' dir='ltr'><strong>donatum</strong></span> <span class='ocrx_word' id='word_1_511' title='bbox 1481 3960 1675 4021; x_wconf 90' lang='lat' dir='ltr'><strong>fuerat,</strong></span> <span class='ocrx_word' id='word_1_512' title='bbox 1702 3971 1757 4013; x_wconf 90' lang='lat' dir='ltr'><strong>et</strong></span> <span class='ocrx_word' id='word_1_513' title='bbox 1788 3962 1839 4011; x_wconf 91' lang='lat' dir='ltr'><strong>in</strong></span> <span class='ocrx_word' id='word_1_514' title='bbox 1880 3977 2003 4013; x_wconf 85' lang='lat' dir='ltr'><strong>arca</strong></span> <span class='ocrx_word' id='word_1_515' title='bbox 2039 3961 2325 4028; x_wconf 84' lang='lat' dir='ltr'><strong>deposuit:</strong></span> 
     </span>
    </p>
   </div>
   <div class='ocr_carea' id='block_1_70' title="bbox 761 4051 2325 4121">
    <p class='ocr_par' dir='ltr' id='par_1_70' title="bbox 761 4051 2325 4121">
     <span class='ocr_line' id='line_1_70' title="bbox 761 4051 2325 4121; baseline -0.001 -13"><span class='ocrx_word' id='word_1_516' title='bbox 761 4061 815 4108; x_wconf 87' lang='lat' dir='ltr'><strong>et</strong></span> <span class='ocrx_word' id='word_1_517' title='bbox 843 4053 1065 4107; x_wconf 91' lang='lat' dir='ltr'><strong>omnino</strong></span> <span class='ocrx_word' id='word_1_518' title='bbox 1112 4053 1272 4120; x_wconf 87' lang='lat' dir='ltr'><strong>jussit</strong></span> <span class='ocrx_word' id='word_1_519' title='bbox 1313 4052 1379 4103; x_wconf 90' lang='lat' dir='ltr'><strong>iis</strong></span> <span class='ocrx_word' id='word_1_520' title='bbox 1428 4051 1518 4120; x_wconf 91' lang='lat' dir='ltr'><strong>qui</strong></span> <span class='ocrx_word' id='word_1_521' title='bbox 1554 4060 1709 4104; x_wconf 89' lang='lat' dir='ltr'><strong>erant</strong></span> <span class='ocrx_word' id='word_1_522' title='bbox 1758 4052 1837 4104; x_wconf 85' lang='lat' dir='ltr'><strong>sui</strong></span> <span class='ocrx_word' id='word_1_523' title='bbox 1874 4054 2107 4121; x_wconf 80' lang='lat' dir='ltr'><strong>generis,</strong></span> <span class='ocrx_word' id='word_1_524' title='bbox 2144 4063 2201 4106; x_wconf 88' lang='lat' dir='ltr'><strong>ut</strong></span> <span class='ocrx_word' id='word_1_525' title='bbox 2236 4069 2325 4107; x_wconf 88' lang='lat' dir='ltr'><strong>es-</strong></span> 
     </span>
    </p>
   </div>
   <div class='ocr_carea' id='block_1_71' title="bbox 763 4145 2326 4217">
    <p class='ocr_par' dir='ltr' id='par_1_71' title="bbox 763 4145 2326 4217">
     <span class='ocr_line' id='line_1_71' title="bbox 763 4145 2326 4217; baseline 0.001 -18"><span class='ocrx_word' id='word_1_526' title='bbox 763 4155 844 4199; x_wconf 82' lang='lat' dir='ltr'><strong>set</strong></span> <span class='ocrx_word' id='word_1_527' title='bbox 866 4145 1018 4212; x_wconf 82' lang='lat' dir='ltr'><strong>virgo</strong></span> <span class='ocrx_word' id='word_1_528' title='bbox 1066 4158 1424 4212; x_wconf 58' lang='lat' dir='ltr'><strong>unaquaque,</strong></span> <span class='ocrx_word' id='word_1_529' title='bbox 1467 4159 1584 4212; x_wconf 71' lang='lat' dir='ltr'><strong>quae</strong></span> <span class='ocrx_word' id='word_1_530' title='bbox 1616 4159 1733 4196; x_wconf 87' lang='lat' dir='ltr'><strong>eam</strong></span> <span class='ocrx_word' id='word_1_531' title='bbox 1761 4145 2050 4212; x_wconf 87' lang='lat' dir='ltr'><strong>acciperet.</strong></span> <span class='ocrx_word' id='word_1_532' title='bbox 2084 4146 2175 4199; x_wconf 80' lang='lat' dir='ltr'><strong>Est</strong></span> <span class='ocrx_word' id='word_1_533' title='bbox 2200 4163 2326 4217; x_wconf 88' lang='lat' dir='ltr'><strong>ergo</strong></span> 
     </span>
    </p>
   </div>
   <div class='ocr_carea' id='block_1_72' title="bbox 761 4236 2329 4304">
    <p class='ocr_par' dir='ltr' id='par_1_72' title="bbox 761 4236 2329 4304">
     <span class='ocr_line' id='line_1_72' title="bbox 761 4236 2329 4304; baseline 0.001 -14"><span class='ocrx_word' id='word_1_534' title='bbox 761 4253 881 4290; x_wconf 74' lang='lat' dir='ltr'><strong>arca</strong></span> <span class='ocrx_word' id='word_1_535' title='bbox 920 4237 1195 4290; x_wconf 89' lang='lat' dir='ltr'><strong>recondita</strong></span> <span class='ocrx_word' id='word_1_536' title='bbox 1228 4237 1282 4289; x_wconf 83' lang='lat' dir='ltr'><strong>in</strong></span> <span class='ocrx_word' id='word_1_537' title='bbox 1316 4237 1574 4288; x_wconf 82' lang='lat' dir='ltr'><strong>interiore</strong></span> <span class='ocrx_word' id='word_1_538' title='bbox 1601 4236 1784 4298; x_wconf 89' lang='lat' dir='ltr'><strong>domo,</strong></span> <span class='ocrx_word' id='word_1_539' title='bbox 1811 4254 1970 4304; x_wconf 88' lang='lat' dir='ltr'><strong>quam</strong></span> <span class='ocrx_word' id='word_1_540' title='bbox 2006 4256 2150 4291; x_wconf 90' lang='lat' dir='ltr'><strong>nunc</strong></span> <span class='ocrx_word' id='word_1_541' title='bbox 2184 4243 2329 4294; x_wconf 81' lang='lat' dir='ltr'><strong>vitle-</strong></span> 
     </span>
    </p>
   </div>
   <div class='ocr_carea' id='block_1_73' title="bbox 763 4323 2330 4397">
    <p class='ocr_par' dir='ltr' id='par_1_73' title="bbox 763 4323 2330 4397">
     <span class='ocr_line' id='line_1_73' title="bbox 763 4323 2330 4397; baseline 0.001 -13"><span class='ocrx_word' id='word_1_542' title='bbox 763 4331 832 4384; x_wconf 88' lang='lat' dir='ltr'><strong>tis</strong></span> <span class='ocrx_word' id='word_1_543' title='bbox 862 4347 876 4384; x_wconf 83' lang='lat'><strong>:</strong></span> <span class='ocrx_word' id='word_1_544' title='bbox 908 4342 966 4382; x_wconf 78' lang='lat' dir='ltr'><strong>et</strong></span> <span class='ocrx_word' id='word_1_545' title='bbox 1000 4345 1118 4397; x_wconf 67' lang='lat' dir='ltr'><strong>quae</strong></span> <span class='ocrx_word' id='word_1_546' title='bbox 1155 4330 1208 4381; x_wconf 91' lang='lat' dir='ltr'><strong>in</strong></span> <span class='ocrx_word' id='word_1_547' title='bbox 1276 4343 1337 4381; x_wconf 86' lang='lat' dir='ltr'><strong>ea</strong></span> <span class='ocrx_word' id='word_1_548' title='bbox 1386 4338 1468 4383; x_wconf 84' lang='lat' dir='ltr'><strong>est</strong></span> <span class='ocrx_word' id='word_1_549' title='bbox 1497 4328 1687 4388; x_wconf 87' lang='lat' dir='ltr'><strong>vestis.</strong></span> <span class='ocrx_word' id='word_1_550' title='bbox 1733 4337 1815 4382; x_wconf 89' lang='lat' dir='ltr'><strong>est</strong></span> <span class='ocrx_word' id='word_1_551' title='bbox 1851 4323 2011 4382; x_wconf 52' lang='lat' dir='ltr'><strong>causa</strong></span> <span class='ocrx_word' id='word_1_552' title='bbox 2063 4334 2330 4394; x_wconf 89' lang='lat' dir='ltr'><strong>omnium,</strong></span> 
     </span>
    </p>
   </div>
   <div class='ocr_carea' id='block_1_74' title="bbox 760 4419 2329 4493">
    <p class='ocr_par' dir='ltr' id='par_1_74' title="bbox 760 4419 2329 4493">
     <span class='ocr_line' id='line_1_74' title="bbox 760 4419 2329 4493; baseline 0.003 -20"><span class='ocrx_word' id='word_1_553' title='bbox 760 4436 879 4493; x_wconf 69' lang='lat' dir='ltr'><strong>quae</strong></span> <span class='ocrx_word' id='word_1_554' title='bbox 899 4419 1051 4484; x_wconf 84' lang='lat' dir='ltr'><strong>liunt,</strong></span> <span class='ocrx_word' id='word_1_555' title='bbox 1069 4421 1468 4475; x_wconf 89' lang='lat' dir='ltr'><strong>miraculorum.</strong></span> <span class='ocrx_word' id='word_1_556' title='bbox 1496 4419 1683 4486; x_wconf 65' lang='lat'><strong>“320,9</strong></span> <span class='ocrx_word' id='word_1_557' title='bbox 1708 4419 1826 4482; x_wconf 81' lang='lat' dir='ltr'><strong>viri,</strong></span> <span class='ocrx_word' id='word_1_558' title='bbox 1849 4431 1928 4476; x_wconf 87' lang='lat' dir='ltr'><strong>est</strong></span> <span class='ocrx_word' id='word_1_559' title='bbox 1950 4437 2073 4476; x_wconf 86' lang='lat' dir='ltr'><strong>vera</strong></span> <span class='ocrx_word' id='word_1_560' title='bbox 2092 4426 2329 4478; x_wconf 88' lang='lat' dir='ltr'><strong>narratio</strong></span> 
     </span>
    </p>
   </div>
   <div class='ocr_carea' id='block_1_75' title="bbox 761 4515 2328 4586">
    <p class='ocr_par' dir='ltr' id='par_1_75' title="bbox 761 4515 2328 4586">
     <span class='ocr_line' id='line_1_75' title="bbox 761 4515 2328 4586; baseline 0.001 -17"><span class='ocrx_word' id='word_1_561' title='bbox 761 4519 879 4586; x_wconf 90' lang='lat' dir='ltr'><strong>ejus</strong></span> <span class='ocrx_word' id='word_1_562' title='bbox 909 4517 1051 4586; x_wconf 89' lang='lat' dir='ltr'><strong>quod</strong></span> <span class='ocrx_word' id='word_1_563' title='bbox 1090 4533 1119 4569; x_wconf 86' lang='lat' dir='ltr'><strong>a</strong></span> <span class='ocrx_word' id='word_1_564' title='bbox 1151 4517 1307 4570; x_wconf 90' lang='lat' dir='ltr'><strong>vobis</strong></span> <span class='ocrx_word' id='word_1_565' title='bbox 1349 4516 1605 4582; x_wconf 64' lang='lat' dir='ltr'><strong>quaeritur</strong></span> <span class='ocrx_word' id='word_1_566' title='bbox 1641 4533 1653 4566; x_wconf 89' lang='lat'><strong>:</strong></span> <span class='ocrx_word' id='word_1_567' title='bbox 1707 4524 1762 4568; x_wconf 90' lang='lat' dir='ltr'><strong>et</strong></span> <span class='ocrx_word' id='word_1_568' title='bbox 1797 4515 1974 4569; x_wconf 88' lang='lat' dir='ltr'><strong>videte</strong></span> <span class='ocrx_word' id='word_1_569' title='bbox 2042 4523 2100 4568; x_wconf 82' lang='lat' dir='ltr'><strong>ut</strong></span> <span class='ocrx_word' id='word_1_570' title='bbox 2134 4521 2202 4569; x_wconf 90' lang='lat' dir='ltr'><strong>ad</strong></span> <span class='ocrx_word' id='word_1_571' title='bbox 2235 4534 2328 4570; x_wconf 90' lang='lat' dir='ltr'><strong>vos</strong></span> 
     </span>
    </p>
   </div>
   <div class='ocr_carea' id='block_1_76' title="bbox 765 4607 2326 4676">
    <p class='ocr_par' dir='ltr' id='par_1_76' title="bbox 765 4607 2326 4676">
     <span class='ocr_line' id='line_1_76' title="bbox 765 4607 2326 4676; baseline 0.001 -15"><span class='ocrx_word' id='word_1_572' title='bbox 765 4624 932 4675; x_wconf 90' lang='lat' dir='ltr'><strong>usque</strong></span> <span class='ocrx_word' id='word_1_573' title='bbox 975 4608 1146 4660; x_wconf 90' lang='lat' dir='ltr'><strong>solum</strong></span> <span class='ocrx_word' id='word_1_574' title='bbox 1197 4609 1424 4660; x_wconf 89' lang='lat' dir='ltr'><strong>deducta</strong></span> <span class='ocrx_word' id='word_1_575' title='bbox 1461 4607 1531 4660; x_wconf 91' lang='lat' dir='ltr'><strong>sit</strong></span> <span class='ocrx_word' id='word_1_576' title='bbox 1575 4608 1832 4676; x_wconf 91' lang='lat' dir='ltr'><strong>cognitio,</strong></span> <span class='ocrx_word' id='word_1_577' title='bbox 1885 4619 1938 4662; x_wconf 89' lang='lat' dir='ltr'><strong>et</strong></span> <span class='ocrx_word' id='word_1_578' title='bbox 1985 4624 2146 4662; x_wconf 90' lang='lat' dir='ltr'><strong>nemo</strong></span> <span class='ocrx_word' id='word_1_579' title='bbox 2192 4610 2326 4663; x_wconf 89' lang='lat' dir='ltr'><strong>sciat</strong></span> 
     </span>
    </p>
   </div>
   <div class='ocr_carea' id='block_1_77' title="bbox 763 4697 2021 4769">
    <p class='ocr_par' dir='ltr' id='par_1_77' title="bbox 763 4697 2021 4769">
     <span class='ocr_line' id='line_1_77' title="bbox 763 4697 2021 4769; baseline -0.001 -15"><span class='ocrx_word' id='word_1_580' title='bbox 763 4714 829 4754; x_wconf 73' lang='lat' dir='ltr'><strong>ex</strong></span> <span class='ocrx_word' id='word_1_581' title='bbox 881 4700 944 4752; x_wconf 91' lang='lat' dir='ltr'><strong>iis</strong></span> <span class='ocrx_word' id='word_1_582' title='bbox 989 4699 1265 4761; x_wconf 86' lang='lat' dir='ltr'><strong>omnibus,</strong></span> <span class='ocrx_word' id='word_1_583' title='bbox 1327 4698 1414 4766; x_wconf 91' lang='lat' dir='ltr'><strong>qui</strong></span> <span class='ocrx_word' id='word_1_584' title='bbox 1445 4707 1569 4751; x_wconf 89' lang='lat' dir='ltr'><strong>sunt</strong></span> <span class='ocrx_word' id='word_1_585' title='bbox 1619 4697 2021 4769; x_wconf 74' lang='lat' dir='ltr'><strong>Hierosolymis.</strong></span> 
     </span>
    </p>
   </div>
   <div class='ocr_carea' id='block_1_78' title="bbox 833 4790 2328 4864">
    <p class='ocr_par' dir='ltr' id='par_1_78' title="bbox 833 4790 2328 4864">
     <span class='ocr_line' id='line_1_78' title="bbox 833 4790 2328 4864; baseline 0.003 -19"><span class='ocrx_word' id='word_1_586' title='bbox 833 4791 1018 4845; x_wconf 79' lang='lat' dir='ltr'><strong>XLIX.</strong></span> <span class='ocrx_word' id='word_1_587' title='bbox 1061 4790 1196 4844; x_wconf 88' lang='lat' dir='ltr'><strong>Cum</strong></span> <span class='ocrx_word' id='word_1_588' title='bbox 1239 4791 1354 4843; x_wconf 83' lang='lat' dir='ltr'><strong>haec</strong></span> <span class='ocrx_word' id='word_1_589' title='bbox 1394 4791 1689 4854; x_wconf 90' lang='lat' dir='ltr'><strong>audissent,</strong></span> <span class='ocrx_word' id='word_1_590' title='bbox 1736 4793 1910 4845; x_wconf 89' lang='lat' dir='ltr'><strong>adhuc</strong></span> <span class='ocrx_word' id='word_1_591' title='bbox 1942 4795 2106 4864; x_wconf 88' lang='lat' dir='ltr'><strong>major</strong></span> <span class='ocrx_word' id='word_1_592' title='bbox 2151 4805 2328 4850; x_wconf 88' lang='lat' dir='ltr'><strong>metus</strong></span> 
     </span>
    </p>
   </div>
   <div class='ocr_carea' id='block_1_79' title="bbox 763 4879 2329 4950">
    <p class='ocr_par' dir='ltr' id='par_1_79' title="bbox 763 4879 2329 4950">
     <span class='ocr_line' id='line_1_79' title="bbox 763 4879 2329 4950; baseline 0.001 -17"><span class='ocrx_word' id='word_1_593' title='bbox 763 4881 907 4934; x_wconf 86' lang='lat' dir='ltr'><strong>viros</strong></span> <span class='ocrx_word' id='word_1_594' title='bbox 970 4881 1134 4932; x_wconf 85' lang='lat' dir='ltr'><strong>subiit</strong></span> <span class='ocrx_word' id='word_1_595' title='bbox 1178 4888 1231 4932; x_wconf 91' lang='lat' dir='ltr'><strong>et</strong></span> <span class='ocrx_word' id='word_1_596' title='bbox 1286 4879 1488 4931; x_wconf 84' lang='lat' dir='ltr'><strong>laetitia.</strong></span> <span class='ocrx_word' id='word_1_597' title='bbox 1558 4879 1729 4930; x_wconf 81' lang='lat' dir='ltr'><strong>Metus</strong></span> <span class='ocrx_word' id='word_1_598' title='bbox 1805 4883 2044 4947; x_wconf 89' lang='lat' dir='ltr'><strong>quidem,</strong></span> <span class='ocrx_word' id='word_1_599' title='bbox 2109 4893 2329 4950; x_wconf 85' lang='lat' dir='ltr'><strong>pr0pter</strong></span> 
     </span>
    </p>
   </div>
   <div class='ocr_carea' id='block_1_80' title="bbox 763 4971 2328 5041">
    <p class='ocr_par' dir='ltr' id='par_1_80' title="bbox 763 4971 2328 5041">
     <span class='ocr_line' id='line_1_80' title="bbox 763 4971 2328 5041; baseline 0.001 -15"><span class='ocrx_word' id='word_1_600' title='bbox 763 4972 1188 5041; x_wconf 88' lang='lat' dir='ltr'><strong>magnitudinem</strong></span> <span class='ocrx_word' id='word_1_601' title='bbox 1240 4986 1428 5023; x_wconf 88' lang='lat' dir='ltr'><strong>eorum</strong></span> <span class='ocrx_word' id='word_1_602' title='bbox 1474 4984 1594 5036; x_wconf 67' lang='lat' dir='ltr'><strong>qua:</strong></span> <span class='ocrx_word' id='word_1_603' title='bbox 1634 4971 1814 5025; x_wconf 86' lang='lat' dir='ltr'><strong>audita</strong></span> <span class='ocrx_word' id='word_1_604' title='bbox 1843 4972 2058 5027; x_wconf 86' lang='lat' dir='ltr'><strong>fuerant</strong></span> <span class='ocrx_word' id='word_1_605' title='bbox 2093 4993 2102 5025; x_wconf 91' lang='lat'>:</span> <span class='ocrx_word' id='word_1_606' title='bbox 2143 4975 2328 5028; x_wconf 62' lang='lat' dir='ltr'><strong>laetitia</strong></span> 
     </span>
    </p>
   </div>
   <div class='ocr_carea' id='block_1_81' title="bbox 764 5061 2329 5129">
    <p class='ocr_par' dir='ltr' id='par_1_81' title="bbox 764 5061 2329 5129">
     <span class='ocr_line' id='line_1_81' title="bbox 764 5061 2329 5129; baseline 0.002 -13"><span class='ocrx_word' id='word_1_607' title='bbox 764 5074 967 5122; x_wconf 81' lang='lat' dir='ltr'><strong>autem,</strong></span> <span class='ocrx_word' id='word_1_608' title='bbox 999 5061 1139 5129; x_wconf 88' lang='lat' dir='ltr'><strong>quod</strong></span> <span class='ocrx_word' id='word_1_609' title='bbox 1170 5072 1353 5115; x_wconf 87' lang='lat' dir='ltr'><strong>essent</strong></span> <span class='ocrx_word' id='word_1_610' title='bbox 1385 5061 1674 5129; x_wconf 87' lang='lat' dir='ltr'><strong>participes</strong></span> <span class='ocrx_word' id='word_1_611' title='bbox 1728 5065 1911 5116; x_wconf 91' lang='lat' dir='ltr'><strong>talium</strong></span> <span class='ocrx_word' id='word_1_612' title='bbox 1961 5078 2329 5120; x_wconf 87' lang='lat' dir='ltr'><strong>sacramento-</strong></span> 
     </span>
    </p>
   </div>
   <div class='ocr_carea' id='block_1_82' title="bbox 767 5155 2330 5228">
    <p class='ocr_par' dir='ltr' id='par_1_82' title="bbox 767 5155 2330 5228">
     <span class='ocr_line' id='line_1_82' title="bbox 767 5155 2330 5228; baseline 0.003 -20"><span class='ocrx_word' id='word_1_613' title='bbox 767 5172 904 5208; x_wconf 90' lang='lat' dir='ltr'><strong>rum.</strong></span> <span class='ocrx_word' id='word_1_614' title='bbox 938 5155 1076 5219; x_wconf 82' lang='lat' dir='ltr'><strong>Quid</strong></span> <span class='ocrx_word' id='word_1_615' title='bbox 1103 5170 1231 5221; x_wconf 89' lang='lat' dir='ltr'><strong>ergo</strong></span> <span class='ocrx_word' id='word_1_616' title='bbox 1273 5155 1531 5220; x_wconf 81' lang='lat' dir='ltr'><strong>deinceps</strong></span> <span class='ocrx_word' id='word_1_617' title='bbox 1565 5158 1953 5222; x_wconf 87' lang='lat' dir='ltr'><strong>consequitur?</strong></span> <span class='ocrx_word' id='word_1_618' title='bbox 1981 5157 2094 5210; x_wconf 82' lang='lat' dir='ltr'><strong>Viri</strong></span> <span class='ocrx_word' id='word_1_619' title='bbox 2121 5157 2330 5228; x_wconf 46' lang='lat' dir='ltr'><strong>seip‘sos</strong></span> 
     </span>
    </p>
   </div>
   <div class='ocr_carea' id='block_1_83' title="bbox 765 5247 2325 5317">
    <p class='ocr_par' dir='ltr' id='par_1_83' title="bbox 765 5247 2325 5317">
     <span class='ocr_line' id='line_1_83' title="bbox 765 5247 2325 5317; baseline 0.003 -17"><span class='ocrx_word' id='word_1_620' title='bbox 765 5251 914 5300; x_wconf 88' lang='lat' dir='ltr'><strong>humi</strong></span> <span class='ocrx_word' id='word_1_621' title='bbox 965 5248 1249 5316; x_wconf 83' lang='lat' dir='ltr'><strong>dejiciunt,</strong></span> <span class='ocrx_word' id='word_1_622' title='bbox 1288 5258 1342 5302; x_wconf 88' lang='lat' dir='ltr'><strong>et</strong></span> <span class='ocrx_word' id='word_1_623' title='bbox 1407 5247 1569 5315; x_wconf 88' lang='lat' dir='ltr'><strong>pedes</strong></span> <span class='ocrx_word' id='word_1_624' title='bbox 1617 5247 1759 5302; x_wconf 88' lang='lat' dir='ltr'><strong>illius</strong></span> <span class='ocrx_word' id='word_1_625' title='bbox 1813 5249 2276 5317; x_wconf 88' lang='lat' dir='ltr'><strong>deprehensantes</strong></span> <span class='ocrx_word' id='word_1_626' title='bbox 2312 5293 2325 5315; x_wconf 95' lang='lat'><strong>,</strong></span> 
     </span>
    </p>
   </div>
   <div class='ocr_carea' id='block_1_84' title="bbox 765 5339 2327 5415">
    <p class='ocr_par' dir='ltr' id='par_1_84' title="bbox 765 5339 2327 5415">
     <span class='ocr_line' id='line_1_84' title="bbox 765 5339 2327 5415; baseline 0.006 -22"><span class='ocrx_word' id='word_1_627' title='bbox 765 5339 901 5393; x_wconf 81' lang='lat' dir='ltr'><strong>Nulli</strong></span> <span class='ocrx_word' id='word_1_628' title='bbox 924 5339 1162 5407; x_wconf 89' lang='lat' dir='ltr'><strong>quidetn,</strong></span> <span class='ocrx_word' id='word_1_629' title='bbox 1188 5339 1459 5408; x_wconf 87' lang='lat' dir='ltr'><strong>inquiunt,</strong></span> <span class='ocrx_word' id='word_1_630' title='bbox 1478 5355 1539 5392; x_wconf 84' lang='lat' dir='ltr'><strong>ex</strong></span> <span class='ocrx_word' id='word_1_631' title='bbox 1565 5341 1629 5394; x_wconf 91' lang='lat' dir='ltr'><strong>iis</strong></span> <span class='ocrx_word' id='word_1_632' title='bbox 1656 5343 1746 5409; x_wconf 87' lang='lat' dir='ltr'><strong>qui</strong></span> <span class='ocrx_word' id='word_1_633' title='bbox 1770 5352 1896 5395; x_wconf 87' lang='lat' dir='ltr'><strong>sunt</strong></span> <span class='ocrx_word' id='word_1_634' title='bbox 1919 5341 2327 5415; x_wconf 79' lang='lat' dir='ltr'><strong>Hierosolymis,</strong></span> 
     </span>
    </p>
   </div>
   <div class='ocr_carea' id='block_1_85' title="bbox 766 5432 2327 5501">
    <p class='ocr_par' dir='ltr' id='par_1_85' title="bbox 766 5432 2327 5501">
     <span class='ocr_line' id='line_1_85' title="bbox 766 5432 2327 5501; baseline 0.006 -19"><span class='ocrx_word' id='word_1_635' title='bbox 766 5441 950 5484; x_wconf 91' lang='lat' dir='ltr'><strong>notum</strong></span> <span class='ocrx_word' id='word_1_636' title='bbox 983 5432 1085 5484; x_wconf 89' lang='lat' dir='ltr'><strong>erit</strong></span> <span class='ocrx_word' id='word_1_637' title='bbox 1116 5433 1170 5484; x_wconf 90' lang='lat' dir='ltr'><strong>id</strong></span> <span class='ocrx_word' id='word_1_638' title='bbox 1204 5432 1344 5499; x_wconf 88' lang='lat' dir='ltr'><strong>quod</strong></span> <span class='ocrx_word' id='word_1_639' title='bbox 1389 5433 1544 5486; x_wconf 89' lang='lat' dir='ltr'><strong>nobis</strong></span> <span class='ocrx_word' id='word_1_640' title='bbox 1585 5433 1788 5486; x_wconf 83' lang='lat' dir='ltr'><strong>dietum</strong></span> <span class='ocrx_word' id='word_1_641' title='bbox 1831 5445 1934 5496; x_wconf 88' lang='lat' dir='ltr'><strong>est,</strong></span> <span class='ocrx_word' id='word_1_642' title='bbox 1981 5451 2049 5488; x_wconf 88' lang='lat' dir='ltr'><strong>ne</strong></span> <span class='ocrx_word' id='word_1_643' title='bbox 2097 5437 2327 5501; x_wconf 88' lang='lat' dir='ltr'><strong>dubites,</strong></span> 
     </span>
    </p>
   </div>
   <div class='ocr_carea' id='block_1_86' title="bbox 764 5528 2329 5599">
    <p class='ocr_par' dir='ltr' id='par_1_86' title="bbox 764 5528 2329 5599">
     <span class='ocr_line' id='line_1_86' title="bbox 764 5528 2329 5599; baseline 0.003 -18"><span class='ocrx_word' id='word_1_644' title='bbox 764 5528 1010 5592; x_wconf 87' lang='lat' dir='ltr'><strong>domina;</strong></span> <span class='ocrx_word' id='word_1_645' title='bbox 1043 5529 1314 5582; x_wconf 88' lang='lat' dir='ltr'><strong>dominam</strong></span> <span class='ocrx_word' id='word_1_646' title='bbox 1349 5530 1493 5583; x_wconf 87' lang='lat' dir='ltr'><strong>enim</strong></span> <span class='ocrx_word' id='word_1_647' title='bbox 1542 5529 1646 5597; x_wconf 85' lang='lat' dir='ltr'><strong>jam</strong></span> <span class='ocrx_word' id='word_1_648' title='bbox 1694 5540 1743 5582; x_wconf 93' lang='lat' dir='ltr'><strong>te</strong></span> <span class='ocrx_word' id='word_1_649' title='bbox 1781 5544 2054 5594; x_wconf 84' lang='lat' dir='ltr'><strong>vocamus,</strong></span> <span class='ocrx_word' id='word_1_650' title='bbox 2093 5547 2211 5599; x_wconf 78' lang='lat' dir='ltr'><strong>quae.</strong></span> <span class='ocrx_word' id='word_1_651' title='bbox 2256 5534 2329 5586; x_wconf 84' lang='lat' dir='ltr'><strong>sis</strong></span> 
     </span>
    </p>
   </div>
   <div class='ocr_carea' id='block_1_87' title="bbox 766 5619 2328 5691">
    <p class='ocr_par' dir='ltr' id='par_1_87' title="bbox 766 5619 2328 5691">
     <span class='ocr_line' id='line_1_87' title="bbox 766 5619 2328 5691; baseline 0.005 -22"><span class='ocrx_word' id='word_1_652' title='bbox 766 5619 964 5672; x_wconf 79' lang='lat' dir='ltr'><strong>talibus</strong></span> <span class='ocrx_word' id='word_1_653' title='bbox 1007 5620 1221 5688; x_wconf 85' lang='lat' dir='ltr'><strong>dignata</strong></span> <span class='ocrx_word' id='word_1_654' title='bbox 1269 5621 1570 5691; x_wconf 76' lang='lat' dir='ltr'><strong>mysteriis;</strong></span> <span class='ocrx_word' id='word_1_655' title='bbox 1601 5621 1766 5688; x_wconf 87' lang='lat' dir='ltr'><strong>ipsam</strong></span> <span class='ocrx_word' id='word_1_656' title='bbox 1821 5622 1912 5676; x_wconf 91' lang='lat' dir='ltr'><strong>tibi</strong></span> <span class='ocrx_word' id='word_1_657' title='bbox 1954 5623 2112 5690; x_wconf 78' lang='lat' dir='ltr'><strong>hujus</strong></span> <span class='ocrx_word' id='word_1_658' title='bbox 2145 5623 2217 5675; x_wconf 88' lang='lat' dir='ltr'><strong>rei</strong></span> <span class='ocrx_word' id='word_1_659' title='bbox 2252 5640 2328 5678; x_wconf 81' lang='lat' dir='ltr'><strong>re.-</strong></span> 
     </span>
    </p>
   </div>
   <div class='ocr_carea' id='block_1_88' title="bbox 766 5713 2330 5782">
    <p class='ocr_par' dir='ltr' id='par_1_88' title="bbox 766 5713 2330 5782">
     <span class='ocr_line' id='line_1_88' title="bbox 766 5713 2330 5782; baseline 0.005 -20"><span class='ocrx_word' id='word_1_660' title='bbox 766 5718 900 5762; x_wconf 90' lang='lat' dir='ltr'><strong>stem</strong></span> <span class='ocrx_word' id='word_1_661' title='bbox 933 5713 1160 5765; x_wconf 86' lang='lat' dir='ltr'><strong>citamus</strong></span> <span class='ocrx_word' id='word_1_662' title='bbox 1192 5716 1489 5782; x_wconf 84' lang='lat' dir='ltr'><strong>Deiparam.</strong></span> <span class='ocrx_word' id='word_1_663' title='bbox 1526 5717 1698 5770; x_wconf 88' lang='lat' dir='ltr'><strong>Unum</strong></span> <span class='ocrx_word' id='word_1_664' title='bbox 1731 5725 1906 5770; x_wconf 76' lang='lat' dir='ltr'><strong>autem</strong></span> <span class='ocrx_word' id='word_1_665' title='bbox 1937 5716 2075 5768; x_wconf 82' lang='lat' dir='ltr'><strong>aliud</strong></span> <span class='ocrx_word' id='word_1_666' title='bbox 2099 5718 2330 5770; x_wconf 79' lang='lat' dir='ltr'><strong>concede</strong></span> 
     </span>
    </p>
   </div>
   <div class='ocr_carea' id='block_1_89' title="bbox 841 5895 1336 5957">
    <p class='ocr_par' dir='ltr' id='par_1_89' title="bbox 841 5895 1336 5957">
     <span class='ocr_line' id='line_1_89' title="bbox 841 5895 1336 5957; baseline 0.004 -12"><span class='ocrx_word' id='word_1_667' title='bbox 841 5895 882 5923; x_wconf 80' lang='grc'>⁷¹</span> <span class='ocrx_word' id='word_1_668' title='bbox 915 5895 1041 5945; x_wconf 73' lang='lat' dir='ltr'><strong>Luc.</strong></span> <span class='ocrx_word' id='word_1_669' title='bbox 1077 5910 1218 5957; x_wconf 65' lang='lat' dir='ltr'><strong>XXIV,</strong></span> <span class='ocrx_word' id='word_1_670' title='bbox 1250 5897 1336 5947; x_wconf 69' lang='lat'><strong>32.</strong></span> 
     </span>
    </p>
   </div>
   <div class='ocr_carea' id='block_1_90' title="bbox 2427 3303 3990 3384">
    <p class='ocr_par' dir='ltr' id='par_1_90' title="bbox 2427 3303 3990 3384">
     <span class='ocr_line' id='line_1_90' title="bbox 2427 3303 3990 3384; baseline -0.023 0"><span class='ocrx_word' id='word_1_671' title='bbox 2427 3303 2572 3384; x_wconf 76' lang='lat' dir='ltr'><strong>aliud</strong></span> <span class='ocrx_word' id='word_1_672' title='bbox 2603 3327 2857 3380; x_wconf 88' lang='lat' dir='ltr'><strong>idoneum</strong></span> <span class='ocrx_word' id='word_1_673' title='bbox 2889 3323 2953 3374; x_wconf 88' lang='lat' dir='ltr'><strong>ad</strong></span> <span class='ocrx_word' id='word_1_674' title='bbox 2986 3317 3273 3372; x_wconf 87' lang='lat' dir='ltr'><strong>celandum</strong></span> <span class='ocrx_word' id='word_1_675' title='bbox 3321 3314 3372 3364; x_wconf 89' lang='lat' dir='ltr'><strong>id</strong></span> <span class='ocrx_word' id='word_1_676' title='bbox 3411 3308 3550 3377; x_wconf 89' lang='lat' dir='ltr'><strong>quod</strong></span> <span class='ocrx_word' id='word_1_677' title='bbox 3577 3315 3696 3358; x_wconf 88' lang='lat' dir='ltr'><strong>erat</strong></span> <span class='ocrx_word' id='word_1_678' title='bbox 3730 3303 3990 3354; x_wconf 86' lang='lat' dir='ltr'><strong>futurum.</strong></span> 
     </span>
    </p>
   </div>
   <div class='ocr_carea' id='block_1_91' title="bbox 2429 3401 3990 3491">
    <p class='ocr_par' dir='ltr' id='par_1_91' title="bbox 2429 3401 3990 3491">
     <span class='ocr_line' id='line_1_91' title="bbox 2429 3401 3990 3491; baseline -0.022 -15"><span class='ocrx_word' id='word_1_679' title='bbox 2429 3423 2761 3488; x_wconf 87' lang='lat' dir='ltr'><strong>Comparant</strong></span> <span class='ocrx_word' id='word_1_680' title='bbox 2816 3413 2914 3468; x_wconf 87' lang='lat' dir='ltr'><strong>sibi</strong></span> <span class='ocrx_word' id='word_1_681' title='bbox 2975 3419 3222 3462; x_wconf 86' lang='lat' dir='ltr'><strong>auratum</strong></span> <span class='ocrx_word' id='word_1_682' title='bbox 3262 3401 3603 3472; x_wconf 82' lang='lat' dir='ltr'><strong>opercnlum,</strong></span> <span class='ocrx_word' id='word_1_683' title='bbox 3660 3405 3719 3448; x_wconf 90' lang='lat' dir='ltr'><strong>ut</strong></span> <span class='ocrx_word' id='word_1_684' title='bbox 3758 3409 3825 3446; x_wconf 86' lang='lat' dir='ltr'><strong>eo</strong></span> <span class='ocrx_word' id='word_1_685' title='bbox 3876 3403 3990 3491; x_wconf 74' lang='lat' dir='ltr'><strong>area</strong></span> 
     </span>
    </p>
   </div>
   <div class='ocr_carea' id='block_1_92' title="bbox 2433 3492 3994 3583">
    <p class='ocr_par' dir='ltr' id='par_1_92' title="bbox 2433 3492 3994 3583">
     <span class='ocr_line' id='line_1_92' title="bbox 2433 3492 3994 3583; baseline -0.023 -15"><span class='ocrx_word' id='word_1_686' title='bbox 2433 3523 2724 3583; x_wconf 83' lang='lat' dir='ltr'><strong>tegeretur.</strong></span> <span class='ocrx_word' id='word_1_687' title='bbox 2757 3510 3050 3574; x_wconf 84' lang='lat' dir='ltr'><strong>Postquam</strong></span> <span class='ocrx_word' id='word_1_688' title='bbox 3085 3507 3264 3553; x_wconf 89' lang='lat' dir='ltr'><strong>autem</strong></span> <span class='ocrx_word' id='word_1_689' title='bbox 3297 3504 3351 3550; x_wconf 89' lang='lat' dir='ltr'><strong>et</strong></span> <span class='ocrx_word' id='word_1_690' title='bbox 3382 3492 3640 3564; x_wconf 84' lang='lat' dir='ltr'><strong>precatio.</strong></span> <span class='ocrx_word' id='word_1_691' title='bbox 3675 3497 3729 3542; x_wconf 88' lang='lat' dir='ltr'><strong>ct</strong></span> <span class='ocrx_word' id='word_1_692' title='bbox 3755 3492 3994 3583; x_wconf 77' lang='lat' dir='ltr'><strong>erogatto</strong></span> 
     </span>
    </p>
   </div>
   <div class='ocr_carea' id='block_1_93' title="bbox 2429 3572 3993 3657">
    <p class='ocr_par' dir='ltr' id='par_1_93' title="bbox 2429 3572 3993 3657">
     <span class='ocr_line' id='line_1_93' title="bbox 2429 3572 3993 3657; baseline -0.022 1"><span class='ocrx_word' id='word_1_693' title='bbox 2429 3572 2516 3657; x_wconf 63' lang='lat' dir='ltr'><strong>eis</strong></span> <span class='ocrx_word' id='word_1_694' title='bbox 2558 3601 2687 3655; x_wconf 86' lang='lat' dir='ltr'><strong>satis</strong></span> <span class='ocrx_word' id='word_1_695' title='bbox 2718 3600 2855 3652; x_wconf 90' lang='lat' dir='ltr'><strong>bene</strong></span> <span class='ocrx_word' id='word_1_696' title='bbox 2906 3572 3105 3649; x_wconf 85' lang='lat' dir='ltr'><strong>habere</strong></span> <span class='ocrx_word' id='word_1_697' title='bbox 3156 3589 3266 3642; x_wconf 85' lang='lat' dir='ltr'><strong>visa</strong></span> <span class='ocrx_word' id='word_1_698' title='bbox 3307 3585 3427 3648; x_wconf 82' lang='lat' dir='ltr'><strong>fuit,</strong></span> <span class='ocrx_word' id='word_1_699' title='bbox 3481 3598 3543 3636; x_wconf 91' lang='lat' dir='ltr'><strong>co</strong></span> <span class='ocrx_word' id='word_1_700' title='bbox 3576 3587 3820 3647; x_wconf 85' lang='lat' dir='ltr'><strong>accepto,</strong></span> <span class='ocrx_word' id='word_1_701' title='bbox 3855 3572 3993 3644; x_wconf 88' lang='lat' dir='ltr'><strong>quod</strong></span> 
     </span>
    </p>
   </div>
   <div class='ocr_carea' id='block_1_94' title="bbox 2427 3665 3992 3750">
    <p class='ocr_par' dir='ltr' id='par_1_94' title="bbox 2427 3665 3992 3750">
     <span class='ocr_line' id='line_1_94' title="bbox 2427 3665 3992 3750; baseline -0.022 0"><span class='ocrx_word' id='word_1_702' title='bbox 2427 3695 2605 3750; x_wconf 80' lang='lat' dir='ltr'><strong>fuerat</strong></span> <span class='ocrx_word' id='word_1_703' title='bbox 2657 3689 3033 3749; x_wconf 79' lang='lat' dir='ltr'><strong>fabrefactum,</strong></span> <span class='ocrx_word' id='word_1_704' title='bbox 3087 3682 3319 3737; x_wconf 87' lang='lat' dir='ltr'><strong>redeunt</strong></span> <span class='ocrx_word' id='word_1_705' title='bbox 3350 3678 3404 3730; x_wconf 87' lang='lat' dir='ltr'><strong>in</strong></span> <span class='ocrx_word' id='word_1_706' title='bbox 3437 3676 3613 3728; x_wconf 84' lang='lat' dir='ltr'><strong>vicum</strong></span> <span class='ocrx_word' id='word_1_707' title='bbox 3644 3670 3760 3724; x_wconf 89' lang='lat' dir='ltr'><strong>sani</strong></span> <span class='ocrx_word' id='word_1_708' title='bbox 3797 3676 3852 3720; x_wconf 85' lang='lat' dir='ltr'><strong>et</strong></span> <span class='ocrx_word' id='word_1_709' title='bbox 3886 3665 3992 3717; x_wconf 91' lang='lat' dir='ltr'><strong>ala-</strong></span> 
     </span>
    </p>
   </div>
   <div class='ocr_carea' id='block_1_95' title="bbox 2429 3757 3993 3843">
    <p class='ocr_par' dir='ltr' id='par_1_95' title="bbox 2429 3757 3993 3843">
     <span class='ocr_line' id='line_1_95' title="bbox 2429 3757 3993 3843; baseline -0.024 -1"><span class='ocrx_word' id='word_1_710' title='bbox 2429 3805 2550 3843; x_wconf 90' lang='lat' dir='ltr'><strong>cres</strong></span> <span class='ocrx_word' id='word_1_711' title='bbox 2590 3805 2602 3838; x_wconf 90' lang='lat'><strong>:</strong></span> <span class='ocrx_word' id='word_1_712' title='bbox 2652 3783 3095 3843; x_wconf 86' lang='lat' dir='ltr'><strong>aromatibusquc</strong></span> <span class='ocrx_word' id='word_1_713' title='bbox 3129 3783 3180 3824; x_wconf 89' lang='lat' dir='ltr'><strong>et</strong></span> <span class='ocrx_word' id='word_1_714' title='bbox 3217 3768 3489 3823; x_wconf 81' lang='lat' dir='ltr'><strong>sullitibus</strong></span> <span class='ocrx_word' id='word_1_715' title='bbox 3515 3763 3652 3831; x_wconf 87' lang='lat' dir='ltr'><strong>aptis</strong></span> <span class='ocrx_word' id='word_1_716' title='bbox 3687 3759 3750 3810; x_wconf 85' lang='lat' dir='ltr'><strong>ad</strong></span> <span class='ocrx_word' id='word_1_717' title='bbox 3789 3757 3993 3809; x_wconf 81' lang='lat' dir='ltr'><strong>sacriﬁ—</strong></span> 
     </span>
    </p>
   </div>
   <div class='ocr_carea' id='block_1_96' title="bbox 2431 3845 3995 3943">
    <p class='ocr_par' dir='ltr' id='par_1_96' title="bbox 2431 3845 3995 3943">
     <span class='ocr_line' id='line_1_96' title="bbox 2431 3845 3995 3943; baseline -0.024 -10"><span class='ocrx_word' id='word_1_718' title='bbox 2431 3881 2597 3943; x_wconf 84' lang='lat' dir='ltr'><strong>cium,</strong></span> <span class='ocrx_word' id='word_1_719' title='bbox 2641 3871 3008 3930; x_wconf 88' lang='lat' dir='ltr'><strong>vcnerandam</strong></span> <span class='ocrx_word' id='word_1_720' title='bbox 3046 3869 3252 3920; x_wconf 89' lang='lat' dir='ltr'><strong>donant</strong></span> <span class='ocrx_word' id='word_1_721' title='bbox 3301 3856 3606 3913; x_wconf 89' lang='lat' dir='ltr'><strong>mulierem.</strong></span> <span class='ocrx_word' id='word_1_722' title='bbox 3651 3852 3721 3904; x_wconf 85' lang='lat' dir='ltr'><strong>Et</strong></span> <span class='ocrx_word' id='word_1_723' title='bbox 3753 3848 3844 3902; x_wconf 85' lang='lat' dir='ltr'><strong>illa</strong></span> <span class='ocrx_word' id='word_1_724' title='bbox 3881 3845 3995 3943; x_wconf 71' lang='lat' dir='ltr'><strong>qui-</strong></span> 
     </span>
    </p>
   </div>
   <div class='ocr_carea' id='block_1_97' title="bbox 2429 3938 3995 4026">
    <p class='ocr_par' dir='ltr' id='par_1_97' title="bbox 2429 3938 3995 4026">
     <span class='ocr_line' id='line_1_97' title="bbox 2429 3938 3995 4026; baseline -0.023 -2"><span class='ocrx_word' id='word_1_725' title='bbox 2429 3971 2548 4023; x_wconf 88' lang='lat' dir='ltr'><strong>dem</strong></span> <span class='ocrx_word' id='word_1_726' title='bbox 2578 3938 2765 4023; x_wconf 80' lang='lat' dir='ltr'><strong>rursus</strong></span> <span class='ocrx_word' id='word_1_727' title='bbox 2793 3965 2956 4025; x_wconf 91' lang='lat' dir='ltr'><strong>viros,</strong></span> <span class='ocrx_word' id='word_1_728' title='bbox 2990 3969 3246 4026; x_wconf 86' lang='lat' dir='ltr'><strong>tanquam</strong></span> <span class='ocrx_word' id='word_1_729' title='bbox 3283 3951 3383 4006; x_wconf 88' lang='lat' dir='ltr'><strong>sibi</strong></span> <span class='ocrx_word' id='word_1_730' title='bbox 3419 3946 3730 4005; x_wconf 87' lang='lat' dir='ltr'><strong>familiares,</strong></span> <span class='ocrx_word' id='word_1_731' title='bbox 3762 3938 3995 4010; x_wconf 88' lang='lat' dir='ltr'><strong>jucunde</strong></span> 
     </span>
    </p>
   </div>
   <div class='ocr_carea' id='block_1_98' title="bbox 2431 4032 3990 4131">
    <p class='ocr_par' dir='ltr' id='par_1_98' title="bbox 2431 4032 3990 4131">
     <span class='ocr_line' id='line_1_98' title="bbox 2431 4032 3990 4131; baseline -0.024 -14"><span class='ocrx_word' id='word_1_732' title='bbox 2431 4062 2648 4131; x_wconf 82' lang='lat' dir='ltr'><strong>accipit.</strong></span> <span class='ocrx_word' id='word_1_733' title='bbox 2671 4060 2746 4112; x_wconf 89' lang='lat' dir='ltr'><strong>llli</strong></span> <span class='ocrx_word' id='word_1_734' title='bbox 2780 4065 2958 4110; x_wconf 86' lang='lat' dir='ltr'><strong>autem</strong></span> <span class='ocrx_word' id='word_1_735' title='bbox 2997 4065 3183 4104; x_wconf 90' lang='lat' dir='ltr'><strong>rursus</strong></span> <span class='ocrx_word' id='word_1_736' title='bbox 3201 4047 3265 4100; x_wconf 93' lang='lat' dir='ltr'><strong>ab</strong></span> <span class='ocrx_word' id='word_1_737' title='bbox 3295 4059 3359 4099; x_wconf 86' lang='lat' dir='ltr'><strong>ea</strong></span> <span class='ocrx_word' id='word_1_738' title='bbox 3395 4048 3608 4112; x_wconf 83' lang='lat' dir='ltr'><strong>petunt,</strong></span> <span class='ocrx_word' id='word_1_739' title='bbox 3641 4034 3786 4106; x_wconf 85' lang='lat' dir='ltr'><strong>quod</strong></span> <span class='ocrx_word' id='word_1_740' title='bbox 3823 4032 3990 4102; x_wconf 84' lang='lat' dir='ltr'><strong>prius,</strong></span> 
     </span>
    </p>
   </div>
   <div class='ocr_carea' id='block_1_99' title="bbox 2430 4135 3997 4212">
    <p class='ocr_par' dir='ltr' id='par_1_99' title="bbox 2430 4135 3997 4212">
     <span class='ocr_line' id='line_1_99' title="bbox 2430 4135 3997 4212; baseline -0.024 -2"><span class='ocrx_word' id='word_1_741' title='bbox 2430 4167 2488 4212; x_wconf 86' lang='lat' dir='ltr'><strong>ut</strong></span> <span class='ocrx_word' id='word_1_742' title='bbox 2530 4154 2733 4210; x_wconf 87' lang='lat' dir='ltr'><strong>scilicet</strong></span> <span class='ocrx_word' id='word_1_743' title='bbox 2764 4153 2814 4205; x_wconf 89' lang='lat' dir='ltr'><strong>in</strong></span> <span class='ocrx_word' id='word_1_744' title='bbox 2841 4163 2993 4203; x_wconf 85' lang='lat' dir='ltr'><strong>sacro</strong></span> <span class='ocrx_word' id='word_1_745' title='bbox 3025 4141 3330 4196; x_wconf 86' lang='lat' dir='ltr'><strong>habitaculo</strong></span> <span class='ocrx_word' id='word_1_746' title='bbox 3365 4145 3530 4188; x_wconf 89' lang='lat' dir='ltr'><strong>totam</strong></span> <span class='ocrx_word' id='word_1_747' title='bbox 3562 4140 3779 4182; x_wconf 90' lang='lat' dir='ltr'><strong>noctem</strong></span> <span class='ocrx_word' id='word_1_748' title='bbox 3824 4135 3997 4178; x_wconf 84' lang='lat' dir='ltr'><strong>trans-</strong></span> 
     </span>
    </p>
   </div>
   <div class='ocr_carea' id='block_1_100' title="bbox 2431 4215 3993 4317">
    <p class='ocr_par' dir='ltr' id='par_1_100' title="bbox 2431 4215 3993 4317">
     <span class='ocr_line' id='line_1_100' title="bbox 2431 4215 3993 4317; baseline -0.024 -16"><span class='ocrx_word' id='word_1_749' title='bbox 2431 4252 2658 4317; x_wconf 88' lang='lat' dir='ltr'><strong>igerent.</strong></span> <span class='ocrx_word' id='word_1_750' title='bbox 2727 4243 2817 4293; x_wconf 89' lang='lat' dir='ltr'><strong>Illa</strong></span> <span class='ocrx_word' id='word_1_751' title='bbox 2861 4253 2986 4291; x_wconf 88' lang='lat' dir='ltr'><strong>vero</strong></span> <span class='ocrx_word' id='word_1_752' title='bbox 3035 4248 3224 4286; x_wconf 88' lang='lat' dir='ltr'><strong>rursus</strong></span> <span class='ocrx_word' id='word_1_753' title='bbox 3269 4239 3484 4294; x_wconf 85' lang='lat' dir='ltr'><strong>quoque</strong></span> <span class='ocrx_word' id='word_1_754' title='bbox 3535 4215 3993 4316; x_wconf 45' lang='lat' dir='ltr'><strong>permittit,.niltil</strong></span> 
     </span>
    </p>
   </div>
   <div class='ocr_carea' id='block_1_101' title="bbox 2431 4306 3996 4399">
    <p class='ocr_par' dir='ltr' id='par_1_101' title="bbox 2431 4306 3996 4399">
     <span class='ocr_line' id='line_1_101' title="bbox 2431 4306 3996 4399; baseline -0.026 -5"><span class='ocrx_word' id='word_1_755' title='bbox 2431 4306 2654 4394; x_wconf 46' lang='lat' dir='ltr'><strong>ovn‘inino</strong></span> <span class='ocrx_word' id='word_1_756' title='bbox 2695 4330 2998 4399; x_wconf 90' lang='lat' dir='ltr'><strong>suspicans.</strong></span> <span class='ocrx_word' id='word_1_757' title='bbox 3033 4324 3133 4389; x_wconf 91' lang='lat' dir='ltr'><strong>Qui</strong></span> <span class='ocrx_word' id='word_1_758' title='bbox 3170 4317 3418 4390; x_wconf 86' lang='lat' dir='ltr'><strong>ingressi,</strong></span> <span class='ocrx_word' id='word_1_759' title='bbox 3462 4326 3672 4367; x_wconf 89' lang='lat' dir='ltr'><strong>summo</strong></span> <span class='ocrx_word' id='word_1_760' title='bbox 3723 4306 3852 4360; x_wconf 85' lang='lat' dir='ltr'><strong>otio&#39;</strong></span> <span class='ocrx_word' id='word_1_761' title='bbox 3883 4316 3996 4356; x_wconf 90' lang='lat' dir='ltr'><strong>ute-</strong></span> 
     </span>
    </p>
   </div>
   <div class='ocr_carea' id='block_1_102' title="bbox 2435 4401 3996 4497">
    <p class='ocr_par' dir='ltr' id='par_1_102' title="bbox 2435 4401 3996 4497">
     <span class='ocr_line' id='line_1_102' title="bbox 2435 4401 3996 4497; baseline -0.024 -10"><span class='ocrx_word' id='word_1_762' title='bbox 2435 4436 2629 4487; x_wconf 89' lang='lat' dir='ltr'><strong>bantur</strong></span> <span class='ocrx_word' id='word_1_763' title='bbox 2660 4425 2915 4497; x_wconf 88' lang='lat' dir='ltr'><strong>precibus</strong></span> <span class='ocrx_word' id='word_1_764' title='bbox 2958 4419 3023 4473; x_wconf 73' lang='lat' dir='ltr'><strong>aj</strong></span> <span class='ocrx_word' id='word_1_765' title='bbox 3057 4415 3403 4483; x_wconf 87' lang='lat' dir='ltr'><strong>inculpatam,</strong></span> <span class='ocrx_word' id='word_1_766' title='bbox 3440 4418 3494 4463; x_wconf 88' lang='lat' dir='ltr'><strong>et</strong></span> <span class='ocrx_word' id='word_1_767' title='bbox 3529 4406 3594 4460; x_wconf 90' lang='lat' dir='ltr'><strong>ab</strong></span> <span class='ocrx_word' id='word_1_768' title='bbox 3625 4401 3775 4458; x_wconf 89' lang='lat' dir='ltr'><strong>omni</strong></span> <span class='ocrx_word' id='word_1_769' title='bbox 3812 4413 3996 4468; x_wconf 83' lang='lat' dir='ltr'><strong>repre-</strong></span> 
     </span>
    </p>
   </div>
   <div class='ocr_carea' id='block_1_103' title="bbox 2437 4504 3995 4579">
    <p class='ocr_par' dir='ltr' id='par_1_103' title="bbox 2437 4504 3995 4579">
     <span class='ocr_line' id='line_1_103' title="bbox 2437 4504 3995 4579; baseline -0.024 0"><span class='ocrx_word' id='word_1_770' title='bbox 2437 4525 2701 4579; x_wconf 87' lang='lat' dir='ltr'><strong>hensione</strong></span> <span class='ocrx_word' id='word_1_771' title='bbox 2725 4520 2955 4572; x_wconf 90' lang='lat' dir='ltr'><strong>alienam</strong></span> <span class='ocrx_word' id='word_1_772' title='bbox 2987 4513 3074 4566; x_wconf 89' lang='lat' dir='ltr'><strong>Dei</strong></span> <span class='ocrx_word' id='word_1_773' title='bbox 3104 4509 3353 4570; x_wconf 80' lang='lat' dir='ltr'><strong>Matrem,</strong></span> <span class='ocrx_word' id='word_1_774' title='bbox 3379 4518 3472 4556; x_wconf 90' lang='lat' dir='ltr'><strong>eas</strong></span> <span class='ocrx_word' id='word_1_775' title='bbox 3506 4510 3758 4566; x_wconf 89' lang='lat' dir='ltr'><strong>tanquam</strong></span> <span class='ocrx_word' id='word_1_776' title='bbox 3789 4504 3995 4548; x_wconf 83' lang='lat' dir='ltr'><strong>sacram</strong></span> 
     </span>
    </p>
   </div>
   <div class='ocr_carea' id='block_1_104' title="bbox 2437 4591 3996 4675">
    <p class='ocr_par' dir='ltr' id='par_1_104' title="bbox 2437 4591 3996 4675">
     <span class='ocr_line' id='line_1_104' title="bbox 2437 4591 3996 4675; baseline -0.021 -5"><span class='ocrx_word' id='word_1_777' title='bbox 2437 4616 2666 4671; x_wconf 87' lang='lat' dir='ltr'><strong>hostiam</strong></span> <span class='ocrx_word' id='word_1_778' title='bbox 2698 4607 2948 4675; x_wconf 81' lang='lat' dir='ltr'><strong>lacrymis</strong></span> <span class='ocrx_word' id='word_1_779' title='bbox 2980 4604 3176 4670; x_wconf 78' lang='lat' dir='ltr'><strong>pingue</strong></span> <span class='ocrx_word' id='word_1_780' title='bbox 3209 4600 3467 4649; x_wconf 85' lang='lat' dir='ltr'><strong>facientes</strong></span> <span class='ocrx_word' id='word_1_781' title='bbox 3497 4612 3508 4643; x_wconf 90' lang='lat'>:</span> <span class='ocrx_word' id='word_1_782' title='bbox 3538 4591 3653 4642; x_wconf 82' lang='lat' dir='ltr'><strong>Non</strong></span> <span class='ocrx_word' id='word_1_783' title='bbox 3685 4591 3996 4656; x_wconf 80' lang='lat' dir='ltr'><strong>ignoramus</strong></span> 
     </span>
    </p>
   </div>
   <div class='ocr_carea' id='block_1_105' title="bbox 2433 4676 3999 4760">
    <p class='ocr_par' dir='ltr' id='par_1_105' title="bbox 2433 4676 3999 4760">
     <span class='ocr_line' id='line_1_105' title="bbox 2433 4676 3999 4760; baseline -0.021 0"><span class='ocrx_word' id='word_1_784' title='bbox 2433 4721 2532 4759; x_wconf 91' lang='lat' dir='ltr'><strong>nos</strong></span> <span class='ocrx_word' id='word_1_785' title='bbox 2564 4699 2705 4756; x_wconf 84' lang='lat' dir='ltr'><strong>servi</strong></span> <span class='ocrx_word' id='word_1_786' title='bbox 2755 4695 2852 4760; x_wconf 91' lang='lat' dir='ltr'><strong>tui,</strong></span> <span class='ocrx_word' id='word_1_787' title='bbox 2881 4692 3143 4751; x_wconf 86' lang='lat' dir='ltr'><strong>dicentes,</strong></span> <span class='ocrx_word' id='word_1_788' title='bbox 3183 4702 3215 4740; x_wconf 89' lang='grc' dir='ltr'>ο</span> <span class='ocrx_word' id='word_1_789' title='bbox 3248 4680 3604 4743; x_wconf 87' lang='lat' dir='ltr'><strong>divinissima,</strong></span> <span class='ocrx_word' id='word_1_790' title='bbox 3637 4687 3690 4730; x_wconf 91' lang='lat' dir='ltr'><strong>et</strong></span> <span class='ocrx_word' id='word_1_791' title='bbox 3730 4677 3782 4728; x_wconf 94' lang='lat' dir='ltr'><strong>in</strong></span> <span class='ocrx_word' id='word_1_792' title='bbox 3814 4676 3999 4743; x_wconf 84' lang='lat' dir='ltr'><strong>primis</strong></span> 
     </span>
    </p>
   </div>
   <div class='ocr_carea' id='block_1_106' title="bbox 2433 4767 3993 4852">
    <p class='ocr_par' dir='ltr' id='par_1_106' title="bbox 2433 4767 3993 4852">
     <span class='ocr_line' id='line_1_106' title="bbox 2433 4767 3993 4852; baseline -0.023 0"><span class='ocrx_word' id='word_1_793' title='bbox 2433 4795 2657 4852; x_wconf 88' lang='lat' dir='ltr'><strong>illustris</strong></span> <span class='ocrx_word' id='word_1_794' title='bbox 2687 4789 2934 4850; x_wconf 89' lang='lat' dir='ltr'><strong>Domina,</strong></span> <span class='ocrx_word' id='word_1_795' title='bbox 2972 4796 3215 4852; x_wconf 80' lang='lat' dir='ltr'><strong>quamam</strong></span> <span class='ocrx_word' id='word_1_796' title='bbox 3266 4778 3391 4833; x_wconf 91' lang='lat' dir='ltr'><strong>olim</strong></span> <span class='ocrx_word' id='word_1_797' title='bbox 3422 4773 3543 4829; x_wconf 69' lang='lat' dir='ltr'><strong>Ome</strong></span> <span class='ocrx_word' id='word_1_798' title='bbox 3570 4771 3876 4826; x_wconf 84' lang='lat' dir='ltr'><strong>evenerint.</strong></span> <span class='ocrx_word' id='word_1_799' title='bbox 3905 4767 3993 4832; x_wconf 90' lang='lat' dir='ltr'><strong>qui</strong></span> 
     </span>
    </p>
   </div>
   <div class='ocr_carea' id='block_1_107' title="bbox 2432 4862 3995 4949">
    <p class='ocr_par' dir='ltr' id='par_1_107' title="bbox 2432 4862 3995 4949">
     <span class='ocr_line' id='line_1_107' title="bbox 2432 4862 3995 4949; baseline -0.022 -6"><span class='ocrx_word' id='word_1_800' title='bbox 2432 4904 2595 4942; x_wconf 88' lang='lat' dir='ltr'><strong>ausus</strong></span> <span class='ocrx_word' id='word_1_801' title='bbox 2623 4895 2703 4938; x_wconf 87' lang='lat' dir='ltr'><strong>est</strong></span> <span class='ocrx_word' id='word_1_802' title='bbox 2729 4892 2943 4949; x_wconf 84' lang='lat' dir='ltr'><strong>tangere</strong></span> <span class='ocrx_word' id='word_1_803' title='bbox 2969 4891 3169 4939; x_wconf 88' lang='lat' dir='ltr'><strong>arcam,</strong></span> <span class='ocrx_word' id='word_1_804' title='bbox 3197 4888 3313 4941; x_wconf 63' lang='lat' dir='ltr'><strong>qua:</strong></span> <span class='ocrx_word' id='word_1_805' title='bbox 3335 4875 3450 4922; x_wconf 82' lang='lat' dir='ltr'><strong>erat</strong></span> <span class='ocrx_word' id='word_1_806' title='bbox 3479 4864 3776 4921; x_wconf 89' lang='lat' dir='ltr'><strong>secundum</strong></span> <span class='ocrx_word' id='word_1_807' title='bbox 3803 4862 3995 4931; x_wconf 83' lang='lat' dir='ltr'><strong>legem.</strong></span> 
     </span>
    </p>
   </div>
   <div class='ocr_carea' id='block_1_108' title="bbox 2431 4955 3994 5046">
    <p class='ocr_par' dir='ltr' id='par_1_108' title="bbox 2431 4955 3994 5046">
     <span class='ocr_line' id='line_1_108' title="bbox 2431 4955 3994 5046; baseline -0.018 -13"><span class='ocrx_word' id='word_1_808' title='bbox 2431 4978 2712 5046; x_wconf 80' lang='lat' dir='ltr'><strong>Quomodo</strong></span> <span class='ocrx_word' id='word_1_809' title='bbox 2757 4988 2884 5044; x_wconf 87' lang='lat' dir='ltr'><strong>ergo</strong></span> <span class='ocrx_word' id='word_1_810' title='bbox 2917 4985 3036 5033; x_wconf 87' lang='lat' dir='ltr'><strong>nos,</strong></span> <span class='ocrx_word' id='word_1_811' title='bbox 3067 4968 3156 5035; x_wconf 89' lang='lat' dir='ltr'><strong>qui</strong></span> <span class='ocrx_word' id='word_1_812' title='bbox 3189 4980 3377 5018; x_wconf 89' lang='lat' dir='ltr'><strong>sumus</strong></span> <span class='ocrx_word' id='word_1_813' title='bbox 3405 4959 3588 5014; x_wconf 89' lang='lat' dir='ltr'><strong>multis</strong></span> <span class='ocrx_word' id='word_1_814' title='bbox 3619 4955 3838 5010; x_wconf 73' lang='lat' dir='ltr'><strong>obnoxii</strong></span> <span class='ocrx_word' id='word_1_815' title='bbox 3875 4967 3994 5023; x_wconf 86' lang='lat' dir='ltr'><strong>pec-</strong></span> 
     </span>
    </p>
   </div>
   <div class='ocr_carea' id='block_1_109' title="bbox 2433 5048 3992 5136">
    <p class='ocr_par' dir='ltr' id='par_1_109' title="bbox 2433 5048 3992 5136">
     <span class='ocr_line' id='line_1_109' title="bbox 2433 5048 3992 5136; baseline -0.02 -7"><span class='ocrx_word' id='word_1_816' title='bbox 2433 5075 2587 5136; x_wconf 90' lang='lat' dir='ltr'><strong>catis,</strong></span> <span class='ocrx_word' id='word_1_817' title='bbox 2641 5081 2690 5124; x_wconf 86' lang='lat' dir='ltr'><strong>te</strong></span> <span class='ocrx_word' id='word_1_818' title='bbox 2724 5083 2830 5122; x_wconf 91' lang='lat' dir='ltr'><strong>non</strong></span> <span class='ocrx_word' id='word_1_819' title='bbox 2878 5065 3122 5133; x_wconf 88' lang='lat' dir='ltr'><strong>jubente,</strong></span> <span class='ocrx_word' id='word_1_820' title='bbox 3159 5058 3272 5111; x_wconf 88' lang='lat' dir='ltr'><strong>ausi</strong></span> <span class='ocrx_word' id='word_1_821' title='bbox 3319 5055 3576 5109; x_wconf 88' lang='lat' dir='ltr'><strong>fuerimus</strong></span> <span class='ocrx_word' id='word_1_822' title='bbox 3599 5051 3837 5105; x_wconf 88' lang='lat' dir='ltr'><strong>divinam</strong></span> <span class='ocrx_word' id='word_1_823' title='bbox 3859 5048 3992 5099; x_wconf 87' lang='lat' dir='ltr'><strong>hanc</strong></span> 
     </span>
    </p>
   </div>
   <div class='ocr_carea' id='block_1_110' title="bbox 2431 5137 3996 5222">
    <p class='ocr_par' dir='ltr' id='par_1_110' title="bbox 2431 5137 3996 5222">
     <span class='ocr_line' id='line_1_110' title="bbox 2431 5137 3996 5222; baseline -0.02 -4"><span class='ocrx_word' id='word_1_824' title='bbox 2431 5179 2608 5219; x_wconf 81' lang='lat' dir='ltr'><strong>arcam</strong></span> <span class='ocrx_word' id='word_1_825' title='bbox 2655 5159 2875 5212; x_wconf 89' lang='lat' dir='ltr'><strong>omnino</strong></span> <span class='ocrx_word' id='word_1_826' title='bbox 2923 5164 3165 5222; x_wconf 86' lang='lat' dir='ltr'><strong>tangere,</strong></span> <span class='ocrx_word' id='word_1_827' title='bbox 3209 5151 3347 5203; x_wconf 90' lang='lat' dir='ltr'><strong>intra</strong></span> <span class='ocrx_word' id='word_1_828' title='bbox 3390 5157 3551 5213; x_wconf 88' lang='lat' dir='ltr'><strong>quam</strong></span> <span class='ocrx_word' id='word_1_829' title='bbox 3591 5151 3674 5194; x_wconf 87' lang='lat' dir='ltr'><strong>est</strong></span> <span class='ocrx_word' id='word_1_830' title='bbox 3708 5137 3832 5192; x_wconf 85' lang='lat' dir='ltr'><strong>talis</strong></span> <span class='ocrx_word' id='word_1_831' title='bbox 3885 5137 3996 5189; x_wconf 84' lang='lat' dir='ltr'><strong>the-</strong></span> 
     </span>
    </p>
   </div>
   <div class='ocr_carea' id='block_1_111' title="bbox 2436 5227 3994 5319">
    <p class='ocr_par' dir='ltr' id='par_1_111' title="bbox 2436 5227 3994 5319">
     <span class='ocr_line' id='line_1_111' title="bbox 2436 5227 3994 5319; baseline -0.019 -8"><span class='ocrx_word' id='word_1_832' title='bbox 2436 5271 2626 5311; x_wconf 91' lang='lat' dir='ltr'><strong>saurus</strong></span> <span class='ocrx_word' id='word_1_833' title='bbox 2674 5249 2948 5319; x_wconf 88' lang='lat' dir='ltr'><strong>repositus</strong></span> <span class='ocrx_word' id='word_1_834' title='bbox 2991 5253 3084 5298; x_wconf 88' lang='lat' dir='ltr'><strong>:ct</strong></span> <span class='ocrx_word' id='word_1_835' title='bbox 3135 5256 3242 5295; x_wconf 86' lang='lat' dir='ltr'><strong>non</strong></span> <span class='ocrx_word' id='word_1_836' title='bbox 3274 5238 3446 5292; x_wconf 90' lang='lat' dir='ltr'><strong>solum</strong></span> <span class='ocrx_word' id='word_1_837' title='bbox 3499 5243 3721 5300; x_wconf 87' lang='lat' dir='ltr'><strong>tangere</strong></span> <span class='ocrx_word' id='word_1_838' title='bbox 3754 5227 3994 5297; x_wconf 91' lang='lat' dir='ltr'><strong>profanis</strong></span> 
     </span>
    </p>
   </div>
   <div class='ocr_carea' id='block_1_112' title="bbox 2435 5321 3992 5407">
    <p class='ocr_par' dir='ltr' id='par_1_112' title="bbox 2435 5321 3992 5407">
     <span class='ocr_line' id='line_1_112' title="bbox 2435 5321 3992 5407; baseline -0.021 -6"><span class='ocrx_word' id='word_1_839' title='bbox 2435 5349 2704 5407; x_wconf 91' lang='lat' dir='ltr'><strong>manibus,</strong></span> <span class='ocrx_word' id='word_1_840' title='bbox 2742 5341 2834 5394; x_wconf 91' lang='lat' dir='ltr'><strong>sed</strong></span> <span class='ocrx_word' id='word_1_841' title='bbox 2899 5339 3057 5390; x_wconf 88' lang='lat' dir='ltr'><strong>etiam</strong></span> <span class='ocrx_word' id='word_1_842' title='bbox 3106 5349 3224 5388; x_wconf 88' lang='lat' dir='ltr'><strong>eam</strong></span> <span class='ocrx_word' id='word_1_843' title='bbox 3280 5331 3386 5384; x_wconf 91' lang='lat' dir='ltr'><strong>alio</strong></span> <span class='ocrx_word' id='word_1_844' title='bbox 3422 5321 3754 5380; x_wconf 83' lang='lat' dir='ltr'><strong>transferre?</strong></span> <span class='ocrx_word' id='word_1_845' title='bbox 3803 5326 3992 5374; x_wconf 82' lang='lat' dir='ltr'><strong>Annue</strong></span> 
     </span>
    </p>
   </div>
   <div class='ocr_carea' id='block_1_113' title="bbox 2435 5412 3986 5508">
    <p class='ocr_par' dir='ltr' id='par_1_113' title="bbox 2435 5412 3986 5508">
     <span class='ocr_line' id='line_1_113' title="bbox 2435 5412 3986 5508; baseline -0.019 -16"><span class='ocrx_word' id='word_1_846' title='bbox 2435 5455 2559 5508; x_wconf 89' lang='lat' dir='ltr'><strong>ergo</strong></span> <span class='ocrx_word' id='word_1_847' title='bbox 2599 5433 2862 5489; x_wconf 85' lang='lat' dir='ltr'><strong>voluntati</strong></span> <span class='ocrx_word' id='word_1_848' title='bbox 2908 5439 3219 5482; x_wconf 88' lang='lat' dir='ltr'><strong>nostrarum</strong></span> <span class='ocrx_word' id='word_1_849' title='bbox 3267 5423 3590 5480; x_wconf 87' lang='lat' dir='ltr'><strong>animarum,</strong></span> <span class='ocrx_word' id='word_1_850' title='bbox 3639 5431 3671 5470; x_wconf 90' lang='lat'><strong>0</strong></span> <span class='ocrx_word' id='word_1_851' title='bbox 3704 5416 3832 5467; x_wconf 90' lang='lat' dir='ltr'><strong>boni</strong></span> <span class='ocrx_word' id='word_1_852' title='bbox 3876 5412 3986 5464; x_wconf 86' lang='lat' dir='ltr'><strong>Filii</strong></span> 
     </span>
    </p>
   </div>
   <div class='ocr_carea' id='block_1_114' title="bbox 2434 5500 3989 5581">
    <p class='ocr_par' dir='ltr' id='par_1_114' title="bbox 2434 5500 3989 5581">
     <span class='ocr_line' id='line_1_114' title="bbox 2434 5500 3989 5581; baseline -0.023 0"><span class='ocrx_word' id='word_1_853' title='bbox 2434 5500 2574 5581; x_wconf 66' lang='lat' dir='ltr'><strong>bona</strong></span> <span class='ocrx_word' id='word_1_854' title='bbox 2608 5524 2798 5576; x_wconf 85' lang='lat' dir='ltr'><strong>Mater.</strong></span> <span class='ocrx_word' id='word_1_855' title='bbox 2836 5518 2914 5572; x_wconf 86' lang='lat' dir='ltr'><strong>Ad</strong></span> <span class='ocrx_word' id='word_1_856' title='bbox 2966 5526 3112 5569; x_wconf 88' lang='lat' dir='ltr'><strong>tuam</strong></span> <span class='ocrx_word' id='word_1_857' title='bbox 3151 5512 3295 5566; x_wconf 90' lang='lat' dir='ltr'><strong>enim</strong></span> <span class='ocrx_word' id='word_1_858' title='bbox 3331 5509 3603 5562; x_wconf 87' lang='lat' dir='ltr'><strong>civitatem</strong></span> <span class='ocrx_word' id='word_1_859' title='bbox 3651 5511 3734 5556; x_wconf 89' lang='lat' dir='ltr'><strong>est</strong></span> <span class='ocrx_word' id='word_1_860' title='bbox 3766 5500 3989 5554; x_wconf 75' lang='lat' dir='ltr'><strong>transla-</strong></span> 
     </span>
    </p>
   </div>
   <div class='ocr_carea' id='block_1_115' title="bbox 2436 5601 3992 5687">
    <p class='ocr_par' dir='ltr' id='par_1_115' title="bbox 2436 5601 3992 5687">
     <span class='ocr_line' id='line_1_115' title="bbox 2436 5601 3992 5687; baseline -0.019 -15"><span class='ocrx_word' id='word_1_861' title='bbox 2436 5619 2533 5683; x_wconf 89' lang='lat' dir='ltr'><strong>tio,</strong></span> <span class='ocrx_word' id='word_1_862' title='bbox 2560 5633 2677 5687; x_wconf 83' lang='lat' dir='ltr'><strong>quae</strong></span> <span class='ocrx_word' id='word_1_863' title='bbox 2709 5622 2790 5669; x_wconf 88' lang='lat' dir='ltr'><strong>est</strong></span> <span class='ocrx_word' id='word_1_864' title='bbox 2817 5611 3054 5666; x_wconf 90' lang='lat' dir='ltr'><strong>omnium</strong></span> <span class='ocrx_word' id='word_1_865' title='bbox 3080 5607 3302 5660; x_wconf 89' lang='lat' dir='ltr'><strong>aliarum</strong></span> <span class='ocrx_word' id='word_1_866' title='bbox 3331 5601 3554 5670; x_wconf 75' lang='lat' dir='ltr'><strong>Regina,</strong></span> <span class='ocrx_word' id='word_1_867' title='bbox 3589 5605 3643 5648; x_wconf 87' lang='lat' dir='ltr'><strong>et</strong></span> <span class='ocrx_word' id='word_1_868' title='bbox 3675 5602 3726 5647; x_wconf 87' lang='lat' dir='ltr'><strong>te</strong></span> <span class='ocrx_word' id='word_1_869' title='bbox 3784 5605 3992 5687; x_wconf 61' lang='lat' dir='ltr'><strong>semper</strong></span> 
     </span>
    </p>
   </div>
   <div class='ocr_carea' id='block_1_116' title="bbox 2439 5684 3991 5783">
    <p class='ocr_par' dir='ltr' id='par_1_116' title="bbox 2439 5684 3991 5783">
     <span class='ocr_line' id='line_1_116' title="bbox 2439 5684 3991 5783; baseline -0.02 -19"><span class='ocrx_word' id='word_1_870' title='bbox 2439 5684 2631 5783; x_wconf 75' lang='lat' dir='ltr'><strong>magno</strong></span> <span class='ocrx_word' id='word_1_871' title='bbox 2680 5705 2858 5761; x_wconf 87' lang='lat' dir='ltr'><strong>studio</strong></span> <span class='ocrx_word' id='word_1_872' title='bbox 2908 5701 3095 5756; x_wconf 81' lang='lat' dir='ltr'><strong>statuit</strong></span> <span class='ocrx_word' id='word_1_873' title='bbox 3144 5698 3431 5750; x_wconf 80' lang='lat' dir='ltr'><strong>honorare.</strong></span> <span class='ocrx_word' id='word_1_874' title='bbox 3482 5689 3556 5742; x_wconf 64' lang='lat' dir='ltr'><strong>Ad</strong></span> <span class='ocrx_word' id='word_1_875' title='bbox 3591 5702 3712 5743; x_wconf 86' lang='lat' dir='ltr'><strong>cam</strong></span> <span class='ocrx_word' id='word_1_876' title='bbox 3745 5701 3847 5740; x_wconf 84' lang='lat' dir='ltr'><strong>nos</strong></span> <span class='ocrx_word' id='word_1_877' title='bbox 3896 5684 3991 5735; x_wconf 79' lang='lat' dir='ltr'><strong>hoc</strong></span> 
     </span>
    </p>
   </div>
  </div>
