4158 6522
175 483 275 543 565

1269 478 1737 539 MARTYRIUM
1784 479 1843 540 S.
1890 480 2315 541 MAMANTIS.

3304 468 3409 529 566

172 594 412 649 divinum
450 591 652 646 donum
698 598 981 660 exportare
1008 591 1318 652 statuimus,
1364 591 1428 645 ad
1459 592 1577 659 ejus
1614 598 1753 644 tute-
1780 591 1827 650 A
1856 607 1982 645 num
2014 593 2355 663 mysterium,
2391 589 2492 644 fuit
2523 603 2739 658 semper
2782 600 2968 641 revera
3002 582 3339 655 mysterium.

176 690 279 739 lam
307 694 363 739 et
394 684 646 751 gloriam,
700 699 820 753 quae
856 698 1135 751 nunquam
1162 684 1557 755 cxstinguatur.
1622 682 1745 737 llaec

174 786 285 832 tota
319 785 482 831 nocte
511 776 758 831 dicentes
802 776 855 829 in
885 776 1149 840 oratione,
1187 784 1241 828 et
1288 778 1461 830 solum
1495 776 1746 847 lacrymis

174 864 621 928 madet‘acientes,
668 872 891 932 repente
940 862 1231 931 implentur
1273 862 1488 925 ﬁducia,
1529 863 1744 927 fiducia,

174 957 423 1024 inquam,
456 961 864 1022 contemperala
891 952 1223 1006 reverentia.
1262 952 1459 1006 Deinde
1493 954 1559 1006 ad
1606 953 1745 1006 divi-

172 1062 299 1100 nam
328 1046 591 1099 accedunt
621 1059 823 1104 aream,
847 1044 1005 1097 simul
1036 1044 1153 1097 laeto
1180 1054 1235 1097 et
1260 1052 1519 1097 tremente
1541 1045 1744 1105 animo,

173 1151 227 1193 et
272 1153 398 1191 eum
447 1151 660 1202 omnes,
713 1136 803 1205 qui
858 1137 965 1190 illic
1010 1147 1188 1199 erant,
1232 1138 1469 1192 eﬂiccret
1521 1153 1747 1192 somnus

177 1228 327 1282 nullo
364 1242 528 1280 sensu
559 1226 818 1295 przeditos
874 1229 928 1297 (ο
958 1228 1143 1280 beatas
1190 1242 1403 1291 manus,
1442 1242 1472 1281 ο
1519 1228 1745 1291 furtum,

176 1319 230 1371 in
261 1317 405 1385 quod
429 1317 573 1371 nulla
615 1325 794 1385 potest
834 1316 1058 1369 omnino
1088 1317 1281 1370 cadere
1328 1318 1677 1386 reprehensio
1704 1319 1745 1384 !)

174 1410 319 1463 hanc
358 1409 637 1478 accipiunt
676 1409 757 1462 eis
795 1423 1011 1476 quoque
1045 1408 1273 1462 omnino
1318 1409 1419 1463 hac
1467 1409 1522 1462 in
1565 1424 1623 1464 re
1664 1409 1746 1463 fa-

177 1510 344 1554 vente
374 1501 565 1570 gratia.
602 1499 670 1552 Et
693 1514 814 1553 eam
844 1498 1062 1567 quidem
1095 1498 1172 1553 sic
1206 1500 1401 1553 tollunt
1432 1519 1442 1553 :
1468 1509 1749 1569 apponunt

177 1602 388 1654 autem,
432 1606 592 1661 quam
630 1590 1021 1660 Hierosolymis
1068 1590 1132 1644 ad
1162 1592 1281 1660 ejus
1334 1591 1747 1647 similitudinem

175 1683 429 1737 fabricati
472 1683 709 1746 fuerant,
741 1698 865 1737 cum
895 1684 946 1737 ei
973 1684 1137 1737 etiam
1170 1684 1556 1752 imposuissent
1586 1699 1749 1754 oper-

176 1776 385 1830 culum.
426 1775 580 1840 Quod
610 1776 829 1844 quidem
861 1786 977 1829 erat
1006 1791 1259 1842 aureum,
1294 1786 1352 1830 ut
1383 1777 1641 1832 diximus.

249 1861 335 1915 LI.
398 1862 535 1917 Cum
597 1864 837 1931 primum
899 1870 1080 1915 autem
1148 1863 1437 1926 illuxisset,
1502 1876 1744 1918 sanctam

180 1955 466 2008 mulierem
502 1952 721 2020 quidem
751 1953 947 2021 jubcnt
981 1954 1181 2018 valere,
1213 1963 1266 2006 et
1332 1964 1519 2022 rogant
1552 1964 1607 2006 ut
1641 1970 1748 2007 non
1776 1938 1824 1997 Β

179 2052 360 2102 cesset
385 2057 487 2113 pro
521 2043 600 2096 eis
628 2057 807 2105 orare,
838 2051 893 2095 et
918 2057 1106 2096 eorum
1141 2043 1319 2097 facere
1352 2059 1751 2097 commemora-

181 2137 413 2192 tionem.
467 2135 672 2189 Deinde
706 2135 757 2189 ei
795 2150 1012 2204 quoque
1050 2135 1220 2204 digito
1259 2136 1555 2189 ostendunt
1592 2151 1752 2204 oper.

180 2227 389 2291 Culum,
414 2228 572 2297 quasi
597 2242 781 2281 veram
810 2227 955 2280 illam
987 2236 1192 2297 tegeret
1215 2238 1269 2281 et
1292 2229 1520 2297 primam
1551 2244 1751 2295 arcam,

180 2318 330 2386 quod
382 2317 598 2371 mulieri
651 2331 861 2385 quoque
918 2315 1091 2370 visum
1145 2326 1228 2371 est
1278 2316 1345 2370 ab
1394 2318 1498 2372 illis
1534 2320 1752 2373 allatum

182 2424 306 2463 esse
359 2408 583 2462 honoris
617 2408 812 2477 gratia.
844 2408 909 2463 Et
957 2424 1078 2462 cum
1116 2417 1371 2478 praeterea
1408 2409 1472 2463 iis
1497 2410 1588 2478 qui
1639 2410 1757 2465 fuc-

185 2512 310 2555 rant
405 2500 657 2563 inventi,
727 2501 1063 2568 pauperibus
1135 2502 1573 2568 suppeditassth
1635 2518 1755 2571 quze

183 2602 340 2645 erant
399 2593 726 2651 necessaria,
760 2590 915 2643 valde
965 2593 1067 2643 laeti
1100 2592 1352 2658 protinus
1389 2593 1492 2645 iter
1525 2594 1755 2662 ingressi

184 2693 335 2749 sunt,
378 2684 600 2735 domum
654 2682 946 2735 reversuri.
1000 2684 1291 2751 Postquam
1345 2694 1528 2737 autem
1570 2686 1755 2740 venis-

185 2787 310 2833 sent
365 2776 704 2847 Byzantium,
754 2793 863 2831 non
916 2779 1208 2832 honestum
1258 2793 1377 2832 esse
1423 2789 1752 2843 statuerunt,

186 2868 255 2923 iis
302 2869 399 2938 qui
439 2869 534 2923 illo
579 2880 824 2937 tempore
876 2877 1053 2934 erant,
1104 2869 1525 2939 imperatoribus
1557 2879 1757 2940 myste-

185 2962 328 3015 rium
378 2962 530 3029 prius
578 2962 1005 3025 communicare,
1054 2976 1216 3029 quam
1272 2961 1616 3028 patriarchae.
1654 2962 1757 3017 Eos

183 3054 330 3107 enim
374 3051 589 3105 subibat
641 3051 822 3113 timor,
876 3067 942 3106 ne
975 3053 1119 3121 quod
1160 3052 1262 3122 ipsi
1302 3068 1459 3107 suum
1502 3068 1624 3108 esse
1664 3055 1759 3108 bo-

185 3159 317 3198 num
354 3151 684 3205 statuerant,
719 3159 785 3196 eo
828 3144 894 3198 ab
930 3144 1034 3197 illis
1064 3145 1432 3215 privarentur.
1466 3147 1597 3201 Cum
1629 3162 1758 3215 ergo

182 3235 359 3287 multa
428 3236 858 3298 consultassent,
921 3237 1000 3291 eis
1068 3240 1183 3292 luec
1244 3239 1355 3291 visa
1408 3248 1491 3293 est
1551 3240 1759 3307 optima

1922 683 2030 738 Lll.
2070 682 2339 749 Quoniam
2387 688 2565 735 autent
2601 680 2674 745 ei,
2706 695 2824 749 qum
2862 694 2958 748 per
3008 677 3187 747 ipsum
3243 665 3413 727 bono-

1848 776 2085 838 rabatur,
2141 782 2195 828 ct
2247 775 2404 843 cujus
2456 782 2571 826 erat
2610 773 2699 827 ille
2759 771 3012 835 amictus,
3067 768 3245 822 visum
3310 776 3414 829 est,

1852 879 2059 923 tantum
2100 867 2304 921 bonum
2348 866 2412 920 ad
2455 867 2601 922 solos
2641 865 2781 920 duos
2834 871 3001 919 testes
3042 876 3153 915 non
3211 859 3419 915 debere

1849 961 2119 1023 contrahi,
2170 968 2224 1012 et
2289 969 2544 1027 tanquam
2610 956 2885 1027 profundo
2946 954 3129 1023 aliquo
3196 951 3416 1021 contegi

1848 1051 2086 1114 silentio,
2128 1059 2180 1103 et
2232 1064 2548 1104 communes
2596 1048 2815 1103 divitias
2868 1060 2989 1101 esse
3046 1058 3241 1098 eorum
3297 1052 3420 1095 tan-

1852 1154 1965 1197 tum
2030 1143 2303 1213 proprias.
2360 1151 2415 1195 et
2481 1141 2757 1196 communi
2820 1139 2981 1209 epulo
3033 1152 3127 1192 eos
3161 1151 3221 1192 se
3278 1135 3423 1191 solos

1851 1236 2070 1305 explere
2104 1252 2116 1287 :
2146 1243 2323 1287 movet
2364 1235 2511 1303 ipsos
2540 1234 2605 1287 ad
2659 1233 2713 1287 id
2752 1232 2899 1301 quod
2952 1237 3256 1289 taenerant.
3295 1242 3424 1297 pres

1850 1328 2129 1382 ferendum
2167 1326 2220 1381 in
2254 1325 2423 1379 lucem
2458 1343 2472 1380 :
2503 1336 2556 1380 et
2601 1326 2943 1388 accedentes,
2982 1321 3313 1375 annuntiant
3346 1318 3414 1372 iis

1849 1421 1939 1489 qui
1993 1429 2121 1473 tunc
2168 1428 2343 1485 erant,
2386 1418 2831 1487 imperatoribus,
2875 1424 2931 1469 et
2967 1413 3223 1482 aperiunt
3260 1411 3423 1480 quale

1848 1514 1922 1569 sit
1945 1513 2289 1576 miraculum,
2313 1519 2368 1565 et
2390 1510 2669 1564 declarant
2690 1505 3153 1578 quemadmodum
3190 1504 3259 1557 sit
3292 1502 3427 1556 alla-

1852 1613 1984 1659 tum.
2027 1605 2132 1659 Eos
2187 1611 2390 1666 autem,
2425 1618 2548 1657 cum
2581 1600 2899 1661 audiissent,
2939 1612 3192 1667 magnum
3228 1591 3427 1647 invasit

1850 1697 2123 1767 gaudium,
2197 1704 2250 1751 et
2299 1696 2550 1764 protinus
2600 1693 2659 1747 ﬁt
2708 1689 3004 1761 publicum,
3056 1687 3197 1757 quod
3251 1685 3405 1739 {uera

1851 1792 2143 1849 occultum.
2181 1789 2244 1842 Et
2270 1787 2417 1842 beati
2450 1786 2665 1855 quidem
2698 1785 2837 1843 inter
2864 1796 3054 1836 omnes
3108 1784 3429 1848 reputantur

1851 1884 2076 1938 Galbius
2111 1890 2165 1935 et
2215 1877 2491 1934 Candidus
2534 1884 2757 1945 propter
2791 1872 2896 1925 tale
2948 1868 3338 1931 ministerium,
3374 1872 3430 1918 ct

1856 1975 2087 2047 publicis
2124 1975 2465 2027 honorantur
2494 1968 2814 2023 honoribus.
2851 1965 3041 2019 Divina
3071 1971 3254 2016 autem
3287 1958 3430 2013 azdes

1857 2066 1911 2117 in
1962 2077 2030 2116 eo
2081 2061 2199 2114 loco
2253 2059 2415 2129 regiis
2458 2056 2721 2126 impensis
2784 2054 3024 2122 Deiparaz
3078 2048 3376 2104 azdilieatur
3410 2064 3429 2102 :

1856 2164 2111 2223 etcapsa
2156 2167 2220 2206 ex
2268 2160 2490 2220 argento
2538 2159 2592 2203 et
2640 2163 2779 2202 auro
2810 2154 3144 2209 constructa,
3209 2156 3424 2198 sacrum

1854 2249 2008 2304 illum
2040 2248 2352 2301 thesaurum
2395 2243 2597 2310 excipit
2632 2260 2647 2294 :
2683 2240 2932 2311 plurimis
2965 2238 3087 2292 aliis
3116 2233 3431 2290 muneribus

1858 2352 1913 2396 et
1963 2338 2120 2394 donis
2170 2336 2363 2390 domus
2407 2334 2727 2387 honoratur.
2778 2330 2890 2384 Leo
2944 2344 3073 2383 vero
3126 2336 3180 2381 et
3232 2322 3432 2379 Verina

1861 2432 1934 2501 (ii
1972 2430 2115 2484 enim
2157 2438 2285 2481 tunc
2334 2421 2691 2493 imperabant;
2749 2434 2980 2490 quorum
3032 2426 3279 2487 tempore
3328 2413 3433 2467 hoc

1856 2538 2074 2595 quoque
2097 2535 2368 2589 .magnum
2392 2529 2447 2570 et
2477 2514 2751 2568 revelatur
2782 2510 3120 2582 mysterium,
3149 2518 3201 2561 et
3226 2506 3293 2559 ad
3345 2520 3433 2557 re-

1859 2616 1998 2686 giam
2053 2613 2239 2666 urbem
2267 2606 2620 2677 exportatur)
2644 2619 2767 2659 cum
2799 2603 3021 2671 pulchre
3045 2608 3099 2652 et
3124 2598 3213 2668 pie
3257 2597 3434 2675 impe-

1856 2715 2083 2767 rassent,
2105 2702 2391 2756 etGalbius
2417 2711 2471 2753 et
2492 2697 2783 2760 Candidus,
2807 2694 2896 2763 qui
2936 2693 3038 2747 hoc
3075 2690 3433 2745 ministerium

1859 2794 2230 2867 pulcherrime
2281 2790 2560 2852 obierunt,
2635 2783 3040 2843 transferuntur
3130 2788 3318 2849 postea
3368 2777 3435 2831 ad

1861 2886 2125 2944 senectuti
2157 2900 2266 2939 non
2296 2880 2585 2937 obnoxiam
2629 2879 2750 2932 vita:
2783 2874 3176 2931 conditionem.

1935 2981 2066 3033 Llll.
2112 2978 2247 3030 Cum
2285 2991 2413 3040 ergo
2448 2975 2561 3026 haec
2594 2987 2747 3024 sacra
2781 2986 2906 3023 arca
2947 2966 3102 3020 nobis
3131 2962 3432 3025 contineat,

1862 3085 1968 3126 non
2023 3067 2283 3136 quasdam
2324 3064 2557 3124 tabulas,
2597 3078 2760 3115 manu
2796 3058 3026 3114 Mosaica
3073 3058 3284 3126 politas,
3340 3053 3434 3108 sed

1862 3169 2066 3213 vestem
2122 3157 2281 3226 plane
2336 3154 2597 3217 divinam,
2661 3163 2716 3207 et
2774 3163 2986 3206 summe
3044 3144 3433 3207 venerandam,

1866 3264 1985 3318 quae
2025 3262 2134 3300 non
2201 3246 2377 3300 solum
2440 3245 2825 3298 intemeratum
2882 3248 2936 3295 et
2989 3241 3056 3294 ab
3107 3236 3257 3293 omni
3316 3235 3437 3288 labe

184 3326 485 3389 sententia,
542 3326 773 3379 latenter
835 3342 929 3379 eos
960 3329 1026 3380 ad
1082 3329 1184 3381 hoc
1233 3344 1452 3397 quoque
1505 3300 1834 3385 monentec
1868 3340 2109 3390 alienum
2164 3350 2361 3402 corpus
2418 3335 2572 3395 texit,
2634 3332 2727 3385 sed
2784 3332 2836 3383 in
2891 3345 2993 3398 qua
3034 3331 3128 3399 (ut
3180 3326 3436 3381 audacter

185 3416 442 3485 Deipara.
481 3416 612 3471 Erat
660 3417 742 3472 eis
791 3418 1053 3487 praedium
1096 3419 1239 3489 apud
1276 3436 1463 3476 muros
1506 3422 1763 3487 civitatis,

184 3512 557 3583 prepinquum
601 3512 797 3565 marini
849 3514 1001 3568 sinus
1050 3516 1238 3569 cornui
1273 3516 1424 3581 (huic
1484 3517 1604 3570 loco
1668 3534 1767 3571 no-

186 3620 314 3658 men
371 3614 491 3656 erat
547 3603 950 3665 Blacchernse).
986 3602 1043 3654 In
1083 3618 1150 3656 eo
1204 3613 1496 3657 exstruunt
1546 3607 1762 3673 quidem

186 3696 414 3749 domum
462 3693 780 3746 oraturiam.
820 3693 953 3747 Cum
1006 3702 1186 3748 autem
1236 3696 1317 3747 eis
1368 3711 1577 3766 magna
1619 3708 1767 3752 esset

188 3801 333 3841 cura:
372 3794 432 3840 ut
460 3785 734 3855 llatercnt,
782 3786 927 3840 Petri
973 3789 1345 3857 apostolurum
1410 3791 1672 3861 principis
1712 3800 1768 3846 et

189 3878 355 3935 Marci
393 3878 616 3934 domum
658 3879 966 3935 nominant.
1008 3880 1141 3934 Cum
1183 3883 1235 3934 in
1272 3896 1337 3935 eo
1372 3890 1518 3935 certe
1552 3898 1766 3938 sacrum

191 3972 344 4026 illum
378 3972 697 4025 thesaurum
733 3972 1065 4040 posuissent,
1108 3987 1272 4026 omne
1303 3972 1481 4026 statim
1528 3976 1765 4030 studium

186 4063 582 4126 adhibuerunt,
605 4062 741 4115 utin
765 4064 966 4131 templo
992 4074 1137 4118 esset
1160 4074 1423 4134 perpetua
1449 4066 1764 4138 hymnodia,

184 4160 493 4222 perpetuus
527 4152 664 4207 odor
700 4164 1026 4221 aromatum,
1081 4163 1136 4209 et
1200 4157 1453 4213 assiduus
1506 4159 1764 4225 splendor

184 4243 484 4300 luminum.
522 4244 587 4301 Et
615 4246 694 4301 sic
730 4248 947 4317 quidem
994 4247 1153 4318 longe
1206 4258 1449 4328 tempore
1489 4249 1591 4303 hoc
1625 4250 1765 4303 divi-

1868 3426 2081 3498 (licam)
2123 3442 2246 3480 cum
2288 3436 2434 3480 esset
2469 3424 2670 3489 infans,
2706 3423 2849 3477 Deus
2884 3420 3121 3476 Verbum
3154 3419 3254 3474 fuit
3284 3418 3436 3472 invo-

1869 3524 2017 3581 lutus
2056 3529 2115 3574 et
2153 3527 2390 3573 auctus:
2422 3517 2559 3571 adeo
2612 3523 2670 3569 ut
2713 3528 2780 3568 ea
2832 3528 2975 3581 saepe
3025 3523 3317 3579 conspersa
3367 3507 3438 3561 sit

1867 3615 2033 3685 guttis
2072 3611 2229 3665 lactis
2277 3608 2621 3671 venerabilis,
2670 3622 2777 3676 quo
2819 3604 3056 3659 nutritus
3106 3602 3207 3655 fuit
3269 3600 3314 3653 is
3348 3599 3437 3665 qui

1867 3715 1950 3760 est
1993 3706 2237 3759 omnium
2284 3701 2603 3754 alimentum
2651 3710 2707 3753 et
2760 3700 2898 3764 vita;
2940 3698 3007 3752 ad
3050 3711 3167 3750 eam
3215 3693 3436 3764 quidem

1864 3813 1997 3852 vere
2032 3794 2353 3849 laudandam
2402 3792 2551 3846 nulla
2608 3790 2807 3846 suthcit
2853 3790 3047 3844 oratio.
3084 3787 3210 3841 Sola
3254 3794 3434 3840 autem

1865 3888 2162 3957 gratiarum
2214 3884 2433 3937 actione
2494 3898 2583 3935 res
2632 3891 2713 3937 est
2771 3878 3175 3952 prosequenda,
3226 3887 3279 3931 ct
3334 3873 3435 3943 ipsi

1864 3977 2112 4049 Deipara:
2160 3984 2288 4030 sunt
2320 3974 2541 4045 agendae
2597 3974 2802 4044 gratiae,
2840 3981 2894 4026 et
2939 3972 3059 4039 ejus
3113 3968 3249 4022 Filio
3285 3982 3435 4020 com-

1864 4072 2020 4125 muni
2069 4069 2333 4123 Salvatori
2385 4077 2441 4122 et
2493 4067 2647 4137 Regi,
2703 4064 2794 4134 qui
2844 4064 3029 4116 omnia
3077 4062 3142 4115 ad
3197 4070 3435 4113 nostram

1869 4162 2159 4215 utilitatem
2191 4168 2247 4213 et
2280 4159 2508 4212 salutem
2538 4157 2843 4226 dispensat.
2879 4153 2938 4207 Ei
2970 4152 3134 4224 gloria
3170 4160 3228 4205 et
3250 4159 3440 4219 poten-

1874 4253 1944 4305 tia
1972 4266 2120 4306 nunc
2146 4260 2199 4304 et
2224 4265 2457 4319 semper,
2488 4258 2541 4303 et
2569 4248 2621 4301 in
2647 4248 2841 4301 saecula
2873 4246 3212 4300 saeculorum.
3241 4244 3432 4295 Amen.

208 4518 3432 4547 ῳ

1387 4706 2266 4825 MARTYRIUM

553 4957 707 5121 S.
854 4952 1855 5115 MARTYRIS
2006 4959 2686 5115 MAMAN
2701 4957 3058 5113 TIS.

683 5227 879 5287 (Latine
905 5230 1034 5293 apud
1060 5228 1259 5281 Surium
1292 5234 1350 5283 ad
1384 5234 1515 5282 diem
1544 5234 1595 5282 l7
1625 5234 1851 5294 Augusti.
1884 5259 1943 5267 ——
1977 5232 2139 5279 Graeca
2168 5244 2261 5279 non
2297 5233 2555 5276 occurrunl
2596 5227 2638 5274 in
2664 5241 2761 5273 mss
2812 5228 2959 5274 Paris.

249 5558 298 5616 ἰ.
329 5556 561 5626 uanas,
582 5576 809 5629 magnus
835 5570 888 5616 et
924 5562 1153 5637 insignis
1184 5572 1387 5636 martyr
1408 5565 1628 5629 Christi,
1674 5582 1770 5635 pa-
1800 5567 1841 5622 D
1872 5567 1977 5621 orti
2005 5572 2185 5619 essent
2225 5578 2289 5617 ex
2369 5563 2630 5631 patriciis,
2651 5572 2705 5616 et
2734 5562 2824 5631 qui
2862 5575 2965 5612 non
3003 5557 3175 5612 solum
3212 5560 3263 5611 in
3300 5557 3439 5622 ﬁliis,

186 5656 348 5709 triam
395 5649 616 5719 quidem
654 5653 844 5707 habuit
896 5653 1319 5727 Paphlagoniam
1376 5665 1537 5711 :erat
1581 5668 1762 5711 autem

183 5746 365 5800 clarus
418 5750 478 5799 et
540 5740 742 5810 pietate
779 5754 833 5798 ct
887 5760 1104 5814 genere.
1128 5747 1263 5800 Nam
1307 5755 1419 5802 erat
1467 5746 1513 5799 ei
1546 5748 1761 5815 quidem

182 5846 339 5904 pater
372 5831 713 5896 Theodotus,
734 5845 906 5890 mater
932 5852 1057 5891 vero
1096 5837 1330 5899 anna,
1354 5838 1611 5907 religione
1643 5840 1761 5907 qui-

181 5926 303 5982 dem
372 5926 536 5983 ambo
597 5924 798 5994 fideles,
840 5943 1035 5997 genere
1067 5941 1245 5985 autem
1290 5930 1546 6000 insignes,
1574 5941 1634 5985 ur
1671 5934 1760 6001 qui

1872 5656 1964 5709 sed
1999 5653 2162 5707 etiam
2204 5654 2257 5706 in
2286 5651 2539 5706 omnibus
2562 5652 2649 5720 qui
2684 5660 2837 5704 erant
2861 5649 2940 5707 sui
2972 5648 3203 5719 generis,
3224 5664 3437 5701 conser-

1876 5756 2066 5800 varent
2133 5743 2584 5803 nobilitatem.Hi,
2607 5758 2727 5795 cum
2759 5752 2902 5795 esset
2932 5742 3219 5794 vehemens
3252 5754 3439 5795 eorum

1870 5853 2022 5892 amor
2056 5838 2107 5891 in
2134 5837 2428 5900 Christum,
2450 5846 2504 5889 et
2534 5852 2631 5889 nec
2665 5846 2884 5904 possent
2914 5833 3130 5901 quidem
3168 5832 3438 5884 internum

1869 5933 2147 5989 continere
2178 5929 2501 5987 desiderium
2542 5929 2681 5985 :sed
2736 5937 2786 5982 et
2838 5928 3009 5982 libere
3056 5924 3439 5996 proﬁterentur
