4158 6470
722 407 824 471 567

1959 403 2242 463 MENSIS
2284 399 2707 466 AUGUSTUS.

3841 401 3942 460 558

725 521 997 590 pietatem,
1028 522 1082 573 et
1131 516 1422 572 multos'ad
1475 530 1590 572 eam
1613 513 1931 578 excitarent,
1970 524 2291 569 accusantur
2321 517 2366 572 Α
2397 515 2630 580 Rumna,
2657 522 2733 580 et,
2766 514 2875 569 voti
2912 513 3053 570 facta
3110 529 3351 584 compos,
3397 515 3621 584 perinde
3660 531 3721 568 ac
3766 531 3949 583 preces

729 611 871 678 apud
919 610 1303 674 Alexandrum,
1339 609 1430 677 qui
1479 618 1605 663 tunc
1630 618 1747 662 erat
1785 616 1989 677 legatus
2055 606 2284 660 civitatis

726 703 974 774 Gangrte,
995 711 1047 756 et
1077 701 1163 756 cui
1205 700 1509 755 mandatum
1563 699 1818 754 fueratab
1849 698 2195 767 lmperatore,
2228 707 2286 749 ut

723 795 946 850 deorum
978 795 1194 863 quidem
1221 795 1424 846 cultum
1455 791 1601 844 omni
1633 791 1811 844 studio
1842 800 2061 860 angeret
2095 800 2149 844 et
2197 804 2291 843 ex-

727 889 941 942 tolleret
976 903 988 938 :
1023 885 1114 953 qui
1144 884 1521 939 invenirentur
1555 893 1754 947 autem,
1774 882 2115 938 Christianos
2145 882 2286 934 mul-

727 980 794 1031 tis
829 977 1122 1045 subiiceret
1179 974 1636 1044 suppliciis.Qund
1672 976 1714 1026 si
1751 974 1804 1026 in
1837 989 1934 1028 sua
1967 987 2284 1043 persevera-

722 1078 846 1123 rent
900 1068 1179 1137 religione,
1213 1066 1372 1121 etiam
1409 1066 1569 1120 morti
1611 1065 1864 1119 traderet.

799 1206 862 1258 ll.
901 1205 1202 1259 Alexander
1235 1219 1361 1275 ergo
1397 1205 1636 1259 divinum
1676 1204 2040 1269 Theodotum,
2089 1202 2292 1273 produ-

727 1308 875 1351 ctum
906 1309 1029 1352 ante
1073 1315 1231 1353 suum
1283 1299 1772 1368 tribunal,eogcbat
1799 1297 2098 1352 sacriﬁcare
2126 1297 2284 1351 simu-

724 1388 905 1443 lacris.
935 1387 1040 1443 Sed
1077 1389 1166 1443 ille
1210 1405 1279 1445 ne
1303 1404 1492 1444 aurem
1526 1390 1743 1458 quidem
1773 1389 2044 1458 przrbebat
2079 1389 2142 1446 iis
2175 1405 2294 1459 qua:

726 1480 1071 1536 dicebantur.
1090 1480 1320 1552 Legatus
1349 1490 1555 1547 autem,
1585 1497 1706 1536 cum
1743 1491 1884 1536 esset
1917 1494 2135 1552 paratus
2169 1463 2293 1537 eum

725 1573 939 1642 punire,
983 1574 1374 1644 prohibebatur
1434 1589 1464 1628 a
1513 1574 1770 1645 dignitate
1818 1585 2129 1646 parentum.
2174 1575 2307 1631 Non”

726 1667 869 1720 enim
905 1667 954 1720 ei
985 1666 1397 1736 permittebatur
1420 1667 1741 1722 contumelia
1763 1667 1974 1724 afficere
1999 1669 2141 1723 ﬁlios
2196 1685 2293 1737 pa-

727 1757 1025 1823 triciorum,
1055 1759 1157 1812 nisi
1210 1757 1498 1829 imperator
1521 1757 2030 1829 permitteret.Eum
2118 1758 2297 1828 itaque

727 1850 893 1904 mittit
924 1849 978 1903 in
1031 1850 1380 1923 Cappadociae
1412 1853 1712 1907 Ctesaream
1735 1851 1798 1904 ad
1833 1848 2090 1904 Faustum
2153 1866 2294 1920 prae-
2322 1844 2369 1903 B

727 1943 918 1995 sidem.
948 1943 1037 1997 ille
1055 1945 1364 2013 autem,qui
1394 1959 1500 2013 quo
1530 1951 1647 1997 erat
1680 1943 1731 1996 in
1766 1943 2043 2012 impietate
2094 1943 2295 1998 arden-

729 2034 853 2095 tior,
891 2049 956 2087 eo
1010 2043 1126 2088 erat
1178 2035 1387 2097 saevior,
1422 2051 1555 2089 .cum
1606 2035 2293 2105 accepissetTheodotum,

727 2139 849 2178 eum
881 2125 1060 2180 statim
1091 2127 1322 2196 conjecit
1378 2127 1430 2182 in
1455 2142 1739 2180 carcerem.
1773 2125 1902 2196 Ejus
1936 2143 2063 2182 vero
2101 2128 2298 2197 conjux

729 2217 830 2268 etsi
905 2225 1046 2270 esset
1100 2218 1316 2287 gravida
1352 2257 1366 2282 ,
1418 2219 1667 2271 maritum
1731 2229 1907 2274 tamen
1963 2230 2044 2273 est
2092 2224 2297 2284 secuta,

728 2317 782 2360 et
814 2319 936 2362 cum
983 2309 1262 2378 Theodoto
1294 2310 1625 2380 ingrediente
1672 2325 1970 2372 carcerem,
2022 2327 2127 2365 uua
2157 2328 2292 2382 quo-

729 2415 835 2469 que
876 2410 958 2456 est
1006 2402 1497 2472 ingressalnterim
1529 2411 1710 2455 autem
1763 2402 1892 2455 dum
1922 2402 2081 2456 simul
2137 2406 2298 2474 dege-

730 2502 875 2556 rent,
921 2492 1232 2548 Tbeodotus
1266 2504 1319 2548 et
1369 2494 1547 2549 sciens
1574 2495 1752 2549 carnis
1780 2494 2222 2561 imbecillitatem,
2247 2508 2300 2551 et

732 2598 841 2636 non
910 2584 1159 2653 ignorans
1200 2586 1413 2657 tyranni
1469 2586 1753 2644 saavitiam,
1803 2587 2080 2640 statuitad
2129 2588 2297 2641 Deum

732 2676 1022 2746 confugere
1055 2693 1067 2731 :
1093 2692 1251 2747 quem
1280 2678 1620 2746 precabatur,
1639 2687 1697 2730 ut
1719 2679 1833 2746 ipse
1856 2679 2034 2746 potius
2065 2695 2301 2734 morere-

732 2774 820 2818 tur
870 2782 991 2820 cum
1053 2782 1252 2831 uxore,
1302 2782 1460 2836 quam
1523 2767 1724 2836 aliquid
1781 2767 2046 2821 accideret
2114 2784 2299 2822 eorum

732 2866 918 2910 mente
1006 2857 1308 2928 indignum,
1392 2859 1518 2912 dum
1579 2875 1685 2912 non
1755 2868 1976 2928 possent
2032 2861 2303 2915 sustinere

733 2951 1133 3004 vehementiam
1188 2951 1602 3020 suppliciorum.
1646 2953 1810 3004 Deum
1848 2954 2026 3021 itaque
2059 2955 2300 3023 rogabat,

732 3039 966 3094 dicens:
1012 3040 1238 3094 Domine
1297 3041 1438 3096 Deus
1495 3041 1777 3103 virtutum,
1829 3042 2007 3095 dilecti
2060 3041 2177 3096 Filii
2231 3044 2303 3094 tui

733 3127 914 3194 Pater,
974 3130 1066 3183 tibi
1126 3131 1408 3192 benedico,
1469 3141 1520 3186 et
1548 3142 1596 3185 te
1651 3132 1908 3200 gloriﬁco,
1963 3134 2105 3202 quod
2139 3133 2220 3186 vel
2256 3136 2304 3186 in

734 3237 951 3285 carcere
980 3223 1221 3278 habitare
1248 3235 1465 3295 propter
1497 3242 1692 3279 nomen
1741 3235 1889 3280 tuum
1944 3244 2060 3281 sum
2109 3227 2308 3285 conde-

735 3326 970 3371 mnatus.
990 3314 1091 3371 Sed
1115 3326 1163 3370 te
1184 3333 1332 3386 rogo,
1363 3319 1604 3378 Domine,
1643 3319 1856 3386 suscipe
1876 3319 2110 3370 animam
2132 3334 2303 3372 meam

736 3407 789 3459 in
841 3405 923 3460 his
987 3406 1362 3472 vinculis,qui
1413 3423 1584 3460 meam
1646 3409 1784 3462 nosti
1839 3399 2260 3463 imbecillitatem
2295 3448 2307 3470 ,

735 3513 804 3552 ne
847 3497 1134 3567 aliquando
1184 3499 1236 3551 in
1274 3513 1356 3552 me
1408 3499 1667 3570 glorietur
1713 3501 1987 3558 inimicus.
2036 3500 2159 3566 Haec
2182 3517 2309 3570 ergo

738 3593 784 3648 is
838 3600 923 3649 est
965 3603 1239 3661 precatus.
1285 3591 1386 3656 Qui
1429 3608 1557 3646 vero
1595 3593 1747 3645 ﬁnxit
1791 3576 2104 3680 singulatim
2147 3596 2307 3647 corda

737 3691 940 3746 nostra,
974 3681 1067 3752 qui
1117 3683 1367 3754 intelligit
1427 3682 1610 3735 omnia
1675 3695 1838 3751 opera
1880 3691 2084 3744 nostra,
2127 3692 2312 3735 mente

737 3781 863 3829 ante
894 3789 1059 3844 Opera
1085 3783 1353 3842 suscepta,
1374 3785 1492 3842 post
1514 3776 1673 3829 linem
1709 3773 1985 3836 orationis,
2005 3774 2052 3827 ei
2081 3784 2307 3828 mortem

739 3865 894 3922 affert
911 3865 1184 3935 evestigio.
1202 3865 1373 3935 Atque
1391 3868 1468 3919 sic
1484 3867 1703 3936 quidem
1727 3869 1957 3936 excessit
1975 3867 2308 3935 Theodotus,

741 3971 968 4025 corpore
999 3965 1213 4010 mortuo
1244 3955 1431 4010 relicto
1468 3958 1521 4009 in
1557 3955 1825 4010 custodia.

810 4091 896 4145 Ill.
964 4091 1170 4161 Conjux
1227 4099 1404 4144 autem
1455 4091 1574 4160 ejus
1661 4089 1907 4152 Rufiina,
1946 4107 2050 4144 non
2119 4091 2310 4148 .ferens

745 4185 1096 4240 alﬁictionem
1127 4183 1382 4245 carceris,
1404 4200 1525 4238 cum
1554 4184 1670 4252 ipsa
1695 4198 1910 4253 quoque
1933 4183 2312 4252 intempestive

743 4276 1045 4347 peperisset
1083 4275 1275 4336 ﬁlium,
1313 4285 1497 4346 utpote
1547 4275 1693 4344 quod
1745 4291 1932 4344 magna
1974 4274 2059 4327 illa
2097 4273 2312 4327 afflictio

743 4367 1114 4432 eﬂecisset,ut
1138 4376 1352 4436 pareret
1385 4377 1581 4435 praeter
1605 4375 1874 4429 naturam,
1917 4365 2316 4420 distrahebatur

747 4459 928 4512 multis
961 4474 1026 4513 ac
1058 4459 1220 4513 variis
1250 4458 1412 4511 animi
1441 4458 1966 4527 perturbationibus.
2018 4460 2144 4512 Eam
2190 4475 2310 4530 gra-

746 4550 883 4604 viter
940 4550 1169 4620 angebat
1213 4566 1358 4603 mors
1405 4548 1610 4614 mariti,
1637 4549 1952 4616 premebant
1991 4551 2316 4618 gravissima:

747 4644 814 4696 de
863 4641 1069 4696 infante
1156 4641 1576 4702 sollicitudines,
1613 4651 1669 4694 et
1727 4641 1971 4709 praesidis
2028 4640 2318 4694 crudelitas

749 4733 1018 4789 efﬁciebat
1045 4741 1105 4785 ut
1152 4743 1395 4787 extrema
1432 4735 1646 4787 timeret
1669 4743 1721 4786 et
1747 4733 2226 4797 contremisceret;
2265 4741 2320 4785 et

751 4835 930 4877 tamen
990 4840 1021 4878 a
1059 4822 1207 4876 nullo
1238 4823 1435 4876 horum
1483 4823 1820 4887 vincebatur,
1845 4823 1935 4876 scd
1975 4822 2080 4874 Deo
2103 4822 2316 4890 quidem

751 4918 1015 4972 infantem
1097 4917 1448 4974 commendat
1500 4925 1555 4971 et
1614 4918 1862 4978 dedicat;
1962 4918 2074 4986 ipsa
2138 4927 2319 4970 autem

751 5014 997 5068 assidens
1022 5013 1201 5068 mariti
1236 5013 1502 5081 reliquiis,
1527 5021 1581 5066 et
1613 5014 1803 5080 partim
1833 5013 2050 5078 quidem
2101 5011 2322 5065 misera-

753 5101 932 5160 biliter
963 5103 1167 5163 deﬂens
1199 5103 1569 5165 solitudinem,
1602 5105 1796 5172 partim
1836 5109 2017 5156 autem
2060 5116 2165 5154 non
2202 5116 2322 5155 sus-

753 5200 932 5253 tinens
961 5195 1176 5267 conjugi
1210 5198 1452 5251 relictam
1484 5209 1606 5251 esse
1644 5196 2018 5264 superstitem,
2049 5195 2102 5248 in
2151 5193 2319 5263 lacry-
2345 5214 2355 5223 ν

756 5290 860 5344 mis
936 5299 990 5344 et
1037 5287 1290 5360 suspiriis
1341 5288 1456 5342 haec
1506 5286 1721 5342 dicebat
1771 5284 1920 5339 Deo:
1966 5285 2066 5350 Qui
2122 5284 2322 5337 tinxisti

758 5384 1055 5445 hominem,
1080 5393 1131 5436 et
1193 5396 1257 5434 ex
1291 5378 1410 5448 ejus
1453 5381 1617 5435 latere
1674 5381 1838 5436 Evam
1911 5394 1970 5431 es
2005 5377 2321 5439 fabricalus,

758 5477 995 5533 concede
1049 5481 1102 5529 ut
1138 5489 1236 5542 ego
1274 5487 1490 5543 quoque
1531 5474 1716 5526 eadem
1762 5473 1844 5525 via
1894 5471 2171 5538 ingrediar
2220 5483 2323 5536 qua

759 5569 984 5624 maritus
1012 5574 1068 5622 et
1105 5564 1326 5619 liberata
1354 5566 1422 5620 ab
1469 5563 1554 5616 bis
1601 5566 1761 5617 rebus
1799 5562 2019 5618 caducis
2052 5572 2103 5614 et
2142 5561 2325 5623 ﬂuxis,

762 5671 1036 5719 transeam
1078 5661 1143 5716 ad
1181 5674 1242 5715 ca
1277 5673 1396 5728 quae
1444 5669 1572 5713 sunt
1618 5657 1762 5728 apud
1809 5666 1859 5710 te
1891 5657 2238 5710 tabernacula
2275 5665 2332 5706 et-

761 5757 1099 5818 mansiones,
1179 5767 1298 5824 quae
1381 5762 1507 5805 sunt
1579 5761 1795 5806 aeternae
1885 5759 1939 5802 et
2056 5749 2109 5803 iu
2196 5761 2328 5818 quas

762 5864 866 5905 non
943 5847 1094 5905 cadit
1161 5846 1428 5901 interitus.
1490 5843 1612 5898 Hec
1703 5846 1866 5898 Deum
1944 5849 2158 5912 precata
2244 5853 2322 5896 est

2391 623 2751 676 consequens,
2782 607 2894 676 ipsa
2921 621 3137 676 quoque
3171 607 3403 661 decedit.

2462 699 2551 754 ιγ.
2590 699 2663 753 Ea
2693 714 2825 769 ergo
2866 698 3095 765 beatum
3144 696 3275 750 illud
3328 697 3392 750 ad
3423 696 3589 751 Deum
3625 696 3731 751 iter
3773 697 3950 764 ingrc—

2393 794 2598 857 diente,
2631 791 2778 846 solus
2818 789 2995 845 infans
3033 788 3242 858 jacebat
3283 790 3438 843 vivus
3481 789 3621 842 inter
3658 799 3945 856 parentum

2393 885 2668 953 reliquias.
2709 883 2966 937 Protinus
3001 892 3182 935 autem
3226 882 3471 950 quadam
3506 880 3684 932 divina
3732 879 3870 931 visio
3899 879 3948 931 in

2393 977 2580 1032 habitu
2614 984 2665 1030 et
2689 975 2855 1046 figura
2891 973 3274 1035 adolescentis.
3321 981 3545 1042 apparet
3588 971 3805 1024 cuidam
3841 957 3955 1021 mu-

2392 1069 2510 1122 lteri
2548 1070 2703 1123 clara:
2735 1077 2786 1120 et
2816 1081 3013 1136 genere
3045 1075 3099 1120 et
3134 1065 3344 1135 Opibus,
3370 1079 3544 1132 neque
3574 1061 3756 1115 minus
3787 1061 3951 1130 pieta-

2398 1171 2448 1214 te
2493 1176 2554 1214 ac
2604 1160 2884 1228 religione,
2938 1159 3233 1213 vocabatur
3281 1164 3458 1209 autem
3502 1154 3713 1208 Ammia
3769 1161 3868 1205 :et
3908 1152 3952 1204 ei

2391 1254 2564 1322 jubet,
2587 1262 2645 1307 ut
2676 1263 2821 1321 petat
2845 1251 3060 1321 quidem
3089 1267 3118 1304 a
3151 1249 3374 1318 praeside
3400 1261 3624 1314 corpora
3646 1254 3954 1300 sanctorum

2396 1345 2487 1414 qui
2520 1344 2859 1398 dormierunt
2889 1343 2941 1396 in
2972 1355 3190 1397 carcere
3235 1357 3249 1394 :
3283 1340 3431 1397 tollat
3464 1347 3643 1391 autem
3695 1334 3953 1388 infantem

2397 1449 2635 1504 quoque,
2679 1432 2771 1503 qui
2815 1433 2955 1502 jacet
2999 1432 3141 1485 inter
3187 1445 3300 1495 eos,
3333 1439 3387 1484 et
3417 1444 3540 1482 eum
3590 1425 3694 1480 sibi
3741 1425 3958 1492 ad0ptet

2397 1527 2452 1579 in
2505 1526 2673 1580 filium
2699 1564 2713 1588 ,
2736 1533 2791 1578 et
2826 1538 3071 1593 magnam
3102 1523 3222 1591 ejus
3257 1536 3443 1575 curam
3487 1529 3658 1589 gerat.
3703 1516 3796 1570 Illa
3834 1531 3958 1568 vero

2399 1617 2636 1685 (carebat
2668 1617 2810 1672 enim
2847 1615 3053 1679 liberis,
3080 1623 3132 1668 et
3167 1618 3283 1668 erat
3311 1609 3636 1677 vidua)sicut
3657 1608 3705 1661 ei
3741 1605 3960 1658 manda-

2399 1708 2476 1762 vit
2523 1708 2820 1769 somnium,
2863 1706 2929 1758 ad
2975 1703 3260 1774 praesidem
3298 1702 3404 1757 cito
3451 1700 3737 1760 accedens,
3779 1697 3964 1750 habuit

2400 1814 2523 1854 eum
2570 1799 2728 1853 facile
2767 1807 3098 1851 anuuentem
3151 1796 3270 1865 ejus
3313 1793 3586 1864 petitioni.
3651 1791 3790 1845 Nam
3837 1804 3956 1842 eum

2399 1906 2613 1960 quoque
2644 1904 2848 1944 morem
2881 1899 3154 1959 gerentem
3189 1887 3365 1942 effecit
3396 1886 3573 1941 divina
3609 1881 3806 1954 gratia.
3847 1881 3961 1934 Sta-

2402 1986 2497 2036 tint
2568 1982 2714 2036 enim
2763 1981 3014 2041 reddidit,
3072 1997 3193 2048 quae
3247 1979 3470 2031 Albuti-.1:
3529 1978 3680 2046 jussa
3729 1975 3956 2029 fuerant.

2399 2074 2760 2140 Quamobrem
2825 2087 2946 2127 cum
3007 2080 3060 2125 et
3087 2079 3400 2124 sanctorum
3449 2082 3673 2138 corpora
3697 2078 3754 2120 et
3787 2065 3957 2119 infan-

2402 2179 2508 2223 tem
2559 2173 2923 2236 exportasset,
2972 2164 3061 2217 illa
3108 2162 3327 2230 quidem
3376 2159 3659 2230 splendide
3711 2159 3872 2212 simul
3904 2169 3954 2210 et

2401 2259 2681 2330 magniﬁce
2719 2259 2770 2312 in
2801 2273 2896 2311 suo
2919 2257 3074 2310 horto
3102 2255 3292 2324 sepelit
3321 2274 3333 2309 :
3367 2251 3625 2305 infantem
3657 2259 3842 2305 autem
3865 2249 3965 2303 sibi

2402 2351 2594 2408 educat
2639 2349 2689 2402 iu
2738 2350 2927 2409 lilium,
2971 2357 3026 2400 et
3076 2363 3182 2400 non
3213 2359 3390 2408 secus,
3418 2352 3576 2410 atque.
3604 2342 3644 2394 si
3692 2342 3809 2408 ipsa
3843 2355 3958 2394 eum

2402 2442 2705 2513 peperisset
2750 2455 2872 2494 eum
2920 2437 3094 2492 alebat
3171 2445 3224 2490 et
3275 2431 3577 2491 erudiebat,
3627 2441 3791 2499 atque
3837 2431 3965 2483 adeo

2401 2539 2686 2602 majorem,
2713 2548 2872 2601 quam
2894 2532 2934 2584 si
2967 2530 3157 2585 fuisset
3188 2538 3356 2583 mater
3373 2527 3707 2596 cjus,curam
3729 2522 3962 2593 gerebat.

2475 2625 2539 2679 V.
2571 2624 2825 2676 Pcractus
2852 2630 3030 2675 autem
3053 2619 3163 2688 jam
3200 2626 3314 2672 erat
3340 2630 3533 2674 annus.
3560 2631 3622 2668 ex
3657 2630 3766 2681 quo
3799 2614 3966 2667 fuerat

2403 2720 2692 2788 adoptatus
2723 2733 2735 2770 :
2776 2724 2828 2770 et
2855 2729 2961 2784 quo
3007 2712 3175 2778 magis
3202 2724 3337 2779 puer
3367 2707 3668 2770 crescebat,
3703 2721 3770 2758 eo
3803 2706 3966 2774 magis

2405 2811 2734 2882 procedente
2795 2817 3058 2875 tempore,
3102 2803 3265 2855 simul
3318 2815 3531 2870 quoque
3587 2797 3870 2853 crescebat
3917 2796 3965 2846 iu

2406 2922 2531 2962 eum
2576 2919 2725 2958 amor
2755 2901 3001 2956 Animis.
3054 2898 3186 2951 Dum
3225 2895 3369 2949 enim
3424 2895 3662 2958 videbat,
3709 2904 3966 2960 tanquam

2408 2997 2640 3050 fructum
2691 2991 2771 3045 sui
2824 2989 3062 3050 uteri,ct
3107 2986 3448 3040 existimabat
3479 3000 3536 3038 se
3580 2999 3703 3036 eum
3754 2983 3966 3035 habitu-

2412 3105 2553 3148 rum,
2581 3085 2668 3155 qui
2712 3087 2880 3154 ipsam
2925 3080 3149 3151 pulchre
3199 3080 3251 3132 in
3295 3087 3576 3132 senectute
3610 3075 3806 3128 aleret.
3848 3071 3960 3126 Jani

2337 3181 2378 3239 C
2416 3178 2714 3234 secundum
2753 3191 2955 3228 annum
3006 3169 3188 3225 infans
3222 3168 3541 3240 attingebat,
3581 3166 3846 3236 etlingua
3898 3175 3970 3217 te-

2417 3289 2542 3330 nera
2573 3272 2840 3326 Ammiam
2880 3277 3031 3320 vocat
3071 3281 3384 3320 mammam.
3421 3263 3532 3316 Hoc
3563 3271 3744 3313 autem
3795 3260 3969 3326 lingua

2415 3367 2780 3418 Romanorum
2829 3361 3093 3430 significat
3137 3366 3377 3410 matrem.
3434 3352 3618 3418 Itaque
3673 3348 3852 3417 prima
3892 3349 3970 3398 in-

2413 3460 2595 3516 fantis.
2633 3453 2897 3510 balbuties
2963 3449 3238 3520 proprium
3307 3457 3504 3498 nomen
3570 3439 3620 3494 ei
3669 3436 3882 3501 tribuit,
3923 3442 3973 3490 ct

2413 3551 2615 3605 Marnas
2649 3547 2941 3602 vocabatur
2970 3545 3034 3594 ab
3069 3538 3342 3596 omnibus,
3385 3545 3438 3590 et
3485 3536 3549 3588 de
3578 3542 3776 3587 cetero
3813 3545 3973 3600 agno-

2412 3646 2681 3698 scebatur.
2719 3637 2853 3690 Cum
2892 3633 3082 3687 fuisset
3111 3639 3291 3681 autem
3329 3628 3564 3695 quinque
3592 3638 3765 3676 annos
3794 3633 3971 3676 natus.

2413 3750 2534 3790 cum
2566 3727 2911 3786 commendat
2959 3721 3170 3778 Ammia
3212 3717 3482 3786 tuapistris
3517 3715 3848 3768 litterarum.
3880 3710 3972 3763 Hic

2413 3842 2541 3882 vero
2587 3820 2901 3876 movebatur
2950 3828 3138 3870 earum
3183 3808 3489 3866 vehementi
3551 3821 3759 3867 arnore,
3804 3815 3861 3860 et
3917 3807 3974 3859 in

2413 3919 2656 3975 doctrina
2702 3929 2764 3969 ac
2814 3907 3115 3979 disciplinis
3143 3915 3261 3959 erat
3311 3904 3465 3972 longe
3515 3900 3628 3956 suis
3677 3897 3977 3967 aequalibus

2414 4008 2707 4077 superior;
2790 4010 3014 4069 eratque
3062 3998 3181 4066 ejus
3228 3997 3442 4047 animus
3472 4000 3616 4043 totus
3649 3993 3980 4048 intentus,et

2416 4103 2573 4172 plane
2606 4098 2813 4153 defixus
2843 4095 2895 4146 iu
2930 4089 3256 4146 eruditione.

2491 4192 2582 4247 VI.
2644 4191 3010 4246 Romanorum
3074 4192 3258 4238 autem
3312 4187 3525 4248 sceptra
3577 4183 3707 4228 tunc
3761 4172 3980 4227 tenebat

2419 4285 2710 4350 imperator
2754 4276 3095 4338 Aurelianus,
3119 4274 3207 4342 qui
3239 4271 3457 4339 cogebat
3485 4281 3674 4320 omnes
3705 4263 3981 4318 sacriﬁca-

2421 4391 2479 4430 re
2524 4371 2886 4432 daemonibus,
2936 4384 3042 4422 non
3080 4365 3251 4418 Solum
3308 4360 3451 4416 viros
3479 4367 3534 4414 et
3578 4357 3859 4418 mulieres,
3891 4353 3981 4408 sed

2417 4470 2581 4524 etiam
2632 4479 2850 4537 pueros.
2887 4461 3116 4516 Maxime
3152 4467 3331 4510 autem
3363 4452 3412 4508 ei
3445 4466 3588 4506 cum:
3622 4457 3779 4504 erant
3807 4445 3980 4518 pueri.

2419 4560 2775 4618 Existimabat
2828 4555 2972 4611 enim
3005 4569 3062 4607 se
3112 4551 3268 4605 facile
3322 4563 3416 4603 eos
3459 4559 3577 4599 esse
3627 4543 3981 4597 inducturum

2422 4663 2644 4725 propter
2677 4650 2849 4704 artatis
2894 4645 3259 4700 teneritatem.
3303 4637 3410 4690 Sed
3458 4635 3557 4725 alii
3577 4632 3797 4725 quidem
3833 4630 3982 4700 pueri

2420 4720 2609 4798 revera
2648 4740 2911 4795 cedebant
2942 4730 3209 4791 voluntati
3251 4724 3593 4798 imperatoris
3631 4740 3645 4778 :
3677 4720 3771 4791 qui
3807 4729 3983 4774 autem

2422 4853 2546 4892 cum
2595 4834 2861 4888 Mamante
2915 4827 3248 4882 ventitabant
3285 4822 3350 4875 ad
3401 4820 3586 4872 ludum
3631 4813 3983 4874 litterarium,

2423 4928 2778 4984 imitabantur
2809 4921 2913 4994 ipsi
2955 4932 3167 4990 quoque
3205 4928 3395 4971 canam
3435 4910 3586 4981 pueri
3617 4905 3986 4982 prudentiam,

2424 5033 2478 5078 et
2528 5036 2631 5076 nec
2680 5018 2846 5075 verba
2916 5015 3132 5084 quidem
3185 5010 3373 5064 audire
3428 5017 3650 5059 necesse
3681 4998 3981 5054 habebant.

2424 5111 2677 5179 Quotidie
2727 5110 2870 5162 enim
2943 5106 3275 5157 docebantur
3329 5097 3559 5149 honesto
3611 5092 3701 5145 illo
3764 5086 3982 5158 pulchri

2427 5175 2712 5256 blamaiitis
2781 5193 3092 5266 spectaculo
3159 5198 3214 5244 et
3257 5183 3505 5256 exemplo
3561 5175 3737 5236 solum
3801 5190 3987 5266 verum

2426 5305 2720 5364 agnoscere
2762 5265 2931 5343 Deum
2973 5280 3212 5339 universi
3259 5277 3528 5348 opificem,
3555 5280 3610 5326 et
3638 5268 3688 5323 ei
3721 5265 3987 5364 rationale

2427 5357 2728 5436 animorum
2784 5376 2978 5431 oﬁ‘erre
3008 5370 3332 5430 sacriﬁcium
3377 5381 3391 5419 :
3422 5379 3517 5420 eos
3563 5369 3771 5423 autem,
3801 5359 3896 5426 qui
3928 5357 3987 5408 ab

2430 5471 2612 5540 impiis
2644 5455 2698 5523 et
2747 5471 3000 5523 coluntur
3033 5473 3086 5518 et
3130 5461 3428 5514 adorantur
3457 5453 3749 5518 dii,uugas
3801 5443 3987 5501 existi-

2433 5539 2603 5625 mare,
2631 5571 2682 5616 et
2725 5561 2914 5632 plenos
2949 5555 3147 5625 probro
3180 5559 3233 5604 et
3272 5548 3552 5604 dedecore.
3594 5539 3782 5598 Fausti
3810 5546 3987 5594 autem

2428 5655 2688 5710 Caesarea:
2748 5649 3012 5724 praesidis,
3062 5657 3340 5700 successor
3367 5647 3579 5695 creatus
3627 5633 3987 5724 Democﬁtus.

2433 5750 2514 5803 vir
2548 5746 2698 5800 valde
2751 5746 2964 5815 spirans
3013 5738 3370 5805 impietatem,
3421 5737 3474 5784 et
3506 5739 3774 5782 accensus
3826 5719 3988 5815 velte-

2434 5842 2596 5897 menti
2652 5809 3182 5911 ejus-aemulatione,
3225 5842 3345 5885 eum
3435 5822 3668 5894 primum
3747 5809 3986 5868 ascendit
