4158 6472
168 414 275 477 569
1288 408 1758 487 nmmum
1798 429 1860 489 s.
1907 430 2326 498 MAMANTIS.
2366 440 2369 445 ·
3323 442 3425 505 570

163 524 511 594 (lassaream,
581 530 783 585 bonum
879 531 1202 588 Mamantcm
1292 534 1359 587 ad
1398 549 1523 589 eum
1565 534 1747 590 statim
1786 536 1829 594 A
1860 536 1904 591 si
1933 548 1987 593 et
2020 542 2169 595 nullo
2224 559 2387 602 sensu
2420 544 2652 615 prazditi,
2679 545 2821 614 quod
2848 561 2912 602 ea
2945 547 3124 604 colere
3149 559 3202 603 et
3245 550 3296 605 in
3322 551 3425 605 ho-

161 614 448 685 deferunt,
478 622 627 691 quod
661 638 772 678 non
817 624 995 679 solum
1028 625 1144 695 ipse
1195 625 1327 679 deos
1382 642 1489 682 non
1522 626 1750 688 coleret,
1859 646 1993 685 nore
2033 634 2237 688 habere
2266 614 2492 691 omnino
2532 637 2836 693 sustinetis.
2898 632 3095 694 Desine
3158 656 3286 712 ergo
3322 644 3426 702 mi-

160 711 257 763 sed
291 725 430 766 suos
462 729 680 784 quoque
708 715 943 785 aequales
979 726 1033 771 et
1063 717 1474 788 condiscipulos
1502 718 1568 772 ad
1595 734 1746 772 erro-
1860 737 1959 777 nas
1992 724 2263 780 intentare
2317 727 2605 793 terribiles,
2633 739 2693 783 ut
2720 729 2814 783 tibi
2856 729 3130 794 videntur,
3159 740 3212 785 et
3234 711 3424 786 maxi-

161 817 281 857 rem
356 820 523 860 suum
574 822 766 863 omnes
816 809 1115 864 induceret.
1169 809 1375 865 Marnas
1412 822 1593 865 autem
1641 812 1749 878 jam
1854 829 1938 867 ma
1973 815 2234 884 polliceri.
2265 816 2394 872 Nam
2428 819 2659 889 puniens
2682 820 2927 888 quidem,
2956 821 3289 885 benef-acies;
3327 824 3421 877 be-

158 896 425 965 qnintutn
480 900 752 953 decimum
804 901 995 971 agebat
1043 918 1249 956 annum
1303 904 1607 969 astatis;et
1654 905 1750 959 ho-
1853 905 2131 963 nel'aciens
2155 919 2333 963 autem
2356 910 2555 965 damno
2582 911 2781 966 allicies
2818 912 3071 967 maximo.
3098 912 3202 966 Pro
3255 914 3421 968 (Ἀπία

160 998 323 1049 nesta
360 1006 609 1049 matrona
649 998 773 1066 (hoc
802 998 948 1052 enim
993 1008 1110 1055 erat
1155 998 1384 1055 Ammite
1422 1001 1749 1072 epithetuin)
1852 1004 1935 1052 sto
1956 999 2100 1051 enim
2135 999 2295 1062 mori,
2352 1009 2435 1059 est
2467 1003 2600 1057 mihi
2657 1004 2847 1072 quovis
2903 1004 3115 1060 honore
3144 1016 3200 1060 et
3262 1010 3420 1067 lucro

161 1096 343 1141 morte
370 1088 638 1157 privatus,
670 1088 726 1144 tit
772 1105 1057 1146 successor
1085 1101 1139 1147 et
1168 1091 1341 1147 haeres
1368 1092 1487 1167 ejus
1521 1093 1752 1148 faculta-
1849 1088 2214 1153 praestantius.
2251 1090 2348 1148 llis
2379 1093 2733 1149 vehementer
2794 1094 3034 1149 irritatus
3094 1097 3421 1154 Aurelianus

160 1185 301 1231 tum.
1844 1178 1998 1245 jubet
2032 1195 2234 1251 corpus
2266 1182 2419 1249 pueri
2474 1184 2608 1238 caedi
2644 1184 2845 1256 ﬂagris.
2877 1188 3050 1256 Atque
3086 1188 3419 1244 adolescenti

226 1266 345 1323 VII.
409 1270 757 1327 Democritus
805 1288 955 1343 ergo,
1011 1289 1136 1328 cum
1199 1274 1319 1329 lucc
1367 1276 1613 1332 audisset
1674 1278 1745 1333 de
1848 1270 2067 1338 quidem
2104 1275 2392 1341 prudentia
2422 1291 2560 1330 cano
2593 1278 2905 1335 caedebatur
2940 1289 3188 1338 tenerum
3222 1291 3278 1336 et
3307 1298 3421 1336 tno-

163 1352 476 1421 Mamanle,
527 1358 628 1414 fuit
685 1361 931 1430 protinus
974 1362 1237 1416 ell‘cratus
1273 1364 1326 1417 in
1380 1380 1630 1434 puerum.
1682 1365 1747 1420 Et
1847 1362 1918 1415 do
1945 1362 2144 1416 ﬂorens
2194 1381 2434 1435 corpus;
2501 1369 2590 1422 ille
2636 1385 2764 1425 vero
2816 1371 3041 1441 perinde
3087 1373 3421 1429 adiciebatur

155 1463 285 1501 cum
346 1448 628 1505 eth-cisset
698 1462 754 1505 ut
803 1452 871 1505 ad
930 1468 1091 1507 suum
1141 1454 1376 1509 tribunal
1436 1455 1744 1523 sisteretur,
1847 1462 2005 1522 atque
2038 1462 2084 1509 Si
2118 1460 2509 1522 qualereturin
2538 1463 2768 1517 somnis.

156 1538 406 1605 primum
456 1539 674 1608 quidem
728 1541 1023 1614 interrogat
1074 1560 1143 1598 an
1188 1555 1334 1600 esset
1358 1546 1743 1604 Christianus:

150 1628 387 1695 deinde,
420 1646 491 1685 an
527 1633 614 1687 ille
643 1646 811 1699 esset,
839 1637 929 1705 qui
963 1652 1141 1708 neque
1170 1639 1283 1709 ipse
1320 1640 1424 1694 diis
1448 1640 1741 1706 sacriﬁcat,

151 1730 209 1777 et
262 1726 565 1791 persuadet
611 1728 1015 1797 condiscipulis,
1056 1746 1125 1785 ne
1155 1741 1379 1802 pareant
1408 1734 1740 1803 imperatori.

153 1814 248 1868 llle
289 1824 508 1880 autem,
544 1819 821 1887 majorem,
846 1838 1009 1889 quam
1039 1832 1171 1877 astas
1196 1826 1519 1892 patiebatur,
1544 1841 1653 1895 prze
1680 1842 1738 1881 sc

152 1905 347 1961 ferens
378 1909 550 1962 animi
593 1913 981 1975 constantiam,
1026 1923 1082 1969 et
1133 1916 1272 1969 nihil
1326 1919 1688 1973 conturbatus
1717 1959 1732 1981 ,

152 1985 289 2059 Ego,
348 1990 550 2060 inquit,
597 2003 832 2049 vestram
880 1996 1034 2051 valde
1082 2000 1388 2055 condemno
1456 2003 1734 2068 canitiem,

151 2082 302 2149 quod
344 2092 496 2137 tanta
527 2087 841 2142 circumfusi
875 2089 993 2143 sitis
1026 2094 1235 2146 erroris
1264 2094 1515 2165 caligine,
1548 2106 1606 2150 ut
1636 2112 1739 2152 nec

150 2175 383 2243 possitis
427 2177 646 2246 quidem
699 2181 977 2250 adspicere
998 2184 1065 2238 ad
1115 2185 1291 2240 radios
1324 2188 1590 2254 veritatis,
1615 2193 1735 2256 sed,

150 2279 289 2321 vero
321 2278 377 2323 et
438 2271 563 2325 vivo
603 2271 710 2326 Deo
756 2275 969 2340 relicto,
1021 2279 1327 2333 accessistis
1361 2280 1428 2335 ad
1463 2281 1737 2338 daemones

151 2359 435 2415 inani-nos
475 2372 530 2417 et
558 2366 769 2418 surdos.
827 2366 960 2421 Nam
992 2384 1090 2433 ego
1122 2372 1339 2439 quidem
1371 2388 1400 2427 a
1432 2389 1553 2429 meo
1582 2374 1738 2428 Citri-

150 2465 239 2509 sto
284 2470 574 2523 nunquam
626 2457 971 2522 recetlam,ct
1021 2476 1376 2531 quoscunque
1427 2476 1616 2533 potero
1667 2468 1734 2521 ad

147 2559 278 2599 eum
337 2543 635 2600 adducam.
692 2548 1001 2605 Admiratus
1055 2560 1138 2605 est
1198 2551 1533 2609 Democritus
1585 2556 1734 2625 pueri

149 2636 377 2692 dicendi
426 2637 734 2694 libertatem
794 2650 847 2696 et
868 2642 1049 2696 statim
1104 2644 1171 2699 ab
1226 2645 1384 2700 initio
1434 2646 1732 2715 deSperaus

149 2740 207 2780 se
240 2742 407 2796 posse
455 2742 580 2782 eum
629 2730 909 2796 inducere,
952 2732 1112 2787 simul
1144 2742 1197 2788 et
1228 2734 1463 2790 minatus
1488 2746 1570 2791 est
1600 2737 1735 2791 ado-

150 2819 378 2874 lescenti
408 2828 466 2875 et
494 2820 560 2874 iis
592 2822 680 2889 qui
710 2836 833 2875 eum
876 2822 1320 2887 circumstabant,
1347 2826 1509 2893 jussit
1534 2828 1735 2881 ducere

149 2926 386 2982 puerum
442 2912 510 2965 ad
567 2922 741 2965 aratn'
777 2914 1079 2984 Serapidis.
1148 2930 1205 2971 ιιι
1241 2917 1322 2971 vel
1388 2918 1590 2972 invitus
1632 2921 1735 2974 dco

148 3008 513 3062 sacrificaret.
555 3005 645 3061 Ille
706 3019 884 3061 autem
924 3011 1065 3065 nihil
1114 3028 1143 3065 a
1201 3013 1364 3069 minis
1427 3013 1737 3070 effeminate

147 3098 383 3152 allectus
436 3106 493 3151 et
550 3096 911 3163 illiberaliter,
949 3101 1017 3153 At
1082 3118 1189 3157 non
1216 3082 1360 3158 licet.
1409 3104 1603 3180 inquit,
1639 3105 1733 3161 tibi

1917 1564 2010 1619 ιχ.
2063 1564 2197 1621 Cum
2230 1576 2411 1623 autem
2447 1569 2741 1637 imperator
2792 1590 2859 1629 eo
2891 1578 3007 1644 ipso
3032 1582 3293 1644 tempere,
3315 1592 3424 1645 quo

1850 1660 2202 1727 torquebatur
2259 1677 2418 1732 puer,
2472 1663 2521 1717 ei
2584 1664 2920 1730 adularetur,
2972 1675 3038 1721 et‘
3094 1681 3217 1721 eum
3271 1670 3423 1721 omni

1848 1751 2058 1806 ratione
2086 1765 2375 1809 conaretur
2423 1757 2691 1824 emollire,
2729 1758 2947 1817 diccbat
2968 1761 3114 1814 enim
3158 1779 3173 1816 :
3206 1759 3300 1815 Dic
3334 1760 3423 1814 vel

1773 1873 1811 1926 Β
1844 1846 1973 1899 solis
1991 1845 2155 1901 labris
2175 1858 2224 1902 te
2247 1842 2676 1905 sacrificaturum
2703 1869 2716 1906 :
2741 1863 2795 1907 et
2814 1853 2991 1907 statim
3025 1853 3339 1907 liberaberis
3357 1854 3422 1906 ab

1841 1936 1986 1989 omni
2012 1938 2278 2008 supplicio
2299 1957 2313 1993 :
2332 1940 2445 1995 Non
2465 1958 2583 2013 ego.
2604 1943 2779 2012 inquit
2803 1945 3027 2007 Mantus,
3049 1960 3080 1995 ο
3104 1944 3419 2013 imperator,

1842 2029 2019 2084 solum
2046 2030 2177 2085 mihi
2206 2048 2391 2087 verum
2422 2032 2591 2088 Deum
2617 2047 2670 2090 et
2690 2036 2890 2105 [legem
2922 2036 3221 2103 Christum,
3244 2052 3422 2105 neque

1840 2123 2006 2177 labris
2065 2139 2167 2178 nec
2200 2126 2366 2180 corde
2398 2128 2728 2198 negaverim,
2774 2128 2935 2182 etiam
2983 2128 3025 2183 si
3066 2128 3424 2198 praesentibus

1842 2214 2003 2284 longe
2054 2218 2300 2290 graviora
2338 2220 2749 2290 excogitaveris.
2792 2220 2932 2286 Quin
2987 2221 3149 2274 etiam
3202 2236 3423 2287 magnas

1842 2306 1937 2359 tibi
1973 2305 2147 2359 habeo
2181 2308 2396 2377 gratias,
2425 2309 2567 2377 quod
2622 2325 2707 2363 me
2746 2327 2842 2380 per
2880 2313 2996 2365 h.cc
3056 2321 3319 2365 tormenta
3370 2313 3418 2366 ei

1840 2413 2006 2466 quem
2045 2398 2298 2454 desidero
2334 2400 2633 2467 concilies;
2663 2414 2717 2456 et
2744 2410 2870 2470 opto
2898 2403 3093 2465 solum,
3126 2418 3191 2457 ne
3228 2418 3421 2460 manus

1840 2486 2207 2557 defetigentur
2249 2490 2563 2553 tortoribus,
2611 2507 2731 2561 qua!
2780 2495 2916 2562 jatn,
2961 2505 3019 2548 ut
3075 2494 3247 2557 vides,
3288 2496 3424 2550 mihi

1840 2594 2031 2648 magna
2058 2580 2199 2633 bona
2227 2594 2535 2649 procurant:
2566 2586 2660 2638 sed
2697 2586 2933 2639 robustae
2986 2586 3163 2654 potius
3180 2587 3418 2640 reddan-

1842 2678 1927 2723 tur
1954 2680 2011 2723 ct
2050 2672 2316 2725 valentes.
2363 2672 2691 2728 Aurelianus
2747 2685 2927 2729 autem
2958 2686 3245 2753 postquam
3285 2672 3421 2732 virlit

1838 2776 1961 2816 cum
1987 2770 2093 2817 tam
2135 2778 2323 2833 parum
2351 2779 2544 2819 curare
2585 2768 2837 2828 verbera,
2867 2767 3021 2836 jubet
3055 2767 3104 2822 ei
3155 2769 3415 2824 nudatum

1838 2870 2042 2925 corpus
2068 2867 2236 2911 tetutn
2268 2859 2458 2912 torreri
2480 2858 2880 2932 luccrnisignis
2912 2878 2926 2915 :
2980 2868 3039 2914 ut
3074 2875 3196 2924 cum
3227 2877 3418 2919 carnes

1838 2948 2099 3017 paulatim
2163 2949 2559 3019 eliquarcntur,
2600 2959 2655 3004 et
2708 2951 2914 3005 diutius
2994 2967 3306 3006 versaretur
3365 2953 3417 3006 in

1838 3045 2134 3100 tormento,
2192 3047 2247 3092 et
2296 3037 2509 3093 dolores
2542 3042 2770 3094 sentit-ct
2829 3043 3132 3111 graviores.
3188 3041 3252 3096 Et
3316 3042 3419 3096 huc

1839 3130 2057 3199 quidem
2090 3130 2381 3183 deductum
2420 3139 2502 3184 est
2532 3130 2596 3183 ad
2630 3130 2908 3196 cll‘ectum,
2935 3142 2989 3186 et
3031 3132 3264 3187 admota-
3291 3141 3421 3190 sunt

147 3203 237 3243 me
294 3187 518 3258 punire,
561 3188 653 3259 qui
704 3206 823 3245 sum
873 3192 1135 3246 educatus
1179 3208 1209 3246 a
1282 3203 1454 3248 matre
1501 3197 1726 3250 maxima

1836 3219 2071 3273 lucerna:
2096 3220 2307 3289 corpori
2344 3220 2609 3291 martyris.
2634 3222 2741 3276 Sed
2795 3223 3017 3295 efignis
3067 3226 3421 3280 reverebatur

154 3290 209 3337 et
240 3281 553 3339 clarissima
572 3326 587 3351 ,
613 3293 667 3340 et
691 3281 1019 3341 luculentam
1048 3286 1115 3340 ab
1146 3302 1207 3341 ea
1231 3287 1415 3356 accepi
1443 3288 1733 3344 haeredita-

150 3384 283 3441 tem,
323 3385 382 3432 et
412 3377 676 3432 maximas
700 3379 934 3441 divitias,
963 3380 1222 3449 adjiciens
1253 3397 1451 3437 nomen
1482 3387 1727 3440 Atnmitc.

144 3464 283 3522 Cum
320 3469 439 3523 inec
472 3480 650 3523 autem
678 3471 943 3526 audiisset
990 3472 1330 3527 Democritus
1373 3476 1516 3529 etab
1546 3477 1612 3529 iis
1638 3479 1744 3544 qui.

145 3562 612 3626 circumstabant,
679 3552 963 3617 debeata
1029 3574 1278 3617 matrona
1341 3575 1395 3618 et
1461 3566 1729 3623 ltlamante

144 3662 406 3707 accurate
461 3655 644 3708 omnia
685 3654 984 3717 didicisset,
1028 3666 1081 3709 et
1131 3655 1475 3727 c0gnovisset
1530 3675 1589 3715 se
1618 3678 1726 3716 non

144 3736 310 3814 posSe
341 3759 470 3798 ctttn
522 3746 733 3814 punire,
779 3746 970 3804 ferreis
997 3748 1240 3803 vinctum
1295 3750 1529 3807 vinculis
1564 3753 1728 3824 [ligas

143 3852 270 3891 eum
311 3837 480 3893 mittit
527 3840 595 3894 ad
640 3840 1048 3911 imperatorem,
1092 3845 1271 3899 omnia
1315 3855 1373 3900 ut
1415 3861 1474 3902 se
1525 3848 1727 3905 habent

139 3929 464 4005 dgttiﬂcans
502 3932 695 3985 litteris
725 3934 1053 4001 imperatori.

218 4020 355 4077 Vill.
383 4022 493 4090 .llle
543 4030 723 4077 autem
767 4039 889 4078 cum
942 4026 1144 4079 litteras
1190 4028 1506 4097 accepisset,
1550 4039 1603 4085 et
1632 4047 1724 4086 eas

140 4114 487 4185 perlegisset,
550 4131 775 4185 puerum
844 4119 992 4173 varie
1070 4122 1381 4191 aggreditur
1425 4143 1439 4177 :
1481 4133 1536 4179 et
1596 4140 1720 4179 cum

136 4221 264 4261 eum
298 4206 357 4262 in
386 4222 550 4263 suum
580 4219 932 4279 conspectum
966 4212 1298 4279 adduxisset,
1333 4230 1476 4270 nunc
1504 4218 1721 4288 quidem

138 4300 463 4355 minabatur
485 4311 543 4355 et
592 4292 849 4372 magnum
884 4313 1149 4360 terrorem
1207 4308 1547 4377 intendebat,
1573 4330 1720 4370 nunc

135 4401 322 4446 autem
370 4389 660 4461 promissis
714 4391 997 4455 invitabat.
1030 4397 1165 4451 etei
1214 4401 1552 4468 proponebat
1596 4420 1720 4457 mu-

1834 3308 2089 3363 athletam
2116 3348 2129 3372 ,
2162 3320 2216 3362 ct
2244 3310 2295 3361 in
2319 3310 2517 3362 milites
2546 3314 2790 3380 spirabat
2813 3314 3212 3367 vehementius.
3241 3317 3419 3385 Atque

1834 3411 2035 3472 martyr
2056 3402 2275 3472 quidem
2302 3402 2419 3457 sine
2443 3400 2629 3456 dolore
2663 3405 2986 3465 admittebat
3022 3407 3270 3462 lucernas
3292 3408 3418 3474 ;ill¢

1832 3505 2014 3547 autem
2087 3496 2257 3564 magis
2294 3494 2523 3549 urebant
2577 3497 2821 3551 animum
2854 3501 3239 3568 persecutoris.
3283 3500 3416 3554 Nam

1829 3600 1952 3639 cum
1982 3600 2051 3638 ne
2092 3586 2375 3643 minimum
2427 3588 2648 3655 quidem
2672 3604 2869 3659 corpus
2903 3591 3154 3662 martyris
3182 3590 3415 3663 attinge-

1830 3684 1950 3729 rent
1990 3691 2054 3731 eo
2112 3676 2187 3730 illi
2232 3677 2490 3748 majorem
2522 3678 2793 3734 ﬂammam
2824 3684 3131 3737 excitabant
3170 3684 3412 3739 insania.

1834 3766 2039 3821 Deinde
2070 3769 2225 3837 jubet
2280 3783 2571 3840 martyrem
2608 3773 2884 3826 verberari
2944 3774 3237 3843 lapidibus.
3315 3772 3408 3829 Ille

1828 3867 2010 3915 autem
2050 3858 2275 3928 perinde
2321 3869 2437 3913 erat
2467 3860 2721 3929 allectus,
2766 3874 2926 3934 atque
2948 3867 2990 3920 si
3037 3878 3417 3938 aspergeretur

1828 3951 1985 4015 rosis,
2019 3962 2074 4005 et
2094 3966 2189 4021 s'pe
2208 3951 2371 4005 futuri
2392 3952 2695 4008 laetabatur.

1902 4043 1967 4096 Χ.
1993 4043 2072 4097 Cu
2092 4060 2143 4097 nt
2172 4044 2353 4111 itaque
2386 4044 2540 4099 valde
2571 4046 2739 4101 animi
2767 4048 2965 4104 dubius
2992 4062 3136 4105 esset
3166 4052 3312 4105 omni
3346 4069 3414 4107 ex

1825 4150 1980 4210 parte
2011 4140 2354 4203 Aurelianus,
2378 4152 2431 4195 et
2461 4142 2669 4195 nttllum
2732 4146 2984 4214 supplicii
3036 4162 3206 4215 genus
3235 4161 3418 4217 posset

1823 4236 2154 4302 excogitare,
2202 4233 2348 4302 quod
2398 4249 2492 4289 cor
2538 4232 2829 4290 Mamantis
2879 4239 3193 4306 attingeret,
3261 4240 3417 4308 jubet

1823 4326 2038 4397 globum
2058 4327 2369 4396 plumbeum
2389 4326 2507 4396 ejus
2532 4326 2672 4380 collo
2694 4327 2919 4398 alligari,
2939 4340 2993 4384 et
3010 4332 3086 4386 sic
3108 4332 3159 4384 in
3179 4332 3412 4385 medium

1823 4430 1974 4469 tnarc
2007 4415 2231 4468 ductum
2263 4426 2585 4485 martyrem,
2622 4414 2814 4485 projici
2845 4416 2896 4469 in
2945 4418 3297 4486 profundum.
3350 4419 3414 4477 Et

138 4498 268 4537 nera
298 4491 355 4537 et
400 4481 665 4545 honores,
695 4492 747 4535 et
779 4483 1034 4539 dicebat:
1089 4488 1143 4539 Si
1172 4490 1236 4541 ad
1272 4496 1525 4563 magnum
1558 4512 1716 4552 accc-
1754 4530 1796 4584 ῃ
1818 4506 2001 4576 jussus
2034 4504 2252 4573 quidem
2297 4481 2563 4559 deductus
2595 4516 2677 4560 est
2704 4506 2769 4559 ad
2814 4508 3068 4563 ell‘ectuut
3130 4526 3145 4575 ;
3203 4512 3297 4568 sed
3350 4527 3415 4566 ne

143 4574 285 4627 dens
325 4570 676 4642 Serapidem,
700 4573 747 4627 ei
777 4576 1187 4642 sacrilicaveris,
1219 4593 1252 4631 ο
1278 4582 1507 4648 pulcher
1559 4603 1717 4654 puer,

132 4659 243 4715 eris
273 4660 567 4716 nobiscum
596 4661 648 4716 in
680 4662 879 4733 palatio
926 4679 942 4717 :
973 4672 1027 4718 et
1054 4666 1285 4735 primum
1315 4670 1531 4739 quidem
1560 4676 1722 4729 aleris

132 4754 412 4826 regaliter,
447 4755 647 4809 deinde
680 4762 732 4812 te
763 4759 919 4813 multi
952 4758 1299 4815 mirabuntur
1326 4775 1377 4818 ct
1404 4765 1716 4834 laudabunt,

132 4848 439 4916 beatusque
489 4848 600 4901 eris
639 4849 705 4901 de
740 4862 958 4913 caetero,
993 4861 1046 4905 et
1117 4853 1202 4906 cui
1253 4856 1425 4924 possit
1464 4860 1717 4915 Invideri.

134 4938 248 4993 Hoc
281 4948 473 4993 autem
522 4936 749 4995 iaciebat
795 4943 1142 5009 Aurelianus,
1168 4954 1222 5000 ct
1261 4946 1375 5001 haec
1402 4949 1511 5004 duo
1533 4950 1716 5015 simul,

132 5044 336 5102 nempe
368 5037 428 5085 et
478 5030 655 5086 minas
710 5033 1058 5103 proferebat,
1092 5045 1147 5088 et
1187 5038 1474 5106 promissa,
1520 5052 1579 5097 ut
1634 5043 1719 5099 vel

129 5124 293 5180 minis
318 5140 450 5182 eum
475 5134 724 5189 terreret,
763 5137 817 5181 et
835 5138 1140 5185 extremum
1179 5130 1228 5184 ci
1252 5142 1451 5187 metum
1476 5134 1714 5205 allerret,

127 5226 223 5271 aut
249 5217 695 5289 promissisejus
733 5219 958 5273 solidam
1003 5220 1285 5295 frangeret
1324 5231 1715 5306 constantiam,

127 5310 261 5367 etin
293 5326 515 5366 summa
544 5304 667 5368 eum
732 5311 987 5374 molliret,
1024 5314 1249 5384 ejusque
1316 5322 1503 5378 oculos
1570 5304 1713 5395 pm.

127 5402 448 5480 stringeret,
484 5412 540 5458 et
586 5405 879 5461 adduceret
931 5406 999 5461 ad
1046 5408 1399 5476 impietatem.
1452 5415 1577 5474 Hzcc
1619 5435 1714 5472 an-

131 5510 238 5553 tcm
273 5496 457 5566 magis
485 5498 753 5553 acuebant
818 5500 996 5555 alacre
1025 5509 1079 5556 ct
1107 5517 1418 5575 promptum
1470 5512 1712 5568 studium

128 5588 502 5648 adolescentis
532 5582 561 5646 :1
584 5600 659 5655 et,
696 5591 869 5657 Absit,
905 5596 1200 5661 respondit,
1228 5612 1263 5652 ο
1295 5599 1604 5669 imperator,
1658 5616 1714 5661 ut

129 5685 223 5738 has
252 5698 379 5754 qua:
410 5695 443 5735 a
472 5678 627 5734 vobis
670 5684 1021 5749 honorantur,
1042 5693 1249 5743 statuas
1297 5692 1350 5746 in
1394 5694 1598 5752 honore
1620 5697 1713 5751 ha-

128 5777 305 5839 beam,
336 5782 439 5830 aut
467 5786 655 5828 earum
681 5774 846 5830 ullam
898 5777 1090 5835 ducam
1140 5781 1406 5839 rationem
1439 5802 1559 5855 qua:
1585 5801 1713 5845 sunt

126 5863 298 5923 surda
322 5878 381 5923 et
412 5866 690 5935 inanium,
718 5873 772 5921 et
797 5882 915 5939 qua:
946 5884 1195 5944 arguunt,
1227 5888 1385 5950 quam
1420 5878 1535 5936 sitis
1566 5898 1713 5938 cras-

1828 4607 1955 4651 tunc
1987 4597 2229 4666 quidem.
2261 4612 2293 4651 o
2325 4596 2520 4658 ﬂama,
2550 4597 2691 4650 Deus
2716 4600 2792 4649 tui
2829 4608 2917 4654 cst
2934 4600 3155 4662 oblitus.
3204 4604 3414 4673 angelis

1822 4691 1971 4743 enim
2003 4690 2117 4743 suis
2153 4692 2373 4745 mandat
2396 4691 2461 4745 dc
2488 4700 2558 4753 te,
2602 4698 2661 4743 ιιι
2691 4699 2741 4748 te
2776 4690 3104 4745 custodiant.
3132 4692 3197 4745 Et
3229 4692 3410 4748 statim

1823 4782 2045 4853 angelus
2068 4783 2239 4834 l'orma
2265 4783 2500 4834 humana
2529 4785 2583 4837 in
2630 4784 2816 4839 orbem
2841 4783 3191 4849 circumiens,
3237 4796 3412 4841 terro-

1823 4889 1935 4927 rctu
1998 4873 2216 4942 quidem
2274 4873 2433 4927 affert
2468 4877 2535 4929 iis
2571 4881 2663 4947 qui
2720 4882 2892 4950 ipsum
2920 4879 3213 4940 ducebant,
3237 4889 3292 4933 et
3320 4894 3413 4932 eos

1822 4967 2066 5022 vertitin
2101 4967 2313 5037 fugant;
2347 4972 2499 5038 jubet
2548 4983 2731 5026 autent
2768 4984 3061 5046 martyrem
3108 4975 3298 5031 venire
3351 4977 3404 5030 in

1822 5068 2085 5124 montem,
2128 5060 2328 5129 quiest
2384 5061 2669 5130 Caesareae,
2733 5072 2789 5118 et
2846 5066 2953 5120 illic
3006 5066 3222 5137 degere.
3273 5066 3408 5121 Cum

1819 5151 2009 5207 fuisset
2034 5168 2166 5223 ergo
2218 5152 2271 5205 in
2341 5163 2542 5217 monte.
2576 5169 2630 5209 et
2664 5166 2808 5210 totos
2873 5158 3232 5227 quadraginta
3289 5158 3409 5212 dies

1819 5245 2109 5298 mansisset
2152 5244 2397 5312 jejunus,
2433 5247 2491 5299 tit
2532 5246 2620 5301 hic
2655 5248 2797 5303 alius
2828 5247 3020 5303 Moses.
3048 5247 3107 5302 Ei
3128 5249 3182 5303 in
3214 5264 3407 5304 manus

1817 5350 2021 5390 novum
2080 5335 2320 5390 traditur
2350 5346 2761 5403 testamentum,
2788 5340 2929 5407 quod
2957 5355 3069 5395 non
3119 5350 3249 5395 tunc
3282 5344 3406 5411 qui-

1815 5422 1937 5477 dem
1964 5423 2197 5492 primum
2254 5441 2375 5481 esse
2418 5437 2679 5495 cccperat,
2708 5428 2803 5482 sed
2831 5430 2942 5499 jam
2992 5427 3171 5483 fuerat
3214 5429 3399 5485 datum

1817 5514 2081 5585 patrihus.
2130 5516 2197 5571 Et
2235 5519 2378 5588 quod
2443 5528 2571 5574 tunc
2620 5520 2806 5575 deerat
2874 5518 3031 5583 Mosi,
3092 5521 3195 5577 hoc
3254 5540 3400 5579 nunc

1816 5609 2144 5678 adimpletur
2169 5610 2222 5664 in
2250 5619 2504 5682 martyre.
2536 5610 2693 5679 Nam
2745 5610 2922 5668 Moses
2942 5614 3161 5681 quidem
3190 5614 3397 5670 solum-

1817 5699 1976 5753 modo
2030 5700 2221 5754 eccclo
2277 5701 2477 5771 accipit
2529 5700 2773 5758 tabulas:
2810 5703 2879 5758 ad
2912 5702 3060 5757 hunc
3110 5714 3291 5759 autem
3339 5714 3395 5759 et

1818 5806 1941 5854 vox,
1966 5799 2021 5845 et
2042 5792 2187 5863 virga
2221 5795 2287 5849 ab
2319 5794 2427 5847 alto
2456 5796 2757 5853 descendit.
2811 5794 2947 5853 Cun'.
2973 5806 3157 5851 autem
3184 5796 3391 5869 virgam

1816 5883 2134 5953 accepisset,
2160 5894 2213 5938 et
2256 5891 2313 5939 ut
2347 5900 2448 5939 vox
2480 5883 2840 5955 signiﬁcabat,
2880 5900 2943 5943 ea
2978 5895 3178 5943 terram
3209 5887 3393 5945 disse-
