4158 6470
734 410 833 476 571

1987 411 2270 474 MENSlS
2311 410 2737 472 AUGUSTUS.

3875 411 3982 470 57:?

722 522 946 583 CttiSSt‘l,
975 518 1243 585 quomodo
1271 518 1420 587 prius
1459 535 1605 574 mare
1630 522 1823 584 Moses,
1856 522 2051 592 accipit
2104 522 2284 575 Evan-
2313 526 2360 584 Α
2388 535 2548 573 causa
2616 534 2699 573 me
2745 519 3063 574 accersisti?
3122 518 3274 583 Quod
3297 533 3393 572 nec
3440 533 3657 586 possum
3731 519 3979 587 quidem,

721 609 916 679 gelium
955 607 1157 661 editum
1189 623 1218 660 e
1254 617 1411 661 terra:
1438 609 1752 663 visceribus.

793 700 883 754 XI.
925 697 1061 762 Quid
1096 712 1234 765 opus
1280 709 1363 751 est
1413 713 1478 751 ea
1509 699 1711 764 dicere,
1761 718 1880 770 quin
1940 714 2069 757 sunt
2115 714 2298 772 postea

721 787 1053 845 consecuta?
1081 786 1194 838 Non
1224 789 1457 855 amplius
1512 791 1666 845 nobis
1713 804 1914 863 martyr
1960 795 2153 855 Moses,
2207 794 2298 847 sed

721 883 780 934 lit
795 882 930 933 alius
951 880 1146 933 Paulus
1166 880 1463 948 prwdicans
1483 882 1857 949 Evangelium.
1875 883 2009 938 Cum
2029 884 2298 952 quoddam

723 983 906 1025 autem
963 975 1224 1041 templmn
1269 974 1682 1036 construxisset,
1733 974 1784 1024 in
1823 989 1930 1041 quo
1966 987 2122 1026 Orare
2170 988 2300 1024 con-

723 1073 998 1120 sueverat.
1056 1065 1312 1131 quoniam
1339 1066 1622 1131 oportebat
1663 1078 1807 1123 eum,
1860 1064 1999 1116 sicut
2062 1062 2297 1127 Paulus',

722 1155 930 1223 operari
963 1156 1228 1219 manibus,
1263 1156 1442 1208 divina
1504 1155 1700 1208 virtute
1727 1155 1791 1206 ad
1830 1170 1885 1207 se
1943 1154 2089 1207 ducit
2113 1168 2300 1207 omnes

723 1249 1004 1306 feraszet
1087 1253 1168 1304 lac
1225 1248 1469 1320 mulgens
1537 1249 1878 1313 feminarum,
1949 1263 2299 1316 quascumque

722 1347 774 1400 id
807 1346 1015 1400 scilicet
1051 1349 1293 1412 prrebent
1330 1348 1681 1416 poculentum
1717 1345 2052 1405 hominibus,
2102 1343 2301 1398 efﬁcie-

720 1439 814 1492 bat
846 1455 1062 1492 CdSvUttt
1093 1456 1106 1502 ;
1141 1449 1193 1492 et
1220 1439 1336 1508 ejus
1360 1439 1581 1508 quidem
1611 1453 1795 1506 parum
1826 1439 1927 1491 sibi
1962 1437 2300 1504 relinquebat

721 1539 776 1583 et
827 1532 1123 1598 reponebat
1158 1549 1172 1584 :
1205 1533 1475 1599 reliquum
1531 1541 1707 1584 autem
1743 1531 2081 1585 descendens
2126 1530 2302 1582 Caesa-

721 1635 890 1684 ream,
935 1623 1295 1675 distribuehat
1327 1623 1633 1691 egentibus.
1679 1623 1944 1687 Quoniam
1976 1631 2154 1674 autem
2184 1635 2305 1672 mae

719 1725 858 1778 gnus
882 1709 1084 1762 .\lamas
1119 1710 1256 1764 fama
1296 1723 1349 1766 et
1405 1728 1656 1766 sermone
1709 1714 2004 1764 multorum
2054 1712 2302 1765 celebra-

718 1800 898 1864 batur,
934 1802 1238 1856 Alexander
1293 1805 1516 1872 quidem
1558 1805 1714 1863 alius,
1754 1820 1858 1856 non
1886 1807 1932 1856 is
1965 1819 2122 1871 quem
2155 1805 2302 1872 prius

720 1890 972 1946 diximus.
1035 1901 1162 1946 tunc
1219 1905 1436 1946 creatus
1501 1909 1701 1962 praeses
1776 1893 2154 1961 CappadOriaz,
2229 1895 2308 1946 vir

721 1979 976 2043 crudelis,
1007 1983 1049 2034 si
1087 1985 1225 2035 ullus
1249 1985 1406 2048 alius,
1435 1994 1487 2038 et
1521 1989 1860 2039 contendens
1916 1988 1967 2038 in
2026 1986 2307 2052 impietate

721 2085 751 2123 a
787 2072 1006 2126 nemine
1034 2075 1300 2142 superari,
1334 2092 1456 2129 cum
1492 2077 1558 2130 de
1595 2092 1659 2131 eo
1721 2076 1901 2128 omnia
1929 2075 2306 2140 intellexisset,

718 2162 886 2216 mittit
911 2166 1168 2232 quosdam
1199 2169 1409 2233 equites
1431 2168 1495 2220 ad
1518 2185 1642 2221 eum
1678 2168 2048 2236 querendum,
2085 2175 2140 2218 ut
2173 2181 2299 2220 cum

719 2254 1081 2317 invenissent,
1110 2256 1176 2308 ad
1211 2272 1335 2309 eum
1393 2258 1748 2312 adducerent.
1795 2257 1930 2311 Cum
1968 2255 2181 2308 illorum
2210 2256 2309 2308 ita—

718 2359 824 2413 que
859 2346 1147 2400 adventum
1182 2350 1543 2416 praescivissct
1576 2363 1803 2419 martyr,
1849 2354 1907 2403 fit
1939 2352 2017 2404 eis
2069 2349 2306 2403 obviam.

718 2435 796 2488 Illi
832 2446 1012 2489 autem
1084 2449 1367 2507 postquam
1431 2443 1590 2513 simul
1662 2444 2074 2507 convenissent,
2135 2454 2311 2509 neque

727 2528 1110 2590 scirent,hunc
1180 2546 1300 2584 esse
1353 2532 1522 2594 illum,
1575 2535 1839 2601 rOgabaut
1874 2551 2021 2600 eum,
2067 2537 2308 2595 ubinam,

724 2627 781 2670 et
810 2619 863 2676 in
900 2635 1009 2687 quo
1043 2620 1161 2674 loco
1191 2633 1334 2674 esset
1372 2622 1595 2677 Mamas.
1622 2625 1711 2681 Ille
1736 2642 1862 2676 vero
1893 2642 1906 2678 :
1937 2626 2042 2678 Vos
2068 2627 2307 2694 quidem,

722 2712 919 2781 inquit,
954 2730 986 2767 o
1021 2717 1206 2781 amici,
1243 2730 1457 2786 oportet
1487 2735 1628 2774 nunc
1664 2739 1723 2772 ex
1756 2724 1913 2788 equis
1953 2723 2310 2784 descendere,

725 2812 785 2855 ut
809 2819 999 2859 eamus
1022 2807 1087 2859 ad
1114 2822 1325 2860 ccenam
1365 2826 1378 2873 ;
1418 2820 1603 2877 postea
1636 2821 1816 2864 autem
1849 2812 2130 2864 ostendam
2165 2811 2312 2866 vobis

722 2893 1074 2952 Mamautem.
1112 2899 1173 2951 Hi
1208 2916 1336 2969 ergo
1359 2901 1426 2953 ab
1462 2916 1526 2953 eo
1560 2902 1799 2968 hospitio
1831 2901 2062 2969 accepti,
2093 2917 2310 2955 caseum

729 2997 786 3041 et
815 3003 1012 3057 panem
1042 2991 1277 3045 libenter
1313 2991 1672 3046 comederunt
1709 3010 1721 3057 ;
1759 2992 1840 3046 bis
1883 2994 2026 3046 enim
2065 2995 2312 3065 egregius

725 3093 820 3132 eos
847 3081 1055 3148 accepit
1088 3081 1309 3145 Mamas,
1344 3083 1596 3136 dominus
1629 3083 1886 3137 convivii.

2405 614 2577 682 inquit
2606 629 2826 682 pneses,
2861 611 3182 680 perspicere,
3251 612 3571 677 quibusnam
3628 622 3792 664 utens
3842 626 3976 678 prte-

2405 703 2574 773 stigiis
2598 714 2650 756 et
2689 701 3169 762 incantationibus,
3200 700 3407 753 viribus
3431 701 3869 770 inexpugnabilia
3914 709 3970 753 et

2405 795 2516 848 fera
2539 794 2788 846 animalia
2817 793 3046 854 inducis,
3081 801 3139 845 ut
3160 807 3282 846 cum
3315 793 3393 844 eis
3421 792 3604 861 degas.
3626 802 3678 844 et
3709 791 3852 858 apud
3879 806 3971 843 eas

2403 886 2683 939 verseris:
2732 886 2962 950 imperes
3019 895 3197 938 autem
3252 885 3664 952 propemodum,
3719 893 3976 951 tanquam

2405 979 2611 1032 ratione
2666 977 2923 1046 praeditis.
2979 976 3336 1044 Respondens
3359 987 3538 1031 autem
3593 984 3796 1040 martyr
3831 992 3843 1025 :
3875 975 3973 1036 Qui

2404 1070 2590 1136 servit,
2626 1069 2817 1137 inquit,
2855 1069 2962 1122 Deo
2999 1084 3140 1132 meo,
3175 1068 3263 1135 qui
3291 1069 3434 1121 solus
3475 1067 3624 1129 vivit,
3659 1078 3714 1119 et
3765 1073 3848 1122 est
3895 1080 3984 1117 ve-

2403 1174 2516 1222 rus,
2549 1174 2615 1211 ne
2643 1159 2724 1210 vel
2749 1173 2933 1226 parum
2969 1156 3186 1225 quidem
3224 1155 3547 1206 sustinuerit
3575 1153 3777 1205 versari
3814 1161 3867 1205 et
3896 1151 3980 1200 vi-

2403 1264 2508 1307 tam
2536 1267 2694 1319 agere
2727 1267 2850 1304 cum
2882 1249 3179 1303 idololatris
3215 1257 3269 1301 et
3300 1245 3574 1299 maleﬁcis.
3609 1245 3977 1309 Quamobrem

2402 1359 2501 1414 ego
2527 1343 2658 1396 mihi
2684 1344 2821 1396 duco
2852 1357 2969 1395 esse
3000 1339 3367 1410 praestantius,
3396 1338 3601 1389 versari
3637 1337 3803 1387 simul
3859 1350 3981 1386 cum

2400 1436 2552 1499 feris,
2581 1451 2739 1502 quam
2779 1434 3057 1486 vobiscum
3118 1431 3384 1484 habitare.
3438 1426 3569 1480 Nam
3611 1426 3716 1482 illa;
3764 1424 3984 1491 quidem

2403 1543 2510 1580 non
2541 1527 2740 1580 nostris
2773 1525 3125 1584 inducuntur,
3181 1531 3241 1574 ut
3283 1529 3461 1589 putas,
3494 1515 3976 1576 incantationibus,

2403 1630 2456 1672 et
2484 1620 2603 1673 ideo
2627 1619 2756 1671 mihi
2787 1617 3089 1670 redduntur
3110 1615 3318 1666 cicures
3346 1619 3399 1665 et
3437 1611 3768 1669 dornestiere,
3804 1622 3980 1673 neque

2403 1712 2546 1764 enim
2573 1711 2684 1764 scio
2729 1710 2855 1778 quid
2885 1708 2986 1761 sibi
3025 1706 3149 1758 velit
3174 1705 3254 1758 vel
3282 1704 3454 1756 solum
3495 1716 3691 1753 nomen
3735 1702 3984 1752 incanta-

2408 1801 2571 1853 tionis
2606 1819 2618 1863 ;
2656 1802 2749 1854 sed
2781 1810 2834 1853 ct
2877 1799 2920 1853 si
2951 1798 3060 1852 sint
3089 1795 3389 1865 prudentia:
3434 1801 3686 1861 expertes
3717 1799 3772 1842 et
3821 1789 3985 1840 ratio-

2415 1895 2517 1956 nis,
2545 1894 2723 1947 sciunt
2756 1903 2933 1947 tamen
2969 1891 3096 1956 ipszc
3124 1903 3334 1957 quoque
3380 1901 3559 1939 meum
3612 1880 3849 1935 revereri
3883 1880 3989 1929 Do-

2413 1989 2642 2047 minum,
2698 1985 2832 2038 etin
2878 1983 3082 2035 honore
3142 1983 3338 2033 habere
3399 1980 3515 2046 eius
3574 1977 3832 2029 famulos.
3876 1973 3982 2027 Vos

2415 2093 2543 2130 vero
2570 2077 2700 2130 estis
2730 2077 2908 2143 longe,
2946 2089 3105 2142 quam
3129 2075 3279 2141 ipsaa,
3304 2071 3482 2124 minus
3505 2067 3796 2135 participes
3827 2066 3995 2117 ratio-

2413 2167 2518 2232 nis,
2550 2168 2691 2236 quod
2724 2183 2847 2222 cum
2901 2167 3018 2219 illas
3069 2165 3311 2218 habeatis
3359 2160 3630 2229 exemplar
3686 2159 3993 2211 honorandi

2413 2261 2649 2324 Domini,
2685 2275 2753 2312 ne
2788 2261 2868 2313 sic
2892 2259 3112 2325 quidem
3148 2254 3464 2326 intelligitis.

2489 2353 2622 2404 Xlll.
2660 2352 2863 2404 Praeses
2893 2359 3072 2401 autem
3107 2362 3228 2400 eum
3265 2345 3522 2398 adversus
3555 2344 3668 2396 haec
3699 2358 3770 2395 ne
3805 2349 3990 2409 posset

2414 2445 2630 2512 quidem
2659 2442 3056 2502 contradicere,
3089 2438 3387 2492 conabatur
3421 2443 3604 2502 aperte
3643 2433 3749 2485 vim
3785 2433 3999 2486 afferre.

2412 2535 2523 2588 Cur
2551 2544 2731 2588 autem
2774 2548 2860 2595 eo,
2893 2531 3089 2593 aiebat,
3136 2524 3440 2597 processisti
3467 2522 3710 2577 stultitia:
3751 2530 3806 2574 et
3832 2521 3998 2572 auda-

2413 2628 2532 2688 ciai,
2586 2635 2645 2679 ut
2701 2626 2948 2693 insui-gas
3003 2621 3223 2690 quidem
3283 2619 3543 2671 adversus
3601 2615 3998 2684 imperatorum

2414 2717 2845 2777 constitutiones,
2879 2714 3219 2782 impudenter
3255 2719 3434 2762 autem
3484 2722 3581 2758 nos
3631 2721 3854 2772 quoque
3889 2705 3999 2756 af.i-

2415 2810 2528 2862 eius
2570 2806 2946 2862 contumeliis?
2977 2803 3081 2856 Sed
3127 2810 3392 2856 tormenta
3423 2807 3473 2851 te
3506 2797 3588 2850 vei
3621 2797 3855 2848 invitum
3891 2811 4002 2847 om.

2415 2901 2545 2954 nino
2597 2916 2661 2954 ea
2703 2914 2822 2968 qua:
2871 2905 3110 2967 oportet,
3173 2892 3477 2948 docuerint.
3523 2891 3588 2943 Et
3620 2890 3806 2942 statim
3847 2888 3997 2956 jubet

2415 3007 2540 3047 eum
2585 3005 2912 3059 suspensum
2961 2987 3114 3040 valde
3160 2985 3316 3039 credi.
3350 2983 3440 3034 1110
3473 2990 3678 3043 autem,
3712 2990 3764 3031 et
3793 2981 3838 3031 si
3866 2980 3998 3034 adeo

2417 3085 2606 3138 acerbe
2644 3085 2997 3142 laceraretur,
3033 3077 3263 3145 perinde
3306 3083 3423 3126 erat
3457 3073 3702 3133 allectus,
3754 3082 3920 3139 atque
3962 3071 4002 3122 si

797 3169 911 3222 XII.
950 3170 1170 3224 Interim
1212 3183 1391 3225 autem
1453 3174 1515 3224 ad
1569 3182 1857 3242 martyrem
1906 3175 2203 3239 accedunt,
2259 3187 2316 3230 ut
2346 3211 2387 3268 ο
2421 3176 2624 3229 nullum
2656 3174 2895 3227 dolorem
2947 3169 3170 3223 sentiret
3223 3167 3453 3237 penitus.
3497 3165 3681 3232 Neque
3713 3165 3862 3216 enim
3903 3173 4007 3215 tor-

727 3273 1153 3327 cousueverant,
1216 3263 1432 3317 feminae
1470 3264 1794 3328 animantes,
1859 3275 1916 3317 ut
1975 3281 2316 3336 unaquaeque

728 3371 826 3408 suo
849 3354 986 3409 lacte
1022 3357 1377 3425 mulgeretur.
1417 3358 1567 3420 Quod
1609 3373 1730 3416 cum
1760 3357 2019 3412 vidissent
2078 3363 2313 3427 equites,

727 3459 821 3497 eos
847 3444 1257 3513 invasitstupur
1301 3456 1355 3500 et
1379 3448 1557 3508 timor,
1600 3456 1652 3498 et
1710 3461 1863 3499 coena
1911 3449 2129 3513 relicta,
2190 3464 2320 3502 cou-

729 3536 944 3606 fugiunt
971 3538 1036 3590 ad
1094 3521 1438 3608 martyremf
1489 3538 1581 3592 llle
1631 3554 1763 3591 vero
1814 3555 1935 3592 rum
1985 3550 2184 3593 metum
2237 3540 2317 3596 eis

731 3630 1042 3694 ademisset,
1108 3639 1161 3680 et
1213 3642 1308 3682 eos
1375 3631 1547 3682 bono.
1603 3640 1655 3683 et
1717 3631 1900 3684 ﬁdenti
1958 3634 2140 3687 animo
2199 3650 2318 3689 esse

726 3709 1022 3790 jussissei,
1086 3718 1282 3773 deinde
1363 3721 1524 3774 vellet
1586 3721 1747 3774 etiam
1802 3736 1987 3775 eorum
2031 3726 2238 3778 animos
2287 3743 2316 3780 a

731 3826 861 3865 cura
895 3811 1149 3870 liberare,
1182 3811 1318 3864 dixit
1353 3827 1410 3866 se
1442 3812 1660 3882 quidem
1697 3825 1820 3867 vere
1878 3830 1999 3867 eum
2026 3831 2166 3880 esse,
2226 3820 2318 3886 qui

732 3903 1103 3973 quaarebatur,
1143 3903 1495 3970 Mamantcm,
1541 3920 1610 3958 ne
1669 3907 1905 3976 amplius
1944 3921 2066 3960 eum
2112 3923 2321 3976 quaere-

734 4008 875 4050 rent.
909 3998 1017 4051 Eos
1045 4013 1176 4067 ergo
1203 3997 1448 4060 dimittit,
1487 3999 1762 4066 pollicitus
1823 3999 2062 4067 scipsum
2103 4018 2319 4071 quoque

733 4104 856 4142 mox
891 4098 1203 4142 venturum.
1235 4089 1440 4141 Deinde
1472 4104 1593 4141 cum
1620 4090 1830 4158 equites
1859 4093 2104 4157 protinus
2142 4110 2322 4147 reces-

734 4180 939 4234 sissent
969 4179 1084 4248 (tali
1125 4180 1271 4234 enim
1312 4179 1429 4234 viro
1446 4180 1763 4245 credebant,
1791 4195 1969 4250 neque
1998 4183 2048 4233 in
2081 4163 2146 4235 eo
2173 4194 2322 4251 pote~

734 4281 858 4326 rant
882 4272 1048 4325 ullum
1081 4273 1344 4342 suspicari
1383 4273 1748 4340 mendacium)
1784 4289 1908 4326 cum
1958 4291 2120 4327 unum
2147 4291 2210 4328 ex
2256 4277 2321 4330 iis

735 4366 826 4434 qui
867 4373 1024 4418 erant
1068 4363 1121 4417 in
1154 4374 1359 4426 monte,
1407 4364 1675 4423 leonibus.
1740 4375 1942 4434 martyr
1973 4378 2103 4424 nutu
2150 4369 2216 4422 ad
2261 4385 2320 4423 se

736 4467 1004 4519 vocasset,
1057 4457 1211 4524 jubet
1268 4471 1414 4517 eum,
1479 4467 1765 4524 p0stquam
1825 4457 1942 4525 ipse
2026 4459 2316 4528 ingressus

2425 3277 2567 3321 tores
2609 3267 2816 3335 aspexit
2855 3263 3183 3322 eﬂcminate,
3219 3276 3318 3314 nec
3342 3275 3397 3312 se
3430 3258 3640 3311 mollem
3693 3256 3927 3324 pnebuit
3957 3257 4005 3307 in

2422 3366 2711 3419 tormento,
2745 3371 2853 3408 non
2886 3354 3088 3407 humile
3116 3361 3170 3404 et
3204 3350 3460 3404 illiberale
3503 3347 3705 3414 aliquid
3738 3357 3824 3399 est
3855 3347 4006 3399 locu-

2424 3453 2509 3499 tus
2543 3463 2555 3498 :
2591 3443 2682 3497 sed
2728 3450 2872 3495 recta
2912 3441 2965 3493 in
3000 3438 3198 3493 cceium
3243 3451 3369 3491 suos
3403 3434 3663 3489 deﬁxerat
3713 3434 3908 3487 oculos
3957 3447 4009 3487 et

2421 3537 2841 3593 consolationem
2870 3531 3266 3602 exspectabata
3293 3529 3521 3598 superis.
3545 3527 3681 3582 Cum
3715 3543 3847 3581 vero
3878 3544 4010 3595 pra:-

2422 3647 2509 3688 ses
2561 3630 2953 3700 suppliciorum
2998 3638 3053 3682 et
3110 3627 3358 3680 dolorum
3421 3624 3774 3678 acerbitatem
3830 3625 4008 3678 inten-

2422 3724 2593 3786 deret,
2629 3733 2680 3777 et
2725 3721 2954 3774 instaret
2998 3727 3056 3770 ut
3125 3727 3328 3784 martyr
3365 3715 3658 3767 laniaretur
3711 3715 4008 3767 vehemen-

2423 3817 2547 3875 tius,
2584 3830 2686 3868 vox
2724 3813 2971 3883 quredam
2999 3811 3206 3869 divina.
3237 3825 3352 3879 qua:
3381 3808 3588 3862 exstitit
3619 3824 3648 3862 e
3684 3809 3925 3877 superis,
3959 3808 4007 3861 ei

2421 3907 2638 3978 quidem
2690 3906 2832 3960 levat
2881 3919 3130 3974 magnam
3184 3911 3392 3970 partem
3428 3901 3673 3955 doloris:
3719 3903 4008 3955 conﬁrmat

2421 4010 2604 4054 autem
2637 4010 2692 4052 et
2734 3998 3045 4052 corroborat
3075 3995 3149 4056 id,
3203 3994 3344 4062 quod
3383 3993 3681 4056 laborabat,
3725 4003 3782 4046 et
3831 3995 4012 4067 reddi,

2422 4109 2547 4147 eum
2598 4089 2884 4161 quibusvis
2936 4086 3226 4143 tormentis
3278 4085 3640 4154 superiorem.
3698 4085 3834 4138 Eam
3891 4101 4010 4138 cum

2425 4184 2582 4238 multi
2616 4184 2892 4237 audissent
2930 4197 2994 4235 ex
3029 4179 3302 4240 ﬁdelibus,
3345 4177 3611 4230 ﬁrmiores
3656 4187 3713 4230 et
3752 4186 4011 4231 constan-

2423 4277 2585 4330 tiores
2625 4282 2914 4327 evaserunt
2949 4273 3002 4324 iu
3034 4272 3258 4340 pietate.
3298 4269 3600 4322 Alexander
3633 4278 3820 4320 autem
3851 4281 4001 4336 post-

2421 4380 2580 4437 quam
2624 4363 2752 4418 vidit
2785 4375 3106 4432 generosum
3135 4357 3460 4411 Mamantcm
3505 4355 3656 4409 nihili
3683 4356 3865 4409 facere
3910 4357 4012 4410 fer-

2423 4471 2542 4510 reas
2575 4455 2691 4508 illas
2741 4451 2989 4521 ungulas,
3032 4448 3233 4520 quibus
3266 4447 3590 4508 laniabatur,
3638 4446 3806 4500 corde
3849 4448 4014 4515 magis

737 4544 906 4597 fuerit
935 4544 1193 4604 stadium,
1220 4544 1425 4596 cursim
1483 4561 1710 4613 pergere
1777 4545 1842 4598 ad
1874 4545 2090 4602 Graecos
2145 4559 2198 4602 et
2230 4547 2323 4601 Ju-
2355 4565 2397 4618 ο
2429 4551 2764 4604 lacerabatur
2793 4546 2861 4598 ab
2895 4544 3141 4606 insania;
3175 4553 3228 4596 et
3266 4543 3441 4611 ipsum
3473 4541 3693 4608 quidem
3741 4540 3895 4593 illinc
3921 4540 4012 4592 de.

738 4638 906 4700 d205,
937 4636 1027 4704 qui
1057 4636 1237 4705 lingua
1273 4636 1532 4688 maledica
1565 4638 1766 4688 nomini
1822 4637 2087 4705 Uuigeniti
2150 4641 2330 4694 detra-

745 4730 906 4791 hunt,
971 4737 1026 4780 et
1071 4727 1122 4779 id
1183 4728 1490 4781 maledictis
1548 4727 1845 4794 incessunt,
1897 4738 1951 4782 et
1997 4731 2075 4783 eis
2138 4731 2329 4786 afferre

739 4820 1043 4874 interitum.
1080 4816 1203 4871 Hzec
1237 4834 1360 4870 cum
1390 4819 1645 4885 iussisset
1679 4819 1832 4882 ferre,
1862 4836 1890 4874 e
1914 4832 2098 4875 monte
2150 4823 2323 4891 proli-

738 4911 1093 4964 eiscitur:et
1127 4907 1343 4964 accedit
1396 4907 1462 4959 ad
1517 4909 1746 4975 equites,
1801 4911 1891 4978 qui
1960 4926 2083 4965 eum
2131 4930 2326 4983 exspe-

740 5003 963 5056 ctabant
1005 5001 1071 5054 ad
1130 5008 1339 5070 portam
1373 4998 1628 5052 civitatis.
1689 4999 1822 5052 Cum
1873 4999 1906 5052 ii
1966 5002 2147 5070 itaque
2202 5020 2325 5059 eum

740 5092 1187 5162 assumpsissent,
1210 5094 1419 5144 ducunt
1445 5091 1508 5142 ad
1577 5090 1966 5145 Alexandrum.
2003 5092 2096 5145 1110
2146 5100 2328 5144 autem

741 5187 995 5258 protinus
1066 5202 1080 5238 :
1144 5182 1298 5237 Tune
1348 5200 1428 5248 es,
1490 5183 1683 5252 inquit,
1755 5187 1843 5238 ille
1902 5186 1995 5254 qui
2050 5202 2106 5238 es
2159 5186 2331 5255 magia

739 5277 1015 5346 insignis?
1077 5275 1278 5345 Martyr
1334 5287 1513 5330 autem
1559 5275 1756 5329 Marnas
1809 5279 2104 5342 prudenter
2157 5279 2329 5330 dicit:

745 5371 856 5442 Ego
877 5383 995 5423 sum
1031 5365 1236 5421 Christi
1269 5384 1480 5432 servus,
1520 5370 1610 5437 qui
1666 5371 1744 5424 eis
1785 5371 2000 5438 quidem
2058 5371 2148 5437 qui
2204 5383 2326 5421 crc-

745 5463 883 5516 dunt
929 5460 983 5511 in
1055 5461 1255 5528 ipsum,
1287 5467 1340 5512 et
1393 5458 1599 5511 faciunt
1654 5463 1772 5530 ejus
1839 5461 2196 5521 voluntatem,
2231 5461 2322 5512 dat

748 5553 1018 5618 salutem;
1052 5567 1236 5618 magos
1282 5561 1460 5606 autem
1495 5550 1955 5615 Ctincantatorcs,
2011 5564 2066 5607 et
2094 5567 2189 5606 eos
2221 5551 2317 5619 qui

751 5644 982 5698 adorant
1023 5641 1188 5706 idola,
1217 5641 1324 5711 igni
1361 5645 1524 5698 tradit
1557 5649 1785 5698 cterno.
1822 5642 1926 5696 Sed
1981 5660 2212 5713 quanam
2255 5645 2321 5699 de

861 5825 876 5854 ⁸
912 5823 927 5877 Ι
955 5824 1079 5880 Cor.
1109 5841 1179 5888 tv,
1209 5823 1296 5876 19..

2439 4640 2588 4695 duCit
2616 4655 2629 4690 :
2658 4637 2909 4692 accendit
2961 4646 3138 4689 autem
3194 4632 3469 4685 fornacem
3518 4629 3677 4696 ignis,
3713 4639 3772 4681 ut
3814 4629 4010 4681 athleta

2439 4733 2491 4782 in
2529 4744 2648 4782 eam
2679 4729 2974 4796 jaccrctur.
3023 4727 3198 4790 Atque
3223 4723 3331 4792 jam
3364 4721 3581 4790 quidem
3614 4720 4012 4774 acccndedatur

2435 4823 2626 4877 fornax
2657 4820 2795 4890 ignis
2827 4835 2844 4871 ε
2880 4833 3078 4888 praeses
3107 4830 3260 4881 vero,
3291 4815 3549 4885 quoniam
3605 4821 3739 4868 tunc
3779 4823 3898 4867 erat
3922 4828 4010 4867 oc-

2433 4923 2661 4986 cupatus
2691 4913 2745 4968 in
2778 4912 2916 4979 aliis,
2955 4913 3118 4966 satius
3148 4925 3269 4964 esse
3302 4910 3510 4978 putavit
3543 4923 3841 4976 parumper
3877 4921 4010 4958 mar—

2433 5017 2601 5077 tyrem
2638 5005 2847 5058 tradere
2878 5003 2930 5055 in
2974 4999 3297 5053 custodiam.
3339 4997 3579 5062 Quadam
3610 4997 3755 5049 enim
3792 5011 3887 5063 spe
3914 4997 4007 5048 du-

2434 5100 2679 5161 cebatur,
2737 5094 2879 5165 quod
2924 5091 3054 5146 sici
3099 5098 3314 5160 tempus
3366 5089 3606 5155 daretur,
3662 5097 3725 5142 ut
3777 5089 3921 5156 apud
3958 5104 4008 5141 se

2434 5198 2600 5252 esset,
2657 5195 2711 5240 et
2741 5184 3110 5240 consideraret
3139 5182 3468 5239 accuratius.
3508 5180 3621 5235 fore
3653 5189 3713 5230 ut
3758 5187 3816 5232 et
3853 5194 4008 5248 expc-

2438 5277 2630 5332 rientia
2659 5276 2946 5338 malorum,
2977 5287 3094 5342 quae
3117 5277 3530 5342 prtecesserant,
3555 5277 3610 5321 et
3639 5276 3787 5320 metu
3823 5269 4006 5322 futura:

2440 5369 2692 5431 fornacis,
2736 5367 3017 5421 accederet
3047 5364 3261 5418 mollior
3298 5365 3364 5418 ad
3399 5360 3666 5417 secundas
3709 5360 4004 5429 interroga-

2431 5463 2626 5522 tiones,
2661 5467 2715 5512 et
2745 5474 2854 5513 non
2899 5472 3086 5526 parum
3119 5456 3358 5523 priorem
3407 5468 3562 5509 suam
3604 5463 3848 5508 mutaret
3894 5467 4002 5506 sen-

2431 5551 2673 5604 tentiam.
2707 5551 2882 5616 Atque
2913 5548 2999 5600 ille
3029 5545 3246 5614 quidem
3277 5546 3358 5599 vir
3381 5560 3676 5616 generosus
3711 5543 3997 5612 conjicitur

2433 5644 2485 5695 in
2531 5655 2801 5694 carcerem
2849 5638 2963 5691 :ad
3012 5636 3366 5709 quadraginta
3407 5647 3587 5693 autem
3639 5634 3998 5692 Christianos,
