4158 6530
153 486 252 552 573

1257 482 1597 542 MARTYRI
1613 480 1723 541 UM
1765 481 1829 540 S.
1871 479 2288 541 MAMANTIS.

3298 469 3400 533 574

153 600 236 672 qui
268 599 323 652 in
374 611 445 652 eo
490 597 638 667 prius
675 593 1078 660 detinebantur,
1113 593 1185 649 ibi
1241 593 1491 649 inventos
1530 594 1723 648 liberat
1746 591 1801 652 Δ
1827 599 2138 647 reverenter
2155 589 2433 646 adorabat.
2467 597 2522 645 et
2547 588 2612 644 ad
2642 588 2760 658 ejus
2787 586 2951 657 pedes
2995 584 3402 656 procumbebat.

154 709 182 746 a
209 689 448 743 vinculis
479 705 493 741 :
527 696 581 743 et
610 701 734 742 cum
780 687 1015 741 carceris
1059 687 1235 740 claves
1266 694 1322 740 et
1354 694 1537 741 vectes
1583 685 1733 739 labe-

156 783 437 843 factasset,
470 779 590 835 sola
624 779 959 848 precatione,
1003 788 1058 834 et
1091 789 1230 833 totas
1257 787 1444 846 portas
1487 778 1732 847 aperuis-

157 871 257 930 set.
311 866 398 920 eis
445 867 665 933 quidem
713 866 981 927 concedit,
1026 876 1085 919 ut
1139 866 1258 919 sine
1291 865 1475 919 labore
1517 877 1730 931 exeant,

159 957 492 1024 relinquitur
521 967 703 1010 autem
737 958 824 1011 ille
851 957 998 1011 solus
1035 959 1087 1009 in
1123 957 1386 1019 custodia,
1427 957 1481 1009 in
1505 970 1608 1025 qua
1639 970 1735 1008 an-

155 1052 251 1123 geli
280 1053 574 1120 praesentia
595 1055 926 1109 excitabatur
948 1064 1003 1107 et
1022 1053 1444 1106 contirmahatur
1462 1051 1528 1106 ad
1550 1050 1734 1106 futura

155 1145 486 1198 certamina.

226 1232 377 1287 XIV.
422 1233 636 1290 Interea
667 1251 796 1305 ergo
822 1237 932 1304 jam
977 1253 1203 1293 accensa
1235 1247 1352 1292 erat
1396 1237 1586 1293 fornax
1624 1254 1639 1293 :
1680 1246 1736 1294 et

154 1341 382 1395 prxses,
425 1326 651 1394 abjectis
691 1327 810 1382 aliis
836 1329 1000 1392 curis,
1030 1344 1218 1384 rursus
1255 1329 1506 1398 producit
1535 1339 1735 1400 marty-

155 1427 268 1466 rem
302 1414 370 1467 ad
409 1415 662 1477 tribunal,
693 1425 747 1470 et
776 1417 902 1471 dicit
935 1436 948 1470 :
982 1417 1151 1471 Tanta
1188 1421 1413 1473 omnino
1447 1430 1632 1474 nostra
1680 1420 1733 1474 in

155 1504 322 1556 rebus
364 1504 603 1560 maxime
653 1509 972 1562 necessariis
1017 1512 1322 1579 occupatio,
1364 1519 1418 1565 et
1480 1512 1735 1568 diuturna

157 1593 210 1646 in
248 1593 364 1647 illis
400 1609 572 1659 mora,
608 1600 957 1665 praebuerunt
987 1609 1198 1670 tempus
1247 1603 1469 1657 ineundi
1515 1604 1730 1658 consilii

154 1681 300 1747 quod
336 1688 488 1735 esset
536 1683 629 1736 tibi
667 1685 818 1740 utile.
874 1687 968 1740 Sin
1021 1688 1224 1750 minus,
1259 1697 1314 1741 tu
1361 1688 1528 1750 vides,
1572 1705 1734 1758 quam

156 1773 225 1826 sit
270 1773 382 1826 alta
417 1774 611 1830 fornax
641 1794 654 1828 :
685 1779 819 1833 nihil
853 1789 1028 1833 tamen
1056 1781 1252 1842 dicam,
1283 1779 1456 1834 donec
1492 1781 1735 1835 inconsi-

153 1863 345 1918 derata
384 1864 503 1921 hzec
537 1874 624 1919 tua
654 1872 954 1924 constantia
999 1869 1261 1930 eﬂ‘ecerit,
1303 1879 1361 1923 ut
1405 1878 1455 1924 te
1507 1872 1733 1924 multum

1831 683 2086 748 Dixisses,
2123 684 2167 738 si
2199 683 2447 746 vidisses,
2489 697 2610 736 eum
2657 679 2904 749 amplecti
2960 677 3102 730 illius
3159 675 3400 744 vestigia.

1831 775 2036 830 Pardus
2066 783 2244 828 autem
2273 773 2413 827 lenis
2429 782 2486 826 et
2535 780 2869 834 mansuetus,
2901 767 2955 821 in
2995 768 3110 833 ejus
3148 767 3405 822 humeros

1831 865 2153 920 citra.ullam
2181 865 2426 918 insiliens
2455 863 2784 924 molestiam,
2831 861 3008 930 lingua
3061 856 3407 926 abstergcbat

1829 959 1950 1029 ejus
1981 959 2255 1017 sudorem,
2280 964 2334 1010 et
2367 971 2491 1010 eum
2523 952 2884 1010 demulcebat.
2933 949 3154 1020 perinde
3190 962 3252 1000 ac
3278 961 3402 1000 eum

1832 1053 2117 1112 deliniens,
2146 1059 2199 1104 et
2228 1063 2369 1118 aegre
2399 1047 2576 1102 ferens
2598 1061 2656 1100 ea
2689 1060 2809 1114 quae
2839 1044 3165 1114 patiebatur.
3198 1041 3268 1096 Et
3287 1054 3408 1106 quae

1831 1162 1861 1201 a
1877 1144 2105 1217 praeside
2118 1141 2336 1211 quidem
2357 1140 2608 1192 immissa:
2627 1147 2754 1190 sunt
2770 1135 2975 1198 bestiae,
3002 1133 3100 1192 sic.
3123 1140 3180 1184 ut
3195 1130 3408 1206 videtis.

1831 1253 2013 1293 meum
2050 1244 2352 1290 tractarunt.
2381 1233 2661 1286 athletam.
2693 1228 2798 1282 Sed
2832 1244 2939 1280 non
2969 1227 3051 1280 sic
3076 1225 3182 1290 leo,
3212 1223 3304 1292 qui
3341 1225 3407 1277 ab

1832 1332 1925 1386 illo
1958 1331 2169 1400 signant
2212 1325 2440 1393 accepit,
2497 1337 2655 1392 quem
2697 1321 2812 1388 ipse
2861 1315 3092 1368 armavit
3142 1315 3406 1367 adversus

1833 1422 2054 1493 impios,
2087 1431 2143 1475 ut
2181 1419 2334 1488 prius
2388 1415 2644 1470 diximus.
2691 1409 2826 1464 Nam
2861 1405 3115 1461 dentibus
3152 1405 3410 1465 stridens.

1834 1524 1890 1570 et
1921 1515 2055 1567 iram
2093 1512 2325 1581 spirans,
2362 1520 2590 1576 propere
2623 1499 2902 1558 descendit
2927 1499 2994 1552 de
3021 1506 3204 1551 monte
3240 1512 3254 1548 :
3287 1509 3411 1549 cum

1835 1605 2212 1662 conturbasset
2247 1601 2540 1659 theatrum,
2577 1606 2632 1648 et
2662 1595 2715 1646 in
2757 1601 2935 1661 partes
2969 1590 3313 1651 dissecasset,
3350 1600 3418 1639 ex

1835 1701 1914 1756 eis
1949 1696 2164 1768 quidem
2197 1694 2398 1747 multos
2427 1688 2714 1757 discerpsit
2741 1684 2999 1740 dentibus
3036 1688 3091 1733 et
3122 1679 3413 1768 unguibus.

1837 1767 1983 1858 Quod
2007 1788 2226 1860 quidem
2295 1795 2538 1852 tempore
2612 1774 3030 1833 innumerabilis
3123 1767 3418 1823 multitudo

1840 1883 2163 1948 infidelium,
2231 1876 2594 1944 intelligentes
2659 1871 2914 1924 virtutem
2978 1867 3240 1925 divinam,
3303 1873 3422 1928 qua:

155 1955 437 2025 deplores.
488 1958 579 2012 Ille
605 1967 787 2013 autem
821 1960 903 2013 vir
926 1963 1172 2031 egregius
1199 1981 1210 2014 :
1239 1961 1358 2016 Iam
1391 1963 1506 2027 tibi,
1539 1979 1571 2014 o
1597 1979 1735 2032 pra:-

1846 1983 1955 2030 erat
1987 1975 2039 2026 in
2071 1981 2328 2038 martyre,
2360 1969 2478 2036 ejus
2524 1964 2688 2018 Deum
2734 1960 3015 2030 magnifice
3067 1952 3420 2011 extollebant.

156 2060 266 2108 ses,
305 2050 466 2118 prius
490 2062 662 2101 meam
700 2050 884 2118 aperui
924 2051 1407 2118 sententiam;cur
1446 2054 1513 2107 de
1549 2051 1738 2107 iisdem

156 2140 323 2192 rebus
354 2139 448 2191 tibi
489 2153 676 2192 rursus
705 2141 926 2196 exhibes
957 2145 1419 2212 negotium?Cum
1447 2145 1736 2213 inccpcris,

157 2226 621 2299 finem‘impone;
667 2248 735 2286 ne
776 2233 996 2288 differas
1025 2250 1087 2289 ea
1135 2251 1253 2304 quae
1302 2236 1432 2289 mihi
1463 2252 1521 2289 es
1569 2239 1738 2288 mina-

158 2329 267 2374 tus.
311 2320 526 2376 Praeses
584 2335 765 2379 autem
814 2339 936 2379 eum
971 2325 1218 2395 protinus
1271 2327 1513 2380 immittit
1543 2327 1596 2380 in
1632 2327 1742 2380 for-

154 2424 373 2466 nacem.
427 2410 531 2467 Sed
565 2414 656 2483 qui
689 2417 891 2484 pueris,
927 2417 1018 2486 qui
1068 2428 1221 2472 erant
1261 2405 1319 2472 in'
1348 2417 1585 2488 Assyria,
1627 2417 1744 2472 for-

156 2517 353 2557 nacem
383 2504 678 2573 aliquando
711 2523 832 2560 rore
860 2511 1091 2575 aspersit
1125 2511 1286 2574 Deus,
1323 2512 1368 2563 is
1403 2511 1489 2564 hic
1526 2527 1742 2580 quoque

157 2593 376 2655 aderat,
415 2594 674 2649 auferens
713 2597 850 2666 ignis
896 2601 1281 2667 operationem.
1320 2603 1514 2672 Martyr
1555 2614 1736 2657 autem

157 2683 490 2736 versabatur
544 2683 597 2736 in
645 2683 884 2753 ﬂamma,
938 2696 1189 2758 tanquam
1233 2691 1286 2744 in
1329 2701 1482 2760 prato
1529 2693 1738 2753 ﬂorido.

155 2771 301 2827 Toto
353 2783 506 2828 certe
545 2783 809 2846 tempore.
856 2781 1046 2848 quoin
1077 2782 1198 2850 igne
1240 2794 1321 2838 est
1356 2795 1614 2849 moratus.
1653 2805 1739 2843 ca-

154 2865 327 2918 nebat
362 2864 594 2934 hymnos
645 2873 711 2923 ad
759 2870 944 2926 Deum.
994 2873 1170 2940 Atque
1221 2884 1331 2928 tres
1369 2878 1586 2945 quidem
1620 2879 1740 2934 dies

155 2971 285 3008 eum
334 2959 510 3011 tenuit
557 2958 768 3015 fornax.
807 2961 1009 3017 Deinde
1053 2979 1174 3018 cum
1208 2965 1420 3021 ﬂamma
1474 2983 1741 3025 cessasset

154 3056 208 3098 et
240 3053 437 3098 essent
467 3049 520 3100 in
549 3049 784 3103 cinerem
823 3051 1068 3107 dissoluti
1101 3055 1380 3120 carbones,
1410 3059 1562 3128 jubet
1593 3075 1733 3128 pra:-

157 3151 248 3190 ses
287 3137 594 3201 lictoribus,
644 3148 702 3193 ut
733 3140 984 3207 eﬂerant,
1017 3146 1062 3198 si
1105 3148 1236 3215 quid
1265 3149 1337 3202 sit
1371 3151 1636 3220 reliquum
1670 3168 1737 3207 ex

1843 2067 1986 2129 Ilmc,
2019 2079 2136 2132 quae
2171 2063 2252 2116 vel
2288 2061 2434 2128 ipsos
2461 2064 2711 2126 poterant
2793 2052 3000 2106 mollire
3028 2046 3254 2117 lapides,
3297 2042 3424 2096 red-

1842 2159 2042 2216 debant
2086 2154 2368 2226 prtesidcm
2404 2151 2681 2204 duriorem
2719 2164 2734 2200 :
2768 2154 2822 2199 et
2873 2145 3083 2197 leonem
3131 2150 3320 2192 rursus
3370 2133 3423 2185 in

1843 2245 2292 2320 ipsumimmittit.
2319 2243 2412 2297 Ille
2444 2246 2914 2308 autem,qnantum
2939 2233 3026 2301 qui
3049 2233 3424 2323 praecesserat,

1841 2344 2102 2399 cﬂ'eratus
2144 2340 2318 2394 fuerat
2352 2337 2408 2390 in
2465 2333 2690 2404 impium
2722 2329 3014 2386 theatrum,
3049 2330 3105 2376 et
3138 2321 3216 2372 eis
3239 2321 3426 2411 quavis

1839 2437 2013 2486 morte
2033 2427 2194 2482 vitam
2215 2425 2468 2480 cﬂ‘ecerat
2485 2420 2840 2478 acerbiorem,
2867 2423 3075 2467 tantum
3096 2409 3184 2463 hic
3204 2409 3426 2461 accessit

1844 2523 1992 2578 mitis
2019 2529 2074 2575 et
2106 2526 2422 2572 mansuetus
2454 2522 2739 2581 martyrem
2772 2527 2784 2561 :
2818 2506 2954 2560 adeo
2989 2513 3045 2560 ut
3069 2505 3253 2559 multis
3277 2497 3426 2553 vide-

1844 2623 1993 2666 retur
2019 2611 2295 2664 immissus
2314 2621 2434 2661 esse
2465 2621 2492 2658 a
2515 2600 2744 2674 przeside
2771 2596 2836 2653 ad
2863 2614 2987 2653 eum
3013 2591 3425 2651 consolandum,

1840 2719 1948 2758 non
1991 2709 2170 2755 autem
2206 2701 2270 2754 ad
2301 2699 2659 2769 puniendum.

1911 2792 2053 2848 XVI.
2091 2791 2224 2847 Cum
2259 2791 2440 2859 itaque
2475 2804 2625 2858 spem
2665 2802 2878 2842 onmem
2928 2781 3216 2852 abjecisset
3253 2778 3429 2843 impu—

1841 2887 1976 2941 deus
2006 2886 2094 2939 ille
2127 2897 2349 2953 prmscs,
2371 2889 2520 2952 rogat
2565 2880 2855 2949 quemdam
2881 2891 2945 2930 ex
2975 2875 3041 2929 iis
3064 2873 3157 2943 qui
3197 2871 3244 2924 ei
3278 2882 3433 2939 pare—

1840 2978 1995 3043 bant,
2031 2977 2163 3030 utin
2195 2974 2434 3043 praeclari
2472 2974 2636 3041 hujus
2661 2968 2913 3040 martyris
2953 2967 3162 3020 viscera
3194 2963 3429 3016 ferreum

1840 3068 2020 3138 adigat
2064 3066 2379 3119 tridentem.
2442 3063 2506 3116 Et
2552 3065 2641 3117 ille
2702 3062 2920 3131 quidem
2983 3072 3106 3111 eum
3173 3052 3431 3108 ambabus

1841 3159 2089 3214 manibus
2109 3165 2323 3224 torquet
2343 3157 2396 3210 in
2419 3164 2722 3226 martyrem.
2747 3155 2945 3224 Martyr
2970 3160 3149 3206 autem
3169 3144 3431 3213 sanguine

155 3227 379 3282 ossibus
429 3229 701 3298 martyris.
720 3230 795 3284 Illi
835 3243 1014 3288 autem
1045 3251 1166 3289 cum
1199 3240 1473 3294 venissent
1511 3244 1577 3295 ad
1623 3245 1732 3298 for-
1773 3276 1816 3336 C
1863 3250 2137 3305 manantia
2172 3249 2274 3302 rem
2308 3247 2584 3308 intestina,
2623 3246 2754 3300 adeo
2795 3256 2852 3298 ut
2876 3243 3121 3313 quasdam
3155 3237 3347 3293 mulier
3369 3247 3433 3286 ex

155 3335 380 3387 nacem,
425 3321 572 3377 illius
623 3339 809 3381 vocem
834 3328 1411 3396 apertissimeaudinnt
1438 3333 1747 3392 Denmlau-

154 3413 411 3469 dantem.
455 3413 533 3470 Illi
568 3431 698 3472 vero
731 3420 976 3487 protinus
1034 3426 1258 3490 reversi,
1295 3425 1512 3482 Praesidi
1544 3445 1752 3486 renun-

156 3505 298 3560 tiant
317 3523 434 3560 rem
461 3509 605 3562 illam
619 3511 1011 3566 admirabilem.
1042 3515 1132 3568 Ille
1149 3533 1278 3572 vero
1305 3535 1322 3572 :v
1357 3518 1457 3574 Per
1476 3538 1752 3592 magnum.

154 3594 361 3666 inquit,
408 3596 784 3666 Serapionem,
814 3611 868 3654 et
917 3604 1049 3657 alios
1081 3622 1272 3661 omnes
1323 3611 1478 3676 deos,
1525 3615 1624 3667 hoc
1665 3631 1752 3675 est

153 3697 348 3755 aperte
381 3687 680 3743 incantalio
698 3699 751 3744 et
783 3693 1081 3764 praestigize.
1114 3695 1174 3747 Et
1201 3698 1363 3751 multa
1388 3700 1489 3753 alia
1522 3715 1754 3774 nngatus

153 3788 244 3833 est
273 3779 551 3836 adversus
579 3782 862 3837 veritatem
892 3801 908 3839 :
944 3787 1075 3841 adeo
1097 3798 1211 3842 erat
1248 3793 1492 3847 attonitae
1521 3805 1575 3849 et
1599 3797 1756 3866 plane

157 3882 363 3927 emota
403 3874 625 3928 mentis.
657 3873 894 3944 Populus
921 3887 1124 3938 autem.
1158 3881 1487 3952 quicunque,
1513 3885 1754 3956 inquam,

155 3965 452 4035 paululum
493 3974 740 4032 poterant
800 3969 995 4022 intueri
1030 3971 1099 4023 ad
1157 3973 1461 4037 veritatem,
1500 3991 1626 4030 cum
1655 3995 1756 4034 nec

153 4054 298 4122 ignis
321 4055 638 4124 vestigium,
674 4071 850 4125 neque
909 4059 1071 4114 ullam
1102 4060 1380 4132 fuliginem
1417 4052 1755 4136 aspexissent

156 4148 302 4202 ferre
359 4145 648 4212 athletam,
718 4149 860 4204 illius
897 4150 1066 4207 Deum
1100 4153 1413 4224 laudabant,
1447 4167 1501 4214 et
1543 4160 1594 4215 ei
1651 4163 1755 4218 soli

157 4239 527 4294 ascribebant
545 4238 890 4294 miraculum.

235 4332 353 4387 XV.
392 4332 637 4388 Stolidus
669 4343 851 4388 autem
873 4348 1089 4405 pmses,
1121 4346 1405 4408 postquam
1437 4356 1502 4395 ex
1536 4341 1756 4398 fornace

163 4443 364 4483 rursus
428 4428 599 4480 astitit
657 4435 858 4497 martyr
907 4443 1069 4484 sanus
1123 4438 1177 4484 et
1204 4431 1385 4485 salvus
1431 4443 1557 4487 ante
1614 4433 1757 4489 illius

162 4519 434 4580 tribunal,
472 4535 594 4571 cum
615 4532 716 4572 nec
733 4518 852 4584 ejus
870 4521 1086 4586 quidem
1111 4523 1277 4588 pilum
1308 4524 1446 4594 ignis
1464 4526 1752 4596 attigisset,

1855 3341 1922 3393 iis
1951 3355 2067 3406 quae
2107 3339 2382 3391 benevolze
2417 3347 2573 3390 erant
2610 3337 2951 3406 martyribus.
3005 3347 3163 3401 quant
3194 3327 3435 3398 primum

1857 3445 2163 3492 accurrens.
2199 3439 2407 3484 cratere
2460 3437 2640 3500 guttas
2675 3428 2954 3499 sanguinis
3003 3421 3323 3491 susceperit,
3380 3422 3436 3469 et

1856 3525 2010 3579 laetus
2040 3523 2340 3595 ingreditur
2381 3537 2476 3592 per
2535 3523 2774 3576 medium
2821 3523 3090 3572 theatrum
3131 3533 3145 3580 ;
3185 3523 3428 3580 magnam

1857 3616 2001 3671 enim
2032 3630 2062 3668 a
2099 3617 2328 3670 vinculis
2372 3615 2717 3669 securitatem
2753 3610 3026 3683 praebebat
3057 3607 3103 3661 ei
3147 3605 3289 3665 ﬁnis.
3345 3599 3435 3669 qui

1858 3724 1980 3760 mox
2017 3706 2450 3775 exspectabatur,
2500 3714 2556 3758 et
2604 3706 2881 3775 egreditur
2920 3703 3079 3755 Ianus
3133 3715 3162 3752 e
3196 3697 3436 3753 civitate,

1859 3813 2048 3862 onere,
2081 3797 2224 3865 quod
2267 3797 2528 3868 gestabat.
2575 3795 2678 3851 sibi
2741 3795 2959 3865 placens
3000 3793 3129 3846 dum
3177 3791 3438 3842 internam

1859 3899 2072 3943 natura:
2148 3888 2604 3955 compositionem
2687 3887 2742 3941 in
2817 3885 3068 3940 manibus
3129 3876 3441 3935 suavissime

1859 3977 2293 4042 circumferebat,
2327 3985 2387 4030 ut
2413 3979 2500 4046 qui
2525 3981 2806 4046 gauderet,
2829 3977 2969 4044 quod
2987 3991 3049 4028 ea
3073 3975 3260 4026 oblata
3286 3979 3432 4021 esset

1859 4071 2037 4128 hOStia
2073 4071 2123 4124 ei
2151 4070 2244 4139 qui
2283 4068 2632 4131 formaverat,
2672 4075 2726 4121 et
2774 4075 2926 4137 grato
2988 4065 3170 4119 animo
3231 4059 3443 4115 reddita

1858 4173 2004 4220 esset
2034 4164 2084 4217 ei
2103 4162 2193 4232 qui
2213 4161 2454 4216 dederat.
2474 4161 2607 4215 Cum
2627 4175 2754 4230 ergo
2774 4161 2882 4214 duo
2903 4159 3075 4214 stadia
3098 4155 3440 4228 pervasisset.

1858 4263 1912 4309 et
1933 4253 2154 4307 Christo
2187 4254 2526 4321 agonotbem
2556 4251 2728 4303 visum
2768 4260 2915 4304 esset
2948 4266 3073 4304 eum
3134 4248 3263 4302 satis
3296 4245 3442 4300 labo-

1860 4359 2029 4408 rasse,
2059 4342 2325 4396 recumbit
2349 4341 2401 4394 in
2430 4340 2662 4410 quadam
2717 4340 2991 4409 spelunca,
3037 4348 3091 4392 et
3143 4338 3337 4406 aSpicit
3375 4333 3442 4386 ad

1863 4450 1977 4497 eas,
2010 4448 2129 4502 qua:
2181 4433 2292 4486 illic
2345 4439 2493 4496 sunt,
2543 4444 2794 4484 coronas.
2844 4427 2958 4482 Vox
2985 4437 3168 4482 autem
3213 4426 3442 4493 desuper

1865 4525 2094 4590 exstitit,
2135 4538 2333 4577 vocans
2395 4522 2656 4575 athletam
2697 4521 2762 4575 ad
2798 4530 2999 4574 aeterna
3055 4519 3142 4572 illa
3196 4517 3448 4570 taberna-

157 4622 358 4681 longas
389 4610 448 4662 in
480 4624 604 4662 eum
622 4608 812 4663 eﬂ'udit
833 4625 1022 4680 nugas,
1061 4626 1186 4666 eum
1221 4614 1541 4668 insimulans
1567 4618 1755 4686 magiae
1790 4632 1830 4683 ο
1859 4615 1978 4667 cula
2003 4625 2057 4666 et
2083 4612 2323 4679 Dl‘tl‘lllla,
2385 4611 2454 4664 ad
2500 4625 2627 4664 eum
2678 4611 2769 4680 qni
2801 4610 2908 4663 illic
2959 4617 3039 4662 est
3078 4608 3444 4676 splendorem,

157 4713 216 4756 et
241 4700 529 4766 veneficii,
561 4709 616 4755 et
651 4702 770 4757 hac
805 4718 1002 4758 vocans
1050 4703 1404 4759 daemoniaca.
1445 4705 1542 4760 Ille
1566 4717 1750 4762 autent

157 4812 230 4852 ne
254 4809 533 4867 reSponso
562 4795 781 4865 quidem
842 4810 966 4850 eum
1007 4808 1090 4851 est
1122 4797 1390 4868 dignatus.
1427 4798 1493 4854 Et
1557 4817 1751 4870 prmses

157 4889 386 4958 quidem
429 4901 556 4939 eum
613 4887 837 4940 deduxit
892 4887 958 4940 ad
1019 4896 1309 4952 certamen,
1372 4887 1635 4952 futurum,
1697 4899 1755 4944 ut

158 4979 416 5048 putabat.
486 4991 696 5029 cmuam
760 4976 971 5032 bestiis.
1037 4978 1129 5031 Ille
1189 4989 1366 5032 autem
1425 4983 1754 5049 sequebatur

157 5068 489 5124 subridens.
529 5065 593 5121 Et
623 5068 678 5120 in
710 5078 996 5137 martyrem
1052 5066 1270 5137 quidem
1325 5068 1599 5124 immissus
1648 5072 1749 5124 fuit

159 5161 394 5230 pardus,
432 5167 491 5214 et
518 5173 698 5214 savus
748 5175 927 5218 ursus.
979 5159 1084 5214 Sed
1151 5175 1312 5216 ursus
1356 5162 1572 5230 quidem
1622 5177 1748 5218 eum

1855 4713 1910 4759 et
1941 4704 2184 4768 delicias,
2237 4704 2302 4758 ad
2357 4713 2496 4774 quas
2550 4701 2749 4757 transit
2776 4702 3045 4770 protinus,
3087 4700 3153 4751 ab
3201 4698 3308 4750 illis
3347 4710 3445 4749 cx-

1857 4806 2048 4866 ccptns
2099 4797 2343 4852 secundo
2407 4795 2612 4849 mensis
2689 4793 3044 4862 Septembris.
3081 4789 3228 4855 Quas
3285 4791 3444 4842 detur

1855 4890 2108 4944 Omnibus
2131 4891 2288 4945 nobis
2320 4891 2575 4951 consequi
2605 4887 2777 4958 gratia
2801 4897 2856 4941 et
2878 4886 3211 4956 benignitate
3233 4878 3443 4936 Domini

1859 4981 2030 5036 nostri
2062 4976 2188 5037 Jcsu
2219 4982 2442 5044 ChriSti,
2462 4995 2716 5048 cumquo
2747 4979 2889 5038 Patri
2911 4977 3068 5033 simul
3103 4991 3226 5030 cum
3253 4980 3442 5029 sancto

1861 5073 2062 5143 Spiritu
2095 5073 2282 5144 gloria,
2315 5073 2487 5127 honor
2516 5084 2571 5127 et
2621 5072 2884 5143 potentia,
2938 5084 3085 5125 nunc
3109 5077 3165 5125 et
3202 5079 3439 5138 semper,

1857 5176 1911 5221 et
1950 5165 2225 5221 iit-scccula
2266 5167 2610 5222 surculorum.
2659 5166 2849 5217 Amen.
