4158 6468
1976 413 2260 474 MENSIS
2301 414 2728 475 AUGUSTUS.

1926 764 2116 874 MA
2137 764 2796 879 RTYRIUM

745 1006 1900 1168 SANCTOBUM
1995 1011 2563 1166 PAULI
2678 1011 2922 1162 ET
3036 1012 3964 1168 JULIANfE.

1366 1272 1375 1280 ’
1421 1283 1555 1357 QUI
1606 1281 1810 1342 APUD
1860 1278 2127 1341 URBEM
2174 1280 2766 1342 PTOLEMAIDEM
2811 1281 3031 1342 PASSI
3078 1280 3306 1345 SUNT.

1241 1448 1438 1509 (latine
1466 1449 1594 1509 apud
1631 1447 1827 1496 Surium
1850 1448 1908 1495 ad
1940 1447 2072 1496 diem
2102 1446 2153 1494 Π
2188 1444 2424 1505 Augusti.
2461 1471 2521 1482 —-
2547 1445 2715 1494 Graece
2747 1458 2842 1493 non
2878 1453 3039 1496 exstat
3066 1451 3111 1496 in
3144 1462 3262 1498 mss.
3297 1448 3481 1513 Paris.)

818 1807 857 1860 l.
881 1802 1206 1858 Aurelianus
1227 1800 1631 1866 imperatorper
1651 1804 1819 1849 totum
1839 1794 2025 1848 orbem
2048 1801 2308 1847 terrarum
2341 1775 2389 1835 Α
2424 1787 2785 1856 Principatus,
2831 1803 2938 1840 non
2981 1787 3302 1851 Potestates,
3329 1802 3434 1839 non
3464 1786 3718 1850 Virtutes,
3741 1804 3848 1842 non
3868 1790 4001 1844 Che-

745 1904 930 1952 contra
948 1889 1284 1946 Christianos
1307 1885 1537 1940 edictum
1556 1882 1856 1953 proposuit,
1876 1893 2134 1934 utomnes
2155 1880 2312 1937 idolis

746 1987 1132 2045 sacrificarent:
1191 1981 1283 2052 qui
1328 1995 1452 2034 vero
1508 1979 1556 2031 id
1596 1976 1776 2031 facere
1843 1975 2172 2037 noluissent.
2207 1975 2313 2028 vita

747 2081 980 2153 pessime
995 2080 1356 2148 privarentur.
1391 2072 1484 2127 Ille
1513 2069 1670 2138 igitur
1702 2082 1823 2120 cum
1852 2065 1904 2118 in
1935 2064 2191 2118 Isauriam
2225 2080 2319 2120 vc-

748 2172 941 2228 uisset.
963 2169 1016 2221 in
1056 2166 1237 2219 urbem
1273 2158 1657 2214 Ptolemaidem
1687 2171 1745 2210 se
1763 2155 2014 2218 contulit,
2038 2162 2097 2208 ut
2127 2168 2320 2207 omnes

748 2260 1090 2315 Christianos
1119 2262 1337 2319 cogeret
1368 2250 1526 2305 idolis
1557 2263 1708 2302 saera
1770 2248 1967 2300 facere.
2025 2245 2158 2298 Cum
2192 2260 2321 2297 vero

749 2350 1097 2407 beatissimus
1125 2345 1320 2399 Paulus
1348 2357 1450 2395 una
1489 2356 1609 2393 cum
1641 2354 1826 2390 sorore
1855 2352 1948 2389 sua
1969 2336 2189 2388 Iuliana
2215 2336 2326 2386 im-

751 2450 944 2514 perato
967 2455 1077 2492 rem
1113 2440 1164 2491 in
1203 2435 1390 2489 urbem
1432 2431 1820 2501 ingredientem
1850 2427 2092 2487 vidisset,
2125 2424 2325 2478 Christi

751 2533 906 2600 signo
943 2529 1168 2580 frontem
1219 2521 1443 2582 notavit,
1482 2529 1534 2572 et
1585 2517 1649 2570 ad
1711 2527 1951 2568 sororem
2010 2529 2327 2577 conversus,

752 2623 902 2681 l'lsto,
938 2620 1131 2688 inquit,
1157 2619 1299 2673 bono
1332 2617 1534 2675 animo,
1556 2626 1710 2666 soror
1737 2623 1873 2667 mea.
1900 2621 2074 2674 neque
2100 2608 2330 2675 timeas;

754 2712 878 2765 dico
958 2711 1101 2762 enim
1169 2707 1261 2760 tibi
1315 2717 1563 2773 magnam
1623 2699 1912 2769 quamdam
1977 2699 2332 2750 tentationcm

755 2798 1087 2856 Christianis
1113 2797 1420 2850 imminere.

823 2894 886 2949 ll.
913 2893 1053 2947 Vidit
1080 2890 1422 2949 Aurelianus.
1441 2904 1562 2942 cum
1588 2886 1785 2940 Paulus
1803 2881 2004 2938 Christi
2026 2881 2177 2948 signo
2197 2879 2341 2930 fron-

755 2995 866 3039 tem
915 2981 1144 3042 notavit,
1177 2989 1232 3033 et
1275 2980 1425 3033 misit
1454 2977 1545 3045 qui
1591 2977 1740 3028 illum
1782 2973 2141 3039 corriperent.
2170 2967 2339 3033 Quem

756 3089 879 3129 cum
918 3072 969 3126 in
1002 3072 1176 3126 media
1206 3070 1359 3124 turba
1397 3077 1542 3123 stare
1584 3065 1855 3136 jussisset,
1894 3061 2217 3125 Miserrime,
2251 3062 2331 3113 in-

757 3166 895 3236 quit,
923 3165 1105 3226 homo,
1133 3163 1389 3230 quidnam
1427 3159 1519 3213 tibi
1553 3156 1902 3227 proposuisti,
1943 3163 2000 3208 nt
2031 3154 2325 3207 menrbem

760 3255 1102 3325 ingrediente
1136 3253 1370 3306 frontem
1403 3252 1618 3322 signare
1669 3249 1899 3301 auderes
1929 3247 1944 3298 .’
1973 3249 2053 3303 An
2111 3245 2329 3314 ignoras

759 3347 996 3400 edictum
1025 3352 1212 3398 contra
1249 3343 1591 3396 Christianos
1634 3335 1997 3408 propositum9
2037 3335 2332 3404 Respondit

761 3433 998 3487 Paulus:
1029 3431 1218 3484 Audivi
1254 3430 1502 3498 equidem
1534 3427 1766 3484 edictum
1822 3434 1993 3481 tuum.
2024 3422 2118 3474 sed
2174 3434 2334 3471 nemo

763 3539 1000 3594 unquam
1039 3522 1238 3592 poterit
1264 3529 1472 3574 tantum
1517 3519 1764 3571 timorem
1804 3516 1961 3566 nobis
1994 3513 2238 3577 injicere,
2276 3518 2337 3561 ut

762 3616 1044 3670 Christum
1109 3627 1298 3666 verum
1357 3611 1522 3663 Deum
1579 3609 1906 3677 ahnegemus
1953 3604 2137 3667 luam;
2193 3603 2335 3656 enim

768 3715 1032 3761 tormenta
1069 3703 1253 3773 brevia
1285 3710 1634 3772 sunt,neqne
1686 3716 1780 3754 eos
1840 3700 2036 3753 lzedere
2092 3706 2335 3767 possunt.

768 3800 861 3869 qui
886 3799 1052 3852 Deum
1108 3805 1378 3849 metuunt.
1413 3796 1480 3845 At
1535 3794 1626 3844 Dei
1661 3800 1950 3851 tormenta,
2014 3791 2342 3856 sempiterna

767 3891 856 3943 illa
878 3897 1022 3942 sunt.
1045 3887 1244 3941 Eodem
1277 3884 1436 3938 modo
1469 3882 1713 3950 voluptas
1731 3890 1783 3934 et
1805 3881 1992 3951 gloria,
2021 3895 2178 3950 quam
2206 3879 2345 3933 Deus

769 3980 1199 4034 Christianorum
1219 3979 1399 4047 generi
1437 3977 1663 4044 largitur
1688 3986 1861 4029 aitena
1889 3983 1991 4032 est.
2029 3973 2161 4038 Quis
2186 3973 2346 4040 igitur

773 4081 877 4126 tam
897 4086 1079 4124 amens
1097 4078 1251 4122 estut
1271 4070 1540 4120 viventem
1563 4066 1728 4117 Deum
1743 4065 2102 4130 derelinquat,
2121 4075 2170 4114 et
2187 4064 2348 4114 surda

772 4172 931 4231 atque
952 4173 1097 4214 muta
1120 4161 1216 4212 ista
1239 4168 1414 4211 vestra
1439 4156 1577 4211 idola
1616 4155 1793 4212 colere
1815 4155 1958 4218 velit,
1984 4169 2104 4207 cum
2123 4155 2232 4222 ipse
2257 4170 2352 4206 au-

774 4265 889 4312 ctor
905 4261 1101 4307 nostr-.e
1125 4251 1310 4304 salutis
1353 4248 1599 4304 Christus
1616 4248 1773 4303 Jesus
1795 4247 2008 4301 dixeritI
2029 4245 2352 4314 :Quicunque

776 4344 1038 4413 negaverit
1100 4356 1178 4393 me
1220 4354 1399 4391 coram
1442 4339 1753 4398 hominibus,
1800 4340 1996 4405 negabo
2035 4345 2079 4387 et
2098 4352 2188 4405 ego
2238 4352 2352 4387 eum

777 4449 956 4487 coram
999 4431 1211 4483 Patrem
1241 4447 1319 4493 eo,
1348 4430 1435 4498 qui
1468 4429 1519 4480 in
1543 4427 1681 4480 caelis
1704 4428 1826 4480 est?

848 4521 938 4575 111.
971 4520 1184 4582 Cernis,
1211 4514 2017 4587 inquit,Aurelianus,quandiu
2054 4526 2103 4569 te
2134 4531 2344 4585 nugari-

780 4625 885 4670 tem
923 4630 1116 4683 passus
1150 4628 1267 4666 sum
1291 4628 1352 4664 ae
1392 4610 1648 4663 sustinui?
1700 4609 1911 4663 Accede
1960 4610 2092 4679 jam,
2133 4618 2188 4662 et
2243 4608 2346 4661 diis

781 4690 1048 4768 sacrifica,
1085 4720 1151 4757 ne
1197 4703 1431 4771 pessimo
1459 4703 1648 4755 mortis
1674 4717 1870 4770 genere
1901 4701 2254 4753 cousumaris.
2284 4703 2350 4752 At

784 4796 1005 4850 Paulus:
1038 4796 1147 4866 Ego
1188 4795 1394 4846 nullum
1426 4793 1589 4845 alium
1622 4793 1789 4846 Deum
1822 4792 2070 4863 Cognovi,
2099 4792 2200 4843 nisi
2245 4790 2350 4843 Do-

787 4884 992 4935 minum
1039 4882 1222 4934 Jesum
1258 4880 1557 4940 Christum,
1587 4896 1745 4949 quem
1789 4879 1930 4932 colui
1983 4894 2198 4947 semper
2228 4877 2351 4930 inde

790 4987 957 5041 usque
982 4989 1009 5024 a
1042 4974 1287 5041 patrihus
1311 4971 1444 5025 meis
1464 4987 1599 5039 puro
1621 4972 1782 5023 corde
1800 4980 1960 5037 atque
1985 4973 2187 5022 animo.
2216 4970 2351 5021 Tum

788 5065 1113 5118 Aurelianus
1155 5064 1331 5118 dixit:
1399 5063 1721 5132 SUSpendite
1751 5063 2025 5117 hominem
2075 5065 2256 5124 istum,
2301 5073 2356 5116 et

790 5157 986 5210 acriter
1016 5165 1281 5224 torquete,
1319 5154 1489 5209 donec
1513 5155 1720 5209 venerit
1774 5154 2032 5208 Dominus
2075 5153 2267 5222 ipsius,
2302 5160 2356 5205 et

793 5248 1151 5300 cumliheret.
1181 5243 1596 5312 Suspenderunt’
1653 5243 1813 5313 igitur
1842 5244 1987 5296 illum
2051 5244 2352 5306 carnifices,

794 5350 850 5394 et
879 5323 1205 5395 cruciatibus
1221 5338 1454 5407 afﬂigere
1487 5347 1788 5406 cmperunt.
1814 5337 2054 5406 Cumque
2088 5336 2354 5407 afﬂigere-

797 5443 906 5496 tur,
931 5445 1063 5484 voce
1101 5443 1293 5496 magna
1325 5429 1488 5485 Deum
1511 5431 1792 5490 invocans,
1845 5428 2073 5480 dicebat:
2109 5427 2355 5487 Domine.

798 5521 923 5574 Jesu
946 5519 1179 5582 Christe,
1204 5531 1327 5569 vera
1353 5515 1443 5569 Dei
1473 5516 1580 5569 veri
1607 5525 1658 5569 et
1681 5516 1853 5569 Patris
1873 5516 2173 5585 progenies.
2203 5517 2358 5583 cujus

797 5615 974 5660 ortum
992 5619 1150 5658 nemo
1180 5602 1638 5674 comprehendere
1664 5613 1857 5672 potest.
1879 5619 1984 5656 non
2011 5606 2218 5673 Angcii,
2249 5623 2356 5660 non

801 5697 1140 5764 Archangeli.
1172 5711 1277 5749 non
1335 5696 1560 5763 Throni,
1602 5712 1710 5752 non
1769 5698 2186 5765 Dominationes,
2250 5719 2354 5758 non

909 5841 922 5870 ‘
958 5838 1236 5903 Iattli...\‘,
1264 5841 1349 5895 23.
1431 5844 1448 5870 '
1481 5840 1495 5892 Ι
1532 5837 1670 5892 Tim.
1711 5856 1765 5904 ιι,
1798 5841 1850 5892 .l.

2381 4455 2424 4520 C

2420 1880 3053 1948 rubini,autSeraphini,
3104 1880 3201 1933 nisi
3221 1879 3374 1933 Pater
3392 1880 3652 1944 solus;tu.
3686 1879 4006 1948 inquam,af—

2421 1973 2557 2026 feras
2574 1986 2728 2040 opem
2745 1972 2872 2024 mihi
2898 1972 3081 2025 humili
3098 1980 3151 2026 et
3165 1973 3372 2041 abjecto
3394 1988 3550 2026 servo
3573 1981 3663 2025 tuo
3679 1982 3734 2026 et
3755 1988 3817 2025 ex
3846 1973 4007 2031 inani.

2421 2062 2520 2116 bus
2548 2063 2820 2116 Aureliani
2847 2079 2930 2117 me
2954 2063 3170 2117 liberes.
3192 2063 3333 2118 Deus
3350 2074 3525 2118 autem
3543 2065 3874 2132 protinusita
3894 2081 4009 2117 crn-

2423 2154 2598 2207 ciatus
2622 2152 2741 2206 illos
2763 2154 2906 2206 leves
2925 2153 3126 2212 etl‘ecit,
3151 2163 3208 2206 ut
3229 2154 3416 2206 beatus
3452 2154 3646 2206 Paulus
3666 2156 3742 2207 nil
3761 2155 4004 2207 sentiret-

2495 2241 2582 2293 IV.
2617 2241 2811 2292 Sancta
2841 2256 2966 2297 vero
2995 2240 3195 2292 Christi
3221 2256 3420 2308 sponsa
3455 2239 3666 2294 Juliana
3693 2281 3707 2304 ,
3734 2257 3860 2294 cum
3904 2241 4004 2295 fra-

2430 2341 2561 2384 trem
2579 2346 2733 2384 suum
2760 2331 2829 2382 ita
2855 2330 3079 2382 cruciari
3107 2331 3326 2384 vidisset
3347 2371 3360 2391 ,
3386 2335 3627 2384 cucurrit
3657 2332 3724 2384 ad
3754 2334 4007 2397 tribunal,

2430 2431 2482 2476 et
2529 2437 2655 2474 voce
2681 2437 2867 2490 magna
2900 2422 3156 2475 clamans:
3188 2423 3472 2475 Aureliane
3495 2423 3712 2491 ,inquit.
3758 2433 4002 2492 tyranne,

2433 2529 2528 2568 cur
2593 2514 2663 2567 ita
2700 2514 2996 2569 crudeliter
3030 2514 3247 2571 fratrem
3285 2531 3463 2567 meum
3508 2517 3861 2570 innocentem
3891 2532 4007 2570 cru-

2434 2607 2570 2660 cias?
2605 2607 2740 2659 'l'um
2771 2607 3090 2660 Aurelianus
3116 2624 3126 2658 :
3161 2606 3398 2672 Detegite
3427 2623 3548 2660 mox
3587 2609 3744 2662 iStius
3773 2608 4010 2661 mulieris

2437 2708 2624 2766 caput,
2651 2706 2706 2750 et
2729 2698 2849 2764 ejus
2890 2714 3054 2766 genas
3080 2698 3431 2751 Vehementer
3484 2701 3771 2767 percutite.
3829 2715 3894 2751 ne
3939 2701 4009 2752 sic

2442 2797 2645 2842 temere
2680 2790 2966 2858 loquatur:
3035 2791 3194 2842 istum
3238 2805 3365 2841 vero
3409 2791 3684 2843 nefarium
3740 2791 4009 2844 hominem

2442 2891 2756 2936 constanter
2778 2883 3038 2943 cruciate,
3073 2897 3138 2935 eo
3172 2881 3313 2949 quod
3351 2880 3575 2942 Christi,
3642 2897 3807 2950 quem
3865 2883 4009 2943 dirit,

2446 2974 3286 3044 patrociniumetadjumentum
3353 2987 3410 3025 se
3480 2972 3675 3025 habere
3739 2974 3837 3025 ait.
3887 2971 4012 3025 Risit

2445 3068 2655 3120 Juliana
2685 3107 2697 3127 ,
2734 3078 2808 3122 et:
2843 3067 3242 3134 Miror.inquit,
3275 3066 3547 3133 quomodo
3571 3067 3865 3132 imperator
3899 3080 4011 3118 eum

2431 3161 2527 3218 sis.
2547 3161 2760 3223 deliras.
2789 3175 2959 3229 neque
2984 3161 3274 3228 potentiam
3299 3159 3498 3213 Christi
3520 3160 3822 3226 cognoscis,
3839 3172 4015 3224 quem-

2432 3251 2720 3303 admodum
2760 3250 2963 3306 scilicet
3011 3259 3274 3304 tormenta
3353 3248 3434 3299 his
3499 3246 3852 3306 hominibus,
3933 3229 4015 3312 qui

2434 3357 2554 3395 eum
2600 3343 2868 3401 invocant,
2931 3340 3152 3391 leviOria
3216 3337 3394 3388 efficit.
3432 3338 3757 3390 Aurelianus
3785 3337 3851 3388 ad
3891 3351 4014 3390 suos

2438 3445 2750 3493 conversus,
2786 3430 2919 3481 dixit
2955 3444 2969 3480 :
3008 3427 3313 3481 Muliercula
3347 3428 3444 3478 ista
3480 3442 3542 3480 ex
3587 3441 3702 3477 mea
3732 3425 4017 3478 clementia

2440 3523 2695 3590 majorem
2722 3523 2770 3574 in
2797 3521 3009 3574 modum
3029 3521 3166 3574 elata
3190 3530 3306 3588 est;
3339 3521 3517 3588 itaque
3540 3519 3679 3571 illam
3708 3528 3866 3572 torve
3884 3519 4020 3572 intu-

2440 3629 2558 3667 ens:
2600 3614 2830 3674 Accede,
2863 3612 3056 3680 inquit,
3087 3621 3142 3665 et
3175 3612 3277 3664 diis
3323 3612 3564 3673 immola,
3595 3626 3702 3664 non
3737 3611 3885 3663 enim
3917 3625 4020 3662 ma-

2445 3722 2544 3758 nus
2572 3719 2716 3758 meas
2769 3713 2818 3756 te
2865 3717 3152 3758 evasuram
3213 3703 3484 3757 conlidere
3533 3702 3719 3761 debes.
3771 3703 3852 3754 Ad
3913 3701 4019 3753 haec

2443 3794 2673 3845 Juliana:
2717 3794 2822 3862 ligo
2860 3807 3032 3860 neque
3071 3801 3158 3844 tua
3185 3799 3446 3844 tormenta
3477 3791 3794 3851 extimesco,
3852 3807 4019 3863 neque

2450 3884 2621 3937 minas
2672 3891 2790 3936 tuas
2847 3881 2913 3937 ad
2945 3897 3030 3935 me
3084 3881 3360 3950 pertinere
3405 3883 3636 3935 arbitror
3695 3892 3834 3946 ;est
3887 3885 4021 3934 enim

2451 3974 2590 4030 Deus
2640 3976 2693 4029 in
2725 3976 2890 4036 caelis.
2934 3976 3022 4044 qui
3067 3976 3263 4044 poterit
3299 3980 3509 4044 eripere
3551 3991 3644 4030 nos
3685 3976 3753 4029 de
3815 3975 4017 4043 iniquis

2454 4065 2702 4116 inanibus
2735 4066 2858 4118 tuis.
2922 4065 3278 4134 Quaecunque
3311 4068 3472 4137 igitur
3509 4069 3675 4124 habes
3733 4068 4020 4136 torquendi

2456 4154 2837 4217 instrumenta,
2883 4157 3012 4207 mihi
3066 4159 3376 4219 admoveas,
3417 4169 3472 4211 ut
3523 4174 3587 4212 es
3624 4161 3709 4212 his
3764 4161 3900 4226 ipsis
3938 4160 4022 4212 liei

2455 4257 2509 4299 et
2541 4245 2834 4303 Salvatoris
2879 4244 3006 4298 Jesu
3054 4244 3257 4300 Christi
3306 4263 3463 4316 opem
3521 4248 3649 4301 mihi
3703 4263 4022 4317 praesentem

2461 4354 2578 4389 esse
2611 4353 2924 4406 cognoscas.

2537 4429 2596 4480 V.
2641 4429 2762 4481 Haec
2798 4431 2929 4482 dixit
2980 4428 3223 4488 Juliana.
3278 4429 3374 4485 Cui
3431 4431 3774 4485 Aurelianus:
3840 4431 4020 4496 Video.

2456 4522 2651 4590 inquit.
2687 4523 3143 4591 pulchritudinem
3190 4532 3338 4577 tuam
3376 4526 3533 4576 talem
3570 4541 3709 4584 esse.
3764 4536 3822 4578 ut
3884 4527 4022 4578 illius

2452 4615 2715 4668 rationem
2745 4614 2950 4666 habens
2980 4619 3028 4663 te
3054 4612 3281 4678 perdere
3310 4616 3498 4665 nolim.
3533 4615 3607 4665 Te
3633 4608 3799 4682 igitur
3831 4617 4024 4670 adhor-

2455 4717 2534 4762 tor
2578 4721 2634 4757 ιιι
2665 4705 2933 4758 sacrificos
2967 4719 3073 4771 quo
3134 4703 3425 4773 legitimam
3483 4703 3610 4755 inihi
3678 4719 3906 4758 uxorem
3959 4718 4021 4759 ti:-

2453 4798 2685 4864 deligere
2721 4795 2942 4864 possim,
2975 4806 3028 4849 et
3048 4811 3259 4848 mecum
3284 4811 3387 4847 una
3416 4809 3629 4863 regnes,
3655 4794 3891 4863 imperio
3915 4813 4024 4849 meo

2457 4886 2602 4938 omni
2642 4894 2882 4954 tempore
2911 4885 3094 4937 fruens
3140 4883 3457 4947 Quinetiam
3485 4884 3633 4935 fratri
3663 4892 3753 4937 tuo
3777 4885 4023 4951 iniuriam

2457 4977 2837 5042 cornpensaho,
2886 4987 2938 5026 et
2984 4974 3200 5034 faciam,
3239 4982 3296 5024 ut
3327 4974 3720 5039 amplissimum
3749 4976 4024 5043 dignitatis

2458 5068 2677 5132 gradum
2708 5064 2848 5132 apud
2885 5077 2969 5115 me
2996 5062 3208 5116 habeat.
3239 5059 3425 5116 Erexit
3457 5061 3668 5114 Juliana
3697 5064 3889 5118 oculos
3907 5081 4023 5123 suos

2461 5155 2511 5206 in
2545 5159 2764 5218 coelum,
2809 5164 2862 5207 et
2891 5153 3071 5207 crucis
3131 5154 3286 5221 signo
3315 5168 3439 5208 cum
3501 5153 3732 5206 frontem
3763 5166 4021 5217 notasset.

2460 5249 2595 5301 risit.
2629 5247 2724 5300 Cui
2752 5245 3092 5305 Aurelianus,
3131 5243 3260 5308 Cur,
3294 5243 3488 5311 inquit,
3520 5241 3730 5296 Iuliana
3753 5286 3766 5305 ,
3807 5249 4021 5298 multaut

2460 5337 2840 5407 benignitatem
2897 5350 3070 5411 meam
3097 5345 3481 5398 contemnens,
3520 5337 3712 5389 risisti?
3775 5337 3920 5399 Non,
3953 5343 4024 5389 ιη-

2459 5432 2572 5496 quit
2613 5430 2720 5490 illa,
2753 5428 3051 5496 contempsi
3083 5428 3472 5500 benignitatem
3499 5439 3642 5482 tuam
3673 5445 3686 5491 ;
3720 5429 3816 5481 sed
3857 5429 4018 5486 rideo.

2461 5522 2716 5589 gaudens,
2739 5520 2879 5586 quod
2899 5519 3140 5586 Sponsus
3156 5535 3309 5575 meus
3329 5523 3581 5583 coalestis,
3599 5523 3687 5589 qui
3715 5523 3826 5572 vult
3846 5535 4022 5571 omnes

2465 5614 2706 5666 homines
2724 5613 2898 5666 salvos
2924 5611 3038 5666 fieri
3066 5613 3106 5673 '.
3129 5611 3342 5667 sedetin
3363 5616 3497 5669 solio
3514 5625 3701 5669 saneto
3731 5629 3855 5676 suo,
3891 5612 4022 5678 ejus-

2463 5721 2562 5772 que
2618 5704 2913 5760 divinitatis
2967 5701 3421 5773 pulehritudinem
3478 5708 3862 5774 contemptor;
3945 5703 4019 5770 qui
