4158 6480
177 417 280 477 5Π

1094 415 1558 475 ΜΛΗἸῪΒΙΗΜ
1598 416 1703 475 SS.
1753 411 1982 477 PAULI
2024 415 2119 473 ET
2161 412 2533 474 JULIANAZ.

3355 407 3456 476 518

173 528 344 580 etiam
387 543 479 580 me
511 528 756 582 hortatur
793 536 848 582 ut
873 527 1169 582 certamina
1214 528 1323 597 ipsa
1379 529 1610 581 libenter
1643 543 1759 582 sus-
1796 531 1838 588 Α
1868 523 1983 580 lucc
1999 525 2190 583 Paulus
2207 525 2751 598 responditullinime
2769 540 2863 579 nos
2881 539 3166 594 possumus
3187 526 3453 582 viventem

177 620 416 681 tineam,
461 629 514 674 te
556 637 683 673 vero
717 635 976 692 nugacem
1012 627 1062 674 et
1097 619 1302 673 futilem
1335 621 1607 673 hominem
1638 636 1770 672 cou-

174 715 676 780 temnam.quippe
701 713 788 781 qui
826 727 948 766 cum
1004 721 1052 765 te
1098 714 1477 780 imperatorem
1510 712 1770 780 appellari

175 799 372 867 facias,
406 812 463 856 et
488 804 631 874 ligna
661 815 715 856 et
734 804 936 873 lapides
961 803 1172 857 adoras.
1198 803 1436 857 Audiens
1461 804 1573 856 haec
1601 805 1772 854 Aure-

171 891 386 952 lianus,
413 894 506 946 bili
565 899 804 964 percitus
843 915 853 948 :
883 894 1235 961 Susliendite,
1271 895 1463 961 inquit,
1490 893 1770 946 mulierem

171 984 364 1046 istam,
398 1001 628 1055 eamque
676 994 990 1040 constanter
1055 986 1316 1047 cruciate,
1392 994 1447 1038 ut
1508 984 1769 1053 intelligat

169 1088 230 1126 se
265 1086 404 1129 ante
451 1077 791 1145 imperatoris
843 1076 1078 1128 tribunal
1127 1078 1448 1130 consistere.
1484 1074 1771 1144 Coeperant

165 1163 284 1231 jain
331 1168 621 1220 carnifices
654 1167 795 1217 illaut
827 1167 1092 1231 cruciare,
1125 1183 1248 1218 cum
1277 1166 1475 1219 Paulus
1506 1167 1626 1235 ejus
1661 1167 1768 1219 fra-

167 1264 253 1307 ter
293 1271 420 1308 eam
455 1256 671 1310 intuens
701 1296 712 1316 ,
748 1256 823 1309 Ne
853 1258 1063 1319 timeas,
1099 1258 1289 1325 inquit,
1337 1271 1508 1317 soror,
1556 1257 1767 1326 tyranni

164 1352 457 1399 cruciatus
524 1362 694 1414 neque
726 1348 890 1415 ipsius
913 1351 1084 1400 minas
1107 1347 1770 1402 formides.Sustineamus

163 1439 479 1504 pauliSper,
517 1448 574 1491 ut
603 1450 870 1508 perpetuo
905 1441 1248 1507 requiescere
1279 1442 1572 1509 possimus.
1623 1440 1770 1494 lolli—

160 1526 274 1590 gitc
300 1527 453 1586 huic,
485 1529 653 1596 inquit
697 1530 1022 1586 Aurelianus
1048 1571 1061 1595 ,
1090 1533 1364 1586 cruciatus
1411 1533 1655 1586 assiduos
1695 1532 1771 1586 ei-

157 1629 267 1681 que
311 1616 609 1678 inculcate,
645 1619 713 1673 ne
753 1623 986 1689 superba
1018 1631 1072 1675 et
1122 1623 1279 1676 stulta
1317 1624 1474 1677 verba
1532 1624 1767 1678 etl'utiat-

158 1702 419 1756 Audiens
448 1707 562 1760 hac
586 1705 828 1772 Juliana,
875 1696 1072 1764 iterum
1113 1713 1255 1773 risit,
1285 1723 1336 1764 et
1367 1714 1770 1768 ait:Aureiiane

160 1800 402 1860 tyranne
427 1807 586 1863 atque
610 1798 810 1866 inique,
838 1801 1094 1854 Dominus
1126 1801 1281 1856 Iesus
1335 1803 1582 1857 Christus
1610 1805 1757 1868 facit,

1889 615 2176 670 Dominum
2223 619 2390 671 Deum
2423 619 2748 687 relinquere,
2785 617 2904 671 (ξαειί
2933 628 2987 670 et
3027 627 3183 672 terra
3239 628 3452 676 creato—

1880 709 2118 776 rem,qui
2139 724 2236 763 nos
2252 725 2281 762 e
2302 711 2540 765 tenebris
2572 709 2791 778 eripuit,
2813 718 2862 763 et
2887 724 2916 761 a
2939 708 3188 762 manibus
3210 709 3316 763 tuis
3334 725 3455 764 eos-

1878 799 1998 852 dem
2029 800 2289 854 liberavit.
2317 801 2600 870 l\'unquam
2623 800 2802 870 igitur,
2827 801 3115 857 Aureliane
3134 801 3446 869 imperator,

1876 890 2034 942 nobis
2082 893 2409 959 persuadere
2470 893 2692 959 poteris,
2753 890 3095 958 utlapidibus
3146 898 3200 944 et
3255 891 3452 948 statuis

1874 979 2093 1040 vestris,
2130 996 2279 1043 voce,
2328 979 2514 1034 auditu
2539 991 2594 1034 et
2635 980 2813 1033 anima
2862 981 3193 1042 carentibus,
3242 980 3448 1033 cultum

1875 1070 2234 1136 praebeamus.
2271 1071 2452 1139 Itaque
2492 1071 2561 1124 de
2597 1082 2790 1125 cetera
2819 1079 3082 1122 tormenta
3117 1084 3449 1139 quaeetinque

1875 1158 1976 1214 vis.
2021 1159 2175 1214 nobis
2220 1161 2526 1219 admoveas.
2554 1169 2612 1212 ut
2640 1159 2730 1213 Dei
2757 1159 2927 1212 nostri
2989 1158 3095 1210 vim
3132 1174 3446 1227 cognoscas.

1945 1249 2077 1302 Vlll.
2109 1250 2630 1306 .lussitAurelianus
2662 1253 2799 1306 duas
2847 1251 3056 1306 ferreas
3117 1252 3274 1304 sedes
3323 1252 3448 1305 illuc

1872 1339 2071 1402 atTerri,
2099 1352 2201 1394 etc
2232 1343 2436 1397 balneis
2460 1341 2692 1413 publicis
2723 1343 2990 1397 carbones
3016 1346 3253 1414 congeri,
3287 1355 3336 1398 et
3363 1361 3447 1398 se-

1871 1428 1966 1484 des
1993 1431 2110 1484 illas
2140 1433 2492 1489 vehementer
2515 1437 2770 1489 succendi
2800 1453 2813 1500 ;
2851 1451 3010 1488 suum
3044 1452 3170 1490 vero
3197 1436 3446 1490 abdomi-

1875 1539 1942 1578 ne
2003 1523 2161 1576 illitos
2214 1534 2482 1593 martyres
2547 1526 2692 1594 ipsos
2741 1541 2902 1594 supra
2944 1527 3237 1579 candentes
3291 1526 3446 1579 sedes

1875 1616 2098 1684 imponi.
2135 1616 2286 1680 Quod
2320 1631 2440 1669 cum
2469 1632 2590 1669 mox
2640 1617 2841 1671 factum
2879 1626 3021 1671 esset
3050 1635 3063 1670 :
3096 1617 3236 1682 Jam,
3268 1619 3444 1688 inquit

1875 1703 2220 1766 Aurelianus,
2247 1707 2452 1760 artibus
2503 1709 2694 1760 vestris
2727 1707 2980 1784 omnibus
3019 1709 3306 1776 superatis,
3341 1724 3440 1776 po-

1876 1797 2027 1850 testis
2081 1798 2314 1860 discere,
2368 1799 2616 1863 quisnam
2642 1801 2716 1852 sit
2769 1800 3095 1854 Aurelianus
3127 1801 3438 1869 imperator.

161 1892 220 1934 ut
253 1899 444 1949 neque
511 1886 738 1949 labores,
779 1902 953 1954 neque
1011 1898 1276 1942 tormenta
1318 1893 1443 1944 haec
1499 1892 1752 1945 sentiam.
1792 1865 1835 1922 Β
1868 1884 2058 1942 Veniat
2088 1906 2228 1945 nunc
2259 1890 2507 1944 Christus
2533 1900 2708 1945 vester
2733 1933 2748 1957 ,
2774 1892 2817 1944 si
2855 1901 3052 1959 potest,
3099 1903 3156 1948 et
3189 1894 3338 1949 vobis
3368 1893 3444 1946 la-

161 1969 323 2024 Tunc
348 1973 698 2039 Aurelianus,
741 1975 1020 2042 Quartivis,
1074 1979 1268 2048 inquit,
1350 1982 1545 2036 multas
1589 1998 1756 2053 nugas

159 2059 444 2126 eﬂ'undas,
481 2074 530 2116 et
559 2065 780 2119 simules
801 2078 850 2120 te
875 2069 1156 2122 cruciatus
1185 2086 1290 2123 non
1310 2072 1534 2134 sentire,
1564 2072 1754 2126 faciam

162 2162 377 2215 uolneri,
446 2165 504 2207 ut
569 2157 772 2209 diutius
829 2161 1126 2224 crucieris,
1185 2172 1239 2213 et
1293 2163 1569 2217 doloribus
1635 2181 1758 2219 suc-

158 2247 418 2296 cunibas.
481 2243 595 2297 Non
631 2248 790 2310 siuet,
822 2248 994 2315 inquit
1045 2250 1150 2313 illa,
1180 2250 1430 2304 Christus
1478 2256 1612 2321 ipse,
1667 2270 1753 2308 me

159 2348 413 2400 unquam
472 2345 584 2387 ate
651 2339 915 2404 superari.
973 2339 1065 2392 Illo
1123 2350 1223 2402 est,
1275 2342 1363 2410 qui
1410 2344 1542 2396 mihi
1594 2360 1750 2413 opem

156 2423 321 2476 aﬂert
344 2433 402 2478 et
433 2439 601 2488 nunc,
636 2434 687 2477 et
723 2444 936 2496 semper
981 2431 1045 2482 ad
1079 2429 1237 2484 linem
1273 2448 1437 2502 usque
1465 2435 1752 2502 cpitulabi-

160 2528 272 2582 tur,
316 2533 433 2586 quo
468 2519 636 2586 ipsius
666 2524 982 2589 potentiam,
1018 2534 1072 2574 et
1116 2535 1355 2576 nostram
1411 2526 1750 2583 Christiano-

158 2625 281 2662 rum
335 2611 658 2678 patientiam
701 2627 1025 2679 mguoseere
1072 2616 1267 2679 possis.
1323 2614 1396 2669 Te
1453 2632 1577 2670 vero
1637 2619 1750 2686 ipse

159 2699 309 2755 Deus
380 2717 540 2756 meus
571 2710 774 2754 aeterno
805 2704 909 2771 igni
946 2704 1178 2774 puniet;
1214 2708 1393 2777 exiget
1453 2708 1596 2765 enim
1631 2725 1658 2760 a
1696 2720 1746 2762 te

155 2791 380 2842 animas
414 2806 553 2857 quas
585 2792 885 2860 perdidisti.

231 2881 321 2936 Vl.
354 2881 456 2936 His
487 2884 665 2937 verbis
709 2885 880 2955 magis
916 2887 1120 2941 exarsit
1152 2889 1750 2965 Aurelianus,et-jnssit

154 2973 400 3026 lebclem
463 2974 644 3027 alIerri
671 3014 684 3038 ,
725 2990 786 3028 ac
821 2977 993 3043 piecm
1034 2978 1087 3030 in
1141 2996 1262 3031 eum
1311 2983 1526 3047 conjici,
1586 2992 1748 3050 atque

153 3067 341 3135 ignem
382 3069 613 3120 multum
640 3065 775 3117 infra
805 3066 1032 3120 lebetem
1080 3072 1324 3132 accendi,
1364 3072 1432 3124 ita
1469 3084 1525 3126 ut
1584 3090 1746 3129 nemo

152 3159 386 3226 propius
417 3157 674 3210 accedere
705 3167 906 3226 posset.
940 3159 1108 3214 Jussit
1147 3175 1323 3216 autem
1359 3167 1411 3216 in
1435 3167 1584 3222 illum
1614 3185 1745 3222 cou-

150 3251 237 3317 jici
267 3248 508 3300 l’aulum
548 3258 600 3302 et
629 3248 922 3305 Julianam.
959 3253 1063 3315 Qui
1087 3271 1206 3305 cum
1236 3256 1464 3308 fuissent
1486 3261 1738 3327 eonjecti,

151 3342 341 3393 oculos
384 3341 436 3393 in
463 3339 659 3395 cmlum
698 3346 989 3412 erigentes,
1018 3361 1078 3397 ac
1108 3355 1360 3415 tanquam
1395 3366 1501 3403 uno
1522 3353 1739 3405 eodem-

148 3446 252 3498 que
303 3448 405 3484 ore
435 3444 741 3501 precantes,
806 3435 917 3487 haec
976 3437 1254 3493 dicebant:
1307 3441 1532 3496 Domine
1601 3443 1741 3499 Deus

149 3537 368 3592 patrum
428 3537 764 3590 nostrorum,
821 3527 1108 3591 Abraham,
1146 3529 1289 3582 Isaac
1320 3532 1586 3597 ctJacob,
1648 3540 1739 3604 qui

149 3617 490 3671 descendisti
527 3619 576 3668 in
628 3617 901 3670 fornacem
940 3619 1076 3689 ignis
1106 3623 1170 3673 ad
1225 3621 1473 3687 Sidracli,
1533 3626 1736 3683 Misach

151 3719 206 3761 et
269 3709 578 3778 Abdenago
611 3709 665 3762 in
723 3705 1010 3780 Babylonis
1077 3713 1318 3784 regione,
1376 3732 1551 3788 neque
1612 3722 1730 3775 illos

151 3803 274 3872 igne
307 3802 433 3856 laedi
473 3803 798 3868 permisisti;
838 3815 913 3868 tu,
941 3806 1164 3864 Domine
1195 3809 1322 3863 Jcsu
1355 3810 1591 3878 Christe,
1649 3817 1736 3871 lux

152 3895 241 3947 illa
293 3895 588 3956 immensa,
622 3893 800 3948 Patris
840 3899 1152 3966 mysterium
1207 3911 1259 3953 et
1306 3904 1496 3970 gloria,
1532 3907 1736 3976 Deique

150 3987 410 4042 altissimi
435 3988 679 4051 dextera,
732 3988 825 4055 qui
859 3989 1018 4043 homo
1050 3993 1223 4046 laetus
1253 4007 1474 4066 propter
1505 4015 1731 4068 peccata

153 4087 364 4140 nostra,
402 4078 550 4130 inter
578 4078 830 4132 homines
867 4091 1112 4136 versatus
1141 4099 1221 4151 es,
1260 4089 1324 4140 da
1360 4091 1588 4146 salutem
1611 4094 1733 4147 ani-

152 4169 367 4235 mabus,
395 4183 537 4238 quas
564 4167 817 4224 inimicus
842 4171 1087 4230 diabolus
1124 4177 1426 4235 miserrime
1476 4183 1730 4253 deceptas

151 4269 205 4314 et
228 4271 547 4332 corruptas,
583 4277 755 4332 usque
780 4264 844 4318 ad
862 4263 1098 4320 intimam
1127 4278 1372 4325 tartareae
1398 4273 1540 4328 sedis
1574 4292 1732 4330 vora-

152 4355 332 4423 ginem
382 4355 681 4409 detrudere
732 4368 962 4412 conatur
1007 4377 1021 4414 :
1060 4364 1515 4429 quemadmodum
1551 4369 1731 4424 Aure-

149 4443 331 4500 lianus
383 4449 512 4507 iste,
563 4446 733 4513 ipsius
792 4447 991 4502 diaboli
1023 4450 1335 4520 discipulus,
1373 4470 1519 4510 nunc
1580 4458 1728 4517 facit.

1865 1975 2182 2032 borantibus
2213 1994 2367 2046 opem
2401 1981 2610 2034 aderat.
2646 1981 2941 2050 Respondit
2978 1984 3157 2035 statim
3197 1984 3443 2038 Aurelia-

1865 2085 1934 2124 no
1959 2069 2168 2125 .luliana
2197 2088 2210 2124 :
2239 2073 2530 2128 Nobiscum
2562 2075 2666 2128 hoc
2692 2076 2744 2128 in
2767 2075 3142 2130 locoChristus
3156 2086 3260 2141 est,
3285 2078 3439 2134 nobis

1862 2178 2020 2230 opem
2054 2164 2230 2226 aﬂert,
2254 2183 2427 2236 neque
2491 2168 2616 2221 sinit
2647 2169 2714 2221 ab
2747 2168 2866 2239 igne
2891 2185 2990 2223 nos
3014 2169 3180 2240 tangi.
3212 2171 3292 2226 Tu
3314 2188 3439 2229 vero

1863 2253 2013 2306 illum
2037 2272 2144 2308 non
2213 2259 2383 2320 vides,
2422 2275 2543 2311 cum
2576 2260 2695 2327 ejus
2767 2261 2976 2313 visione
3035 2263 3288 2330 indignus
3338 2265 3432 2316 sis.

1862 2343 2056 2396 Moneo
2114 2347 2522 2406 te,Aureliane,
2579 2357 2636 2400 ut
2682 2348 2946 2401 insaniam
2984 2348 3140 2402 istam
3195 2353 3432 2417 omittas,

1860 2444 1921 2488 et
1943 2437 2011 2491 ad
2041 2435 2315 2490 Christum
2349 2439 2598 2496 accedas,
2634 2455 2755 2491 nam
2784 2441 2826 2494 si
2853 2440 2901 2493 ei
2933 2441 3155 2495 credere
3174 2442 3431 2507 volueris,

1863 2535 1911 2579 te
1955 2530 2362 2596 resipiscentem
2397 2529 2780 2598 amplectetur,
2818 2547 2941 2584 cum
2976 2531 3245 2603 benignus
3275 2535 3343 2588 sit
3371 2550 3436 2588 ac

1859 2620 2192 2680 misericors,
2253 2631 2306 2673 et
2349 2625 2582 2675 humana
2629 2637 2847 2690 peccata
2895 2625 3183 2678 condonet.
3228 2629 3430 2690 Quodsi

1856 2722 1961 2760 non
2001 2711 2317 2774 credideris,
2345 2724 2551 2766 aeterno
2590 2716 2710 2784 igne
2737 2717 3001 2784 puoieris.

1927 2797 2016 2852 lX.
2050 2799 2214 2875 Magis
2243 2806 2411 2856 iratus
2440 2816 2522 2858 est
2549 2808 2891 2870 Aurelianus,
2951 2820 3005 2864 et
3044 2814 3207 2881 jussit
3253 2814 3432 2870 carni-

1860 2892 1983 2946 t‘ices
2019 2897 2192 2962 capite
2222 2899 2484 2959 truncari,
2523 2900 2676 2968 quasi
2711 2904 2969 2970 pecunias
3043 2919 3073 2956 a
3101 2906 3428 2963 Christianis

1857 2990 2285 3055 accepissentmt
2315 2991 2416 3044 illis
2446 3001 2752 3060 parcerent.
2783 2995 2915 3048 Cum
2945 3013 3069 3051 vero
3097 3000 3162 3052 ad
3198 3008 3426 3057 mortem

1855 3074 2253 3130 dedeiez'einur
2281 3083 2590 3148 carnitices,
2617 3086 2938 3141 hortabatur
2967 3106 3059 3144 eos
3094 3091 3292 3148 Paulus
3344 3097 3427 3150 bis

1803 3222 1817 3237 ε
1857 3170 2065 3222 verbis:
2104 3170 2278 3225 Nolite
2309 3173 2520 3237 timere,
2558 3191 2734 3245 neque
2765 3179 2912 3231 enim
2933 3181 2984 3232 in
3016 3192 3280 3237 internum
3313 3203 3428 3240 mo-

1803 3225 1817 3237 ι
2394 3225 2429 3226 η
2477 3225 2520 3237 _,
2558 3225 2732 3245 ---Ἰη
3016 3225 3280 3237 ............
3313 3225 3400 3240 ...ν

1778 3225 1816 3276 (’
1854 3257 2086 3323 riemini,
2117 3262 2210 3314 sed
2258 3273 2567 3319 sanctorum
2631 3269 2928 3338 participes
2972 3270 3134 3337 futuri
3181 3276 3333 3337 estis,
3370 3287 3428 3337 et

1842 3348 2078 3401 cwlestis
2103 3353 2245 3419 regni
2283 3354 2547 3408 haeredcs.
2575 3356 2696 3410 Haec
2742 3376 2861 3412 cum
2904 3364 3182 3419 audissent
3213 3371 3427 3423 carnifi-

1842 3453 1950 3501 ces,
1980 3443 2361 3506 constiterunt,
2395 3445 2464 3498 ita
2525 3445 2688 3502 Deum
2719 3460 2978 3507 orantes:
3014 3454 3237 3512 Domine
3292 3459 3421 3515 Jesu

1842 3532 2078 3590 Christe.
2112 3549 2269 3602 quem
2340 3535 2541 3592 Paulus
2570 3550 2625 3592 et
2649 3539 2860 3596 .luliaua
2881 3546 3202 3614 pradicant,
3230 3553 3419 3606 adesto

1841 3623 2014 3685 nobis,
2035 3632 2088 3675 et
2127 3626 2178 3677 in
2220 3630 2569 3685 confessione
2605 3642 2690 3686 tua
2723 3635 2807 3688 fac
2840 3652 2939 3690 nos
2980 3640 3245 3708 perfectos
3271 3659 3420 3708 esse,

1840 3714 2093 3782 quoniam
2124 3717 2259 3770 nihil
2301 3721 2424 3772 mali
2460 3721 2710 3782 fecimus,
2743 3734 2794 3778 et
2826 3731 3110 3785 morimur.
3147 3733 3268 3788 Haec
3294 3742 3415 3791 cum

1784 3873 1791 3876 _
1839 3803 2125 3871 dixissent,
2161 3809 2475 3865 obtruncati
2504 3823 2629 3867 sunt
2667 3814 2899 3874 .Eotum
2952 3821 3105 3887 alter,
3176 3824 3419 3890 Quadra-

1844 3908 1931 3953 tus
1965 3918 1977 3966 ;
2026 3901 2178 3966 alter,
2202 3905 2434 3960 Aeacius
2469 3907 2767 3965 dicebatur.

1911 3993 1977 4045 Χ.
2013 3993 2104 4046 His
2140 3994 2304 4064 igitur
2337 4001 2593 4067 martyrio
2640 4007 3056 4071 consummatis,
3083 4008 3249 4076 jussit
3296 4013 3408 4068 Au-

1844 4084 2082 4138 relianus
2116 4087 2249 4140 altos
2281 4089 2563 4145 carniﬁces
2623 4092 2802 4164 ignem
2853 4097 3069 4162 all’errc,
3113 4110 3188 4154 iet
3251 4120 3416 4175 supra

1843 4177 2104 4232 carbones
2138 4179 2212 4233 sal
2231 4194 2538 4252 aspergere,
2562 4193 2618 4237 ut
2645 4186 2782 4254 ignis
2807 4189 2920 4257 ipse
2946 4192 3300 4250 vehementer
3328 4215 3419 4254 ac-

1836 4273 2184 4325 cenderetur.
2216 4272 2353 4326 Tum
2385 4273 2631 4331 Juliana:
2693 4280 3008 4346 Aureliane,
3064 4284 3256 4353 inquit,
3297 4290 3415 4360 Ty-

1835 4377 2004 4416 ranne
2037 4373 2092 4416 et
2119 4363 2346 4430 nefarie,
2381 4382 2478 4421 cur
2496 4371 2738 4439 teipsum
2789 4373 3008 4444 aﬂligis?
3052 4377 3219 4434 Video
3269 4385 3412 4438 enim

1845 4462 1894 4508 te
1919 4457 2168 4518 cruciari,
2203 4467 2257 4510 et
2287 4461 2544 4513 omnibus
2580 4464 2755 4516 modis
2781 4474 2966 4521 turore
2985 4470 3258 4526 detentum
3278 4476 3412 4531 alni-

153 4534 276 4592 Haec
311 4553 442 4590 cum
463 4538 540 4592 illi
579 4549 863 4605 precantes
893 4543 1179 4606 dixissent,
1239 4547 1330 4616 pix
1361 4550 1728 4612 ellervescens

1850 4547 1911 4616 gi,
1974 4545 2210 4617 denique
2265 4561 2323 4604 ut
2373 4563 2684 4622 serpentem
2721 4557 2961 4627 aliquem
3005 4564 3410 4631 exsibilantem.

150 4625 200 4678 in
225 4629 464 4696 gelidam
493 4643 689 4696 aquam
720 4645 980 4685 conversa
1010 4646 1112 4698 est,
1141 4635 1208 4688 ita
1237 4648 1295 4689 ut
1320 4642 1411 4708 qui
1443 4659 1738 4712 praesentes

150 4729 332 4785 erant,
371 4722 470 4776 Dei
518 4723 818 4791 potentiam
853 4723 1275 4784 admirarentur.

221 4815 334 4869 Vll.
367 4815 742 4870 Nihilominus
760 4827 934 4870 tamen
956 4819 1299 4889 Aurelianus,
1323 4828 1738 4896 propriofurore

148 4913 475 4973 oppressus,
528 4902 640 4955 Deo
667 4904 888 4970 gloriam
935 4921 1040 4961 non
1081 4912 1358 4978 reddebat,
1384 4918 1474 4972 sed
1517 4924 1739 4993 magicis

151 4998 362 5050 artibus
397 5010 462 5050 ea
513 4993 628 5047 ﬁeri
672 4996 1029 5053 existimabat.
1063 5001 1232 5056 JuSsit
1269 5017 1451 5075 postea
1485 5027 1514 5064 e
1564 5015 1737 5069 lebete

150 5085 548 5166 illosoextrabi,
584 5085 638 5138 in
673 5088 867 5156 quibus
906 5105 1007 5143 nec
1057 5092 1189 5160 picis
1221 5096 1353 5148 odor
1383 5100 1575 5168 aliquis
1627 5105 1736 5158 ine-

153 5187 270 5232 rat:
319 5182 457 5249 quin
488 5177 654 5232 etiam
705 5182 952 5248 nequein
985 5182 1158 5238 lebete
1222 5186 1340 5255 ipso
1366 5191 1500 5259 picis
1532 5193 1734 5262 aliquid

152 5269 435 5325 inventum
485 5277 592 5335 est,
620 5269 714 5326 sed
761 5280 968 5326 tantum
1017 5274 1207 5345 frigida
1240 5293 1400 5345 aqua.
1432 5281 1584 5337 Tunc
1623 5288 1734 5339 Au-

150 5361 432 5416 relianus:
469 5361 898 5427 Existimatisue,
937 5363 1130 5433 inquit,
1169 5382 1280 5433 eos,
1318 5373 1407 5438 qui
1436 5385 1735 5443 praesentes

151 5463 296 5516 sunt,
322 5469 351 5506 a
374 5455 537 5508 vobis
560 5456 938 5508 circumveniri
973 5465 1028 5510 et
1048 5457 1338 5524 adduci,ut
1367 5475 1557 5533 putent
1583 5470 1734 5522 auxi-

152 5545 277 5601 lium
311 5561 342 5598 a
379 5544 494 5597 Deo
546 5554 732 5598 vestro
781 5546 931 5600 vobis
983 5548 1225 5613 allatum,
1255 5560 1308 5603 et
1358 5569 1468 5608 non
1515 5561 1735 5630 magicis

152 5643 329 5707 potius
347 5636 566 5690 artibus
590 5636 705 5690 hinc
726 5637 864 5692 facta
880 5641 1024 5694 esse?
1036 5641 1149 5696 Non
1176 5641 1269 5699 ita.
1296 5658 1391 5711 per
1415 5646 1545 5701 deos
1563 5649 1734 5719 ipsos.

155 5744 237 5785 res
253 5750 308 5787 δε
323 5729 552 5788 habebit
568 5743 582 5790 ;
599 5728 785 5782 faciam
803 5731 966 5796 enim,
984 5742 1040 5786 ut
1055 5734 1380 5789 cruciatibus
1397 5737 1594 5800 allecti,
1615 5741 1739 5811 igne

152 5819 698 5888 consumamini,nisi
716 5819 817 5874 diis
858 5821 984 5891 ipsis
1005 5825 1246 5880 victimas
1284 5825 1608 5885 obtuleritis.
1653 5831 1731 5886 Ad

1845 4651 2115 4689 venenum
2148 4649 2464 4696 contrarios
2515 4644 2830 4714 ell’undere;
2887 4654 2982 4704 sed
3042 4655 3177 4706 nihil
3233 4666 3409 4713 tamen

1842 4726 2116 4795 prolicies,
2156 4745 2278 4782 cum
2313 4732 2452 4784 Deus
2491 4732 2605 4800 ipse
2646 4750 2745 4788 nos
2776 4740 3114 4808 corroboret,
3144 4755 3412 4816 utpravas

1845 4825 1963 4871 tuas
1991 4822 2347 4888 cogitationes
2385 4825 2657 4882 sustinere
2703 4834 2998 4898 possimus.
3046 4835 3232 4907 itaque
3287 4858 3410 4896 eum

1840 4909 2097 4963 adversus
2114 4925 2212 4965 nos
2228 4913 2363 4968 nihil
2379 4916 2588 4972 ellicere
2610 4922 2876 4988 potueris,
2897 4931 3068 4996 magis
3102 4932 3410 4999 erubesccs,

1840 5011 1895 5055 et
1925 5018 1954 5054 a
2013 5003 2168 5056 nobis
2230 5006 2372 5075 ipsis
2405 5009 2722 5066 abstinebis.
2753 5014 3078 5071 Aurelianus
3104 5020 3264 5090 jussit
3295 5025 3413 5082 illos

1837 5094 2058 5154 exsolvi,
2089 5103 2142 5148 et
2194 5097 2249 5151 iu
2284 5116 2553 5154 carcerem
2611 5103 2850 5169 detrudi,
2886 5115 3049 5176 atque
3098 5113 3236 5182 ligna
3262 5132 3406 5184 qua:-

1839 5188 1959 5241 dam
1980 5189 2195 5243 maximi
2235 5192 2494 5258 ponderis
2527 5195 2580 5248 in
2636 5211 2823 5250 eorum
2885 5201 3126 5255 cervices
3180 5205 3406 5275 imponi,

1839 5281 2002 5346 pedes
2030 5281 2189 5334 etiam
2223 5287 2572 5353 compedibus
2617 5288 2786 5357 ligari,
2821 5291 3025 5344 catenis
3085 5308 3279 5350 manus
3316 5299 3404 5355 de—

1838 5371 2055 5434 vinciri,
2086 5380 2140 5423 et
2171 5372 2375 5428 ferreos
2405 5377 2583 5433 clavos
2609 5385 2799 5445 sterni,
2849 5383 3026 5439 utillis
3074 5389 3412 5458 conﬁgeren-

1840 5473 1946 5527 tur,
1979 5478 2152 5532 neque
2182 5464 2620 5526 Christianorum
2649 5473 2884 5542 aliquem
2922 5478 3164 5544 permitti
3189 5482 3256 5534 ad
3315 5499 3408 5538 eos

1838 5555 2069 5625 ingredi,
2110 5573 2173 5609 ue
2214 5559 2364 5615 cibus
2415 5563 2718 5616 aderretur.
2763 5565 2884 5621 Illos
2917 5570 3075 5638 igitur
3130 5576 3410 5633 carniﬁces

1837 5645 1890 5698 in
1925 5660 2197 5701 carcerem
2254 5651 2547 5716 duxerunt,
2589 5669 2815 5726 quicque
2869 5659 2936 5713 ab
2978 5661 3269 5720 Aureliano
3295 5667 3411 5734 jus-

1836 5740 1876 5791 si
1917 5738 2152 5801 fuerant,
2188 5741 2266 5795 eis
2331 5744 2598 5798 fecerunt.
2655 5749 2788 5801 Cum
2843 5765 2971 5806 vero
3027 5756 3204 5809 media
3249 5766 3408 5815 nocte

1839 5839 2100 5902 martyres
2132 5831 2298 5887 Deum
2350 5848 2726 5909 precarentur,
2783 5839 2870 5895 lux
2919 5844 3162 5913 quaedam
3214 5863 3406 5922 magna
