4158 6470
734 422 848 486 5Ἱ9

1992 405 2275 464 MENSlS
2317 401 2742 464 AUGUSTUS.

3895 391 3989 453 580

733 531 937 586 ctIulsit
968 529 1017 582 in
1051 541 1286 590 carcere,
1326 533 1378 579 et
1430 523 1655 592 angelus
1712 533 1893 574 coram
1953 516 2060 569 illis
2132 517 2300 578 stetit,
2353 522 2389 576 Α
2420 521 2472 566 et
2498 508 2804 573 temerarie,
2834 520 3058 562 eurnam
3093 505 3209 558 litec
3239 503 3476 557 facinora
3509 510 3699 557 contra
3730 499 3993 555 Christia-

736 628 921 692 eisque
949 623 1101 676 dixit:
1134 620 1295 673 Paule
1340 627 1393 672 et
1428 616 1663 681 Juliana,
1718 613 1859 667 servi
1903 610 1994 664 Dei
2041 609 2310 665 altissimi.

738 721 939 789 surgite
965 726 1019 769 et
1051 715 1218 767 Deum
1249 718 1422 765 orate.
1462 707 1586 762 llaec
1602 707 1733 759 dixit
1760 704 2003 771 angelus,
2040 711 2093 756 et
2138 702 2201 754 ad
2226 716 2319 753 eos

741 809 974 864 accessit
1003 825 1015 859 :
1048 823 1109 860 ac
1137 808 1318 860 statim
1356 805 1738 864 instrumenta,
1776 799 1972 866 quibus
1999 813 2184 850 eorum
2205 795 2317 848 col-

738 904 786 956 la
811 902 1099 956 constricta
1132 907 1308 958 erant,
1335 896 1523 964 tetigit.
1545 895 1838 960 statimque
1871 901 1973 944 tam
2009 890 2116 950 illa,
2157 903 2316 956 quam

749 992 951 1058 reliqua
985 990 1159 1041 ferrea
1188 998 1241 1040 et
1267 989 1435 1056 lignea
1462 985 1673 1037 vincula
1715 976 2014 1042 confracta,
2035 981 2098 1032 de
2142 980 2319 1046 justo-

738 1100 856 1136 rnm
911 1093 1202 1150 martyrum
1229 1079 1542 1148 corporibus
1579 1077 1899 1130 exciderunt
1927 1091 1937 1124 :
1966 1074 2083 1125 duze
2135 1072 2314 1123 autem

739 1175 896 1226 sedes
918 1173 1108 1241 pannis
1127 1181 1329 1232 stratae,
1378 1179 1430 1221 et
1454 1183 1637 1220 mensa
1669 1180 1852 1221 coram
1885 1164 2012 1232 ipsis
2058 1163 2198 1214 illico
2224 1174 2313 1228 ap-

738 1265 912 1334 posita
946 1273 1048 1326 est,
1096 1263 1404 1330 omnigenis
1442 1261 1660 1313 ferculis
1694 1259 1870 1327 plena,
1904 1257 2088 1324 eisque
2156 1269 2316 1323 ange-

740 1355 823 1407 lus
855 1354 992 1406 dixit
1033 1369 1047 1407 :
1092 1351 1302 1414 Venite,
1360 1351 1700 1420 requiescite,
1758 1357 1811 1401 ct
1873 1347 2047 1400 cibum
2095 1346 2314 1405 sumite,

736 1463 896 1515 quem
959 1446 1104 1497 misit
1137 1443 1288 1496 vobis
1314 1443 1441 1498 Jesu
1481 1442 1755 1496 Christus.
1777 1441 1971 1495 Paulus
2006 1451 2056 1493 et
2081 1437 2312 1500 Juliana,

738 1555 799 1590 ea
821 1553 876 1589 re
911 1535 1090 1600 Iretati,
1118 1536 1531 1588 diseubnerunt.
1556 1533 1798 1603 Cumque
1824 1547 2017 1600 panem
2048 1530 2222 1598 ipsum
2261 1529 2316 1582 in

739 1645 930 1683 manus
949 1630 1398 1696 sumpsissent,et
1425 1627 1610 1680 oculos
1655 1626 1708 1677 in
1763 1628 1956 1677 cmlum
1995 1621 2314 1683 erexissent,

741 1723 851 1773 Deo
890 1719 990 1786 ipsi
1025 1718 1226 1788 gratias
1283 1727 1530 1784 egerunt,
1588 1723 1641 1767 et
1682 1711 1786 1766 cibi
1843 1709 2133 1780 participes
2193 1708 2315 1761 facti

739 1821 886 1864 sunt.
925 1809 1184 1861 Viderunt
1215 1809 1452 1860 carceris
1485 1807 1738 1859 custodes
1779 1804 1949 1855 lucem
1991 1801 2140 1853 illam
2202 1815 2315 1851 ma-

2423 623 2521 660 nos
2558 612 2769 674 patrare
2827 597 3050 653 audes?
3106 596 3373 661 Quidnam
3425 596 3675 649 homines
3718 591 3831 646 Deo
3885 607 3990 644 ser-

2424 695 2633 748 vientes
2667 689 3077 748 commiserunt,
3116 692 3173 737 ut
3201 682 3273 736 ita
3299 681 3588 735 crudeliter
3615 681 3991 735 etimmaniter

2421 799 2514 837 eos
2549 780 2762 836 crueies
2791 779 2812 831 ?
2842 777 2922 831 An
2961 777 3086 844 quia
3119 772 3394 828 Christum
3429 771 3669 825 omnium
3694 770 3993 823 dominato-

2423 890 2536 927 rem
2569 882 2899 926 venerantur
2927 866 3096 920 ?H:ec
3133 881 3255 918 cum
3284 863 3487 916 audiret
3523 861 3874 923 Aurelianus,
3924 861 3990 912 ita

2419 965 2717 1033 obstupuit,
2756 972 2814 1016 ut
2847 962 2979 1013 hora
3036 973 3140 1010 una
3165 965 3351 1009 mutus
3380 952 3720 1008 rcmauscrit.
3758 950 3992 1002 Tandem

2421 1056 2756 1124 respondens
2820 1071 2834 1106 :
2896 1051 3049 1103 Tune
3109 1047 3316 1105 etiam.
3382 1047 3598 1113 inquit,
3651 1043 3990 1102 Stratonice,

2419 1149 2643 1202 istorum
2681 1144 2922 1198 stultitiae
2947 1136 3349 1208 atqueinsanim
3376 1137 3646 1202 particeps
3679 1133 3858 1185 factus
3884 1145 3943 1182 es
3973 1133 3992 1179 ’ἰ

2419 1240 2498 1292 An
2529 1237 2759 1291 Julianac
2790 1231 3132 1303 pulchritudo
3166 1238 3214 1281 te
3249 1226 3484 1292 decepit,
3538 1235 3587 1278 et
3632 1225 3754 1290 ejus
3798 1224 3993 1290 jucun-

2420 1329 2502 1382 dis
2564 1323 2914 1379 sermonibus
2969 1321 3195 1373 allectus
3247 1313 3352 1368 es?
3393 1312 3734 1367 StratOnieus
3791 1326 3912 1361 cum
3949 1310 3994 1360 in

2418 1421 2613 1480 «mlum
2655 1417 2842 1472 oculos
2873 1415 3159 1473 erexisset,
3219 1409 3342 1463 dein
3376 1405 3598 1458 Paulum
3645 1419 3707 1456 ac
3732 1403 3995 1457 Julian-am

2423 1511 2474 1563 in
2504 1511 2651 1579 ligno
2700 1519 2997 1576 suspensos
3052 1497 3558 1569 circumspexisset,
3619 1495 3803 1550 crucis
3852 1495 3998 1562 signo

2419 1603 2682 1659 munitus.
2719 1600 2932 1653 illorum
2968 1605 3220 1664 aspectus
3256 1595 3388 1645 tales
3413 1592 3562 1654 vidit,
3595 1588 3787 1658 quales
3840 1601 3999 1655 ange-

2418 1700 2593 1752 lorum
2630 1697 2721 1750 Dei
2758 1695 2927 1748 facies
2960 1707 3080 1748 esse
3113 1692 3309 1745 solent.
3338 1686 3459 1740 Mox
3506 1685 3760 1746 accurrit,
3793 1693 3848 1737 et
3875 1684 4001 1736 deo-

2422 1807 2541 1846 rum
2575 1805 2724 1844 aram
2756 1788 2997 1843 calcibus
3029 1781 3395 1842 conculcavit,
3450 1791 3678 1845 eamque
3726 1785 4000 1835 evertens,

741 1918 899 1973 gnam
926 1918 939 1966 ;
974 1915 1206 1969 cumque
1237 1901 1302 1953 ad
1348 1915 1441 1954 eos
1472 1908 1697 1968 repente
1737 1896 2132 1955 introii/issent,
2163 1892 2307 1962 quod
2342 1875 2383 1932 Β
2413 1886 2485 1938 ait
2514 1903 2527 1938 :
2554 1883 2630 1935 En
2659 1890 2711 1935 et
2733 1897 2831 1951 ego
2852 1879 3190 1934 Christianus
3213 1888 3330 1927 sum
3355 1889 3370 1938 ;
3391 1872 3557 1924 facias
3597 1870 3724 1922 licet
3745 1867 3998 1935 quidquid

741 1996 940 2049 factum
968 1995 1138 2048 fuerat
1168 1995 1508 2058 didicerunt,
1566 1994 1710 2062 ipsos
1770 1991 1992 2059 insuper
2017 1988 2308 2043 comeden-

741 2095 844 2146 tes,
873 2096 927 2137 et
960 2085 1158 2137 hilares
1186 2084 1358 2137 factos
1393 2084 1664 2137 viderunt.
1700 2082 1881 2148 Itaque
1918 2095 2042 2133 cum
2097 2079 2202 2131 illis
2229 2091 2312 2130 re-

743 2177 1133 2232 cumbenteset
1156 2175 1251 2246 ipsi
1308 2176 1682 2234 comederunt.
1725 2156 1942 2242 Deoque
1990 2172 2201 2224 laudem
2260 2177 2314 2222 et

743 2271 966 2342 gloriam
1015 2270 1304 2333 dederunt,
1336 2271 1426 2338 qui
1470 2270 1628 2324 talem
1682 2269 1905 2338 gratiam
1960 2267 2082 2320 ﬁliis
2135 2263 2312 2318 homi-

743 2380 872 2419 num
905 2364 1246 2427 contulisset,
1274 2365 1344 2415 ita
1377 2371 1433 2414 ut
1468 2363 1711 2429 plerique
1743 2377 1807 2415 ex
1832 2360 1962 2429 ipsis
1999 2358 2106 2411 Deo
2140 2357 2314 2411 credi-

743 2455 945 2516 derint,
974 2464 1027 2507 ct
1066 2454 1368 2507 Christiani
1396 2455 1689 2506 evaserint.

812 2543 899 2598 XI.
939 2543 1121 2598 Tertio
1180 2543 1406 2612 postdie
1431 2541 1775 2602 Aurelianus,
1833 2555 1951 2593 cum
1986 2540 2039 2591 in
2065 2537 2314 2591 tribunali

745 2637 1002 2696 sedisset,
1029 2633 1193 2699 jussit
1227 2641 1443 2685 sanctos
1477 2641 1741 2699 martyres
1776 2629 2002 2681 Paulum
2043 2637 2096 2682 et
2143 2625 2317 2681 Julia-

743 2742 868 2780 nam
898 2726 1025 2778 illuc
1059 2725 1202 2785 duci,
1239 2723 1434 2791 quibus
1458 2721 1530 2773 ait
1561 2737 1573 2774 :
1618 2723 1698 2773 An
1751 2721 1991 2772 nondum
2053 2729 2319 2771 tormenta

745 2819 863 2889 ipsa
895 2832 988 2870 vos
1017 2819 1339 2876 docuerunt,
1378 2823 1434 2866 ut
1458 2815 1524 2866 ab
1559 2814 1659 2866 ista
1727 2813 1935 2865 insania
1998 2822 2175 2864 vestra
2207 2810 2317 2862 dis-

750 2909 976 2970 cedatis,
1003 2916 1057 2959 et
1090 2913 1217 2959 deos
1277 2904 1559 2965 adeuntes,
1593 2903 1696 2954 illis
1751 2905 1997 2954 victimas
2047 2898 2314 2954 offeratis?

745 3001 893 3063 H:.ec,
922 3000 1098 3066 inquit
1130 2998 1352 3057 Paulus,
1384 2995 1615 3047 stultitia
1650 2993 1779 3045 mihi
1814 2995 1905 3055 sit,
1943 3001 1998 3046 et
2038 2991 2315 3055 omnibus,

745 3094 839 3163 qui
875 3093 1041 3145 Deutn
1092 3093 1262 3159 ipsum
1300 3090 1557 3157 diligunt.
1591 3085 1742 3150 Quod
1784 3085 1927 3138 enim
1986 3085 2201 3138 stultum
2246 3090 2323 3135 est

747 3186 864 3245 Dei,
898 3184 1186 3251 sapientius
1219 3193 1289 3235 est
1321 3180 1645 3238 hominibus;
1679 3186 1723 3228 et
1757 3177 2018 3242 sapientia
2058 3174 2325 3225 hominum

744 3278 969 3336 stultitia
1003 3285 1075 3327 est
1110 3276 1250 3342 apud
1285 3273 1467 3324 Deum.
1505 3269 1786 3338 Desipiens
1826 3266 2068 3336 profecto
2095 3273 2150 3318 et
2184 3265 2329 3317 insa-

745 3390 849 3427 nus
885 3387 1082 3435 essem,
1137 3369 1179 3424 si
1241 3384 1268 3422 a
1318 3368 1422 3420 Dco
1463 3367 1576 3434 ipso
1612 3365 1890 3427 deficiens,
1921 3363 2193 3416 daemones
2248 3362 2337 3412 ve'

745 3480 887 3521 stt-os
902 3468 1158 3518 colerem.
1189 3463 1372 3514 Denuo
1398 3460 1740 3523 Aurelianus,
1759 3458 1850 3512 bili
1885 3458 2144 3525 percitus,
2174 3453 2334 3520 jussit

748 3559 867 3614 illos
902 3559 952 3610 in
983 3557 1128 3626 ligno
1174 3554 1454 3622 suspendi,
1510 3564 1562 3606 et
1611 3550 1863 3604 cruciari.
1919 3551 1986 3600 At
2028 3546 2104 3598 illi
2165 3544 2331 3598 Deum

750 3659 991 3710 orantes,
1030 3651 1141 3701 haec
1175 3649 1465 3700 dicebant:
1507 3643 1733 3694 Domine
1765 3641 1892 3694 Jesu
1929 3639 2168 3702 Christe,
2232 3637 2330 3691 Fili

751 3740 844 3796 Dei
899 3741 1149 3801 viventis,
1219 3740 1308 3791 lux
1379 3735 1835 3796 Christianorum,
1888 3743 1941 3785 et
1996 3735 2148 3792 fides,
2212 3747 2332 3799 quae

752 3849 931 3903 neque
963 3833 1202 3898 concuti,
1268 3847 1444 3899 neque
1495 3830 1560 3883 ab
1619 3827 1945 3882 adversariis
1998 3823 2329 3894 expugnari,

755 3941 848 3983 aut
917 3927 1136 3981 dissolvi
1197 3933 1431 3993 potest:
1486 3923 1709 3976 ostende
1792 3921 1983 3973 faciem
2053 3929 2196 3972 tuam
2259 3925 2334 3983 ,et

755 4021 909 4075 nobis
931 4035 1086 4088 Opem
1125 4020 1286 4080 feras,
1319 4031 1492 4085 neque
1529 4031 1627 4068 nos
1656 4015 1916 4067 destituas
1938 4022 2156 4081 propter
2207 4025 2332 4063 san-

754 4127 902 4167 ctum
931 4128 1128 4166 nomen
1155 4121 1330 4162 tuum.
1359 4109 1490 4160 Cum
1524 4108 1684 4175 igitur
1715 4105 1995 4158 carnifices
2029 4105 2231 4155 diutius
2268 4103 2331 4154 il-

757 4207 839 4258 los
865 4204 1188 4265 cruciarent,
1211 4210 1263 4253 et
1293 4199 1540 4252 Christus
1570 4212 1754 4250 eorum
1789 4196 2059 4250 cruciatus
2084 4194 2334 4249 subleva-

757 4306 860 4359 ret,
881 4294 1013 4350 nihil
1041 4294 1260 4347 omnino
1307 4302 1566 4359 martyres
1593 4298 1856 4343 tormenta
1892 4289 1977 4342 illa
2000 4287 2326 4342 sentiebant.

831 4389 950 4442 Xll.
996 4388 1144 4441 Unus
1179 4403 1303 4438 vero
1337 4400 1366 4439 e
1397 4382 1761 4444 carnilicibus,
1819 4383 2039 4433 nomine
2070 4381 2330 4434 Stratoni-

761 4499 880 4547 cus,
913 4496 1034 4535 cnrn
1069 4489 1238 4532 staret
1269 4477 1333 4531 ad
1367 4477 1649 4530 sinistrum
1691 4473 1916 4528 Julianae
1941 4473 2100 4536 latus,
2135 4481 2188 4526 ct
2220 4483 2328 4525 tor-

2413 1973 2565 2031 libet.
2613 1974 2830 2028 Furore
2909 1985 3176 2025 accensus
3253 1964 3602 2027 Aurelianus,
3667 1962 3836 2030 jussit
3888 1961 3998 2026 ejus

2413 2079 2573 2139 caput
2599 2065 2858 2121 abscindi.
2898 2061 3143 2128 Cumque
3183 2056 3506 2111 sententiam
3532 2055 3835 2122 imperator
3860 2051 4000 2104 tulis-

2413 2172 2514 2223 set,
2546 2162 2690 2214 venit
2719 2159 2785 2212 ad
2825 2172 2948 2211 eum
2995 2158 3167 2208 locum
3198 2151 3250 2203 in
3310 2161 3417 2216 quo
3479 2147 3800 2214 martyrium
3833 2143 4003 2197 obitu-

2415 2272 2508 2310 rus
2537 2263 2654 2309 erat
2686 2271 2699 2320 ;
2733 2253 2822 2306 uhi
2857 2265 2980 2305 eum
3013 2263 3186 2318 genua
3237 2243 3578 2300 inclinasset,
3634 2240 3706 2296 ita
3787 2238 3994 2290 oravit:

2418 2349 2644 2402 Domine
2683 2346 2811 2398 Jesu
2862 2342 3098 2402 Christe,
3136 2351 3294 2406 quem
3330 2334 3526 2388 Paulus
3551 2330 3836 2386 etJuliaua
3877 2346 3999 2381 con-

2421 2440 2652 2501 fitentes,
2687 2434 2870 2489 invicti
2937 2437 3257 2502 permanent
3288 2442 3317 2479 a
3349 2426 3629 2480 divinitate
3691 2433 3780 2476 tua
3825 2436 4000 2475 serta-

2421 2535 2482 2597 ti,
2510 2542 2562 2587 et
2582 2527 2856 2586 Aureliani
2889 2523 3224 2597 tyrannidem
3251 2517 3680 2576 confundentes;
3713 2525 3798 2579 tu,
3826 2527 3998 2581 qureso

2421 2637 2474 2680 et
2505 2624 2738 2679 animam
2788 2634 2962 2673 meam
2993 2615 3178 2683 accipe
3219 2611 3271 2665 in
3323 2611 3543 2666 caeleste
3576 2622 3802 2676 regnum
3835 2615 3997 2666 tuum,

2422 2733 2618 2778 meum,
2657 2716 2896 2782 inquam,
2929 2709 3186 2770 animam,
3212 2703 3300 2774 qui
3337 2702 3672 2757 brevissimae
3701 2700 3851 2752 horae
3883 2712 3998 2765 spa-

2425 2811 2496 2863 tio
2544 2821 2743 2860 nomen
2792 2815 2941 2857 tuum
2999 2800 3281 2854 confessus
3329 2810 3472 2858 sum,
3510 2800 3781 2862 praesente
3835 2791 3996 2841 Aure-

2425 2905 2591 2956 liano.
2628 2898 2718 2950 His
2771 2893 2950 2957 dictis,
2999 2891 3086 2945 ille
3137 2897 3300 2958 caput
3353 2885 3615 2947 extendit,
3647 2892 3705 2935 et
3753 2879 4000 2934 carnifice

2425 2997 2777 3048 obtruncatus
2832 2997 2934 3043 est.
2995 2983 3280 3038 Venerunt
3346 2989 3526 3033 autem
3566 2972 3892 3037 Christiani,
3945 2980 3994 3024 et

2427 3088 2546 3155 ejus
2580 3083 2837 3150 reliquias
2868 3078 3228 3146 collegerunt.

2517 3284 2650 3338 Xlll.
2692 3282 2895 3336 Paulus
2930 3294 3058 3332 vero
3107 3285 3164 3329 et
3205 3273 3420 3330 Juliana
3469 3269 3750 3323 cruciatus
3799 3266 4002 3319 fortiter

2441 3377 2804 3431 sustinebant.
2853 3372 3009 3423 Tunc
3065 3368 3392 3420 Aurelianus
3438 3361 3707 3414 Julianam
3770 3358 3999 3411 affatus:

2441 3463 2482 3518 Ο
2517 3463 2769 3524 scelesta,
2816 3460 3010 3529 inquit,
3047 3467 3100 3510 ct
3135 3455 3301 3524 impia
3345 3451 3684 3511 muliercula,
3733 3450 4002 3519 quomodo

2439 3558 2493 3610 iu
2516 3554 2803 3608 tormentis
2825 3552 3114 3611 exsistens,
3148 3544 3460 3600 carnificem
3481 3542 3730 3610 decipere.
3755 3541 4000 3609 potuisti,

2437 3653 2596 3717 eique
2631 3648 2818 3700 mortis
2852 3659 3070 3697 causam
3120 3639 3360 3692 afferre?
3397 3636 3514 3689 Non
3560 3650 3678 3704 ego,
3714 3636 3893 3702 inquit
3921 3633 4007 3686 Ju-

2437 3743 2602 3801 liana,
2640 3739 2788 3792 illum
2822 3735 3032 3804 decepi,
3066 3732 3146 3785 vel
3181 3729 3371 3784 mortis
3416 3742 3633 3781 causam
3685 3729 3870 3786 attuli,
3915 3728 4003 3779 sed

2435 3836 2525 3906 qui
2567 3850 2651 3886 me
2708 3829 3004 3897 assumpsit
3026 3825 3186 3879 Jesus
3227 3821 3496 3882 Christus,
3525 3819 3610 3873 ille
3639 3819 3754 3887 ipse
3787 3829 3843 3871 et
3870 3820 4006 3872 hunc

2436 3929 2655 3996 dignum
2691 3924 2838 3984 fecit,
2867 3936 2927 3974 ac
2956 3920 3203 3982 vocavit;
3240 3915 3347 3968 nisi
3375 3915 3518 3968 enim
3561 3913 3759 3983 dignus
3789 3913 4000 3976 fuisset,

2436 4030 2715 4083 nunquam
2758 4013 2824 4066 ad
2869 4009 3107 4077 martyrii
3138 4008 3370 4074 palmam
3406 4007 3691 4072 pervenire
3716 4005 4003 4071 potuisset.

2434 4110 2586 4164 Illum
2614 4108 2772 4177 igitur
2797 4106 2849 4158 in
2898 4116 3060 4172 regno
3098 4100 3359 4153 caelorum
3387 4096 3821 4165 requiescentem
3867 4099 4010 4164 aspi~

2438 4202 2569 4258 cies,
2605 4209 2655 4249 te
2701 4213 2830 4248 vero
2876 4195 2929 4247 in
2983 4193 3247 4263 gehennae
3290 4190 3502 4244 flamma
3546 4189 3728 4259 puniri
3783 4193 4008 4242 senties.

2435 4291 2587 4344 Tunc
2624 4287 2838 4355 quidem
2876 4293 3064 4352 pectus
3096 4290 3272 4346 tuum,
3307 4280 3512 4339 infelix,
3549 4279 3841 4344 percuties,
3892 4293 4008 4330 cum

2435 4384 2750 4440 inferiorem
2798 4379 3100 4440 hominem,
3149 4375 3325 4443 teipso
3373 4373 3513 4440 apud
3564 4369 3849 4423 Christum
3885 4385 4010 4438 prae-

2435 4474 2753 4529 stantiorem
2800 4469 3031 4530 videbis,
3085 4473 3143 4518 et
3195 4465 3380 4518 dolore
3432 4462 3678 4525 affectus,
3729 4460 4007 4521 clamabis,

765 4583 950 4632 menta
987 4574 1038 4625 in
1066 4588 1182 4625 eam
1209 4570 1456 4631 inferret,
1521 4569 1640 4634 ejus
1670 4566 2071 4632 pulcnritudine
2108 4572 2327 4634 captus,
2364 4569 2407 4623 D
2439 4567 2530 4620 Dei
2573 4562 3001 4617 misericordiam
3043 4558 3363 4627 implorans,
3399 4571 3558 4626 quam
3605 4565 3787 4607 tamen
3836 4554 4008 4622 impe-

764 4682 958 4722 manns
983 4665 1051 4719 ab
1081 4679 1143 4718 ea
1167 4662 1500 4716 continebat.
1527 4659 1696 4726 Cujus
1753 4672 1970 4709 sensum
2004 4667 2164 4725 atque
2211 4655 2333 4710 ani-

767 4777 913 4814 mum
952 4775 1074 4814 cum
1105 4760 1261 4812 beata
1288 4764 1344 4809 et
1369 4765 1554 4810 sancta
1588 4753 1801 4807 Juliana
1837 4763 2224 4818 cognosceret,
2262 4750 2336 4803 si-

766 4852 998 4906 nistrum
1036 4851 1226 4918 pedem
1283 4850 1542 4908 extendit,
1575 4858 1624 4899 et
1656 4847 1798 4901 calce
1832 4845 1979 4898 illum
2014 4845 2333 4898 verberans:

767 4943 1100 5005 Stratonice,
1124 4939 1299 5009 inquit
1327 4979 1339 5003 ,
1381 4938 1464 4990 fac
1510 4939 1653 5006 quod
1701 4942 1883 5006 jussus
1924 4954 1980 4991 es
2027 4953 2055 4990 a
2110 4947 2336 5006 tyranno

766 5037 1086 5097 Aureliano,
1119 5045 1293 5100 neque
1332 5046 1525 5084 manus
1553 5045 1581 5081 a
1612 5044 1695 5082 me
1729 5030 2009 5083 contineas
2038 5029 2169 5081 mihi
2211 5044 2334 5096 par-

766 5143 930 5191 cens;
980 5139 1080 5194 ego
1109 5124 1250 5175 enim
1296 5124 1470 5176 habeo
1526 5121 1727 5191 Regem
1800 5136 1977 5173 meum
2037 5119 2325 5173 Dominum

764 5223 947 5279 Jesutn
1015 5218 1316 5278 Christum,
1352 5215 1518 5268 Deum
1553 5225 1838 5276 :eternum,
1864 5221 1918 5266 et
1971 5212 2166 5264 anima:
2197 5226 2332 5264 meae

766 5325 1094 5374 curatorem,
1129 5309 1221 5380 qui
1279 5309 1553 5375 corporeis
1603 5308 1880 5361 laboribus
1932 5319 2014 5359 me
2064 5304 2330 5366 sublevat,

769 5415 932 5472 atque
992 5405 1062 5455 ita
1111 5413 1405 5469 praesentes
1470 5401 1742 5452 cruciatus
1799 5414 1903 5452 non
1958 5398 2155 5452 sentio.
2211 5396 2334 5450 [huc

771 5514 895 5552 cum
949 5495 1287 5550 Stratonicus
1318 5493 1637 5551 audivisset,
1691 5492 1871 5543 statim
1918 5506 2128 5553 ensem,
2175 5503 2335 5557 quem

772 5590 1186 5652 manutenebat,
1209 5585 1402 5655 abiecit
1420 5597 1687 5656 ;.cumque
1721 5581 1785 5634 ad
1806 5582 2037 5637 tribunal
2059 5582 2336 5638 Aureliani

770 5681 1128 5742 cucurrisset,
1190 5678 1428 5732 clamans
1463 5695 1477 5733 :
1510 5675 1800 5732 Aureliano
1823 5714 1838 5742 ,
1875 5674 2068 5742 inquit,
2114 5685 2338 5747 tyranne

881 5819 901 5852 ⁸
939 5816 959 5870 ι
987 5817 1110 5874 Cor.
1138 5835 1174 5883 ι,
1207 5816 1292 5885 20,
1315 5817 1406 5873 25.

2438 4670 2583 4715 trare
2617 4671 2722 4710 non
2755 4654 2981 4725 poteris.
3023 4652 3152 4707 Post
3183 4652 3297 4705 huic
3322 4650 3483 4719 jussit
3515 4647 3847 4701 Aurelianus
3893 4649 4011 4699 illos

2438 4767 2468 4806 e
2498 4752 2646 4818 ligno
2677 4749 2971 4808 detractos,
3008 4747 3060 4796 in
3088 4756 3364 4796 carcerem
3395 4741 3707 4793 interiorem
3737 4738 4010 4800 concludi,

2439 4853 2493 4897 et
2536 4855 2729 4894 omnes
2765 4837 3038 4891 veneficos
3098 4850 3160 4888 ac
3214 4831 3632 4903 prtestigiatores
3669 4831 3879 4888 vocari,
3927 4831 4014 4899 qui

2441 4936 2585 4988 feras
2619 4947 2832 4996 omnes,
2878 4942 3235 5000 quascunque
3275 4929 3559 4989 haberent,
3606 4925 4013 4986 acerbissimas,

2443 5029 2545 5082 hoc
2577 5035 2678 5090 est,
2740 5027 2978 5094 viperas,
3047 5022 3280 5090 aspides.
3332 5029 3676 5074 cerastesac
3723 5018 4011 5078 dracones,

2440 5120 2715 5181 afferrent,
2747 5128 2807 5170 ut
2837 5132 2942 5169 una
2976 5128 3098 5169 cum
3148 5112 3316 5164 Paulo
3364 5119 3417 5163 et
3445 5108 3656 5162 Juliana
3702 5107 3757 5160 in
3801 5122 4017 5161 carcere

2438 5210 2915 5265 concluderentur.
2946 5206 3079 5259 Cum
3111 5203 3274 5272 igitur
3297 5202 3787 5259 ferasattulissent,
3823 5215 4016 5267 quem-

2438 5304 2728 5359 admodum
2794 5316 2823 5353 a
2883 5308 3111 5370 tyranno
3151 5297 3289 5368 jussi
3360 5297 3610 5354 fuerant.
3671 5292 3836 5346 simul
3895 5307 4013 5346 cum

2447 5398 2621 5454 Paulo
2647 5404 2700 5447 et
2728 5392 2941 5454 Juliana
2970 5407 3062 5447 eas
3120 5392 3530 5444 eoncluscrunt.
3560 5385 3873 5456 Serpebant
3921 5401 4015 5438 auo

2445 5500 2550 5545 tem
2599 5490 2722 5542 ferae
2767 5487 2897 5551 illae,
2945 5497 2999 5542 et
3047 5485 3113 5538 ad
3167 5485 3333 5551 pedes
3379 5482 3662 5534 beatorum
3713 5489 4013 5550 martyrum

2449 5582 2780 5646 assidebant,
2833 5579 3058 5634 intentis
3110 5576 3330 5643 quidem
3379 5573 3551 5628 oculis
3618 5588 3810 5628 eorum
3857 5570 4016 5624 facies

2453 5678 2803 5748 aspicientes,
2851 5675 2945 5731 sed
2982 5669 3117 5727 nihil
3150 5680 3330 5727 tamen
3363 5680 3646 5725 nocentes.
3698 5664 3903 5720 Paulus
3933 5674 4018 5713 an.
