4158 6508
151 450 247 521 581

1065 439 1531 504 MARTYRIUM
1571 437 1677 497 SS.
1718 433 1946 495 PAULI
1988 433 2082 492 ET
2122 429 2473 493 JULIANA!

3328 420 3433 484 582

154 574 262 616 tem
300 571 357 614 et
392 558 610 614 Juliana
667 555 932 612 sedebant
978 554 1295 626 psallentes,
1339 559 1394 604 et
1437 549 1604 604 Deum
1637 545 1750 601 θοι-
1781 543 1830 602 Α
1861 542 2117 612 indignus
2145 558 2206 596 es
2245 552 2298 597 et.
2335 537 2580 596 alienus?
2605 535 2774 592 Jussit
2801 533 3129 590 Aurelianus
3157 533 3433 626 lulianum

154 654 477 709 laudantes.

231 743 384 798 XIV.
421 745 743 798 Manserunt
773 749 955 796 autem
998 747 1284 809 serpentes
1334 735 1442 790 illze
1487 744 1598 791 tres
1644 733 1761 789 dies

157 845 213 888 et
238 847 354 888 tres
377 844 574 889 noctes
601 851 721 887 cum
750 832 1081 903 martyribus
1104 831 1322 884 clausae.
1357 828 1543 883 Tertio
1577 837 1760 882 autem

160 927 248 980 die
275 928 430 979 misit
451 926 781 980 Aurelianus
804 927 904 978 sub
928 924 1106 978 noctis
1147 931 1384 992 tempus.
1412 932 1472 975 ut
1495 922 1756 983 disceret,

162 1032 229 1070 au
265 1035 295 1071 a
346 1017 703 1087 serpentibus
737 1017 1050 1084 consumpti
1083 1022 1287 1070 essent.
1323 1013 1622 1078 Venerunt,
1669 1012 1760 1082 qui

165 1111 319 1164 missi
366 1109 590 1163 fuerant
621 1109 687 1162 ad
728 1123 850 1162 eum
883 1110 1105 1162 locum:
1155 1121 1388 1176 cumque
1436 1107 1499 1159 ad
1540 1106 1760 1175 januam

167 1203 562 1262 accessissent,
607 1215 723 1261 eos,
775 1199 1011 1268 psalmos
1058 1208 1320 1252 canentes
1351 1207 1406 1250 et
1446 1196 1614 1250 Deum
1654 1197 1761 1250 lau-

167 1295 387 1356 dantes,
417 1293 768 1345 audiverunt.
800 1289 934 1343 Cum
969 1303 1096 1343 vero
1141 1288 1444 1342 accuratius
1484 1289 1622 1342 seire
1653 1287 1764 1340 vel-

167 1387 300 1450 lent,
329 1400 442 1454 quo
487 1394 641 1453 pacto
679 1398 766 1436 res
801 1397 858 1436 se
911 1381 1154 1443 haberet,
1198 1381 1568 1434 ascenderunt
1603 1380 1654 1434 in
1687 1381 1764 1433 lo-

165 1493 290 1532 cum
345 1477 641 1546 quemdam
698 1473 1060 1542 superiorem.
1114 1471 1271 1526 Unde
1308 1487 1408 1542 per
1469 1472 1760 1526 fenestram

169 1568 466 1637 speculati.
509 1568 762 1621 viderunt
812 1564 1037 1619 Paulum
1088 1566 1370 1619 sedentem
1421 1565 1584 1619 simul
1637 1581 1760 1619 eum

167 1674 363 1713 sorore
427 1675 525 1712 sua
569 1657 806 1721 Juliana,
857 1670 912 1712 et
970 1659 1221 1730 angelum
1269 1658 1360 1713 Dei
1423 1668 1655 1713 stantem
1705 1658 1761 1712 itt

172 1754 484 1819 conspectu
522 1753 778 1813 ferarum,
825 1767 999 1820 neque
1034 1752 1441 1819 permitte-litem
1482 1752 1623 1804 feras
1669 1767 1763 1803 ac-

164 1841 392 1896 cedere.
424 1841 800 1895 Cucurrerunt
831 1842 991 1909 igitur
1019 1843 1112 1904 illi,
1144 1852 1196 1894 ct
1230 1841 1520 1892 Aureliano
1552 1841 1757 1896 omnia.

164 1949 291 2003 qua:
326 1933 603 1997 viderant,
653 1942 993 1985 nuntiarunt.
1045 1932 1293 1985 Surrexit
1325 1933 1646 1986 Aurelianus
1684 1932 1764 1985 di-

168 2025 381 2090 luculo,
440 2033 496 2077 et
535 2022 675 2074 sedit
729 2037 828 2090 pro
865 2022 1147 2085 tribunali,
1197 2030 1250 2075 et
1284 2021 1449 2090 jussit
1495 2021 1762 2075 veneficos

165 2117 316 2170 feras
352 2130 484 2169 suas
529 2115 676 2168 illinc
705 2127 953 2176 evocare,
1006 2123 1060 2166 et
1093 2123 1362 2184 martyres
1406 2115 1530 2169 duci
1567 2116 1633 2169 ad
1668 2116 1752 2168 tri-

166 2204 363 2259 bunal.
394 2205 764 2258 Accesscruut
792 2204 1015 2256 venefici
1044 2205 1110 2256 ad
1135 2205 1383 2272 jauuaut,
1417 2214 1470 2259 et
1507 2205 1649 2259 feras
1700 2221 1764 2259 eo

176 2299 371 2360 modo,
416 2312 527 2365 quo
559 2295 826 2355 solebant,
871 2309 1067 2349 vocare
1114 2304 1424 2365 emperunt.
1472 2295 1606 2350 Cum
1635 2311 1763 2350 vero

182 2389 322 2442 fera:
362 2389 496 2457 ipsa:
560 2387 664 2442 illis
720 2403 827 2442 non
889 2388 1198 2455 obedircnt,
1235 2389 1457 2459 januam
1499 2387 1765 2457 patefece-

169 2490 324 2543 runt,
345 2489 403 2534 et
435 2481 566 2535 ferte
600 2496 710 2535 uno
735 2481 942 2552 impetu
979 2496 1173 2535 onmes
1203 2483 1477 2545 exierunt,
1508 2491 1563 2535 et
1596 2497 1766 2550 quos-

179 2585 410 2640 cunque
473 2570 717 2624 inﬁdeles
771 2570 1022 2625 homines
1072 2586 1243 2640 prepe
1286 2571 1507 2639 jauuam
1537 2572 1767 2624 invene-

175 2673 332 2724 runt,
370 2662 560 2716 statim
602 2661 961 2726 interfecere,
994 2670 1050 2715 et
1079 2663 1146 2716 ad
1184 2661 1400 2717 deserta
1451 2664 1569 2718 loca
1602 2662 1764 2716 aufu-

177 2764 407 2823 gerunt.

252 2845 376 2901 XV.
403 2847 659 2902 Carceris
682 2856 861 2902 autem
890 2847 1148 2902 custodes
1171 2847 1396 2902 Paulum
1419 2857 1472 2903 et
1497 2847 1765 2904 Julianam

176 2926 247 2994 ad
290 2941 584 2994 Aureliani
637 2939 873 2994 tribunal
921 2941 1217 2998 duxerunt.
1265 2939 1551 3010 Tyrannus
1604 2942 1769 3012 igitur

176 3045 277 3084 eos
316 3032 559 3093 intuens,
596 3045 660 3083 ae
692 3031 878 3085 ridens
912 3030 1200 3093 :Beatum,
1237 3021 1437 3100 inquit,
1479 3047 1566 3086 me
1606 3034 1768 3088 hodie

176 3122 464 3182 existimo,
489 3121 634 3189 quod
672 3130 851 3175 vestra
883 3123 1280 3178 consuetudine
1312 3124 1495 3191 fruor;
1539 3125 1769 3181 fortasse

1865 635 2155 698 seinoveri,
2176 642 2230 687 et
2262 632 2491 688 Paulum
2523 628 2741 692 reduci;
2771 627 2856 682 cui
2882 626 3019 681 dixit
3056 667 3068 680 .
3105 626 3210 691 En,
3243 625 3436 691 Paule,

1863 739 2022 778 soror
2079 733 2172 778 tua
2221 722 2477 793 promisit
2525 720 2661 775 mihi
2714 735 2773 774 se
2807 719 2911 773 diis
2971 719 3438 782 saerificaturam;

1861 833 1982 886 qua:
2033 817 2240 871 idcirco
2289 817 2420 870 mihi
2459 829 2592 868 uxor
2633 814 2760 876 erit,
2813 813 3088 881 totiusque
3128 812 3281 877 regni
3332 812 3439 866 mei

1863 911 2107 966 domina.
2153 910 2263 965 Fac
2312 911 2478 980 igitur
2520 918 2575 965 et
2610 918 2665 963 tu
2699 910 2842 977 quod
2891 909 3037 971 dico,
3068 918 3124 963 et
3157 909 3308 962 sinas
3343 907 3440 962 tibi

1863 1001 2191 1070 persuaderi
2241 1005 2300 1054 ut
2322 1001 2424 1055 diis
2445 999 2738 1055 sacrifices.
2765 999 2844 1054 Ad
2871 1001 2984 1054 haec
3010 998 3245 1054 Paulus:
3272 998 3438 1063 Vere,

1866 1092 2065 1158 inquit,
2121 1092 2390 1144 mentitus
2441 1106 2524 1154 es,
2575 1089 2738 1159 idque
2787 1100 2878 1143 tuo
2929 1089 3070 1142 malo
3110 1109 3124 1155 ;
3159 1091 3254 1144 sed
3302 1090 3440 1144 nihil

1864 1185 2104 1237 alienum
2139 1182 2319 1237 fecisti
2351 1199 2379 1236 a
2417 1183 2589 1252 patris
2623 1184 2698 1236 ttti
2740 1182 2944 1236 diaboli
2975 1181 3286 1248 disciplina,
3315 1197 3440 1235 cmn

1865 1274 1916 1327 id
1957 1273 2148 1338 facias,
2186 1275 2331 1343 quod
2391 1274 2478 1327 illc
2540 1275 2716 1328 solet:
2777 1289 2954 1342 neque
3003 1275 3150 1327 enim
3205 1274 3443 1342 aliquem

1867 1366 2157 1434 subripere
2235 1365 2486 1435 potestis,
2541 1365 2646 1419 nisi
2703 1365 2987 1419 tuendacia
3054 1366 3439 1432 conlingendo.

1865 1457 1972 1512 Sed
2007 1462 2207 1512 frustra
2261 1458 2499 1519 laboras,
2554 1472 2788 1526 namque
2831 1472 2932 1510 nos
2981 1473 3087 1510 non
3137 1457 3434 1526 decipies:

1865 1569 1933 1606 ne
1960 1569 2001 1606 Si
2034 1554 2198 1606 totius
2230 1551 2448 1617 quidem
2479 1551 2628 1604 orbis
2655 1560 2926 1604 terrarum
2956 1548 3246 1618 imperium
3277 1547 3439 1602 nobis

1865 1645 2228 1715 pollicercris.
2271 1639 2513 1707 Minime,
2558 1642 2802 1711 inquam,
2869 1657 2972 1697 nos
3033 1640 3437 1696 circumvenire

1867 1739 2095 1808 poteris.

1937 1830 2098 1885 XVII.
2125 1829 2418 1898 Quousque
2456 1828 2696 1893 tandem,
2722 1829 2896 1898 inquit
2925 1829 3274 1892 Aurelianus,
3302 1827 3443 1898 inju-

1872 1923 2004 1974 riatn
2037 1922 2194 1975 nobis
2223 1921 2489 1975 facis?.-\n
2515 1935 2624 1973 non
2650 1920 2954 1982 erubescis.
2979 1927 3212 1988 nugator
3231 1929 3287 1973 et
3307 1918 3443 1972 insi-

1867 2011 2060 2082 piens?
2093 2011 2195 2066 Per
2212 2013 2345 2065 deos
2370 2012 2518 2081 ipsos
2537 2027 2639 2081 ego
2657 2028 2753 2066 vos
2769 2013 3014 2066 omnium
3048 2027 3306 2082 generum
3330 2020 3443 2063 tor-

1869 2106 2074 2159 mentis
2110 2101 2366 2173 allligam,
2421 2115 2476 2156 et
2513 2117 2677 2156 nemo
2715 2117 2745 2157 e
2779 2101 3030 2156 manibus
3061 2102 3198 2156 meis
3225 2100 3444 2155 auferre

1868 2197 2091 2264 poterit.
2114 2195 2287 2249 Jussit
2313 2194 2474 2264 igitur
2511 2193 2690 2264 ignem
2715 2193 2919 2258 allerri,
2947 2203 3003 2248 et
3029 2192 3443 2262 quatuordecim

1869 2286 2046 2357 virgas
2074 2285 2298 2350 ferreas,
2322 2301 2523 2354 easque
2556 2287 2611 2338 in
2636 2287 2813 2356 ignem
2837 2287 3128 2355 conjici,et
3168 2285 3324 2338 valde
3354 2281 3444 2339 ac-

1866 2382 2025 2436 condi
2049 2399 2062 2444 ;
2087 2389 2200 2435 tum
2222 2381 2373 2434 Pauli
2395 2397 2589 2435 manus
2607 2391 2661 2435 et
2706 2381 3074 2452 pedes'ligari.
3097 2380 3444 2452 ferrettmque

1869 2485 2081 2530 vectem
2133 2475 2273 2528 inter
2307 2491 2503 2529 titanas
2539 2484 2595 2529 et
2627 2474 2796 2543 pedes
2839 2474 3010 2544 injici,
3048 2485 3104 2528 et
3145 2476 3198 2528 in
3242 2485 3444 2528 terram

1879 2568 2062 2639 defigi,
2094 2584 2157 2622 ac
2194 2568 2273 2622 sic
2306 2569 2470 2638 virgis
2500 2569 2683 2639 ignitis
2722 2563 2880 2623 binis'
2898 2584 2994 2638 per
3027 2569 3171 2622 vices
3215 2567 3443 2622 Paulum

1869 2661 2108 2730 percuti,
2160 2659 2430 2714 Julianam
2489 2676 2620 2716 vero
2673 2661 2838 2731 jussit
2894 2662 2949 2714 in
3001 2660 3250 2730 lttpanari
3305 2676 3444 2715 eon-

1868 2751 2040 2805 stitui.
2069 2751 2258 2816 Itaque
2290 2752 2440 2804 multi
2469 2767 2498 2804 e
2529 2751 2685 2805 turba
2717 2754 2828 2817 illa,
2861 2769 2981 2821 quae
3028 2752 3439 2818 circumstabat,

1873 2843 2088 2898 scelesti
2122 2853 2175 2897 et
2203 2843 2400 2897 nefarii
2431 2844 2704 2909 homines,
2728 2845 2978 2899 certatim
3009 2844 3440 2909 contendebant,

1869 2934 1992 3004 quis
2019 2935 2090 2988 ad
2107 2949 2224 2988 eam
2256 2936 2463 3004 primus
2489 2936 2888 3004 ingrederetur.
2922 2937 3089 2990 I'lrant
3115 2937 3258 2991 enim
3294 2937 3448 2993 velut

1870 3027 1994 3095 equi
2054 3027 2392 3089 hinnientcs,
2438 3028 2556 3097 ejus
2585 3028 2778 3096 puella:
2806 3027 2979 3081 forma
3031 3029 3265 3083 incitati.
3302 3028 3440 3084 Cum

1869 3134 2000 3173 vero
2040 3119 2095 3172 in
2130 3134 2196 3173 eo
2225 3118 2361 3179 loco.
2398 3119 2449 3172 in
2480 3133 2588 3187 quo
2627 3118 2958 3172 Aurelianus
2989 3119 3252 3186 jusserat,
3304 3134 3438 3173 eon-

177 3215 332 3268 enim
367 3227 628 3282 magnum
655 3212 859 3282 aliquid
899 3227 930 3266 a
961 3214 1116 3267 vobis
1160 3215 1517 3279 luerifaciam,
1570 3225 1623 3270 et
1671 3232 1768 3284 per
1792 3225 1836 3287 (ζ
1871 3213 2059 3266 stituta
2087 3221 2255 3274 esset,
2302 3210 2486 3264 statim
2520 3211 2745 3282 angelus
2795 3210 3006 3268 Domini
3047 3212 3330 3266 descendit
3381 3213 3446 3267 tle

177 3307 317 3361 deos-
357 3305 530 3373 ipsos,
573 3305 618 3358 si
670 3304 890 3374 quidem
919 3304 1052 3358 mihi
1083 3319 1269 3359 verum
1300 3306 1570 3371 dixeritis,
1597 3309 1767 3361 multa

175 3407 235 3450 et
261 3409 464 3465 magna
492 3394 634 3449 dona
666 3410 695 3449 a
731 3410 818 3450 me
853 3395 1196 3466 pereipietis,
1242 3409 1298 3452 et
1337 3399 1487 3469 regni
1532 3399 1636 3454 mei
1669 3414 1768 3470 po-

177 3495 354 3542 testas
379 3500 554 3554 pcnes
579 3489 675 3539 res
697 3486 820 3542 erit.
851 3486 1108 3556 Nunquid
1141 3503 1238 3542 vos
1266 3489 1428 3543 deum
1461 3490 1768 3561 Apollinem

178 3587 547 3648 praesentem,
604 3585 661 3630 et
718 3578 876 3631 vobis
934 3579 1321 3647 Opitulantem,
1381 3591 1440 3635 tit
1506 3583 1686 3637 audivi
1740 3599 1767 3637 a

177 3668 514 3738 quibusdam
565 3667 1023 3736 speculatoribus,
1097 3669 1348 3726 vidistis?
1401 3671 1532 3739 Nos,
1594 3674 1772 3745 inquit

179 3759 412 3823 Paulus,
443 3758 655 3813 nullutn
685 3759 994 3831 Apollinem
1021 3763 1398 3832 cognovimus,
1426 3782 1550 3820 nam
1580 3783 1772 3824 sumus

178 3864 247 3904 ex
285 3865 484 3904 eorum
514 3863 770 3914 numero,
798 3851 1000 3918 quibus
1026 3851 1166 3904 Deus
1193 3854 1423 3908 salutem
1450 3856 1624 3910 dedit.
1653 3857 1768 3912 Tua

176 3957 318 3997 vero
362 3942 552 3995 anima
601 3940 668 3995 ad
720 3953 955 3997 mortem
1009 3955 1182 4013 usque
1227 3945 1443 4014 perdita
1489 3957 1594 4004 est.
1648 3950 1770 4004 Non

176 4031 333 4084 enim
367 4029 542 4098 sapis,
571 4043 749 4099 neque
778 4033 1106 4100 resipiscere
1135 4034 1214 4088 vis
1239 4052 1253 4098 ;
1276 4037 1409 4104 quin
1439 4035 1550 4092 imo
1567 4039 1771 4096 multus

179 4118 501 4188 tyrannidis
533 4127 639 4172 tua:
669 4118 822 4171 furor
853 4119 920 4172 ad
956 4121 1355 4188 blasphemiam
1395 4135 1446 4177 te
1476 4131 1768 4195 convertit,

180 4211 398 4279 quippe
449 4208 543 4278 qui
576 4208 853 4279 angelum,
909 4224 1071 4280 quem
1128 4210 1280 4265 misit
1318 4210 1578 4269 Dominus
1613 4216 1771 4272 Jesus

173 4299 447 4356 Christus
511 4299 580 4355 ad
632 4301 939 4356 obturanda
985 4318 1083 4358 ora
1131 4314 1472 4374 serpentum,
1513 4324 1634 4379 quae
1679 4320 1769 4366 tua

174 4404 267 4449 est
302 4393 626 4464 arrogantia
654 4403 710 4446 et
739 4395 1044 4458 temeritas,
1071 4395 1376 4464 Apollinem
1409 4397 1581 4454 fuisse
1610 4403 1768 4459 dicis.

177 4484 346 4542 Tunc
411 4486 592 4540 iratus
639 4486 984 4550 Aurelianus,
1050 4486 1216 4554 jussit
1272 4487 1544 4556 plumbeis
1599 4494 1770 4563 globis

176 4580 341 4635 Pauli
393 4577 650 4632 maxillas
705 4577 992 4641 contundi,
1042 4585 1207 4646 atque
1253 4579 1329 4632 illi
1357 4581 1464 4637 dici

182 4671 538 4739 insipienter
583 4676 640 4722 et
693 4677 1015 4740 arroganter
1057 4669 1320 4739 loquaris,
1368 4687 1493 4728 cum
1533 4676 1673 4731 scias
1719 4686 1772 4732 te

176 4762 520 4834 imperatori
552 4760 836 4816 assistere.

249 4857 408 4912 XVI.
455 4854 640 4910 Jussit
688 4865 876 4923 postea
904 4868 935 4908 e
983 4854 1242 4924 tribunali
1285 4856 1513 4914 Paulum
1551 4861 1769 4928 abduci,

177 4960 235 5005 et
279 4947 573 5004 Julianam
623 4944 745 5014 ejus
783 4959 1030 4999 sororem
1077 4963 1262 5002 coram
1303 4951 1445 5013 sisti.
1477 4969 1639 5021 quam
1689 4954 1776 5010 his

180 5039 380 5097 verbis
413 5050 710 5107 aggressus
747 5046 830 5092 est
860 5053 874 5090 :
910 5034 1130 5102 Quaaso,
1157 5039 1354 5095 animm
1389 5056 1524 5096 mea:
1552 5043 1774 5099 domina

177 5131 432 5198 Iuliana,
466 5143 680 5200 quaeso,
707 5129 949 5198 inquam,
978 5141 1034 5185 et
1060 5139 1112 5184 te
1137 5130 1347 5194 hortor,
1376 5149 1445 5188 ne
1473 5133 1656 5188 fratris
1691 5136 1766 5188 tui

179 5229 472 5285 insaniam
529 5221 784 5276 imiteris.
838 5220 1014 5278 Video
1078 5233 1131 5278 te
1181 5223 1413 5294 puellam
1464 5227 1776 5295 prudentis-

180 5321 410 5378 simam,
440 5312 620 5369 multa
651 5311 915 5381 sapientia
961 5311 1246 5367 refertam.
1281 5313 1607 5386 Obtempera
1645 5333 1775 5372 con-

179 5413 323 5470 siliis
355 5406 529 5469 meis,
563 5415 620 5459 et
647 5404 930 5459 columnas
952 5418 1149 5459 aureas
1180 5418 1278 5472 per
1306 5415 1478 5461 totum
1507 5417 1773 5462 terrarum

179 5507 408 5567 orbem,
463 5508 564 5553 tuo
594 5497 818 5550 nomine
854 5495 1174 5565 inscriptas,
1226 5495 1460 5566 erigam.
1497 5498 1651 5553 Tune
1700 5501 1775 5554 illi

178 5599 408 5656 Juliana
452 5610 468 5648 :
512 5587 758 5652 Minime,
791 5589 991 5658 inquit,
1041 5605 1128 5644 me
1175 5589 1437 5660 decipies,
1485 5593 1777 5649 Aureliaue

179 5704 424 5766 tyranne
459 5695 520 5740 et
562 5670 753 5750 impie.
784 5679 904 5736 Non
947 5682 1346 5737 circumvenies
1378 5683 1472 5738 Dei
1523 5684 1777 5746 altissimi

183 5797 434 5842 servam.
469 5777 559 5831 Ne
602 5771 736 5828 mihi
768 5780 1026 5826 aeternam
1063 5783 1292 5828 mortem
1327 5789 1604 5846 suggeras.
1650 5776 1774 5833 Vis-

181 5895 250 5935 ne
283 5890 375 5934 me
408 5870 640 5944 privare
675 5863 766 5922 Dei
798 5863 964 5935 gloria
999 5872 1052 5922 et
1083 5866 1292 5923 cmlesti
1331 5881 1520 5940 regno,
1558 5885 1666 5940 quo
1704 5883 1764 5927 tu

1874 3302 2038 3364 cmlo,
2094 3311 2149 3355 et
2201 3303 2338 3355 dixit
2398 3322 2410 3355 :
2466 3301 2542 3356 Ne
2615 3304 2838 3366 timeas,
2880 3300 3128 3366 Juliaua;
3186 3303 3447 3358 Dominus

1872 3391 2020 3448 enim
2052 3391 2214 3446 Jesus
2237 3392 2516 3454 Christus,
2542 3408 2705 3462 quem
2741 3403 2797 3446 tu
2829 3395 2983 3458 colis,
3010 3395 3156 3450 misit
3185 3412 3292 3456 me.
3315 3405 3374 3448 ut
3395 3406 3448 3450 te

1873 3490 2177 3558 protegam,
2207 3492 2264 3537 et
2304 3493 2558 3537 Sanctum
2609 3498 2808 3537 nomen
2843 3484 2964 3554 ejus
3006 3495 3196 3538 uotum
3248 3486 3443 3543 faciam

1872 3576 2128 3629 omnibus
2157 3574 2478 3630 timentibus
2515 3589 2664 3629 eum.
2700 3573 2836 3629 Cttut
2875 3591 3002 3630 Vero
3041 3575 3195 3629 multi
3245 3578 3309 3629 ad
3347 3578 3450 3631 vir-

1873 3667 2057 3738 ginem
2079 3667 2428 3731 accederent,
2449 3677 2505 3720 et
2523 3668 2642 3736 ejus
2663 3669 3066 3737 pulchritudine
3100 3669 3200 3722 frui
3225 3671 3448 3735 vellent,

1875 3759 2102 3830 angelus
2135 3753 2377 3813 excussit
2420 3773 2452 3812 e
2503 3759 2731 3828 pedibus
2778 3761 2890 3812 suis
2941 3761 3237 3827 pulverem,
3286 3772 3340 3815 ct
3393 3763 3445 3816 in

1874 3865 2061 3904 eorum
2096 3851 2286 3902 oculos
2321 3850 2528 3918 injecit,
2566 3850 2639 3904 ita
2663 3859 2723 3904 ut
2747 3866 2841 3905 eos
2864 3856 3170 3906 (fXCZ’Cttl'll.
3202 3851 3454 3923 Quapro-

1874 3949 1998 4010 pter
2030 3955 2206 4008 neqne
2241 3940 2476 4008 amplius
2504 3943 2824 4004 cernebant,
2855 3944 2947 3996 tibi
2975 3953 3180 4005 essent,
3216 3954 3308 3998 aut
3336 3940 3448 4013 quo

1877 4033 2040 4098 irent,
2070 4046 2246 4100 neque
2300 4031 2366 4085 ad
2413 4029 2558 4084 illam
2606 4032 2869 4085 accedere
2908 4043 3178 4098 poterant.
3217 4035 3272 4086 Id
3317 4051 3444 4090 cum

1876 4122 2049 4177 turba:
2088 4122 2369 4183 vidissent,
2397 4123 2540 4190 quod
2577 4121 2968 4177 admirabiliter
3012 4123 3210 4177 factum
3247 4123 3447 4190 fuerat,

1875 4228 1988 4266 uno
2008 4213 2190 4265 animo
2213 4211 2526 4264 clamabant
2552 4231 2562 4264 :
2589 4212 2816 4281 Magnus
2836 4223 2918 4267 est
2951 4214 3091 4267 Dens
3111 4213 3256 4268 Pauli
3281 4226 3332 4269 et
3353 4215 3452 4270 Ju-

1872 4302 2055 4364 lianze,
2088 4301 2180 4372 qui
2215 4300 2415 4369 ubique
2446 4315 2544 4355 eos
2577 4313 2754 4354 servat
2791 4311 2846 4353 et
2883 4307 3135 4371 protegit,
3168 4307 3256 4373 qui
3295 4303 3446 4359 illum

1875 4396 2103 4452 timent.
2135 4394 2237 4461 Qui
2272 4403 2455 4448 autem
2488 4394 2740 4448 excatcati
2775 4393 3008 4454 fuerant,
3041 4393 3189 4447 ﬂexis
3222 4397 3452 4464 genibus

1876 4489 2148 4557 supplices
2170 4489 2291 4556 ejus
2310 4501 2470 4555 opem
2496 4485 2888 4554 implorabant,
2907 4487 3185 4541 dicentes:
3212 4487 3449 4555 Juliaua,

1511 4601 1526 4638 :
1571 4585 1649 4640 Ne
1695 4589 1771 4642 ita
1799 4588 1850 4646 D
1878 4600 2032 4636 serva
2069 4582 2163 4635 Dei
2195 4581 2470 4642 altissimi,
2506 4581 2860 4649 peccavimus
2895 4581 3115 4650 quidem
3148 4592 3335 4636 contra
3373 4590 3448 4645 te,

1874 4689 1997 4727 eum
2044 4672 2209 4726 stulte
2253 4682 2419 4740 atque
2466 4671 2791 4741 insipienter
2822 4689 2923 4726 nos
2964 4673 3322 4741 gesserimus;
3353 4675 3449 4728 sed

1876 4777 1935 4820 tu
1984 4767 2076 4833 da,
2117 4779 2453 4836 quaesumus,
2506 4763 2666 4819 nobis
2715 4763 2950 4826 veniam,
2999 4773 3057 4818 ut
3108 4762 3199 4817 Dei
3252 4780 3446 4820 serva:

1874 4868 1930 4912 et
1954 4873 2176 4928 precare
2197 4857 2472 4912 Cltristttm
2504 4867 2680 4914 tuum.
2706 4865 2765 4910 ut
2788 4855 2946 4912 nobis
2979 4857 3151 4912 visum
3175 4857 3446 4912 restituat.

1876 4949 2078 5005 Eorum
2135 4947 2512 5002 misericordia
2559 4959 2830 5004 commota
2877 4949 3110 5012 Juliana,
3169 4950 3447 5018 paululum

1883 5057 2038 5110 aqua:
2078 5039 2291 5108 accepit
2323 5056 2336 5091 :
2373 5049 2579 5093 etcum
2607 5045 2792 5094 oculos
2832 5040 2885 5091 in
2911 5039 3106 5091 emlutn
3148 5037 3445 5102 extulisset,

1877 5134 2048 5189 Demn
2081 5131 2380 5194 invocavit,
2405 5131 2476 5184 ita
2504 5131 2694 5185 dicens
2721 5147 2735 5184 :
2764 5128 2992 5184 Domine
3016 5128 3145 5184 Jesu
3211 5130 3445 5196 Christe.

1873 5237 2065 5282 auctor
2093 5228 2339 5281 omnium
2381 5225 2592 5284 salutis.
2626 5225 2822 5280 exaudi
2857 5240 2963 5287 me,
3009 5234 3064 5277 et
3106 5239 3251 5277 nunc
3282 5224 3446 5277 etiam

1877 5321 2104 5376 ostende
2142 5318 2411 5374 miracula
2486 5329 2541 5372 et
2591 5319 2837 5389 prodigia
2883 5332 3004 5387 quae
3052 5316 3185 5372 facis
3231 5329 3451 5386 propter

1878 5426 1978 5466 nos
2010 5411 2149 5466 ﬁlios
2182 5411 2490 5464 hominum.
2528 5408 2777 5464 Restitue
2825 5408 2910 5462 his
2957 5408 3088 5463 viris
3135 5409 3446 5462 facultatem

1878 5504 2121 5567 videndi,
2157 5512 2217 5558 ut
2246 5512 2498 5558 sanctum
2525 5513 2579 5558 et
2605 5501 2900 5572 gloriosum
2939 5517 3137 5555 nomen
3175 5511 3324 5554 tuum
3356 5516 3451 5555 ce-

1882 5597 2145 5651 lebretur.
2194 5594 2318 5651 “me
2364 5609 2487 5650 cum
2533 5595 2783 5659 dixisset,
2821 5608 3016 5663 aquam
3053 5608 3218 5663 supra
3262 5596 3447 5647 turbas

1880 5690 2001 5744 illas
2032 5689 2251 5751 infudit,
2297 5697 2354 5742 et
2380 5701 2594 5752 omnes,
2627 5687 2718 5755 qui
2773 5687 3031 5742 excaeati
3080 5684 3317 5748 fuerant,
3364 5686 3448 5738 vi-

1881 5794 2001 5834 sum
2040 5787 2388 5850 receperunt.
2456 5778 2593 5832 Tum
2643 5780 2720 5834 illi
2783 5779 2852 5834 ad
2910 5788 3107 5834 terram
3165 5779 3446 5848 prostrati.

1883 5870 2084 5942 gratias
2117 5870 2228 5928 Dco
2265 5868 2584 5937 reddebant,
2620 5869 2995 5942 paenitentiam
3024 5869 3450 5944 agentes.Cum-
