4158 6466
745 384 848 447 583

2009 377 2295 437 MENSIS
2338 378 2766 440 AUGUSTUS.

3895 381 3998 444 584

745 506 854 560 quc
909 499 1128 560 peccata
1170 503 1268 545 sua
1318 487 1558 543 confessi
1597 499 1802 556 essent,
1834 484 2137 543 Christiani
2185 482 2317 539 facti
2352 491 2392 546 Î‘
2426 486 2546 543 Haec
2577 504 2700 543 cum
2751 499 3020 561 martyres
3055 503 3438 559 precarentur,
3471 489 3627 547 multi
3663 506 3728 546 ex
3777 484 4001 557 Cascis,

749 591 896 636 sunt.

817 668 1006 723 XVIII.
1078 668 1278 723 Paulus
1338 685 1489 730 vero,
1537 669 1603 722 de
1655 686 1762 739 quo
1813 671 2148 738 dici-bamus,
2199 688 2324 726 cum

745 774 774 812 a
803 759 1155 813 carnificibus
1187 760 1554 823 cruciaretur,
1583 759 1748 827 virgis
1770 759 1876 813 illis
1903 761 2095 816 ferreis
2119 762 2325 816 diutius

753 866 1052 919 percussus
1104 849 1528 914 vociferabatur,
1579 850 1691 904 hrec
1747 853 1936 906 dicens
1984 855 2325 909 :Aureliane

750 952 976 1014 tyranne
1003 947 1057 996 et
1097 941 1326 1005 nefarie,
1371 942 1631 1009 quidnam
1683 945 1808 995 mali
1845 946 2114 1007 commisi,
2151 955 2211 999 ut
2249 947 2326 1000 sic

747 1035 1038 1090 crudeliter
1064 1043 1118 1087 et
1147 1034 1309 1102 impie
1342 1047 1425 1087 me
1451 1035 1702 1089 crucies?
1741 1035 1936 1089 Verum
1970 1053 2055 1092 me
2102 1038 2324 1106 quidem

749 1144 776 1182 a
797 1128 1083 1182 tormentis
1110 1127 1371 1180 Dominus
1397 1142 1552 1182 meus
1576 1128 1733 1183 Jesus
1757 1129 2012 1184 Christus
2037 1131 2325 1187 sublevat:

753 1227 802 1271 te
835 1234 965 1272 vero
1017 1228 1202 1272 manet
1251 1221 1539 1273 litercditas
1586 1221 1776 1275 aeterni
1830 1222 1977 1275 illius
2027 1222 2188 1292 ignis,
2233 1224 2324 1290 qui

751 1319 973 1380 paratus
1004 1320 1089 1365 est
1126 1312 1246 1375 tibi,
1280 1323 1334 1365 et
1364 1312 1580 1366 diabolo
1613 1314 1726 1368 haec
1759 1315 2022 1368 adversus
2052 1330 2154 1368 nos
2201 1330 2326 1385 sug-

748 1406 981 1476 gerenti.
1020 1405 1086 1459 Et
1120 1405 1362 1469 ubinam,
1408 1406 1588 1474 inquit
1628 1406 1974 1468 Aurelianus,
2015 1407 2202 1468 Paule,
2245 1414 2329 1461 est

747 1494 960 1549 Juliana
1007 1511 1164 1549 soror
1205 1504 1315 1559 tua,
1347 1511 1511 1564 quam
1553 1496 1634 1549 ais
1677 1511 1799 1549 esse
1838 1506 2235 1566 temperantem
2277 1507 2330 1550 et

753 1587 1059 1656 virginem?
1088 1586 1164 1638 En
1199 1587 1285 1638 illa
1312 1588 1377 1639 ad
1410 1587 1640 1660 lupanar
1669 1585 1834 1640 ducta
1861 1595 1964 1640 est.
2001 1585 2138 1640 Num
2172 1597 2329 1656 putas

751 1679 933 1732 adhuc
957 1690 1078 1731 esse
1107 1679 1409 1748 virginem?
1434 1679 1510 1732 Ad
1539 1679 1654 1732 haec
1681 1679 1881 1732 Paulus
1906 1695 1920 1734 :
1954 1677 2100 1741 Scio,
2132 1679 2328 1747 inquit,

750 1770 902 1825 illum
933 1771 1110 1839 ipsum
1146 1770 1336 1835 Deum,
1369 1771 1458 1839 qui
1493 1787 1714 1843 semper
1746 1788 1772 1824 a
1814 1772 1923 1825 tuis
1954 1772 2137 1839 pravis
2171 1769 2324 1836 cogi-

754 1860 1052 1912 tationibns
1097 1876 1183 1912 me
1217 1861 1488 1923 liberavit,
1523 1861 1732 1913 sororis
1772 1861 1936 1913 etiam
1964 1876 2097 1914 mea:
2127 1875 2328 1929 pr0pu-

753 1961 1038 2022 gnatoretn
1095 1951 1286 2016 fuisse,
1327 1961 1383 2006 et
1423 1952 1685 2008 intactum
1729 1952 1798 2005 ab
1840 1953 1991 2006 omni
2029 1953 2150 2007 labe
2191 1967 2328 2006 con-

751 2059 1018 2100 servasse.
1049 2045 1191 2100 Misit
1215 2046 1360 2099 cnim
1393 2047 1646 2116 angelum
1678 2062 1836 2101 suum
1868 2063 1897 2100 e
1927 2048 2087 2113 ccelo,
2119 2055 2178 2099 ut
2209 2061 2328 2098 eam

751 2137 1070 2190 custodiret.
1106 2135 1183 2187 En
1233 2147 1288 2188 ut
1323 2137 1439 2188 sine
1472 2137 1709 2198 macula,
1739 2146 1794 2189 et
1823 2136 2199 2207 virginitatem
2229 2152 2330 2207 pu-

752 2245 864 2282 ram
890 2231 1117 2290 habens,
1144 2230 1453 2291 revertitur,
1481 2237 1538 2282 ut
1565 2229 1744 2282 videat
1764 2229 1980 2283 vincula
2006 2245 2148 2284 mea.
2170 2228 2332 2284 Mise-

751 2323 994 2376 ratenim
1016 2323 1363 2387 Aurelianus,
1393 2333 1450 2375 ut
1472 2322 1686 2376 Juliana
1711 2324 2032 2377 duceretur.
2054 2323 2186 2388 Quae
2205 2336 2329 2378 cum

754 2419 991 2470 venisset
1017 2415 1083 2468 ad
1110 2415 1370 2478 tribunal,
1391 2425 1446 2469 et
1468 2415 1670 2468 Paulus
1705 2431 1822 2469 eam
1860 2417 2119 2479 vidisset,
2163 2417 2333 2469 multo

753 2507 951 2578 gaudio
975 2506 1174 2580 plenus
1201 2506 1340 2560 risit.
1382 2507 1709 2561 Aurelianus
1735 2523 1866 2560 vero
1892 2527 1902 2558 :
1936 2507 2096 2571 Num,
2134 2507 2330 2576 inquit,

752 2597 994 2664 Juliana,
1042 2607 1313 2651 amatores
1336 2599 1409 2650 tui
1431 2598 1943 2667 pulehritudinetua
1959 2598 2138 2651 satiati
2173 2598 2333 2652 sunt?

753 2692 820 2745 At
840 2691 926 2744 illa
946 2693 1116 2744 dixit:
1142 2692 1252 2744 Mea
1271 2691 1642 2758 pulchritudo,
1661 2708 1839 2746 meum
1859 2701 2242 2747 ornamentum
2276 2700 2332 2744 et

755 2785 922 2837 decus
945 2783 1204 2837 Christus
1226 2792 1324 2846 est,
1356 2783 1448 2852 qui
1486 2782 1640 2837 misit
1675 2785 1928 2854 angelum
1949 2800 2133 2847 suum,
2161 2793 2214 2837 et
2247 2799 2333 2836 me

755 2875 1021 2944 abjeetam
1041 2885 1202 2944 atque
1230 2876 1492 2928 humilem
1536 2891 1750 2928 servam
1776 2877 2010 2944 protexit
2039 2875 2331 2944 :quoniam

757 2965 917 3024 fidem
951 2976 1004 3018 et
1030 2979 1180 3034 spem
1217 2982 1391 3020 nteant
1428 2967 1481 3019 in
1517 2967 1608 3020 illo
1645 2968 1805 3021 fixam
1848 2967 2046 3021 habeo.
2087 2967 2334 3036 Quaproo

755 3065 878 3126 pter
908 3059 1108 3127 gratias
1153 3058 1226 3111 illi
1261 3075 1381 3130 ago,
1419 3068 1474 3114 et
1506 3070 1761 3113 sanctum
1810 3060 1927 3130 ejus
1961 3074 2163 3113 nomen
2213 3059 2331 3113 col-

2357 1830 2405 1889 B

2430 578 2519 633 Dei
2569 582 2865 650 potentiam
2916 582 3376 651 contemplantes,
3432 583 3612 637 animo
3665 583 4003 652 compuncti,

2429 672 2497 724 ab
2551 671 2817 725 idolorum
2875 673 3266 742 superstitione
3338 672 3678 735 defecerunt,
3715 681 3770 728 et
3804 671 4003 726 Christi

2432 763 2590 817 fidem
2626 764 2797 818 secuti
2831 773 2987 829 sunt;
3030 764 3186 818 multi
3226 764 3390 818 etiam
3439 763 3744 826 carnifices,
3792 764 3887 832 qui
3918 778 4005 817 cos

2431 858 2879 922 verberaverant,
2919 873 3041 912 cum
3096 856 3189 909 Dei
3248 864 3394 910 tanta
3453 857 3506 908 in
3575 855 3696 907 illos
3747 855 4003 908 beneficia

2431 951 2624 1005 collata
2667 952 2950 1015 vidissent,
3012 958 3225 1005 mutato
3303 949 3554 1011 consilio,
3601 947 3810 1002 Christi
3852 945 4004 1001 fidem

2431 1042 2669 1111 amplexi
2708 1050 2857 1095 sunt.

2502 1135 2617 1189 XX.
2658 1135 2870 1188 Perlata
2907 1149 3037 1188 vero
3069 1144 3200 1188 sunt
3237 1132 3355 1186 lizec
3396 1132 3587 1186 omnia
3647 1129 3716 1184 ad
3764 1127 4006 1182 Aurelia-

2431 1244 2586 1288 num,
2609 1227 2907 1296 quijussit,
2931 1225 3050 1278 illos
3073 1227 3145 1278 ita
3171 1235 3227 1278 ut
3249 1233 3426 1288 erant,
3452 1223 3503 1277 in
3548 1222 3706 1276 fovea
3730 1221 4004 1288 lapidibus

2432 1316 2609 1372 obrui.
2641 1316 2743 1370 Sed
2772 1330 2907 1370 ecce
2935 1325 3159 1383 repente.
3183 1314 3408 1366 tunitrui
3433 1314 3644 1369 sonitus
3669 1328 3797 1366 cum
3827 1311 4004 1364 multis

2433 1408 2766 1479 fulguribus,
2813 1416 2868 1459 et
2904 1409 3077 1459 nubes
3124 1405 3232 1459 huc
3287 1415 3452 1473 atque
3500 1406 3625 1458 illuc
3673 1405 3913 1475 agitatin,
3961 1411 4010 1455 et

2435 1502 2574 1572 ignis
2611 1500 2799 1568 plente,
2843 1513 3015 1568 usque
3064 1499 3131 1550 ad
3188 1496 3466 1551 Aureliani
3512 1506 3876 1564 conspectum
3920 1494 4010 1547 dc-

2435 1601 2728 1654 venerunt,
2781 1603 2834 1643 ct
2860 1591 3039 1659 ignem
3102 1588 3257 1642 illum
3317 1588 3370 1638 in
3414 1597 3616 1640 terram
3674 1586 4009 1646 effuderunt,

2436 1701 2652 1759 voxque
2687 1685 2801 1737 haec
2855 1701 2884 1734 e
2917 1681 3056 1735 Î¿Ï‰Î¹Î¿
3108 1679 3174 1732 ad
3228 1694 3352 1732 eum
3390 1681 3628 1732 demissa
3671 1689 3755 1731 est
3795 1698 3808 1732 :
3841 1683 4012 1732 Aure-

2437 1780 2604 1841 liane,
2637 1775 2924 1846 ingredere
2963 1775 3019 1826 in
3050 1773 3303 1841 abyssum
3337 1773 3602 1840 gehennae
3642 1769 3812 1838 ignis,
3862 1785 4011 1837 para-

2436 1883 2543 1926 tam
2571 1871 2667 1925 tibi
2692 1879 2744 1923 et
2770 1867 2908 1938 patri
2939 1875 3030 1921 tuo
3053 1865 3273 1920 diabolo
3339 1863 3464 1918 Hec
3485 1877 3610 1916 cum
3635 1861 3781 1916 facta
3811 1872 4010 1921 essent,

2434 1964 2586 2019 misit
2617 1962 2970 2023 Aurelianus,
3004 1968 3054 2013 et
3077 1957 3244 2028 jussit
3278 1957 3516 2011 athletas
3543 1953 3829 2009 etChristi
3876 1967 4011 2005 mar-

2435 2067 2577 2127 tyres
2609 2071 2671 2109 ex
2705 2054 2860 2108 fovea
2895 2054 2984 2106 illa
3011 2052 3255 2114 extrahi,
3292 2060 3348 2105 et
3379 2050 3435 2103 in
3470 2063 3751 2103 carcerem
3793 2045 4012 2113 conjici.

2436 2149 2626 2221 Itaque
2679 2147 2852 2202 sancti
2910 2154 3175 2213 martyres
3210 2143 3302 2196 Dei
3343 2141 3571 2212 gloriam
3621 2139 3921 2194 laudabant
3966 2137 4012 2189 in

2434 2240 2692 2295 omnibus
2749 2239 2858 2300 his,
2908 2251 3028 2310 quae
3085 2236 3229 2287 Deus
3263 2234 3378 2301 ipse
3421 2230 3747 2284 mirabiliter
3803 2229 4012 2316 illorum

2435 2347 2600 2388 causa
2636 2331 2863 2384 fecerat.
2902 2327 3149 2397 Septimo
3185 2325 3274 2378 die
3323 2332 3513 2393 postea
3558 2321 3805 2377 diluculo
3846 2324 4014 2373 Aure-

2434 2427 2617 2480 lianus
2647 2423 2788 2478 sedit
2817 2422 2870 2475 in
2897 2420 3178 2481 tribunali,
3209 2429 3264 2473 et
3286 2418 3452 2490 jussit
3475 2418 3794 2473 sacerdotes
3831 2414 4014 2470 afferre

2437 2528 2790 2591 quotcunque
2811 2515 2948 2570 idola
2973 2516 3248 2570 habebant
3266 2523 3492 2586 argento
3515 2521 3567 2566 et
3586 2527 3720 2565 auro
3748 2510 4011 2564 confecta.

2436 2631 2497 2669 ac
2530 2612 2784 2683 pretiosis
2813 2610 3085 2680 lapidibus
3125 2617 3342 2662 ornata.
3393 2606 3525 2671 Quae
3571 2603 3891 2656 sacerdotes
3925 2598 4011 2666 ipsi

2437 2718 2561 2757 mox
2618 2703 2670 2752 in
2728 2708 3028 2767 conspectu
3082 2694 3363 2749 Aureliani
3428 2692 3862 2754 constituerunt,
3900 2701 4011 2745 cum

2438 2791 2764 2846 stravissent
2809 2789 2911 2841 sub
2965 2787 3083 2856 ejus
3125 2786 3355 2854 pedibus
3416 2799 3708 2853 purpuram
3766 2783 4011 2851 regalem.

2439 2882 2576 2951 Tum
2618 2880 2982 2934 Aurelianus:
3014 2875 3236 2942 Vocale,
3274 2877 3467 2945 inquit,
3502 2874 3732 2929 Paulum
3764 2885 3820 2927 et
3854 2871 4011 2926 Julia.

2438 2989 2588 3032 nam.
2620 2966 2768 3038 Quos
2799 2987 2923 3027 cum
2948 2970 3176 3025 vidisset
3207 2979 3335 3024 ante
3363 2968 3603 3024 tribunal
3631 2967 4010 3028 consistentes.

2437 3071 2621 3122 animo
2656 3079 2710 3121 et
2737 3066 2885 3118 vultu
2927 3063 3085 3118 valde
3117 3061 3258 3116 irato
3287 3061 3392 3114 illis
3425 3060 3689 3122 minatus,
3724 3057 3864 3110 dixit
3897 3074 3910 3110 :
3948 3055 4010 3108 Ite

757 3150 940 3213 laudo,
970 3151 1117 3221 quod
1151 3153 1268 3222 ipse
1322 3162 1426 3216 est,
1463 3153 1555 3221 qui
1591 3152 1719 3206 facit
1768 3152 2041 3206 mirabilia
2095 3154 2245 3207 solus
2285 3153 2329 3216 â€˜.
2364 3170 2407 3227 (Î¶
2441 3175 2613 3223 nunc,
2645 3169 2699 3212 et
2725 3157 2829 3212 diis
2875 3154 3208 3216 sacriï¬cate;
3259 3154 3428 3206 nolim
3472 3155 3620 3206 enim
3668 3148 4008 3208 existimetis,

757 3248 815 3296 et
838 3258 946 3295 non
983 3253 1066 3296 cst
1092 3243 1233 3296 alius
1263 3243 1406 3296 Deus
1435 3247 1632 3313 praeter
1666 3246 1864 3314 ipsum.

830 3334 970 3388 XIX.
1004 3333 1178 3390 Iussit
1203 3337 1463 3406 deinceps
1494 3339 1825 3392 Aurelianus
1855 3337 2080 3391 Paulum
2107 3339 2332 3403 exsolvi,

758 3431 816 3482 et
859 3429 1070 3483 foveam
1121 3431 1412 3499 quamdam
1457 3431 1643 3495 effudi,
1691 3441 1797 3485 tam
1836 3433 2078 3502 longam,
2129 3443 2334 3500 quanta

759 3523 848 3573 est
887 3525 1050 3574 trium
1097 3523 1383 3576 hominum
1431 3530 1676 3590 statura;
1715 3534 1828 3577 tum
1871 3524 2015 3590 ligna
2055 3530 2110 3574 et
2158 3523 2336 3594 ignem

759 3613 981 3677 afferri,
1036 3624 1199 3682 aulue
1255 3615 1310 3667 in
1368 3616 1524 3667 fovea
1579 3617 1667 3666 illa
1725 3615 2006 3667 succendi.
2068 3613 2339 3670 Fecerunt

760 3705 1064 3768 carnifices,
1093 3705 1238 3774 quod
1260 3707 1474 3775 jussum
1502 3705 1699 3765 fuerat,
1730 3704 2022 3757 admodum
2057 3706 2294 3758 studiosa
2321 3722 2335 3770 ;

759 3815 884 3852 nam
925 3809 982 3852 et
1008 3799 1222 3852 foveam
1268 3800 1451 3851 statim
1484 3798 1812 3860 effoderunt,
1848 3807 1900 3851 et
1939 3799 2117 3868 ignem
2173 3798 2338 3851 velte-

766 3902 983 3950 menter
1012 3894 1407 3945 accenderunt.
1440 3891 1624 3960 Itaque
1655 3891 1982 3946 Aurelianus
2004 3892 2168 3960 jussit
2190 3890 2332 3944 Pau-

761 3983 870 4036 lum
900 3993 949 4036 et
979 3981 1251 4040 Julianam
1278 3986 1328 4037 in
1355 3985 1532 4054 ignem
1552 3985 1703 4037 illum
1728 3983 1951 4049 conjici.
1995 3981 2181 4034 Sancti
2212 3998 2342 4035 vero

763 4085 1060 4144 martyres,
1095 4075 1260 4128 Deum
1291 4074 1686 4136 cullaudantes,
1714 4071 2049 4125 Salvatorem
2075 4089 2136 4126 ac
2157 4073 2342 4127 Domi-

766 4184 897 4221 num
934 4169 1119 4221 .lesum
1171 4166 1450 4220 Christum
1499 4165 1824 4221 invocabant
1899 4165 1964 4220 ad
2022 4182 2180 4235 opem
2237 4167 2341 4221 sibi

764 4258 1071 4314 ferendam.
1109 4259 1244 4313 Cum
1286 4273 1469 4313 autem
1505 4259 1572 4313 ad
1612 4275 1738 4312 eum
1799 4259 1978 4312 locum
2031 4259 2340 4321 venissent,

776 4369 873 4408 sua
921 4355 1166 4409 "membra
1210 4353 1390 4406 crucis
1443 4351 1645 4405 Christi
1696 4351 1852 4420 signo
1893 4352 2236 4414 munierunt,
2288 4361 2345 4405 et

767 4447 963 4515 sponte
995 4461 1053 4498 se
1091 4445 1145 4496 in
1189 4445 1368 4512 ignem
1401 4443 1786 4514 conjecerunt.
1836 4444 2004 4498 Erant
2045 4455 2224 4498 autem
2289 4445 2342 4497 in

2438 3267 2631 3306 manus
2663 3265 2811 3304 meas
2841 3266 2934 3302 vos
2963 3259 3249 3301 evasuros.
3285 3240 3527 3296 Subrisit
3558 3241 3766 3294 Paulus
3791 3280 3804 3302 ,
3829 3251 3882 3293 et
3912 3240 4010 3292 ait:

2439 3346 2752 3417 Nunquam,
2781 3351 3034 3409 tyranne.
3069 3338 3240 3388 Deum
3265 3345 3513 3388 nostrum
3544 3333 4012 3402 derelinquemus.

2438 3435 2530 3504 qui
2565 3434 2766 3487 coelum
2811 3439 2867 3483 et
2924 3437 3132 3482 terram
3193 3425 3402 3480 effecit.
3457 3422 3534 3478 Ne
3574 3433 3734 3493 putes
3765 3423 4016 3494 amplius,

2441 3528 2596 3583 idolis
2657 3525 2761 3580 tuis
2808 3523 3014 3578 cultum
3087 3534 3188 3575 nos
3244 3520 3529 3574 allaturos.
3579 3518 3721 3575 Tum
3773 3519 4016 3572 Aurelia-

2440 3639 2590 3674 nus:
2628 3619 2900 3677 Violenta,
2957 3615 3156 3684 inquit,
3195 3622 3373 3665 morte
3423 3613 3622 3681 dignus
3669 3627 3750 3666 es.
3797 3613 4012 3666 ldolane

2445 3712 2538 3765 tibi
2575 3711 2688 3763 haec
2739 3705 3037 3760 videntur?
3086 3702 3276 3771 Neque
3326 3703 3604 3771 intelligis,
3663 3717 3787 3769 qua:
3843 3704 3924 3756 vis
3971 3704 4020 3756 in

2444 3803 2547 3856 illis
2583 3801 2696 3855 sit?

2516 3893 2656 3949 Ï‡Î»Î¹.
2712 3892 2795 3950 Ad
2839 3893 2953 3946 hinc
2999 3889 3203 3945 Paulus
3252 3907 3264 3944 :
3308 3889 3522 3958 Jupiter
3571 3887 3695 3952 iste,
3746 3902 3912 3957 quem
3973 3896 4023 3940 tu

2444 3988 2607 4041 deum
2659 4001 2779 4040 esse
2825 3986 2984 4048 dicis,
3044 3985 3210 4039 homo
3257 3983 3476 4053 quidam
3517 3982 3619 4037 fuit
3673 3980 4024 4052 fugitivorum

2446 4079 2610 4142 filius,
2640 4079 2734 4147 qui
2787 4085 2962 4131 artem
3016 4076 3281 4146 magicam
3333 4076 3471 4129 bene
3521 4075 3749 4128 edoctus
3801 4074 4025 4127 fuerat:

2445 4185 2675 4238 cumque
2710 4177 2908 4238 prieter
2940 4177 3170 4222 caeterOs
3216 4166 3466 4219 homines
3498 4175 3644 4218 esset
3676 4166 4025 4218 incontinen-

2449 4262 2717 4321 tissimus,
2746 4267 2800 4311 et
2835 4257 3048 4310 libidini
3094 4256 3329 4308 maxime
3374 4254 3609 4313 deditus.
3659 4268 3723 4306 ac
3772 4269 4028 4320 quorum-

2448 4347 2572 4402 dam
2604 4345 3005 4417 pulchcrrimas
3057 4356 3258 4396 uxores
3303 4352 3467 4411 atque
3510 4340 3648 4396 ï¬lias
3690 4342 4023 4407 adamasset,

2449 4455 2508 4495 se
2539 4441 2822 4494 continere
2867 4454 2977 4492 non
3015 4435 3192 4507 potuit
3249 4436 3381 4504 quin
3416 4451 3538 4491 curn
3579 4435 3685 4490 illis
3715 4437 4030 4491 commisce-

772 4506 896 4610 igne
927 4538 1020 4592 illo
1055 4506 1236 4592 Deuni
1257 4506 1574 4600 laudantes,
1623 4549 1678 4591 et
1710 4537 1829 4604 ejus
1869 4537 2097 4607 gloriam
2144 4536 2345 4606 praedi-
2379 4506 2424 4564 Î¸
2461 4539 2635 4583 retur.
2699 4528 2801 4593 Qui
2878 4506 3040 4582 modo
3119 4527 3172 4579 in
3240 4537 3455 4580 taurum
3530 4536 3797 4591 mutatus,
3874 4527 4031 4580 modo

771 4642 980 4688 cantes.
1013 4632 1152 4685 Ecce
1187 4640 1370 4684 autem
1415 4631 1641 4701 angelus
1684 4627 1892 4684 Domini
1945 4631 2232 4684 descendit
2279 4631 2347 4683 de

773 4724 936 4786 eicio.
966 4732 1020 4775 et
1043 4722 1251 4774 fumum
1277 4737 1380 4774 una
1403 4738 1526 4774 cuin
1554 4721 1677 4790 igne
1701 4722 1844 4775 foras
1867 4723 2128 4786 excussit,
2170 4738 2348 4791 neque

776 4813 1021 4884 permisit
1066 4823 1283 4866 sanctos
1315 4821 1587 4883 martyres
1637 4811 1719 4864 vel
1774 4812 2052 4881 paululum
2101 4813 2168 4866 ab
2224 4815 2345 4884 igne

774 4906 1098 4975 perturbari.
1163 4904 1392 4958 Stabant
1457 4906 1638 4972 itaque
1695 4905 1749 4957 in
1817 4903 1969 4958 fovea
2032 4904 2120 4957 illa
2183 4905 2346 4958 rectis

777 4997 1121 5064 corporibus,
1182 4996 1397 5048 divinas
1454 4996 1642 5048 laudes
1707 4995 2046 5064 proferentes
2105 4998 2158 5049 in
2210 4998 2349 5050 hanc

776 5087 1100 5142 sententiam
1131 5105 1144 5142 Ï‚
1175 5085 1501 5142 Benedictus
1547 5102 1626 5152 es,
1663 5086 1888 5142 Domine
1936 5088 2075 5142 Deus
2110 5087 2220 5141 Rex
2249 5101 2350 5140 sa:-

777 5182 1044 5240 culorum,
1077 5179 1171 5248 qui
1213 5193 1424 5232 memor
1474 5178 1623 5232 fuisti
1667 5179 1990 5232 humilitatis
2051 5189 2252 5233 nostra:
2299 5187 2355 5232 et

778 5272 1066 5340 praesentia
1085 5279 1172 5324 tua
1190 5270 1328 5339 ignis
1344 5271 1609 5323 flammam
1634 5271 1937 5326 exstinxisti
1961 5281 2182 5340 propter
2201 5271 2357 5325 boni-

782 5371 944 5415 tatem
967 5373 1133 5422 tuam.
1151 5378 1271 5431 qua:
1291 5362 1420 5416 facit
1467 5372 1522 5416 ut
1544 5374 1761 5431 peccata
1778 5372 1962 5417 nostra
1985 5375 2091 5415 non
2114 5362 2358 5417 recordev

781 5453 874 5507 ris.
893 5453 974 5507 Tu
997 5470 1093 5507 nos
1110 5454 1381 5524 indignos,
1401 5455 1578 5509 salvos
1608 5467 1770 5525 atque
1793 5457 2093 5510 incolumes
2105 5457 2355 5527 eripuisti

781 5557 813 5607 Î´
847 5547 1268 5614 cogitationibus
1304 5547 1514 5617 tyranni
1537 5549 1836 5612 Aureliani,
1869 5551 1960 5619 qui
1995 5565 2092 5605 suo
2124 5549 2355 5620 imperio

783 5640 856 5695 ita
933 5640 1272 5710 intumescit,
1349 5645 1505 5712 quasi
1578 5644 1798 5700 futurus
1863 5643 1935 5699 sit
2009 5645 2351 5700 immortalis.

857 5825 876 5856 â¸
901 5821 1044 5879 Iâ€˜sal.
1099 5841 1246 5894 Lxxi,
1284 5825 1370 5880 18.

2454 4625 2540 4676 avi
2609 4621 2828 4683 similis,
2885 4620 3080 4689 aquilas
3145 4619 3374 4680 scilicet,
3429 4633 3492 4670 ac
3567 4633 3761 4687 cygno,
3840 4621 4030 4674 mittie-

2455 4729 2544 4766 res
2644 4712 2934 4768 nonnullas
3007 4725 3073 4763 ex
3150 4710 3260 4778 jam
3372 4709 3536 4762 dictis
3644 4709 4029 4778 circumvenit,

2453 4815 2509 4860 et
2569 4819 2600 4858 a
2668 4810 2850 4858 mente
2927 4801 3191 4855 alienatas
3264 4801 3318 4854 in
3401 4815 3522 4856 eam
3579 4800 3864 4856 miseriam
3936 4804 4031 4856 iniâ€”

2452 4896 2611 4968 pulit.
2655 4905 2712 4949 ut
2743 4895 2918 4966 ipsum
2985 4902 3238 4965 tanquam
3272 4898 3434 4950 deum
3494 4896 3760 4951 colerent.
3798 4897 3880 4952 Ad
3928 4900 4031 4952 hate

2453 5000 2507 5043 et
2535 4988 2668 5042 alias
2705 4987 2962 5041 mulieres
3013 5003 3108 5056 per
3157 4985 3348 5040 forma:
3397 4988 3756 5040 mutationem
3795 4996 3852 5040 et
3904 5003 4031 5057 pra-

2456 5081 2644 5150 stigias
2679 5079 2915 5148 decepit,
2958 5079 3016 5132 in
3057 5093 3252 5131 aurum
3297 5090 3684 5134 commutatus.
3721 5079 3790 5130 Et
3821 5094 3895 5135 ne
3939 5082 4031 5134 alia

2457 5178 2580 5246 ejus
2615 5174 2906 5228 libidinosa
2953 5171 3196 5226 facinora
3230 5175 3331 5226 hoc
3382 5174 3500 5228 loeo
3537 5185 3754 5227 narrem
3810 5173 3954 5244 (scio
3986 5185 4029 5227 te

2464 5269 2532 5324 ad
2571 5264 2904 5321 iracundiam
2940 5267 3200 5318 concitari
3238 5282 3252 5318 :
3284 5265 3375 5320 sed
3402 5266 3524 5320 licet
3549 5265 3834 5332 irascaris,
3859 5269 4028 5323 dicam

2467 5373 2649 5417 tamen
2681 5358 2819 5415 nihil
2856 5359 3081 5428 veritus)
3113 5359 3233 5424 iste,
3270 5360 3362 5427 qui
3396 5373 3562 5428 prope
3605 5357 3794 5414 Jovem
3831 5364 4033 5429 positus

2464 5464 2568 5516 est,
2601 5465 2655 5507 et
2679 5449 2871 5519 Apollo
2902 5449 3237 5517 dicitur,'at|
3274 5465 3382 5503 non
3415 5464 3480 5504 ex
3506 5449 3788 5515 adulterio
3825 5453 4032 5521 genitus

2464 5557 2548 5601 est
2598 5560 2628 5599 e
2686 5540 2913 5595 muliere
2965 5543 3227 5610 quadarn.
3290 5557 3411 5611 qua:
3464 5541 3673 5596 Latona
3727 5543 4027 5602 dicebatur,

2462 5652 2692 5710 quaeque
2725 5633 2874 5688 illum
2923 5637 3142 5704 peperit
3195 5637 3338 5690 inter
3379 5634 3514 5690 duas
3549 5635 3803 5702 arbores,
3853 5635 3949 5705 qui
3986 5641 4031 5688 et
