4158 6502
184 424 289 485 585

1095 419 1555 484 MARTYRIUM
1598 421 1705 477 SS.
1755 418 1981 477 PAULI
2026 418 2121 477 ET
2161 417 2537 478 JULIANIE.

3339 419 3443 480 586

188 532 426 587 militum
452 526 914 591 Christianorum,
940 541 969 580 a
992 525 1250 594 Traiano.
1290 528 1416 578 dum
1452 525 1505 577 in
1543 522 1767 578 Oriente
1798 528 1843 583 Α
1874 521 2223 577 benefacicns
2254 524 2530 586 omnibus,
2574 539 2637 579 ac
2679 523 2920 580 liberans
2951 541 3045 582 eos
3077 526 3121 589 ⁸,
3156 528 3248 597 qui
3275 545 3304 583 ε
3330 529 3446 584 (περ.

188 625 302 692 ipse
337 636 508 690 opera
552 619 760 673 nefaria
790 618 1083 681 commisit,
1118 626 1328 683 patrem
1360 613 1547 667 Jovem
1583 614 1767 668 imita-

190 712 317 767 tus?
368 709 580 764 Eodem
624 709 786 762 modo
827 717 881 761 et
924 705 1218 776 Dionysius
1262 715 1442 758 vester
1482 704 1569 757 ille
1604 704 1761 765 deus,

191 818 257 857 an
296 817 409 856 non
448 810 506 855 et
536 801 651 869 ipse
691 815 756 853 ex
787 798 1056 853 adulterio
1087 797 1304 866 genitus
1333 804 1415 848 est
1446 810 1510 848 ex
1546 794 1768 851 Semele

189 890 377 946 Cadmi
405 889 555 943 filia?
582 889 837 957 Nugatur,
864 886 1041 955 inquit
1064 886 1414 945 Aurelianus,
1436 890 1492 936 et
1518 884 1769 947 sceleste,

189 1000 256 1037 an
294 999 404 1035 non
442 997 506 1036 ex
539 981 755 1034 Junone
787 981 1013 1033 deorum
1054 985 1226 1028 matre
1274 973 1518 1028 Bacchus
1559 973 1774 1042 genitus

190 1070 312 1126 est?
346 1071 489 1124 Risit
546 1068 769 1131 Paulus,
824 1078 876 1121 et
932 1067 1053 1119 ait:
1094 1064 1258 1117 Estne
1327 1065 1484 1123 deus,
1540 1063 1631 1132 qui
1710 1078 1774 1115 ex

191 1162 425 1215 muliere
464 1162 683 1231 genitus
710 1159 934 1226 incipiat
962 1171 1080 1210 esse
1108 1156 1267 1216 deus,
1294 1165 1389 1208 aut
1422 1156 1511 1222 qui
1549 1168 1771 1207 uxorem

193 1253 427 1308 habeat?
455 1252 613 1305 'l‘unc
636 1251 961 1303 Aurelianus
985 1265 998 1299 :
1019 1248 1332 1314 Quousque,
1358 1245 1551 1312 inquit,
1578 1243 1774 1296 tttltltas

190 1361 364 1415 nugas
412 1344 700 1397 effundens
735 1341 839 1395 diis
872 1339 1210 1392 maledices?
1243 1354 1308 1391 an
1359 1354 1466 1390 non
1508 1347 1564 1388 ct
1596 1343 1774 1388 vester

191 1440 464 1499 Christus,
498 1452 662 1505 quem
694 1449 790 1486 vos
821 1431 1116 1487 Christiani
1154 1429 1320 1482 Deum
1354 1429 1631 1484 caelestem
1657 1441 1777 1480 esse

192 1531 396 1591 dicitis,
428 1544 495 1583 ex
527 1527 753 1581 muliere
790 1526 1006 1591 genitus
1042 1523 1163 1577 est?
1192 1521 1495 1591 Respondit
1537 1522 1732 1573 Paulus
1761 1536 1773 1571 ;

191 1622 304 1675 Non
344 1636 405 1672 es
430 1629 488 1673 tu
520 1618 846 1687 diguus,qui
867 1617 954 1670 Dei
982 1616 1291 1685 mysterium
1336 1614 1545 1665 audias.
1576 1612 1776 1665 Verum

192 1728 258 1765 ne
284 1711 541 1765 oratione
575 1720 662 1762 tua
693 1710 888 1761 inultos
921 1724 1130 1766 eorum,
1163 1706 1252 1773 qui
1295 1715 1588 1773 praesentes
1632 1714 1777 1764 sunt,

192 1802 621 1863 circumvenias,
643 1816 862 1854 necesse
878 1809 959 1853 ρει,
980 1799 1190 1868 aperire
1209 1798 1280 1859 id,
1303 1799 1447 1865 quod
1481 1795 1696 1864 quaeris.

261 1908 431 1963 XXII.
470 1908 629 1960 Initio
668 1907 811 1959 Deus
859 1906 975 1974 ipse
1022 1921 1148 1958 eum
1197 1904 1394 1957 coelum
1431 1912 1485 1955 et
1559 1912 1778 1959 terram,

194 2018 343 2056 mare
392 2011 449 2055 et
469 2001 674 2062 omnia,
717 2015 838 2068 quae
889 1999 939 2051 in
973 1999 1055 2051 eis
1108 2005 1255 2058 sunt,
1289 1995 1578 2049 ellecisset.
1609 1993 1781 2045 homi~

192 2110 318 2147 nem
358 2093 576 2149 elfinxit
608 2092 675 2146 ad
717 2092 1004 2161 imaginem
1042 2098 1097 2142 et
1137 2088 1554 2142 similitudinem
1602 2101 1777 2139 suam.

204 2189 414 2243 Porum
457 2188 605 2242 enim
652 2202 683 2239 a
720 2185 947 2248 malitia,
984 2184 1357 2245 innocentem,
1405 2181 1634 2248 justum,
1673 2180 1785 2247 pie-

202 2288 315 2335 tate
357 2280 653 2349 praeditum
708 2276 917 2330 creavit
951 2274 1100 2327 illum
1152 2273 1312 2333 Deus,
1349 2280 1404 2325 ct
1444 2271 1494 2323 in
1535 2270 1785 2338 paradiso

197 2377 526 2431 deliciarum
548 2375 711 2443 pleno
729 2388 851 2427 eum
881 2368 1187 2425 collocavit.
1216 2368 1376 2422 Pater
1393 2378 1571 2421 autem
1604 2377 1781 2421 vester

197 2468 457 2521 diabolus
495 2481 601 2517 non
661 2465 847 2516 ferens
894 2476 1100 2515 tantam
1156 2460 1394 2515 hominis
1441 2459 1779 2522 felicitatem,

196 2561 361 2613 Evam
397 2556 639 2619 seduxit,
670 2565 726 2609 et
768 2570 860 2623 per
911 2555 1076 2613 illam,
1120 2554 1291 2606 Adam
1342 2553 1407 2606 ad
1444 2552 1613 2606 divini
1647 2568 1783 2619 pra:-

196 2657 336 2727 cepti
373 2650 871 2723 transgressionem
903 2647 1140 2717 impulit.
1182 2646 1302 2711 Quo
1349 2645 1549 2699 factum
1584 2653 1686 2702 est,
1722 2652 1779 2696 ut

196 2760 250 2803 et
306 2748 489 2802 Adam
556 2747 674 2814 ipse
731 2757 990 2811 umquam
1050 2750 1479 2810 transgressore
1526 2734 1778 2805 paradiso

196 2843 470 2911 expulsus
513 2838 604 2898 sit,
638 2845 694 2890 ct
738 2849 910 2903 genus
955 2848 1115 2885 omne
1164 2833 1467 2885 humanum
1505 2827 1665 2881 morti
1725 2834 1782 2880 et

196 2932 413 3005 peccati
472 2941 646 2995 paenae
716 2925 1013 2978 obnoxium
1073 2924 1330 2977 cvascrit.
1403 2923 1771 2986 Quamobrem

194 3022 446 3079 cmlcstis
492 3018 652 3072 Pater
703 3025 756 3070 et
810 3014 1160 3083 omnipotens
1209 3012 1349 3065 Deus
1397 3012 1778 3065 misericordia

194 3129 406 3178 mutus,
453 3114 698 3168 humano
753 3108 939 3180 generi
996 3104 1290 3161 subvenire
1350 3105 1559 3167 volens,
1630 3105 1779 3156 misit

1874 613 1996 667 bolo
2028 615 2387 669 vexabantur.
2431 617 2622 676 Postea
2682 616 2735 670 in
2788 617 2932 689 ligno
2985 621 3166 673 crucis
3215 624 3449 677 suffixus

1872 713 1974 763 est.
2020 714 2079 758 ut
2112 706 2341 760 salutem
2377 706 2531 760 daret
2578 709 2805 771 mundo,
2839 710 2931 780 qui
2968 714 3207 781 perierat
3247 716 3447 774 diaboli

1874 794 2130 848 violentia
2182 805 2234 849 et
2283 795 2516 849 fallacia.
2575 795 2720 851 Idem
2762 813 2992 868 corpore
3044 812 3291 857 mortuus
3338 815 3445 863 est.

1874 886 2120 957 Cumque
2184 889 2249 942 ad
2283 888 2488 943 inferos
2527 888 2920 945 descendisset
2953 909 3059 946 una
3102 912 3225 948 cum
3258 908 3445 953 sancta

1875 982 2057 1034 anima
2102 982 2186 1033 illa
2229 996 2345 1041 sua,
2382 982 2647 1035 contrivit
2697 998 2886 1052 portas
2942 1002 3135 1049 aareas,
3184 998 3236 1042 et
3266 1001 3452 1046 vectes

1877 1073 2082 1127 ferreas
2124 1074 2427 1142 confregit’
2461 1093 2474 1127 :
2507 1085 2673 1143 atque
2705 1077 2756 1127 in
2805 1076 3104 1145 caliginosa
3151 1081 3451 1137 inferorum

1879 1165 2176 1234 penetralia
2207 1165 2502 1233 ingressus,
2528 1167 2737 1234 eripuit
2780 1183 2873 1221 eos
2911 1170 3005 1238 qui
3052 1173 3282 1226 vinculis
3319 1177 3465 1228 deti-

1880 1258 2171 1317 nebantur,
2205 1265 2259 1310 et
2288 1271 2354 1310 ex
2384 1271 2604 1312 carcere
2632 1258 2833 1311 diaboli
2869 1260 2993 1313 illos
3028 1262 3077 1313 iu
3118 1265 3456 1332 superiorem

1883 1352 2161 1419 regionem
2188 1350 2373 1403 eduxit
2415 1352 2478 1405 ¹⁰.
2522 1350 2677 1414 Quod
2718 1362 2887 1406 totum
2926 1355 3099 1423 ipsius
3134 1358 3457 1427 benignitati

1881 1452 2169 1511 acceptum
2197 1444 2458 1495 refertur.
2495 1444 2630 1497 Cum
2671 1462 2800 1498 vero
2852 1447 2922 1499 ita
2974 1460 3097 1516 post
3143 1458 3252 1503 tres
3282 1453 3399 1504 dies
3432 1469 3458 1502 τι

1883 1535 2112 1588 mortuis
2182 1536 2590 1600 resurrexisset,
2661 1539 2915 1607 apparuit
2974 1544 3089 1595 suis
3171 1544 3461 1612 discipulis

1883 1636 2047 1696 atque
2077 1628 2360 1695 aposmlis,
2413 1637 2468 1681 et
2500 1629 2618 1681 aliis
2661 1631 2865 1694 multis,
2905 1633 2997 1699 qui
3052 1649 3174 1686 tere
3230 1636 3282 1688 in
3336 1652 3459 1689 eum

1884 1721 2227 1774 crediderant
2258 1741 2269 1773 :
2305 1731 2356 1774 et
2379 1738 2499 1775 cum
2533 1723 2822 1789 aliquoties
2855 1727 3187 1780 comedisset
3215 1739 3268 1781 et
3294 1727 3465 1782 bibis—

1886 1823 1966 1866 set
1993 1829 2113 1865 cum
2157 1815 2418 1886 apostolis
2448 1832 2541 1883 per
2573 1816 2691 1869 dies
2723 1818 3104 1887 quadraginta,
3158 1819 3241 1873 sic.
3278 1830 3463 1888 postea

1889 1910 1939 1957 in
1978 1908 2173 1959 uelum
2231 1918 2547 1975 assumptus
2593 1920 2695 1971 est,
2757 1922 2809 1961 et
2857 1913 3012 1962 sedet
3062 1910 3128 1962 ad
3181 1912 3461 1966 dexteram

1890 1994 2064 2048 Patris
2104 2011 2225 2048 cum
2268 2012 2497 2064 Corpore
2548 1998 2657 2062 illo,
2710 2000 2851 2067 quod
2887 1999 2999 2067 ipse
3032 2003 3171 2054 Deus
3222 1998 3462 2055 Verbum

1888 2086 1988 2139 sibi
2019 2087 2314 2155 copulavit.
2337 2087 2488 2140 Nunc
2510 2089 2674 2157 igitur
2694 2092 2937 2144 diabolus
2968 2093 3151 2146 dolore
3184 2096 3461 2161 afﬂigitur.

1889 2176 2041 2229 Illum
2087 2178 2233 2230 enim
2280 2178 2537 2232 Christus
2592 2180 2707 2250 ipse
2750 2182 3185 2238 Christianorum
3238 2187 3467 2254 pedibus

1887 2269 2196 2323 conculcari
2250 2270 2397 2332 fecit,
2450 2273 2542 2340 qui
2599 2290 2695 2341 per
2737 2286 2989 2330 sanctum
3040 2278 3209 2345 ipsius
3260 2294 3462 2332 nomen

1878 2362 2269 2436 ingrediuntur
2318 2364 2371 2416 in
2432 2381 2658 2434 regnum
2705 2369 2965 2421 caelorum
3022 2387 3035 2421 :
3082 2389 3111 2422 a
3145 2386 3253 2438 quo
3299 2387 3467 2442 regno

1888 2461 1943 2505 tu
1974 2455 2186 2508 alienus
2214 2471 2296 2510 es.
2332 2457 2506 2510 Habes
2548 2458 2690 2511 cnim
2728 2469 2928 2511 sortem
2959 2468 3013 2513 et
3045 2470 3276 2528 partem,
3311 2474 3470 2515 aiter-

1868 2561 2018 2635 _nam
2058 2546 2200 2617 ignis
2247 2550 2571 2619 gehennam,
2622 2551 2992 2605 hicreditatem
3052 2554 3251 2608 diaboli
3299 2555 3472 2624 patris

1888 2638 1963 2690 lui
2000 2641 2331 2707 percipiens.

1954 2727 2146 2782 XXIII.
2176 2730 2273 2783 llis
2314 2730 2530 2792 auditis,
2567 2732 2894 2788 Aurelianus
2921 2752 3033 2805 prre
3095 2737 3281 2792 furore
3316 2738 3470 2794 vultu

1885 2831 2127 2875 mutatus
2168 2832 2271 2885 est,
2336 2832 2391 2876 et
2440 2822 2700 2880 dentibus
2754 2828 2993 2881 stridere
3060 2832 3260 2899 coepit,
3318 2848 3474 2887 exar-

1885 2914 2116 2969 descens
2173 2917 2225 2968 in
2304 2915 2477 2975 illum,
2537 2919 2625 2971 cui
2689 2929 2744 2972 et
2816 2923 3205 2989 respondens:
3254 2923 3471 2986 Multas.

1886 3007 2085 3075 inquit,
2132 3023 2303 3078 nugas
2337 3018 2385 3062 te
2427 3011 2587 3062 modo
2639 3010 3012 3067 effundentem
3086 3032 3276 3084 passus
3325 3035 3467 3076 sum.

1884 3099 2204 3164 patientiam
2249 3100 2398 3161 inte,
2442 3118 2617 3171 nugax
2660 3114 2713 3157 et
2761 3106 3010 3161 sceleste.
3044 3110 3313 3164 audiendo
3345 3114 3475 3165 reti-

194 3210 398 3265 Filium
433 3221 620 3263 suum.
660 3213 716 3257 ut
747 3204 1042 3255 humanam
1092 3215 1312 3253 carnem
1348 3198 1674 3267 susciperet,
1719 3204 1774 3249 et

1892 3206 2048 3244 nens.
2080 3190 2159 3242 Tu
2197 3207 2323 3244 vero
2368 3196 2604 3258 quandiu
2660 3211 2850 3266 perges
2878 3214 2963 3251 me
3006 3211 3374 3268 contemnere,
3420 3221 3477 3274 ρι

195 3302 373 3355 Adam
408 3297 668 3358 solveret,
696 3306 897 3359 eosque
922 3290 1014 3357 qui
1044 3290 1110 3341 ab
1132 3291 1334 3356 injusto
1360 3288 1773 3341 detinebantur.

196 3393 320 3463 Ipse
356 3390 531 3459 igitur
560 3384 723 3449 Deus,
772 3381 1009 3436 Verbum
1071 3378 1186 3440 Dei,
1232 3393 1294 3431 ac
1349 3378 1525 3429 Patris
1576 3378 1773 3437 Filius,

195 3495 328 3540 ante
365 3479 570 3536 saecula
602 3476 782 3529 omnia
815 3484 897 3529 est
941 3472 1211 3541 sapientia
1263 3470 1457 3539 ipsius,
1492 3478 1546 3522 et
1599 3477 1785 3537 poten-

198 3577 273 3630 tia
316 3583 376 3627 et
426 3571 655 3624 dextera
706 3564 848 3633 :qui
885 3578 983 3632 per
1038 3563 1422 3630 archangelum
1479 3560 1784 3614 Gabrielem

198 3664 578 3721 annuntiatus
618 3658 721 3711 fuit
782 3665 987 3711 sanctae
1041 3655 1115 3707 illi
1172 3654 1376 3725 Virgini
1444 3671 1593 3719 pura:
1628 3663 1789 3721 atque

196 3753 641 3816 honestissimae,
656 3766 720 3805 ex
741 3749 1062 3819 prophetico
1080 3756 1133 3800 et
1150 3748 1295 3816 regio
1311 3762 1508 3815 genere
1522 3746 1785 3812 originem

198 3849 453 3907 ducenti.
487 3846 543 3900 In
567 3845 720 3912 cujus
752 3852 903 3900 utero
934 3840 1076 3894 licus
1114 3841 1246 3908 ipse,
1289 3837 1391 3892 hoc
1422 3848 1522 3901 est,
1572 3838 1791 3892 caeleste

199 3944 479 4004 Verbum,
507 3937 651 4007 quod
678 3936 847 3991 oculis
875 3932 1156 4003 corporeis
1196 3947 1303 3984 non
1334 3931 1599 3992 cernitur,
1636 3929 1792 3983 habi-

200 4046 347 4097 tans,
396 4029 879 4097 suscepitcorpus,
899 4042 1021 4080 cum
1042 4024 1254 4080 Gabriel
1287 4023 1358 4075 ita
1379 4022 1597 4075 Mariam
1623 4021 1792 4087 ipsam

196 4128 408 4184 affatus
453 4129 606 4177 esset
648 4136 661 4173 :
701 4123 825 4175 Ave.
868 4119 1046 4186 gratia
1070 4116 1222 4180 plena
1253 4131 1269 4167 :
1305 4116 1557 4167 Dominus
1592 4124 1796 4172 tecum.“

198 4231 256 4279 et
284 4217 455 4291 paulo
509 4221 629 4285 post
658 4230 671 4266 :
702 4210 929 4282 Spiritus
956 4218 1170 4262 sanctus
1200 4207 1529 4273 superveniet
1568 4207 1619 4256 in
1649 4214 1716 4265 te,
1747 4214 1795 4257 ct

202 4314 376 4369 riuus
439 4306 701 4363 Altissimi
750 4300 1081 4357 obumbrabit
1147 4300 1238 4351 tibi
1296 4313 1312 4349 :
1361 4298 1581 4366 ideoque
1662 4296 1798 4365 quod

202 4413 469 4461 nascetur
517 4415 583 4453 ex
631 4407 680 4451 te
746 4404 1011 4455 sanctum,
1080 4389 1351 4445 vocabitur
1395 4386 1561 4442 Pilius
1641 4386 1797 4442 Dei“.

202 4496 447 4555 Genitos
496 4490 660 4561 igitur
710 4487 812 4544 fuit
858 4486 1003 4541 Deus
1047 4492 1103 4539 et
1144 4483 1366 4538 caeleste
1419 4481 1657 4534 Verbum
1704 4494 1800 4548 per

1886 3282 1993 3336 diis
2015 3282 2553 3337 nmledicere?Nunc
2577 3285 2739 3354 igitur
2768 3289 2868 3342 nisi
2899 3291 3001 3343 diis
3039 3291 3473 3354 immolaveritis.

1897 3376 2154 3443 pessimis
2198 3378 2374 3430 modis
2403 3393 2500 3431 vos
2532 3380 2776 3447 perdam.
2812 3382 2885 3434 ita
2940 3393 2999 3434 ut
3030 3394 3189 3437 nemo
3226 3388 3399 3454 possit
3446 3403 3479 3441 ο

1900 3468 2157 3522 manibus
2204 3471 2340 3522 meis
2387 3483 2483 3522 vos
2509 3474 2745 3540 eripere.
2769 3473 2904 3526 Tum
2941 3474 3136 3531 Paulus
3176 3487 3231 3533 et
3255 3478 3476 3535 Iuliana

1906 3563 2164 3617 concordi
2200 3562 2380 3615 animo
2434 3576 2484 3616 et
2518 3580 2709 3635 magna
2765 3581 2898 3621 voce
2964 3571 3261 3626 clamantes
3302 3575 3477 3641 :Nos,

1893 3654 2169 3722 inquiunt,
2211 3656 2507 3709 Christiani
2548 3672 2757 3721 sumus,
2792 3668 2847 3714 et
2883 3661 2934 3714 in
2965 3663 3180 3715 Christo
3204 3667 3321 3733 ipso
3355 3684 3481 3737 spes

1895 3756 2113 3799 nostras
2150 3748 2443 3800 collocatas
2482 3749 2743 3803 habemus
2779 3770 2792 3817 ;
2833 3753 3106 3809 dwmones
3139 3772 3243 3810 non
3276 3758 3477 3813 adora-

1899 3852 2042 3899 mus,
2082 3836 2239 3887 idolis
2278 3836 2383 3889 tuis
2418 3852 2525 3889 non
2564 3839 2852 3901 servimus,
2903 3848 3171 3895 tormenta
3227 3853 3316 3898 tua
3363 3862 3475 3901 non

1898 3930 2175 3984 timemus.
2212 3929 2463 3997 Exc0gita
2500 3931 2663 4000 igitur
2715 3948 3072 4003 quoscunque
3123 3937 3201 3991 vis
3266 3941 3480 3993 crucia-

1901 4031 1986 4074 tus
2020 4064 2034 4085 ,
2071 4023 2230 4077 fidem
2261 4022 2403 4075 enim
2436 4022 2489 4074 in
2527 4021 2635 4075 Deo
2674 4024 2959 4085 habemus,
2998 4026 3113 4081 fore
3145 4038 3202 4082 ut
3242 4045 3271 4083 a
3311 4031 3471 4085 nobis

1900 4115 2202 4179 supereris,
2247 4111 2705 4179 quemadmodum
2766 4124 2919 4183 pater
2981 4125 3105 4170 tuus
3161 4120 3409 4175 diabolus
3445 4139 3474 4178 a

1900 4204 2120 4258 Christo
2159 4213 2448 4271 superatus
2480 4205 2606 4265 fuit,
2638 4204 2728 4272 qui
2760 4222 2864 4259 nos
2925 4209 3084 4259 etiam
3126 4212 3372 4264 robustos
3403 4213 3482 4266 fa-

1902 4297 2000 4361 cit,
2032 4306 2083 4350 et
2115 4312 2307 4366 pravas
2325 4306 2469 4351 artes
2506 4306 2625 4350 tuas
2659 4309 2953 4368 expugnat.
2986 4298 3108 4354 llrcc
3135 4316 3256 4354 cum
3292 4306 3481 4359 audis-

1908 4401 1990 4446 set
2024 4394 2364 4458 Aurelianus,
2425 4392 2590 4461 jussit
2642 4393 2845 4462 lignum
2904 4394 3174 4462 quoddam
3226 4413 3482 4469 magnum

1905 4483 2111 4536 afferri.
2148 4482 2302 4547 Quod
2354 4499 2477 4535 cum
2525 4484 2747 4535 allatum
2808 4482 3021 4546 fuisset,
3078 4483 3203 4537 fecit
3256 4486 3483 4542 Paulum

206 4581 694 4661 Virginemmmni
718 4580 837 4633 labe
858 4576 1232 4649 purissimam,
1261 4587 1513 4642 corpore,
1536 4582 1793 4639 tanquam
1833 4566 1874 4617 ῐ)
1905 4575 1956 4627 in
1992 4589 2059 4627 co
2088 4573 2314 4643 alligari.
2363 4573 2662 4627 Carniliees
2696 4588 2820 4626 vero
2868 4574 2988 4640 ejus
3036 4590 3228 4628 manus
3265 4578 3486 4647 Colliga—

204 4694 366 4742 veste
418 4678 684 4750 quadam,
740 4672 966 4728 indutus
1016 4676 1239 4740 propter
1296 4668 1547 4723 humana:
1605 4669 1797 4722 salutis

203 4774 712 4848 dispensationem.
754 4767 924 4821 Nemo
954 4764 1099 4818 enim
1137 4770 1348 4831 poterat
1381 4760 1549 4814 Deum
1584 4778 1793 4821 verum.

205 4872 284 4925 ita
311 4876 376 4923 ut
426 4872 536 4923 est,
574 4867 907 4929 praesentem
940 4856 1148 4917 videre,
1187 4869 1309 4907 cum
1362 4850 1504 4905 Deus
1556 4852 1671 4920 ipse
1725 4853 1797 4904 sit

206 4961 355 5032 ignis
386 4965 727 5011 consumens
758 4948 801 5014 ⁸,
835 4958 1016 5015 neque
1057 4945 1219 5001 homo
1248 4942 1445 5010 aliquis
1483 4944 1672 4995 vivens
1697 4942 1793 4996 Dei

206 5053 414 5109 faciem
456 5045 644 5098 videre
682 5042 850 5113 possit
905 5076 921 5091 .
954 5038 1129 5105 Hujus
1183 5036 1346 5105 igitur
1377 5035 1800 5103 dispensatiOnis

206 5157 379 5198 causa
437 5137 589 5192 Deus
646 5147 863 5195 noSter,
928 5128 1070 5197 quod
1137 5126 1201 5177 ad
1258 5141 1479 5179 carnem
1542 5127 1801 5193 pertinet,

208 5239 440 5308 genitus
478 5229 605 5287 fuit.
644 5222 702 5280 et
734 5233 793 5277 ut
841 5222 1023 5275 infans
1058 5220 1197 5272 lacte
1234 5218 1476 5271 nutritus
1523 5226 1627 5283 est,
1681 5232 1805 5271 eum

190 5318 370 5385 esset
405 5337 595 5380 tamen
618 5319 908 5374 divinitate
939 5314 1239 5385 perfectus.
1268 5310 1497 5380 losoper
1521 5311 1700 5365 factus
1726 5318 1809 5363 est

209 5436 373 5495 puer,
430 5423 492 5471 et
530 5416 770 5484 juvenis,
824 5424 1059 5478 cumque
1106 5408 1448 5469 hominibus,
1512 5414 1571 5460 ut
1621 5406 1807 5467 homo,

209 5514 578 5570 conversatus
618 5513 703 5560 est
754 5518 929 5558 annos
980 5500 1196 5569 triginta
1235 5511 1364 5561 tres,
1410 5497 1594 5560 urbes,
1635 5496 1809 5567 regio-

211 5620 338 5668 nes,
384 5614 447 5656 οι
500 5596 719 5650 castella
773 5595 926 5649 orbis
982 5602 1253 5648 terrarum
1307 5588 1708 5659 pet-transiens,
1753 5596 1810 5642 et

318 5766 340 5799 '
372 5762 514 5819 Luc.
547 5775 586 5825 t,
608 5756 703 5820 28,
719 5755 810 5813 53.

226 5840 270 5871 "
299 5837 319 5892 1
356 5836 515 5891 Petr.
546 5845 630 5893 tu,
669 5828 756 5883 I9.

559 5921 829 5981 ΡΑτιιοι.
885 5918 1003 5977 Gn.
1043 5915 1216 5977 CXV.

923 5757 943 5789 '
976 5756 1134 5810 Deut.
1164 5771 1237 5821 tv,
1270 5754 1377 5820 24;
1406 5751 1568 5807 Hebr.
1590 5766 1689 5815 xu,
1714 5749 1807 5804 29.

1905 4674 2054 4719 runt.
2091 4663 2244 4718 Tunc
2272 4664 2597 4718 Aurelianus
2627 4664 2882 4732 prmcepit
2912 4681 3171 4720 accensas
3212 4667 3488 4738 lampades

1909 4758 2118 4821 aﬂ‘erri,
2151 4767 2206 4812 et
2239 4762 2290 4810 in
2324 4757 2443 4825 ejus
2471 4757 2663 4809 faciem
2718 4757 2887 4826 injici,
2922 4773 3171 4827 praecone
3220 4762 3292 4815 ita
3337 4764 3488 4818 voci-

1907 4850 2116 4903 ferante
2148 4867 2161 4902 :
2192 4847 2270 4901 Nc
2308 4848 2361 4900 in
2393 4848 2544 4901 orbis
2594 4856 2863 4902 terrarum
2913 4850 3162 4907 dominos
3194 4863 3483 4911 contume-

1904 4944 2071 4998 liosus
2098 4942 2193 5003 sis,
2225 4956 2358 4995 neve
2412 4944 2465 4994 in
2520 4940 2651 4996 deos
2691 4942 2837 5009 ipsos
2872 4943 3151 4999 maledicta
3205 4950 3485 5018 conjicias.

1980 5031 2167 5087 XXIV.
2197 5031 2409 5086 Iuliana
2442 5047 2563 5086 cum
2598 5031 2819 5087 fratrem
2860 5049 3019 5089 suum
3070 5036 3193 5107 igne
3240 5042 3485 5095 comburi

1906 5134 2195 5195 spectaret,
2245 5140 2457 5176 summa
2516 5141 2647 5179 voce
2695 5126 2993 5181 clamavit:
3049 5130 3091 5181 Ο
3140 5138 3364 5199 tyranne
3430 5146 3487 5187 et

1909 5219 2159 5279 sceleste,
2216 5217 2345 5288 quid
2376 5216 2502 5269 mali
2561 5217 2726 5270 frater
2770 5233 2925 5271 meus
2965 5221 3258 5283 commisit,
3300 5233 3358 5277 ut
3412 5224 3485 5278 ita

1912 5308 2201 5365 crudeliter
2265 5323 2387 5361 cum
2454 5306 2706 5361 crucies?
2790 5307 2962 5363 Jussit
3036 5308 3368 5366 Aurelianus
3429 5322 3486 5367 ct

1914 5399 2183 5456 Julianam
2212 5400 2265 5453 in
2303 5399 2446 5467 ligno
2488 5399 2719 5467 alligari,
2759 5408 2813 5452 et
2847 5415 3109 5477 accensus
3151 5402 3295 5456 faces
3341 5402 3393 5458 in
3422 5419 3485 5457 os

1917 5497 2056 5566 eius,
2087 5505 2143 5550 et
2201 5496 2254 5548 in
2284 5504 2454 5548 totum
2502 5509 2701 5565 corpus
2732 5495 2985 5549 adhiberi
3017 5512 3032 5561 ;
3079 5496 3165 5550 cui
3196 5505 3254 5551 et
3300 5497 3433 5552 dixit
3468 5514 3484 5549 :

1919 5588 2395 5660 lmpudentissima
2440 5588 2655 5653 mulier,
2696 5589 2981 5652 erubesce,
3030 5590 3486 5658 quemadmodum

1918 5751 1938 5785 ⁷
1972 5747 2141 5803 Exod.
2176 5760 2366 5806 xxxiii,
2394 5743 2465 5797 20
2584 5746 2604 5777 ⁸
2635 5746 2755 5798 Act.
2788 5762 2839 5807 x,
2866 5744 2954 5799 38.
3044 5745 3065 5778 ⁸
3090 5744 3226 5799 Psal.
3259 5757 3367 5809 cvt,
3399 5742 3490 5799 ιδ.

3101 5904 3169 5966 19
