4158 6476
743 383 845 446 583

2007 378 2293 437 MENSlS
2337 379 2374 434 A
2391 379 2766 441 UGUSTUS.

3897 383 4005 448 584

742 504 851 559 que
906 497 1125 558 peccata
1167 502 1265 544 sua
1315 487 1556 543 confessi
1595 498 1800 556 essent,
1833 484 2136 542 Christiani
2184 483 2315 539 facti
2351 492 2390 546 Α
2424 487 2545 544 Haec
2576 505 2700 544 cum
2751 500 3022 563 martyres
3057 504 3436 561 precarentur,
3470 493 3626 550 multi
3663 509 3730 549 ex
3778 487 4008 561 Graecis,

745 590 893 634 sunt.

814 667 1003 722 XVIII.
1075 667 1275 722 Paulus
1336 684 1486 730 vero,
1534 669 1601 722 de
1652 685 1760 738 quo
1811 670 2146 739 dicebamus,
2197 688 2322 726 cum

742 773 771 811 a
799 757 1152 811 carnilicibus
1184 759 1552 822 cruciaretur,
1581 759 1746 827 virgis
1767 759 1874 812 illis
1901 761 2092 816 ferreis
2117 762 2323 817 diutius

749 864 1048 918 percussus
1101 848 1525 914 vociferabatur,
1575 849 1688 903 haec
1745 852 1933 906 dicens
1982 855 2323 909 :Aureliane

746 951 972 1012 tyranne
999 945 1054 995 et
1094 940 1322 1004 nefarie,
1368 941 1628 1008 quidnam
1680 944 1806 995 mali
1842 946 2111 1008 commisi,
2148 956 2208 1000 ut
2246 947 2324 1000 sic

742 1035 1034 1088 crudeliter
1060 1042 1114 1086 et
1143 1033 1305 1102 impie
1337 1046 1421 1086 me
1447 1034 1699 1088 crucies?
1737 1034 1933 1089 Verum
1967 1052 2052 1091 me
2100 1039 2321 1106 quidem

745 1143 772 1181 a
793 1127 1079 1180 tormentis
1105 1126 1368 1180 Dominus
1394 1141 1549 1182 meus
1572 1128 1730 1182 Jesus
1754 1129 2009 1184 Christus
2034 1131 2278 1187 sublevat
2305 1147 2322 1186 :

749 1226 798 1270 te
831 1233 960 1272 vero
1013 1226 1198 1272 manet
1246 1220 1536 1272 haereditas
1582 1221 1774 1274 :eterni
1827 1222 1974 1275 illius
2023 1222 2185 1292 ignis,
2230 1224 2321 1291 qui

747 1318 968 1379 paratus
1000 1319 1084 1364 est
1122 1311 1241 1375 tibi,
1276 1322 1330 1364 et
1360 1311 1576 1366 diabolo
1609 1313 1723 1367 hiec
1755 1314 2019 1368 adversus
2049 1330 2150 1369 nos
2197 1331 2322 1384 sug-

744 1404 976 1474 gerenti.
1015 1404 1081 1458 Et
1116 1404 1358 1468 ubinam,
1403 1406 1584 1474 inquit
1623 1406 1970 1468 Aurelianus,
2011 1407 2198 1469 Paule,
2242 1415 2326 1462 est

743 1493 956 1548 Juliana
1002 1510 1159 1548 soror
1200 1504 1311 1559 tua,
1343 1511 1507 1564 quam
1549 1496 1630 1549 ais
1673 1510 1795 1550 esse
1833 1506 2231 1566 temperantem
2274 1507 2326 1551 et

748 1585 1054 1655 virginem?
1082 1585 1159 1638 Eu
1194 1586 1281 1638 illa
1307 1587 1374 1638 ad
1405 1586 1635 1660 lupanar
1665 1585 1830 1640 ducta
1857 1595 1960 1640 est.
1997 1585 2134 1640 Num
2168 1597 2324 1657 putas

746 1679 928 1731 adhuc
952 1689 1073 1730 esse
1103 1678 1405 1747 virginem?
1429 1678 1507 1731 Ad
1534 1678 1650 1733 haec
1675 1679 1916 1735 Paulus:
1949 1677 2096 1741 Scio,
2128 1679 2324 1748 inquit,

746 1769 897 1824 illum
928 1770 1105 1839 ipsum
1140 1770 1331 1835 Deum,
1365 1771 1454 1839 qui
1488 1786 1709 1842 semper
1741 1787 1768 1824 a
1809 1772 1918 1825 tuis
1949 1772 2133 1839 pravis
2167 1770 2321 1837 cogi-

750 1858 1047 1912 tationibus
1090 1875 1178 1912 me
1212 1860 1484 1922 liberavit,
1519 1860 1728 1912 sororis
1767 1861 1931 1913 etiam
1960 1876 2093 1914 mea:
2123 1875 2324 1930 propu-
2353 1831 2401 1890 Β

747 1961 1033 2021 gnatorein
1091 1950 1280 2016 fuisse,
1322 1961 1378 2006 et
1419 1951 1681 2008 intactam
1725 1952 1793 2005 ab
1836 1953 1986 2006 omni
2025 1953 2146 2008 labe
2187 1968 2323 2007 cou—

746 2059 1012 2098 servasse.
1044 2044 1186 2100 Misit
1211 2046 1355 2098 enim
1388 2047 1642 2116 angelum
1673 2062 1831 2101 suum
1864 2063 1893 2101 e
1923 2048 2083 2112 ccelo,
2115 2056 2174 2100 ut
2204 2062 2323 2100 eam

745 2136 1064 2190 custodiret.
1101 2134 1178 2187 En
1228 2147 1283 2187 ut
1318 2137 1434 2188 sine
1468 2137 1704 2198 macula,
1735 2147 1790 2190 et
1818 2136 2194 2207 virginitatem
2224 2153 2325 2208 pu-

747 2244 859 2282 ram
885 2229 1111 2289 habens,
1139 2230 1448 2291 revertitur,
1476 2237 1534 2281 ut
1561 2229 1740 2283 videat
1761 2230 1976 2283 vincula
2003 2245 2144 2284 mea.
2166 2230 2328 2285 Mise-

745 2322 988 2375 ratenim
1011 2321 1358 2386 Aurelianus,
1389 2333 1446 2374 ut
1467 2321 1682 2376 Juliaua
1707 2325 2028 2378 duceretur.
2050 2324 2182 2388 Qum
2200 2337 2324 2379 cum

748 2418 986 2469 venisset
1012 2415 1078 2467 ad
1105 2415 1666 2478 tribunal,etPaulus
1701 2432 1818 2469 eam
1855 2417 2115 2480 vidisset,
2159 2418 2328 2470 multo

748 2506 945 2576 gaudio
970 2506 1169 2580 plenus
1196 2506 1334 2559 risit.
1377 2507 1705 2561 Aurelianus
1730 2523 1862 2560 vero
1888 2527 1898 2558 :
1932 2508 2092 2572 Num,
2130 2508 2324 2577 inquit,

747 2596 989 2662 Juliana,
1037 2607 1308 2650 amatores
1331 2598 1404 2650 tui
1426 2598 1938 2667 pulchritudiuetua
1955 2599 2134 2652 satiati
2168 2599 2328 2653 sunt?

748 2691 815 2744 At
835 2690 921 2743 illa
941 2691 1110 2743 dixit:
1137 2691 1247 2743 Mea
1267 2691 1834 2758 pulehritudo,meum
1855 2702 2236 2748 ornamentum
2270 2701 2325 2746 et

749 2783 918 2836 decus
939 2782 1199 2836 Christus
1221 2791 1318 2846 est,
1352 2782 1443 2851 qui
1481 2782 1635 2837 misit
1670 2785 1923 2854 angelum
1944 2801 2128 2848 suum,
2156 2795 2208 2838 et
2241 2799 2328 2837 me

749 2874 1015 2943 abjectam
1036 2884 1197 2943 atque
1225 2875 1487 2927 humilem
1531 2891 1746 2928 servam
1771 2878 2006 2944 protexit
2034 2877 2325 2944 :quoniam

751 2963 912 3023 fidem
945 2975 998 3017 et
1025 2978 1175 3033 spem
1212 2981 1386 3020 meam
1423 2966 1476 3019 in
1512 2967 1602 3020 illo
1639 2967 1800 3021 fixam
1842 2967 2042 3021 habeo.
2082 2967 2328 3037 Quaproo

749 3065 872 3125 pter
903 3058 1102 3126 gratias
1147 3057 1221 3110 illi
1255 3073 1376 3129 ago,
1413 3068 1469 3113 et
1501 3071 1756 3114 sanctum
1805 3060 1922 3130 ejus
1957 3074 2158 3114 nomen
2207 3060 2325 3115 col-

2428 579 2518 634 Dei
2567 583 2865 650 potentiam
2916 584 3375 653 contemplantes,
3429 586 3612 640 animo
3665 587 4011 655 cmnpuncti,

2427 673 2495 724 ab
2550 673 2817 727 idolorum
2875 675 3266 744 superstitione
3337 674 3677 738 defecerunt,
3714 684 3770 731 et
3805 675 4012 730 Christi

2430 764 2589 818 ﬁdem
2625 765 2796 820 secuti
2831 775 2987 831 sunt;
3030 766 3184 819 multi
3224 767 3387 819 etiam
3437 765 3745 830 carnifices,
3791 767 3888 835 qui
3921 781 4013 820 eos

2428 859 2878 924 verberaverant,
2918 874 3041 913 cum
3096 857 3187 911 Dei
3246 867 3392 912 tanta
3451 858 3503 910 in
3573 858 3696 910 illos
3747 857 4011 912 beneficia

2428 952 2623 1006 collata
2666 953 2948 1017 vidissent,
3013 960 3223 1006 mutato
3300 952 3552 1014 consilio,
3599 950 3809 1005 Christi
3853 949 4012 1004 fidem

2429 1043 2668 1112 amplexi
2706 1051 2855 1096 sunt.

2500 1136 2615 1190 XX.
2657 1137 2868 1190 Perlata
2905 1151 3036 1190 vero
3069 1146 3199 1190 sunt
3235 1134 3352 1189 haec
3393 1135 3584 1188 omnia
3645 1133 3714 1187 ad
3762 1131 4014 1186 Aurelia-

2429 1245 2583 1289 num,
2607 1228 2698 1297 qui
2716 1229 2905 1298 jussit,
2928 1227 3049 1280 illos
3071 1228 3143 1280 ita
3168 1237 3224 1280 ut
3246 1234 3423 1290 erant,
3448 1227 3500 1280 in
3545 1225 3704 1280 fovea
3729 1225 4012 1291 lapidibus

2429 1317 2606 1372 obrui.
2638 1317 2741 1371 Sed
2769 1332 2904 1372 ecce
2931 1327 3157 1385 repente.
3181 1316 3403 1368 tonitrui
3430 1317 3642 1372 sonitus
3666 1331 3795 1369 cum
3825 1315 4012 1367 multis

2429 1409 2762 1480 fulguribus,
2811 1417 2866 1461 et
2901 1411 3076 1461 nubes
3123 1407 3229 1461 huc
3283 1417 3448 1476 atque
3495 1408 3622 1460 illuc
3670 1407 3915 1478 agitatae,
3965 1415 4018 1459 et

2432 1503 2570 1572 ignis
2607 1501 2796 1570 plenze,
2839 1515 3012 1569 usque
3062 1500 3129 1552 ad
3185 1499 3461 1554 Aureliani
3508 1509 3875 1566 conspectum
3922 1498 4018 1551 de-

2431 1602 2724 1655 venerunt,
2777 1604 2830 1645 et
2856 1593 3036 1661 ignem
3100 1590 3254 1644 illum
3313 1590 3366 1641 in
3410 1599 3612 1643 terram
3671 1589 4017 1651 eﬂ‘uderunt,

2432 1702 2648 1760 voxque
2684 1687 2798 1738 haec
2851 1702 2880 1736 e
2913 1683 3054 1737 «elo
3105 1681 3172 1734 ad
3224 1696 3348 1734 eum
3386 1683 3624 1734 demissa
3667 1692 3752 1734 est
3793 1701 3805 1735 :
3839 1686 4020 1737 Aure-

2432 1781 2600 1842 liane,
2633 1777 2919 1847 ingredere
2959 1776 3016 1828 in
3047 1775 3299 1843 abyssum
3332 1775 3598 1842 gehenme
3638 1772 3809 1842 ignis,
3860 1789 4019 1841 para-

2432 1885 2538 1927 tam
2567 1872 2663 1926 tibi
2687 1880 2740 1924 et
2765 1868 2904 1940 patri
2935 1877 3026 1923 tuo
3049 1867 3269 1922 diabolo
3335 1865 3459 1920 Hinc
3480 1880 3605 1919 cum
3630 1864 3779 1919 facta
3809 1876 4016 1926 essent,

2430 1965 2582 2020 misit
2613 1964 2965 2025 Aurelianus,
3000 1969 3050 2015 et
3073 1960 3240 2030 jussit
3274 1959 3512 2013 athletas
3539 1957 3826 2012 etChristi
3874 1972 4018 2009 mar-

2430 2068 2572 2128 tyres
2604 2073 2666 2110 ex
2700 2056 2856 2110 fovea
2890 2055 2979 2108 illa
3007 2055 3250 2116 extrahi,
3288 2062 3344 2107 et
3373 2053 3430 2106 in
3465 2066 3748 2106 carcerem
3790 2049 4017 2118 conjici.

2431 2151 2622 2223 Itaque
2675 2149 2846 2203 sancti
2905 2156 3171 2215 martyres
3207 2146 3298 2199 Dei
3338 2144 3566 2214 gloriam
3616 2142 3920 2198 laudabant
3967 2142 4018 2194 in

2429 2241 2687 2296 Omnibus
2744 2240 2853 2302 his,
2903 2253 3024 2311 quae
3081 2237 3224 2289 Deus
3258 2236 3374 2304 ipse
3416 2233 3743 2288 mirabiliter
3799 2233 4019 2286 illorum

2430 2349 2596 2389 causa
2631 2333 2858 2385 fecerat.
2897 2329 3146 2398 Septimo
3181 2328 3269 2380 die
3318 2335 3508 2395 postea
3553 2325 3801 2380 diluculo
3842 2315 4019 2377 Aure-

2429 2428 2611 2481 lianus
2641 2424 2782 2479 sedit
2812 2423 2866 2476 in
2892 2422 3173 2483 tribunali,
3204 2431 3259 2475 et
3281 2421 3446 2492 jussit
3469 2421 3790 2476 sacerdotes
3827 2418 4018 2474 afferre

2431 2529 2785 2592 quotcunque
2806 2517 2942 2572 idola
2967 2517 3243 2572 habebant
3261 2525 3487 2588 argento
3510 2524 3562 2570 et
3581 2530 3716 2568 auro
3744 2513 4016 2568 confecta.

2431 2632 2492 2670 ac
2525 2613 2778 2684 pretiosis
2807 2611 3080 2681 lapidibus
3121 2619 3337 2664 ornata.
3387 2609 3520 2673 Quae
3565 2606 3888 2660 sacerdotes
3923 2602 4015 2670 ipsi

2432 2719 2555 2758 mox
2612 2703 2664 2754 in
2722 2709 3022 2769 conspectu
3077 2697 3358 2752 Aureliani
3423 2695 3858 2756 constituerunt,
3896 2704 4014 2750 cum

2431 2792 2758 2848 stravissent
2803 2790 2906 2843 sub
2959 2789 3078 2857 ejus
3120 2788 3350 2856 pedibus
3411 2801 3704 2856 purpuram
3761 2785 4014 2855 regalem.

2433 2883 2570 2952 Tum
2612 2882 2976 2936 Aurelianus:
3009 2877 3231 2944 Vocate,
3269 2879 3462 2948 inquit,
3496 2877 3726 2932 Paulum
3759 2889 3815 2930 et
3849 2875 4013 2930 Julia-

2432 2991 2582 3033 nam.
2615 2968 2762 3040 Quos
2793 2987 2917 3028 eum
2942 2972 3171 3027 vidisset
3202 2981 3330 3026 ante
3359 2971 3597 3027 tribunal
3626 2971 4010 3032 consistentes,

2431 3072 2615 3124 animo
2650 3080 2704 3122 et
2731 3067 2879 3120 vultu
2921 3064 3080 3119 valde
3112 3063 3253 3118 irato
3282 3064 3387 3116 illis
3419 3063 3683 3126 minatus,
3719 3061 3859 3114 dixit
3893 3077 3906 3114 :
3945 3059 4010 3112 Ite

751 3149 934 3212 laudo,
965 3151 1112 3220 quod
1146 3153 1263 3221 ipse
1317 3162 1421 3216 est,
1457 3153 1550 3221 qui
1585 3152 1714 3206 facit
1763 3153 2036 3206 mirabilia
2090 3154 2239 3208 solus
2279 3155 2323 3218 ⁸,

2436 3177 2608 3224 nunc,
2639 3171 2693 3214 et
2719 3159 2823 3213 diis
2869 3156 3202 3219 sacrificate;
3254 3156 3422 3209 nolim
3467 3156 3614 3209 enim
3663 3151 4008 3211 existimetis,

751 3247 940 3295 etnon
977 3253 1060 3294 est
1087 3242 1228 3295 alios
1258 3242 1401 3295 Deus
1430 3247 1626 3312 praeter
1660 3246 1858 3314 ipsum.

824 3332 965 3387 XIX.
998 3332 1172 3388 Jussit
1198 3336 1458 3406 deinceps
1488 3339 1819 3392 Aurelianus
1851 3337 2073 3392 Paulum
2101 3339 2325 3404 exsolvi,

752 3429 810 3481 et
853 3427 1065 3482 foveam
1115 3430 1407 3498 quamdam
1450 3431 1638 3494 effodi,
1685 3440 1792 3484 tam
1829 3433 2072 3502 longam,
2123 3443 2328 3500 quanta

752 3521 842 3571 est
881 3523 1044 3572 trium
1091 3522 1377 3574 hominum
1425 3530 1670 3590 statura;
1710 3533 1822 3577 tum
1865 3524 2009 3590 ligna
2049 3532 2104 3575 et
2152 3523 2330 3595 ignem

752 3610 975 3675 alferri,
1030 3622 1193 3681 atque
1249 3614 1304 3666 in
1361 3615 1518 3667 fovea
1573 3616 1661 3666 illa
1719 3615 2000 3667 succendi.
2061 3614 2333 3670 Fecerunt

753 3703 1058 3767 carniliccs,
1087 3704 1232 3773 quod
1254 3706 1468 3773 jussum
1496 3704 1693 3765 fuerat,
1724 3704 2015 3757 admodum
2050 3707 2289 3758 studiose
2315 3722 2329 3770 ;

751 3813 876 3850 nam
919 3807 975 3851 et
1001 3797 1216 3851 foveam
1262 3799 1446 3851 statim
1478 3797 1807 3860 effuderunt,
1842 3807 1894 3852 et
1932 3800 2110 3868 ignem
2165 3798 2332 3852 vehe-

759 3900 977 3950 menter
1005 3892 1401 3943 acceuderunt.
1434 3890 1617 3960 Itaque
1649 3891 1975 3945 Aurelianus
1997 3893 2160 3960 jussit
2182 3891 2326 3945 Pau-

753 3981 862 4034 lum
893 3991 942 4034 et
972 3979 1244 4039 Julianam
1272 3985 1323 4036 in
1349 3984 1525 4053 ignem
1546 3984 1697 4036 illum
1722 3983 1944 4050 conjici.
1988 3982 2174 4035 Sancti
2204 3999 2336 4036 vero

755 4083 1053 4142 martyres,
1087 4074 1254 4127 Deum
1284 4073 1680 4136 coliaudantes,
1708 4070 2042 4125 Salvatorem
2067 4089 2129 4127 ac
2149 4073 2335 4128 Domi-

757 4182 888 4218 num
926 4166 1111 4218 .lesum
1164 4164 1444 4218 Christum
1492 4165 1818 4220 invocabant
1892 4166 1957 4220 ad
2015 4182 2174 4236 opem
2230 4168 2335 4222 sibi

755 4255 1062 4311 ferendam.
1100 4257 1236 4311 Cum
1280 4271 1464 4312 autem
1501 4258 1568 4311 ad
1607 4273 1732 4311 eum
1793 4258 1972 4311 locum
2024 4259 2334 4322 venissent,

767 4367 864 4406 sua
912 4353 1158 4407 membra
1201 4351 1385 4405 crucis
1437 4349 1639 4404 Christi
1690 4350 1847 4420 signo
1887 4353 2229 4414 munierunt,
2282 4361 2338 4406 et

759 4445 955 4512 sponte
987 4459 1045 4496 se
1083 4444 1138 4495 in
1179 4444 1363 4511 ignem
1396 4442 1780 4513 conjeeerunt.
1830 4443 1997 4497 Erant
2039 4455 2226 4515 autem.
2282 4445 2335 4498 in

2432 3268 2625 3308 manus
2658 3266 2805 3305 meas
2835 3267 2928 3304 vos
2957 3261 3243 3303 evasuros.
3279 3242 3521 3299 Subrisit
3553 3244 3760 3296 Paulus
3785 3283 3799 3306 ,
3823 3253 3876 3296 et
3906 3243 4009 3296 ait:

2433 3347 2746 3418 Nunquam,
2775 3352 3028 3410 tyranne,
3063 3340 3234 3390 Deum
3258 3346 3507 3390 nostrum
3539 3335 4010 3404 derelinquemus,

2432 3436 2524 3505 qui
2558 3435 2760 3489 coelum
2806 3439 2860 3484 et
2918 3439 3126 3484 terram
3188 3427 3396 3482 effecit.
3450 3424 3528 3481 Ne
3568 3436 3728 3496 putes
3759 3427 4013 3496 amplius,

2434 3529 2590 3584 idolis
2652 3525 2755 3580 ruis
2803 3524 3009 3579 cultum
3081 3536 3182 3578 nos
3237 3522 3522 3576 allaturos.
3574 3521 3715 3577 Tum
3767 3521 4015 3575 Aurelia—

2433 3639 2584 3675 nus:
2622 3620 2893 3679 Violenta,
2952 3616 3150 3685 inquit,
3189 3624 3367 3668 morte
3417 3615 3616 3683 dignus
3663 3629 3745 3668 es.
3791 3615 4008 3669 ldoianc

2439 3713 2532 3766 tibi
2569 3712 2683 3764 haec
2733 3707 3031 3762 videntur?
3079 3705 3269 3773 Neque
3319 3705 3598 3773 intelligis,
3657 3720 3781 3772 qua:
3835 3707 3917 3758 vis
3965 3706 4015 3758 in

2437 3804 2541 3858 illis
2576 3801 2690 3855 sit?

2510 3894 2650 3950 XXI.
2706 3893 2789 3950 Ad
2833 3894 2947 3948 haec
2994 3891 3196 3947 Paulus
3245 3909 3257 3946 :
3301 3891 3515 3960 Jupiter
3566 3889 3688 3955 iste,
3739 3904 3905 3959 quem
3965 3900 4018 3944 tu

2438 3989 2600 4042 deum
2652 4002 2772 4040 esse
2820 3987 2979 4052 dicis,
3038 3988 3203 4041 homo
3249 3985 3470 4055 quidam
3511 3984 3614 4039 fuit
3665 3983 4018 4054 fugitivorum

2440 4079 2604 4143 ﬁlius,
2634 4081 2727 4148 qui
2781 4086 2956 4132 artem
3009 4078 3273 4149 magicam
3325 4077 3464 4131 bene
3514 4077 3742 4131 edoctus
3794 4077 4017 4130 fuerat:

2438 4186 2669 4239 eumque
2704 4179 2902 4239 przeter
2933 4179 3163 4224 caeteros
3210 4167 3460 4221 homines
3491 4177 3638 4220 esset
3670 4168 4017 4220 incontinen—

2442 4262 2710 4322 tissimus,
2739 4269 2794 4312 et
2829 4260 3042 4312 libidini
3087 4259 3323 4309 maxime
3367 4256 3603 4315 deditus.
3653 4270 3717 4308 ac
3764 4271 4020 4323 quorum—

2441 4349 2566 4403 dam
2597 4346 2999 4417 pulchcrrimas
3051 4359 3251 4398 uxores
3297 4353 3460 4413 atque
3503 4343 3641 4399 ﬁlias
3683 4345 4015 4411 adamasset,

2442 4456 2501 4496 se
2532 4441 2816 4494 continere
2860 4455 2971 4493 non
3009 4437 3185 4510 potuit
3243 4438 3375 4507 quin
3410 4453 3532 4493 cum
3572 4437 3678 4492 illis
3708 4440 4022 4493 commisce-

766 4538 890 4607 igne
921 4535 1013 4590 illo
1049 4535 1217 4590 Deum
1251 4534 1568 4599 laudantes,
1617 4549 1671 4590 et
1703 4537 1824 4604 ejus
1863 4537 2090 4606 gloriam
2136 4512 2338 4606 praidi-
2372 4507 2417 4564 ο
2454 4541 2628 4584 retur.
2692 4529 2794 4594 Qui
2872 4530 3034 4584 modo
3113 4529 3165 4581 in
3234 4539 3448 4582 taurum
3523 4538 3790 4594 mutatus,
3865 4531 4022 4583 modo

765 4639 974 4685 cantes.
1007 4629 1146 4683 Ecee
1180 4638 1363 4683 autem
1409 4630 1634 4700 angelus
1677 4626 1887 4683 Domini
1939 4631 2225 4684 descendit
2272 4631 2340 4684 de

766 4721 929 4784 crelo,
960 4730 1014 4773 et
1035 4720 1244 4772 fumum
1270 4736 1374 4772 una
1396 4736 1519 4773 cum
1547 4720 1669 4789 igne
1694 4722 1838 4775 foras
1860 4724 2122 4787 excussit,
2164 4738 2340 4792 neque

768 4811 1014 4882 permisit
1059 4821 1275 4865 sanctos
1307 4820 1580 4882 martyres
1628 4811 1712 4864 vel
1767 4812 2045 4882 paululum
2093 4813 2161 4867 ab
2216 4815 2338 4884 igne

766 4904 1090 4974 perturbari.
1155 4903 1383 4957 Stabant
1449 4906 1630 4972 itaque
1687 4905 1741 4958 in
1809 4903 1964 4957 fovea
2025 4904 2113 4957 illa
2176 4905 2339 4958 rectis

769 4995 1113 5062 corporibus,
1175 4995 1387 5048 divinas
1444 4996 1634 5048 laudes
1698 4995 2039 5065 proferentes
2098 4998 2151 5049 in
2203 4998 2343 5050 hanc

768 5086 1092 5140 sententiam
1123 5103 1136 5140 :
1167 5084 1491 5142 Benedictus
1539 5101 1618 5151 es,
1655 5086 1882 5140 Domine
1929 5087 2067 5142 Deus
2102 5087 2214 5141 Rex
2241 5101 2343 5140 sa:-

769 5179 1035 5239 cuiorum,
1068 5178 1161 5247 qui
1203 5193 1414 5231 memor
1464 5177 1615 5232 fuisti
1659 5177 1984 5232 humilitatis
2044 5189 2246 5233 nostra:
2292 5187 2347 5232 et

768 5270 1055 5337 presentia
1075 5279 1161 5322 tua
1180 5269 1318 5339 ignis
1333 5270 1601 5323 flammam
1625 5271 1930 5325 exstinxisti
1955 5281 2175 5339 propter
2193 5271 2350 5324 boni-

771 5367 934 5412 tatem
956 5372 1122 5422 tuam,
1140 5377 1260 5430 qua:
1280 5362 1410 5416 facit
1456 5372 1512 5417 ut
1535 5374 1754 5431 peccata
1770 5369 1955 5416 nostra
1978 5375 2083 5415 non
2107 5361 2351 5417 recorde-

770 5451 864 5505 ris.
883 5450 962 5506 Tu
985 5469 1081 5507 nos
1099 5454 1370 5525 indignos,
1390 5455 1570 5510 salvos
1599 5465 1762 5524 atque
1785 5456 2347 5526 ineolumeseripuisti

768 5555 802 5605 δ
835 5546 1256 5613 cOgitationibus
1292 5548 1504 5617 tyranni
1527 5548 1828 5612 Aureliani,
1862 5550 1953 5617 qui
1988 5565 2085 5605 suo
2116 5549 2347 5620 imperio

771 5639 844 5694 ita
921 5639 1260 5712 intumescit,
1338 5646 1494 5714 quasi
1569 5643 1790 5699 futurus
1856 5641 1928 5697 sit
2001 5644 2343 5700 immortalia.

844 5823 864 5855 δ
887 5820 1030 5880 l’sal.
1085 5842 1233 5896 Lxxi,
1271 5827 1358 5882 18.

2447 4626 2534 4677 avi
2602 4622 2821 4684 similis,
2878 4621 3073 4690 aquila:
3138 4620 3368 4683 scilicet,
3422 4635 3486 4673 ac
3561 4636 3754 4689 cygno,
3831 4623 4021 4678 mulie-

2448 4729 2537 4768 res
2637 4713 2928 4769 nonnullas
3001 4727 3067 4765 ex
3143 4711 3254 4780 jam
3366 4711 3530 4764 dictis
3638 4711 4019 4782 circumvenit,

2446 4816 2501 4862 et
2563 4819 2593 4858 a
2661 4811 2842 4857 mente
2921 4802 3184 4857 alienatas
3258 4804 3312 4857 in
3394 4818 3516 4858 eam
3573 4802 3855 4858 miseriam
3923 4806 4021 4860 ini-

2444 4897 2604 4970 pulit.
2647 4904 2705 4950 ut
2736 4895 2911 4966 ipsum
2978 4903 3232 4967 tanquam
3266 4900 3428 4953 deum
3487 4899 3752 4953 colerent.
3790 4900 3869 4954 Ad
3914 4903 4020 4954 haec

2446 5001 2500 5044 et
2527 4988 2660 5042 alias
2698 4987 2955 5042 mulieres
3006 5004 3102 5058 per
3151 4987 3341 5042 forma:
3391 4990 3748 5042 mutationem
3786 4998 3843 5042 et
3891 5006 4020 5059 pra-

2448 5081 2637 5150 stigias
2671 5079 2908 5149 decepit,
2951 5081 3010 5134 in
3051 5095 3246 5132 aurum
3291 5092 3677 5135 commutatus.
3713 5082 3782 5133 Et
3813 5097 3883 5137 ne
3925 5085 4021 5138 alia

2449 5179 2572 5248 ejus
2608 5174 2898 5228 libidinosa
2946 5173 3188 5228 facinora
3223 5176 3325 5229 hoc
3375 5176 3494 5229 l0c0
3531 5187 3747 5229 narrem
3801 5175 3942 5247 (scio
3974 5189 4019 5232 te

2457 5270 2525 5324 ad
2564 5264 2896 5320 iracundiam
2933 5268 3194 5321 concitari
3231 5285 3244 5320 :
3276 5268 3369 5322 sed
3395 5269 3519 5322 licet
3543 5267 3824 5334 irascaris,
3848 5271 4017 5326 dicam

2459 5374 2641 5418 tamen
2674 5358 2812 5415 nihil
2849 5361 3072 5430 veritus)
3105 5361 3224 5427 iste,
3263 5363 3355 5430 qui
3388 5376 3555 5431 prope
3593 5359 3783 5417 Jovem
3819 5367 4020 5433 positus

2456 5465 2561 5516 est,
2594 5464 2648 5506 et
2671 5450 2864 5519 Apollo
2895 5451 3228 5520 dicitur,‘au
3265 5469 3374 5506 non
3406 5467 3473 5508 ex
3501 5453 3776 5520 adulterio
3812 5457 4018 5525 genitus

2456 5557 2541 5602 est
2591 5560 2620 5598 e
2677 5540 2906 5596 muliere
2959 5546 3218 5613 quadam,
3281 5561 3402 5614 quin
3456 5544 3661 5600 Latona
3713 5546 4012 5608 dicebatur,

2454 5652 2685 5711 quaeque
2716 5633 2867 5688 illum
2915 5638 3132 5707 peperit
3187 5640 3328 5693 inter
3370 5638 3507 5693 duas
3540 5638 3788 5705 arbores,
3838 5641 3930 5709 qui
3969 5650 4016 5697 et
