4158 6462
162 370 272 432 585

1085 374 1545 440 MARTYRIUM
1589 379 1696 436 SS.
1746 378 1971 437 PAULI
2017 380 2112 439 ET
2152 382 2529 444 JULIANAS.

3328 394 3433 455 586

166 479 413 533 militum
440 476 903 544 Christianorum,
929 494 957 533 a
980 478 1238 547 Traiano.
1278 482 1405 534 dum
1441 482 1493 533 in
1533 480 1757 535 Oriente
1788 489 1832 543 Α
1863 482 2213 540 benefaeicns
2245 489 2522 553 omnibus,
2566 507 2629 546 ac
2672 492 2911 549 liberans
2942 512 3035 553 eos
3067 499 3110 561 ',
3146 501 3237 570 qui
3264 518 3293 557 a
3319 503 3435 559 dia-

162 570 286 638 ipse
323 584 495 638 opera
538 570 748 624 nefaria
779 571 1070 633 commisit,
1106 580 1315 637 patrem
1348 569 1535 624 Jovem
1571 572 1756 627 imita-

163 659 303 712 tus?
354 657 566 713 Eodem
610 660 774 714 modo
814 669 867 713 et
910 658 1204 729 Dionysius
1249 671 1429 714 vester
1469 661 1557 714 ille
1591 662 1749 724 deus,

160 765 243 803 an
283 765 395 804 non
433 759 491 804 et
520 750 637 819 ipse
677 766 743 805 ex
775 750 1042 805 adulterio
1073 752 1290 819 genitus
1319 759 1401 804 est
1432 766 1496 804 ex
1533 752 1755 809 Semele

158 836 362 892 Cadmi
390 838 540 891 ﬁlia?
567 838 823 908 Nugatur,
849 838 1025 909 inquit
1049 840 1399 901 Aurelianus,
1421 847 1477 893 et
1503 842 1755 905 sceleste,

159 946 241 983 an
280 946 388 983 non
426 947 489 985 ex
523 930 741 985 Junoue
773 933 998 985 deorum
1038 939 1210 982 matre
1259 928 1502 984 Bacchus
1545 932 1760 1000 genitus

159 1018 297 1072 est?
330 1019 472 1072 Risit
529 1018 754 1083 Paulus,
808 1030 861 1073 et
916 1020 1037 1072 ait:
1077 1018 1242 1071 Estne
1311 1021 1468 1079 deus,
1524 1021 1615 1090 qui
1694 1037 1760 1074 ex

161 1109 408 1163 muliere
446 1111 667 1179 genitus
694 1111 917 1178 incipiat
946 1125 1063 1163 esse
1091 1111 1251 1171 deus,
1277 1121 1372 1163 aut
1406 1114 1494 1179 qui
1532 1128 1754 1165 uxorem

163 1200 410 1254 habeat?
438 1201 595 1255 Tunc
617 1202 944 1255 Aurelianus
968 1218 981 1252 :
1002 1202 1315 1269 Quousque,
1340 1202 1533 1268 inquit,
1561 1202 1758 1255 tttltItaS

160 1308 347 1362 nugas
394 1293 682 1347 eliunilens
718 1293 821 1346 diis
854 1294 1144 1346 maledices
1172 1294 1193 1345 ?
1225 1310 1290 1346 an
1341 1310 1448 1346 non
1490 1304 1545 1346 et
1578 1303 1756 1347 vester

162 1386 445 1447 Christus,
479 1401 643 1454 quem
676 1401 772 1438 vos
802 1383 1098 1438 Christiani
1136 1383 1301 1437 Deum
1336 1386 1612 1439 coalesteui
1638 1400 1759 1439 esse

163 1477 378 1538 dicitis,
410 1492 475 1530 ex
506 1476 735 1530 muliere
772 1478 987 1543 genitus
1023 1477 1143 1531 est?
1173 1476 1475 1547 Respondit
1518 1479 1754 1531 Paulus;

162 1568 283 1621 Non
323 1583 385 1619 es
411 1577 468 1621 tu
499 1569 716 1637 dignus,
737 1570 826 1638 qui
847 1569 934 1621 Dei
962 1571 1271 1638 mysterium
1316 1571 1525 1623 audias.
1557 1570 1756 1623 Verum

164 1674 235 1711 ne
262 1659 519 1712 oratione
553 1669 641 1712 tua
672 1661 867 1713 multus
900 1676 1109 1719 eorum.
1142 1662 1232 1727 qui
1274 1673 1566 1729 praesentes
1610 1673 1757 1724 seut,

162 1749 598 1813 circutnveuias,
621 1766 840 1805 necesse
856 1762 938 1805 ρει
958 1752 1169 1820 aperire
1187 1753 1259 1814 id,
1281 1755 1425 1821 quod
1459 1754 1675 1822 quaeris.

235 1855 407 1910 XXII.
446 1856 605 1909 Initio
644 1858 789 1910 Deus
838 1858 953 1925 ipse
1000 1873 1126 1911 cum
1175 1860 1371 1912 coelum
1408 1869 1462 1912 et
1536 1870 1756 1919 terram,

165 1964 318 2003 mare
368 1959 425 2002 et
445 1950 651 2011 omnia,
694 1965 815 2018 quae
865 1951 915 2002 in
950 1951 1032 2004 eis
1086 1959 1233 2013 sunt,
1266 1951 1555 2008 eﬂecisset.
1586 1952 1759 2005 homi-

162 2055 291 2094 nem
333 2041 551 2096 etﬁnxit
583 2042 651 2096 ad
692 2043 980 2112 imaginem
1018 2052 1073 2095 ct
1113 2044 1530 2097 similitudinem
1578 2061 1753 2097 suam.

173 2135 389 2189 Purum
431 2137 579 2190 enim
628 2152 658 2190 a
696 2137 922 2199 malitia,
959 2137 1333 2200 innocentem,
1381 2137 1609 2204 justum,
1648 2140 1761 2205 pie-

172 2234 289 2282 tate
331 2228 627 2296 praiditum
683 2228 891 2281 ereavit
926 2227 1075 2280 illum
1126 2228 1287 2288 Deus,
1324 2236 1379 2280 et
1418 2228 1469 2279 in
1510 2228 1760 2295 paradiso

166 2323 498 2377 deliciarum
522 2325 685 2392 pleno
703 2340 825 2378 eum
855 2322 1162 2378 collocavit.
1191 2323 1350 2377 Pater
1367 2334 1545 2377 autem
1578 2336 1756 2379 vester

166 2415 429 2468 diabolus
466 2430 574 2466 ιιοιι
635 2415 821 2467 ferens
868 2428 1073 2468 tantam
1130 2416 1368 2469 hominis
1414 2416 1751 2482 felicitatem,

166 2506 334 2560 Evam
370 2505 611 2569 seduxit,
644 2515 699 2559 et
741 2521 833 2574 per
884 2508 1049 2567 illam,
1094 2508 1264 2561 Adam
1315 2509 1379 2561 ad
1416 2509 1585 2563 divini
1619 2526 1756 2577 pra:-

165 2603 309 2673 cepti
346 2600 843 2673 transgressionem
875 2601 1112 2670 impulit.
1154 2601 1274 2666 Quo
1321 2601 1521 2655 factum
1555 2610 1657 2660 est.
1693 2611 1752 2654 ut

166 2706 222 2749 et
279 2696 459 2749 Adattt
528 2696 645 2763 ipse
704 2709 961 2763 tanquam
1021 2704 1449 2765 transgressorc
1497 2692 1750 2762 paradiso

166 2790 440 2857 expulsus
483 2787 575 2847 sit,
608 2795 666 2839 ct
708 2801 881 2854 genus
925 2801 1087 2838 omne
1134 2787 1437 2839 humanum
1476 2784 1635 2839 morti
1696 2792 1753 2839 et

167 2879 383 2951 peccati
441 2891 616 2943 paenae
687 2876 983 2928 obnoxium
1043 2879 1299 2933 evaserit.
1373 2881 1741 2942 Quamobrem

166 2969 415 3025 celestis
460 2966 621 3020 Pater
674 2975 727 3020 et
781 2966 1129 3035 omnipotens
1178 2966 1318 3020 Deus
1366 2969 1747 3024 misericordia

166 3076 374 3125 motus,
422 3062 668 3116 humano
723 3059 909 3130 generi
965 3058 1259 3114 subvenire
1318 3061 1527 3124 volens,
1598 3064 1747 3115 misit

1863 574 1986 628 bolo
2018 578 2378 635 vexabantur.
2421 583 2613 642 Postea
2674 584 2726 639 in
2778 586 2922 659 ligno
2974 593 3154 646 crucis
3203 597 3437 651 suffixus

1860 674 1962 725 est,
2009 676 2067 720 ut
2101 669 2331 724 salutem
2368 672 2522 727 daret
2568 678 2795 742 mundo,
2828 681 2919 751 qui
2956 686 3194 753 perierat
3234 690 3434 749 diaboli

1862 755 2118 811 violentia
2170 769 2223 813 et
2272 760 2506 815 fallacia.
2565 762 2710 820 Idem
2752 783 2979 839 corpore
3031 785 3277 831 mortuus
3325 789 3431 837 est.

1860 847 2107 919 Cumque
2171 852 2237 905 ad
2272 853 2477 910 inferos
2516 856 2907 916 descendisset
2939 880 3044 917 una
3087 884 3211 921 cum
3243 882 3429 927 sancta

1861 943 2043 996 anima
2088 944 2173 997 illa
2215 960 2333 1005 sua.
2370 950 2636 1004 contrivit
2685 968 2872 1021 portas
2927 973 3119 1021 aereas,
3168 971 3219 1015 et
3251 975 3435 1020 vectes

1862 1034 2067 1088 ferreas
2109 1038 2415 1107 eonfregit’
2449 1059 2461 1094 :
2495 1052 2661 1110 atque
2692 1046 2742 1097 in
2791 1047 3088 1116 caliginosa
3134 1053 3433 1111 inferorum

1863 1128 2161 1194 penetralia
2192 1129 2489 1197 ingressus.
2522 1136 2724 1202 eripuit
2765 1154 2857 1191 eos
2894 1141 2987 1209 qui
3034 1145 3264 1199 vinculis
3301 1150 3447 1203 detis

1863 1219 2155 1279 nehantur,
2189 1228 2243 1273 et
2273 1236 2339 1274 ex
2370 1238 2590 1278 carcere
2618 1226 2816 1281 diaboli
2853 1231 2974 1285 illos
3009 1234 3058 1285 iu
3099 1238 3438 1304 superiorem

1865 1313 2143 1380 regionem
2171 1314 2358 1368 eduxit
2400 1317 2463 1370 ¹⁰.
2508 1317 2661 1381 Quod
2702 1332 2869 1377 totum
2908 1326 3080 1394 ipsius
3115 1331 3437 1400 benignitati

1863 1414 2151 1473 acceptum
2179 1408 2441 1461 refertur.
2479 1409 2614 1463 Cum
2656 1430 2783 1468 vero
2834 1417 2903 1470 ita
2954 1431 3077 1487 post
3123 1431 3232 1475 tres
3262 1426 3378 1479 dies
3412 1444 3439 1477 τι

1864 1497 2093 1549 mortuis
2163 1501 2574 1567 resurrexisset,
2644 1509 2895 1575 apparuit
2954 1514 3069 1566 suis
3150 1517 3439 1586 discipulis

1863 1598 2027 1657 atque
2057 1592 2341 1658 apostolis,
2395 1603 2449 1646 et
2482 1595 2600 1648 aliis
2643 1600 2846 1663 multis,
2886 1604 2976 1669 qui
3031 1621 3153 1659 tere
3210 1608 3261 1660 in
3314 1626 3438 1664 eum

1863 1683 2207 1738 crediderant
2238 1705 2248 1737 :
2285 1696 2479 1741 etcum
2512 1690 2802 1756 aliquoties
2835 1697 3166 1752 comedisset
3194 1712 3247 1754 et
3272 1702 3443 1757 bibis—

1864 1784 1945 1827 set
1972 1791 2092 1828 cum
2136 1781 2396 1845 apostolis
2427 1799 2520 1849 per
2552 1782 2670 1835 dies
2702 1787 3082 1856 quadraginta,
3136 1791 3219 1845 sic.
3256 1804 3440 1861 postea

1867 1870 1917 1918 in
1956 1870 2151 1922 collum
2208 1885 2525 1941 assumptus
2571 1886 2673 1938 est,
2735 1890 2787 1929 et
2836 1882 2991 1931 sedet
3040 1882 3106 1933 ad
3159 1884 3437 1941 dexteram

1867 1955 2041 2011 Patris
2081 1975 2202 2011 cum
2245 1978 2473 2030 Corpore
2523 1964 2634 2029 illo,
2687 1968 2829 2035 quod
2865 1969 2977 2036 ipse
3009 1973 3149 2025 Deus
3200 1970 3437 2029 Verbum

1864 2048 1965 2100 sibi
1996 2051 2289 2117 cupulavit.
2312 2053 2463 2105 Nunc
2485 2056 2650 2123 igitur
2670 2060 2914 2114 diabolus
2944 2063 3128 2117 dolore
3161 2068 3436 2133 allligitur.

1864 2138 2017 2190 Illum
2062 2141 2207 2193 enim
2254 2142 2511 2199 Christus
2567 2148 2682 2217 ipse
2725 2150 3161 2210 Christianorum
3214 2161 3442 2226 pedibus

1862 2231 2169 2286 conculcari
2224 2235 2371 2297 fecit,
2424 2240 2516 2306 qui
2573 2258 2669 2309 per
2712 2254 2963 2299 sanctum
3015 2248 3184 2315 ipsius
3234 2267 3436 2306 nomen

1852 2322 2242 2396 ingrediuntur
2291 2328 2343 2381 in
2405 2347 2631 2401 regnum
2678 2338 2938 2391 caelorum
2996 2358 3009 2393 :
3056 2360 3085 2393 a
3119 2358 3227 2409 quo
3272 2360 3440 2415 regno

1862 2422 1917 2466 tu
1947 2417 2158 2471 alienus
2186 2435 2268 2475 es.
2304 2422 2479 2476 Habes
2521 2426 2663 2479 enim
2701 2439 2901 2481 sortem
2932 2438 2985 2484 et
3017 2442 3249 2500 partem,
3284 2447 3442 2489 aeter-

1840 2521 1990 2594 tnam
2030 2509 2171 2578 ignis
2219 2514 2543 2582 gehennam,
2593 2519 2964 2576 haereditatem
3024 2526 3223 2581 diaboli
3270 2529 3443 2597 patris

1860 2599 1935 2650 tui
1972 2604 2301 2669 percipiens.

1926 2687 2116 2743 XXIII.
2146 2694 2243 2746 llis
2284 2695 2500 2758 auditis,
2537 2698 2864 2757 Aurelianus
2891 2722 3003 2774 prae
3065 2708 3251 2764 furore
3286 2712 3441 2768 vultu

1855 2792 2097 2837 mutatus
2137 2794 2241 2848 est,
2306 2796 2361 2839 et
2408 2788 2669 2848 dentibus
2723 2796 2962 2851 stridere
3029 2804 3229 2869 erepit,
3287 2822 3444 2861 exar-

1855 2874 2085 2929 descens
2142 2879 2193 2930 in
2273 2878 2446 2938 illum.
2506 2886 2593 2937 cui
2658 2897 2712 2939 et
2784 2894 3174 2958 respondens:
3223 2895 3439 2960 Multas.

1855 2967 2051 3036 inquit,
2100 2985 2271 3039 nugas
2305 2981 2353 3025 te
2394 2976 2555 3027 tundo
2608 2978 2979 3036 edundentetn
3053 3003 3243 3055 passus
3293 3009 3436 3050 sum.

1852 3062 2170 3125 patientiam
2215 3062 2265 3113 in
2298 3074 2365 3125 te,
2410 3082 2583 3136 nugax
2627 3080 2679 3123 et
2728 3075 2978 3131 sceleste.
3011 3082 3281 3137 audiendo
3312 3088 3443 3139 reti-

165 3156 366 3211 Filium
401 3170 586 3213 suum.
629 3162 685 3206 ut
717 3154 1009 3206 humanam
1060 3170 1280 3207 carnem
1316 3155 1642 3225 susciperet,
1687 3164 1742 3209 et

1860 3167 2013 3204 nens.
2045 3150 2124 3203 Tu
2162 3169 2289 3205 vero
2334 3161 2571 3221 quandiu
2626 3178 2816 3233 perges
2845 3182 2931 3221 me
2972 3182 3341 3242 contemnere,
3387 3195 3443 3248 e;

165 3248 342 3301 Adam
376 3245 636 3308 solveret,
665 3257 865 3309 eosque
890 3242 981 3310 qui
1011 3243 1077 3295 ab
1099 3244 1301 3310 injusto
1327 3244 1741 3300 detinebantur.

164 3339 289 3409 Ipse
325 3338 497 3407 igitur
526 3333 691 3398 Deus,
740 3332 976 3387 Verbum
1038 3332 1153 3394 Dei,
1199 3348 1261 3386 ac
1316 3334 1491 3387 Patris
1542 3335 1739 3397 Filius,

164 3442 297 3486 ante
332 3428 533 3483 saecula
565 3425 749 3478 omnia
782 3435 863 3480 est
907 3424 1177 3494 sapientia
1229 3425 1422 3495 ipsius,
1458 3435 1511 3479 et
1564 3436 1751 3495 poten.

166 3523 243 3576 tia
285 3530 344 3574 et
391 3519 619 3572 dextera
673 3517 813 3584 :qui
850 3530 948 3583 per
1003 3517 1386 3586 archangelum
1443 3517 1749 3572 Gabrielem

167 3612 539 3667 annuntiatus
581 3607 688 3660 fuit
746 3616 952 3661 sanctae
1006 3608 1080 3660 illi
1136 3610 1340 3680 Virgini
1408 3628 1557 3675 purae
1592 3621 1752 3681 atque

166 3702 604 3765 honestissimae,
619 3715 686 3753 ex
707 3701 1027 3770 prophetico
1044 3710 1098 3753 et
1115 3703 1259 3771 regio
1274 3719 1471 3771 genere
1484 3705 1749 3769 originem

166 3797 414 3853 ducenti.
446 3795 503 3849 In
526 3793 684 3863 cujus
717 3802 866 3851 utero
898 3791 1039 3847 Deus
1077 3794 1209 3862 ipse,
1252 3792 1353 3847 hoc
1384 3805 1485 3859 est,
1534 3795 1753 3849 caeleste

165 3891 438 3953 Verbum,
465 3887 611 3957 quod
641 3886 810 3940 oculis
838 3885 1119 3954 corporeis
1159 3902 1265 3938 non
1296 3887 1560 3949 cernitur,
1598 3888 1753 3941 habi-

166 3992 312 4045 tans,
359 3979 841 4047 suscepitcorpns,
861 3994 983 4032 cum
1004 3978 1215 4033 Gabriel
1247 3978 1318 4030 ita
1339 3977 1557 4031 Mariam
1584 3979 1752 4045 ipsam

164 4075 369 4130 affatus
412 4079 563 4126 esset
607 4086 622 4123 :
662 4073 786 4125 Λιιε.
828 4071 1007 4138 gratia
1026 4070 1182 4133 plena
1213 4086 1229 4121 :
1266 4071 1517 4123 Dominus
1552 4081 1754 4130 tecum:

165 4178 223 4225 et
250 4165 414 4237 paqu
464 4171 585 4234 post
617 4179 631 4215 :
663 4160 888 4231 Spiritus
915 4170 1129 4214 sanctus
1159 4163 1489 4228 superveniet
1526 4164 1578 4214 in
1607 4171 1675 4223 te,
1706 4172 1753 4216 et

168 4261 339 4315 virtus
398 4255 661 4312 Altissimi
710 4253 1039 4307 obumbrabit
1106 4254 1197 4304 tibi
1254 4268 1271 4304 :
1320 4254 1539 4323 ideoque
1619 4255 1756 4324 quod

167 4360 425 4408 nascetur
471 4364 537 4402 ea:
587 4356 639 4401 te
705 4354 968 4407 sanctum,
1037 4343 1309 4398 vocabitur
1353 4342 1531 4399 Pilius
1598 4344 1754 4401 Dei“.

168 4442 404 4501 Genitus
450 4440 617 4510 igitur
668 4436 769 4495 fuit
814 4437 959 4493 Deus
1003 4444 1060 4491 et
1101 4437 1323 4493 caeleste
1377 4437 1613 4491 Verbum
1661 4454 1756 4507 per

1853 3243 1959 3296 diis
1981 3244 2305 3300 maledicere
2326 3246 2519 3303 ?.\'unc
2543 3251 2704 3320 igitur
2734 3256 2833 3310 nisi
2864 3260 2967 3314 diis
3004 3243 3438 3329 immolaveritis:

1864 3339 2117 3403 pessimis
2161 3342 2338 3394 modis
2368 3358 2465 3395 vos
2498 3346 2741 3413 perdam.
2777 3350 2849 3403 ita
2906 3362 2963 3404 ut
2995 3365 3154 3409 nemo
3191 3361 3363 3426 possit
3410 3377 3443 3416 θ

1865 3430 2120 3484 manibus
2167 3434 2303 3485 meis
2351 3447 2448 3487 vos
2473 3440 2709 3505 eripere.
2734 3441 2868 3495 Tum
2905 3445 3100 3503 Paulus
3140 3459 3195 3505 et
3220 3451 3440 3508 Iuliana

1870 3525 2127 3579 concordi
2162 3525 2344 3579 animo
2396 3541 2447 3581 et
2481 3545 2673 3601 magna
2729 3550 2861 3590 voce
2928 3541 3224 3597 clamantes
3265 3548 3440 3614 :Nos,

1857 3615 2130 3683 inquiunt.
2173 3618 2469 3675 Christiani
2511 3638 2720 3688 sumus,
2755 3637 2809 3682 et
2846 3630 2896 3683 in
2927 3633 3143 3686 Christo
3167 3639 3283 3706 ipso
3317 3657 3443 3711 spes

1859 3717 2073 3760 nostras
2111 3710 2405 3765 collocatas
2443 3714 2705 3771 habemus
2741 3737 2754 3785 ;
2795 3722 3067 3779 dacmones
3101 3742 3206 3781 non
3238 3710 3438 3787 adora-

1860 3812 2001 3859 rnus,
2041 3797 2199 3850 idolis
2238 3800 2344 3853 tuis
2378 3817 2486 3854 non
2525 3806 2813 3869 servimus,
2865 3817 3132 3866 tormenta
3188 3824 3277 3869 tua
3325 3835 3436 3874 non

1860 3890 2134 3946 timemus.
2171 3892 2423 3961 Evc0gita
2460 3897 2623 3965 igitur
2676 3915 3032 3972 quoscunque
3083 3908 3162 3961 vis
3226 3914 3441 3965 crucia-

1861 3991 1946 4035 tus
1979 4024 1993 4045 ,
2030 3984 2188 4038 fidem
2220 3985 2362 4038 enim
2396 3987 2448 4039 in
2488 3986 2594 4041 Deo
2633 3990 2918 4055 habemus,
2958 3996 3072 4051 fore
3104 4009 3162 4053 ut
3201 4017 3230 4054 a
3271 4004 3432 4058 nobis

1859 4077 2160 4140 supercris,
2205 4077 2664 4141 quemadmodum
2725 4092 2877 4151 pater
2939 4094 3064 4140 tuus
3120 4092 3368 4148 diabolus
3404 4112 3433 4151 a

1858 4164 2077 4220 Christo
2116 4177 2407 4234 superatus
2438 4170 2564 4231 fuit,
2596 4171 2685 4239 qui
2718 4190 2822 4227 nos
2883 4178 3042 4230 etiam
3083 4184 3331 4237 robustos
3361 4186 3441 4240 fa-

1860 4258 1958 4323 cit,
1988 4267 2040 4311 et
2072 4275 2265 4328 pravas
2282 4270 2427 4316 artes
2464 4271 2582 4316 tuas
2616 4278 2911 4336 expugnat.
2943 4268 3065 4325 llrec
3093 4288 3214 4327 cum
3250 4279 3438 4332 audis-

1865 4363 1947 4408 set
1979 4355 2321 4421 Aurelianus,
2382 4358 2547 4425 jussit
2598 4359 2801 4429 lignum
2861 4364 3130 4431 quoddam
3183 4384 3439 4440 magnum

1862 4444 2066 4498 afferri.
2103 4445 2257 4510 Quod
2310 4463 2434 4500 etim
2482 4449 2703 4502 allatum
2765 4450 2977 4516 fuisset,
3035 4454 3159 4508 fecit
3212 4457 3439 4514 Paulum

170 4530 652 4608 Virginemwmni
674 4529 792 4583 labe
814 4528 1188 4600 purissimam.
1217 4542 1469 4598 corpore,
1492 4539 1749 4597 tanquam
1788 4526 1829 4577 Ῐ)
1861 4536 1912 4588 in
1948 4551 2013 4589 eo
2042 4536 2270 4606 alligari.
2319 4538 2618 4593 Carnitices
2652 4555 2777 4594 vero
2825 4544 2944 4609 ejus
2992 4560 3183 4599 manus
3220 4550 3442 4619 colliga-

168 4642 327 4687 veste
374 4627 640 4698 quadam,
694 4622 920 4678 indutus
972 4630 1194 4692 propter
1251 4624 1503 4679 humana:
1560 4628 1752 4681 salutis

167 4723 665 4795 dispensationem.
706 4718 877 4771 Nemo
908 4716 1053 4771 enim
1092 4725 1303 4785 poterat
1336 4715 1503 4770 Deum
1538 4735 1747 4780 verum.

169 4816 246 4871 ita
272 4822 334 4870 ut
382 4821 487 4871 est.
526 4818 859 4879 praesentem
893 4808 1101 4871 videre,
1140 4822 1263 4861 cum
1315 4806 1457 4862 Dens
1510 4808 1624 4877 ipse
1679 4812 1750 4863 sit

169 4906 313 4977 ignis
344 4914 679 4958 consumens
710 4898 752 4964 ⁸,
786 4910 969 4968 neque
1009 4898 1172 4955 homo
1200 4897 1397 4966 aliquis
1436 4901 1624 4953 vivens
1650 4901 1746 4955 Dei

169 4998 369 5054 faciem
409 4994 597 5046 videre
635 4993 801 5061 possit
855 5028 871 5043 .
905 4990 1081 5057 Hujus
1136 4990 1298 5059 igitur
1328 4991 1751 5059 dispensationis

169 5104 336 5143 causa
390 5085 537 5139 Deus
597 5097 812 5147 nosner,
878 5081 1021 5149 quod
1088 5080 1153 5131 ad
1209 5096 1430 5135 carnem
1494 5085 1752 5150 pertinet,

170 5186 392 5253 genitus
427 5177 553 5236 fuit.
595 5171 653 5228 ei
684 5184 743 5227 ut
790 5174 974 5227 infans
1008 5172 1147 5225 lacte
1184 5174 1425 5227 nutritus
1473 5183 1576 5239 est,
1631 5191 1755 5229 cum

172 5283 325 5331 esset
358 5284 541 5327 tamen
566 5269 856 5324 divinitate
888 5268 1188 5338 perfectus.
1216 5265 1445 5337 Insuper
1470 5268 1649 5324 factus
1676 5278 1759 5323 est

168 5382 327 5440 puer,
380 5371 439 5419 et
477 5365 719 5433 juvenis,
773 5377 1007 5430 cumque
1055 5361 1396 5425 hominibus,
1460 5374 1519 5417 ut
1570 5365 1757 5427 h0nio,

167 5462 524 5515 conversatus
564 5462 651 5509 est
702 5469 876 5509 annos
927 5453 1143 5521 triginta
1182 5466 1311 5517 tres,
1357 5455 1541 5519 urbes,
1582 5456 1758 5528 regio-

168 5566 290 5613 nes,
335 5562 394 5603 et
444 5544 666 5599 castella
720 5546 871 5601 orbis
928 5554 1199 5600 terrarum
1253 5546 1655 5616 pertransiens,
1700 5556 1757 5603 et

270 5712 291 5744 ⁸
322 5709 457 5765 Luc.
491 5725 529 5775 ι,
552 5705 647 5768 28,
664 5705 754 5763 52.

180 5782 270 5837 "I
307 5782 457 5837 Petr.
489 5794 574 5842 Ill,
614 5778 699 5833 I9.

502 5870 771 5931 ΡΑτιιοι.
827 5870 945 5928 Gn.
985 5867 1159 5929 CXV.

868 5709 888 5741 ⁸
919 5708 1078 5762 Deut.
1108 5724 1181 5774 tv,
1214 5710 1323 5775 2",
1351 5708 1513 5765 Hebr.
1535 5726 1634 5775 xu,
1660 5709 1751 5764 29.

1861 4636 2007 4681 runt.
2045 4625 2198 4682 Tunc
2226 4628 2554 4683 Aurelianus
2584 4633 2838 4701 prmcepit
2868 4650 3125 4691 accensas
3166 4639 3442 4709 lampades

1864 4719 2071 4783 aITerri,
2104 4731 2159 4775 et
2193 4726 2244 4775 in
2278 4722 2398 4791 ejus
2426 4723 2619 4776 faciem
2673 4725 2841 4794 injiei,
2876 4743 3124 4795 praecone
3173 4733 3246 4786 ita
3292 4738 3442 4791 voci-

1860 4811 2069 4865 ferante
2101 4830 2114 4865 :
2146 4811 2224 4865 Nc
2261 4813 2315 4866 in
2347 4814 2499 4867 otbis
2548 4823 2817 4870 terrarum
2867 4820 3116 4877 dominos
3148 4834 3437 4884 contunie-

1858 4905 2024 4959 liusus
2052 4906 2146 4967 sis,
2178 4921 2312 4959 neve
2366 4910 2419 4960 in
2474 4907 2605 4963 deos
2644 4909 2791 4977 ipsos
2825 4913 3106 4969 maledicta
3159 4921 3440 4990 conjicias.

1934 4994 2121 5049 XXIV.
2150 4994 2362 5051 Juliana
2396 5013 2517 5052 cum
2550 4998 2773 5055 fratrem
2812 5016 2973 5058 suum
3025 5006 3147 5077 igne
3194 5014 3439 5068 comburi

1858 5097 2147 5157 spectaret,
2198 5104 2410 5141 summa
2469 5108 2599 5146 voce
2647 5093 2946 5149 clamavit:
3003 5099 3044 5151 Ο
3093 5108 3318 5168 tyranne
3384 5120 3440 5160 et

1860 5180 2110 5243 sceleste,
2168 5182 2296 5251 quid
2329 5182 2453 5235 mali
2513 5183 2677 5237 frater
2722 5201 2876 5240 meus
2918 5191 3210 5255 commisit,
3251 5206 3311 5249 ut
3364 5197 3437 5252 ita

1862 5270 2152 5326 crudeliter
2215 5288 2339 5325 cum
2405 5273 2656 5328 crucies?
2741 5275 2913 5332 Jussit
2987 5278 3319 5338 Aurelianus
3381 5295 3438 5340 et

1863 5361 2132 5417 Julianam
2162 5363 2215 5416 in
2253 5364 2397 5432 ligno
2439 5366 2668 5434 alligari,
2710 5377 2763 5421 et
2797 5384 3059 5447 accensas
3102 5372 3245 5427 faces
3291 5375 3344 5430 in
3372 5393 3436 5430 os

1866 5458 2004 5528 ejus,
2036 5468 2092 5513 et
2150 5459 2203 5511 in
2234 5469 2403 5513 totum
2451 5475 2649 5531 corpus
2680 5464 2934 5519 adhiberi
2967 5483 2982 5531 ;
3029 5467 3115 5520 cui
3146 5476 3203 5521 et
3249 5469 3382 5523 dixrt
3417 5487 3434 5522 :

1867 5551 2344 5622 Impudentissima
2388 5555 2603 5620 mulier,
2644 5557 2929 5622 erubesce,
2979 5562 3434 5628 quemadmodum

1864 5713 1885 5746 ⁷
1919 5709 2087 5764 Exod.
2124 5725 2313 5770 xxxiii,
2341 5709 2412 5762 ΞΟ
2531 5712 2551 5743 ⁸
2580 5712 2701 5764 Act.
2736 5729 2786 5774 χ,
2813 5712 2902 5767 58.
2991 5715 3013 5748 ⁸
3037 5714 3173 5769 Psal.
3206 5728 3314 5781 cvt,
3346 5715 3436 5771 l6.

3046 5873 3114 5935 19
