4158 6470
667 391 765 451 58⁸1

1937 375 2218 436 MENSIS
2259 374 2410 433 AUC
2428 375 2689 437 US'l‘US.

3853 373 3954 434 588

666 505 919 561 mulieres
957 502 1132 556 decet.
1192 497 1328 551 Tum
1360 494 1574 548 Juliana
1617 489 1801 545 ridens
1835 508 1848 543 :
1877 488 2035 551 Vere,
2065 488 2260 556 inquit,
2294 492 2340 546 Α
2375 489 2424 540 in
2463 489 2658 541 cmlum
2703 488 2896 551 erexit,
2932 499 2984 541 et
3027 487 3135 540 Deo
3175 487 3374 557 gratias
3401 485 3527 556 egit,
3563 499 3623 538 ac
3655 483 3839 538 crucis
3886 486 3958 538 si-

666 597 974 656 Aureliane,
1012 603 1061 648 le
1138 591 1524 644 admonentem
1591 594 1875 652 acceptum
1935 582 2125 642 habeo,
2182 594 2247 634 eo

665 692 805 759 quod
847 689 1024 742 dixisti
1065 705 1076 740 :
1113 686 1245 738 Cum
1281 684 1357 736 sis
1386 681 1602 742 mulier,
1649 678 1910 731 erubesce
1947 694 1960 740 ;
1995 691 2248 728 rerereor

664 788 831 845 enim,
883 792 936 834 et
983 780 1250 832 erubesco
1304 774 1579 829 Christum
1627 773 1716 824 Dei
1745 772 1976 824 virentis
2028 768 2245 830 Filium.

667 877 756 944 qui
826 886 907 926 est.
956 882 1082 926 ante
1127 871 1317 924 faciem
1357 883 1555 923 meam,
1586 880 1759 933 neque
1825 864 1972 915 illum
2025 877 2245 932 possum

665 965 1070 1031 derelinquere,
1105 972 1157 1013 et
1192 962 1468 1013 daemones
1503 958 1707 1010 colere.
1744 955 1949 1007 Furore
1983 969 2248 1007 accensus

666 1069 746 1111 est.
809 1055 1158 1112 Aurelianus,
1196 1068 1318 1106 eum
1382 1066 1438 1104 se
1465 1050 1531 1102 ab
1577 1050 1680 1101 illis
1741 1049 1953 1099 irrisum
2022 1046 2245 1100 rideret.

669 1150 853 1217 Itaque
897 1148 1059 1215 jussit
1091 1145 1372 1200 carniﬁces
1440 1144 1617 1210 ignem
1656 1157 1751 1209 per
1810 1150 1978 1193 totum
2049 1154 2248 1206 corpus

668 1240 878 1292 illorum
911 1236 1283 1290 circumferre.
1314 1234 1467 1298 Quod
1501 1249 1624 1286 cum
1681 1232 1752 1283 illi
1788 1248 1909 1284 mox
1969 1231 2247 1293 fecissent,

668 1341 776 1384 tota
804 1330 1013 1386 civitas.
1055 1345 1173 1398 qum
1210 1337 1521 1379 sant-torum
1588 1335 1882 1392 martyrum
1939 1325 2251 1392 spectaculo

668 1422 948 1478 intererat.
993 1436 1125 1474 voce
1160 1435 1355 1488 magna
1388 1417 1657 1470 clamabat
1690 1435 1702 1468 :
1738 1415 2037 1483 Imperator
2077 1418 2251 1468 Aure-

671 1514 835 1578 liane,
871 1514 1070 1581 injuste
1099 1512 1331 1580 judicas,
1366 1511 1564 1577 injuste
1604 1509 1721 1560 illos
1755 1509 1984 1561 crucias.
2044 1509 2098 1561 Si
2156 1524 2255 1562 no-

667 1612 788 1657 lunt
821 1605 925 1658 diis
973 1603 1302 1662 sacriﬁcare.
1351 1602 1674 1655 sententiam
1706 1610 1888 1653 contra
1922 1600 2038 1652 illos
2090 1602 2248 1655 feras.

668 1696 807 1750 Tum
881 1697 1227 1761 Aurelianus,
1306 1711 1430 1748 cum
1505 1697 1795 1752 metueret.
1877 1709 1944 1745 ne
2024 1693 2255 1761 populus

668 1791 990 1845 seditionem
1028 1789 1296 1845 adversus
1329 1789 1505 1856 ipsum
1560 1785 1882 1845 concitaret,
1928 1787 2255 1837 sententiam

2358 597 2461 650 guo
2481 597 2538 634 se
2570 582 2751 634 itidem
2786 583 3042 634 muniens
3073 581 3267 632 ‹-οιιυιιι
3297 593 3455 632 suum
3483 576 3727 631 extendit
3761 591 3957 644 :quetn

2357 685 2408 726 et
2439 674 2735 740 spiculator
2765 691 2886 726 mox
2919 674 3287 725 obtruncavit.

2430 763 2620 817 XXVI.
2672 763 2835 816 Erant
2904 764 3119 815 illorum
3181 777 3406 830 carpora
3451 769 3602 813 extra
3637 759 3832 812 urbem
3875 759 3955 824 ja-

2358 855 2559 914 centia,
2599 871 2720 908 cum
2760 857 2933 908 eloco
2966 858 3055 908 illo
3095 871 3159 907 ea
3197 854 3386 907 tollere
3417 851 3717 905 Christiani
3775 851 3960 918 prohi-

2358 947 2639 1000 berentur.
2684 946 2882 998 Milites
2918 946 3087 1004 enim,
3117 944 3188 998 ita
3242 954 3302 997 ut
3335 945 3572 1010 jusserat
3611 938 3959 992 Aurelianus.

2357 1043 2745 1101 observabant.
2785 1056 2850 1093 ne
2884 1042 3001 1108 quis
3032 1041 3284 1108 reliquias
3318 1039 3432 1090 illas
3458 1036 3727 1089 auferret.
3771 1032 3963 1084 \'enie~

2359 1135 2488 1187 bant
2523 1143 2704 1186 autem
2740 1136 2792 1184 in
2826 1149 2948 1186 etilli
2980 1133 3157 1185 locum
3197 1131 3329 1198 lupi,
3382 1143 3548 1182 canes
3581 1138 3632 1178 et
3684 1125 3957 1176 volucres.

2359 1240 2414 1282 et
2471 1229 2614 1284 circa
2672 1235 2991 1280 sanclormu
3053 1233 3349 1292 martyrum
3393 1233 3624 1288 corpora
3674 1216 3960 1273 sedentes,

2360 1322 2446 1374 illa
2510 1320 2946 1375 custodiebant:
3003 1331 3239 1384 cumque
3306 1329 3521 1366 muscas
3581 1321 3634 1363 et
3687 1307 3958 1376 ejusmodi

2362 1414 2615 1468 animalia
2650 1427 2812 1480 supra
2840 1425 3071 1479 corpora
3105 1409 3192 1460 illa
3246 1406 3494 1459 sedentia
3530 1403 3804 1463 riderent,
3841 1413 3962 1449 ιιι-υς

2363 1508 2492 1576 ipsa:
2543 1507 2641 1559 alis
2689 1521 2749 1557 ea
2811 1502 3178 1572 expellebaut,
3233 1515 3337 1552 non
3375 1497 3862 1562 perutittentes,ut
3912 1491 3962 1542 in

2365 1599 2568 1652 sanctis
2622 1597 2724 1650 illis
2777 1597 3102 1665 corporibus
3141 1593 3464 1645 insiderent.
3503 1589 3692 1655 Itaque
3757 1594 3962 1652 septem

2366 1692 2482 1744 dies
2519 1701 2573 1744 et
2605 1699 2813 1758 septem
2866 1697 3060 1741 noctes
3088 1685 3214 1738 ferae
3247 1699 3309 1736 ac
3360 1683 3608 1734 volucres
3649 1679 3771 1732 coeli
3825 1679 3963 1728 circa

2371 1791 2668 1850 martyrum
2706 1778 2967 1844 reliquias
3045 1776 3439 1830 consederunt.
3502 1770 3775 1823 (la-terum
3834 1781 3964 1818 nun.

670 1885 812 1946 tulit,
849 1893 907 1935 ut
958 1898 1146 1937 eorum
1202 1882 1382 1946 capita
1438 1887 1845 1937 truncareutur,
1904 1887 1958 1929 et
2021 1893 2255 1944 corpora
2296 1861 2336 1917 Β
2375 1878 2504 1929 tiata
2545 1887 2671 1930 sunt
2711 1874 2894 1929 omnia
2958 1872 3074 1926 ham
3109 1886 3136 1923 a
3197 1868 3462 1922 militibus
3513 1862 3831 1915 Aureliano.
3864 1856 3962 1922 Qui

670 1976 897 2030 canibus
925 1991 986 2027 ac
1022 1973 1152 2027 feris
1185 1983 1239 2026 et
1299 1971 1612 2026 volucribus
1649 1969 1769 2022 C(Bii
1846 1971 2267 2038 projicerentur-

742 2066 909 2120 XXV.
941 2066 1123 2132 itaque
1170 2065 1383 2118 decumo
1416 2066 1647 2133 septimo
1689 2064 1776 2116 die
1809 2065 2013 2115 mensis
2044 2063 2269 2130 Augusti

674 2160 928 2212 exierunt
955 2159 1112 2211 simul
1153 2159 1422 2220 laetantes,
1455 2167 1614 2223 atque
1647 2170 1869 2207 versum
1908 2156 2050 2206 hunc
2078 2155 2268 2222 psalmi

673 2253 1024 2307 concinentes
1066 2266 1079 2301 :
1114 2249 1345 2303 Salvasti
1401 2265 1510 2310 nos,
1541 2249 1776 2310 Domine,
1807 2250 1870 2301 ab
1913 2249 2267 2319 afﬂigenlibns

673 2360 784 2404 nos,
822 2354 869 2396 et
911 2343 1142 2394 odientcs
1180 2358 1270 2394 nos
1307 2342 1768 2410 con]udisti.Cum
1803 2356 1932 2394 vero
1985 2343 2046 2393 ad
2084 2341 2259 2393 locum

674 2435 917 2502 martyrii
941 2436 1382 2486 venissentextra
1413 2434 1622 2492 urbem,
1648 2434 1844 2485 l’aulus
1867 2434 2065 2500 rogarit
2087 2431 2264 2484 carni-

677 2529 856 2593 ficem,
881 2538 937 2582 ut
959 2527 1226 2582 Julianant
1248 2528 1419 2596 prius,
1456 2544 1616 2596 quam
1651 2530 1844 2597 ipsum,
1868 2527 2042 2580 securi
2066 2541 2265 2594 percu-

676 2619 1075 2675 teret..|uliana
1123 2634 1418 2684 \'ero,cum
1443 2618 1633 2672 faciem
1684 2635 1834 2671 suam
1873 2619 2072 2671 Chiiin
2114 2621 2265 2686 signo

678 2713 976 2772 munlsset,
1027 2711 1324 2765 admodum
1356 2711 1472 2763 laeta
1497 2712 1695 2763 collum
1731 2711 1995 2772 extendit,
2039 2724 2266 2778 eamque

678 2804 976 2871 spiculator
1004 2803 1181 2857 securi
1207 2804 1497 2871 percussit.
1551 2803 1749 2857 Paulus
1783 2805 2079 2871 igiturcuiu
2112 2819 2264 2856 soro-

678 2909 796 2959 rem
853 2893 1055 2948 Christi
1093 2895 1352 2964 martyrio
1395 2894 1738 2964 perfunctam
1795 2897 2043 2957 vidisset,
2075 2897 2262 2951 OCttloS

757 3077 796 3107 “
825 3076 967 3132 Psal.
994 3093 1144 3145 mu,
1188 3078 1243 3134 8.

1775 3252 2207 3262 ...νο-...σοο--ο-...ν-
2225 3252 2270 3258 .—

689 3255 1188 3282 ..η-³....-

1196 3253 1844 3283 ω

1853 3266 2518 3280 _._————.——-————.———

2376 1983 2498 2021 cum
2557 1982 2620 2018 ea
2654 1965 2993 2017 audirisset:
3029 1958 3073 2014 υ
3107 1960 3370 2016 furorem,
3415 1954 3612 2021 inquit,
3664 1949 3960 2019 peSsimum

2375 2059 2813 2114 Christianorum
2853 2057 3100 2111 istorum,
3134 2065 3272 2118 quos
3323 2064 3392 2099 ne
3446 2055 3693 2098 mortuos
3741 2041 3962 2102 quidem

2375 2164 2637 2218 superare
2701 2149 3004 2217 potuimus.
3045 2140 3184 2193 Misit
3244 2139 3424 2207 igitur,
3459 2145 3513 2216 et
3561 2135 3762 2187 milites
3819 2146 3963 2200 ipsos

2375 2254 2543 2300 ιιο‹,·ιιι
2593 2244 2740 2296 illinc.
2809 2237 3031 2292 abduxit
3067 2253 3079 2288 :
3111 2248 3290 2301 neque
3346 2231 3489 2284 enim
3519 2227 3732 2281 volebat
3766 2225 3832 2277 de
3879 2224 3964 2276 die

2372 2354 2465 2390 eos
2499 2337 2648 2389 illinc
2684 2343 2986 2389 removere,
3025 2343 3094 2380 ne
3125 2341 3153 2378 a
3199 2322 3529 2378 Christianis
3556 2318 3961 2371 ‘irriderentur.

2374 2427 2510 2479 Cum
2568 2439 2698 2476 \‘cro
2743 2423 2860 2474 dies
2892 2419 3177 2478 illuxisset,
3244 2415 3498 2465 exierunt
3546 2408 3870 2466 Christiani,
3911 2412 3962 2458 et

2375 2529 2670 2588 martyrum
2723 2527 2950 2581 corpora
2996 2515 3278 2563 curantes.
3330 2511 3648 2569 sumptuose
3713 2500 3768 2551 in
3833 2511 3961 2565 paco

2373 2611 2757 2668 condiderunt,
2790 2612 3049 2673 regnante
3077 2598 3306 2653 Domino
3340 2605 3525 2651 nostro
3552 2590 3684 2645 Jesu
3707 2589 3959 2652 Christo,

2375 2722 2498 2762 cum
2531 2720 2638 2774 quo
2673 2701 2817 2754 Patri
2857 2698 3018 2750 simul
3053 2704 3108 2747 et
3153 2701 3344 2745 sancto
3378 2685 3604 2757 Spiritui
3651 2684 3720 2736 sit
3774 2683 3960 2752 gloria,

2376 2801 2551 2853 honor
2579 2805 2632 2848 et
2662 2790 2952 2860 imperium
2994 2800 3141 2841 nunc
3182 2793 3238 2838 et
3303 2795 3542 2850 semper,
3575 2789 3630 2832 et
3665 2777 3721 2832 in
3761 2777 3963 2831 saecula

2376 2889 2725 2942 saeculorum.
2755 2884 2951 2936 Amen.

2524 3237 3923 3276 Wa;

1321 3436 1521 3562 DE
1633 3433 1762 3561 s.
1871 3429 2514 3553 ANDREA
2614 3423 3318 3579 TRIBUNO

2035 3688 2172 3775 AC
2254 3681 2640 3774 SOCIIS

1803 3888 2332 3952 MARTYRIBUS
2371 3889 2450 3950 ΙΝ
2501 3887 2820 3952 CILICIA.

1747 4055 1893 4116 (Acta
2044 4049 2270 4098 Bollaud.
2296 4051 2355 4096 ad
2390 4050 2522 4098 diem
2559 4049 2615 4097 19
2642 4046 2899 4112 Augusti.)

691 4375 789 4444 δι.
823 4371 1039 4444 Publica
1073 4384 1252 4444 eorum
1281 4364 1571 4428 veneratio,
1605 4379 1791 4418 nomen
1818 4363 1875 4419 S.
1905 4363 2125 4416 Andrea:
2154 4378 2275 4414 con.
2301 4358 2345 4419 C
2383 4361 2511 4429 tyris
2542 4375 2645 4412 nec
2668 4375 2777 4412 non
2803 4361 3023 4414 eosdem
3045 4375 3274 4414 numero
3308 4359 3488 4415 socios
3518 4359 3737 4429 signant
3767 4361 3973 4419 Mene:

978 4443 1173 4509 fusum,
1213 4437 1365 4502 Acta,
1397 4446 1692 4504 martyrum
1723 4453 1990 4490 numerus.

764 4555 972 4611 Nomen
1007 4553 1168 4623 hujus
1199 4549 1544 4605 celeberrimi
1601 4548 1854 4619 martyris
1885 4563 1948 4601 ac
2004 4549 2279 4602 sociorum

695 4665 859 4719 quam
909 4648 981 4703 sit
1033 4645 1412 4709 memorabile,
1460 4654 1774 4712 quantaque
1826 4641 1969 4711 apud
2034 4649 2282 4710 posteros

704 4745 964 4798 manserit
997 4743 1052 4795 in
1103 4739 1510 4799 benedictione,
1539 4746 1812 4788 testantur
1846 4735 2050 4788 affatim
2086 4750 2280 4788 monu-

696 4845 876 4891 menta
901 4835 1143 4902 antiqua,
1175 4845 1292 4900 qure
1310 4830 1374 4884 ad
1399 4844 1495 4883 nos
1515 4843 1684 4897 usque
1709 4828 1774 4880 de
1809 4827 1912 4880 illis
1950 4838 2078 4880 sunt
2104 4838 2280 4881 trans-

697 4929 886 4982 inissa.
938 4923 1268 4992 Incipiamus
1301 4939 1330 4974 a
1357 4920 1532 4974 Fastis
1565 4919 1789 4973 Grateis.
1827 4916 2110 4987 Typicum,
2141 4918 2282 4985 quod

697 5020 801 5074 sub
850 5016 906 5068 S.
944 5015 1138 5069 Sabbaa
1202 5013 1425 5067 nomine
1475 5012 1696 5074 citatur,
1761 5009 2012 5063 meminit
2047 5009 2147 5061 hoc
2199 5007 2286 5060 die

707 5127 725 5158 σ
763 5107 948 5162 Sancti
982 5109 1232 5176 martyris
1267 5105 1515 5169 Andrem,
1543 5103 1700 5157 ducis
1725 5105 1990 5164 militaris,
2021 5118 2082 5157 ac
2116 5105 2289 5156 socio-

702 5219 820 5256 rum
851 5199 933 5253 bis
959 5199 1101 5252 ruille
1129 5200 1550 5268 quingentorum
1573 5207 1626 5250 et
1659 5195 1952 5264 nonaginta
1971 5198 2152 5248 trium.
2179 5194 2287 5247 Me-

700 5294 977 5363 ltOlOgium
993 5290 1176 5343 Sirlcti
1207 5289 1283 5343 sic
1313 5289 1470 5342 habet
1497 5307 1541 5342 ει
1576 5287 1778 5342 Natalis
1811 5297 2122 5340 sanctorum
2143 5301 2289 5339 mar-

702 5396 880 5456 tyrum
899 5381 1150 5444 Andreae,
1183 5379 1336 5435 ducis
1353 5380 1650 5441 exercitus,
1673 5388 1726 5432 et
1754 5378 2026 5432 sociarum
2057 5377 2288 5431 duorum

704 5476 933 5530 millium
965 5473 1390 5542 quingentorum
1417 5473 1715 5541 nonaginta
1751 5473 1937 5530 trium,
1981 5470 2073 5539 qui
2128 5470 2292 5523 Maxi-

706 5570 874 5625 miani
905 5565 1276 5635 persecutoris
1314 5562 1653 5636 temporibus
1684 5563 1847 5618 delati
1921 5563 2063 5632 apud
2098 5563 2292 5617 Antio-

704 5666 870 5720 Cbum
937 5659 1129 5714 ducem
1198 5659 1467 5713 exercitus
1518 5657 1664 5729 quod
1740 5665 1927 5712 eSsent
1974 5656 2288 5721 Christiani,

704 5761 1118 5827 perseverantes
1143 5753 1195 5805 in
1225 5751 1425 5808 Christi
1454 5751 1824 5814 confessione,
1857 5765 1989 5805 ense
2043 5752 2288 5819 percussi

703 5841 1170 5904 suutJEumdetn
1191 5859 1314 5900 cum
1346 5844 1653 5904 honoriﬁco
1683 5842 1903 5899 nomine
1934 5842 2293 5912 megalomar-

2383 4465 2577 4520 magna
2603 4450 2890 4522 impressa,
2915 4467 2978 4506 ac
3007 4460 3301 4523 sequentes
3342 4450 3451 4506 illis
3501 4453 3764 4508 accinunt
3798 4457 3978 4511 versi-

2383 4543 2533 4598 culos
2563 4561 2575 4596 :

2388 4638 2656 4714 :Eqrnp’s
2693 4639 2940 4714 τμηθεὶς
2968 4641 3230 4714 αΙμὰτῳν
3253 4645 3474 4714 ,λίμνας
3506 4645 3689 4711 ὄχλος

2388 4708 2488 4758 Σοὶ
2520 4708 2599 4776 τῷ
2634 4707 3100 4770 παραστήσω-τι
3127 4707 3347 4776 λίμνας
3373 4707 3629 4767 ὺδάτιζὶν.

2400 4775 2610 4827 ’Erréu
2639 4777 2735 4827 καὶ
2765 4776 2992 4842 δεκάτῳ
3021 4775 3210 4849 τάμον
3246 4779 3530 4849 Ἀνδρέου
3563 4781 3796 4851 αὐχένα
3825 4787 3980 4852 ,ιαμ-

2394 4922 2657 4989 [ruricola
2686 4927 2819 4970 rlros
2842 4922 3116 4989 sanguinis
3147 4939 3244 4989 pro
3271 4931 3317 4974 te
3347 4920 3488 4975 dedit
3703 4851 3872 4924 [ἀρῶ
3894 4893 3906 4906 ’

2393 4987 2566 5065 '[iuba
2597 4993 2726 5050 liwc,
2757 5005 3042 5065 agi-tarum.
3063 4985 3293 5065 Christe,
3324 4995 3406 5044 cui
3437 4995 3569 5045 rivos
3602 4993 3794 5046 dabas.

2395 5059 2552 5111 Nona
2591 5071 2703 5128 post
2738 5059 2998 5111 decimam
3033 5062 3230 5116 collum
3261 5063 3483 5116 Andrea:
3532 5065 3755 5116 abscidit
3820 5067 3981 5120 ensis.

2463 5159 2677 5225 Censeo
2709 5171 2951 5227 alludere
2977 5153 3194 5242 poetam
3236 5173 3301 5228 ad
3335 5167 3804 5244 genus'martyrii,
3834 5184 3893 5230 et
3919 5176 3984 5230 ad

2392 5260 2687 5316 salutarem
2709 5262 2912 5318 fontem
2945 5281 2960 5320 :
2987 5267 3052 5320 de
3084 5283 3194 5335 quo
3213 5266 3334 5320 vide
3363 5267 3496 5320 Acta
3548 5281 3703 5318 num.
3728 5267 3818 5328 tt,
3839 5267 3910 5320 11
3937 5276 3987 5321 et

2395 5355 2478 5407 15.
2515 5354 2660 5409 Dicta
2696 5354 2895 5410 lilenzea
2922 5360 3255 5426 peculiarem
3314 5375 3381 5414 ac
3423 5360 3723 5412 solemnem
3776 5359 3988 5414 faciunt

2394 5446 2460 5500 de
2495 5446 2552 5501 S.
2609 5447 2824 5501 Andrea
2880 5452 3201 5505 memoriam
3266 5452 3318 5505 in
3375 5450 3567 5506 Oﬂicio
3599 5465 3763 5506 sacro
3818 5453 3987 5522 hujus

2395 5540 2522 5604 diei,
2548 5540 2768 5596 condito
2820 5541 2982 5593 etiam
3044 5545 3272 5604 Canone
3318 5546 3370 5597 in
3440 5543 3704 5598 honorem
3769 5542 3984 5607 Sancti,

2396 5633 2552 5700 cuius
2590 5632 2703 5685 haec
2732 5634 3148 5690 estacrostichis
3177 5654 3189 5688 :

2403 5748 2638 5816 Ὕμνοις
2700 5745 2890 5816 κροτῶ
2919 5767 3011 5813 σε,
3037 5749 3303 5819 Ἀνδρέα,
3345 5753 3756 5822 Στρατηλάτα.

2401 5841 2606 5896 Laudes
2649 5851 2791 5909 ιιιαδ,
2832 5859 2859 5895 ο
2904 5841 3103 5897 Ductor
3134 5845 3373 5908 Andrea,
3401 5861 3553 5899 cano.
