4158 6538
146 490 246 553 589

1434 492 1609 553 VlTA
1653 492 1719 553 S.
1766 488 2113 551 ANDREE.

3294 492 3407 554 590

211 602 263 653 :2.
302 599 476 652 Porro
502 597 748 654 hodierni
786 601 954 654 nostri
1002 600 1207 672 pugiles
1271 601 1323 655 in
1380 602 1543 655 variis
1600 601 1725 655 aliis
1760 609 1797 663 Α
1829 600 1908 654 cia
1940 601 2134 655 natalis
2166 603 2338 656 sancti
2382 600 2859 666 Andrealribnni,
2906 613 2960 656 et
2983 599 3252 657 sociorum
3303 604 3409 658 mi-

148 691 320 744 l-‘astis
352 692 525 745 sacris
584 705 990 749 memorantur:
1037 696 1238 747 etenim
1294 692 1346 747 in
1400 693 1727 747 Kalendario

147 782 524 837 iintlienorum
556 785 697 851 apud
748 785 1101 839 Posserinum
1165 786 1221 838 iit
1246 786 1450 838 mentio
1480 785 1535 838 S.
1565 785 1719 839 Mart.

142 875 370 928 Andrea:
397 893 410 926 :
439 875 493 927 in
536 876 734 931 Menam
756 875 1023 938 Chililetii,
1047 875 1298 943 Ἀνδρέου
1355 875 1723 945 Σρατηλὰτου,

142 968 373 1020 Andre-.1:
440 968 691 1021 militaris
742 969 915 1021 ducis.
972 968 1410 1037 Martyrologium
1466 967 1727 1021 Arabico-

142 1056 458 1127 Aigyptium
488 1074 551 1112 ac
571 1075 672 1112 ms.
703 1059 1042 1113 Taurinense
1068 1077 1190 1113 cum
1237 1061 1409 1128 ipsius
1463 1069 1574 1112 tum
1639 1074 1726 1112 so-

140 1156 350 1204 ciorum
380 1154 433 1204 in
468 1167 667 1221 genere
729 1154 1076 1218 meminere;
1140 1169 1372 1221 quorum
1425 1168 1717 1205 numerum

154 1243 494 1302 determinat
572 1243 933 1311 Menulogiom
1025 1242 1505 1299 Slavo-Bussicum
1561 1242 1725 1311 Spar-

138 1334 567 1390 wenl’eldtanum
647 1335 836 1387 eodem
906 1334 1098 1399 modo,
1166 1350 1273 1401 quo
1342 1332 1600 1402 Typicum
1659 1347 1721 1385 ac

137 1424 506 1493 Menologiutn
537 1424 735 1477 Sirleti.
768 1424 1124 1493 Synaxarium
1148 1440 1177 1476 e
1199 1423 1515 1493 Menologio,
1566 1424 1723 1491 jussu

136 1516 322 1569 Basilii
384 1516 728 1585 imperatoris
789 1515 1036 1575 collecto,
1096 1524 1218 1583 post
1273 1515 1418 1569 hunc
1484 1515 1722 1579 titulum,

137 1607 437 1662 Certamen
488 1608 659 1661 sancti
724 1608 1194 1677 megalomartyris
1246 1608 1475 1660 Andreae
1522 1606 1726 1660 militia:

137 1698 315 1759 ducis,
350 1712 417 1751 ac
446 1699 716 1751 sociorum
750 1700 889 1765 ejus,
955 1698 1106 1765 ponit
1144 1697 1403 1750 Actorum
1463 1713 1722 1765 compen-

136 1792 309 1851 dium.
340 1793 498 1859 cujus
532 1800 708 1845 textus
745 1791 964 1845 Graecus
988 1806 1221 1844 excusus
1252 1793 1410 1843 datur
1428 1790 1491 1843 ad
1523 1790 1725 1843 calcem

138 1884 268 1937 tomi
307 1886 327 1936 i
370 1884 577 1937 mensis
630 1883 877 1952 Augusti,
933 1881 1124 1935 Latine
1192 1890 1370 1934 autem
1415 1881 1491 1933 sic
1518 1889 1722 1934 sonat:

1837 694 2009 757 htum,
2045 693 2132 761 qui
2168 694 2391 748 victoria
2452 696 2519 747 de
2572 694 2751 748 Persis
2777 694 3043 748 divinitus
3095 696 3314 765 adepta,
3342 697 3409 750 ad

1834 783 1992 838 fidem
2024 784 2224 837 Christi
2255 786 2527 844 conversi.
2552 796 2604 840 et
2635 787 2738 839 hoc.
2768 788 2984 838 nomine
3009 788 3269 848 accusati,
3309 790 3412 842 sub

1838 872 2161 927 Maximiano
2198 876 2525 944 imperatore
2585 878 2637 929 in
2668 876 2937 945 angustiis
2986 876 3146 929 Tauri
3210 881 3413 932 montis

1836 964 1903 1016 ab
1935 965 2170 1017 exercitu
2192 966 2399 1019 Seleuci
2422 966 2667 1035 prmsidis
2699 967 2950 1020 trucidati
2976 977 3121 1020 sunt.
3152 989 3170 1018 ι

1905 1059 1961 1112 4.
1994 1056 2129 1122 Quia
2156 1073 2287 1111 vero
2334 1059 2478 1113 circa
2514 1060 2987 1112 annuntiationem
3022 1062 3161 1127 apud
3201 1059 3414 1117 Galesio

1834 1147 1985 1200 nium
2019 1149 2277 1201 nonnulla
2330 1165 2452 1202 mox
2483 1160 2643 1204 erunt
2702 1150 2959 1213 notanda,
2989 1151 3134 1205 illam
3196 1168 3412 1221 quoque

1835 1231 1922 1287 hic
1943 1238 2271 1304 praemittere
2305 1238 2478 1290 visum
2515 1248 2620 1291 est.
2683 1238 2771 1291 Sic
2810 1238 2969 1307 igitur
3017 1249 3210 1294 sonat:
3246 1258 3264 1290 ι
3295 1243 3411 1295 Cac-

1834 1342 2026 1390 sareae,
2058 1339 2369 1383 sanctorum
2397 1337 2692 1399 martyrum
2723 1329 2917 1400 Magni,
2943 1331 3193 1395 Andreae,
3236 1340 3291 1386 et
3326 1348 3415 1387 so-

1833 1419 2065 1480 ciorum,
2091 1421 2371 1490 quingenti
2408 1429 2463 1474 et
2518 1421 2814 1490 nonaginta
2840 1431 3071 1489 septeni.
3118 1440 3239 1476 cum
3298 1424 3416 1479 leo—

1834 1526 1958 1564 nem
1990 1512 2406 1578 conspexissent
2437 1512 2491 1564 in
2531 1511 2781 1565 homines
2817 1526 2845 1564 a
2896 1512 2999 1566 [ide
3048 1514 3253 1567 alienos
3310 1530 3412 1568 sm—

1835 1603 2092 1664 rientem,
2128 1602 2193 1655 ad
2229 1604 2369 1657 beati
2396 1604 2646 1674 martyris
2677 1604 2851 1674 Magni
2875 1605 3042 1674 pedes
3067 1618 3413 1665 mansuetum

1835 1704 1887 1747 et
1917 1702 2242 1762 prostratum
2280 1695 2492 1761 jacere;
2556 1696 2635 1748 rei
2675 1696 3104 1751 admirabilitate
3132 1700 3414 1763 commoti,

1836 1784 1901 1837 ad
1937 1784 2139 1839 Christi
2173 1784 2330 1841 Iidem
2360 1800 2418 1837 se
2453 1785 2827 1839 contulerunt.
2878 1787 3248 1850 Quamobrem
3291 1789 3416 1844 Aie.

1836 1878 2025 1930 xandri
2060 1878 2304 1945 praesidis
2322 1879 2475 1948 jussu
2502 1878 2676 1945 capite
2694 1877 3023 1945 plectuntur,
3044 1876 3269 1954 Magnus
3286 1894 3416 1932 vero

144 1995 160 2027 ι
208 1978 337 2029 Erat
367 1978 478 2035 hic,
518 1977 818 2044 imperante
841 1975 1185 2036 Maximiano,
1238 1973 1347 2026 dux
1380 1973 1613 2027 militum
1671 1973 1725 2027 in
1752 1963 1803 2021 ’Β
1833 1966 2102 2036 lapidibus
2142 1970 2414 2021 obruitur.
2452 1987 2471 2018 ι
2503 1970 2861 2023 Annuntiatio
2908 1973 3021 2024 luec
3069 1972 3326 2025 convenit
3352 1969 3411 2025 5.

138 2068 397 2123 orientali
427 2068 647 2137 regione
687 2067 789 2119 sub
815 2066 1105 2130 Antiocho,
1134 2065 1225 2134 qui
1280 2065 1536 2120 universo
1585 2066 1727 2119 mili-

140 2170 253 2217 tum
289 2160 502 2231 agmini
544 2167 796 2228 praeerat.
849 2159 891 2209 A
924 2173 1033 2226 quo
1084 2167 1373 2227 postquam
1432 2174 1537 2211 una
1602 2173 1727 2212 cum

141 2254 264 2307 aliis
294 2252 507 2306 militiae
530 2251 758 2306 ducibus
792 2251 991 2304 missus
1021 2258 1167 2304 esset
1217 2249 1477 2303 adversus
1511 2249 1727 2312 Persas,

139 2357 197 2401 et
217 2345 508 2398 Christum
536 2347 869 2406 invocasset,
891 2342 944 2394 in
975 2341 1155 2412 fugam
1171 2342 1280 2410 egit
1300 2341 1514 2400 Persas,
1537 2346 1733 2406 etpost

141 2435 482 2502 insperatam
518 2434 795 2485 victoriam
855 2433 1031 2486 socios
1058 2446 1155 2486 nos
1212 2430 1275 2484 ad
1326 2429 1525 2484 Christi
1568 2428 1729 2482 fidem

141 2527 432 2594 pertraxit.
467 2524 719 2578 Accusati
749 2541 875 2579 vero
907 2524 1048 2593 apud
1083 2522 1430 2585 Antiochum,
1480 2532 1732 2591 tanquam

141 2618 218 2671 rei
244 2618 480 2685 judicio,
508 2633 689 2671 coram
722 2618 838 2686 ipso
876 2617 1098 2670 astitere
1127 2635 1139 2669 :
1206 2626 1260 2669 et
1290 2617 1403 2684 ipse
1431 2616 1648 2683 quidem
1680 2616 1733 2667 in

142 2707 289 2765 lecto
327 2712 514 2762 ferreo
541 2709 711 2776 ignito
742 2708 841 2758 fuit
893 2716 1190 2769 extensus;
1236 2706 1509 2758 sociorum
1544 2714 1725 2757 autem

144 2816 174 2853 e
239 2801 539 2868 quadratis
596 2799 755 2869 lignis
814 2813 1006 2851 manus
1078 2796 1317 2850 transﬁxi
1369 2804 1497 2849 sunt
1547 2795 1734 2851 clavis.

148 2892 361 2946 Deinde
395 2902 580 2949 autem
610 2907 673 2945 es
706 2891 823 2945 aliis
875 2891 1043 2952 mille,
1070 2891 1297 2959 jubente
1347 2888 1639 2955 Antiocho,
1706 2903 1737 2943 e

142 2986 396 3056 regionis
461 2985 663 3038 finibus
687 2985 858 3037 exacti
896 3000 908 3034 :
942 2998 1078 3051 quos
1109 2984 1197 3036 ubi
1228 2983 1572 3035 instruxisset
1602 2981 1740 3034 San-

142 3088 294 3142 ctus,
323 3078 393 3131 ad
423 3075 627 3129 Christi
670 3077 827 3128 Iidem
858 3072 1109 3127 adduxit.
1178 3073 1307 3124 lieni
1366 3070 1454 3127 ubi
1514 3087 1737 3139 compc-

145 3170 309 3221 risset
354 3167 687 3228 Antiochus,
743 3179 944 3235 eosque
993 3164 1153 3217 simul
1221 3179 1344 3216 eum
1406 3161 1491 3216 his
1540 3164 1739 3232 quibus

143 3267 407 3327 prmerat,
430 3267 579 3311 esset
608 3258 902 3320 insecutus,
936 3272 1127 3311 omnes
1154 3272 1284 3310 ense
1311 3255 1605 3316 interemit,
1626 3271 1739 3308 om-

145 3351 415 3420 niumque
462 3358 796 3418 postremum
858 3352 1154 3410 Andream,
1221 3350 1484 3401 illustrem
1531 3346 1732 3401 Christi

144 3454 474 3513 martyrem,
508 3450 562 3493 et
593 3440 731 3493 inter
755 3439 988 3491 athletas
1019 3438 1158 3490 fama
1182 3436 1471 3489 celebrem.
1509 3453 1526 3484 ι

215 3533 396 3599 Quam
438 3532 787 3586 memorabile
828 3532 991 3599 hujus
1044 3529 1212 3583 nostri
1279 3528 1737 3599 Megalomartyris

137 3642 238 3688 seu
277 3626 461 3693 Magni
497 3625 745 3690 martyris
812 3636 1011 3675 nomen
1042 3632 1120 3674 est
1188 3622 1329 3689 apud
1367 3622 1601 3683 Graecos,
1631 3631 1737 3674 tam

144 3719 367 3771 celebre
409 3716 573 3767 etiam
599 3722 681 3765 est
708 3714 851 3779 apud
906 3712 1144 3773 Latinos,
1188 3711 1581 3778 antiquissimis
1637 3712 1741 3763 uti—

144 3824 252 3876 que
288 3823 354 3860 ac
390 3806 579 3875 prima:
613 3815 751 3857 notae
775 3802 1169 3874 Martyrologiis
1204 3800 1548 3870 inscriptum.
1606 3798 1739 3853 Nam

150 3900 569 3955 Usnardushac
607 3897 692 3950 die
722 3897 793 3949 ita
823 3911 944 3956 eum
1002 3895 1210 3949 refert:
1254 3913 1271 3944 ι
1315 3892 1520 3947 Natalis
1566 3896 1741 3949 sancti

151 3994 358 4064 Magni,
388 4007 486 4046 seu
543 3992 714 4043 sancti
779 3989 1008 4042 Andrea:
1070 3987 1344 4055 martyris,
1400 4002 1524 4039 cum
1580 3987 1743 4040 sociis

148 4088 269 4139 suis
302 4084 527 4136 duobus
568 4081 804 4134 millibus
851 4079 1162 4146 quingentis
1211 4078 1503 4142 nonaginta
1532 4086 1587 4129 et
1618 4091 1743 4144 sep-

152 4186 289 4231 tem.
335 4194 351 4225 ι
394 4174 475 4226 Ad
506 4188 666 4240 quam
696 4170 1172 4223 annuntiationem
1238 4168 1470 4237 istajam
1533 4166 1743 4234 pridem

151 4266 207 4319 in
248 4264 512 4321 Usuardo
545 4278 573 4315 a
646 4261 800 4315 nobis
848 4260 996 4314 edito
1053 4268 1108 4312 et
1131 4259 1399 4312 illustrato
1458 4258 1745 4311 observata

148 4371 286 4416 sunt
313 4403 327 4415 .
371 4377 389 4410 ι
423 4357 697 4412 Andream
719 4355 860 4424 apud
887 4353 1102 4408 Graecos
1125 4354 1538 4423 inelytissimum
1560 4353 1749 4420 Mega-

152 4458 515 4521 lomartyrem
558 4446 903 4517 M-artyrologi
931 4445 1101 4497 nostri
1130 4445 1302 4497 Latini
1336 4441 1748 4498 verosimillttne

148 4561 215 4600 ex
233 4545 424 4599 Graeca
443 4538 800 4610 appellatione
824 4537 1119 4590 binomiutn
1142 4534 1367 4587 fecerint
1383 4531 1633 4600 Magnum
1653 4545 1749 4584 seu

150 4638 462 4690 Andream.
500 4633 591 4682 Sic
615 4632 816 4682 etenim
847 4628 1012 4688 Beda,
1049 4634 1210 4693 prout
1233 4624 1373 4693 apud
1408 4638 1509 4677 nos
1568 4625 1749 4677 editus

148 4736 344 4789 eSt,ct
390 4739 461 4779 ex
497 4737 565 4776 eo
620 4720 897 4778 Habanus.
951 4719 1256 4772 Romanum
1308 4732 1554 4785 parvum,
1608 4716 1746 4779 Ado,

149 4834 232 4883 et,
287 4834 456 4890 cujus
491 4818 604 4885 jam
665 4817 827 4868 Verba
851 4812 1122 4873 dedimus,
1185 4809 1492 4865 Usuardus.
1559 4806 1751 4861 Melius

152 4913 404 4963 fortasse
429 4902 714 4975 legissent,
749 4902 925 4971 magni
957 4902 1189 4953 Andreae
1224 4915 1447 4968 :neque
1481 4898 1624 4952 enim
1653 4914 1749 4952 νεα

154 5000 413 5059 rosimile
436 5005 593 5066 puto,
630 4993 1017 5063 MartyroIOgos
1047 5000 1268 5046 nostros
1323 4993 1595 5045 Andream
1653 4990 1752 5042 tri-

152 5093 374 5145 bonum
406 5089 646 5141 militum
694 5100 817 5140 cum
883 5085 1075 5156 Magno
1138 5086 1396 5155 episcopo
1463 5084 1748 5154 Anagnino

152 5182 510 5239 confundere
537 5182 792 5234 voluisse.
834 5197 854 5230 ι
892 5177 1043 5231 Hanc
1073 5178 1511 5231 observationem
1549 5178 1614 5230 de
1646 5178 1750 5230 du-

155 5278 291 5343 plici
327 5271 558 5328 nomine
573 5269 748 5323 eidem
773 5280 962 5325 nostro
984 5274 1205 5338 martyri
1230 5281 1516 5338 perperam
1553 5268 1749 5334 indito,

152 5368 400 5421 inferius
433 5361 759 5417 conﬁrmare
801 5364 1142 5419 conabimur.
1200 5361 1472 5418 Habemus
1534 5363 1749 5417 interim

153 5474 223 5513 ex
256 5458 435 5511 dictis
465 5460 484 5525 (
517 5454 651 5508 nihil
674 5458 874 5524 Quippe
907 5454 1053 5525 cogit
1079 5469 1271 5508 omnes
1303 5454 1421 5507 illas
1453 5455 1748 5509 annuntia-

155 5553 346 5605 tiones
383 5549 495 5601 huc
526 5548 765 5617 integras
829 5548 1193 5601 transcribere
1226 5550 1244 5608 )
1275 5547 1452 5617 magni
1513 5548 1751 5602 nominis

155 5645 467 5709 martyrem
507 5639 671 5693 fuisse
699 5638 753 5692 S.
807 5640 1074 5694 Andream
1132 5639 1183 5692 in
1243 5638 1478 5693 Ecclesia
1538 5636 1750 5692 Latina.

160 5735 237 5788 De
282 5726 693 5783 Wandelberto
757 5739 941 5798 postea
996 5743 1240 5799 agemus.
1308 5727 1751 5798 Martyrologium

159 5826 489 5878 Romanum
536 5818 853 5874 modernum
908 5820 979 5873 ita
1028 5821 1094 5873 de
1148 5822 1238 5875 illo
1289 5820 1497 5889 legitac
1567 5820 1751 5881 sociis,

158 5931 407 5989 quorum
443 5918 632 5965 tamen
660 5926 948 5968 numerum
975 5928 1079 5968 non
1102 5914 1426 5970 determinat
1461 5928 1474 5963 :
1515 5912 1601 5962 «in
1622 5909 1753 5966 Cilic

1831 2057 2047 2127 Magno,
2084 2060 2243 2127 cujus
2270 2060 2588 2128 martyrium
2635 2062 2885 2129 pluribus
2912 2062 3176 2117 describit
3221 2063 3417 2117 Petrus

1834 2150 1899 2205 de
1926 2150 2323 2204 Natalibuslib.
2364 2152 2420 2213 '7,
2464 2166 2585 2219 cap.
2655 2152 2770 2217 76;
2815 2153 2867 2204 in
2891 2168 3000 2221 quo
3054 2162 3234 2205 tamen
3289 2167 3414 2206 cum

1838 2243 2047 2297 nullum
2078 2246 2143 2297 de
2180 2241 2238 2295 S.
2270 2242 2491 2317 Andrea
2536 2243 2808 2297 inveniam
2844 2243 3157 2313 vestigium,
3216 2246 3413 2299 mirum

1833 2333 1969 2386 mihi
2026 2334 2245 2394 accidit,
2340 2333 2512 2400 ipsius
2595 2352 2793 2391 nomen
2881 2338 3152 2391 intrusum
3207 2337 3308 2407 legi
3359 2339 3415 2393 in

1833 2425 1975 2480 dicta
2015 2424 2455 2478 annuntiatione.
2482 2425 2587 2479 Sed
2616 2443 2702 2480 res
2729 2430 2841 2481 haec
2870 2429 3117 2497 pluribus
3161 2440 3418 2485 tractatur

1835 2519 1979 2590 apud
2010 2534 2111 2573 nos
2139 2518 2241 2572 hac
2272 2516 2383 2581 die,
2419 2533 2524 2588 qua
2557 2519 2623 2573 de
2650 2529 2841 2574 sancto
2882 2520 3075 2592 Magno
3095 2521 3418 2593 Cappadoce

1837 2615 2033 2685 agitur,
2058 2630 2181 2683 pag.
2216 2611 2343 2665 717.
2362 2610 2518 2665 Nunc
2549 2613 2615 2666 de
2642 2612 3064 2670 halluciuatione
3103 2615 3420 2688 Martyrolo.

1838 2723 2028 2776 gorum
2062 2705 2319 2773 superius
2353 2706 2587 2758 indicata
2621 2716 2675 2759 et
2704 2706 2790 2759 hic
2810 2708 3059 2776 pluribus
3121 2711 3417 2767 refellenda

1840 2798 2199 2853 tractabimus
2231 2810 2246 2860 ;
2276 2811 2304 2848 e
2330 2810 2434 2863 qua
2463 2796 2678 2849 videtur
2703 2798 2969 2867 originem
3023 2802 3251 2859 traxisse
3315 2804 3421 2859 Ga-

1839 2888 2126 2943 lesiniana.

1910 2983 1963 3037 5.
2005 2983 2070 3037 Et
2104 2998 2165 3037 ea
2206 2982 2421 3053 quidem
2464 2994 2544 3037 est
2578 2982 2776 3052 duplex
2814 3001 2828 3049 ;
2864 2984 3033 3041 altera
3076 2987 3131 3042 in
3182 3003 3249 3043 eo
3280 3006 3412 3046 ver-

1844 3085 2016 3137 satur,
2068 3077 2227 3143 quod'
2270 3076 2329 3129 ὃ.
2387 3077 2630 3130 Andreae
2683 3076 2990 3133 addiderint
3048 3095 3243 3137 nomen
3311 3100 3422 3139 non

1842 3180 2025 3227 suum,
2090 3167 2266 3235 Magni
2322 3168 2620 3228 videlicet;
2680 3171 2848 3223 altera
2914 3174 3176 3225 incertior
3216 3178 3422 3241 priore,

1844 3255 1987 3326 quod
2032 3256 2230 3310 alicubi
2283 3257 2421 3311 forte
2446 3257 2505 3311 S.
2559 3257 2784 3329 Magnus
2837 3262 2998 3315 aliter
3040 3267 3423 3331 annuutietur,

1842 3364 2005 3418 quam
2039 3349 2256 3413 debeat,
2290 3351 2366 3403 uti
2418 3366 2540 3406 mox
2568 3352 2832 3409 referam.
2869 3356 2947 3409 Ad
2977 3357 3210 3425 priorem
3273 3363 3416 3430 quod

1842 3442 2061 3502 attinet,
2091 3451 2288 3509 praeter
2320 3441 2408 3493 illa
2432 3481 2445 3504 ,
2473 3457 2593 3509 qua:
2659 3445 2821 3510 paulo
2870 3456 2995 3498 ante
3044 3449 3425 3515 praemisimus,

1841 3532 1955 3587 haec
1989 3534 2127 3586 addo
2157 3533 2225 3586 ad
2257 3535 2515 3602 majorem
2542 3532 2757 3587 illorum
2795 3537 3290 3596 continuationem.
3326 3543 3429 3597 Ba-

1844 3628 2035 3680 ronius
2076 3628 2128 3679 in
2165 3628 2542 3681 notationibus
2581 3628 2681 3681 hac
2719 3627 2807 3682 die
2836 3629 2903 3682 19
2959 3634 3187 3701 Augusti
3222 3635 3286 3688 ad
3320 3647 3421 3689 ans

1842 3721 2242 3774 nunLiationem
2279 3720 2635 3791 Martyrologii
2684 3719 2911 3775 Romani
2945 3709 3175 3779 Andreas
3218 3728 3420 3782 tribuni

1843 3819 1897 3862 et
1921 3826 2061 3871 soc.,
2108 3830 2124 3858 ι
2160 3810 2231 3861 De
2289 3811 2393 3869 his,
2442 3812 2534 3871 ait,
2575 3812 2675 3862 hac
2728 3811 2815 3865 die
2878 3810 3112 3867 Usuard.
3162 3824 3215 3869 et
3264 3817 3425 3879 Atio;

1844 3898 1971 3953 licet
2010 3899 2278 3952 Andream
2333 3914 2455 3952 cum
2487 3896 2543 3951 S.
2582 3896 2772 3967 Magno
2806 3900 3169 3953 confundant.
3212 3920 3229 3951 ι
3270 3902 3427 3956 Hnno

1845 4008 2088 4047 errorem
2105 3996 2267 4046 etiam
2298 3990 2529 4062 castigat
2552 3990 2874 4046 Lambecius
2896 3990 3424 4051 Commentariorum

1847 4085 1913 4137 de
1938 4085 2266 4137 bibliotheca
2290 4084 2537 4136 Caesarea
2570 4082 3006 4147 Vindobonensi,
3029 4084 3122 4139 lib.
3156 4102 3273 4150 \‘lll,
3304 4104 3427 4158 pag.

1846 4175 1975 4238 209.,
1998 4174 2086 4229 ubi
2127 4177 2415 4229 occasione
2444 4174 2709 4228 versionis
2739 4173 2943 4229 Latina:
2972 4187 3027 4229 et
3051 4176 3259 4232 exordii
3320 4180 3431 4234 Ac-

1852 4273 2027 4318 torum
2063 4265 2121 4318 S.
2148 4264 2378 4318 Andrea:
2399 4279 2461 4317 ac
2484 4264 2753 4318 sociorum
2782 4261 2923 4333 apud
2944 4263 3160 4318 Surium
3198 4267 3297 4320 hac
3319 4271 3428 4331 die,

1857 4372 1874 4404 ι
1916 4354 2225 4424 Martyrium
2255 4353 2315 4408 S.
2345 4354 2594 4418 Andreae,
2622 4355 2776 4410 ducis
2814 4358 3110 4421 exercitus,
3165 4368 3220 4411 et
3255 4358 3432 4414 socio-

1852 4462 1995 4510 rum,
2038 4456 2263 4499 auctore
2305 4446 2577 4517 Symeone
2612 4445 3001 4514 Metapbraste.
3037 4446 3276 4504 Vocatur
3331 4467 3430 4504 au-

1855 4548 1960 4593 tem
1999 4539 2085 4591 hic
2113 4538 2361 4591 Andreas
2394 4539 2556 4592 etiam
2593 4552 2844 4606 magnus,
2867 4556 2885 4589 ›
2922 4550 3057 4599 etc..
3089 4540 3169 4594 sic
3196 4542 3426 4598 scribit:

1783 4657 1824 4711 ο
1860 4650 1879 4683 ι
1917 4630 2033 4686 Hoc
2061 4646 2169 4684 non
2201 4639 2285 4684 est
2328 4628 2738 4698 intelligendum
2793 4630 2860 4684 de
2924 4637 3149 4687 nomine
3205 4635 3431 4705 pr0prio

1853 4722 2074 4793 Magni;
2111 4724 2313 4792 quippe
2362 4723 2507 4792 quod
2556 4721 2613 4776 S.
2666 4721 2910 4777 Andreas
2942 4722 3263 4781 Stratelates
3320 4741 3431 4782 non

1856 4816 2069 4880 habuit,
2109 4815 2203 4868 sed
2229 4823 2438 4866 tantum
2494 4812 2562 4865 de
2595 4813 2749 4866 titulo
2784 4814 3284 4885 Μεγαλομάρτυρος
3314 4820 3432 4873 sive

1853 4905 2041 4975 Magni
2075 4904 2351 4973 martyris,
2392 4901 2483 4971 qui
2508 4900 2585 4955 illi
2634 4902 2689 4955 in
2720 4902 2885 4971 hujus
2941 4906 3279 4962 narrationis
3338 4909 3427 4962 in-

1854 4982 2152 5067 scriptione
2200 4997 2385 5051 Graeca
2446 4998 2672 5051 honoris
2721 5012 2887 5052 causa
2950 5000 3227 5054 tribuitur.
3298 5003 3430 5057 Per-

1854 5104 2037 5158 peram
2071 5089 2231 5159 igitur
2286 5098 2342 5141 et
2380 5087 2613 5141 absurde
2660 5087 2716 5140 in
2763 5087 2971 5141 Adonis
3024 5090 3428 5160 archiepisc0pi

1860 5170 2182 5235 Viennensis
2196 5179 2569 5249 Martyrologio
2597 5178 2687 5233 dte
2716 5176 2780 5233 19
2800 5179 3027 5252 Augusti
3057 5182 3290 5252 legitur:
3320 5186 3431 5241 Na-

1856 5273 1979 5328 talis
2012 5272 2182 5327 sancti
2211 5271 2383 5340 Magni
2410 5288 2506 5326 seu
2533 5272 2708 5327 sancti
2736 5273 2993 5337 Andreae,
3032 5294 3052 5327 ι
3078 5285 3184 5332 etc.
3230 5279 3423 5338 Merito

1858 5368 2042 5436 itaque
2068 5367 2191 5425 ista,
2232 5382 2250 5415 ‹
2308 5364 2546 5419 Vocatur
2597 5375 2783 5420 autem
2833 5364 2923 5422 hic
2963 5368 3205 5424 Andreas
3258 5373 3423 5428 etiam

1856 5459 2098 5528 Magnus,
2134 5475 2152 5509 ι
2186 5459 2385 5512 omissa
2418 5468 2547 5512 sunt
2576 5458 2632 5511 in
2659 5459 2901 5515 editione
2918 5461 3088 5522 Surii,
3111 5477 3256 5516 anno
3287 5464 3426 5519 1618

1856 5548 2093 5603 Coloniae
2120 5548 2287 5606 edita.
2322 5547 2450 5601 Haec
2476 5549 2543 5603 de
2577 5564 2765 5604 errore
2804 5550 2934 5604 isto.
2989 5550 3049 5605 In
3079 5553 3245 5608 alium
3286 5555 3426 5610 forte

1861 5638 2042 5706 lapsus
2091 5648 2175 5692 est
2230 5636 2677 5703 Wandelbertus,
2712 5639 2845 5694 dum
2898 5639 3081 5697 eidem
3130 5654 3423 5714 martyrum

1861 5727 2140 5797 manipulo
2189 5727 2404 5781 videtur
2457 5727 2778 5796 adjunxisse
2826 5727 2885 5783 S.
2926 5730 3175 5801 Magnum
3211 5730 3425 5801 Cappa-

1861 5817 2073 5879 docem,
2110 5820 2195 5871 cui
2244 5818 2402 5873 aliam
2438 5819 2678 5888 martyrii
2719 5820 3022 5890 palmstram
3083 5836 3245 5891 supra
3286 5828 3426 5881 assi~

1863 5911 2170 5978 gnavimus.
2212 5910 2302 5968 Sic
2352 5913 2496 5966 enim
2532 5912 2678 5967 canit
