4158 6470
732 453 824 524 sit
1401 405 1403 408 ⁴
1973 424 2254 486 ΜΕΝειε
2295 417 2722 478 AUGUSTUS.

2335 532 2638 601 Aindigni.
2701 531 2928 585 nomina
2984 530 3377 592 invocaverint,
3435 535 3634 598 praesta
3694 522 3988 594 petitiones

740 568 960 633 Magnus
995 569 1048 615 et
1075 559 1309 633 Andreus
1342 559 1531 633 quarta
1563 549 1807 630 denaque
1833 549 2109 597 coruscant
2148 556 2163 592 :

735 617 941 706 Sapiens
978 632 1261 700 nonaginta
1297 617 1639 706 cretati-genti
1662 617 2018 706 .COIllt'lflttittf,

737 684 1308 773 D—urosv'paritcr'suncti
1336 684 1595 747 siinutvhis
1621 690 1698 742 bis
1735 684 1877 739 mille
1912 691 2219 752 sequuntur.

808 818 861 871 6.
879 813 1038 868 Varia
1064 819 1189 863 sunt
1216 809 1473 860 Actorum
1494 797 1839 867 exemplaria.
1860 794 2180 848 Lambecius
2198 790 2317 845 loco

742 914 907 966 citato
928 923 1046 976 pag.
1076 903 1169 957 201
1200 910 1244 954 et
1273 899 1380 952 202
1410 910 1578 948 unum
1612 892 1764 950 aﬂ'crt
1789 892 1888 942 hoc
1918 887 2070 942 titulo
2091 901 2150 937 ac
2173 883 2318 952 prin.

735 1002 880 1070 cipio
910 1018 922 1053 :
1076 996 1214 1064 αὐτῇ
1259 993 1461 1060 ἡμέρᾳ.
1501 985 1757 1050 "Alliam;
1804 982 1896 1032 τοῦ
1932 981 2088 1045 ἁγίου
2121 978 2212 1026 καὶ
2238 975 2320 1024 ὲν-

734 1097 882 1159 isdi
929 1089 1414 1162 μεγαλθμάρτυροῖ
1472 1078 1722 1144 Ἀνδρέου
1775 1072 1868 1124 τοῦ
1899 1068 2318 1136 Στρκτηὶάτηυν

743 1190 837 1241 καὶ
868 1185 976 1236 τῶν
1021 1183 1117 1234 σὺν
1167 1175 1312 1244 αὑτῴ
1361 1169 1754 1224 τελειωθέντων
1798 1163 2072 1232 δισχιλίων
2127 1176 2322 1211 πεντα-

746 1280 947 1333 κοσίων
979 1274 1329 1340 ἐννενήκοντα
1359 1267 1546 1337 τριῶν.
1581 1263 1667 1313 Ἐν
1698 1263 1810 1319 τοῖς
1859 1257 2068 1325 χρόνοις
2104 1252 2200 1318 τῆς
2230 1249 2321 1301 τοῦ

742 1367 1112 1423 ἁσεϐεστάτου
1163 1357 1505 1424 Ἁ-Ιαξιμιανοῦ
1564 1352 1836 1423 βασιλείας
1890 1345 2126 1412 διωγμὸς
2184 1342 2324 1394 κατᾶ

751 1459 1093 1531 Χριστιανῶν
1125 1456 1342 1522 ἐγένετο
1382 1450 1577 1518 μέγας,
1615 1444 1706 1496 καὶ
1744 1442 1972 1509 μάλιστα
2014 1440 2067 1488 ἐν
2094 1438 2203 1494 τοῖς
2232 1433 2326 1500 μὲ-

748 1569 867 1624 ρεσι
891 1550 989 1618 τῆς
1028 1547 1226 1615 Συρίας
1252 1560 1265 1574 ·
1309 1537 1453 1608 εἶχεν
1482 1538 1536 1588 δὲ
1573 1537 1689 1586 τότε
1732 1533 1829 1599 τῆς
1873 1531 2049 1579 ἐκεῖσε
2086 1539 2324 1592 στρατη-

745 1649 911 1714 γικῆς
936 1640 1141 1704 τάξεως
1171 1638 1270 1704 τὴν
1298 1632 1471 1700 ἀρχὴν
1521 1625 1788 1692 ’Λντέοχὸς
1840 1640 1940 1681 τις,
1980 1615 2327 1680 δεισιδαίμων

744 1705 1027 1805 ἀνθέωπος
1071 1730 1166 1794 ὧν,
1205 1736 1301 1779 elc.
1335 1723 1386 1776 id
1436 1732 1554 1774 cst:
1601 1719 1800 1771 Eadem
1845 1717 1926 1764 die
1955 1709 2047 1779 (l9
2084 1705 2327 1775 Augusti)

749 1840 1015 1884 certamen
1037 1822 1203 1876 sancti
1235 1829 1280 1872 et
1306 1815 1514 1888 gloriosi
1565 1809 1741 1879 magni
1792 1804 2036 1869 nmrlyris
2088 1801 2325 1864 Andrea',

751 1923 900 1975 ducis
933 1918 1209 1977 exercitus,
1239 1923 1284 1962 et
1327 1911 1401 1961 bis
1432 1907 1575 1959 mille
1606 1904 1999 1969 quingentorum
2029 1895 2315 1962 nonaginta
2353 1891 2394 1946 Β

752 2013 916 2066 trium
956 2022 1072 2059 cum
1102 2021 1160 2057 eo
1189 2009 1594 2070 peremptorum.
1652 1991 1985 2056 Temporibus
2033 1986 2327 2053 impiissimi

757 2097 1071 2157 Maximiani
1100 2089 1438 2161 imperatoris
1469 2100 1658 2153 magna
1692 2083 1937 2134 adversus
2001 2077 2326 2130 Christ-ianos

758 2203 901 2248 mota
941 2201 1012 2244 cst
1053 2185 1619 2257 persccutio,,ma:t:tme
1642 2178 1690 2226 in
1726 2175 1962 2240 partibus
1990 2166 2330 2237 Syt'int'.Qiii-

752 2287 877 2337 dant
905 2292 1082 2332 autem
1117 2275 1421 2328 Antiochus.
1451 2264 2039 2336 siiperstitimiideorum
2087 2259 2326 2309 addictus

752 2376 924 2436 homo,
949 2370 1134 2423 ibidem
1171 2376 1294 2418 tunc
1323 2363 1522 2416 ordinis
1564 2356 1812 2410 militaris
1845 2354 2122 2421 imperium
2191 2360 2332 2400 tene-

752 2466 862 2526 bat,
918 2471 1023 2516 etc.
1077 2460 1344 2511 Ohservat
1394 2448 1718 2505 Lambecius
1767 2446 1903 2498 hanc
1958 2441 2327 2495 narrationem

753 2554 946 2609 Latine
995 2557 1209 2603 exstare
1261 2543 1403 2611 apud
1439 2539 1792 2592 Laurentium
1849 2534 2088 2590 Surium,
2128 2546 2190 2581 ac
2231 2528 2331 2596 Sy-

755 2639 934 2698 meoni
972 2635 1350 2704 Metaphrasta‘.
1380 2628 1580 2682 ibidem
1625 2626 1811 2685 tribui,
1844 2631 1900 2674 ut
1929 2620 2090 2673 modo
2120 2618 2334 2670 indica-

759 2744 876 2787 tutu
929 2737 1036 2785 est.
1078 2724 1185 2779 Sed
1221 2723 1427 2776 nullum
1472 2718 1714 2786 ciosdem
1771 2714 2053 2780 vestigium
2112 2708 2332 2762 invenio

762 2823 908 2891 apud
949 2818 1205 2873 Allatium
1241 2816 1294 2865 in
1337 2811 1573 2864 Diatriba
1622 2809 1686 2860 de
1717 2806 2043 2874 Symeonum
2074 2801 2334 2867 scriptisa

757 2935 880 2990 pag.
923 2914 1041 2976 125,
1067 2907 1326 2964 ubiVitas
1354 2908 1661 2960 enumerat,
1699 2911 1837 2965 quas
1875 2905 2132 2961 tanquam
2169 2892 2336 2943 Meta-

759 2986 995 3081 pbrastie
1049 3001 1294 3072 proprias
1334 3001 1529 3063 signal.
1565 2989 1802 3042 Consule
1854 3001 1974 3053 quae
2013 2986 2156 3035 dicta
2207 2989 2337 3034 sunt

761 3075 907 3156 ionio
935 3097 1001 3151 111
1034 3093 1195 3163 hujus
1228 3089 1433 3142 mensis
1482 3102 1600 3154 pag.
1651 3083 1751 3134 'i'll)
1782 3082 1847 3133 de
1901 3079 2047 3131 Actis
2080 3076 2135 3129 S.
2176 3075 2335 3144 Eupli

762 3192 1035 3262 martyris.
1110 3185 1384 3237 Habemus
1439 3179 1602 3231 etiam
1669 3171 1944 3241 exemplar
1983 3168 2225 3223 ercum
2283 3171 2334 3220 in

761 3294 952 3339 nostro
988 3279 1175 3333 codice
1199 3276 1237 3344 -ξ-
1279 3291 1378 3326 ms.
1416 3272 1538 3331 194,
1576 3269 1734 3336 cujus
1794 3264 2124 3332 exemplaris
2182 3261 2338 3312 titulo

762 3377 1099 3446 pra’notatur
1146 3368 1335 3422 eadem
1378 3365 1430 3417 in
1486 3376 1587 3414 ms.
1626 3361 1828 3412 Caesar.
1863 3356 1930 3408 45
1957 3372 2076 3423 pag.
2116 3353 2212 3405 Q‘il
2252 3368 2344 3405 ex-

701 3477 704 3482 '
770 3482 939 3524 stare.
974 3465 1133 3521 Aliud
1163 3462 1412 3517 Cra-cum
1447 3453 1814 3522 apographum
1847 3464 2191 3503 asserramus
2242 3448 2342 3500 hoc

767 3565 927 3618 titulo
959 3577 974 3615 ε
1007 3555 1320 3625 Μαρτύριον
1359 3550 1452 3602 τοῦ
1484 3549 1637 3614 ἁγίου
1675 3548 1944 3615 μάρτυρος
1976 3545 2066 3595 τοῇ
2101 3543 2341 3610 Στρατη,

768 3657 957 3715 Mirati,
986 3665 1048 3703 ex
1075 3648 1199 3700 cod.
1227 3644 1474 3696 Ambros.
1505 3640 1568 3692 N.
1596 3639 1630 3690 f.
1665 3636 1860 3698 n.15'2,
1890 3638 2026 3688 sicut
2054 3634 2340 3688 additurin

767 3745 956 3798 eodem
984 3737 1318 3810 apagrapho.
1348 3733 1542 3800 Incipit
1573 3749 1585 3783 :
1613 3729 1714 3780 Τὸν
1740 3728 2049 3796 Θαυμαστὸν
2090 3728 2342 3794 Ἀνδρέςιν

765 3841 857 3891 τὸν
892 3835 1292 3907 στρατηλάτην.
1326 3824 1621 3882 Min-altilem
1653 3823 1916 3876 Andream
1950 3823 2205 3873 exercitus
2243 3822 2344 3871 du-

767 3946 899 3990 cent,
932 3937 1037 3981 ctc.

840 4044 889 4095 7.
937 4037 1201 4092 Baronius
1230 4049 1374 4090 anno
1427 4032 1626 4088 Christi
1688 4032 1784 4086 501
1823 4029 2202 4084 collectionem
2260 4025 2344 4076 hi-

770 4134 1023 4190 storicum
1064 4130 1324 4184 Actorum
1374 4128 1610 4180 intexuit
1641 4141 1654 4177 :
1687 4141 1807 4192 qua:
1839 4123 2080 4191 quidem,
2116 4119 2193 4171 ait
2240 4118 2346 4171 ibi-

771 4230 892 4282 dem
930 4240 1080 4278 num.
1114 4223 1168 4288 5,
1198 4236 1457 4291 germana
1494 4227 1817 4272 noscuntur.
1873 4221 1962 4279 At,
2013 4214 2153 4267 bona
2203 4211 2344 4264 emi-

771 4315 1084 4373 nentissimi
1122 4312 1421 4366 cardinalis
1454 4312 1635 4370 venia,
1663 4323 1770 4358 non
1822 4321 2005 4372 paucae
2050 4310 2347 4356 occurrunt

771 4409 1138 4466 dillicultates,
1183 4419 1304 4472 qua:
1329 4401 1434 4453 illis
1463 4397 1893 4452 incommodaut.
1966 4391 2098 4446 Nam
2148 4394 2344 4460 primo,

774 4520 837 4558 ea
871 4517 978 4555 non
1031 4513 1155 4553 esse
1209 4505 1428 4549 exarata
1471 4509 1499 4547 a
1541 4493 1806 4560 scriptore
1863 4502 2340 4558 contemporanco,

3884 407 3980 472 592

2419 622 2557 684 illas,
2595 636 2714 689 quae
2755 619 2821 672 ad
2856 619 3086 672 salutem
3125 618 3397 687 pertinent
3428 633 3443 680 ;
3476 615 3677 684 quique
3707 611 3774 664 ad
3816 611 3989 663 locum

2420 713 2565 766 hunc
2600 710 2967 781 confugerint,
3005 725 3100 763 eos
3141 719 3358 777 protege
3385 747 3400 762 .
3432 746 3446 760 .
3499 716 3551 759 et
3581 722 3691 774 quo
3723 706 3846 756 loco
3898 705 3992 755 hu-

2421 804 2565 856 milis
2595 801 2819 870 sanguis
2849 810 3038 852 noster
3075 799 3281 852 etIusus
3315 798 3499 855 fuerit.
3531 796 3621 848 ﬁat
3683 795 3796 846 illis
3835 807 3990 845 cura-

2425 896 2631 947 tionum
2664 896 2815 952 l'ons.
2868 911 2886 943 ι
2917 900 3023 944 etc.
3048 891 3251 951 Oratio,
3289 892 3528 958 inquam.
3561 887 3644 939 illa
3675 899 3889 936 merum
3923 893 3998 934 est

2423 987 2750 1054 episodium,
2786 1002 2909 1039 cum
2937 1003 2963 1038 a
2991 985 3207 1037 nomine
3231 982 3464 1056 potuerit
3505 981 3678 1031 auditi
3709 978 3814 1028 nisi
3845 991 3872 1026 a
3916 990 3996 1026 so-

2426 1078 2489 1130 lis
2527 1078 2657 1145 ipsis
2686 1077 3036 1144 martyribus,
3072 1077 3270 1142 quibus
3305 1089 3400 1141 per
3432 1081 3648 1136 tempus
3681 1083 3793 1120 non
3853 1064 3997 1115 licuit.

2425 1187 2544 1223 eam
2591 1171 2711 1222 aliis
2751 1169 2978 1221 referre.
3021 1169 3244 1220 Accedit
3282 1182 3366 1226 eo,
3398 1164 3540 1232 quod
3589 1177 3698 1213 non
3749 1158 3885 1210 satis
3929 1155 4001 1205 vi-

2425 1263 2618 1314 deatur
2656 1268 3026 1312 Consentanea
3073 1256 3368 1308 humilitati
3417 1252 3766 1310 Christianm,
3805 1260 3923 1315 qua:
3955 1244 4003 1295 in

2426 1352 2757 1420 martyribus
2795 1353 3010 1401 elucere
3043 1347 3222 1400 debet.

2499 1445 2547 1497 8.
2597 1445 2804 1504 Tertio,
2867 1445 3063 1494 mirum
3135 1442 3298 1492 etiam
3334 1436 3500 1490 videri
3545 1444 3746 1503 potest,
3803 1430 3860 1484 S.
3901 1429 4008 1481 An-

2430 1540 2639 1594 dream.
2674 1536 2876 1594 Christi
2913 1538 3070 1586 Iidem
3102 1535 3432 1600 amplexum,
3477 1533 3662 1599 prielio
3720 1529 3842 1583 uni,
3883 1524 4007 1589 quin

2433 1631 2540 1682 imo
2595 1628 2882 1696 pluribus,
2950 1632 3110 1691 prout
3170 1630 3415 1689 apparet,
3485 1633 3604 1670 sese
3659 1614 4005 1680 exposuisse,

2431 1734 2725 1789 antequam
2761 1720 3008 1787 petiissct
3062 1727 3226 1782 atque
3279 1711 3603 1765 obtinuisset
3655 1706 4006 1772 baptismum.

2433 1816 2746 1878 Attdjantur
2785 1815 2915 1863 Acta
2950 1828 2962 1861 :
3006 1828 3022 1858 ι
3061 1810 3209 1859 Inter
3247 1805 3513 1858 idolorum
3553 1801 3801 1850 cultores
3870 1793 4008 1842 Velut

2429 1924 2546 1961 rosa
2574 1906 2799 1959 ﬂorebat
2834 1905 2976 1956 inter
3020 1901 3207 1968 Spinas
3244 1937 3258 1950 .
3301 1939 3312 1950 .
3351 1893 3704 1949 ﬁdeliSsiinus
3753 1886 3845 1941 Dei
3894 1899 4007 1935 ser-

2430 2014 2528 2050 vus
2552 2008 2605 2050 et
2642 2007 2846 2063 martyr
2869 1995 3113 2046 Andreas
3139 2031 3176 2044 ..
3215 1989 3310 2041 Hic
3340 2025 3352 2040 .
3382 1987 3541 2037 ..lesu
3582 1980 3784 2035 Christi
3854 1987 4005 2041 opem

2429 2102 2720 2145 assecutus
2751 2088 3159 2142 adversantium
3194 2080 3661 2136 bellorumhostes
3689 2074 4005 2140 superabat,

2431 2197 2483 2240 et
2516 2187 2700 2238 multis
2734 2183 2966 2250 egregiis
3016 2197 3078 2233 ac
3113 2179 3352 2233 strenuis
3383 2173 3718 2228 facinoribus
3779 2165 4009 2218 excelle.

2432 2280 2546 2333 bat.
2585 2279 2733 2330 Bello
2767 2287 2946 2329 autem
2978 2285 3167 2327 contra
3199 2272 3394 2324 Persas
3432 2269 3530 2337 ipsi
3568 2264 3890 2318 commisso.
3925 2271 4012 2309 eos

2433 2371 2598 2433 solos,
2637 2385 2774 2436 quos
2825 2367 3112 2419 manifeste
3171 2364 3412 2415 co-leStts
3468 2358 3632 2428 gratia
3667 2358 3714 2408 ei
3769 2355 4015 2418 designa-

2435 2465 2532 2522 vit,
2565 2477 2747 2514 secum
2787 2461 3012 2516 habens,
3049 2455 3317 2522 oppesitis
3350 2451 3597 2503 hostibus
3635 2447 3887 2516 pra-lium
3941 2445 4015 2493 inv

2437 2556 2578 2607 tulit.
2613 2553 2730 2606 Jam
2771 2567 2900 2602 vero
2936 2564 3057 2602 cum
3089 2555 3234 2600 esset
3262 2555 3655 2612 congressurus
3691 2554 3819 2590 cum
3861 2533 4018 2587 hosti-

2437 2649 2559 2710 bus,
2597 2659 2784 2697 eorum
2807 2644 3080 2712 ingentem
3108 2637 3508 2692 multitudinem
3535 2631 3733 2686 divina:
3766 2627 4019 2696 cognitio-

2437 2740 2520 2791 nis
2551 2748 2932 2804 argumentum
2971 2732 3084 2784 suis
3121 2729 3383 2781 militibus
3417 2724 3699 2792 proposuit
3735 2736 3750 2772 :
3781 2720 4016 2770 nondum

2439 2831 2585 2889 enim
2616 2829 2817 2882 Christi
2877 2825 2965 2877 Dei
3011 2821 3184 2874 nostri
3238 2819 3339 2872 title
3391 2815 3577 2869 donati
3625 2816 3846 2865 luerunt
3889 2848 3902 2871 ,
3935 2807 4018 2876 qui

2441 2924 2705 2974 illustrem
2739 2920 2805 2971 dc
2843 2917 3094 2982 hosribqs
3123 2914 3250 2980 ipSts
3280 2911 3562 2963 victoriam
3595 2908 4014 2975 deportarunt.»

2443 3014 2706 3083 Sequitur
2746 3021 2931 3080 postea
2966 3010 3020 3063 S.
3046 3010 3278 3062 Andrem-
3315 3003 3608 3059 confessio,
3648 3001 3934 3051 cruciatus
3974 2995 4020 3046 in

2441 3108 2606 3178 ignito
2649 3112 2788 3157 let-l0
2832 3118 3002 3164 amco,
3060 3101 3329 3153 sociorum
3393 3095 3624 3146 militum
3657 3088 4020 3156 supplicium,

2447 3212 2569 3253 etc.
2590 3240 2603 3259 ,
2635 3197 2834 3265 quibus
2861 3196 3084 3246 tandem
3121 3208 3244 3243 cum
3290 3186 3466 3255 ipsius
3494 3196 3606 3236 tum
3629 3179 3869 3234 militum
3901 3179 4022 3236 sub-

2450 3294 2599 3345 ditur
2624 3291 2944 3359 baptismus,
2981 3283 3425 3354 quemdicuntur
3447 3278 3762 3342 suscepisse.
3809 3290 3837 3325 a
3873 3272 4023 3323 Petro

2449 3385 2597 3438 urbis
2641 3382 2925 3435 Tarsensis
2986 3382 3262 3446 epist-Opo,
3309 3383 3592 3440 postquam
3633 3383 3699 3417 eo
3748 3366 3892 3417 clam
3923 3364 4027 3414 dis-

2448 3476 2764 3528 cessissent.
2805 3471 2911 3522 Nos
2939 3468 3155 3520 interim
3204 3480 3266 3515 cx
3294 3461 3456 3515 dictis
3521 3458 3931 3512 concludimus,
3977 3453 4027 3503 in

2449 3564 2760 3639 huiusmodi
2792 3565 3054 3614 Actorum
3085 3557 3310 3611 historia
3345 3571 3453 3608 non
3492 3564 3597 3607 tam
3633 3555 3890 3603 relucere
3922 3548 4026 3599 sin-

2448 3649 2633 3714 ceram
2684 3657 3075 3714 narrationem,
3138 3665 3299 3717 quam
3347 3647 3576 3702 Graeculi
3621 3642 4026 3701 scribillatoris,

2448 3748 2924 3819 quisquisdcmum
2961 3745 3048 3796 ille
3074 3743 3254 3803 fuerit,
3277 3739 3724 3808 compositionem
3760 3754 3774 3789 :

2447 3844 2861 3897 Conﬁrmalntur
2892 3856 2956 3893 ex
2988 3839 3106 3891 aliis
3133 3835 3457 3903 quihusdam
3489 3831 3883 3889 incommodis,
3915 3842 4029 3891 qua:

2449 3937 2675 3988 inferius
2708 3939 3104 3998 proponentur.
3147 3927 3279 3979 Vide
3316 3928 3605 3976 Atlnotata.

2519 4022 3205 4079 9.Nutnerussanctornm
3249 4027 3543 4086 martyrum
3615 4029 3724 4066 non
3805 4012 4034 4081 ponitur

2449 4117 2640 4170 eodem
2697 4116 2858 4166 tnodo
2896 4110 3036 4180 apud
3087 4109 3306 4161 Grave-os
3339 4123 3401 4160 ac
3452 4107 3687 4160 Latinos.
3725 4104 3789 4157 Hi
3834 4107 4034 4173 quippe

2449 4210 2720 4262 exstitisse
2748 4207 2869 4258 illos
2916 4213 3223 4256 memorant
3260 4202 3341 4254 bis
3395 4200 3537 4252 nnlle
3571 4197 3905 4266 quingentos
3938 4213 4034 4248 uo-

2451 4300 2670 4368 naginta
2706 4309 2937 4364 septem,
2979 4311 3042 4347 ex
3084 4294 3380 4361 praemissis
3409 4305 3566 4356 supra
3601 4304 3758 4341 num.
3803 4289 3857 4347 5,
3902 4286 4037 4337 Mar-

2452 4392 2772 4462 tyrologium
2837 4388 3142 4438 Romanum
3204 4402 3311 4436 non
3346 4386 3520 4451 signat
3578 4393 3925 4431 numerum:
3986 4378 4034 4430 in

2453 4484 2608 4552 cujus
2640 4482 3094 4534 determinatione
3159 4474 3305 4529 Fasti
3355 4473 3548 4531 Graeci,
3605 4487 3761 4525 num.
3812 4475 3829 4526 1
3892 4471 4037 4526 citati

3816 3736 3867 3788 id
3890 3734 4026 3801 quod

773 4596 904 4652 illud
936 4603 1018 4647 est
1065 4590 1292 4647 iudicio,
1319 4588 1464 4654 quod
1496 4586 1548 4637 in
1583 4585 1853 4652 principio
1883 4584 2098 4634 illorqu
2149 4583 2339 4633 dican-
2376 4578 2420 4633 D
2455 4578 2566 4630 fere
2600 4591 2720 4626 cum
2749 4573 2955 4626 Latinis
2985 4570 3224 4638 antiquis
3251 4567 3621 4623 consentiunt.
3661 4564 3794 4617 Acta
3829 4565 4036 4615 nullum

774 4698 866 4741 tur
889 4688 1021 4739 ista:
1063 4702 1079 4733 ι
1112 4680 1426 4735 Persecutio
1464 4677 1707 4744 quaedam
1741 4690 1932 4744 magna
1971 4685 2159 4726 contra
2190 4671 2343 4723 Cbri~

782 4781 990 4834 Stianos
1028 4784 1299 4830 commota
1337 4780 1421 4824 est
1446 4812 1458 4824 .
1496 4771 1616 4823 Erat
1656 4779 1900 4836 tempore
1927 4768 2017 4820 illo
2045 4767 2351 4820 Antiochus

776 4871 1018 4943 quidam.
1067 4885 1085 4919 ι
1146 4864 1214 4918 Et
1247 4863 1514 4916 inferius:
1582 4879 1601 4911 ι
1635 4861 2035 4915 Celeberrimos
2082 4871 2289 4930 martyr
2327 4878 2345 4911 ι

777 4977 1003 5022 vocatur
1036 4960 1297 5016 Sanctus.
1342 4954 1531 5007 Postea
1567 4968 1697 5005 vero
1741 4954 2036 5020 sequitur:
2094 4972 2110 5002 ε
2154 4954 2350 5006 Statim

780 5069 984 5118 autem,
1031 5049 1488 5123 quemadmodum
1522 5056 1744 5100 sanctus
1803 5057 2010 5116 martyr
2096 5045 2353 5113 precibus

780 5151 898 5206 suis
931 5147 1326 5216 postulaverat,
1352 5140 1509 5192 locus
1539 5142 1591 5191 in
1632 5153 1792 5204 quem
1847 5136 2190 5192 venerandus
2232 5149 2357 5187 san-

784 5241 906 5312 guis
932 5237 1023 5291 ille
1064 5243 1360 5303 martyrum
1409 5225 1729 5292 deﬂuxerat,
1780 5228 1901 5279 fons
1959 5227 2181 5294 quidam
2224 5221 2358 5276 clie-

783 5336 910 5389 ctua
956 5340 1060 5391 est,
1116 5326 1532 5396 omnigenarum
1582 5323 2005 5389 :cgrotatiouum
2065 5320 2356 5372 sanitatem

785 5425 1039 5482 aﬂ’crens,
1073 5423 1170 5491 qui
1212 5416 1334 5472 tons
1382 5417 1448 5470 ad
1489 5415 1809 5468 hodiernum
1849 5430 2020 5483 usque
2041 5412 2186 5468 diem
2236 5426 2356 5482 gra-

787 5521 876 5577 tiis
905 5515 1201 5571 redundat.
1241 5532 1260 5564 ι
1290 5515 1373 5567 An
1407 5510 1495 5563 illa
1529 5509 1738 5563 auctori
1804 5508 2115 5578 synchrono
2155 5521 2358 5561 conve-

789 5609 997 5668 niunt?
1027 5605 1302 5669 Secundo,
1361 5602 1536 5658 oratio
1575 5602 1632 5657 S.
1676 5600 1926 5660 Andri-:3.
1971 5601 2023 5653 in
2057 5617 2163 5670 qua
2182 5599 2355 5654 dicit:

791 5719 813 5757 ι
851 5704 1077 5759 Domine
1112 5697 1285 5752 Deus.
1315 5734 1329 5749 .
1380 5695 1563 5766 accipe
1596 5695 1698 5748 mei
1728 5693 2030 5764 peccatoris
2051 5730 2066 5745 .
2088 5731 2101 5746 .
2145 5707 2357 5761 preces,

786 5809 1081 5871 eorumque
1111 5792 1355 5843 outnium
1395 5788 1490 5858 qui
1525 5803 1737 5841 mecum
1785 5795 1916 5843 sunt
1953 5825 1966 5841 .
1992 5828 2004 5842 .
2069 5787 2359 5840 omnibus-

781 5903 893 5953 que
937 5888 1021 5941 his
1049 5884 1141 5954 qui
1165 5881 1506 5940 necessitatis
1540 5890 1781 5952 tempore
1811 5890 2016 5946 nostra,
2042 5880 2135 5949 qui
2171 5893 2362 5935 sumus

2458 4670 2673 4737 quidem
2703 4668 2863 4718 etiam
2898 4677 3178 4716 numerum
3237 4661 3633 4712 determinant:
3662 4658 3754 4708 sed
3815 4670 4040 4725 magnus

2456 4764 2619 4817 fuerit
2645 4773 2867 4812 necesse
2896 4768 2997 4818 cst,
3024 4769 3146 4807 cum
3191 4753 3467 4819 ingentem
3543 4749 3832 4803 Persarum
3902 4749 4040 4801 mul-

2456 4857 2737 4909 titttdincm
2782 4849 3085 4906 debellarit.
3123 4860 3176 4900 et
3240 4866 3258 4898 ι
3297 4846 3538 4898 Andreas
3588 4855 3710 4895 Cum
3765 4850 3876 4891 tota
3949 4853 4040 4891 sua

2457 4949 2651 5001 fortiet
2687 4962 2713 4995 a
2738 4945 2845 4994 Deo
2876 4944 3040 4994 electa
3065 4939 3355 5007 phalange.
3395 4955 3412 4986 ι
3449 4935 3519 4986 uti
3556 4934 3859 4997 loquuntur
3890 4933 4039 4993 Acta,

2458 5038 2778 5107 martyrium
2812 5036 2882 5090 sit
2911 5040 3243 5088 consecutus
3277 5045 3291 5094 ;
3327 5025 3571 5093 quamvis
3602 5044 3618 5074 ι
3659 5024 3812 5076 illum
3847 5022 4041 5074 milites

2459 5137 2548 5206 qui
2579 5151 2644 5188 ex
2679 5132 2744 5185 iis
2775 5131 2862 5200 qui
2897 5145 3020 5182 cum
3058 5129 3176 5194 ipso
3210 5125 3462 5176 fuerant:
3502 5120 3645 5185 apud
3707 5115 4040 5168 Antiochum

2458 5223 2958 5292 detulerunt,quod
2993 5221 3162 5272 Deum
3200 5253 3236 5267 ..
3259 5212 3611 5267 conﬁteretur
3642 5220 3697 5263 et
3721 5209 4040 5268 celebraret,

2461 5325 2517 5377 in
2589 5335 2752 5372 cruce
2811 5316 3035 5370 sufﬁxus
3088 5308 3290 5363 fuerat.
3350 5327 3368 5360 ι
3436 5305 3635 5359 Verum
3709 5316 3821 5367 quo
3892 5310 4043 5369 pacto

2462 5426 2652 5473 tantus
2696 5413 2934 5466 cohmret
2963 5419 3226 5461 numerus
3287 5418 3410 5458 cum
3437 5395 3696 5454 Eusebio,
3717 5393 3812 5459 qui
3871 5390 4043 5444 Eccle-

2462 5510 2689 5564 siasticie
2713 5505 3016 5559 llisioriwa
3047 5497 3261 5551 Valesio
3291 5494 3450 5548 edita:
3499 5487 3600 5540 lib.
3647 5500 3769 5547 vui,
3819 5500 3945 5552 cap.
3998 5480 4042 5540 4,

2463 5619 2586 5673 pag.
2615 5601 2742 5663 296,
2770 5602 2884 5653 haec
2941 5597 3106 5648 refert
3143 5607 3158 5644 :
3196 5607 3213 5639 ε
3249 5589 3537 5654 PoStquam
3572 5617 3610 5632 ..
3672 5579 3782 5632 dux
3825 5568 4043 5628 Romani

2463 5698 2736 5752 exercitus
2761 5692 2947 5747 nescio
3004 5687 3127 5757 quis
3187 5684 3452 5755 (intellige
3509 5676 3907 5732 Maximianum
3951 5668 4045 5721 6³-

2465 5787 2683 5857 lerium)
2738 5783 3082 5840 Christianos
3140 5777 3346 5830 milites
3412 5768 3668 5841 persequi
3734 5773 4043 5833 aggressus.

2466 5899 2585 5944 eos,
2617 5879 2797 5947 quiin
2827 5873 3072 5929 exercitu
3125 5869 3432 5931 merebant,
3491 5862 3732 5916 lustrare
3799 5851 4044 5922 coepisset
