4158 6540
151 492 255 553 593

1447 495 1625 555 VlTA
1669 494 1728 554 S.
1772 492 2131 552 ANDRE/E.

3308 485 3418 548 59b

144 624 207 663 ac
270 624 595 672 recensere,
654 617 708 663 et
777 608 1105 665 Christianis
1172 611 1402 665 liberam
1492 609 1728 681 eligendi
1759 615 1804 671 Α
1832 624 2035 662 annum
2053 606 2254 661 Christi
2284 607 2406 669 501,
2434 621 2589 660 ηυιη.
2622 606 2671 668 l,
2697 604 3096 661 Diocletianum
3123 606 3419 675 imperato-

145 710 486 768 potestatcm
543 701 781 765 fecisset,
837 710 898 756 ut
956 701 1040 756 vel
1087 703 1479 772 imperatorum
1560 703 1731 771 jussis

144 792 597 860 obtemperantes
633 793 853 847 honoris
871 792 952 847 sui
984 794 1209 861 gradum
1264 798 1567 847 retinerent
1598 834 1610 855 ,
1647 793 1731 847 vel

143 887 188 941 li
222 902 423 955 parere
455 888 679 949 nollent,
704 887 911 941 honore
933 888 1135 940 militi:e
1168 888 1505 941 nudarentur
1536 904 1549 951 ;
1578 901 1731 939 eom-

146 978 339 1048 plures
374 979 524 1048 regni
566 978 694 1033 Jesu
751 979 946 1032 Christi
1008 980 1227 1042 milites,
1288 980 1527 1032 nominis
1588 980 1732 1032 illius

144 1068 551 1123 confessionem
584 1072 830 1125 steculari
861 1071 1045 1138 gloriae
1073 1086 1135 1123 ac
1167 1071 1428 1130 felicitati,
1452 1087 1554 1136 qua
1584 1071 1732 1127 frue-

146 1162 373 1217 bantur.
412 1163 617 1231 absque
656 1163 756 1213 ulla
805 1164 1157 1215 cunctatione
1215 1164 1588 1230 praetulerunt.
1652 1163 1731 1217 Ex

146 1255 350 1321 quibus
403 1256 559 1323 pauci
620 1253 1006 1322 admodnmtin
1038 1254 1332 1307 Grazeo‘cst
1363 1250 1443 1316 εἷς
1472 1272 1574 1305 που
1632 1256 1727 1308 καὶ

168 1345 452 1413 δεύτερος.
483 1347 532 1400 id
561 1356 661 1407 est,
695 1362 834 1399 unus
853 1356 907 1399 et
935 1349 1107 1411 alter)
1148 1361 1254 1399 non
1280 1348 1440 1399 modo
1493 1347 1730 1414 dignita-

148 1446 282 1495 tem,
321 1453 510 1490 verum
542 1438 705 1489 etiam
745 1440 905 1489 vitam
939 1438 1190 1490 amittere
1256 1453 1355 1504 pro
1409 1438 1730 1491 defensione

144 1528 374 1595 pietatis
404 1530 819 1582 sustinuerunt:
852 1543 973 1581 cum
1011 1529 1056 1581 is
1088 1529 1179 1595 qui
1245 1529 1491 1599 religioni
1531 1538 1730 1583 nostra)

146 1618 399 1671 struehat
439 1620 685 1680 insidias,
720 1636 882 1688 parce
914 1621 1089 1673 adhuc
1114 1628 1168 1672 et
1238 1635 1363 1672 raro
1412 1622 1729 1690 sanguinem

145 1712 515 1780 quorumdam
550 1713 787 1766 fundere
834 1711 1078 1764 auderet.
1113 1712 1313 1764 Verum
1364 1712 1454 1765 ubi
1483 1713 1732 1781 apertius

144 1817 205 1857 se
234 1803 303 1855 ad
343 1803 546 1855 bellum
611 1802 870 1865 accinxit,
924 1801 1029 1854 dici
1088 1816 1197 1855 non
1257 1811 1456 1870 potest,
1499 1810 1629 1871 quot
1680 1810 1733 1854 et

146 1904 389 1962 quantos
419 1893 621 1947 Christi
656 1903 921 1961 martyres
978 1894 1030 1945 in
1074 1895 1334 1946 omnibus
1399 1893 1531 1947 locis
1569 1901 1731 1959 atque

148 1989 383 2043 urbibus
417 1985 616 2053 passim
682 2001 911 2039 cernere
953 1986 1189 2049 licuerit,
1231 2005 1248 2036 ι
1280 1995 1403 2053 post
1465 1985 1733 2039 famosum

150 2084 409 2136 videlicet
443 2081 685 2134 edictum
719 2092 906 2135 contra
939 2082 1198 2134 ecclesias
1258 2083 1596 2149 propositum
1643 2081 1734 2132 Ni-

146 2173 437 2229 comediae.
466 2174 532 2226 tle
562 2189 673 2241 quo
732 2191 849 2241 cap.
886 2174 917 2227 5
951 2173 1197 2225 meminit
1252 2174 1396 2226 idem
1444 2164 1730 2226 Eusebius.

221 2267 311 2321 10.
368 2266 427 2319 Si
484 2266 667 2333 itaque
716 2268 955 2336 pugilum
1028 2276 1345 2319 nostrorum
1418 2267 1731 2335 martyrium

144 2357 375 2412 dillerre
435 2358 620 2414 liceret
702 2367 863 2427 atque
938 2356 1003 2410 ad
1070 2357 1216 2409 illam
1301 2355 1734 2409 crudelissimam

147 2448 613 2517 persecutionem,
636 2466 739 2517 qua
767 2450 819 2500 in
858 2464 1017 2502 ornue
1063 2463 1234 2516 genus
1260 2448 1537 2501 hominum
1589 2466 1616 2501 a
1646 2457 1736 2515 ty-

151 2537 346 2586 rannis
374 2536 625 2587 sasvilum
654 2545 758 2596 est,
787 2543 964 2586 textus
995 2535 1208 2587 Eusebii
1238 2550 1345 2587 non
1365 2546 1575 2589 crearet
1598 2536 1737 2590 ditii-

146 2622 414 2674 cultatem
444 2638 460 2682 ;
494 2622 585 2674 sed
616 2637 739 2674 cum
764 2637 829 2673 co
860 2638 1030 2690 usque
1052 2639 1159 2675 non
1190 2624 1436 2677 videatur
1477 2626 1739 2679 dill'eren-

148 2712 306 2773 dum,
346 2714 542 2764 saltem
612 2714 1103 2777 serundumActa,
1164 2726 1325 2785 prout
1355 2716 1605 2771 videlicet
1674 2733 1737 2771 ea

144 2816 301 2855 nunc
340 2811 564 2855 exstant
599 2820 611 2867 ;
640 2819 749 2861 non
780 2805 1078 2859 videamus.
1103 2822 1211 2873 quo
1243 2819 1398 2875 pacto
1430 2808 1560 2861 satis
1586 2822 1737 2861 com-

145 2893 314 2946 mode
341 2894 410 2947 ad
441 2896 600 2949 verba
631 2896 846 2949 Eusebii
891 2896 1205 2965 responderi
1239 2908 1426 2964 queat.
1470 2898 1738 2965 Diximus,

145 2990 346 3040 saltem
382 2989 687 3040 secundum
712 2988 841 3040 Acta
873 2996 1003 3049 etc.,
1036 3004 1154 3055 quae
1194 2988 1251 3042 S.
1300 2989 1530 3043 Andreae
1551 3005 1613 3043 ac
1645 3006 1737 3043 so-

142 3076 364 3128 ciorum
430 3078 663 3128 militum
718 3076 921 3129 credent
980 3086 1202 3131 narrant
1294 3079 1555 3134 accidisse
1615 3089 1738 3149 post

144 3164 358 3217 bellum
396 3163 674 3218 Persicum
712 3182 726 3229 ;
784 3168 1195 3222 circumstantia
1227 3186 1356 3223 vero
1388 3171 1472 3223 illa
1502 3170 1737 3227 fortasse

144 3254 367 3323 adjecta
394 3254 498 3308 fuit
536 3274 565 3308 ιι
606 3271 716 3309 non
749 3258 879 3311 satis
910 3269 1066 3312 cauto
1092 3269 1416 3312 exornatore
1446 3260 1730 3320 Actorum.

144 3362 273 3416 quae
300 3348 526 3402 aliunde
564 3366 674 3404 non
715 3361 841 3405 sunt
874 3367 1076 3422 magnae
1107 3353 1399 3409 admodum
1440 3356 1734 3409 anctorita-
1763 3323 1807 3381 θ

146 3442 238 3496 ῆς.
299 3442 582 3510 Quidquid
637 3446 730 3506 sit,
801 3461 901 3498 nos
963 3447 1231 3514 ingentem
1270 3447 1418 3501 illum
1468 3448 1736 3501 sociorum

145 3543 455 3599 martyrum
490 3546 800 3593 numerum,
839 3535 890 3584 in
924 3534 1128 3587 Graecis
1162 3538 1361 3602 pariter
1406 3552 1471 3590 ac
1528 3538 1737 3591 Latinis

146 3620 328 3676 Fastis
393 3625 802 3693 consignatum,
852 3627 1211 3696 relinquimus
1246 3629 1297 3681 in
1368 3630 1589 3699 antiqua
1642 3645 1737 3683 sua

147 3718 530 3787 possessione,
564 3721 633 3773 ita
663 3733 842 3775 tamen
871 3733 948 3783 ut,
974 3723 1408 3793 Martyrologium
1432 3725 1737 3781 Romanum

145 3814 349 3874 secuti,
389 3828 516 3865 eum
583 3813 635 3866 in
686 3813 844 3866 titulo
903 3825 1031 3868 ante
1065 3814 1209 3870 hunc
1268 3816 1735 3872 Commentarium

147 3918 409 3957 noswum
446 3920 552 3956 non
584 3906 1152 3961 determinaverimus.
1203 3908 1355 3961 Nunc
1418 3926 1446 3961 a
1510 3927 1741 3976 numero

150 4006 466 4064 martyrum
500 4011 787 4064 pergamus
820 3998 885 4050 ad
925 4008 1138 4065 tempus
1173 3999 1436 4067 martyrii.

887 4086 1006 4157 δη.

528 4179 751 4248 Tempus
790 4181 1043 4250 martyrii
1080 4198 1385 4251 expensum.

229 4293 247 4324 ι
287 4274 558 4335 Cursum,
592 4274 844 4342 inquiunt
875 4275 1027 4340 Acta,
1082 4279 1319 4349 martyrii
1352 4281 1434 4333 sui
1489 4282 1743 4335 beatissi—

149 4379 276 4417 mus
310 4362 567 4416 Andreas
598 4378 720 4414 cum
747 4373 854 4415 tota
906 4380 998 4418 sua
1058 4364 1183 4419 forti
1217 4377 1270 4420 et
1333 4384 1362 4420 a
1400 4370 1507 4421 Deo
1570 4372 1742 4426 elei-ta

151 4455 435 4524 phalange
462 4453 689 4521 perfecit
722 4453 934 4507 decimo
960 4469 1105 4508 nono
1130 4456 1216 4510 die
1251 4461 1454 4513 mensis
1480 4461 1737 4530 Augusti,

149 4546 242 4599 die
275 4545 589 4595 Dominico.
631 4562 648 4591 ι
683 4543 880 4595 Littera
934 4543 997 4604 G,
1031 4561 1149 4613 quae
1194 4546 1280 4601 hic
1311 4559 1396 4603 est
1438 4550 1615 4604 littera
1636 4552 1740 4605 dici

1840 716 1953 753 rem
1986 715 2109 753 cum
2137 714 2237 753 suo
2269 699 2473 769 collega
2502 696 2829 751 Maximiano
2861 707 2991 752 tunc
3050 696 3417 767 triumphasse

1837 795 1903 848 de
1944 791 2124 846 Persis
2187 790 2417 843 allirmat
2452 804 2467 852 ;
2501 797 2555 843 et
2610 788 2809 843 ibidem
2873 803 3023 841 num.
3070 789 3126 842 2.
3169 805 3188 839 ι
3230 786 3417 852 Porro,

1837 883 1933 945 ait,
1972 881 2166 935 enituit
2194 880 2247 933 in
2276 880 2419 933 bello
2452 878 2670 934 Persico
2721 878 2923 933 eximia
2962 880 3131 935 virtus
3190 879 3419 932 Andrea

1840 973 2049 1027 tribuni
2084 971 2339 1037 militum,
2381 989 2399 1019 ι
2431 979 2539 1024 etc.

1912 1106 1993 1160 ll.
2027 1106 2130 1161 Sed
2153 1106 2346 1178 Pagius
2386 1107 2450 1159 ad
2482 1106 2684 1159 dictum
2717 1120 2945 1167 annum,
2990 1120 3144 1159 num.
3174 1105 3230 1168 ἓ,
3268 1103 3413 1158 illum

1837 1200 2171 1268 triumphum
2221 1200 2556 1252 celebratum
2598 1199 2830 1251 allirmat
2867 1216 2884 1247 ι
2919 1213 3064 1251 anno
3115 1198 3222 1251 505
3262 1216 3281 1249 ι
3308 1211 3417 1266 quo

1836 1290 2151 1345 Lactantius
2172 1290 2269 1343 lib.
2312 1290 2385 1344 De
2414 1290 2663 1342 mortibus
2692 1298 3104 1357 persecutorum,
3163 1304 3283 1358 cap.
3324 1287 3418 1351 l7,

1835 1383 2227 1436 Diocletianum
2262 1382 2447 1436 Romae
2474 1381 2787 1436 Vicennalia
2859 1380 3166 1435 celebrasse
3227 1379 3416 1434 tradit.

1834 1471 1969 1525 Nam
2008 1489 2132 1526 rum
2160 1472 2471 1541 triumphus
2512 1472 2598 1525 ille
2655 1470 2841 1525 Romae
2887 1471 3168 1525 exhibitus
3228 1469 3416 1540 fuerit,

1834 1575 1891 1616 ut
1928 1564 2194 1617 Eusebius
2222 1564 2274 1617 in
2312 1563 2607 1625 Chronico,
2644 1562 2938 1631 Eutropius
2971 1572 3024 1617 ct
3057 1562 3421 1617 Cassiodorus

1834 1665 2125 1717 testantur,
2200 1664 2254 1708 et
2323 1664 2451 1708 ante
2502 1670 2705 1708 annum
2758 1654 2861 1706 505
2919 1664 3040 1723 post
3134 1653 3419 1707 victoriam

1835 1744 2105 1797 Persicam
2136 1745 2502 1799 Diocletianus
2534 1743 2719 1797 Romae
2746 1760 2851 1798 non
2914 1744 3099 1809 fuerit,
3153 1743 3326 1813 liquet
3354 1758 3421 1798 eo

1835 1851 1981 1889 anno
2013 1839 2349 1905 triumphum
2375 1840 2518 1892 hunc
2540 1850 2720 1892 actum
2751 1855 2892 1893 esse.
2928 1837 3196 1892 Praterea
3226 1837 3420 1893 trium-

1770 1978 1807 2030 Β
1840 1928 1978 1996 phos
2011 1943 2134 1981 cum
2172 1928 2556 1983 Vicennalihns
2581 1940 2635 1984 et
2675 1932 2726 1983 id
2759 1947 2932 2000 genus
2958 1930 3115 1984 festis
3173 1931 3242 1984 de
3271 1944 3422 1985 more

1839 2020 2105 2085 exhibitas
2124 2018 2311 2086 fuisse.
2330 2036 2580 2090 saepeque
2599 2022 2794 2075 dilatos
2813 2037 2920 2074 non
2941 2022 3110 2075 semel
3126 2020 3423 2076 insinuavi.

1836 2108 2015 2174 Quare
2046 2111 2173 2163 licet
2204 2128 2304 2180 pax
2355 2113 2498 2166 inter
2548 2112 2821 2166 Romanos
2868 2123 2921 2167 ct
2946 2111 3139 2168 Persas
3197 2113 3310 2181 jam
3354 2113 3423 2167 ab

1837 2216 1983 2255 anno
2011 2202 2112 2256 ‘297
2165 2205 2374 2257 sancita
2458 2203 2669 2267 fuisset,
2736 2215 2915 2258 tamen
2991 2203 3302 2273 triumphus
3353 2208 3422 2259 de

1840 2292 2020 2347 Persis
2054 2310 2199 2347 anno
2224 2304 2430 2349 tantum
2464 2297 2568 2351 505
2596 2307 2772 2350 aetus.
2800 2296 2888 2360 Et,
2926 2296 3207 2351 nonnullis
3245 2297 3419 2352 inter-

1835 2384 2020 2451 jeetis,
2084 2390 2148 2437 ad
2210 2386 2337 2437 anni
2396 2386 2495 2439 501
2548 2402 2836 2440 numerum
2894 2386 3422 2455 2,quoseBaronio

1840 2476 2095 2537 citabam,
2148 2486 2203 2529 et
2255 2490 2409 2545 seqq.
2467 2477 2720 2530 observat
2779 2477 2917 2530 ista:
2949 2496 2965 2527 t
3008 2477 3417 2533 Diocletianus..

1840 2564 2051 2618 nullum
2092 2566 2195 2619 hoc
2224 2580 2371 2618 anno
2439 2566 2506 2620 de
2567 2571 2945 2636 persecutione
2984 2566 3418 2621 Christianorum

1844 2656 2210 2725 promulgavit
2238 2658 2499 2723 edictum,
2527 2659 2621 2713 sed
2655 2667 2864 2711 tantum
2893 2660 2945 2711 in
3012 2658 3214 2712 milites
3261 2660 3419 2713 saevi-

1845 2758 1981 2802 tum.
2014 2748 2194 2815 Quare
2226 2764 2516 2820 martyres,
2578 2750 2645 2804 de
2697 2752 2897 2820 quibus
2948 2751 3234 2813 Barouius,
3292 2760 3421 2807 ante

1841 2857 2043 2895 annum
2100 2843 2202 2897 505
2257 2844 2398 2913 passi
2458 2859 2567 2897 non
2617 2852 2765 2899 sunt.
2805 2862 2823 2894 ι
2856 2842 2959 2897 Alii
3020 2855 3285 2915 martyres
3331 2842 3419 2898 isti

1843 2933 1948 2987 huc
1981 2951 2087 2988 non
2113 2946 2379 3005 spectant,
2407 2937 2500 2990 sed
2539 2935 2597 2988 L.
2630 2935 2880 2990 Andreas
2911 2952 3032 2989 cum
3096 2939 3207 2990 suis
3273 2935 3419 2989 titill-

1841 3026 2007 3085 tibus,
2039 3040 2270 3092 quorum
2304 3025 2621 3095 martyrium
2651 3040 2714 3079 ex
2737 3027 2846 3095 jam
2887 3024 3045 3078 dictis
3104 3022 3245 3092 apud
3316 3021 3422 3077 Ba-

1839 3118 2081 3183 ronium,
2112 3133 2175 3172 ac
2206 3118 2457 3172 criticum
2505 3118 2648 3187 ejus,
2710 3127 3149 3171 consummatum
3182 3116 3423 3171 sitanno

1839 3209 1963 3264 501.

1911 3344 1995 3395 12.
2036 3342 2140 3397 Sed
2166 3358 2272 3411 quo
2302 3343 2486 3402 minus
2507 3359 2696 3397 eorum
2746 3343 3144 3414 adstipulemur
3202 3353 3427 3403 semen.

1842 3432 1949 3494 tiae,
1973 3433 2226 3489 obstatl°
2255 3450 2269 3485 :
2302 3432 2409 3487 Pax
2442 3434 2584 3488 inter
2611 3435 2886 3490 Romanos
2917 3447 2971 3491 et
3008 3437 3200 3495 Persas
3219 3439 3329 3507 jam
3354 3440 3422 3495 ab

1842 3543 1985 3579 anno
2007 3527 2110 3581 297
2139 3526 2348 3580 saneita
2370 3526 2569 3592 fuerat,
2606 3531 2685 3582 uti
2710 3528 2871 3583 modo
2902 3529 3176 3584 fatebatur
3205 3529 3421 3601 Pagius,

1841 3621 2020 3674 Persis
2081 3625 2339 3677 videlicet
2367 3641 2396 3679 a
2451 3625 2667 3681 Galerio
2720 3627 2937 3683 Caesare
2976 3636 3109 3682 tunc
3141 3628 3318 3693 victis,
3355 3644 3424 3684 ex

1840 3716 2033 3771 eodem
2065 3726 2289 3770 auctore
2320 3716 2387 3769 ad
2408 3717 2571 3772 istum
2615 3734 2819 3771 annum
2875 3734 3030 3773 num.
3084 3717 3117 3772 ϐ
3144 3728 3200 3773 et
3231 3720 3282 3774 7.
3314 3718 3425 3775 Cur

1842 3828 1972 3881 ergo
1994 3822 2307 3865 sanctorum
2336 3819 2649 3864 nostrorum
2676 3810 2909 3865 militum
2940 3811 3259 3883 martyrium
3311 3812 3412 3867 dif-

1845 3904 1971 3955 ferri
2006 3905 2198 3957 debeat
2224 3904 2291 3956 ad
2348 3919 2551 3955 annum
2605 3903 2807 3957 Christi
2863 3904 3015 3959 5M?
3066 3906 3177 3959 Cur
3232 3903 3423 3975 Pagius

1844 3997 2141 4050 secundum
2208 4012 2303 4049 sua
2360 3994 2649 4065 principia'
2691 3996 2821 4049 illud
2884 4012 2992 4050 non
3043 3998 3198 4065 ponit
3241 3997 3425 4061 citius.

1846 4106 1967 4143 cum
2002 4105 2145 4142 anno
2167 4090 2271 4143 298
2304 4090 2535 4142 militum
2602 4090 3045 4157 persecutionem
3096 4089 3295 4159 alligat,
3344 4090 3428 4144 di-

1845 4198 1975 4235 cens
1999 4186 2063 4233 ad
2089 4180 2343 4233 eumdem
2369 4196 2571 4232 annum
2602 4196 2758 4234 num.
2787 4181 2854 4234 2:
2896 4199 2913 4231 ι
2982 4182 3297 4236 Persecutio
3330 4179 3429 4235 ad-

1836 4290 2037 4339 ,versus
2071 4274 2270 4327 milites
2306 4275 2407 4326 hoc
2442 4289 2588 4325 anno
2621 4273 2898 4337 inchoata,
2965 4282 3024 4327 ut
3064 4284 3211 4329 recte
3265 4273 3431 4331 Pros-

1848 4385 1946 4436 per
1971 4368 2023 4420 in
2057 4367 2348 4421 Chronico.
2372 4367 2524 4420 Sicut
2554 4366 2721 4435 igitur
2736 4368 3044 4435 persecutio
3080 4367 3348 4437 generalis
3374 4367 3429 4422 in

1850 4459 1982 4527 ipsis
2009 4459 2291 4525 utriusque
2328 4457 2551 4527 Augusti
2576 4458 2780 4525 (sermo
2817 4458 2993 4511 estde
3018 4455 3357 4513 Diocletiano
3374 4466 3430 4514 et

1851 4548 2175 4601 Maximiano
2203 4545 2476 4609 Herculio)
2507 4546 2897 4601 Vicenualibus
2963 4549 3165 4615 C(Bpil;
3233 4547 3314 4600 sic
3373 4555 3433 4600 et

149 4633 222 4686 19
246 4632 505 4701 Augusti,
540 4646 647 4682 non
678 4630 952 4684 invenitur
980 4645 1232 4703 tanquam
1267 4640 1442 4692 littera
1477 4642 1746 4693 .Domini-
1774 4674 1829 4732 Β
1855 4642 1970 4709 ejus
1991 4640 2232 4709 quaedam
2289 4640 2530 4695 velitatio
2572 4639 2625 4692 in
2681 4638 2966 4706 utriusque
3017 4636 3472 4702 Quindecenna-‘

149 4727 291 4781 calis
323 4725 541 4793 signata
587 4723 652 4776 ad
705 4734 950 4778 nostrum
1010 4728 1370 4797 propositum,
1426 4733 1529 4785 nisi
1599 4750 1745 4787 anno

148 4818 263 4874 294
297 4830 355 4873 et
383 4818 495 4872 505
525 4836 539 4883 ;
579 4818 720 4872 unde
777 4834 1120 4888 consequens
1151 4832 1252 4883 est,
1323 4832 1380 4876 ut
1439 4827 1742 4880 secundum

152 4914 294 4965 Arta
327 4911 537 4963 innecti
567 4911 761 4963 debeat
791 4913 1108 4981 martyrium
1146 4915 1274 4968 illud
1305 4932 1447 4970 anno
1463 4918 1739 4973 alterutri.

149 5005 211 5061 Si
241 5014 436 5059 autem
492 5018 637 5056 anno
667 5003 769 5058 503
820 5003 869 5058 id
895 5004 1098 5075 alligas,
1155 5012 1513 5079 satagendum
1539 5023 1644 5077 est,
1691 5023 1748 5068 ut

151 5097 344 5151 dictus
367 5110 555 5148 annus
582 5108 939 5166 componatur
970 5114 1092 5151 cum
1119 5103 1301 5157 modo.
1333 5121 1442 5173 quo
1469 5106 1749 5161 Maximia-

152 5202 267 5240 nus
309 5198 586 5255 martyres
640 5191 859 5242 tractari
894 5190 1127 5260 iussisse
1174 5192 1348 5248 fertur
1379 5196 1431 5248 in
1466 5199 1640 5262 Actis,
1696 5208 1751 5253 et

151 5294 287 5333 cum
317 5276 538 5349 reliqua
570 5280 889 5334 eorumdem
935 5282 1196 5338 Actorum
1250 5287 1413 5351 serie,
1450 5291 1611 5345 rebus
1648 5292 1752 5345 ibi-

153 5372 285 5428 dem
330 5373 407 5425 ita
431 5372 724 5441 expositis,
764 5381 823 5426 ut
850 5372 995 5427 dictu
1056 5375 1274 5433 difﬁcile
1330 5380 1605 5451 videatur,
1662 5400 1754 5439 eas

153 5463 442 5521 accidisse
475 5473 719 5531 tempore
744 5467 1148 5535 persecutionis
1174 5472 1447 5539 generalis
1470 5474 1755 5531 Diocletia-

154 5573 305 5614 πρῖε.
337 5554 524 5612 Adde.
547 5556 691 5621 quod
712 5570 1013 5611 memorent
1034 5561 1299 5616 accidisse
1328 5564 1564 5633 palmam
1613 5584 1757 5621 mar-

154 5651 288 5722 tyrii
318 5648 554 5715 quando
583 5647 921 5703 eratbellum
960 5650 1088 5704 illud
1153 5663 1344 5707 contra
1400 5654 1619 5720 Persas,
1650 5674 1757 5727 quo

151 5758 185 5793 τι
212 5742 271 5794 S.
299 5738 530 5793 Andrea
554 5735 779 5805 ejusque
805 5741 966 5797 sociis
994 5740 1224 5812 insignis
1251 5745 1475 5800 victoria
1506 5749 1670 5803 relata
1690 5750 1757 5805 de

156 5834 302 5901 ipsis
334 5832 446 5887 fuit
483 5847 499 5895 ;
537 5830 682 5885 unde
717 5829 795 5892 fit,
856 5843 913 5887 ut
966 5840 1179 5905 tempus
1246 5838 1492 5908 martyrii
1520 5840 1758 5909 pendeat

154 5943 187 5977 ει
222 5936 487 5992 tempore
521 5923 677 5977 istius
713 5921 839 5977 belli
876 5927 1179 5983 secundum
1200 5926 1355 5985 Acta.
1391 5930 1661 5990 Baronius
1690 5934 1757 5990 ad

1854 4732 2018 4784 libus.
2048 4749 2066 4780 ›
2095 4732 2149 4783 2ο
2187 4746 2199 4781 :
2247 4729 2384 4782 Cum
2426 4731 2604 4784 dicant
2641 4730 2962 4788 Acta,uum.
2988 4728 3023 4782 2
3056 4744 3070 4781 :
3110 4746 3129 4780 t
3167 4726 3433 4797 Tempore

1854 4823 1945 4876 illo
1973 4821 2187 4887 accidit,
2218 4829 2275 4874 ut
2304 4820 2642 4875 Persicarum
2672 4821 2953 4891 copiarum
2999 4836 3125 4891 pars
3179 4820 3432 4890 quaedam

1854 4910 1990 4966 lines
2042 4912 2360 4976 transiliret,
2416 4920 2471 4964 et
2521 4911 2718 4965 bellum
2786 4910 3051 4963 adversus
3100 4909 3429 4962 Antiochum

1855 5005 2184 5068 suscitaret;
2227 5022 2245 5053 ι
2287 5017 2520 5072 cumque
2552 5002 2752 5055 bellum
2783 4999 2915 5055 illud
2963 4998 3019 5053 S.
3086 5000 3315 5056 Andreae
3364 5001 3433 5057 ab

1857 5096 2125 5151 Antiocho
2156 5096 2538 5149 demandatum
2568 5094 2757 5158 fuerit,
2820 5109 2933 5148 non
2967 5093 3154 5163 utique
3176 5107 3241 5146 ex
3272 5092 3433 5148 dictis

1858 5197 1979 5258 post
2008 5204 2211 5241 annum
2234 5187 2362 5252 297,
2392 5202 2499 5256 quo
2539 5204 2558 5236 ι
2600 5200 2707 5255 pax
2738 5185 2883 5239 inter
2909 5184 3188 5237 Romanos
3222 5190 3278 5237 et
3299 5182 3431 5238 Per-

1857 5297 1944 5336 sas
1990 5281 2197 5336 sancita
2230 5298 2248 5344 ;
2286 5298 2304 5330 ι
2337 5279 2598 5349 quidnam
2630 5277 2778 5348 cogit
2842 5276 2987 5331 illius
3042 5291 3109 5331 ac
3157 5276 3429 5331 sociorum

1858 5375 2176 5445 martyrium
2211 5375 2613 5444 procrastinare
2638 5385 2809 5440 usque
2841 5371 2907 5426 ad
2961 5386 3164 5425 annum
3227 5369 3432 5425 Christi

1858 5467 1954 5522 501
1986 5468 2008 5521 ?
2036 5469 2098 5521 5ο
2140 5486 2153 5522 :
2195 5467 2332 5521 Cum
2379 5467 2612 5536 denique
2640 5463 2730 5519 hic
2784 5479 2962 5519 annus
3021 5463 3276 5534 componi
3325 5478 3435 5517 non

1858 5561 2035 5631 possit
2068 5576 2190 5614 eum
2216 5559 2423 5614 ratione
2449 5558 2733 5627 temporis,
2761 5540 2869 5626 quo
2918 5556 3236 5628 martyrium
3285 5556 3433 5609 acci-

1858 5650 2005 5707 disse
2042 5654 2518 5710 memorantActa,
2554 5648 2811 5703 nimirum
2849 5665 2867 5699 ι
2910 5648 3124 5702 decimo
3178 5659 3324 5700 nono
3347 5646 3434 5701 die

1861 5745 2064 5797 mensis
2094 5742 2344 5813 Augusti,
2377 5741 2463 5796 die
2487 5740 2789 5805 Dominico,
2828 5757 2847 5790 ι
2891 5740 3213 5807 sicutsupra
3239 5737 3435 5791 observ

1862 5847 2045 5892 vatum
2073 5846 2195 5901 est;
2228 5834 2422 5890 melius
2465 5832 2683 5902 quidem
2740 5831 2897 5885 nobis
2954 5829 3260 5901 videretur,
3319 5828 3450 5880 beta

1864 5930 1917 5985 in
1970 5929 2072 5984 hoc
2110 5926 2426 5991 defendere,
2481 5932 2535 5981 et
2585 5923 2787 5982 erroris
2810 5937 2921 5979 non
2968 5922 3378 5982 condemnare,
3410 5917 3483 5972 si.
