4158 6480
761 442 873 503 595

2022 444 2307 504 MENSIS
2339 445 2774 507 AUGUSTUS.

3915 446 4011 509 596

764 549 1039 618 probabili
1066 549 1249 617 aliquo
1273 565 1595 621 argumento
1631 568 1696 607 eo
1729 568 1836 608 non
1874 555 2347 623 compelleremur.
2382 562 2426 617 Α
2457 557 2713 627 gentibus
2745 556 2991 610 barbaris
3019 556 3270 620 luctaret,
3307 571 3430 611 cum
3484 556 3572 611 alii
3612 558 3756 611 intra
3790 557 4013 613 laxiores

762 637 861 693 Est
895 649 1079 694 autem
1101 640 1270 694 illud:

834 820 922 876 15.
957 819 1337 873 Theodericus
1379 818 1704 872 Ruinartius
1734 818 1879 871 inter
1937 819 2072 871 Acta
2129 818 2343 871 sincera

764 924 820 969 et
849 913 1049 967 selecta
1082 928 1111 965 a
1146 927 1206 964 se
1231 913 1469 982 vulgata,
1507 928 1627 982 pag.
1659 913 1764 966 509
1793 921 1849 965 et
1888 926 2045 981 seqq.
2086 911 2345 965 editionis

764 1005 972 1075 primae,
1000 1003 1222 1059 exhibet
1271 1005 1406 1059 Acta
1455 1004 1510 1059 S.
1566 1004 1917 1057 Maximiliani
1974 1004 2245 1071 martyris,
2290 1002 2342 1054 in

761 1097 960 1166 quibus
1003 1107 1200 1167 printer
1236 1097 1365 1161 alia,
1418 1112 1563 1151 anno
1594 1096 1801 1149 Christi
1837 1096 1944 1150 295
1972 1092 2170 1164 quarto
2222 1094 2344 1148 ldus

761 1190 940 1243 Martii
970 1206 1095 1244 eum
1163 1191 1498 1259 impellentia
1536 1202 1595 1245 ut
1640 1191 1847 1245 militiae
1898 1207 2100 1245 nomen
2166 1191 2339 1251 daret,

758 1282 1020 1336 dicuntur
1080 1282 1182 1335 ista
1218 1300 1229 1335 :
1287 1301 1304 1333 ι
1344 1282 1746 1337 Maximilianus
1789 1283 2070 1352 respondit
2115 1280 2341 1335 :Militia

724 1368 727 1371 ’
759 1389 878 1428 mea
906 1374 971 1427 ad
1009 1373 1297 1428 Dominum
1334 1391 1516 1431 meum
1548 1386 1652 1431 est.
1694 1373 1811 1429 Non
1866 1390 2088 1445 possum
2145 1375 2343 1429 szeeuio

758 1465 1014 1521 militare.
1046 1464 1164 1521 Jam
1212 1468 1349 1532 dixi,
1411 1469 1759 1523 Christianus
1810 1483 1951 1523 sum.
2011 1467 2156 1522 Dixit
2207 1466 2341 1520 Dion

758 1560 1055 1628 proconsul
1094 1579 1107 1614 :
1144 1561 1199 1614 ln
1234 1577 1395 1617 sacro
1427 1562 1690 1617 comitatu
1751 1562 2098 1616 dominorum
2123 1572 2343 1614 nostro-

758 1667 879 1705 rum
916 1653 1232 1708 Diocletiani
1256 1665 1309 1709 et
1333 1655 1669 1721 Maximiani,
1692 1654 2000 1710 Constantii
2022 1663 2077 1706 et
2102 1652 2338 1712 Maximi.

757 1744 962 1799 milites
1021 1747 1322 1801 Christiani
1390 1757 1521 1821 sunt
1573 1756 1629 1802 et
1669 1747 1928 1800 militant.
1970 1764 1988 1795 ι
2054 1743 2341 1810 Quomodo

756 1836 944 1908 igitur,
977 1838 1022 1892 si
1060 1855 1207 1894 anno
1233 1839 1338 1895 295
1370 1840 1571 1896 milites
1605 1841 1901 1896 Christiani
1938 1839 2145 1893 fuerint
2197 1836 2343 1889 inter

2451 658 2505 701 et
2540 648 2838 717 quietiores
2874 659 3047 702 terras
3072 648 3304 702 delicate
3333 648 3688 717 imperarent.
3730 668 3748 700 I

2521 743 2608 794 Μ.
2638 741 2813 811 Atque
2846 742 2929 795 ha:
2963 751 3091 794 sunt
3142 741 3513 804 diﬂicultates,
3544 756 3669 808 qua:
3722 742 3777 793 in
3812 739 4015 809 ﬁgendo

2450 842 2697 902 tempore
2762 832 3008 902 martyrii
3071 846 3195 885 sese
3242 831 3501 884 olierunt.
3566 832 4013 900 Quandoquidem

2448 940 2578 977 vero
2610 940 2717 977 non
2752 934 2833 977 est
2861 924 2994 976 mihi
3032 935 3339 992 proruptum
3370 923 3581 976 solvere
3614 926 3765 975 hunc
3822 925 4013 977 nodum

2448 1017 2640 1071 saltem
2679 1015 3000 1069 inhaerendo
3026 1016 3200 1079 Actis,
3236 1020 3407 1069 satius
3425 1031 3546 1069 esse
3584 1015 3712 1067 duxi
3768 1015 4012 1069 eumdem

2446 1108 2717 1164 scindere.
2746 1117 2802 1168 et
2834 1116 3147 1160 nostrorum
3180 1104 3428 1176 Pugilum
3467 1108 3791 1176 martyrium
3822 1122 4015 1175 ponere

2444 1214 2567 1252 cum
2598 1199 2748 1251 Actis
2779 1197 2878 1252 sub
2915 1197 3269 1258 Maximiano,
3303 1197 3407 1249 sub
3432 1212 3540 1265 quo
3582 1197 3751 1250 etiam
3797 1197 3926 1249 illud
3953 1198 4014 1250 si-

2444 1298 2571 1357 gnat
2615 1288 3051 1361 Martyrologium
3103 1288 3430 1353 Romanum,
3498 1305 3602 1341 non
3657 1290 4015 1344 detertninato

2444 1381 2688 1449 ejusdem
2730 1382 2973 1449 martyrii
3012 1396 3179 1435 anno.
3234 1381 3352 1434 Dixi
3388 1398 3406 1431 ι
3445 1382 3637 1433 saltem
3704 1382 4014 1436 inhznrendo

2443 1471 2632 1534 Actis;
2685 1490 2703 1522 ο
2737 1487 2863 1525 nam
2901 1472 2943 1525 si
2986 1472 3305 1525 eorumdem
3334 1473 3572 1540 scriptor
3602 1473 3863 1525 habuerit
3898 1484 4013 1527 ante

2443 1580 2500 1619 se
2527 1564 2856 1618 documenta
2918 1564 3157 1618 melioris
3200 1574 3363 1620 noue.
3396 1565 3595 1633 illaque
3655 1566 3727 1618 ita
3765 1566 4017 1619 transfor-

2443 1656 2605 1709 marit
2639 1665 2834 1709 ornatu
2860 1671 2923 1709 ac
2961 1655 3407 1723 interpolatione,
3444 1664 3503 1707 ut
3544 1656 3892 1709 ineammoda
3930 1673 4013 1710 su-

2442 1748 2635 1815 perius
2668 1763 2909 1816 expensa
2942 1748 3009 1801 ad
3060 1748 3216 1801 istam
3262 1762 3482 1800 causam
3533 1752 3643 1799 sint
3688 1746 4012 1812 referenda;

2444 1851 2573 1895 tunc
2603 1858 2710 1895 non
2735 1842 2893 1896 video
2956 1857 3054 1893 cur
3095 1852 3309 1911 tempus
3359 1840 3600 1911 martyrii
3658 1840 3865 1893 innecti
3915 1855 4015 1892 non

754 1941 966 1985 turmas
983 1932 1295 1988 Maximiani
1320 1935 1446 1988 etin
1473 1935 1594 1990 aula
1623 1936 1763 2005 ejus,
1792 1934 2088 2006 quomodo,
2118 1934 2339 2000 inquam
2370 1940 2418 1999 B
2446 1936 2618 2005 possit
2679 1934 3041 2004 persecutioni
3092 1933 3477 1986 Diorletianeae
3509 1949 3523 1995 ;
3570 1948 3669 1986 cur
3722 1947 3836 1985 non
3893 1931 4012 1984 item

754 2022 812 2075 in
851 2023 1051 2077 milites
1086 2034 1307 2078 nostros
1328 2024 1673 2079 Christianos
1699 2042 1842 2079 anno
1864 2024 2069 2080 Christi
2104 2024 2211 2079 294
2236 2022 2337 2076 sub

753 2113 1084 2169 Maximiano
1112 2116 1360 2170 szevitum
1389 2119 1515 2172 est?
1545 2118 1770 2173 Accedit
1801 2135 1887 2180 eo,
1921 2120 2065 2188 quod
2090 2136 2198 2174 non
2238 2137 2336 2175 sa-

756 2207 828 2259 tis
862 2207 1180 2262 verosimile
1234 2208 1510 2270 videatur,
1571 2213 1916 2279 tyrannidem
1973 2214 2335 2280 persequendi

753 2298 1101 2353 Christianos
1157 2316 1185 2352 a
1243 2300 1358 2352 solo
1416 2300 1744 2355 Maximiano
1792 2318 1914 2355 esse
1997 2306 2337 2357 exsecutioni

755 2390 1098 2453 mandatam,
1132 2392 1238 2445 nisi
1287 2403 1410 2462 post
1447 2393 1756 2455 victoriam,
1790 2410 1912 2463 quae
1944 2411 2088 2449 anno
2144 2395 2247 2449 297
2273 2397 2339 2451 de

753 2483 939 2537 Persis
973 2485 1144 2539 relata
1179 2485 1365 2551 fuerit,
1400 2490 1630 2556 quaeque
1653 2488 1897 2541 animum
1959 2488 2078 2555 ejus
2114 2488 2334 2552 inﬂarit,

753 2575 1060 2643 cristasque
1092 2578 1216 2644 ejus
1244 2578 1484 2633 erexerit
1505 2579 1570 2631 ad
1604 2579 1917 2633 audendum
1947 2579 2235 2647 quidlibet.
2273 2581 2337 2635 Et

753 2682 888 2721 \‘ero
918 2678 1209 2723 contextus
1246 2671 1504 2723 Actorum
1538 2669 1594 2723 S.
1639 2670 1873 2725 Andrea:
1936 2686 2049 2724 non
2105 2671 2336 2725 obscure

757 2759 1023 2824 insinuat,
1056 2761 1448 2815 Maximianum
1485 2772 1616 2816 tunc
1650 2762 1917 2830 temporis
1940 2778 2056 2815 rem
2099 2762 2338 2831 gessisse

756 2852 812 2903 in
845 2848 1111 2905 Oriente:
1158 2862 1211 2906 et
1236 2862 1384 2905 extra
1448 2862 1661 2921 tempus
1716 2852 1837 2905 belli
1871 2852 2073 2907 Persici
2123 2854 2340 2908 videtur

756 2960 979 3014 semper
1025 2945 1204 3012 egisse
1235 2960 1365 2999 suas
1400 2956 1581 3015 partes
1628 2945 1898 3017 Illyricum
1937 2961 2153 3008 versus.
2213 2962 2338 3002 cum

755 3037 897 3106 apud
920 3034 1266 3092 Lactantium
1288 3038 1383 3093 lib.
1406 3040 1480 3092 De
1508 3038 1761 3092 mortibus
1783 3048 2194 3107 persecutorum,
2216 3054 2335 3110 cap.

757 3130 826 3181 18
858 3128 1048 3181 dicat:
1080 3147 1097 3179 ι
1134 3128 1251 3181 Jam
1284 3130 1506 3183 ﬂuxisse
1551 3146 1725 3183 annos
1773 3131 2083 3198 quindecim
2122 3135 2177 3183 in
2220 3130 2338 3202 Illy-

757 3219 875 3274 rico
932 3222 1015 3275 vel
1049 3222 1115 3275 ad
1149 3222 1321 3292 ripam
1360 3221 1614 3285 Danubii,
1670 3221 1869 3291 quibus
1904 3220 2175 3292 relegatus
2212 3238 2337 3277 cum

2442 2026 2551 2081 diei
2584 2026 2890 2087 Dominico,
2918 2032 3080 2093 atque
3109 2024 3246 2077 adeo
3277 2037 3421 2075 anno
3455 2037 3576 2074 aera:
3608 2021 3851 2091 vulgaris
3897 2020 4011 2085 305,

2440 2128 2563 2189 post
2606 2118 2953 2186 imperatoria
3024 2117 3278 2170 videlicet
3329 2116 3417 2167 illa
3477 2113 3652 2166 edicta
3691 2114 3837 2181 (vide
3891 2114 4013 2167 Acta

2441 2227 2594 2264 num.
2625 2212 2815 2278 8)qu:c
2842 2211 2964 2263 inde
2986 2225 3128 2261 anno
3162 2209 3228 2261 ab
3257 2209 3360 2261 305
3390 2207 3650 2259 adversus
3679 2205 4015 2260 Christianos

2444 2303 2739 2370 prodiere;
2806 2316 2900 2354 cur
2958 2301 3195 2369 denique
3244 2315 3367 2352 eum
3420 2300 3569 2351 Actis
3621 2299 3727 2351 dici
3786 2307 4015 2365 nequeat

2441 2394 2572 2447 illud
2613 2394 2877 2447 accidisse
2906 2392 3234 2461 iniperatOi-e
3266 2391 3610 2446 Maximiano.
3655 2406 3857 2458 nempe
3911 2391 4014 2442 veri

2439 2503 2502 2541 ac
2542 2486 2745 2556 proprii
2786 2486 3024 2540 nominis
3073 2486 3458 2553 imperatorem
3510 2483 3890 2551 intelligendo.
3932 2484 4014 2551 qui

2441 2584 2566 2630 ante
2598 2576 2802 2629 dictum
2833 2592 3036 2629 annum
3102 2577 3205 2629 505
3236 2577 3416 2630 (ἔπεσε
3477 2576 3746 2628 duntaxat
3795 2574 4006 2639 fuerat,

2441 2684 2767 2737 quamquam
2788 2684 2908 2720 cum
2929 2669 3272 2735 adjectojam
3302 2683 3414 2720 tum
3446 2669 3516 2721 ab
3541 2685 3685 2720 anno
3720 2667 3828 2720 29".
3855 2670 4015 2725 etiam

2446 2760 2602 2814 titulo
2638 2759 3006 2826 imperatoris,
3036 2764 3108 2810 uti
3152 2759 3350 2826 legitur
3398 2760 3539 2827 apud
3574 2770 3857 2812 auctorem
3897 2775 4017 2812 nco.

2447 2854 2672 2908 tericum
2705 2853 2914 2907 Gallum
2968 2852 3217 2905 [listorim
3270 2854 3672 2915 iitiperatormn,
3713 2861 3849 2907 tom.
3884 2866 3935 2905 tv
3967 2850 4016 2904 in

2446 2948 2805 3009 Diocletiano,
2845 2955 2949 3000 art.
2987 2947 3039 3008 9,
3077 2961 3199 3016 pag.
3229 2946 3319 2999 ‘31.
3376 2944 3510 3011 Quia
3544 2960 3677 2998 vero
3713 2927 3879 3012 plane
3936 2958 4019 2997 su-

2441 3056 2839 3109 pervacaneum
2897 3042 3094 3107 judico,
3179 3043 3501 3098 alterutrum
3557 3042 3855 3102 eduobus,
3904 3054 4017 3107 qua:

2443 3131 2583 3197 apud
2618 3146 2702 3182 me
2731 3138 2877 3194 sunt,
2908 3131 3113 3185 Gra'cis
3134 3135 3537 3200 exemplaribus
3567 3149 3733 3203 supra
3763 3133 4010 3188 indicatis

2445 3219 2498 3274 in
2544 3219 2792 3275 Latinum
2818 3234 3156 3286 convertere,
3189 3226 3445 3280 exhibeo.

2706 3394 3999 3429 Μ

1041 3549 1921 3685 ΜΑΡΤΥΡΙΟΝ
2048 3566 2354 3683 ΤΟΥ
2464 3566 2931 3683 ΑΓΙΟΥ
3041 3563 3740 3683 ΑΝΔΡΕΟΥ

1842 3793 2071 3879 ΤΟΥ
2147 3791 2954 3878 ΣΤΡΑΤΗΛΑΤΟΥ

2026 3984 2143 4035 KAl
2194 3982 2331 4036 ΤΩΝ
2389 3980 2527 4032 ΣΥΝ
2576 3980 2777 4035 ΑΥΤΩ.

764 4359 1925 4547 MARTYRIUM
2045 4358 2202 4512 S.
2304 4354 3133 4511 ANDRE/E
3228 4351 4010 4509 TRIBUNI

1882 4684 2059 4800 ET
2145 4678 2913 4791 SOCIORUM.

1488 4905 1681 4968 (Grece
1703 4918 1834 4955 nunc
1861 4906 2072 4967 primum
2101 4906 2271 4953 editur
2294 4916 2357 4953 ex
2386 4904 2497 4954 cod.
2522 4917 2615 4955 ms.
2646 4900 2829 4962 Paris.,
2855 4917 2904 4955 η.
2931 4902 3042 4963 548,
3077 4916 3191 4955 sae.
3224 4901 3337 4967 xu.)

2348 5088 2420 5099 α-ο

828 5240 873 5297 1.
903 5236 1244 5309 Imperatore
1283 5239 1644 5305 Maximiano,
1680 5239 1903 5295 homine
1935 5239 2091 5295 valde
2142 5235 2333 5307 impio,

2512 5238 2592 5291 A'.
2614 5236 2706 5289 ‘Ev
2725 5236 2837 5297 τοῖς
2865 5233 3079 5306 χρόνοις
3100 5232 3201 5301 τῆς
3222 5231 3316 5284 τοῦ
3342 5227 3708 5283 ἀσεϐεστάτου
3739 5228 4017 5296 Maiiam-

757 5331 1069 5404 persecutio
1101 5331 1349 5401 quaedam
1374 5346 1570 5401 magna
1602 5346 1793 5390 contra
1822 5333 2165 5388 Christianos
2186 5346 2338 5387 com-

757 5435 904 5480 mota
935 5434 1038 5486 est,
1102 5424 1380 5493 praecipue
1424 5431 1612 5478 autem
1668 5426 1719 5479 in
1768 5423 2086 5493 regionibus
2141 5422 2333 5493 Syriae.

758 5521 889 5574 Erat
927 5528 1173 5585 tempore
1204 5516 1294 5573 illo
1324 5516 1628 5573 Antiochus
1658 5518 1902 5588 quidam,
1961 5516 2338 5584 superstitioni

757 5610 1051 5681 plurimum
1086 5609 1324 5673 deditus,
1363 5610 1629 5664 militares
1686 5611 1909 5666 ordines
1961 5610 2063 5663 sub
2111 5609 2341 5677 imperio

756 5713 858 5753 suo
890 5714 1083 5769 regens
1119 5716 1134 5754 :
1183 5700 1277 5768 qui
1312 5713 1534 5771 propter
1569 5702 1843 5758 idolorum
1882 5699 2176 5762 insaniam,
2206 5715 2339 5753 con-

755 5800 837 5847 tra
872 5789 990 5861 pios
1019 5790 1271 5848 homines
1301 5792 1545 5848 furorem
1576 5810 1759 5848 aerem
1807 5794 2072 5860 spirabat.
2134 5790 2248 5845 Sub
2275 5804 2339 5846 eo

757 5883 893 5951 viro,
927 5899 1087 5954 quem
1123 5886 1452 5942 Antiochum
1493 5888 1836 5947 nominatum
1859 5886 2120 5949 diximus,
2178 5884 2336 5937 multi

2446 5331 2537 5384 νοῦ
2560 5328 2858 5399 βασιλείας,
2881 5326 3117 5394 διωγμὸς
3145 5325 3287 5378 κατὰ
3312 5324 3420 5375 τῶν
3442 5320 3788 5387 Χριστιανῶν
3810 5323 4020 5388 ἐγένετο

2448 5420 2643 5490 μέγας,
2677 5418 2769 5471 καὶ
2798 5419 3029 5485 μάλιστα
3052 5418 3109 5467 ὲν
3130 5419 3241 5480 τοῖς
3276 5414 3465 5484 μέρεσι
3487 5411 3585 5480 τῆς
3614 5412 3838 5481 Συρίας.
3874 5409 4019 5481 Εἶχεν

2444 5513 2502 5565 δὲ
2534 5514 2654 5565 τότε
2694 5512 2790 5579 τῆς
2831 5512 3007 5563 ἐκεῖσε
3051 5509 3427 5581 στρατηγικῆς
3462 5506 3669 5571 τάξεως
3704 5506 3807 5574 τὴν
3857 5507 4019 5575 ἀρχὴν

2460 5606 2728 5674 Ἀντίοχος
2752 5604 3099 5671 δεισιδαίμων
3127 5620 3231 5665 τις,
3261 5602 3353 5655 καὶ
3379 5601 3607 5672 σφοδρὸν
3632 5598 3745 5651 τῶν
3762 5599 3907 5670 ὑπὲρ
3932 5601 4020 5663 τῆς

2449 5697 2841 5766 εἰὸωλσμανίσς
2882 5696 3020 5747 κατὰ
3059 5697 3169 5749 τῶν
3205 5695 3575 5748 εὐσεϐούντων
3622 5693 3799 5746 πνέων
3839 5692 4017 5760 ﬂenda.

2462 5793 2598 5847 Ὑπὸ
2631 5790 2818 5844 τοῦτον
2851 5785 2945 5843 οὖν
2984 5789 3074 5842 τὸν
3123 5790 3394 5859 Ἀντίοχον
3433 5787 3617 5841 πολλοὶ
3654 5787 4018 5856 στρατηλάται

2446 5886 2537 5960 τῆς
2583 5884 2752 5953 αὐτῆς
2795 5882 3230 5953 συμμετέχοντες
3283 5884 3494 5954 πλάνης
3542 5882 3857 5936 ἐτάττοντο.
3906 5880 4018 5933 Ἄ·ιὰ
