4158 6480
702 411 800 477 611

1926 419 2210 480 MENSIS
2251 419 2729 482 SEPTEMBER.

3847 420 3952 483 6l2

704 527 975 582 sociorum
1013 525 1158 579 mille
1199 533 1415 579 centum
1458 534 1513 580 et
1543 537 1798 595 quatuor,
1840 529 1927 595 qui
1956 529 2279 596 abjicientes
2311 537 2354 590 Α
2382 532 2448 585 ad
2488 542 2728 602 tempora
2763 529 3110 585 Maximiani?
3140 526 3287 585 Vidit
3317 529 3456 585 haud
3485 530 3646 586 dubie
3709 531 3952 587 Nolanus

706 617 912 671 militiae
941 616 1237 681 cingulum,
1269 616 1320 667 in
1355 614 1735 684 persecutione
1805 617 2116 672 Diocletiani
2185 636 2279 688 pro

708 709 1048 763 confessione
1069 707 1268 759 Christi
1296 707 1468 759 necati
1496 718 1675 763 sunt.»
1707 707 1858 762 l’atet
1879 710 1962 762 hic
1996 712 2279 763 Itomulum

712 802 923 869 seiungi
955 818 982 850 ει
1026 800 1245 866 reliquis
1283 819 1296 864 ;
1333 811 1386 852 et
1415 811 1575 856 recte.
1614 803 1684 852 uti
1709 804 1833 853 Acta
1861 803 2084 855 inferius
2104 804 2279 855 danda

709 894 1019 945 ostendent.
1075 892 1296 943 Fallitur
1335 903 1511 943 tamen
1548 892 1829 955 Duronius,
1863 896 1989 945 dum
2039 902 2090 946 in
2121 893 2283 945 Nota-

713 987 950 1036 tionibns
989 986 1052 1036 ad
1093 984 1522 1052 Martyrologium
1558 986 1649 1044 ait,
1697 1005 1712 1034 ε
1746 987 1913 1038 Grrcci
1973 988 2039 1038 de
2089 989 2278 1038 eodem

709 1079 985 1140 (Romulo)
1024 1078 1150 1132 item
1190 1080 1287 1131 liae
1320 1081 1400 1131 die
1431 1081 1481 1130 in
1518 1080 1817 1146 Menologio
1859 1091 2023 1147 agunt
2057 1097 2069 1130 ε
2112 1101 2127 1129 ι
2157 1097 2278 1132 nam

709 1169 1074 1236 Menologium
1136 1170 1323 1222 Latine
1393 1187 1610 1223 versum
1646 1188 1672 1222 a
1738 1172 1934 1222 Sirleto
1989 1173 2277 1231 cardinule,

711 1262 850 1328 quod
887 1258 997 1327 ipse
1041 1261 1302 1312 Duronius
1331 1263 1394 1313 ad
1427 1265 1458 1315 5
1487 1263 1726 1315 Januarii
1769 1265 2050 1329 pt'olitelttr
2083 1281 2140 1316 se
2173 1265 2282 1317 Me-

711 1351 903 1416 nologii
942 1353 1158 1404 nomine
1185 1369 1396 1416 semper
1431 1355 1753 1418 intelligere,
1806 1355 2002 1423 aliique
2071 1355 2284 1410 Grreco-

713 1460 828 1495 rum
892 1443 1009 1495 l’asti
1072 1445 1423 1499 ecclesiastici
1477 1443 1614 1498 nihil
1649 1463 1869 1515 prorsus
1932 1451 2031 1500 bac
2059 1450 2146 1504 die
2215 1450 2282 1504 de

715 1535 941 1586 Romqu
968 1537 1170 1587 habent
1205 1538 1336 1598 ;sed
1376 1553 1496 1588 eum
1533 1555 1633 1590 una
1672 1554 1791 1591 cum
1827 1542 2038 1592 οίυιρινίε
2083 1550 2283 1609 marty-

712 1625 864 1678 ribus
895 1627 1169 1678 celebrant
1195 1617 1229 1679 ti
1255 1630 1617 1695 Septembris.

783 1720 834 1772 2.
867 1720 1067 1788 Accipe
1122 1720 1283 1773 verba
1332 1722 1525 1773 laudati
1572 1723 1852 1793 Menologii
1906 1726 2157 1778 Sirletani
2218 1727 2284 1778 ab

712 1809 945 1866 Henrico
966 1812 1180 1864 Canlsio
1214 1814 1382 1864 editi:
1425 1830 1440 1861 t
1489 1814 1687 1864 Eodem
1743 1817 1828 1864 diu
1874 1814 1949 1885 [ti]
2002 1826 2276 1869 certamen

713 1914 1024 1955 Sanctorum
1061 1912 1351 1970 martyrum
1441 1902 1686 1963 Eudoxii,
1742 1902 1994 1966 Zenonis,
2049 1906 2285 1968 Romuli,

715 1992 934 2045 Macarii
999 2004 1055 2044 et
1110 1991 1463 2059 reliquorum.
1529 1991 1762 2045 Sanctus
1809 1993 2065 2047 Romulus
2115 1996 2289 2063 capite

713 2086 1066 2137 obtruncatus
1097 2095 1177 2137 est
1215 2100 1240 2134 a
1276 2083 1508 2146 Traiano
1577 2085 1927 2153 imperatore,
1986 2089 2074 2154 qui
2135 2087 2288 2140 Clui-

715 2178 892 2229 tianos
929 2178 1186 2243 plurimos
1219 2177 1529 2228 lildl\CfSaS
1585 2178 1830 2244 regiones
1861 2179 2074 2230 exsules
2123 2181 2288 2240 misit.

715 2278 796 2321 set
850 2268 903 2318 in
954 2266 1274 2318 Christianae
1334 2266 1452 2319 lidei
1521 2265 1860 2321 confessione
1909 2281 2289 2338 permanentes

717 2361 911 2414 mortis
938 2361 1204 2426 supplicio
1236 2361 1484 2428 subjecit.
1522 2358 1792 2413 Eudoxins
1822 2378 1949 2413 vero
1979 2377 2160 2414 comes
2188 2363 2290 2414 sub

719 2453 1047 2504 Diocletiano
1077 2453 1330 2503 detentus
1363 2467 1390 2503 a
1426 2452 1651 2518 pra-side
1693 2453 1942 2504 Melitinte
2005 2453 2291 2508 obtrunca-

721 2553 906 2596 tusest
963 2557 1194 2609 cumque
1251 2556 1316 2594 eo
1369 2543 1569 2594 milites
1613 2558 1841 2594 numero
1898 2542 2053 2597 1104.
2097 2545 2288 2597 Paucis

717 2646 839 2702 post
863 2635 1054 2687 diebus
1090 2634 1148 2686 Β.
1182 2633 1326 2686 Zeno
1354 2649 1475 2686 cum
1513 2636 1738 2703 reliquis
1760 2637 1815 2688 S.
1853 2635 2078 2691 Eudoxii
2102 2639 2284 2702 sociis,

716 2727 956 2795 martyrii
991 2742 1246 2781 coronam
1281 2728 1506 2794 accepit.
1558 2746 1574 2777 ι
1615 2730 1773 2780 (Ᾰίὶτίι
1813 2730 1925 2781 haec
1957 2740 2009 2781 et
2033 2730 2285 2781 distincta

715 2828 881 2871 sunt:
914 2828 968 2869 at
997 2817 1527 2884 Menologiumjussu
1560 2817 1742 2870 Basilii
1778 2820 2120 2886 imperatoris
2153 2818 2284 2872 Por-

715 2911 1137 2979 pliyrogenneta:
1175 2911 1371 2963 seculo
1399 2927 1426 2962 χ
1461 2911 1770 2976 collectum,
1809 2922 1863 2964 et
1899 2910 2090 2964 Urnini
2143 2924 2286 2963 anno

719 3003 854 3055 179.7
925 3004 1254 3069 impressum
1312 3002 1767 3064 Greco-Latine,
1848 3013 2121 3055 certamen
2189 3001 2282 3053 SS.

714 3094 839 3147 Mil.
869 3093 1117 3151 Eudoxii,
1152 3091 1390 3152 Romuli.
1421 3103 1474 3144 et
1507 3095 1775 3146 sociorum
1808 3092 1872 3145 ad
1908 3094 2111 3147 dictum
2144 3095 2283 3146 diem

716 3186 870 3240 valde
917 3186 1164 3237 intricate
1214 3196 1265 3236 ιι
1334 3184 1562 3237 confuse
1626 3195 1810 3238 narrat
1881 3187 1983 3239 hoc

724 3297 741 3328 ι
782 3278 1060 3329 Eudoxius
1130 3275 1330 3327 Christi
1419 3285 1643 3342 martyr,
1716 3275 1948 3340 Trajano
2013 3274 2285 3325 Romano-

718 3384 838 3421 rum
903 3369 1249 3436 imperatore,
1339 3380 1524 3420 comes
1606 3366 1800 3420 ordine
1857 3366 1975 3429 fuit,
2069 3367 2284 3423 multis-

715 3477 822 3529 que
849 3461 1077 3515 militum
1109 3460 1346 3512 millibus
1381 3459 1587 3528 (Granio
1642 3459 1870 3527 μυρίους
1935 3459 2026 3508 καὶ
2058 3459 2282 3526 χιλίους,

716 3554 768 3606 id
799 3564 900 3612 est,
933 3567 984 3604 xl
1027 3552 1191 3616 mille)
1229 3552 1283 3602 in
1318 3550 1487 3603 Gallia
1544 3549 1848 3617 imperavit.
1893 3548 2154 3601 Romulus
2189 3565 2284 3600 au-

719 3656 824 3698 tem
853 3647 986 3697 aula:
1020 3643 1382 3711 imperatoria:
1426 3644 1770 3710 praepositus,
1832 3653 2022 3695 auctor
2066 3642 2166 3695 fuit
2211 3643 2287 3696 ei-

716 3737 838 3788 dem
881 3735 1138 3801 Trajano,
1174 3744 1230 3785 ιιι
1262 3736 1313 3785 in
1354 3734 1581 3785 Galliam
1615 3736 1873 3790 mitteret,
1906 3737 1994 3799 qui
2023 3733 2289 3784 Christia-

717 3842 820 3882 nos
852 3827 1051 3879 milites
1074 3825 1174 3878 diis
1209 3825 1491 3877 immolare
1522 3824 1929 3893 compellerent.
2005 3822 2123 3888 Quo
2164 3840 2288 3892 per-

718 3927 998 3986 acto,cum
1037 3919 1232 3973 milites
1257 3917 1390 3969 adid
1422 3915 1726 3969 faciendum
1761 3917 1939 3969 induci
1979 3917 2286 3984 nequirent,

725 4016 778 4065 in
848 4013 1144 4065 Melitinam
1178 4011 1446 4063 Armenia:
1479 4009 1664 4062 urbem
1715 4010 1933 4078 relegati
1979 4019 2125 4061 sunt.
2164 4007 2290 4060 Post

724 4103 836 4155 base
865 4101 1127 4153 Romulus
1163 4100 1477 4166 pwnitentia
1520 4101 1736 4159 ductus,
1782 4113 1905 4149 cum
1937 4099 1987 4149 in
2015 4100 2288 4151 Christum

723 4192 1068 4252 credidisset,
1109 4191 1510 4257 'l‘rajanumqtte
1542 4189 1906 4256 objurgasset,
1946 4186 2126 4254 capite
2176 4191 2288 4253 plc-

723 4302 822 4339 xus
841 4297 942 4338 est.
977 4284 1175 4336 Deinde
1200 4299 1319 4336 cum
1358 4280 1587 4348 imperio
1615 4281 1819 4350 potitus
1842 4289 1988 4335 esset
2016 4277 2295 4331 Maximia-

723 4395 845 4441 nus,
880 4377 1245 4442 edixissetque
1289 4372 1633 4425 Christianos
1692 4371 1948 4431 interﬁci,
2009 4371 2292 4424 mandavit

724 4487 816 4541 per
843 4472 1046 4523 litteras
1085 4479 1139 4520 et
1174 4466 1424 4519 Melitina:
1459 4463 1734 4533 praefecto,
1798 4474 1854 4516 ut
1884 4465 2086 4518 Christi
2113 4466 2294 4518 culto-

2383 626 2482 676 ista
2519 640 2628 676 non
2681 624 3003 689 coluerere;
3059 623 3288 689 ideoque
3340 623 3394 675 in
3461 623 3838 677 additionibus
3891 623 3952 679 ad

2384 713 2683 766 Usnarilum
2720 716 2751 769 5
2805 715 3141 783 Septembris
3183 715 3510 778 srripserit:
3553 734 3571 766 ι
3615 718 3818 769 Eodem
3867 718 3948 770 die

2386 803 2484 857 SS.
2519 806 2644 858 MM.
2682 806 2933 868 Eudoxri,
2966 806 3132 874 quiet
3177 806 3466 869 Marianus,
3497 805 3734 860 Romuli.
3787 808 3957 860 Zeno-

2384 895 2486 954 nis,
2529 905 2581 946 et
2639 879 2884 952 Macarii,
2919 897 3007 962 qui
3075 897 3176 947 sub
3210 895 3442 962 Trojano
3508 899 3772 965 martyrio
3808 915 3959 952 coro-

2383 997 2606 1039 nantur.
2646 1007 2662 1038 ι
2701 986 2802 1041 Sed
2843 987 3253 1051 Metapltrastes,
3287 1004 3448 1056 quem
3498 988 3718 1056 allegat,
3761 993 3959 1044 disarte

2385 1080 2542 1131 tradit
2576 1079 2868 1131 Romulum
2895 1080 3048 1145 jusw
3091 1079 3305 1149 Traiani
3342 1093 3614 1142 necatum,
3647 1081 3949 1134 Eudoxiam

2385 1188 2512 1222 vero
2541 1171 2782 1238 aliosque
2817 1171 2906 1225 ditt
2968 1181 3086 1237 post
3128 1171 3383 1238 martyrio
3433 1170 3654 1223 aﬂ'ectos
3703 1189 3825 1227 esse
3864 1174 3959 1225 sub

2387 1260 2740 1314 Diocletiano.
2770 1261 3050 1315 Ferrarius
3087 1262 3140 1313 in
3175 1262 3428 1328 Catalogo
3466 1263 3708 1329 generali
3743 1273 3956 1317 sancto-

2385 1367 2502 1404 rum
2529 1354 2593 1405 ad
2631 1354 2661 1404 6
2685 1352 3020 1418 Septembris
3055 1352 3262 1404 videtur
3291 1363 3552 1418 martyres
3587 1352 3729 1403 velle
3789 1351 3959 1420 gemi-

2386 1459 2553 1497 nare:
2586 1446 2862 1511 przemissa
2905 1445 3048 1495 enim
3089 1443 3188 1496 hac
3246 1446 3685 1506 aimuntiatione,
3749 1463 3765 1490 ι
3813 1444 3960 1496 Meli-

2387 1547 2526 1589 tenie
2571 1537 2621 1588 in
2650 1537 2901 1588 Armenia
2937 1533 3037 1586 SS.
3076 1535 3366 1605 Martyrum
3424 1535 3679 1597 Eudoxii,
3716 1536 3955 1598 Romuli,

2358 1640 2439 1684 .ct
2471 1629 2744 1680 sociorum
2787 1627 2887 1681 sub
2919 1626 3175 1693 Trajano,
3230 1645 3245 1673 ι
3284 1643 3447 1692 quam
3489 1638 3640 1679 notat
3707 1642 3769 1679 ex
3807 1626 3958 1680 Gale-

2388 1722 2528 1773 sinio
2581 1721 2922 1788 desumptam
2983 1734 3120 1778 esse,
3157 1719 3378 1770 subdit:
3436 1737 3451 1766 ι
3489 1718 3560 1770 De
3625 1719 3873 1772 Eudoxio
3911 1729 3960 1772 ct

2389 1828 2501 1864 Soc.
2534 1812 2794 1868 Melitena:
2830 1812 3002 1879 passis
3030 1810 3205 1878 agitur
3244 1810 3294 1862 in
3330 1809 3597 1877 Martyrol.
3662 1809 3820 1862 Βοιη.
3860 1813 3947 1865 die

2393 1904 2623 1972 praeced.
2657 1920 2671 1967 ;
2713 1903 2804 1955 sed
2848 1907 2948 1956 sub
2983 1899 3318 1954 Diodetiano
3348 1916 3360 1952 :
3393 1901 3445 1953 hi
3515 1915 3643 1953 vero
3697 1901 3802 1953 sub
3833 1900 3961 1952 Tra-

2389 1997 2518 2062 jano
2549 1995 2687 2062 passi
2752 1994 3068 2047 traduntur.
3128 1994 3200 2045 De
3261 1992 3488 2045 Romulo
3545 1993 3811 2046 duntaxat
3861 1995 3962 2062 agit

2394 2086 2668 2154 Martyrol.
2707 2085 2865 2142 Rom,
2898 2085 3224 2154 pnecedenti
3286 2085 3390 2136 die.
3429 2103 3445 2134 ι
3477 2085 3700 2137 Nicolao
3732 2085 3963 2138 Antonio

2394 2178 2528 2232 infra
2550 2177 2767 2230 citando
2795 2177 3045 2228 videntur
3072 2189 3262 2228 omnes
3284 2175 3529 2242 ejusdem
3560 2179 3749 2242 agonis
3779 2177 3964 2228 trium-

2393 2272 2650 2340 pliatores
2672 2283 2828 2332 esse;
2871 2278 2925 2320 at
2985 2282 3090 2321 non
3140 2267 3390 2320 edisserit
3444 2267 3546 2319 sub
3575 2282 3682 2334 quo
3734 2265 3967 2331 impera-

2393 2371 2525 2415 tore.

2464 2455 2514 2503 4.
2549 2451 2769 2504 Festum
2812 2449 2867 2502 S.
2913 2449 3138 2502 Eudoxii
3171 2459 3222 2502 et
3251 2451 3519 2502 sociorum
3559 2450 3609 2502 in
3639 2450 3844 2520 Typico
3874 2466 3961 2503 seu

2390 2541 2592 2595 Rituali
2635 2542 2691 2596 S.
2727 2541 2881 2596 Saba:
2941 2544 3225 2595 colendum
3257 2545 3626 2612 prtcscribitur
3658 2547 3689 2592 6
3723 2544 3965 2610 Septem-

2390 2637 2502 2690 bris
2533 2636 2617 2690 Itis
2647 2639 2823 2689 verbis
2854 2652 2866 2686 :
2903 2638 3006 2687 Καὶ
3039 2635 3132 2686 τοῦ
3163 2636 3318 2703 ἁγίου
3361 2638 3642 2704 μάρτυρος
3691 2634 3963 2700 Εὑδοξιυυ,

2391 2732 2484 2781 καὶ
2514 2730 2622 2779 τῶν
2653 2729 2749 2779 σὺν
2792 2729 2938 2796 αὐτῷ
2993 2728 3344 2794 ἁο>.τ,σά.ντων
3397 2730 3571 2790 ἁγίων
3629 2728 3963 2795 Μαρτύρων,

2390 2820 2440 2872 id
2472 2827 2577 2879 cst,
2607 2817 2670 2869 Et
2713 2819 2771 2872 S.
2824 2817 2898 2869 M.
2947 2815 3200 2882 Eudoxii,
3262 2834 3321 2868 ac
3353 2813 3449 2868 SS.
3494 2815 3797 2884 Martyrum
3855 2831 3966 2866 cum

2389 2911 2498 2979 ipso
2530 2927 2800 2978 passorum
2827 2948 2842 2963 .
2886 2909 3083 2962 Mena'a
3113 2925 3304 2977 magna
3334 2909 3591 2976 impressa
3626 2912 3690 2960 ad
3720 2911 3966 2961 eumdem

2388 3003 2527 3054 diem
2549 3002 2730 3055 Grzcce
2749 3005 2825 3054 sic
2858 3002 3054 3054 habent
3085 3017 3098 3053 :
3143 3023 3158 3049 ι
3190 3005 3474 3054 Certamen
3501 3001 3599 3053 SS.
3629 3001 3756 3053 MM.
3791 3001 3966 3053 Eudo-

2390 3093 2482 3154 xii,
2511 3093 2766 3153 Zenonis,
2822 3092 3034 3146 lioniuli
3061 3104 3116 3146 et
3169 3091 3411 3157 Macarii,
3453 3110 3470 3143 ι
3505 3104 3559 3146 et
3611 3096 3968 3162 sequentibus

2073 3188 2233 3239 modo
2269 3202 2280 3235 :
2313 3218 2353 3270 C
2391 3199 2484 3236 eos
2512 3193 2712 3237 ornant
2739 3183 3053 3237 versiculis:

2369 3298 2723 3363 ’Τμηθέντες
2760 3298 3070 3362 Εἰοδόξιος,
3109 3299 3435 3366 Ῥωμύλος,
3466 3299 3674 3362 Ζήνων

2391 3371 2499 3422 Ital
2527 3371 2841 3434 Μακάριος,
2864 3371 3216 3436 μιικαρέστοὶ
3261 3370 3367 3419 τοῦ
3419 3373 3652 3432 τέλους.

2395 3459 2582 3527 Capite
2613 3463 2801 3509 minuti
2841 3460 3126 3512 lfudoa'ius.
3168 3460 3441 3532 Romulus,
3473 3458 3649 3511 Zenon

2395 3533 2467 3582 Ac
2492 3529 2761 3581 Macarius
2799 3529 2954 3597 ﬁnem
2979 3531 3185 3582 beatum
3219 3529 3468 3582 obtinent.

2394 3644 2701 3712 Μακάριος,
2737 3655 2791 3694 et
2855 3645 3188 3713 μακαριστὸς
3242 3654 3442 3698 sonant
3502 3649 3683 3697 beatus
3718 3661 3738 3709 ,°
3769 3646 3824 3698 in
3870 3660 3973 3714 quo

2395 3736 2524 3788 lusit
2601 3744 2791 3801 poeta,
2848 3735 3208 3802 signiﬁcatum
3263 3737 3501 3787 nominis
3557 3739 3760 3804 proprii
3822 3741 3974 3790 unius

2398 3828 2648 3897 martyris
2704 3841 2799 3894 per
2858 3826 3239 3893 appellativum
3302 3826 3555 3879 omnibus
3637 3827 3967 3879 attribuens.

2397 3919 2662 3972 Subditur
2703 3919 2933 3991 elogium
2967 3919 3098 3972 satis
3116 3919 3406 3986 prolixum,
3438 3920 3591 3986 cuius
3625 3917 3728 3972 hoc
3761 3917 3972 3970 initium

2398 4023 2478 4066 est
2511 4030 2524 4066 ε
2562 4005 2728 4072 Οὗτος
2771 4011 2924 4078 ἆγιος
2969 4009 3248 4078 Ῥωμύλος
3298 4011 3709 4078 ἐπὶ-Τραῖανοῦ
3746 4010 3848 4078 τὴν
3884 4025 3972 4060 κε-

2404 4104 2575 4173 φαλὴν
2612 4105 2880 4173 ἀφῃρέθη.
2916 4102 3011 4153 llic
3051 4103 3110 4155 S.
3167 4103 3417 4155 Romulus
3475 4110 3563 4154 sub
3599 4102 3831 4168 Trojano
3887 4119 3974 4155 ca-

2400 4200 2503 4264 pite
2535 4203 2809 4249 truncatus
2845 4209 2937 4251 est.
2980 4196 3109 4248 Dein
3141 4197 3317 4266 agitur
3343 4196 3410 4249 de
3464 4196 3710 4248 Eudoxio
3754 4214 3783 4246 a
3813 4196 3974 4265 iisque

2402 4296 2642 4355 tempore
2699 4287 3014 4341 Diocletiani
3067 4289 3361 4340 coronatis.
3405 4287 3582 4343 Pauca
3639 4286 3729 4342 illa
3770 4290 3970 4341 idcirco

2402 4378 2510 4433 huc
2553 4379 2915 4440 transtuli,ne
2942 4381 3062 4445 quis
3108 4382 3252 4430 solos
3303 4381 3605 4430 versiculos
3647 4395 3712 4430 ac
3763 4381 3971 4432 titulum

2401 4475 2588 4544 legens
2619 4471 2975 4533 existimaret,
3006 4471 3056 4523 in
3089 4471 3307 4524 Menaeis
3357 4471 3613 4540 conjungi
3642 4470 3809 4525 hosce
3839 4472 3971 4524 Mar-

723 4579 811 4616 res
841 4564 1130 4615 occideret.
1159 4559 1335 4624 Quare
1370 4559 1668 4610 Eudoxium
1715 4557 1992 4619 comitem,
2064 4559 2287 4624 ejusque

2399 4579 2540 4637 tyres
2599 4578 2852 4635 tanquam
2925 4565 2977 4618 in
3052 4566 3241 4620 eadem
3303 4576 3682 4634 persecutione
3746 4579 3968 4634 paSsos:

724 4657 899 4710 socios
924 4657 1124 4707 milites
1155 4654 1602 4720 comprehensos,
1661 4649 1802 4717 quod
1864 4650 2004 4701 idola
2064 4650 2291 4701 adorare

726 4751 947 4806 nollent,
985 4748 1214 4814 primum
1250 4744 1468 4812 quidem
1504 4742 1686 4794 multis
1720 4740 2001 4808 suppliciis
2050 4739 2290 4803 vexavit,

727 4840 943 4890 demum
971 4840 1147 4904 capite
1175 4837 1541 4890 obtruncavit.
1570 4856 1586 4885 ι

797 4928 849 4979 5.
879 4928 1068 4980 Versio
1097 4925 1319 4978 Arcudli
1348 4927 1447 4977 col.
1479 4926 1582 4977 “230
1612 4928 1753 4978 inter
1782 4924 2059 4978 Aneedota
2089 4922 2289 4992 Ughcl-

726 5020 868 5073 liana
906 5031 1055 5074 temo
1096 5019 1134 5070 Χ
1170 5021 1345 5073 Italia:
1381 5035 1546 5072 sacra:
1580 5016 1822 5070 Venetiis
1867 5031 2089 5077 recusas,
2117 5015 2289 5082 quoad

728 5127 946 5164 sensum
974 5114 1161 5164 eadem
1189 5111 1302 5164 fere
1335 5124 1438 5174 est,
1473 5115 1687 5179 qualem
1722 5120 1775 5163 et
1821 5108 2126 5162 Galesinius
2170 5117 2294 5161 ante

727 5204 951 5257 dederat
978 5203 1032 5254 in
1064 5219 1162 5255 suo
1196 5204 1572 5271 Martyrologio
1600 5221 1611 5253 :
1650 5213 1895 5254 nostrum
1946 5216 2159 5268 quoque
2193 5213 2291 5251 ms.

729 5297 1006 5365 exemplar
1030 5293 1275 5347 Grieeum
1339 5294 1626 5363 Menologii
1661 5293 1916 5345 Dasiliani
1948 5293 2137 5344 statuit
2190 5291 2297 5343 Eu-

730 5389 946 5440 doxium
992 5385 1246 5441 comitem
1278 5386 1380 5435 sub
1412 5386 1666 5454 Traiano,
1717 5394 2006 5452 martyrem
2055 5383 2154 5437 sub
2191 5381 2299 5433 Ma-

734 5481 1052 5535 ximiniauo.
1110 5477 1400 5535 Conciliari
1439 5478 1553 5530 haec
1600 5478 1780 5532 forsan
1845 5485 2121 5545 utcunque
2177 5491 2298 5544 pos-

737 5583 878 5637 sent,
913 5571 960 5622 si
1005 5587 1101 5637 per
1126 5570 1426 5638 Traianum
1472 5567 1810 5637 signiﬁcetur
1841 5568 2058 5629 Decius,
2111 5577 2297 5635 utpote

734 5665 1002 5731 Traianus
1045 5666 1420 5732 pramomine;
1462 5671 1516 5715 at
1548 5660 1591 5714 si
1637 5658 1932 5719 Eudoxius,
1997 5661 2300 5728 imperante

739 5755 974 5824 Traiano
1008 5754 1255 5824 proximo
1280 5752 1467 5806 Nervae
1515 5764 1858 5813 successore,
1900 5749 2054 5805 initio
2113 5750 2300 5804 seculi

741 5861 776 5898 ιι
809 5863 992 5903 comes
1021 5850 1142 5910 luit,
1176 5845 1297 5914 quis
1351 5845 1538 5899 credat
1584 5845 1736 5899 illum
1775 5841 1938 5897 vitam
1981 5843 2300 5912 produxisse

2397 4658 2538 4723 quod
2561 4673 2690 4710 sane
2722 4671 2952 4725 pronum
2981 4668 3124 4709 esset
3153 4658 3362 4727 epinari
3410 4670 3475 4709 ex
3532 4657 3711 4720 titulo,
3774 4655 3973 4709 Romu-

2396 4747 2505 4800 lum
2553 4747 2670 4799 aliis
2696 4747 3128 4799 iutertniScente.

2467 4841 2518 4893 5.
2554 4840 2681 4893 Post
2710 4851 3070 4895 memoratum
3095 4842 3328 4909 elegium
3352 4841 3603 4908 sequitur
3625 4842 3728 4894 alia
3758 4856 3975 4895 attnun-

2395 4929 2546 4982 tiatio
2574 4948 2585 4982 :
2614 4930 2689 4999 Τῇ
2746 4931 2881 5000 αὐτῇ
2932 4931 3113 4999 ἡμέρᾳ
3152 4931 3343 4981 ἑκατὸν
3369 4932 3632 5002 τέσσαρες
3685 4939 3779 4985 καὶ
3817 4934 3972 5003 χίλιοι

2399 5021 2786 5088 στρατιῶται..
2814 5063 2824 5075 .
2855 5021 2997 5090 ξίφει
3028 5021 3381 5074 τελειοῦνται.
3421 5023 3477 5076 ld
3523 5035 3625 5087 est,
3679 5028 3859 5080 eodem
3897 5025 3976 5080 die

2397 5123 2598 5164 (cntum
2631 5125 2858 5184 quatuor
2878 5134 2940 5167 ai:
2975 5115 3120 5178 mille
3170 5115 3427 5168 milites...
3461 5116 3640 5185 gladio
3673 5121 3798 5171 caesi
3863 5133 3976 5171 cono

2396 5217 2659 5255 summam
2689 5210 3021 5275 martyrium.
3074 5203 3168 5257 His
3227 5206 3425 5260 deinde
3482 5209 3599 5264 bini
3652 5214 3976 5264 accinuntur

2399 5296 2656 5348 versiculi
2692 5307 2707 5347 :

2399 5409 2572 5483 deus;
2607 5407 2847 5478 δεκαπλῆ
2881 5412 2976 5465 καὶ
3007 5413 3186 5482 χιλιὰς
3231 5415 3528 5483 μαρτύρων

2399 5481 2508 5531 K2).
2531 5482 2725 5547 τετρὰς
2759 5484 2902 5550 ἁπλῆ
2938 5481 3327 5536 “umnam
3355 5483 3518 5552 ξίφει.

2471 5569 2618 5633 Quos
2658 5569 2849 5626 Latine
2891 5575 2970 5628 sic
2993 5583 3213 5627 vertas:

2403 5661 2567 5739 Decus
2589 5665 2806 5739 derupla
2838 5676 2884 5739 et
2917 5664 3099 5739 cltilt'us
3131 5663 3452 5739 Martyrum,

2403 5731 2788 5802 Quatemioq’ue
2813 5733 2973 5786 simul
3005 5750 3124 5788 ense
3146 5731 3305 5791 vitam
3334 5738 3547 5805 fautum.

2474 5845 2593 5900 Istis
2631 5847 2912 5903 versiculis
2971 5847 3182 5903 addunt
3230 5850 3427 5905 Menam
3481 5851 3758 5907 diSticbon
3813 5847 3972 5914 aliud,
