4158 6484
155 409 259 471 613

1127 406 1316 467 ACTA
1358 408 1463 468 SS.
1508 407 1865 480 EUDOXII,
1913 408 2236 480 ROMULI,
2273 411 2432 471 ETC.

3329 410 3434 475 614

154 526 474 595 exprimens
524 523 701 579 simile
730 524 1053 595 martyrium
1084 522 1144 578 S.
1203 522 1514 588 Calodotes.
1582 541 1749 595 quam
1778 533 1825 589 Α
1853 537 1958 582 est.
1983 526 2115 583 Post
2150 526 2447 600 Trajanum
2480 537 2661 583 autent
2698 537 2750 583 et
2776 529 3014 599 reliquos
3080 530 3436 602 imperatores

154 630 207 673 et
232 618 283 670 iu
311 617 740 671 annuntiatione
767 631 891 671 mox
929 615 1054 669 data
1113 616 1458 686 coniungunt
1509 617 1746 671 laudatis

155 710 449 772 militibus,
482 710 575 763 sed
646 724 936 780 perperam
962 728 979 764 -:
1030 726 1155 764 nam
1187 720 1375 765 saneta
1426 710 1514 763 illa
1544 720 1748 781 martyr

152 804 217 857 ad
252 803 394 855 hanc
418 803 653 855 classem
679 816 787 855 non
857 802 1113 872 pertinet.
1176 800 1406 856 Dabitur
1427 817 1552 860 cum
1581 802 1747 857 sociis

153 898 268 949 suis
295 897 385 948 die
415 894 447 947 6
484 894 846 961 Septembris.
917 894 1178 964 Martyres
1248 902 1429 948 autem
1485 894 1639 957 1104,
1678 894 1749 948 de

152 978 351 1057 quibus
387 988 475 1039 hic
505 995 756 1056 separate
786 987 987 1056 agitur.
1034 989 1176 1042 haud
1234 988 1398 1041 dubie
1466 998 1593 1041 sunt
1669 986 1743 1039 illi

152 1077 371 1143 milites,
439 1094 577 1147 quos
637 1079 874 1148 elogium
937 1080 1162 1132 citatum
1210 1088 1397 1131 narrat
1443 1079 1745 1149 proiecisse

151 1170 359 1224 balteos
388 1186 573 1224 coram
601 1170 839 1239 praeside
870 1171 1123 1238 exemplo
1157 1168 1214 1225 S.
1240 1170 1467 1223 Eudoxii
1494 1188 1507 1236 ;
1540 1170 1748 1223 utrobi-

148 1282 253 1332 que
282 1265 458 1328 enim,
500 1265 665 1316 etiam
700 1266 750 1315 in
775 1264 925 1318 Actis
946 1273 999 1317 et
1041 1279 1145 1317 ms.
1190 1262 1491 1332 Mcnologio
1557 1262 1746 1317 Slaro—

152 1356 405 1417 Russico,
441 1372 503 1408 ac
536 1355 835 1425 Synaxario
873 1351 1149 1409 Ruthenio
1180 1354 1321 1407 infra
1388 1355 1744 1409 memorando

149 1447 291 1500 idem
324 1456 409 1499 est
444 1462 707 1500 numerus
743 1446 900 1511 1104,
931 1460 1033 1500 nec
1072 1446 1240 1499 ullum
1262 1457 1489 1516 apparet
1548 1447 1745 1501 distiu-

150 1539 355 1592 ctionis
379 1541 822 1596 fundamentum.

217 1630 271 1682 6.
310 1630 710 1685 Desiderantur
738 1634 915 1687 sancti
942 1634 1114 1687 nostri
1152 1635 1204 1688 in
1227 1635 1440 1690 duobus
1470 1638 1742 1693 Armeno-

149 1736 266 1773 rum
299 1719 624 1792 Menologiis
644 1724 714 1777 ab
751 1724 1054 1776 Assemano
1081 1724 1241 1777 editis
1264 1733 1409 1777 tomo
1442 1724 1510 1779 111
1548 1724 1745 1781 Biblio-

148 1814 320 1867 theca:
356 1846 357 1849 η
389 1815 690 1868 Orientalis
727 1813 1399 1879 Clementino-Vatieame,
1453 1834 1579 1888 pag.
1636 1819 1743 1873 645

146 1919 200 1962 et
247 1890 388 1969 64ος
445 1920 499 1960 at
542 1911 593 1959 in
668 1922 748 1962 ms
840 1907 1100 1975 Calalogo
1141 1920 1455 1962 sanctorum
1489 1912 1741 1965 Armenis

145 2001 744 2069 celebratornni,quem
778 2000 1150 2070 l’apcbrochio
1209 2001 1355 2055 misit
1395 2003 1454 2058 D.
1508 2003 1745 2057 Ludovi-

146 2105 243 2144 cus
304 2091 540 2160 Piequcs
601 2092 793 2147 doctor
847 2092 1203 2158 Sorbonicus,
1263 2095 1382 2150 haec
1450 2112 1604 2150 unm.
1676 2096 1744 2151 50

147 2182 451 2252 leguntur:
516 2204 534 2235 ι
579 2185 980 2239 Testimonium
1043 2188 1102 2240 S.
1170 2186 1420 2241 Euductii
1470 2188 1740 2259 (Εὺδξίου)

144 2274 507 2343 quiMariuus
535 2284 762 2329 vocatus
789 2287 893 2329 est.
952 2276 1085 2330 Item
1150 2276 1357 2330 Rmneli
1410 2286 1465 2331 et
1518 2279 1738 2343 Macari,

143 2366 232 2436 qui
267 2378 541 2436 martyres
585 2378 828 2437 tempore
856 2369 1096 2435 Traiani,
1135 2368 1471 2437 Septembris
1509 2380 1683 2426 sexto.
1714 2390 1734 2423 ι

147 2460 409 2514 Clemens
464 2459 729 2527 Galanus,
789 2461 882 2530 qui
946 2462 1339 2515 multosannos
1372 2466 1424 2515 in
1480 2463 1739 2517 Armenia

147 2552 533 2607 missionarius
598 2554 720 2616 fuit,
775 2566 927 2620 parte
977 2553 1439 2607 iConciliationis
1490 2552 1744 2607 Ecclesia:

146 2646 402 2697 Arinen-ae
425 2660 550 2697 eum
573 2646 816 2696 Romana
838 2644 890 2696 in
912 2646 1277 2698 Annotatioue
1292 2648 1354 2697 ad
1374 2654 1539 2713 caput
1560 2646 1594 2698 2
1616 2660 1739 2716 pag.

146 2733 233 2795 16,
264 2737 415 2787 inter
447 2746 717 2806 martyres
759 2735 961 2789 ibidem
1031 2752 1221 2805 passos
1252 2746 1499 2790 recenset
1560 2735 1746 2790 Eudo-

143 2826 315 2886 xium,
350 2824 662 2887 Zenonem,
691 2828 981 2881 Macarium
1047 2828 1334 2898 sociosque
1388 2829 1491 2883 sub
1534 2828 1745 2882 Diocle-

144 2919 295 2972 tiano
330 2937 344 2985 ;
373 2929 431 2972 at
463 2918 679 2973 Romuli
712 2936 979 2989 nusquam
1015 2922 1289 2973 meminit.
1313 2920 1483 2974 Porro
1508 2922 1745 2977 eximius

144 3010 474 3079 Picquesius
521 3021 731 3074 monet,
789 3009 1109 3080 priedictuiu
1158 3009 1481 3078 Catalogum
1544 3010 1745 3067 Latine

149 3117 376 3155 versum
434 3117 561 3155 esse
613 3117 680 3154 ex
730 3103 936 3173 ingenti
969 3104 1133 3172 regite
1184 3102 1531 3156 bibliotheca:
1552 3104 1745 3158 codice

144 3192 419 3247 Armenio
444 3192 513 3245 N°
560 3194 691 3259 514,
756 3196 1065 3248 uncialibus
1115 3197 1311 3248 litteris
1353 3196 1555 3266 scripto
1614 3208 1743 3251 ante

141 3300 321 3340 annos
342 3288 414 3340 ab
440 3288 545 3340 hoc
566 3285 700 3340 1687
726 3287 946 3340 circiter
973 3296 1264 3339 sexcentos
1291 3303 1304 3351 ;
1340 3288 1434 3340 scd
1466 3288 1744 3355 interpre-

142 3392 273 3443 tem,
300 3380 581 3435 t)scanum
609 3380 1083 3448 arebiepiscoiium
1103 3379 1422 3439 Armenum.
1446 3377 1588 3431 haud
1606 3382 1743 3432 satis

142 3474 381 3539 peritum
412 3474 602 3527 titulos
640 3474 919 3526 incondite
970 3474 1217 3527 dictasse
1253 3471 1598 3535 amanuensi,
1630 3471 1743 3526 imo

140 3574 193 3617 et
218 3564 525 3617 nonnullos
543 3566 819 3616 omisisse.
846 3565 1009 3615 Addit
1038 3565 1089 3615 in
1115 3565 1312 3617 litteris
1338 3564 1744 3635 posterioribus

141 3656 392 3721 ejusdem
425 3657 560 3708 anni
608 3654 767 3711 1687.
807 3669 864 3708 sc
892 3654 1175 3707 dumtaxat
1226 3671 1397 3723 usque
1449 3671 1741 3710 numerum

140 3752 209 3805 35
252 3751 527 3805 inclusive
594 3748 849 3803 Latinam
908 3748 1215 3801 versionem
1268 3762 1392 3801 cum
1428 3756 1581 3802 textu
1642 3750 1745 3801 Ar.

142 3858 309 3895 meno
380 3841 689 3896 contulisse
739 3857 753 3892 :
822 3841 965 3910 quod
1014 3841 1224 3893 utinam
1280 3840 1363 3893 \‘ir
1405 3840 1653 3895 eruditus
1687 3847 1743 3894 et

140 3931 584 3987 humanissimus
636 3932 865 4000 reliquis
912 3931 1008 3984 111
1069 3929 1314 3984 numeris
1369 3930 1609 3991 fecisset,
1664 3931 1742 3983 si-

140 4024 366 4092 mulque
421 4022 629 4075 omissa
670 4022 738 4073 ab
791 4021 1006 4075 Oscano
1051 4022 1434 4089 supplevisset.
1494 4020 1743 4074 Meminit

135 4130 356 4186 quoque
394 4115 463 4169 ad
527 4114 777 4168 eamdem
816 4114 957 4168 diem
990 4113 1047 4169 S.
1090 4113 1158 4167 M.
1202 4114 1431 4170 Eudoxii
1485 4114 1742 4185 Synaxa-

140 4211 279 4264 rium
297 4208 679 4264 Rullienicum
712 4224 793 4261 ms
826 4248 838 4271 ,
864 4208 1008 4274 quod
1045 4223 1190 4261 anno
1215 4207 1351 4263 1088
1377 4207 1593 4262 Moscua
1613 4208 1742 4261 sub-

138 4304 290 4357 misit
344 4311 541 4357 nostcr
584 4301 698 4355 illic
728 4299 1109 4354 missimiarius
1140 4298 1200 4356 P.
1244 4299 1512 4371 Georgius
1546 4300 1736 4364 David,

137 4390 352 4451 addens
414 4397 469 4448 in
526 4393 636 4448 ﬁne
678 4394 1037 4464 Synaxarium
1075 4394 1219 4448 istud
1275 4410 1397 4448 esse
1446 4409 1741 4449 commune

141 4487 238 4539 toti
272 4486 527 4540 ecclesias
567 4483 906 4537 Rutbeniete.
954 4485 1114 4537 Aliud
1168 4486 1443 4553 peculiare
1480 4486 1736 4539 dimcesis

1850 634 1959 674 non
1999 619 2193 689 paucis
2220 622 2381 674 annis
2402 621 2620 691 elapsis,
2660 636 2785 675 cum
2852 622 3221 677 Diocletianus
3261 625 3435 694 impe-

1852 711 1991 765 rium
2029 713 2260 779 adeptus
2290 726 2456 775 esset,
2484 713 2760 768 Eudoxius
2793 729 2979 769 comes
3011 717 3187 783 capite
3246 718 3436 786 plexos

1850 813 1932 859 est
1961 822 2083 858 eum
2110 806 2331 860 Zenone
2365 817 2420 861 et
2448 807 2702 870 Macario,
2728 808 2840 877 ipa
2872 810 2970 861 σὺν
2997 812 3109 867 τοῖς
3132 811 3221 862 ὑπ’
3257 814 3436 865 αὐτῶν

1853 897 2230 965 στρατιώταις,
2280 899 2371 950 τὴν
2404 899 2634 968 ἀριθμὸν
2672 900 2789 953 οὖσι
2826 902 3020 970 χιλίοις
3058 904 3253 955 ἑκατὸν
3276 908 3430 974 τριά-

1851 1004 2016 1041 κοντα
2049 985 2347 1058 τέσσαρσιν
2391 991 2440 1042 id
2472 999 2574 1061 est.
2611 1007 2713 1043 una
2752 1007 2875 1044 cum
2918 993 3201 1050 militibus.
3232 998 3321 1057 qui
3356 999 3435 1049 eis

1851 1080 2139 1149 parebant,
2180 1097 2409 1134 numero
2438 1081 2584 1161 mille
2632 1064 2873 1135 centum.
2909 1083 3126 1153 triginta
3179 1095 3433 1153 quatuor.

1865 1172 1928 1225 Ἥ
1972 1173 2026 1225 δὲ
2053 1173 2231 1226 αὐτῶν
2270 1172 2490 1237 caveis;
2522 1172 2753 1225 τελεῖται
2794 1175 2851 1226 ἐν
2878 1175 2958 1242 τῷ
2989 1180 3306 1246 μαρτυρείῳ
3336 1177 3430 1229 τσῦ

1851 1265 1942 1332 ἀγ.
1975 1265 2280 1334 llpozoniou
2318 1265 2465 1317 ἔνδον
2515 1265 2606 1315 τοῦ
2642 1266 2730 1331 ἀγ.
2773 1282 2831 1333 μ.
2895 1266 3076 1334 Μηνᾶ.
3114 1265 3437 1320 Celebratur

1851 1364 2032 1413 autem
2065 1358 2309 1424 ipsorum
2343 1362 2605 1410 memoria
2635 1358 2688 1409 in
2747 1358 2992 1412 oratorio
3054 1357 3111 1411 S.
3154 1360 3434 1429 Procopii,

1849 1447 1993 1514 quod
2028 1455 2108 1501 est
2145 1448 2196 1500 in
2234 1449 2435 1517 templo
2476 1446 2532 1502 S.
2570 1449 2637 1501 M.
2665 1450 2865 1505 Menae.
2908 1468 2929 1503 ι
2978 1451 3051 1505 De
3076 1464 3227 1507 sacra
3263 1458 3375 1507 ade
3403 1469 3436 1509 a

1846 1538 2211 1594 Constantino
2243 1541 2434 1610 Magno
2488 1541 2667 1595 dicata
2728 1550 2922 1596 sancto
2965 1543 3136 1598 Mena:
3212 1547 3435 1615 martyri

1848 1641 2026 1700 potest
2062 1632 2230 1686 videri
2292 1632 2530 1703 Caugius
2566 1674 2579 1698 ,
2636 1634 2778 1688 libro
2840 1652 2892 1689 tv
2953 1637 3439 1708 Constantinopolis

1848 1722 2187 1791 Christianae,
2244 1737 2379 1779 seei.
2423 1725 2477 1790 ti,
2532 1742 2683 1780 num.
2745 1728 2853 1795 62;
2912 1730 3111 1784 ibidem
3144 1746 3295 1785 num.
3345 1734 3435 1792 58.

1851 1817 2180 1885 templuan
2234 1817 2461 1873 Eudoxii
2520 1833 2901 1875 consecratum
2951 1823 3115 1879 fuisse
3158 1826 3357 1881 sarculo
3385 1843 3437 1880 tv

1852 1910 1931 1962 vel
1958 1928 2010 1973 v,
2032 1922 2212 1965 narrat
2233 1910 2319 1965 his
2345 1913 2531 1968 verbis
2558 1933 2568 1963 :
2599 1933 2617 1966 ι
2644 1912 2699 1967 S.
2724 1916 2973 1969 Eudoxio
2997 1920 3144 1973 3:ch
3163 1930 3436 1973 exstructa

1846 2003 2076 2071 patricio
2132 2013 2186 2057 et
2222 2005 2502 2075 praefecto,
2532 2005 2895 2061 Constantino
2929 2007 2996 2060 Μ.
3031 2008 3354 2077 imperante.
3390 2011 3437 2066 si

1845 2109 1951 2163 qua
2011 2094 2143 2149 iides
2164 2096 2376 2150 Codino
2408 2112 2530 2166 pag.
2565 2097 2668 2152 594
2696 2109 2845 2153 certe
2892 2099 3194 2153 Eudoxium
3253 2100 3439 2170 praeie‘

1846 2193 1992 2240 ctum
2042 2187 2298 2255 praetorio
2329 2188 2431 2241 sub
2464 2186 3003 2258 Theodosiojuniore
3051 2189 3252 2243 vixisse
3289 2189 3438 2242 indi-

1845 2289 1974 2333 cant
2017 2281 2162 2351 leges
2196 2280 2406 2351 aliquot
2431 2281 2485 2334 in
2508 2282 2640 2336 Cod.
2670 2281 2773 2336 Th.

1921 2395 2040 2462 §ll.
2076 2398 2151 2448 An
2206 2398 2416 2449 sanatio
2453 2396 2748 2450 Iustiniani
2801 2398 3131 2465 imperatoris
3183 2398 3438 2467 martyri-

1845 2466 1936 2517 bus
1955 2467 2091 2518 hisce
2123 2469 2432 2518 ascribemla
2474 2474 2557 2520 sit.
2593 2470 2613 2519 1
2652 2468 2914 2520 Numerus
2943 2467 2997 2520 S.
3032 2466 3439 2521 liudoa‘iisocio-

1846 2553 1959 2589 rum
1981 2554 1997 2598 ;
2023 2536 2271 2605 figuretur:
2292 2538 2355 2590 de
2380 2538 2417 2591 S
2461 2537 2714 2598 Romulo;
2743 2540 2858 2605 ejus
2880 2540 3047 2591 cultus
3072 2540 3124 2591 iu
3150 2539 3434 2600 Hispania,

1844 2607 2052 2675 quando
2081 2618 2127 2659 et
2158 2608 2242 2660 ubi
2278 2621 2535 2677 martyres
2589 2609 2749 2673 passi.
2792 2612 2922 2661 Acta
2977 2608 3182 2672 Gra'ca,
3216 2616 3263 2661 et
3329 2607 3429 2661 Bac

1845 2677 1983 2728 ronii
2004 2677 2313 2745 conjectura
2343 2682 2407 2731 de
2438 2679 2584 2730 mille
2623 2679 2903 2731 militibus.

1922 2813 2186 2869 Baronius
2211 2815 2264 2870 in
2304 2814 2692 2872 Notationibus
2722 2820 2787 2873 ad
2820 2818 3263 2891 MartyroIOgium
3322 2816 3436 2873 Ro-

1847 2924 2066 2962 manum
2093 2909 2194 2963 hac
2226 2906 2313 2965 die
2342 2912 2533 2965 scribit
2557 2911 2877 2980 sequentia:
2915 2930 2933 2963 ι
2967 2910 3041 2965 Ex
3074 2913 3269 2966 borum
3326 2913 3433 2966 mi-

1846 3002 2001 3057 litum
2032 3018 2281 3067 numero,
2319 3005 2411 3072 qui
2455 3002 2712 3059 Melitinaz
2752 3006 2804 3058 in
2863 3004 3123 3059 Armenia
3191 3006 3435 3060 coronati

1848 3102 1996 3155 sunt,
2030 3106 2264 3163 quatuor
2312 3110 2467 3149 sacra
2522 3110 2753 3165 corpora
2817 3097 2995 3151 delata
3044 3098 3438 3152 Constantino-

1792 3176 1811 3258 ξ
1848 3186 2038 3257 polim.
2081 3176 2458 3257 repertasunt
2504 3191 2847 3259 temper-ilius
2903 3191 3196 3246 Justiniani
3255 3192 3389 3263 imp.
3416 3232 3435 3259 ,

1846 3295 2076 3348 quorum
2109 3280 2376 3334 beneﬁcio
2403 3281 2697 3351 imperator
2719 3283 2907 3337 letliali
2970 3287 3160 3347 morbo
3210 3296 3436 3341 curatus

1846 3380 1950 3422 est.
1983 3370 2116 3423 Rem
2178 3381 2381 3438 gestam
2433 3376 2717 3441 perpetuis
2767 3377 2987 3444 dignam
3058 3380 3436 3434 monumentis

1842 3462 2176 3532 conscripsit
2201 3462 2518 3533 Procopius,
2548 3465 2640 3519 lib.
2672 3483 2688 3521 ι
2715 3465 2791 3520 De
2846 3470 3086 3538 (adiﬁciis
3136 3468 3434 3527 Justiniani

1847 3555 2207 3625 imperatoris.
2242 3576 2262 3608 ι
2297 3557 2683 3613 lnvennonem
2731 3561 2924 3615 harum
2964 3563 3319 3631 reliquiarum
3376 3568 3431 3621 in

1846 3649 2047 3715 templo
2091 3650 2149 3700 S.
2186 3648 2373 3703 lrencs
2404 3651 2473 3704 M.
2512 3691 2528 3715 ,
2562 3663 2616 3707 et
2650 3654 2977 3709 beneﬁcium
3005 3659 3303 3711 sanationis
3335 3674 3433 3728 per

1846 3754 1939 3792 cas
1997 3734 2315 3794 .IuStiniano
2402 3747 2706 3811 praestitum
2765 3762 2828 3798 ex
2907 3750 3099 3800 eodem
3167 3748 3432 3819 Procopio

1844 3830 2172 3886 Caesariensi
2204 3833 2370 3887 refert
2395 3834 2461 3887 ad
2513 3850 2717 3888 annum
2784 3836 2987 3891 Christi
3060 3839 3164 3893 500
3218 3840 3432 3895 num.2

1845 3922 2049 3979 Verum
2084 3925 2411 3997 Procopius,
2443 3944 2591 3983 anno
2631 3930 2768 3984 1665
2795 3946 2919 3984 cum
2973 3932 3429 4000 interpretatione

1842 4016 2018 4069 nostri
2055 4017 2267 4069 Claudii
2302 4017 2535 4071 Maltreti
2572 4017 2795 4071 Parisiis
2820 4021 3025 4080 editus,
3065 4022 3264 4084 librat,
3302 4038 3425 4094 cap.

1844 4107 1873 4159 7
1895 4123 2002 4161 non
2029 4108 2191 4162 habet
2214 4118 2468 4178 quatuor,
2490 4110 2583 4164 sed
2610 4111 2708 4180 οὐχ
2725 4107 2891 4181 ἧσσον
2921 4112 2953 4180 ἢ
2980 4120 3417 4186 τεσσαράκοντα,

1844 4200 1898 4254 td
1936 4211 2040 4262 est,
2076 4217 2181 4255 non
2248 4191 2429 4256 minus
2505 4218 2668 4271 quam
2729 4205 3138 4274 quadraginta;
3190 4220 3243 4262 et
3300 4210 3429 4264 licet

1843 4293 2040 4345 subdat
2074 4293 2173 4344 lios
2208 4292 2377 4345 fuisse
2410 4290 2687 4346 Romanos
2729 4296 2933 4347 milites
2963 4296 3190 4366 legionis
3213 4300 3427 4355 duode-

1843 4384 2020 4447 cima,
2066 4400 2227 4453 quam
2248 4384 2378 4437 olim
2435 4387 2815 4438 stationariam
2855 4388 3201 4443 babuiturbs
3228 4393 3426 4447 Arme-

1846 4477 1945 4529 niae
1973 4476 2227 4529 Melitette
2257 4495 2270 4540 ;
2302 4493 2410 4529 nou
2447 4487 2629 4531 tamen
2657 4479 2796 4530 dicit
2834 4480 2887 4531 in
2912 4495 2974 4532 ea
3034 4481 3167 4535 urbe
3219 4495 3428 4555 marty-

137 4577 499 4639 Kiioviensis,
554 4576 747 4630 eodem
791 4575 1107 4646 interprete,
1145 4575 1219 4629 ita
1250 4576 1408 4630 habet
1444 4590 1457 4627 :
1519 4590 1541 4627 ι
1582 4575 1645 4631 Ει
1675 4576 1734 4633 S.
1771 4590 1815 4648 ι)
1844 4568 1983 4621 rium
2008 4582 2129 4621 esse
2150 4582 2357 4635 passos.
2386 4567 2525 4622 Hinc
2558 4570 2784 4623 dubium
2820 4580 2925 4636 est,
2953 4586 3022 4626 an
3058 4588 3288 4644 corpora
3332 4575 3428 4631 illa

139 4670 209 4724 M.
236 4670 499 4729 Eudoxii.
530 4677 588 4723 ct
617 4683 739 4721 cum
771 4682 837 4721 eo
886 4667 1042 4721 “0i.
1083 4687 1101 4719 ι

204 4760 257 4820 7,
298 4762 429 4814 Mss.
468 4760 672 4811 Melana
736 4759 920 4813 Graeca
969 4760 1308 4814 bibliothecae
1360 4761 1737 4816 Ambrosianaa

138 4866 192 4909 et
221 4854 330 4908 PP.
363 4851 852 4907 Domiuicanorum
879 4860 1185 4904 eouveutus
1226 4852 1282 4903 S.
1305 4853 1469 4906 Marci
1505 4854 1737 4908 Floren-

142 4947 248 5009 tiae,
278 4963 344 4998 ac
385 4946 838 5012 supplementum
876 4945 940 4998 ad
972 4943 1173 4998 Menaca
1226 4959 1423 4998 excusa
1447 4946 1736 5001 collectum

141 5058 205 5095 ex
227 5040 326 5094 Ms.
348 5040 654 5110 Synaxario
669 5040 1087 5089 membranaceo
1105 5039 1329 5104 antiquo
1348 5038 1407 5090 l‘.
1433 5036 1736 5101 Sirmondi,

142 5134 199 5187 S.
226 5132 529 5188 Romulum
559 5137 686 5184 ante
721 5128 854 5182 alios
874 5129 1228 5189 annuutiant,
1284 5128 1459 5195 prima
1516 5130 1734 5198 quidem

145 5227 246 5279 hoc
277 5226 493 5281 modo:
540 5241 559 5271 ι
595 5221 827 5291 liomyli,
881 5219 1136 5281 Eudoxii,
1201 5219 1460 5283 Zenonis,
1522 5221 1736 5276 Macarii

147 5320 214 5373 ll.
250 5358 266 5382 ,
298 5335 323 5367 ι
381 5314 558 5369 altera
596 5315 813 5366 titulum
846 5311 1077 5373 addunt,
1122 5330 1139 5362 ‹
1180 5310 1444 5366 Romulus
1477 5317 1735 5384 praeposi—

150 5424 254 5476 tus,
286 5405 602 5468 Eudoxius,
658 5403 869 5467 Zenon,
927 5404 1234 5469 Macarius;
1272 5423 1290 5454 ι
1329 5405 1551 5458 tertium
1604 5422 1735 5461 vero

146 5503 330 5556 Griece
383 5500 461 5553 ita
522 5497 734 5562 habet;
791 5514 809 5546 ι
846 5495 1032 5549 Passio
1115 5492 1216 5547 SS.
1277 5494 1400 5549 MM.
1491 5494 1731 5561 Romuli,

146 5591 399 5656 Eudoxii,
431 5587 677 5643 Zenonis
729 5597 787 5641 et
846 5580 1084 5641 Macarii.
1126 5604 1146 5636 ι
1178 5586 1420 5655 Elogium
1477 5587 1736 5656 subjunc-

143 5697 251 5741 tum
287 5684 551 5755 quadam
587 5678 658 5733 ab
719 5681 869 5734 Actis
934 5683 1148 5733 diversa
1203 5679 1468 5737 continet.
1505 5680 1733 5748 proinde

140 5779 189 5832 in
220 5792 395 5848 pauca
438 5774 492 5827 id
511 5768 803 5826 contrahe.
845 5790 863 5822 ι
905 5770 979 5824 Ex
1022 5770 1169 5824 hisce
1227 5769 1434 5821 sanetis
1474 5768 1734 5824 Romulus

137 5870 475 5942 praepositus
505 5866 613 5921 sub
636 5863 872 5933 Traiano
901 5866 1235 5933 imperatore
1297 5862 1594 5917 deeollatus
1626 5871 1729 5919 est.

1840 4662 2047 4716 fuerint
2078 4663 2383 4732 aliquorum
2412 4678 2476 4717 ex
2504 4663 2787 4718 hodiernis
2821 4665 3104 4727 militibus.
3146 4678 3200 4722 et
3234 4684 3427 4724 conse-

1838 4763 2072 4821 quenter
2097 4770 2163 4807 an
2221 4755 2358 4823 ipsis
2414 4755 2609 4807 ascribi
2662 4756 2858 4809 debeat
2920 4768 3189 4826 patratum
3257 4763 3426 4814 mira-

1837 4847 2043 4902 culum.
2086 4847 2494 4913 Tillemontius,
2531 4858 2679 4901 tomo
2701 4846 2741 4900 ll
2772 4847 3236 4906 Monumemorum
3256 4858 3423 4908 eccle-

1838 4941 2173 4993 siasticarum
2206 4942 2462 4996 secunda:
2512 4940 2791 5004 editionis,
2826 4957 2945 5011 pag.
2982 4943 3088 4996 574
3113 4947 3426 5013 suspicatur

1838 5032 2006 5086 fuisse
2034 5035 2291 5100 reliquias
2322 5032 2618 5086 celebrium
2648 5032 2716 5083 40
2742 5030 3035 5100 Martyrum
3097 5029 3425 5087 Sebasteno-

1840 5140 1985 5189 rum,
2010 5139 2131 5193 quae
2161 5140 2330 5193 prope
2352 5122 2887 5192 Constantinopolim
2951 5125 3053 5178 sub
3103 5123 3419 5181 Theodosio

1838 5216 1883 5270 ll
1913 5217 2148 5269 inventa:
2177 5226 2328 5278 sunt,
2349 5217 2415 5269 de
2443 5217 2649 5285 quibus
2676 5216 2745 5268 ad
2771 5216 2921 5269 diem
2947 5232 2976 5268 ι
3008 5214 3204 5269 Martii.

1908 5309 1962 5362 9.
1996 5310 2376 5362 Tilleuiontins
2401 5310 2599 5363 citatus
2634 5324 2923 5362 numerum
2951 5306 3007 5363 S.
3035 5309 3267 5363 Eudoxii
3331 5325 3422 5364 so-

1837 5401 2047 5455 ciorum
2105 5410 2267 5471 auget
2322 5404 2607 5456 trecentis.
2662 5400 2864 5454 Scribit
2916 5404 3062 5455 enim
3107 5400 3266 5466 1404,
3322 5417 3419 5472 pro

1838 5492 1997 5555 1104,
2058 5492 2220 5560 idque
2278 5493 2363 5546 bis
2423 5495 2644 5563 reperit,
2675 5492 2914 5562 allegatis
2966 5492 3166 5547 Men-.ea
3223 5508 3419 5563 magna

1835 5584 2157 5640 Graecorum
2205 5585 2465 5639 editionis
2526 5585 2742 5639 Veneta:
2801 5588 2931 5639 anni
3003 5584 3162 5640 1528.
3234 5586 3417 5640 Εόὶιίο

1835 5676 1924 5731 illa
1939 5675 2147 5730 mihiad
2167 5691 2387 5730 manum
2408 5692 2517 5729 non
2548 5688 2667 5743 est;
2694 5680 2785 5732 sed
2813 5676 3066 5746 quoniam
3088 5681 3141 5734 in
3170 5678 3413 5742 Menaeis.

1836 5786 1957 5840 qua:
1995 5784 2139 5824 anno
2172 5771 2311 5826 1505
2334 5769 2579 5825 Venetiis
2605 5772 2950 5842 prodierunt,
3007 5773 3060 5825 iu
3114 5773 3418 5844 Menologio

1839 5864 2132 5922 cardinalis
2166 5861 2371 5933 Sirleti,
2435 5868 2588 5923 Actis
2619 5883 2650 5921 a
2677 5865 3048 5941 Metaphraste
3095 5866 3416 5950 conscriptis
