4158 6488
770 399 875 462 615

1996 396 2158 458 ΜΕΝ
2165 397 2283 458 SIS
2322 398 2791 461 SEPTEMBER-
3922 407 4011 470 6l6

770 542 825 584 et
846 527 973 583 alibi
1001 536 1388 599 computantur
1422 528 1687 583 duntaxat
1718 527 1855 582 1104
1888 528 2180 592 ;existimo
2230 527 2331 583 Til-

2445 513 2570 567 huie
2620 524 2696 568 tot
2730 514 3091 571 adversantur
3119 515 3454 587 argumenta,
3482 529 3614 590 quot
3645 520 3881 576 Romulo
3912 541 4013 579 aevo

769 618 1084 673 letnontium
1134 634 1418 689 perperam
1469 619 1653 673 Graeca
1703 619 1953 674 vertisse.
1982 619 2336 674 Undeautem

765 711 819 762 in
847 710 1235 779 Supplemento
1281 712 1344 764 ad
1411 711 1614 764 Menaaa
1685 727 1904 773 excusa,
1968 712 2124 780 cujus
2170 713 2334 766 verba

764 799 890 853 dedi
921 815 1074 854 num.
1097 801 1147 863 7,
1169 801 1232 853 ad
1250 800 1537 869 prazdietos
1565 800 1701 854 1104
1723 801 2056 854 accesserint
2091 803 2336 872 triginta,

765 906 1104 961 compertum
1140 909 1245 946 non
1281 894 1454 947 habeo
1488 911 1500 946 ε
1537 908 1710 962 neque
1738 894 1806 946 ob
1840 894 2008 946 solam
2055 894 2336 964 Synaxarii

765 986 1130 1040 Sirmondiani
1155 989 1537 1040 auctoritatem
1564 1002 1854 1039 numerum
1904 986 1956 1037 in
2018 986 2338 1057 Martyrolo-

760 1077 847 1147 gio
917 1079 1162 1131 Romano
1219 1079 1554 1146 descriptum
1631 1093 1828 1146 augere
1903 1079 2067 1141 volui_
2136 1081 2214 1131 Ad
2278 1079 2335 1135 S.

769 1167 1062 1222 Romulum
1122 1173 1265 1236 quod
1325 1173 1540 1231 attinet,
1598 1184 1723 1224 cum
1787 1171 1995 1223 Pseudo
2030 1170 2226 1223 Dexter
2284 1173 2336 1224 in

761 1261 1031 1314 Chronico
1059 1261 1124 1314 ad
1158 1277 1360 1314 annum
1393 1262 1587 1315 Christi
1645 1262 1743 1315 100
1771 1279 1926 1314 1111111,
1965 1261 1998 1313 ‘2
2041 1262 2337 1330 iiiSpanum

763 1351 892 1405 facit
940 1367 1004 1405 ac
1056 1353 1289 1421 Trajano
1341 1354 1713 1422 homopolum,
1771 1354 1842 1406 ita
1887 1355 2179 1407 scribens:
2223 1373 2238 1402 1
2278 1354 2335 1406 S.

760 1444 1025 1498 Romulus
1050 1441 1267 1512 Trajani
1310 1445 1540 1498 (Ia-saris
1607 1445 1913 1513 praefectus,
1963 1446 2136 1513 patria
2197 1445 2340 1497 111111-

759 1535 958 1592 Censis.
996 1533 1263 1601 Hispanus
1300 1538 1350 1587 in
1382 1536 1692 1603 Hispaniam
1722 1538 1786 1587 ab
1845 1537 2036 1590 eodem
2073 1536 2339 1604 relegatus

758 1626 810 1678 in
846 1625 1134 1680 Celtiberia
1170 1629 1391 1697 patitur.
1435 1649 1452 1679 1
1494 1628 1700 1697 Nempe
1735 1630 2002 1682 innumeri
2077 1639 2338 1698 martyres

757 1719 824 1772 ad
851 1719 1127 1772 Orientem
1167 1723 1335 1789 passi,
1371 1738 1600 1788 quorum
1635 1723 1902 1775 duntaxat
1973 1723 2220 1775 meminit
2268 1737 2333 1774 ex

758 1813 996 1879 antiquis
1027 1813 1340 1866 Gra'corum
1389 1814 1772 1883 Mcnologium,
1807 1814 2336 1867 Pseudo-Archiu'ic—

2444 606 2534 660 illo
2569 622 2728 676 pares
2762 625 2889 665 esse
2926 621 3238 680 potuerunt,
3282 615 3480 667 nedum
3535 631 3694 683 pares
3749 618 4008 672 vixerunt.

2443 696 2716 754 Habemus
2781 703 3038 755 Actorum
3071 705 3234 758 verba
3272 721 3370 774 pro
3399 706 3542 760 mille
3573 709 3811 763 testibus
3838 727 3853 764 :
3890 711 4012 764 Tum:

2442 790 2726 842 adductum
2780 791 3166 862 (Onesimum)
3208 796 3277 848 ad
3334 797 3569 850 tribunal
3623 798 3852 852 Tertulli
3909 819 4011 856 cum

2441 877 2664 934 Romulo
2703 883 2943 950 (Idjufore
2996 895 3041 937 et
3099 885 3271 955 Papia
3325 888 3590 953 spirituali
3647 895 4009 955 commilitone,

2441 970 2780 1041 interrogavit
2817 974 3090 1040 Tertullus,
3127 980 3299 1032 dicens
3330 996 3346 1030 .‘
3382 981 3508 1042 Quis
3540 997 3592 1033 es
3620 983 3644 1032 .9

2519 1065 2608 1116 12.
2647 1084 2662 1113 1
2718 1064 2879 1120 Plane
2930 1071 3012 1121 vel
3072 1070 3160 1122 hic
3212 1071 3501 1124 Onesimus
3543 1074 3630 1126 ille
3689 1073 4015 1128 Philemonis

2441 1157 2803 1212 Collosscnsis
2837 1175 3045 1222 servus.
3079 1164 3145 1213 de
3195 1179 3303 1230 quo
3331 1165 3439 1232 agit
3484 1163 3686 1218 Paulus
3733 1168 4015 1233 Apostolus

2446 1250 2688 1319 Epistula
2731 1253 2797 1303 ad
2842 1251 3078 1308 Philem.
3123 1267 3284 1324 atque
3315 1256 3452 1308 idem
3491 1256 3805 1323 Ephesium
3843 1267 4014 1327 postea

2441 1345 2754 1411 episcOpus,
2815 1355 2872 1396 ut
2923 1359 3242 1413 apparctex
3321 1348 3560 1414 Epistula
3593 1348 3648 1401 S.
3709 1350 3903 1416 lgnatii
3960 1351 4014 1403 ad

2443 1424 2754 1500 Ephesios;
2797 1436 2879 1487 vel
2919 1448 3117 1504 martyr
3158 1438 3294 1489 alius
3353 1437 3448 1489 SS.
3507 1439 3685 1504 Alpltii
3755 1440 4018 1492 l’liiladel-

2443 1527 2552 1592 phii
2597 1537 2648 1579 et
2681 1526 2864 1596 Cyrini
2906 1533 3224 1596 praeceptor.
3285 1529 3529 1584 Puteolis
3588 1542 3682 1583 aut
3744 1532 3796 1584 in
3851 1533 4016 1589 Sicilia

2443 1633 2545 1669 una
2607 1634 2726 1670 cum
2792 1619 2854 1670 iis
2887 1635 3094 1684 passus,
3132 1621 3270 1684 quod
3330 1625 3502 1689 magis
3566 1623 3743 1690 placet
3779 1622 4017 1676 Ferrario

2441 1708 2494 1759 in
2523 1706 2695 1760 Catal.
2748 1714 3071 1763 Sanctorum
3131 1713 3191 1761 16
3231 1711 3509 1764 Februarii
3558 1726 3611 1766 et
3663 1716 3722 1766 51
3794 1715 3938 1777 Julii,
3971 1729 4017 1769 et

2444 1800 2796 1852 Henschenio
2859 1811 2987 1854 tam.
3019 1802 3060 1853 11
3111 1801 3392 1854 Februarii
3460 1821 3575 1870 pag.
3607 1805 3733 1864 8.58,
3777 1809 4016 1870 nurn.l5,

755 1903 840 1956 dis
869 1906 1025 1971 hujus
1065 1905 1294 1972 (Ilextri)
1323 1921 1485 1973 opera
1519 1906 1567 1958 in
1596 1908 1692 1959 hos
1713 1916 1916 1959 tractus
1949 1917 2331 1972 terrarumque

2440 1893 2856 1959 conl'udisseque
2888 1894 3302 1963 iletaphrastem
3363 1897 3653 1963 utriusque
3707 1911 3795 1948 res
3828 1906 4016 1965 gestas.

757 1994 961 2061 ﬁnem,
1002 1995 1178 2050 Gades
1251 1997 1625 2059 transierunt,
1687 1999 1863 2066 inquit
1941 2001 2020 2051 vir
2077 2009 2332 2068 Spectata:

755 2088 1080 2142 eruditionis
1157 2088 1215 2141 Ι).
1266 2089 1517 2145 Νἱςοιουε
1570 2092 1840 2143 Antonius
1889 2091 1941 2143 in
2005 2092 2204 2143 litteris
2263 2091 2332 2144 ad

754 2177 1076 2234 Bollandum
1101 2179 1240 2232 datis
1267 2195 1415 2233 anno
1441 2180 1594 2234 1653.
1615 2181 1757 2244 Quid
1789 2198 1913 2234 vero
1942 2183 2221 2248 speciatim
2264 2182 2333 2235 de

754 2270 813 2325 S.
873 2271 1107 2325 Romulo
1159 2272 1415 2335 senserit,
1480 2276 1662 2341 accipe
1698 2289 1761 2326 ex
1815 2288 1942 2336 mss.
1982 2275 2154 2340 ipsius
2185 2283 2334 2342 post-

754 2364 956 2428 humis,
1005 2380 1123 2434 qua:
1171 2363 1421 2433 Cuperus
1461 2379 1649 2418 noster
1717 2381 1861 2418 anno
1929 2366 2058 2418 1121
2120 2367 2329 2419 Madriti

754 2471 948 2525 magna
974 2471 1038 2509 ex
1073 2467 1224 2524 parte
1246 2457 1561 2524 descripsit.

827 2549 916 2603 10.
956 2566 972 2596 1
1013 2548 1301 2600 Romulum
1358 2556 1572 2615 oportet
1623 2548 1840 2616 quidem
1896 2547 2036 2616 apud
2088 2547 2303 2601 Grycos

754 2642 1014 2710 martyrio
1050 2642 1322 2694 sublatum
1359 2657 1372 2692 :
1403 2639 1638 2707 quomdo
1665 2640 1808 2692 enim
1842 2640 2006 2692 homo
2034 2638 2327 2708 Hispanus,

755 2743 812 2786 et
844 2737 896 2785 in
955 2732 1208 2798 Hispania
1247 2747 1342 2800 pro
1379 2747 1502 2783 vera
1558 2732 1660 2784 11110
1710 2733 1941 2794 occisus,
1979 2747 2195 2784 omnem
2249 2730 2330 2784 sui

754 2825 1074 2879 memoriam
1141 2824 1205 2877 ad
1288 2822 1504 2877 Grzecos
1590 2824 2066 2893 transportaverit,
2131 2823 2329 2875 nullam

754 2916 899 2970 domi
937 2925 990 2967 ct
1021 2915 1160 2982 apud
1192 2931 1318 2969 suos
1353 2914 1636 2982 reliquerit
1665 2917 1687 2967 ?
1721 2916 1793 2967 De.
1825 2915 1928 2968 hoc
1975 2916 2170 2969 docere
2224 2927 2332 2964 non

757 3005 1059 3058 debuerunt
1084 3004 1228 3074 gravi
1258 3013 1688 3072 propugnatores
1720 3004 2122 3057 mendacissimi
2155 3003 2332 3055 Chro-

754 3097 890 3150 nici.
926 3098 991 3152 Et
1037 3098 1279 3150 referunt
1315 3096 1414 3148 hoc
1465 3110 1718 3151 sermone
1774 3097 1941 3149 Grarci
2005 3096 2329 3151 occisionem

761 3190 1032 3259 martyris,
1073 3188 1278 3244 nullum
1327 3197 1386 3241 ut
1429 3189 1698 3255 relinquat
1755 3189 1930 3242 locum
1993 3188 2328 3255 relegationi.

759 3280 1022 3335 Romulus
1052 3280 1271 3341 dicitur,
1304 3287 1585 3346 postquam
1629 3281 1893 3332 suasisset
1937 3277 2172 3330 Traiano
2225 3278 2328 3330 mi-

757 3368 909 3422 litum
940 3369 1374 3426 Christianorum
1402 3367 1627 3434 czedem,
1660 3370 1711 3422 iu
1743 3384 1800 3422 se
1828 3382 2126 3423 conversus
2152 3368 2329 3421 credi-

753 3460 897 3514 disse
927 3461 979 3513 in
999 3459 1296 3519 Christum,
1322 3460 1814 3529 imperatoremque
1845 3459 2140 3526 impietatis
2166 3473 2329 3514 accu-

758 3567 924 3605 sasse.
956 3570 974 3601 »
1036 3551 1174 3604 Tum
1207 3551 1388 3604 subdit
1424 3552 1584 3603 verba
1613 3551 1859 3619 quaedam
1906 3563 1970 3600 ex
2024 3548 2329 3618 Menologio

755 3642 939 3697 Basilii
983 3651 1037 3696 et
1104 3658 1169 3696 ex
1216 3641 1601 3712 Metaphraste,
1657 3642 1780 3695 dein
1813 3641 1890 3694 sic
1952 3654 2326 3710 prosequens:

760 3754 779 3788 1
814 3735 1030 3788 Nullum
1058 3735 1147 3788 hic
1178 3735 1334 3788 fateri
1362 3750 1500 3802 opus
1523 3744 1605 3790 est
1646 3733 1992 3802 Hispaniensi
2051 3733 2333 3800 relegatio-

756 3827 865 3886 nis,
926 3824 1292 3890 Celtiberique
1359 3825 1600 3892 martyrii
1665 3823 2003 3888 vestigium;
2065 3822 2329 3889 siquidem

755 3914 1043 3983 Trajanuiu
1077 3915 1126 3965 in
1161 3912 1471 3982 Hispaniam
1501 3912 1712 3968 venisse.
1739 3928 2037 3981 nunquam,
2063 3929 2124 3964 ex
2163 3912 2329 3966 Dione

754 4015 807 4059 et
834 4005 952 4059 aliis
979 4006 1476 4074 compertissimum
1507 4014 1611 4057 est.
1644 4022 1660 4053 1
1700 4003 1970 4058 Hactenus
1999 4004 2065 4056 de
2098 4003 2330 4056 adducto

754 4096 1006 4149 Clironici
1058 4098 1218 4160 loco;
1275 4099 1419 4164 quod
1486 4096 1732 4163 sequitur
1792 4094 1917 4146 ferit
1984 4093 2345 4162 potissimum

751 4187 1018 4241 Joannem
1054 4185 1352 4258 Tamayum
1407 4185 1625 4241 Salazar
1669 4185 2088 4254 martyrologuin
2139 4185 2331 4254 llispa—

752 4293 906 4339 num,
967 4276 1059 4344 qui
1115 4277 1164 4328 in
1222 4275 1375 4329 Notis
1415 4277 1478 4328 ad
1542 4276 1576 4329 5
1630 4275 1966 4344 Septembris
2037 4273 2139 4328 alia
2195 4274 2327 4328 lalsa

752 4384 817 4423 ex
873 4368 1089 4421 Bivario
1142 4367 1532 4435 superaddidit.

825 4475 912 4531 11.
955 4491 974 4526 1
1009 4472 1126 4528 Non
1162 4483 1342 4527 autem
1395 4474 1634 4528 contenti
1684 4473 1913 4529 Romulo
1949 4474 2066 4530 cive
2096 4482 2151 4528 et
2183 4490 2328 4529 mar-

753 4577 869 4636 tyre
899 4565 1079 4618 Dextri
1115 4565 1360 4618 vindices
1402 4563 1646 4618 Bivarius
1675 4574 1730 4619 et
1761 4565 2016 4635 'l'amajus
2059 4570 2325 4637 progressi
2360 4583 2404 4637 ι)

753 4664 883 4708 sunt
942 4653 1187 4717 ulterius,
1259 4663 1315 4707 et
1376 4657 1517 4724 quod
1591 4657 1642 4707 in
1691 4656 1837 4709 Actis
1889 4653 2127 4712 Onesimi
2171 4675 2201 4716 a
2241 4659 2329 4712 5i-

751 4760 943 4799 meone
973 4747 1230 4813 Scriptum
1285 4747 1449 4799 fuerit
1503 4745 2230 4818 Metaphraste(Februario
2261 4748 2328 4803 16

761 4837 905 4903 apud
937 4834 1156 4887 Suriutn
1191 4846 1324 4889 tom.
1355 4839 1398 4899 l,
1431 4845 1446 4906 )
1489 4841 1725 4894 oblatum
1762 4856 1884 4892 eum
1922 4838 2160 4895 Tertullo
2194 4855 2329 4908 pra:-

753 4929 853 4981 sidi
889 4943 990 4980 una
1015 4943 1136 4981 cum
1167 4929 1328 4983 sociis
1360 4929 1590 4984 Romulo
1621 4943 1673 4985 et
1702 4932 1860 5001 Papia
1897 4950 1911 4999 ;
1941 4933 2141 4996 statim,
2173 4933 2326 5000 quasi

751 5021 1050 5076 revelatum
1106 5023 1206 5074 sibi
1243 5023 1504 5075 divinitus
1547 5024 1756 5082 luisset,
1800 5024 2044 5074 Bivarius
2078 5037 2186 5076 non
2226 5025 2326 5076 du-

749 5113 988 5168 bitanter
1027 5112 1292 5166 aliirmare
1337 5129 1501 5166 ausus
1547 5125 1654 5178 est,
1717 5116 1971 5168 eumdem
2032 5114 2174 5173 hunc
2204 5129 2326 5167 esse

754 5223 878 5259 cum
920 5216 1108 5259 nostro
1136 5205 1409 5267 Romulo;
1446 5209 1529 5258 cui
1569 5209 1856 5260 temerario
1888 5207 2045 5260 ausui
2079 5212 2324 5260 obstrin-

751 5311 876 5364 gere
947 5296 1024 5348 nil
1078 5296 1281 5349 veritus
1331 5294 1567 5350 Joannes
1609 5297 1887 5366 Tamujus,
1928 5300 1977 5349 in
2032 5300 2161 5350 Acta
2206 5303 2320 5366 ipsa

747 5386 988 5452 ltomuli,
1030 5401 1146 5456 qua!
1182 5388 1251 5440 ad
1304 5389 1561 5442 obruzam
1617 5391 1729 5442 veri
1783 5398 1836 5444 et
1890 5392 2154 5459 comperti
2211 5406 2317 5446 non

746 5478 881 5533 alias
927 5477 1148 5530 formari
1179 5477 1258 5530 fas
1287 5488 1342 5532 et
1369 5495 1581 5548 acquum
1611 5480 1734 5544 11111,
1767 5481 2114 5533 vanissimam
2148 5480 2319 5535 admi-

745 5570 815 5623 sit
841 5567 1039 5623 Bivarii
1067 5570 1432 5637 conjecturam
1461 5587 1475 5635 ;
1509 5572 1910 5640 Romulumque
1935 5571 2152 5640 Trajani
2176 5573 2320 5628 hunc

749 5661 1063 5741 praelectum
1103 5660 1344 5714 Onesimi
1395 5662 1603 5715 socium
1657 5660 1806 5714 illum
1871 5663 2172 5717 constituit.
2213 5661 2318 5716 Sed

743 5771 1012 5824 quaenam.
1055 5757 1154 5822 ais,
1208 5757 1514 5826 iniecerunt
1579 5756 1717 5812 hanc
1771 5768 2006 5813 mentem
2061 5756 2320 5811 Bivario?

743 5848 823 5901 Αη
873 5852 1044 5907 solam
1077 5852 1320 5906 nominis
1379 5852 1646 5906 rationem
1705 5863 1928 5906 secutus
1990 5849 2135 5905 fuit?
2179 5851 2314 5904 Nam

2441 1985 2496 2039 Si
2559 1990 2794 2056 primum
2848 1990 3072 2053 dixeris,
3117 1994 3269 2042 lateri
3326 2004 3542 2058 oportet
3601 2004 4014 2060 consequenter,

2438 2079 2750 2143 Romulum,
2782 2098 2941 2149 quiem
2973 2084 3212 2148 apellant
3264 2084 3571 2150 adjutorem
3599 2090 3845 2154 cpiswpi
3896 2092 4015 2141 Acta

2436 2172 2701 2235 Onesimi,
2735 2175 2898 2226 alium
2955 2192 3173 2241 prorsus
3217 2177 3283 2229 ab
3316 2192 3380 2228 eo
3413 2177 3602 2242 fuisse,
3656 2181 3749 2246 qui
3807 2193 4018 2248 propter

2435 2265 2820 2334 Opprobratam
2887 2266 3121 2335 Traiano
3204 2269 3571 2337 impietatem,
3661 2273 3825 2338 cujus
3892 2275 4016 2327 aulze

2435 2360 2690 2427 magister
2737 2370 2872 2423 erat,
2917 2377 3134 2414 causam
3177 2377 3354 2413 eorum
3394 2379 3461 2416 eo
3510 2365 3665 2417 dixit.
3721 2365 3826 2430 Qui
3880 2370 4013 2419 enim

2436 2452 2598 2504 simul
2630 2467 2756 2504 esse
2795 2461 3006 2515 poterat
3059 2454 3290 2520 praetorii
3343 2455 3571 2524 Augusti
3632 2459 3926 2524 pitel‘ectus
3967 2467 4016 2510 et

2438 2542 2691 2610 liphesini
2780 2544 3017 2611 episc0pi
3086 2544 3418 2611 coadjutor?
3493 2543 3689 2613 Neque
3749 2549 3881 2600 item
3943 2550 4015 2601 sic

2430 2635 2616 2704 jejuno
2650 2637 2779 2689 Acta
2812 2637 2878 2690 de
2913 2635 3145 2690 Romulo
3183 2647 3346 2692 tanta:
3380 2639 3433 2691 in
3490 2640 3692 2693 szeculo
3739 2640 4014 2709 dignitatis

2437 2728 2551 2779 viro
2631 2738 2876 2797 agerent,
2946 2739 3004 2781 ut
3052 2731 3332 2796 quaerendi
3388 2731 3566 2783 locum
3625 2732 4012 2799 relinquerent.

2434 2817 2559 2885 quis
2606 2818 2689 2869 ille
2720 2827 2885 2871 esset.
2918 2818 2970 2870 Si
3007 2833 3130 2872 rere
3161 2819 3513 2872 Puteolanum
3551 2833 3846 2891 martyrem
3879 2825 4013 2878 hunc

2438 2910 2657 2968 dixeris,
2716 2910 2847 2962 nihil
2899 2911 2965 2963 ad
2995 2927 3116 2963 cum
3177 2914 3451 2977 pertinere
3511 2915 3602 2983 qui
3660 2917 3762 2968 sub
3817 2917 4012 2970 ultimis

2436 3001 2666 3057 ethnicis
2709 3003 3270 3070 imperatoribus,hoc
3298 3016 3398 3068 est,
3436 3008 3516 3059 vel
3556 3009 3718 3060 Decio
3751 3010 3835 3062 vel
3884 3009 4015 3064 Lici-

2439 3096 2527 3148 nio
2566 3097 2942 3164 triumphavit,
2979 3097 3266 3150 ltornulum
3293 3097 3513 3165 Trajani
3540 3110 3832 3171 martyrem
3862 3103 4012 3157 fateri

2437 3189 2842 3251 compellantur.
2887 3188 3055 3242 Porro
3101 3191 3230 3257 quid
3261 3191 3457 3244 mirum
3508 3192 3561 3245 in
3597 3191 3694 3246 bas
3739 3200 4015 3258 angustias

2437 3278 2700 3341 deveniri,
2738 3280 2956 3348 quando
2985 3282 3221 3351 undique
3263 3285 3497 3338 corrosis
3537 3287 3700 3339 etiam
3727 3287 4013 3340 levissimis

2435 3372 2772 3441 argumentis
2803 3382 2910 3425 tam
2945 3390 3111 3426 sacrie
3149 3391 3236 3429 res
3295 3377 3650 3429 tractantur?
3703 3377 3836 3441 Quae
3887 3377 4012 3430 falsa

2435 3472 2579 3524 sunt,
2625 3473 2769 3514 certe
2814 3475 3090 3529 nequeunt
3120 3465 3461 3532 comprobari
3496 3466 3617 3518 aliis
3649 3469 3753 3518 nisr
3794 3467 4012 3535 inepte;

2436 3560 2492 3605 ct
2541 3566 2762 3604 movere
2813 3551 3014 3618 aliquid
3078 3557 3313 3620 oportet,
3352 3563 3409 3606 ut
3468 3555 3599 3609 nihil
3659 3557 3769 3608 tial.
3809 3575 3829 3607 1
3894 3555 4012 3610 Huc

2435 3653 2626 3696 contra
2660 3642 2991 3696 fabulatores
3028 3643 3146 3698 illos
3178 3645 3424 3699 eruditus
3464 3648 3758 3716 llispanus.

2508 3735 2592 3792 15.
2622 3737 2886 3790 Caeterum
2922 3739 3020 3790 ista
3051 3741 3332 3804 persuasio
3359 3742 3424 3792 de
3449 3745 3625 3809 patria
3663 3742 3725 3796 ὃ.
3793 3742 4009 3796 Romuli

2434 3827 2774 3881 occasionem
2812 3827 2963 3879 dedit
3009 3827 3235 3880 solemni
3298 3829 3416 3895 ejus
3452 3833 3622 3884 cultui
3687 3835 3790 3886 hoc
3824 3836 3913 3888 die
3961 3836 4013 3886 in

2435 3918 2657 3991 dimccsi
2685 3917 3012 3985 Hispalensi.
3042 3926 3198 3983 prout
3231 3926 3412 3969 narrat
3446 3918 3738 3989 'l‘amayus,
3775 3937 3897 3988 pag.
3948 3921 4005 3972 61

2436 4007 2520 4059 his
2549 4006 2769 4059 verbis:
2812 4022 2830 4055 1
2885 4006 3128 4074 Denique
3154 4022 3276 4060 cum
3330 4007 3680 4076 arcliipraesul
3716 4009 3777 4062 D.
3813 4011 3872 4062 D.
3913 4007 4013 4064 Pe-

2437 4107 2552 4150 trus
2576 4097 2641 4150 de
2669 4097 2858 4152 Castra
2890 4109 2944 4152 et
2974 4099 3276 4163 Quinones,
3305 4099 3643 4169 llispalcnsis
3704 4103 3851 4157 sedis
3898 4120 4006 4157 me-

2437 4191 2709 4260 tropolita,
2757 4193 3124 4244 referentibus
3171 4191 3386 4245 Decauo
3478 4203 3533 4250 et
3593 4196 3838 4263 capitulo
3903 4212 4011 4250 sua

2435 4281 2814 4334 illustrissima:
2869 4282 3126 4336 Ecclesia.-
3182 4294 3237 4336 et
3297 4284 3414 4336 aliis
3462 4285 3798 4340 doctissimis
3860 4287 4007 4350 viris,

2434 4374 2780 4440 cognovisset
2811 4373 2958 4425 hunc
3031 4383 3280 4426 sanctum
3349 4387 3643 4443 martyrem
3687 4391 3750 4428 ex
3805 4377 4008 4437 Italica.

2434 4477 2545 4517 sua:
2577 4464 2828 4518 dioecesis
2865 4465 2997 4519 urbe
3047 4467 3336 4520 oriundum
3389 4467 3605 4532 fuisse;
3662 4485 3813 4523 anno
3877 4470 4010 4526 1624

2435 4557 2509 4609 illi
2544 4560 2750 4611 cultum
2779 4575 2902 4611 cum
2942 4557 3130 4612 ()liicio
3153 4561 3359 4628 duplici
3396 4561 3449 4613 111
3515 4562 3762 4628 diazcesl,
3817 4575 3872 4618 et
3922 4580 4009 4618 sco

2437 4650 2631 4702 cunila:
2663 4650 2853 4703 claSsis
2878 4655 2930 4702 in
2956 4652 3097 4713 loco,
3142 4653 3231 4706 ubi
3271 4653 3398 4705 olim
3437 4652 3619 4706 Italica
3644 4655 3768 4719 luit,
3819 4657 4008 4709 detulit

2433 4740 2694 4794 ethociu
2757 4751 3036 4810 posterum
3103 4743 3384 4796 observari
3459 4745 3740 4814 praecepit,
3804 4748 4007 4800 virtute

2431 4832 2832 4900 privilegiorum
2865 4849 2895 4885 a
2927 4833 3156 4887 summis
3211 4835 3562 4904 pontiﬁcibus
3613 4854 4007 4892 concessorum

2429 4925 2751 4995 praesulibus
2808 4925 3156 4991 Hispaniae.»
3218 4927 3322 4980 Sed
3385 4942 3591 4982 novum
3654 4931 3746 4983 hic
3817 4946 4008 5008 rursus

2429 5017 3191 5082 errorcmadmiscuit;nam
3251 5017 3555 5073 Rodericus
3621 5025 3785 5084 Caro,
3846 5037 4007 5093 quem

2428 5111 2584 5173 citat,
2657 5112 2710 5161 in
2760 5112 3170 5178 Antiquitatibus
3250 5113 3678 5178 Hispalensibus,
3744 5118 3840 5174 fol.
3909 5119 4008 5170 106

2426 5206 2791 5272 quadriennio
2821 5208 2980 5259 citius
3005 5207 3054 5257 id
3093 5208 3294 5259 factum
3332 5207 3516 5269 tradit,
3564 5211 3828 5261 nimirum
3864 5224 4009 5262 antro

2428 5297 2605 5351 16:20:
2645 5312 2792 5352 certe
2828 5301 2939 5352 tieri
2970 5300 3160 5356 debuit
3190 5308 3314 5353 ante
3353 5299 3423 5352 20
3464 5299 3785 5356 Decembris
3846 5302 4002 5364 1023,

2425 5406 2533 5460 quo
2573 5393 2886 5460 praedirtum
2929 5394 3394 5464 archiepiscopum
3429 5393 3654 5448 Petrum
3717 5399 3787 5450 de
3813 5398 4006 5450 (lustro

2425 5497 2452 5536 a
2483 5482 2934 5536 vivisesccssisse
2961 5483 3230 5552 'l'arnayus
3255 5486 3368 5553 ipse
3415 5484 3486 5537 ad
3521 5485 3578 5539 11
3649 5484 3830 5540 Martii
3881 5502 4006 5557 pag.

2421 5575 2545 5636 201,
2586 5573 2784 5642 aliique
2816 5586 3063 5628 auctores
3086 5579 3310 5645 Hispani
3349 5588 3622 5634 asserunt.

2495 5668 2579 5720 14.
2617 5667 2688 5718 De
2729 5677 2969 5736 tempore
2997 5709 3011 5733 ,
3036 5683 3144 5736 quo
3179 5671 3319 5738 passi
3377 5668 3554 5735 fuere,
3605 5671 3864 5728 observat
3903 5673 4005 5730 Pa-

2421 5761 2539 5829 gius
2600 5761 2652 5813 in
2707 5761 2904 5814 Critica
2968 5761 3184 5816 Baronii
3235 5763 3298 5816 ad
3327 5779 3532 5818 annum
3597 5765 3723 5831 106,
3760 5769 4000 5828 1111111.5.

2426 5852 2742 5920 contingere
2770 5868 2875 5905 non
2908 5853 3154 5921 potuisse
3183 5855 3502 5921 martyrium
3553 5856 3610 5912 S.
3678 5859 3898 5914 Romuli
3951 5870 4006 5912 et
