4158 6488
153 415 253 480 617

1146 413 1332 473 ACTA
1373 412 1475 472 SS.
1514 409 1865 484 EUDOXll,
1910 406 2228 481 ROMULI,
2273 409 2432 471 ETC.

3297 415 3405 481 618

156 534 317 589 esset,
353 523 527 577 morti
566 522 930 585 addictorum,
961 531 1085 575 ante
1119 536 1323 574 annum
1353 521 1477 581 119,
1540 534 1647 589 quo
1695 522 1739 574 is
1771 523 1812 579 Α
1847 529 1902 573 ut
1938 520 2035 590 ipsi
2064 522 2301 584 tradunt,
2338 536 2621 591 passorum
2656 536 2740 576 res
2779 532 2955 592 gestas
2982 524 3034 578 in
3070 542 3233 584 unam
3261 545 3409 587 eam-

162 621 455 687 imperator
496 615 545 668 in
585 615 862 667 Orientem
919 612 1240 667 transmisit.
1297 611 1639 666 Castellanus
1678 612 1733 663 in

161 709 540 779 Martyrologio
578 706 891 767 universali,
935 720 1051 774 pag.
1077 703 1181 759 979
1231 714 1505 757 certamen
1534 704 1590 756 S.
1630 704 1739 756 Ro-

160 802 283 855 muli
326 802 619 871 consignat
672 800 784 868 ipso
834 813 978 851 anno
1033 796 1177 852 “2:
1213 805 1390 851 utrum
1424 808 1591 859 recte,
1628 812 1734 849 non

158 894 324 948 ausim
360 907 647 947 asserere:
675 888 1053 943 Tillemontius
1106 888 1250 943 enim
1289 898 1421 942 tom.
1464 888 1503 941 ll
1561 888 1735 957 Impe-

159 995 419 1049 ratorum,
455 983 593 1038 Nota
623 982 685 1036 17
710 981 856 1035 et22
903 981 955 1033 in
1005 979 1321 1044 Traianum,
1380 980 1735 1049 probabiliter

157 1079 342 1130 statuit
370 1076 649 1143 duplicem
681 1072 1069 1141 profectionem
1095 1071 1316 1137 Traiani
1355 1072 1405 1123 in
1428 1070 1728 1137 Orientem,

157 1169 381 1236 primam
412 1181 561 1220 anno
594 1164 695 1219 106
717 1164 959 1228 ,alteram
995 1178 1100 1216 non
1152 1163 1257 1216 nisi
1286 1177 1431 1216 anno
1478 1162 1595 1216 111.
1652 1164 1734 1219 Ad

154 1255 244 1310 SS.
272 1255 587 1309 Eudoxium
621 1264 677 1310 et
700 1255 875 1310 socios
934 1252 1083 1321 quod
1129 1262 1359 1321 spectat,
1422 1253 1730 1323 martyrium

154 1353 206 1406 hi
234 1360 699 1407 consummarunt
751 1350 853 1405 sub
886 1348 1217 1403 Diocletiano
1282 1362 1349 1402 ex
1404 1348 1688 1404 antedictis
1714 1389 1728 1413 ,

154 1461 313 1510 anno,
344 1454 404 1499 ut
427 1444 623 1500 Surius
645 1452 816 1504 notat,
850 1442 977 1496 290.
1011 1439 1276 1494 Baronius
1306 1450 1488 1495 autem
1535 1442 1587 1495 in
1614 1441 1726 1494 An-

154 1536 365 1588 nalibus
393 1534 635 1603 primum
670 1532 736 1586 de
773 1531 906 1600 ipsis
946 1528 1193 1584 meminit
1242 1529 1309 1583 ad
1360 1544 1563 1582 annum
1603 1529 1728 1595 511,

152 1639 299 1677 num.
331 1623 425 1677 2|.
461 1621 668 1675 Horum
704 1621 952 1690 palaestra
1010 1619 1113 1672 fuit
1146 1618 1383 1672 Melitina
1412 1634 1508 1671 seu
1577 1617 1729 1672 Meli-

152 1724 269 1767 tene
294 1712 347 1765 in
380 1711 645 1765 Armenia
666 1710 852 1764 Minori
885 1710 951 1763 ad
1001 1708 1331 1776 Euphratem
1395 1706 1640 1760 ﬂuvium.
1668 1708 1726 1761 ὃ.

151 1804 416 1858 Romulus
450 1820 580 1858 vero
620 1818 808 1874 passus
833 1802 1046 1856 videtur
1069 1799 1371 1863 inGrmcia,
1396 1801 1557 1854 sicuti
1602 1816 1727 1855 eum

1845 613 2078 681 demque
2134 613 2507 667 narrationem
2562 613 2918 682 conjecerint.
2979 614 3056 669 Ex
3115 618 3406 674 collatione

1847 705 2103 759 Actorum
2136 720 2259 760 cum
2295 704 2504 775 Elogio,
2525 704 2670 774 quod
2690 716 2866 761 exstat
2888 708 2941 761 in
2964 708 3181 764 Menaais
3195 716 3407 783 magnis

1843 796 2143 865 impressis,
2202 805 2345 865 patet
2382 797 2473 852 illa
2507 813 2571 853 es
2624 798 2728 853 hoc
2770 800 3101 855 concinnata
3151 818 3293 868 esse,
3349 816 3407 858 at

1842 887 2075 941 multum
2126 887 2345 942 aliunde
2402 888 2729 958 ampliﬁcata
2783 906 2798 943 :
2846 904 2910 944 ex
2970 892 3168 961 quibus
3222 902 3402 950 autem

1840 978 2230 1040 monumentis.
2263 980 2475 1048 ignoro.

1912 1069 2001 1123 16.
2047 1070 2203 1125 Certe
2224 1071 2441 1141 quidem
2494 1071 2583 1126 illa
2627 1072 2975 1141 ampliﬁcatio
3016 1075 3150 1129 facta
3178 1090 3287 1131 non
3317 1088 3403 1132 est

1837 1174 1904 1213 ex
1961 1160 2271 1215 narratione
2321 1176 2417 1215 seu
2459 1162 2638 1233 elogio
2682 1161 2967 1234 Menologii
2998 1162 3254 1221 Basiliani
3295 1166 3403 1222 :in

1840 1252 1945 1304 hoc
1970 1266 2204 1319 namque
2264 1253 2461 1307 dicitur
2518 1253 2577 1309 S.
2615 1254 2875 1311 Romulus
2919 1266 3111 1310 auctor
3165 1259 3400 1326 primum

1838 1343 2009 1398 fuisse
2042 1342 2299 1412 Traiano,
2330 1346 2653 1399 ἀποστεῖλαι
2681 1348 2763 1411 εις
2787 1348 2881 1419 τὴν
2929 1348 3157 1401 Γαλλίαν
3182 1360 3313 1416 etc.,
3342 1365 3402 1405 ut

1837 1434 2101 1497 mitteret,
2131 1434 2238 1499 vel,
2282 1434 2358 1489 uti
2386 1434 2693 1491 Galesinius
2712 1446 2764 1492 et
2791 1437 3065 1493 Arcudius
3094 1450 3395 1505 verterunt,

1836 1525 1938 1579 iret
1964 1526 2016 1579 in
2050 1526 2297 1591 Calliam,
2324 1527 2616 1582 Asiaticam
2637 1542 2857 1598 nempe,
2894 1530 2946 1584 id
2975 1540 3080 1595 est,
3108 1531 3397 1597 Galatiam,

1836 1618 2143 1687 militesque
2185 1618 2530 1675 Christianos
2562 1619 2670 1675 diis
2698 1620 2982 1677 immolare
3015 1624 3397 1693 compelleret;

1834 1708 2031 1764 deinde
2069 1710 2391 1779 poenitentia
2419 1710 2619 1765 ductus
2641 1712 2937 1768 credidisse
2981 1713 3035 1767 in
3098 1714 3397 1769 Christum.

1835 1800 2231 1869 Metapbrastes
2262 1819 2411 1869 vero,
2443 1802 2708 1859 mirabilia
2733 1806 2984 1861 omittere
3010 1806 3152 1861 haud
3184 1808 3394 1870 solitus.

157 1896 472 1951 Galesinius
503 1896 813 1956 annuntiat,
851 1906 973 1945 cum
994 1892 1114 1944 aliis
1131 1891 1350 1959 quidem
1380 1893 1724 1960 martyribus,
1756 1863 1802 1921 Β
1833 1894 2057 1961 impium
2087 1894 2219 1947 illud
2276 1892 2491 1948 Romuli
2521 1896 2827 1961 consilium,
2856 1906 3094 1952 secutam
3128 1900 3397 1967 poeniten-

151 1989 241 2043 sed
263 2004 405 2057 quos
433 1997 624 2058 postea
655 1984 844 2039 scribit
865 1982 994 2036 alibi
1030 1990 1320 2035 coronatos
1378 1996 1521 2046 esse,
1569 1983 1725 2038 vide-

151 2079 267 2134 licet
301 2080 355 2133 in
389 2078 734 2133 Armeniaoet
758 2083 1002 2144 tempore
1037 2072 1371 2127 Maximiani.
1403 2072 1534 2127 Vide
1564 2090 1725 2144 supra

151 2188 277 2229 num
294 2210 308 2224 .
330 2173 387 2235 2,
423 2166 813 2238 Menologium.

224 2264 308 2316 15.
342 2263 480 2315 Acta
549 2258 758 2323 Graeca,
797 2260 1048 2329 'quorum
1100 2259 1494 2331 apograpbum,
1541 2258 1726 2315 nescio

153 2353 294 2407 unde
342 2359 656 2420 acceptum,
694 2350 963 2405 habemus
1012 2350 1113 2406 hoc
1164 2351 1319 2405 titulo
1364 2350 1727 2421 ξΜαρτύριον

148 2443 253 2497 τῶν
286 2442 463 2511 ἁγίων
488 2444 581 2495 καὶ
604 2442 832 2507 ἐνδόξων
857 2441 953 2495 τοῦ
974 2440 1212 2512 Χριστοῦ
1239 2443 1536 2513 μαρτύρων
1567 2441 1726 2494 E060—

150 2536 285 2603 ξίου,
337 2534 650 2606 Ῥωμύλου,
687 2535 933 2605 Ζήνωνος
979 2533 1074 2587 καὶ
1120 2534 1437 2603 Μακαρίαν,
1501 2534 1556 2588 id
1587 2542 1722 2587 est:

152 2629 472 2697 Martyrium
512 2634 811 2681 sanctorum
844 2633 892 2677 et
918 2623 1269 2694 gloriosorum
1293 2622 1490 2679 Christi
1525 2632 1727 2694 marty-

152 2734 269 2771 rum
294 2718 553 2782 Eudoxii,
588 2715 819 2779 Romuli,
866 2716 1092 2770 Zenonis
1150 2726 1199 2771 et
1252 2716 1505 2781 Macarii,
1536 2732 1603 2771 ex
1630 2731 1728 2770 an-

156 2808 315 2877 tiquis
347 2808 721 2861 monumentis
747 2807 1077 2875 conscripsit
1114 2807 1534 2877 Metaphrastes,
1566 2808 1727 2876 eique

154 2897 240 2952 illa
274 2893 659 2950 indubitanter
683 2896 929 2950 attribuit
955 2896 1067 2950 Leo
1112 2893 1343 2951 Allatius
1388 2896 1443 2950 in
1483 2896 1725 2950 Diatriba

153 2988 218 3043 de
247 2990 590 3059 Symeonnm
632 2986 872 3057 scriptis,
917 3002 1042 3057 pag.
1077 2987 1177 3043 129
1218 2987 1429 3042 initium
1467 2987 1723 3045 recitatis.

150 3081 342 3135 Latine
384 3095 543 3133 versa
570 3079 736 3134 edidit
767 3081 1017 3150 Aloysius
1070 3079 1404 3148 Lipomanus
1434 3081 1726 3150 episcopus

1830 1983 1959 2041 tiam
2008 1995 2063 2038 et
2082 1986 2504 2040 conversionem
2554 2003 2625 2042 ne
2667 1987 2837 2043 verbo
2871 1989 3092 2058 quidem
3130 1990 3393 2059 attingit:

1831 2076 1939 2131 imo
1989 2087 2175 2132 contra
2223 2078 2482 2144 insinuat,
2539 2093 2663 2134 eum
2718 2080 2825 2150 iam
2867 2090 2995 2136 ante
3026 2081 3394 2137 Christianum

1832 2165 2021 2223 fuisse.
2055 2168 2205 2223 Mitto
2230 2169 2364 2223 alias
2408 2159 2828 2239 discrepantias,
2880 2170 3041 2226 facile
3080 2172 3149 2227 ab
3181 2174 3394 2229 erudito

1828 2260 2032 2313 lectore
2108 2260 2499 2319 observandas.
2562 2260 2714 2327 Quod
2775 2273 2980 2333 spectat
3029 2265 3095 2319 ad
3142 2266 3392 2321 undecim

1830 2350 1987 2405 mille
2014 2350 2281 2421 relegatos
2304 2352 2525 2418 milites,
2572 2372 2589 2405 ί
2629 2350 2955 2422 Coniectura
2992 2354 3262 2421 ducimur,
3306 2358 3391 2411 in-

1829 2442 1951 2510 quit
1986 2442 2252 2496 Baronius
2282 2444 2348 2497 ad
2384 2458 2588 2497 annum
2624 2442 2745 2509 108,
2794 2453 2851 2499 ut
2881 2445 3256 2502 existimemus
3295 2448 3393 2502 hos

1829 2532 1948 2587 illos
1995 2534 2139 2603 ipsos
2160 2548 2281 2588 esse
2312 2535 2501 2590 decem
2536 2536 2681 2590 mille
2711 2536 3189 2604 praestantissimos
3244 2554 3392 2592 mar-

1830 2632 1992 2693 tyres,
2033 2625 2122 2693 qui
2156 2625 2208 2678 in
2240 2626 2389 2680 silvis
2424 2626 2625 2681 montis
2652 2627 2843 2681 Ararat
2878 2628 2934 2681 in
2975 2628 3231 2684 Armenia
3266 2641 3393 2685 sunt

1828 2714 2094 2769 crucitixi.
2145 2735 2163 2767 ι
2203 2716 2316 2771 Hoc
2358 2718 2402 2771 si
2438 2732 2626 2771 verum
2679 2718 2769 2782 sit,
2813 2718 3114 2774 manifesta:
3149 2720 3392 2777 falsitatis

1829 2806 2229 2861 convincuntur
2291 2808 2517 2862 istorum
2577 2808 2955 2864 crucifixorum
3008 2809 3176 2875 Acta;
3225 2810 3390 2865 Baro-

1829 2898 1953 2952 nius
2001 2899 2199 2967 quippe
2238 2897 2359 2952 loco
2406 2897 2571 2952 citato
2611 2898 2912 2967 premittit,
2951 2898 3201 2953 undecim
3244 2899 3389 2955 mille

1830 2990 2030 3044 milites
2060 2990 2314 3045 inventos
2354 2989 2526 3045 fuisse
2553 2990 2895 3045 Christianos
2920 3006 2949 3045 a
2976 2989 3208 3060 Traiano
3228 3007 3390 3047 (διοτ-

1827 3081 1992 3135 citum
2042 3081 2306 3134 lustrante
2352 3090 2653 3150 :martyres
2687 3090 2864 3135 autem
2920 3080 3177 3135 Crucil‘txi
3216 3083 3385 3137 idolo—

147 3171 489 3225 Veronensis
518 3178 664 3223 tomo
698 3169 763 3223 Vl
798 3170 1039 3221 Virorum
1082 3168 1207 3231 SS.,
1248 3186 1409 3235 quam
1447 3171 1722 3238 interpre-
1750 3196 1792 3253 ε
1827 3172 1974 3227 latrte
1997 3170 2173 3226 adhuc
2195 3180 2348 3226 erant
2392 3179 2635 3240 tempore
2656 3170 2901 3235 Adriani,
2926 3174 3143 3243 quando
3167 3173 3390 3244 angelus

145 3263 412 3315 tationem
443 3260 671 3315 interius
695 3261 970 3326 recudam,
1003 3260 1096 3315 sed
1122 3274 1271 3314 more
1284 3270 1468 3313 nostro
1491 3260 1720 3314 divisam

146 3354 199 3407 in
229 3356 412 3425 capita
438 3365 493 3409 et
528 3371 808 3420 numeros,
836 3364 896 3409 ut
918 3353 1116 3410 Grrcoe
1142 3352 1439 3408 narrationi
1476 3351 1732 3406 similiter

144 3445 461 3498 dividenda:
499 3448 843 3515 respondeat.
897 3445 1165 3498 Baronius
1200 3443 1266 3497 ad
1312 3443 1458 3499 hunc
1480 3442 1624 3496 diem
1664 3457 1726 3496 ea

144 3548 305 3589 vocat
332 3536 467 3589 Acta
504 3538 559 3589 S.
619 3538 859 3600 Romuli,
918 3535 1043 3603 quia
1094 3549 1287 3601 nempe
1341 3535 1407 3587 de
1458 3535 1575 3601 ipso
1618 3534 1729 3601 agit

147 3623 295 3696 prior
329 3627 551 3679 illorum
582 3642 737 3695 pars;
774 3635 829 3679 at
872 3626 1075 3679 rectius
1109 3623 1177 3676 ab
1220 3623 1343 3676 aliis
1378 3623 1725 3692 appellantur

148 3716 492 3785 reliquorum
524 3714 689 3769 etiam
722 3725 1017 3785 martyrum
1065 3713 1309 3779 neruine,
1336 3728 1565 3783 quorum
1592 3727 1724 3783 ago-

150 3820 299 3870 nem,
330 3804 391 3858 S.
432 3804 667 3859 Eudoxii
702 3805 1003 3874 prtesertim
1049 3803 1216 3872 magis
1251 3804 1367 3857 fuse
1400 3802 1724 3859 describunt

150 3910 272 3965 post
315 3908 605 3951 narratum
651 3896 866 3951 Romuli
924 3894 1265 3964 martyrium.
1304 3892 1471 3947 Miror
1519 3902 1722 3957 tamen,

148 3985 293 4053 quod
350 3985 527 4039 Grazci
564 3994 878 4039 sanctorum
927 3994 1036 4038 tam
1092 3983 1324 4037 diversis
1369 3982 1718 4050 temporibus,

1829 3263 1882 3315 in
1925 3275 2118 3331 campo
2156 3277 2427 3330 apparens
2471 3262 2629 3315 ﬁdem
2683 3261 2887 3316 Christi
2936 3263 3012 3317 eis
3053 3263 3386 3333 pradicas-it.

1829 3349 1907 3403 uti
1942 3357 2195 3403 narratur
2231 3358 2361 3403 tom.
2396 3346 2460 3401 IV
2489 3348 2633 3402 Junii
2672 3350 2738 3405 ad
2774 3350 2918 3405 diem
2949 3351 3018 3404 ‘22
3053 3352 3102 3403 in
3145 3351 3385 3421 ipsorum

1829 3441 1999 3508 Actis,
2028 3458 2147 3511 qua:
2188 3442 2413 3505 ibidem,
2456 3456 2485 3495 a
2520 3456 2643 3511 pag.
2688 3442 2809 3505 175,
2844 3443 3245 3499 Commentario
3284 3446 3388 3498 cri-

1832 3533 1939 3587 tico
1995 3534 2235 3587 excussit
2274 3532 2683 3603 Papebrocltius
2715 3546 2778 3585 ac
2821 3530 3060 3585 fabulosa
3083 3547 3203 3586 esse
3231 3548 3385 3585 tuon-

1830 3622 2039 3677 stravit.
2077 3621 2385 3677 Verisimile
2416 3623 2581 3676 etiam
2625 3638 2731 3677 non
2772 3630 2877 3685 est,
2933 3622 3180 3675 undecim
3222 3622 3386 3675 millia

1825 3712 2103 3766 hominum
2148 3712 2309 3766 simul
2346 3712 2464 3766 neci
2502 3715 2623 3767 data
2654 3712 2823 3767 fuisse
2856 3727 2886 3765 a
2926 3711 3161 3781 Trojano
3187 3694 3207 3765 ἐ
3237 3726 3385 3767 certe

1823 3802 1875 3857 id
1901 3802 2298 3871 Metaphrastes
2342 3820 2449 3859 non
2478 3805 2734 3870 siluisset,
2760 3805 2806 3859 si
2845 3803 2897 3857 in
2927 3804 3163 3876 antiquis
3192 3819 3385 3859 monti.

1824 3896 2024 3951 mentis
2049 3895 2363 3965 reperisset.

143 4134 3376 4180 Μ

1457 4264 2084 4353 ΜΑΡΤΥΡΙΟΝ

304 4411 658 4545 ΤΟΥ
758 4410 1273 4547 ΑΓΙΟΥ
1363 4408 2266 4547 ΜΑΡΤΥΡΟΣ
2364 4403 3225 4544 ΕΥΔΟΞΙΟΥ

746 4603 866 4657 ΚΑΙ
918 4602 1050 4657 ΤΩΝ
1113 4602 1249 4656 ΣΥΝ
1306 4601 1492 4670 ΔΥΤῼ
1543 4600 2001 4655 ΑΘΛΗΣΑΝΤΩΝ
2055 4598 2254 4654 APION
2309 4598 2705 4654 ΜΑΡΤΥΡΩΝ.

542 4746 1795 5019 ΜΑΒΤΥΒΙΠΜ

1868 4857 2026 5015 S.
2199 4852 3007 5015 EUDOXII

1324 5110 1465 5197 ΕΤ
1576 5104 2227 5199 SOCIORUM.

1611 5379 1835 5436 CAPUT
1898 5380 1941 5437 1.

148 5473 334 5533 Milites
372 5469 698 5530 Christianos
754 5473 807 5527 in
853 5472 1093 5527 exsilium
1137 5471 1282 5540 pellit
1339 5471 1643 5541 Trajanus:
1678 5476 1730 5527 id
1786 5474 2089 5543 improbans
2146 5470 2204 5525 S.
2251 5468 2500 5524 Romulus
2527 5477 2575 5523 et
2602 5474 2780 5535 aperte
2820 5464 3085 5521 Christum
3134 5466 3380 5535 conﬁtens

1374 5544 1652 5611 gloriosum
1674 5544 1807 5597 subit
1830 5544 2164 5613 martyrium.

215 5661 303 5719 A'.
338 5658 610 5735 Τραϊανοῦ
643 5656 734 5711 τοῦ
765 5658 1055 5724 δυσσεϐοῦς
1096 5658 1356 5730 βασιλέως
1394 5659 1592 5729 πολλὴν
1625 5658 1724 5729 μὲν

1904 5661 1944 5714 1.
1977 5657 2209 5728 Trajano
2242 5657 2317 5728 (1)
2354 5656 2519 5728 impio
2549 5656 2883 5723 imperatore
2914 5654 2966 5711 in
2989 5651 3377 5709 exsecrandum

225 5774 596 5849 (i)Trajanus
628 5770 910 5833 imperium
958 5773 1196 5842 suscepit
1234 5786 1377 5827 anno
1404 5768 1603 5828 Christi
1618 5771 1707 5839 98,
1738 5782 1981 5831 mortuus
2018 5781 2099 5826 est
2135 5771 2249 5825 117.

484 5870 755 5928 ΡΑτιιοι..
788 5868 900 5925 Gtt.
934 5866 1114 5927 CXV.

3041 5858 3126 5920 ΞΟ
