4158 6476
219 413 315 480 621

1175 423 1362 484 ACTA
1403 424 1508 485 SS.
1554 422 1915 498 EUDOXII,
1961 423 2286 498 ROMULI,
2329 427 2487 489 ETC.

3363 437 3470 498 622

217 535 491 605 ιξυϐρίζει
519 537 615 604 μὲν
640 538 714 598 εἰς
746 537 870 600 τοὺς
894 536 1100 590 ἐκείνου
1129 536 1282 598 θεοὺς
1305 538 1527 607 ἁναίδην
1555 555 1567 568 ·
1596 537 1758 607 δμολο

1860 573 1871 600 ι
1900 545 1952 589 et
1982 537 2372 593 ardentissimo
2396 539 2514 608 ejus
2545 539 2658 594 zelo
2687 540 2740 594 iu
2778 542 2966 598 animo
2988 558 3273 610 accensus,
3298 545 3468 602 libere

223 627 302 692 γετ
335 626 390 678 δὲ
426 629 680 696 φανερῶς
716 629 803 681 τὸν
836 629 1068 699 Χριστὸν
1104 630 1195 680 καὶ
1225 630 1664 698 παρρησιάζεται
1691 629 1789 700 τὴν

213 721 517 776 εὐσέϐειαν.
587 722 878 793 Ἀγριᾶνας
934 724 1107 775 τοίνυν
1168 721 1424 774 ὲπιπλέον
1485 721 1785 788 Τραϊανὸς,

213 811 422 866 κελεύει
458 814 692 886 ταθῆναι
721 812 908 867 τοῦτον
937 813 1029 866 καὶ
1069 811 1288 880 ῥάϐδοις
1317 810 1649 875 αἰκίζεσθαι.

277 985 351 1042 Δ’.
408 990 469 1043 '0
525 990 707 1058 μέντοι
761 987 1034 1058 Ῥωμύλος
1068 988 1317 1057 εὐψύχως
1352 988 1639 1056 δεχόμενος
1687 986 1785 1047 τὰς

207 1079 443 1148 πληγὰς,
496 1081 612 1134 Νῦν
648 1081 950 1148 εὐεργετῶν
993 1098 1060 1149 με
1113 1082 1220 1134 ἴσθι
1256 1083 1323 1135 τὰ
1368 1080 1622 1149 μέγιστα,
1651 1077 1786 1146 πρὸς

206 1172 476 1241 Τραϊανὸν
519 1173 666 1226 ἐϐόα.
697 1171 771 1224 Τό
808 1190 864 1225 τε
907 1172 1015 1244 γὰρ
1077 1174 1233 1242 σῶμα
1277 1171 1401 1241 ἐμοὶ
1447 1170 1524 1239 τῷ
1569 1168 1785 1237 ἐρυθρῷ

201 1262 376 1331 τούτῳ
435 1264 859 1334 περιρρεόμενον
918 1266 1111 1333 αἵματι
1152 1265 1240 1316 τὸν
1270 1267 1333 1316 ὲκ
1362 1264 1460 1333 τῆς
1499 1260 1782 1328 είδωλικῆς

201 1343 426 1420 κνίσσης
464 1354 676 1427 δυσώδη
729 1357 1002 1426 μολυσμὸν
1052 1356 1395 1419 ἀπολούεται,
1443 1357 1536 1408 καὶ
1570 1356 1601 1424 ἡ
1634 1355 1781 1422 ψυχὴ

200 1444 254 1496 δὲ
302 1445 614 1515 ἀφθαρσίας
663 1448 861 1517 χιτῶνα
912 1448 1152 1519 καθαρὸν
1207 1447 1615 1518 περιϐάλλεται.
1669 1445 1783 1496 Οὐκ

197 1535 396 1605 ἤνεγκε
440 1539 610 1592 ταῦτα
645 1541 928 1609 Τραϊανὸς,
969 1541 1081 1594 ἀλλ’
1115 1543 1192 1604 είς
1231 1540 1452 1592 πλείονα
1481 1539 1570 1590 τὸν
1614 1536 1782 1606 θυμὸν

196 1630 518 1699 προαχθεὶς,
552 1636 774 1703 ταχεῖαν
804 1634 983 1687 αὐτῶν
1009 1635 1330 1703 ἀπαλλαγὴν
1357 1633 1614 1700 ἐπίτομόν
1639 1647 1695 1682 τε
1722 1631 1782 1682 τὸ

202 1722 510 1793 μαρτύριον
541 1726 870 1797 διεπράξατο
893 1743 908 1758 ⁶
956 1730 1048 1781 καὶ
1081 1726 1354 1797 τμηθῆναι
1400 1724 1499 1794 τὴν
1535 1722 1781 1790 κεφαλὴν

208 1812 491 1880 Ῥωμύλου
532 1815 844 1882 ψηφίζεται.
907 1817 966 1868 '0
1004 1818 1102 1885 μὲν
1153 1816 1243 1867 οὖν
1295 1815 1531 1882 ἄσμενος
1587 1812 1647 1862 τὸ
1692 1810 1780 1862 διὰ

1894 627 2113 692 quidem
2161 638 2215 682 ct
2265 629 2436 686 elluse
2481 630 2627 686 illius
2682 633 2812 687 deos
2857 634 3071 704 probris
3119 637 3464 702 insectatur,

1893 717 2172 772 Christum
2251 733 2436 775 autem
2493 735 2677 792 aperte
2742 725 3052 789 conﬁtetur,
3106 736 3160 782 et
3203 729 3463 797 pietatem

1894 808 2156 862 audacter
2188 810 2496 878 proﬁtetur.
2523 813 2690 882 Magis
2724 814 3169 884 itaqueirritatus
3195 820 3462 890 Traianus

1888 902 2044 970 jubet
2083 917 2207 955 eum
2239 904 2459 958 extendi
2498 915 2550 959 et
2596 906 2759 977 virgis
2793 910 2948 963 czedi.

1962 992 2059 1046 ιν.
2090 993 2355 1049 Romulus
2385 1004 2570 1051 autem
2608 1015 2804 1069 magno
2836 1010 2890 1055 et
2915 1001 3040 1056 forti
3071 1005 3254 1060 animo
3281 1009 3467 1079 plagas

1891 1083 2170 1152 accipiens
2228 1105 2240 1136 :
2294 1085 2449 1141 Nunc
2483 1089 2647 1154 scias,
2684 1107 2768 1144 me
2804 1094 3041 1149 maximo
3079 1096 3215 1150 allici
3258 1098 3466 1153 beneﬁ-

1888 1174 2032 1241 Iicio,
2067 1177 2410 1232 exclamabat
2444 1181 2510 1234 ad
2534 1180 2852 1250 Trajanum.
2886 1185 3094 1255 Corpus
3121 1191 3287 1256 enim,
3314 1194 3460 1260 quod

1890 1267 1994 1322 hoc
2024 1270 2190 1324 rubro
2213 1272 2349 1325 mihi
2372 1275 2635 1344 sanguine
2663 1276 3016 1343 circumﬂuit,
3046 1282 3219 1336 abluit
3249 1286 3460 1352 sordes,

1886 1374 2020 1428 quas
2049 1364 2294 1415 contraxi
2318 1379 2383 1417 ex
2412 1366 2602 1420 nidore
2623 1368 3078 1433 simulacrorum;
3121 1384 3177 1426 et
3213 1376 3461 1431 induitur

1887 1452 2068 1505 anima
2092 1456 2294 1508 munda
2326 1457 2508 1512 tunica
2545 1460 2998 1531 incorruptiouis.
3033 1463 3151 1520 Non
3183 1469 3306 1522 tulit
3342 1470 3458 1525 haec

1887 1541 2177 1613 Trajanus,
2242 1548 2338 1600 sed
2383 1549 2581 1616 majori
2650 1552 2730 1605 ira
2777 1555 3042 1622 percitus,
3108 1556 3156 1611 ei
3223 1560 3461 1616 celerem

1885 1648 2173 1707 comparat
2195 1638 2614 1706 liberationem,
2650 1653 2705 1696 et
2739 1643 2908 1700 breve
2931 1647 3459 1722 ellicitmartyrium;

1882 1737 1937 1782 et
1983 1730 2254 1795 decernit,
2307 1743 2366 1786 ut
2425 1743 2590 1803 caput
2635 1735 2854 1792 Romuli
2910 1752 3242 1810 amputetur.
3282 1746 3461 1816 Atque

1881 1817 1972 1872 ille
1994 1821 2214 1889 quidem
2270 1821 2505 1878 libenter
2535 1840 2724 1879 ensem
2789 1828 2999 1896 aspexit
3037 1841 3260 1900 propter
3302 1830 3458 1887 Chri-

194 1901 434 1972 Χριστὸν
483 1896 588 1955 εἶδε
637 1905 807 1971 ξίφος,
844 1906 939 1958 καὶ
992 1905 1182 1974 ἥδιστα
1231 1903 1290 1956 τὸ
1340 1902 1435 1956 τοῦ
1474 1899 1758 1971 μαρτυρίοι

1881 1915 2050 1973 stum,
2085 1917 2139 1962 et
2174 1911 2578 1979 jucundissime
2604 1914 2776 1970 subiit
2801 1896 3054 1974 stadium
3078 1896 3350 1990 martyrii.

192 1989 395 2059 ἐπῆλθε
435 1993 668 2047 στάδιον.

1616 2090 1862 2148 CAPUT.
1915 2092 1980 2147 Il.

191 2175 252 2234 S.
315 2179 589 2235 Eudoxius
643 2186 824 2274 missas
874 2190 944 2241 ad
996 2188 1409 2274 se'capiendttm.
1433 2185 1909 2274 coiit'ivio‘efrfipitz
1931 2185 2056 2274 .drfin
2080 2199 2276 2274 sponte
2306 2193 2413 2246 adit
2442 2196 2968 2274 ,ρναξδὶιίεηῃεοναιη
2997 2220 3097 2272 quo
3135 2204 3294 2273 ﬁdem
3333 2224 3456 2274 pro-
3519 2260 3522 2263 λ

775 2256 960 2325 ﬁtetur
989 2254 1318 2328 balteunique
1358 2257 1563 2325 abjicit,
1593 2254 1848 2307 militibus
1888 2254 2026 2306 1104
2067 2260 2366 2324 exemplum
2400 2254 2514 2330 ejus
2547 2254 2901 2325 imitantibus.

256 2369 332 2422 E’.
376 2370 582 2440 Συχνοῦ
622 2371 678 2425 δὲ
720 2375 922 2443 μεταξὺ
957 2373 1256 2436 διελθόντος
1298 2374 1510 2443 χρόνου,
1545 2370 1770 2438 Διοκλη-

184 2461 366 2524 τιανὸς
398 2461 500 2532 μὲν
527 2464 715 2534 αἵματι
739 2466 984 2535 ἐμφυλίῳ
1011 2465 1104 2517 καὶ
1134 2466 1406 2535 τυραννίδι
1427 2466 1650 2518 κλέπτει
1673 2461 1772 2532 τὴν

183 2552 465 2622 βασιλείαν
490 2572 505 2585 ⁸
545 2557 838 2623 φιλονεικεῖ
874 2557 927 2607 δὲ
962 2556 1090 2618 τοὺς
1130 2558 1234 2626 πρὸ
1274 2557 1436 2607 αὐτοῦ
1472 2555 1772 2626 τυράννους

182 2645 324 2696 κατά
346 2661 412 2711 γε
448 2645 539 2697 τὸν
568 2646 662 2714 τῆς
696 2646 978 2716 ὠμότητος
1011 2647 1103 2698 καὶ
1136 2646 1225 2699 τὸν
1265 2645 1362 2714 τῆς
1390 2642 1644 2705 ἀσεϐείας
1679 2641 1770 2694 λόο

181 2750 276 2802 γον
305 2737 656 2806 ὑπερϐαλεῖν,
690 2742 782 2791 καὶ
807 2738 905 2811 τὴν
941 2739 1162 2792 ἐκείνων
1193 2740 1492 2808 ἀγριότητα
1524 2734 1765 2804 φανερὰν

179 2827 350 2894 δεῖξαι
396 2830 841 2901 φιλανθρωπίαν·
890 2833 1011 2885 ὅθεν
1063 2832 1126 2897 δὴ
1171 2833 1517 2899 διατάγματα
1558 2826 1760 2896 συνεχῆ

178 2921 561 2991 κατελάμϐανε
594 2924 653 2975 τὸ
685 2924 1001 2993 ὑπήκοον,ἦ
1032 2926 1245 2982 πάντας
1268 2922 1416 2989 αὐτῴ
1437 2920 1762 2986 κοινωνῆσαι

174 3011 272 3077 τῆς
305 3010 564 3073 ἀσεϐείας
587 3051 600 3076 ,
633 3012 664 3080 ἢ
702 3011 927 3065 Θάνατον
961 3012 1142 3075 αὐτοῖς
1172 3008 1310 3064 εἶναι
1345 3013 1402 3064 τὸ
1437 3010 1534 3078 τῆς
1583 3024 1760 3078 παρα-

175 3103 308 3171 κοῆς
345 3103 644 3171 ἐπιτίμιον.
683 3105 1001 3175 Χριστιανοὶ
1033 3108 1213 3159 τοίνυν
1242 3107 1329 3159 διὰ
1365 3106 1424 3158 τὸ
1454 3107 1549 3175 τῆς
1587 3105 1758 3176 ὀργῆς

170 3193 264 3245 τοῦ
293 3195 495 3265 ἀνδρὸς
528 3197 736 3267 ἄμαχόν
766 3215 825 3251 τε
858 3199 952 3252 καὶ
989 3199 1174 3261 δεινῶς
1205 3199 1415 3266 ἄγριον,
1457 3200 1502 3248 oi
1536 3198 1634 3265 μὲν
1661 3198 1757 3259 τὰς

173 3287 312 3356 μετά
340 3287 453 3339 τῶν
478 3289 680 3357 θηρίων
714 3291 772 3342 ὲν
800 3292 1026 3360 ἐρήμοις
1049 3290 1329 3359 διατριϐὰς
1357 3290 1452 3358 τῆς
1481 3289 1619 3358 μετὰ
1647 3289 1756 3340 τῶν

169 3379 482 3447 ἀνθρώπων
521 3362 722 3449 μᾶλλον
755 3383 1079 3452 προέκρινον
1118 3384 1395 3446 συνοικίας
1422 3400 1435 3413 ·
1475 3385 1526 3436 οἱ
1561 3383 1616 3435 δὲ
1651 3383 1753 3453 ὅρη

169 3473 263 3523 καὶ
295 3469 560 3540 σπήλαια,
587 3474 683 3525 καὶ
707 3474 806 3526 ὅσα
832 3473 1054 3528 δύναται
1078 3476 1365 3546 κρύπτειν,
1399 3477 1753 3546 ὑποδυόμενοι

167 3564 262 3616 καὶ
297 3565 465 3617 αὐτὸν
489 3605 502 3631 ,
540 3566 617 3628 ὡς
645 3560 813 3619 οἷόντε
834 3609 848 3634 ,
883 3569 972 3621 τὸν
997 3569 1146 3636 ἥλιον
1173 3567 1445 3619 διαλαθεῖν
1474 3569 1750 3621 ἔσπευδον.

237 3750 332 3814 ς’.
380 3743 652 3798 Ἐνταῦθα
691 3744 956 3814 μηνύεταί
1000 3760 1083 3809 τις
1130 3744 1379 3816 εὐσεϐὴς,
1407 3743 1501 3798 καὶ
1544 3741 1636 3796 τοῦ
1678 3744 1750 3813 μὴ

164 3839 354 3892 λαθεῖν
403 3833 574 3900 δντως
629 3837 801 3903 ἄξιος,
858 3837 1106 3902 Εὑδόξιος
1162 3838 1194 3908 ἢ
1245 3838 1526 3908 Μαριανδς
1581 3837 1752 3907 ὄνομα

163 3933 306 4002 ἀνήρ
326 3947 340 3961 ·
370 3932 704 4002 ἀμφοτέροις
742 3930 846 3999 γὰρ
874 3931 1273 4000 ὲκυριολογείτο
1307 3933 1416 3992 τοῖς
1448 3931 1711 3998 ὀνόμασιν
1732 3946 1746 3960 ο

161 4025 268 4076 ἀπὸ
299 4024 683 4093 πριμικηρίων
706 4021 764 4073 δὲ
785 4021 880 4092 τὴν
903 4021 1079 4088 ἀξίαν,
1106 4018 1170 4093 ἦς
1191 4022 1277 4074 διὰ
1303 4023 1391 4074 τὸν
1416 4025 1492 4083 εἰς
1516 4022 1747 4089 Χριστὸν

160 4118 330 4169 πόθον
350 4115 790 4186 ἀπεληλαμένος,
811 4117 865 4166 ἐν
883 4117 946 4184 τῇ
969 4116 1076 4167 τῶν
1097 4117 1353 4186 κυμήτων
1373 4115 1709 4184 ὑπεϐιϐάσθη
1732 4131 1743 4143 ·

159 4209 256 4262 καὶ
282 4208 492 4281 ταύτης
520 4209 576 4262 δὲ
613 4209 686 4278 μὴ
714 4208 913 4278 τυχὼν,
943 4209 1198 4282 ἔστερξεν
1229 4211 1295 4263 ἂν
1322 4210 1400 4280 τῷ
1427 4209 1749 4280 ποθουμένῳ

161 4303 313 4374 μόνῳ
365 4301 884 4372 παρακαλούμενος.
933 4304 1217 4373 Μηνύεται
1254 4303 1308 4359 δὲ
1345 4304 1405 4355 τὸ
1446 4303 1748 4373 τηνικαῦτα

157 4396 476 4465 Μελιτηνῆς
511 4395 740 4463 ἡγεμόνι
770 4413 782 4425 ·
823 4395 880 4460 ὃς
929 4398 1112 4467 ἐπειδὴ
1145 4397 1213 4449 τὰ
1252 4399 1380 4465 περὶ
1418 4396 1514 4449 τοῦ
1555 4397 1748 4467 ἀνδρὸς

1943 2367 2006 2422 ν.
2037 2369 2171 2426 Cum
2188 2373 2418 2430 multum
2434 2388 2611 2433 autem
2632 2383 3026 2444 intercessisset
3065 2393 3324 2461 temporis
3355 2393 3452 2463 (6),

1873 2457 2258 2520 Diocletianus
2288 2469 2508 2538 quidem
2565 2477 2828 2546 sanguine
2895 2473 3154 2537 int'estino
3178 2457 3239 2539 et
3273 2497 3457 2557 tyran-

1870 2554 1994 2607 nide
2026 2556 2233 2610 invadit
2271 2560 2558 2629 imperium
2595 2566 2693 2634 (7),
2721 2571 3001 2625 contendit
3029 2583 3209 2628 autem
3237 2554 3329 2630 eos
3360 2582 3452 2647 qui

1869 2655 2263 2713 prtecesscrant
2297 2659 2554 2719 tyrannos
2586 2659 2909 2712 crudelitate
2941 2676 3204 2730 superare
3247 2678 3301 2719 et
3351 2669 3453 2722 im-

1885 2734 2108 2803 pietate,
2138 2746 2192 2791 et
2222 2741 2514 2796 ostendere
2560 2745 2778 2800 illorum
2831 2750 3090 2806 savitiam
3142 2753 3308 2811 fuisse
3351 2759 3452 2813 hu—

1872 2829 2212 2900 inanitatem.
2249 2831 2403 2888 Unde
2437 2837 2597 2890 etiam
2637 2840 2703 2893 ad
2733 2856 2826 2894 eos
2865 2843 2957 2911 qui
3007 2845 3152 2899 illius
3187 2853 3449 2916 parebant

1869 2920 2127 2989 imperio,
2187 2924 2370 2980 edicta
2412 2931 2704 2986 veniebant
2765 2933 3099 3005 frequentia,
3145 2947 3204 2992 ut
3257 2957 3451 2997 omnes

1865 3009 1947 3061 Vel
1979 3025 2102 3063 cum
2139 3027 2206 3064 eo
2257 3019 2700 3073 communionem
2747 3022 3040 3092 impietatis
3085 3031 3444 3100 susciperent.

1862 3099 1946 3152 vel
1979 3115 2124 3154 mors
2158 3113 2305 3156 esset
2345 3107 2424 3158 eis
2471 3123 2628 3175 pugna
2685 3111 3089 3170 inobedientize.
3147 3099 3444 3178 Christiani

1785 3177 1830 3237 (οἶ
1864 3193 2046 3263 itaque
2078 3207 2304 3265 propter
2339 3214 2538 3253 saevam
2569 3212 2626 3256 ct
2658 3203 2949 3260 immanem
2984 3209 3128 3265 illius
3164 3213 3318 3275 iram,
3355 3218 3445 3270 alii

1859 3287 2077 3354 quidem
2118 3291 2392 3346 malebant
2423 3309 2545 3347 cum
2593 3295 2725 3351 feris
2755 3297 2997 3354 habitare
3035 3304 3088 3356 in
3140 3307 3450 3363 solitudini-

1857 3375 1980 3441 bus,
2017 3393 2176 3446 quam
2210 3381 2370 3433 simul
2399 3397 2519 3434 cum
2552 3385 2902 3442 hominibus:
2943 3391 3034 3446 alii
3079 3404 3256 3448 autem
3293 3413 3448 3452 mon—

1861 3475 1941 3521 tes
1976 3477 2028 3522 et
2081 3470 2368 3538 speluncas
2413 3482 2467 3528 et
2547 3490 2888 3548 quacunque
2959 3483 3136 3539 celare
3196 3498 3446 3557 poterant

1858 3561 2153 3616 subeuntes
2197 3565 2524 3631 studebant,
2566 3571 2746 3638 quoad
2777 3575 2895 3643 ejus
2928 3574 3043 3630 ﬁeri
3088 3589 3320 3647 poterat,
3361 3586 3441 3638 vel

1857 3650 2033 3719 ipsum
2065 3655 2230 3708 solem
2269 3658 2460 3717 latere.

1929 3740 2012 3795 Vl.
2047 3744 2123 3796 Eo
2163 3746 2409 3816 tempore
2439 3750 2681 3808 defertur
2701 3755 2920 3822 quidam
2957 3763 3038 3813 vir
3063 3766 3214 3832 pius,
3245 3781 3298 3821 et
3329 3771 3441 3839 pla-

1858 3853 1928 3894 ne
1965 3841 2218 3913 indignus
2257 3845 2349 3914 qui
2378 3845 2587 3904 lateret.
2638 3849 2698 3904 Ei
2724 3867 2927 3909 nomen
2966 3869 3089 3913 erat
3141 3861 3438 3932 Eudoxius,

1858 3945 1950 3988 aut
1983 3936 2251 3992 Marianus
2276 3955 2290 4003 ;
2312 3951 2431 3994 erat
2478 3942 2624 3996 enim
2658 3954 2951 4015 utrumque
2979 3952 3026 4005 ei
3088 3970 3283 4010 nomen
3315 3976 3442 4028 pro-

1853 4027 2074 4094 prium.
2107 4027 2150 4081 Α
2183 4030 2446 4098 dignitate
2493 4042 2673 4088 autem
2723 4038 3128 4104 primiceriatus
3179 4027 3439 4118 expulsus

1858 4128 2086 4189 propter
2116 4136 2354 4176 amorem
2391 4124 2592 4181 Christi
2632 4168 2647 4191 ,
2692 4129 3050 4189 descenderat
3095 4138 3161 4191 ad
3210 4119 3434 4197 inferio-

1854 4227 1968 4266 rem
2032 4215 2291 4269 comitum
2333 4215 2656 4285 diguitatem
2692 4239 2704 4286 ;
2750 4239 2911 4288 quam
2945 4229 3165 4294 quidem
3223 4236 3431 4289 etiamsi

1853 4320 1962 4358 non
1992 4305 2186 4361 fuisset
2241 4321 2619 4377 consecutus,
2689 4313 2824 4368 satis
2887 4323 3069 4372 tamen
3152 4323 3433 4381 habuisset

1852 4413 1974 4452 eum
2038 4400 2212 4454 solum
2289 4404 2479 4474 sequi,
2529 4420 2690 4472 quem
2749 4407 3111 4467 desiderabat.
3179 4417 3432 4473 Defertur

158 4489 376 4540 ἕκαστα
418 4488 757 4556 μεμαθήκοι,
788 4490 912 4549 τοὺς
947 4489 1174 4553 ἄξοντας
1208 4489 1371 4538 αὐτὸν
1399 4490 1742 4558 παραχρῆμα

1860 4500 2032 4545 autem
2069 4492 2135 4544 ad
2178 4508 2298 4545 eum
2330 4532 2345 4556 ,
2397 4496 2487 4562 qui
2521 4506 2648 4548 tunc
2702 4508 2816 4550 erat
2871 4517 3071 4568 praeses
3129 4507 3424 4567 Melitcnte.

155 4580 461 4646 ἐκπέμπει.
524 4577 695 4629 Τοῦτο
747 4577 801 4630 δὲ
856 4581 931 4648 μὴ
983 4579 1072 4633 τὸν
1119 4578 1367 4641 Εὑδὸξιον
1414 4579 1599 4643 λαθὸν,
1658 4581 1747 4633 εύ-

155 4673 486 4744 τελεστέραν
519 4673 876 4742 περιθέμενο,
903 4673 1002 4744 τὴν
1028 4672 1240 4744 στολὴν,
1267 4673 1353 4726 ἵνα
1380 4674 1455 4745 μὴ
1480 4675 1629 4738 ὅστις
1658 4677 1743 4743 εἴη

157 4765 398 4833 φανερὸς
452 4766 683 4832 γένοιτο,
736 4765 1089 4833 ἐμφανίζεται
1123 4771 1234 4827 τοῖς
1287 4768 1740 4838 ἀπεσταλμένοις.

155 4855 511 4925 Ἐντυχόντες
553 4854 735 4908 τοίνυν
798 4857 978 4917 αὐτοῖς
1039 4856 1184 4930 [into
1214 4860 1385 4932 αὐτῷ]
1436 4864 1528 4914 καὶ
1579 4867 1744 4932 μήπω

154 4949 345 5003 τοῦτον
382 4954 591 5005 ἐκεῖνον
625 4952 762 5005 εἶναι
805 4953 1148 5022 νομίσαντες,
1191 4953 1297 5024 ὅπη
1329 4955 1436 5025 ἄρα
1471 4954 1739 5025 διατρίϐοι

153 5047 179 5098 ὁ
224 5046 405 5116 κόμης
445 5045 714 5115 Εὐδόξιος,
758 5046 960 5105 εὐθέως
1003 5045 1248 5114 ἠρώτων.
1311 5047 1369 5100 '0
1400 5048 1490 5100 δέ·
1541 5049 1605 5099 Εἴ
1647 5066 1736 5117 μοι

153 5137 458 5208 παρελθεῖν⁵
498 5137 779 5206 ἐθελήσετε
819 5140 896 5200 εἰς
938 5138 1032 5208 τὴν
1094 5138 1296 5205 στάγην
1352 5138 1425 5208 [ι.
1487 5140 1735 5212 στέγην],

152 5235 492 5301 ἡμερώτατα
524 5231 660 5300 πρὸς
692 5232 887 5294 αὐτοᾲς
924 5233 1050 5302 ἔφη,
1092 5231 1187 5283 καὶ
1221 5230 1392 5300 βραχύ
1426 5231 1516 5283 τὸν
1547 5234 1611 5283 ἐκ
1641 5234 1735 5299 τῆς

149 5325 267 5377 ὀδοῦ
323 5326 497 5377 κόπον
545 5320 933 5382 διαναπαῦσαι,
982 5322 1074 5373 καὶ
1127 5326 1407 5393 τραπέζης
1455 5324 1548 5376 καὶ
1593 5324 1734 5376 ἁλῶν

147 5414 508 5483 κοινωνῆσαι,
547 5412 656 5482 ἑγὼ
687 5414 816 5482 ὑμῖν
840 5412 929 5466 τὸν
965 5411 1300 5482 ζητούμενον
1334 5414 1616 5478 ὑποδείξω.

216 5661 292 5731 (6)
316 5657 848 5739 gnuerumscilicet.
877 5657 998 5739 lti'l.
1062 5656 1330 5739 Traianus
1392 5658 1539 5739 enim
1597 5658 1732 5715 obiit

143 5727 290 5786 anno
309 5727 532 5798 Christi
553 5727 676 5790 n7,
703 5728 1066 5784 Diocletianus
1091 5745 1217 5782 vero
1236 5731 1520 5798 imperium
1541 5744 1730 5785 susce-

144 5807 220 5873 pit
250 5815 404 5852 anno
436 5794 562 5850 ‘284.
676 5867 688 5877 η
927 5868 938 5881 ν
1234 5868 1244 5880 _
1310 5794 1326 5798 ⁷
1403 5869 1416 5884 ο
1488 5870 1499 5881 .

211 5868 538 5941 (7)Crimen
565 5869 689 5937 Apri
724 5877 976 5938 prastorio
1005 5867 1268 5939 przel'eeu,
1327 5884 1418 5939 qui
1487 5871 1717 5940 Imperio

1849 4578 1950 4644 Qui
1986 4595 2106 4634 cum
2141 4582 2207 4636 de
2254 4597 2318 4636 eo
2379 4583 2588 4655 singula
2651 4587 3047 4658 intellexisset,
3088 4596 3179 4664 qui
3249 4599 3424 4668 ipsum

1845 4672 2133 4728 adducturi
2191 4685 2416 4741 essent,
2474 4681 2676 4732 emittit
2727 4685 2995 4750 protinus.
3064 4688 3175 4744 Hoc
3244 4705 3423 4748 autem

1844 4777 1967 4816 cum
1996 4779 2104 4818 non
2145 4767 2391 4820 latuisset
2436 4769 2738 4825 Eudoxium
2772 4812 2785 4836 ,
2835 4776 3008 4830 \‘iliori
3062 4793 3210 4837 veste
3264 4787 3423 4841 indu-

1845 4861 1966 4917 tus,
2011 4869 2077 4908 ne
2105 4865 2250 4911 esset
2281 4858 2636 4914 manifestum
2663 4902 2676 4926 ,
2725 4866 2974 4933 quisnam
3019 4883 3165 4925 esset
3193 4913 3207 4936 ,
3243 4891 3299 4928 se
3333 4893 3423 4932 οσ-

1843 4945 2016 4997 tendit
2046 4946 2112 5000 iis
2140 4948 2228 5018 qui
2288 4951 2437 5003 missi
2475 4955 2687 5006 fuerant
2713 4994 2727 5007 .
2773 4956 2906 5011 Cum
2941 4977 3063 5013 eum
3127 4980 3255 5034 ergo
3285 4984 3418 5023 con-

1837 5037 2119 5092 venissent
2153 5050 2208 5092 et
2269 5043 2509 5097 nondum
2563 5060 2687 5101 eum
2730 5048 2882 5104 illum
2937 5067 3056 5108 esse
3099 5067 3411 5125 putassent,

1839 5128 2057 5182 ubinam
2089 5143 2399 5188 versaretur
2432 5153 2616 5192 comes
2637 5141 2933 5210 Eudoxius,
2965 5162 3089 5200 eum
3128 5165 3408 5220 rogarunt.

1837 5220 1929 5273 llle
1957 5229 2162 5287 autem,
2218 5224 2271 5278 Si
2296 5241 2475 5280 meum
2515 5237 2716 5283 tectum
2751 5233 2933 5288 subire
2971 5237 3253 5296 volueritis
3277 5283 3291 5307 ,
3329 5247 3410 5300 eis

1835 5312 1971 5366 dixit
2003 5313 2390 5386 benignissime
2415 5357 2429 5383 ,
2460 5329 2517 5373 et
2550 5336 2579 5373 a
2627 5323 2813 5378 labore
2841 5327 3053 5382 itineris
3088 5347 3181 5385 vos
3216 5349 3406 5402 parum

1842 5419 2123 5471 recreare,
2157 5421 2466 5478 mensaeque
2509 5419 2564 5466 et
2607 5414 2734 5470 salis
2783 5431 2996 5471 mecum
3035 5434 3157 5476 esse
3192 5428 3411 5492 partici-

1846 5511 1942 5566 pes
1966 5537 1981 5560 ,
2016 5513 2114 5568 ego
2155 5501 2438 5557 ostendam
2485 5507 2639 5561 vobis
2673 5522 2798 5561 eum
2843 5526 3004 5580 quem
3035 5517 3296 5583 quzeritis.

1839 5661 2056 5742 inhians
2095 5663 2485 5746 Numerianum
2541 5684 2798 5746 generum
2835 5689 2992 5727 suum
3047 5691 3143 5746 per
3185 5678 3409 5736 insidias

1836 5736 2074 5810 necavit,
2138 5736 2717 5805 Metaphrastes'male
2769 5744 3000 5810 imputat
3048 5736 3405 5802 Diocletiano.

1835 5802 1935 5883 Hic
1956 5810 2099 5883 enim
2140 5822 2246 5860 non
2272 5802 2417 5883 czede
2449 5822 2541 5862 aut
2569 5802 3161 5883 tyrannide-imperium
3187 5818 3404 5883 invasit,

1831 5873 1925 5926 sed
1953 5875 2020 5927 ab
2041 5883 2285 5931 exercitu
2307 5877 2513 5934 electus
2539 5873 2832 5950 imperator
2861 5873 3086 5938 mortem
3118 5873 3408 5943 Numeria'2
