4158 6508
157 474 257 540 695

1142 480 1332 540 ACTA
1374 479 1480 539 SS.
1513 473 1869 538 EUDOXII.
1898 472 2221 544 ROMULI,
2262 479 2424 542 ETC.

3296 478 3401 542 626

156 597 442 663 φέροντας.
493 592 638 663 Πρὸς
682 590 854 644 ταῦτα
887 590 1165 661 διαϐλέψαι
1196 593 1295 644 οῦκ
1337 591 1474 659 ἒχων
1515 589 1723 650 ἐκεῖνος

1847 587 1974 642 rima
2000 591 2245 646 materia.
2285 591 2363 646 Ad
2390 592 2502 647 hate
2530 591 2618 646 ille
2646 604 2757 645 non
2771 590 2960 667 valens
2992 589 3219 656 intueri,
3251 588 3410 661 (quo-

158 684 343 754 (πόθεν
367 685 499 751 ὅσγε
524 684 626 736 ὑπὸ
652 683 843 755 βαθείᾳ
868 684 963 753 τῆς
983 683 1234 745 ἀσεϐείας
1251 682 1506 735 ἐκάθευδε
1538 680 1728 753 μέθης)

174 775 306 840 Ἐγώ
328 791 388 826 σε
408 776 506 835 τὰς
531 774 623 826 τοῦ
658 774 918 844 βασιλέως
950 774 1228 827 ἐκτελέσαι
1257 774 1604 843 προστάξεις,
1635 773 1731 825 καὶ

161 864 293 934 πρὸς
324 864 451 925 τοὺς
477 865 634 926 θεοὺς
660 865 727 916 τὰ
744 864 1021 934 εἰθισμένα
1045 865 1244 934 δρᾶσαι
1268 864 1693 935 προετρεψάμην
1712 906 1726 930 ,

160 958 255 1026 ἔφη
284 974 296 987 ·
332 956 471 1011 ἀλλὰ
494 957 556 1022 σὺ
585 958 679 1009 καὶ
709 956 863 1019 θεῶν,
888 956 962 1019 ὡς
988 957 1117 1027 ὁρῶ,
1150 956 1243 1009 καὶ
1267 957 1530 1025 βασιλέως
1563 957 1729 1023 ὑπερ-

162 1051 313 1119 ορᾷς,
364 1048 515 1105 οὕτω
545 1050 644 1118 μὲν
676 1048 896 1118 ἀναίδην
930 1052 1009 1113 εἰς
1054 1050 1146 1112 οὓς
1172 1053 1377 1111 ἐκεῖνος
1403 1051 1549 1103 σέϐει
1575 1050 1731 1110 θεοὺς

160 1140 471 1209 ὲνυὸρίσας,
518 1140 661 1192 οῦτω
689 1140 743 1193 δὲ
783 1141 1081 1213 καινοφανῆ
1110 1159 1233 1197 τινα
1279 1140 1534 1208 λατρείαν
1583 1140 1733 1208 παρὰ

158 1231 361 1301 ταύτην
396 1232 727 1301 νομοθετῶν,
760 1234 851 1284 καὶ
880 1233 1070 1305 ταύτῃ,
1103 1232 1177 1294 ὼς
1207 1235 1283 1293 εἰς
1312 1232 1417 1301 ἐμὰ
1443 1227 1554 1285 ὦτα
1584 1233 1730 1301 ἥκει,

160 1326 285 1389 τοὺς
320 1326 558 1388 πολλοὺς
593 1326 923 1379 ἀναπείθων.

227 1499 282 1556 l'.
348 1500 571 1563 Ταῦτα,
636 1500 846 1552 πολλῶν
915 1498 1301 1570 περιεστώτων
1360 1501 1734 1569 στρατιωτῶν.

154 1594 181 1642 ὁ
216 1589 449 1661 ἡγεμὼν
493 1591 785 1658 διελέγετο.
829 1592 937 1644 Καὶ
978 1593 1180 1661 μεταξὺ
1216 1594 1408 1662 ἄγριον
1441 1593 1534 1645 καὶ
1572 1593 1734 1661 δριμὺ

152 1683 361 1734 τούτων
391 1680 413 1753 [
443 1683 579 1752 forte
636 1682 867 1755 τούτοις]
902 1683 1205 1753 ὲμὸλέψαςο
1240 1685 1395 1738 ’Ὀσοι
1433 1685 1526 1737 καὶ
1562 1686 1734 1754 ὑμῶν,

156 1774 279 1841 ἔφη,
328 1772 407 1843 μὴ
462 1776 574 1837 τοῖς
627 1773 923 1843 βασιλικοῖς
961 1775 1324 1845 θεσπίσμασιν
1373 1777 1593 1843 ἕπεσθε,
1642 1777 1740 1839 τὰς

160 1865 561 1933 στρατιωτικάς
600 1864 979 1932 διαλυσάμενοι
1030 1866 1204 1929 ζώνας
1239 1869 1477 1937 γυμνοὺς
1513 1869 1741 1931 ἑαυτοὺς

1838 681 1998 735 modo
2037 683 2183 736 enim
2210 724 2224 746 ,
2291 685 2382 753 qui
2427 684 2732 739 dormiebat
2780 697 3077 754 Oppressus
3136 683 3404 752 profunda

1834 774 2049 842 crapula
2092 770 2419 840 impietatis?
2444 776 2463 845 )
2493 776 2602 846 Ego
2630 785 2701 839 te,
2727 775 2899 845 inquit
2924 814 2938 840 ,
2974 790 3097 829 sum
3125 774 3370 830 hortatus
3392 815 3406 838 ,

1836 874 1896 919 ut
1932 866 2301 935 exsequereris
2332 867 2483 935 jussa
2518 868 2894 936 imperatoris,
2944 877 3001 923 et
3049 867 3155 922 diis
3201 867 3409 923 faceres

1835 969 1897 1007 ca
1949 970 2069 1022 quae
2098 956 2277 1010 solent
2322 956 2435 1009 fieri
2472 974 2484 1010 :
2530 957 2625 1011 sed
2681 965 2738 1011 tu
2765 996 2778 1020 ,
2840 967 2897 1011 ut
2954 956 3146 1019 video,
3177 965 3233 1011 et
3281 956 3412 1010 deos

1835 1042 2070 1111 deSpicis
2103 1052 2157 1097 et
2201 1044 2601 1113 imperatorem,
2644 1057 2702 1098 ιιι
2734 1046 2848 1116 qui,
2875 1061 3014 1115 quos
3046 1047 3135 1101 ille
3192 1046 3410 1115 quidem

1836 1131 1985 1195 Colit,
2051 1132 2185 1187 deos
2230 1141 2338 1187 tam
2393 1134 2735 1203 impudenter
2786 1137 3003 1205 probris
3058 1136 3304 1191 alleceris
3355 1143 3412 1190 et

1837 1225 2217 1290 contumeliis;
2252 1242 2441 1280 novam
2473 1227 2585 1295 (l0)
2617 1236 2795 1282 autem
2829 1236 3031 1296 praeter
3070 1230 3208 1283 hanc
3244 1230 3413 1282 intro-

1838 1315 2003 1370 ducas
2027 1317 2337 1385 religionem
2358 1360 2372 1383 ,
2405 1328 2460 1373 et
2488 1329 2546 1373 ut
2577 1334 2696 1373 eam
2727 1318 3064 1388 suscipiant(
3087 1328 3146 1373 ut
3172 1321 3236 1375 ad
3266 1332 3413 1374 meas

1839 1421 1999 1463 aures
2034 1410 2324 1479 pervenit)
2354 1410 2538 1465 multis
2586 1411 2937 1480 persuadeas.

1912 1502 1977 1554 Χ.
2028 1505 2150 1556 Haec
2205 1502 2423 1557 dicebat
2485 1518 2719 1572 prases,
2781 1503 2969 1557 multis
3021 1502 3281 1557 militibus
3312 1504 3415 1556 cir-

1840 1591 2332 1657 cumsistentibus;
2368 1607 2505 1660 quos
2545 1593 2631 1647 ille
2668 1592 2882 1647 interim
2916 1601 3070 1647 torve
3124 1602 3179 1647 et
3210 1592 3410 1646 feroci-

1843 1692 1924 1738 ter
1956 1684 2184 1738 intuitus
2220 1702 2233 1737 :
2272 1685 2593 1754 Quicunque
2653 1700 2720 1740 ex
2786 1685 2976 1749 vobis,
3021 1686 3229 1754 inquit,
3259 1685 3411 1753 jussa

1844 1778 1990 1847 regia
2023 1792 2130 1831 non
2154 1778 2443 1847 sequimini
2472 1820 2485 1843 ,
2506 1793 2603 1833 vos
2626 1777 2950 1832 militaribus
2980 1778 3180 1832 tunicis
3205 1791 3409 1831 exuen-

1848 1877 1964 1932 tes,
1997 1870 2308 1939 cegnoscite
2339 1883 2459 1923 esse
2489 1868 2667 1923 nudos
2691 1869 2758 1923 ab
2786 1869 3090 1939 insignibus
3111 1867 3407 1938 dignitatis.

159 1930 264 2008 τών
295 1956 399 2025 τῆς
431 1958 588 2020 ἀξίας
624 1930 906 2025 συμϐόλων
936 1930 1260 2026 γνωρίσατεξ
1284 1930 1349 2010 ’έὶ
1378 1958 1535 2011 τοῦτο
1562 1930 1734 2025 λέγων

1847 1930 2092 2012 Curhoc
2146 1967 2329 2011 autem
2376 1958 2590 2013 dicebat
2621 1959 2711 2012 ille
2758 1930 3202 2028 improbustuf,
3242 1957 3288 2010 si
3317 1956 3412 2025 qui

163 2049 190 2099 ὁ
220 2048 462 2118 πονηρὸς
490 2048 729 2111 ὲκεῖνοςς
761 2047 946 2108 Ὀτιως
976 2048 1028 2100 εί
1048 2064 1189 2111 τινες
1212 2049 1298 2102 διὰ
1323 2048 1420 2120 τὴν
1446 2050 1541 2121 τῆς
1573 2068 1734 2120 στρα·

163 2140 309 2201 τείας
343 2139 641 2191 κοινωνίαν
672 2138 859 2206 φιλίως
889 2138 965 2209 τῷ
997 2139 1228 2210 Εὑδσξίῳ
1261 2141 1471 2212 ἔχοντες
1493 2184 1507 2207 ,
1540 2159 1733 2196 κοινω-

165 2234 272 2282 νεῖν
301 2230 452 2298 αὐτῷ
484 2231 577 2283 καὶ
607 2231 704 2298 τῆς
734 2231 956 2300 γνώμης
992 2233 1283 2303 βούλοιντο,
1313 2235 1633 2288 αίδεσθῶσιν
1677 2239 1734 2289 ὲν

164 2318 401 2387 τοσούτῳ
436 2318 633 2390 πλήθει
666 2320 1091 2385 άποστατοῦντες
1119 2325 1272 2377 αὐτοὶ
1304 2325 1452 2394 μόνοι
1478 2344 1493 2359 ·
1523 2326 1734 2393 ὀλίγους

164 2410 268 2480 γὰρ
290 2405 433 2463 εἶναι
467 2410 811 2465 παντάπασιν
850 2413 1043 2477 αὐτοὺς
1077 2414 1211 2484 ᾤετο
1235 2432 1248 2446 ·
1281 2415 1572 2469 κάντεῦθεν
1599 2416 1734 2485 ὁμοῦ

163 2502 264 2569 μὲν
291 2500 386 2555 τὸν
419 2500 674 2567 Εὖδόξιον
699 2503 962 2571 αἰσχύνοι,
993 2504 1245 2573 ἀλλότρια
1274 2505 1414 2559 οῦτω
1442 2507 1540 2574 τῆς
1570 2526 1735 2580 στρα-

158 2594 281 2657 τιᾶς
320 2593 508 2661 πάσης
546 2592 847 2660 φρονοῦντα
873 2609 887 2623 ο
937 2591 1071 2661 ὁμοῦ
1114 2594 1291 2647 δὲκαὶ
1342 2596 1497 2663 μόνον
1526 2599 1735 2666 εὑρὼν,

157 2685 426 2753 χρήσαιτο
450 2682 601 2750 αὑτῷ
635 2686 731 2735 ὅτι
763 2683 857 2735 καὶ
890 2682 1149 2752 βούλοιτο.
1198 2685 1335 2737 Ἀλλ’
1369 2687 1396 2738 ὁ
1431 2687 1735 2758 δρασσόμε-

156 2792 243 2835 νος
272 2775 400 2837 τοὺς
454 2776 655 2841 σοφοὺς
689 2778 746 2829 ὲν
779 2778 845 2846 τῇ
883 2780 1187 2851 πανουργῐᾳ
1231 2780 1429 2846 αὐτῶν,
1473 2783 1612 2834 κατὰ
1644 2784 1741 2854 τῆς

156 2864 370 2917 ἐκείνου
429 2866 633 2935 μᾶλλον
681 2869 918 2938 κεφαλῆς
955 2872 1054 2938 τὴν
1086 2870 1363 2939 μεθοδείαν
1408 2875 1739 2945 περιέτρεπε

160 2956 390 3027 ταύτην.
431 2958 599 3011 Οὔπω
631 2958 737 3027 γὰρ
774 2962 801 3011 δ
829 2962 934 3022 πᾶς
967 2960 1122 3027 λόγος
1151 2962 1300 3031 αὑτῷ
1344 2963 1550 3031 είρητο,
1594 2966 1687 3017 καὶ
1715 2969 1742 3019 ὁ

159 3050 412 3113 γενναῖος
442 3049 696 3115 Εὐδόξιος
728 3050 1009 3119 (ἐτύγχανε
1063 3050 1169 3122 γὰρ
1199 3051 1315 3104 τότε
1346 3052 1412 3105 τά
1442 3054 1740 3123 παράσημα

158 3140 259 3206 τῆς
286 3140 471 3207 ἀρχῆς
507 3141 907 3210 περικείμενος)
932 3143 1026 3212 τὴν
1044 3142 1217 3214 ζώνην
1247 3144 1406 3207 εὐθὺς
1430 3146 1641 3214 ἀφελὼν
1666 3147 1743 3217 τῷ

1837 2058 2061 2119 propter
2087 2050 2292 2104 militia:
2314 2052 2626 2104 societatem
2650 2050 2791 2104 bene
2816 2048 3018 2103 vellent
3049 2048 3291 2103 Eudoxio
3313 2090 3325 2111 ,
3358 2057 3415 2103 et

1838 2151 2020 2195 essent
2040 2141 2093 2195 in
2115 2141 2325 2204 eadem,
2356 2141 2407 2194 in
2434 2157 2537 2210 qua
2562 2142 2681 2209 ipse
2706 2140 2998 2205 sententia,
3024 2141 3414 2193 erubescerent

1839 2229 1942 2298 ipsi
1958 2228 2053 2282 soli
2073 2228 2386 2283 deﬁcientes
2415 2229 2468 2282 in
2488 2235 2634 2283 tanta
2660 2225 3003 2282 multitudine
3024 2244 3040 2294 ;
3066 2226 3413 2282 existimabat

1840 2320 1981 2375 enim
1997 2336 2090 2374 eos
2105 2321 2329 2375 omnino
2348 2336 2465 2380 esse
2487 2335 2685 2386 paucos
2703 2360 2717 2382 ,
2739 2330 2792 2372 et
2814 2319 2972 2372 simul
2988 2319 3206 2388 quidem
3224 2319 3412 2371 volens

1838 2412 2043 2480 pudore
2082 2411 2295 2465 allicere
2329 2410 2774 2479 Eudoxium,qui
2801 2411 2879 2465 sic
2913 2410 3185 2468 videretur
3209 2410 3414 2463 sentire

1842 2502 2054 2557 diversa
2088 2516 2118 2555 ιι
2144 2510 2255 2557 toto
2272 2503 2548 2568 exercitu;
2576 2513 2630 2558 et
2655 2503 2699 2557 si
2721 2504 2895 2557 solum
2921 2517 3046 2556 eum
3089 2500 3410 2565 invenisset,

1842 2594 1908 2649 de
1921 2609 1987 2649 eo
2002 2594 2223 2659 faceret,
2243 2596 2384 2663 quod
2401 2595 2577 2649 vellet.
2598 2594 2703 2650 Sed
2716 2596 2807 2663 qui
2825 2593 3183 2664 apprehendit
3196 2594 3412 2661 sapien-

1845 2693 1926 2738 tes
1952 2686 2005 2738 in
2036 2686 2236 2739 astutia
2281 2701 2469 2740 eorum
2491 2726 2506 2751 ,
2542 2686 2593 2739 id
2618 2738 2632 2760 ,
2688 2686 2831 2756 quod
2878 2686 3250 2755 excogitarat,
3278 2699 3416 2738 con-

1845 2775 2005 2829 vertit
2034 2774 2086 2827 in
2119 2774 2238 2842 ejus
2267 2784 2459 2844 caput.
2499 2775 2753 2829 Nondum
2810 2776 2958 2829 enim
3010 2783 3181 2829 totam
3233 2771 3417 2827 absol-

1844 2876 1994 2924 verat
2022 2866 2329 2926 oratlonem
2353 2909 2367 2931 ,
2407 2878 2462 2922 et
2490 2868 2738 2938 egregius
2767 2868 2855 2921 ille
2901 2865 3181 2921 Eudoxius
3235 2865 3254 2934 (
3282 2874 3415 2919 tunc

1845 2964 1989 3016 enim
2018 2969 2138 3016 erat
2182 2960 2408 3015 indutus
2462 2960 2657 3031 insigni
2709 2959 3094 3030 magistratus)
3130 2973 3266 3011 zona
3300 2966 3414 3012 sta-

1847 3055 1939 3108 tim
1974 3053 2179 3115 ablata,
2224 3066 2344 3106 eam
2394 3050 2683 3121 projicitin
2735 3050 2927 3104 faciem
2972 3049 3219 3119 prasidis
3263 3048 3413 3115 (il).

1848 3141 1960 3196 Hoc
1987 3148 2168 3194 autem
2209 3139 2385 3193 visum
2408 3146 2490 3192 est
2520 3138 2639 3192 aliis
2666 3137 2974 3193 adhortatio
3008 3147 3063 3191 et
3088 3138 3235 3191 zelus
3266 3137 3414 3205 (l2):

161 3231 443 3300 προσώπῳ
457 3230 551 3283 τοῦ
567 3232 822 3301 ἄρχοντος
846 3236 1176 3307 ἔπιρῤίπτει.
1197 3235 1363 3288 Τοῦτο
1380 3238 1435 3290 δὲ
1465 3241 1743 3310 προτροπὴ

1848 3242 1923 3296 et,
1960 3241 2108 3287 totus
2135 3272 2149 3295 ,
2187 3231 2282 3299 qui
2333 3230 2719 3286 circumstabat
2760 3245 3063 3294 numerus,
3124 3228 3216 3299 qui
3255 3236 3412 3283 erant

160 3322 271 3382 τοῖς
325 3321 509 3385 ἄλλοις
561 3322 773 3390 ἐγένετο
825 3325 919 3376 καὶ
957 3323 1115 3393 ζῆλον
1175 3322 1353 3395 [adde
1382 3326 1611 3397 ἀνῆψεῖσ
1658 3333 1747 3381 καὶ

162 3413 192 3465 ὀ
223 3413 531 3486 περιεστὼς
559 3414 702 3477 ἄπας
726 3416 1047 3483 κατάλογος,
1082 3416 1344 3487 τέσσαρες
1370 3417 1462 3469 ἐπὶ
1487 3420 1596 3482 τοῖς
1624 3420 1749 3475 ἑκα-

164 3508 255 3560 τὸν
284 3510 380 3560 καὶ
406 3508 570 3577 χίλιοι
592 3510 761 3575 ὄντες,
802 3510 993 3580 ἀγαθῷ
1023 3511 1379 3581 ὑποδείγματι
1411 3511 1486 3581 τῷ
1518 3513 1750 3585 Εὑδοξίῳ

160 3597 365 3649 αὐτίκα
415 3596 713 3665 χρώμενοι,
756 3602 852 3661 τὰς
902 3600 1075 3662 ζώνας
1117 3602 1210 3653 καὶ
1257 3600 1401 3653 οῦτοι
1455 3606 1593 3657 κατὰ
1640 3607 1749 3659 τῶν

162 3685 379 3736 ἐκείνου
416 3684 596 3751 ὂψεων
626 3687 1014 3756 ἀπέρῤίπτουν.

229 3772 339 3828 IA'.
372 3775 725 3846 ’Υποπτήξας
756 3774 849 3832 οῦν
870 3782 932 3833 τὸ
962 3780 1163 3850 πλῆθος
1190 3785 1217 3836 ὁ
1245 3782 1467 3855 ἡγεμὼν
1490 3785 1748 3856 ἀναφέρει

164 3869 554 3940 Διοκλητιανῷ
580 3872 649 3924 τὰ
681 3873 774 3925 τοῦ
811 3875 1155 3943 πράγματος.
1197 3878 1256 3929 '0
1289 3878 1343 3930 δὲ
1372 3879 1496 3941 τοὺς
1515 3881 1621 3949 μὲν
1653 3882 1751 3949 τῆς

160 3961 430 4029 τοιαύτης
478 3962 678 4032 τόλμης
726 3966 933 4026 αἰτίους
978 3966 1072 4017 καὶ
1120 3968 1389 4036 ἀρχηγοὺς
1447 3971 1750 4038 βαρυτάτας

164 4046 354 4099 δοῦναι
378 4048 481 4108 τὰς
512 4049 778 4118 τιμωρίας
804 4052 1016 4104 κελεύει
1044 4068 1057 4082 ·
1086 4053 1184 4121 τὴν
1204 4055 1260 4107 δὲ
1286 4056 1413 4124 περὶ
1441 4057 1550 4109 τῶν
1578 4058 1750 4114 ἄλλων

161 4139 346 4207 ψῆφον
382 4142 451 4207 τῇ
488 4139 651 4210 βουλῇ
698 4143 1020 4216 ἐπιτρέψαι.
1055 4146 1325 4217 Τοιαύτην
1358 4149 1559 4213 ἐκεῖνος
1603 4153 1752 4220 παρὰ

164 4232 265 4301 τῆς
315 4231 611 4302 βασιλικῆς
664 4236 920 4299 ἀπονοίας
968 4238 1067 4304 τὴν
1113 4241 1357 4304 ἐξουσίαν
1403 4242 1601 4311 λαϐὼν,
1662 4244 1752 4297 τὸν

163 4328 423 4392 γενναῖον
463 4324 716 4391 Εὗδόξιον
752 4325 831 4396 τῷ
885 4324 1079 4381 ἑαυτοῦ
1112 4334 1603 4401 παραστησάμενος
1656 4338 1754 4405 κή-

170 4432 302 4482 ματι
350 4414 416 4485 [ι.
468 4414 719 4486 pinum],
788 4418 897 4483 Τὰς
944 4420 1154 4493 μωρὰς,
1200 4422 1322 4494 ἔφη,
1364 4422 1617 4496 ζητήσεις
1661 4430 1753 4480 καὶ

166 4503 489 4571 ἀντιλογίας
539 4506 636 4557 καὶ
686 4505 782 4573 τῆς
813 4509 1045 4573 διανοίας
1093 4513 1227 4581 ὁμοῦ
1271 4514 1482 4581 καὶτῆς
1509 4516 1753 4589 γλώττης

166 4595 493 4663 ἀποὸαλὼν,
522 4596 683 4651 θῦσον
706 4600 814 4663 τοῖς
833 4598 971 4663 θεοῖς
995 4601 1136 4655 ἑκών
1164 4620 1178 4635 ·
1215 4605 1336 4657 ἐπεὶ
1358 4608 1451 4657 καὶ
1475 4610 1671 4662 ἄκοντά
1690 4585 1748 4661 σε
1785 4585 1826 4639 D

166 4688 228 4739 τὸ
260 4688 543 4756 αὐστηρὸν
599 4690 817 4754 πάντως
871 4692 976 4744 τῶν
1033 4693 1280 4764 βασάνων
1318 4699 1745 4767 παρασκευάσει.

167 4776 280 4828 Καὶ
302 4775 509 4829 αὐτίκα
529 4776 725 4845 δεσμά,
749 4781 841 4831 καὶ
865 4782 1095 4852 πληγὰς,
1121 4789 1214 4841 καὶ
1234 4787 1477 4856 εἱρκτὴν,
1501 4790 1595 4843 καὶ
1615 4789 1749 4860 πῦρ,

170 4870 265 4921 καὶ
294 4867 471 4922 τᾶλλα
518 4868 574 4922 δὲ
628 4869 695 4925 τά
746 4871 1018 4941 βαρύτατα
1062 4878 1152 4927 καὶ
1199 4879 1334 4945 πρὸς
1375 4881 1543 4950 ἀκοὴν
1587 4882 1753 4953 μόνην

170 4958 571 5027 ἀπηριθμείτο.
642 4960 989 5028 Ἰλιγγιάσατε
1048 4967 1140 5019 καὶ
1189 4965 1346 5036 ὑμεῖς
1402 4969 1751 5039 ἀκούσαντες,

172 5047 316 5113 οἶδα,
365 5049 468 5103 καὶ
500 5051 629 5119 περὶ
667 5052 773 5105 τῶν
810 5053 936 5122 ἑξῆς
966 5058 1233 5123 άγωνιᾶτε
1263 5059 1354 5112 τοῦ
1388 5061 1755 5131 διηγήματοςο

177 5149 311 5216 μήτι
361 5145 460 5201 καὶ
518 5148 545 5198 6
586 5146 741 5213 λόγος
793 5149 883 5207 τὸν
931 5150 1168 5219 ἀθλητὴν
1210 5153 1557 5222 ἐθορύὸησεν.
1606 5156 1762 5209 Ἀλλά

252 5328 366 5396 (l0)
396 5327 589 5384 Grece
625 5331 943 5399 καινοερανῆ,
980 5331 1031 5385 id
1060 5339 1142 5383 est
1170 5331 1388 5389 .noviter
1417 5341 1757 5399 apparentem

174 5400 292 5453 sive
308 5414 431 5465 qua
451 5415 583 5451 nova
598 5406 838 5467 apparet,
864 5413 892 5450 a
917 5400 1095 5458 καινὸς
1115 5408 1170 5453 et
1186 5402 1379 5466 φαίνω.
1401 5399 1594 5455 Voccm
1612 5401 1754 5456 illam

177 5466 522 5533 καινοφινὴς
551 5468 605 5519 ἰιι
636 5467 785 5520 nullo
818 5467 996 5523 inveni
1027 5469 1240 5524 Lexieo.

249 5538 364 5607 (tl)
400 5535 457 5607 Id
491 5545 594 5598 est,
630 5541 1068 5607 corampm‘side.
1104 5540 1163 5592 P.
1198 5538 1478 5593 Matthmus
1516 5539 1761 5599 Baderus

179 5604 480 5679 societatis
510 5606 778 5679 nostrzcin
808 5606 1039 5679 Historia
1067 5624 1215 5663 sacra
1240 5625 1303 5664 cx
1333 5612 1543 5679 magnis
1575 5612 1759 5671 Eccle-

180 5680 277 5738 sia:
306 5678 520 5735 Graeca!
546 5672 764 5730 Menaeis
788 5692 943 5738 quam
980 5678 1120 5731 inter
1148 5694 1277 5732 mss.
1306 5672 1585 5732 servamus
1616 5699 1762 5736 cam-

180 5751 303 5802 dem
350 5746 580 5824 phrasin
610 5742 766 5826 plagii
800 5742 991 5799 horum
1031 5758 1323 5827 martyrum
1457 5752 1754 5827 προσώπῳ,

182 5826 315 5873 εις..
374 5817 566 5867 vertit.
606 5816 661 5866 in
708 5827 973 5885 conspectu
1027 5816 1258 5885 putridis
1311 5819 1518 5884 abjecit.
1570 5820 1757 5877 Testa-

187 5888 388 5941 bantur
435 5882 737 5939 Christiani
796 5883 878 5937 illa
932 5882 1077 5941 zona:
1142 5882 1440 5953 alijeclio‘ne
1508 5904 1562 5940 se
1622 5893 1760 5944 nolle

1851 3324 2018 3385 mille,
2044 3333 2261 3377 centum
2286 3330 2339 3377 et
2372 3329 2603 3390 quatuor
2630 3320 2764 3389 (l5),
2796 3320 2943 3375 bono
2971 3318 3222 3388 exemplo
3244 3316 3417 3385 proti-

1850 3427 1952 3467 nus
1992 3422 2205 3466 utentes
2254 3408 2517 3476 Eudoxio,
2551 3411 2589 3465 ii
2624 3426 2839 3483 quoque
2876 3410 3226 3483 projecerunt
3252 3423 3419 3465 zonas

1852 3510 1905 3564 in
1940 3508 2129 3565 faciem
2158 3507 2304 3563 illius
2326 3547 2340 3561 .

1921 3784 2013 3837 Xl.
2050 3785 2315 3840 Dubitans
2349 3793 2531 3840 autem
2565 3799 2767 3855 praeses
2798 3785 2865 3839 de
2896 3785 3245 3840 multitudine
3265 3824 3280 3849 ,
3304 3798 3419 3839 rem

1851 3873 2023 3928 defert
2069 3871 2137 3926 ad
2180 3873 2595 3929 Diocletianum.
2643 3874 2737 3930 llle
2775 3884 2959 3930 autem
3003 3881 3257 3930 auctores
3294 3876 3420 3944 qui-

1851 3965 1974 4019 dem
2007 3970 2171 4021 tanta
2213 3963 2450 4018 audacia:
2477 3964 2630 4032 jubet
2669 3967 3007 4034 gravissimis
3045 3966 3179 4021 afﬁci
3212 3965 3422 4035 suppli-

1853 4058 1988 4123 ciis;
2020 4046 2349 4112 sententiam
2376 4062 2560 4109 autem
2606 4054 2674 4109 de
2707 4054 2827 4110 aliis
2874 4054 3155 4110 ferendam
3187 4054 3422 4124 relinqui

1854 4146 2106 4199 senatui.
2143 4144 2293 4199 Hanc
2326 4162 2448 4200 cum
2498 4146 2587 4199 ille
2640 4144 2943 4214 accepisset
2984 4154 3308 4216 potestatem
3355 4144 3423 4199 ab

1853 4234 2197 4303 imperatoris
2257 4235 2529 4298 amentia,
2597 4249 2923 4303 generosum
3003 4235 3303 4289 Eudoxium
3351 4235 3425 4288 si-

1854 4328 2103 4387 stendum
2143 4343 2340 4383 curans
2372 4342 2470 4397 pro
2492 4340 2592 4381 suo
2615 4325 2873 4380 tribunali
2896 4366 2911 4392 ,
2944 4323 3179 4391 Stullas,
3206 4324 3420 4393 inquit,

1855 4421 2185 4494 qitaestiones
2212 4429 2266 4475 et
2298 4419 2500 4475 mentis
2532 4426 2587 4473 et
2618 4417 2817 4488 linguae
2871 4418 3098 4473 mittens
3144 4417 3425 4473 contradi-

1856 4513 2085 4572 ctiones,
2116 4519 2205 4563 tua
2254 4518 2450 4576 sponte
2480 4508 2583 4560 diis
2624 4507 2900 4559 sacriﬁca:
2933 4514 3055 4559 nam
3102 4504 3301 4575 alioqui
3367 4514 3425 4561 ut

1860 4602 1909 4657 id
1951 4602 2151 4655 invitus
2178 4599 2343 4654 facias
2379 4599 2604 4653 omnino
2638 4605 2794 4667 coget
2830 4596 3101 4651 acerbitas
3131 4597 3425 4665 supplicio-

1858 4708 2010 4749 rum.
2043 4691 2106 4748 Et
2142 4693 2324 4749 statim
2352 4689 2694 4746 enumeravit
2737 4687 2972 4751 vincula,
3014 4696 3068 4741 et
3114 4687 3297 4757 plagas
3322 4726 3337 4752 ,
3369 4697 3424 4742 et

1858 4800 2131 4841 carcerem
2154 4825 2168 4848 ,
2204 4795 2257 4840 et
2289 4787 2470 4854 ignem
2495 4823 2509 4847 ,
2552 4791 2608 4836 ct
2664 4796 3003 4851 quaecunque
3035 4780 3119 4835 vel
3164 4779 3279 4833 solo
3310 4793 3424 4832 au-

1858 4880 1972 4935 ditu
2005 4887 2133 4933 sunt
2188 4876 2527 4947 gravissima.
2573 4872 2857 4946 Caligastis
2910 4888 3009 4929 vos
3059 4886 3311 4940 quoque,
3341 4880 3425 4926 sat

1862 4970 2007 5035 scio,
2043 4970 2159 5026 haec
2189 4969 2510 5031 audientes,
2543 4977 2598 5020 et
2646 4966 2791 5019 anxii
2823 4964 2957 5019 estis
2999 4963 3068 5016 de
3104 4963 3421 5018 narratione

1857 5076 2045 5114 eorum
2088 5075 2207 5127 qtae
2258 5058 2516 5127 deinceps
2562 5063 2863 5124 sequuntur
2899 5072 2911 5106 :
2942 5069 3072 5106 num
3109 5054 3319 5108 scilicet
3358 5069 3421 5108 ea

1860 5152 2034 5207 oratio
2066 5151 2406 5206 conturbarit
2450 5148 2733 5203 athletam.
2771 5145 2877 5201 Scd
2917 5154 3089 5201 estote
3124 5146 3268 5200 bono
3298 5144 3419 5199 ani-

1860 5338 2018 5389 tidem
2049 5333 2332 5397 abnegare,
2364 5332 2589 5397 ideoque
2620 5328 2760 5383 ultro
2788 5324 3097 5397 renuntiare
3122 5322 3419 5397 honoribus

1860 5417 1969 5461 tum
1999 5391 2322 5455 militaribus
2348 5410 2460 5453 tum
2487 5391 2932 5467 palatinistquod
3064 5391 3419 5467 Busilitts‘do-

1858 5484 1943 5530 cet
1972 5474 2038 5528 de
2068 5472 2125 5525 S.
2158 5470 2355 5524 Gordio
2385 5468 2452 5521 Μ.
2482 5462 2623 5523 [omo
2656 5467 2724 5521 Ill
2754 5462 3025 5524 Januarii,
3061 5479 3179 5532 pag.
3224 5462 3347 5519 151.

1934 5545 2043 5616 (l2)
2069 5542 2256 5596 Melius
2298 5542 2384 5616 _sic
2417 5548 2636 5592 vertas:
2679 5556 2695 5587 ι
2724 5534 2853 5616 ‘l'loc
2901 5543 3077 5587 autem
3132 5533 3249 5616 aliis
3283 5534 3414 5616 fuit

1862 5607 2201 5667 hortamento
2232 5608 2823 5681 zelumqueiaeccndit;
2858 5626 2874 5657 ι
2912 5615 3031 5656 nam
3082 5607 3421 5681 accusativus

1860 5686 2020 5752 ζῆλον
2046 5685 2151 5753 regi
2181 5681 2341 5753 debet
2368 5674 2441 5733 ab.
2488 5680 2665 5743 aliquo
2718 5679 2900 5738 verbo,
2968 5674 3107 5741 ειυῡά
3160 5674 3419 5727 omissum

1866 5768 1946 5812 est
1980 5754 2029 5805 in
2062 5752 2371 5823 apographo
2407 5756 2611 5823 nostro.

1938 5824 2047 5891 (l5)
2073 5819 2199 5877 Vide
2224 5820 2705 5881 (iommentarium,
2744 5833 2890 5871 num.
2916 5819 2974 5871 ι).
