  <div class='ocr_page' id='page_1' title='image "/cluster/home/n/w/nwhite01/storage/ocr_20150623/115/uva.x004215515/347.png"; bbox 0 0 4158 6466; ppageno 0'>
   <div class='ocr_carea' id='block_1_1' title="bbox 718 423 825 485">
    <p class='ocr_par' dir='ltr' id='par_1_1' title="bbox 718 423 825 485">
     <span class='ocr_line' id='line_1_1' title="bbox 718 423 825 485; baseline 0.037 -4"><span class='ocrx_word' id='word_1_1' title='bbox 718 423 825 485; x_wconf 79' lang='lat'><strong>635</strong></span> 
     </span>
    </p>
   </div>
   <div class='ocr_carea' id='block_1_2' title="bbox 1939 408 2720 478">
    <p class='ocr_par' dir='ltr' id='par_1_2' title="bbox 1939 408 2720 478">
     <span class='ocr_line' id='line_1_2' title="bbox 1939 408 2720 478; baseline -0.005 0"><span class='ocrx_word' id='word_1_2' title='bbox 1939 413 2167 478; x_wconf 74' lang='lat' dir='ltr'><strong>MENSl</strong></span> <span class='ocrx_word' id='word_1_3' title='bbox 2182 412 2223 472; x_wconf 86' lang='lat' dir='ltr'><strong>S</strong></span> <span class='ocrx_word' id='word_1_4' title='bbox 2254 408 2540 471; x_wconf 78' lang='lat' dir='ltr'><strong>SEPTEM</strong></span> <span class='ocrx_word' id='word_1_5' title='bbox 2550 412 2720 474; x_wconf 79' lang='lat' dir='ltr'><strong>BER.</strong></span> 
     </span>
    </p>
   </div>
   <div class='ocr_carea' id='block_1_3' title="bbox 3854 415 3957 480">
    <p class='ocr_par' dir='ltr' id='par_1_3' title="bbox 3854 415 3957 480">
     <span class='ocr_line' id='line_1_3' title="bbox 3854 415 3957 480; baseline 0 0"><span class='ocrx_word' id='word_1_6' title='bbox 3854 415 3957 480; x_wconf 82' lang='lat'><strong>636</strong></span> 
     </span>
    </p>
   </div>
   <div class='ocr_carea' id='block_1_4' title="bbox 722 524 2313 605">
    <p class='ocr_par' dir='ltr' id='par_1_4' title="bbox 722 527 2293 605">
     <span class='ocr_line' id='line_1_4' title="bbox 722 527 2293 605; baseline -0.003 -20"><span class='ocrx_word' id='word_1_7' title='bbox 722 542 840 585; x_wconf 82' lang='lat' dir='ltr'><strong>erat</strong></span> <span class='ocrx_word' id='word_1_8' title='bbox 886 530 1031 598; x_wconf 75' lang='lat' dir='ltr'><strong>juxta</strong></span> <span class='ocrx_word' id='word_1_9' title='bbox 1060 531 1285 595; x_wconf 74' lang='lat' dir='ltr'><strong>fontem,</strong></span> <span class='ocrx_word' id='word_1_10' title='bbox 1346 547 1561 602; x_wconf 76' lang='lat' dir='ltr'><strong>gregem</strong></span> <span class='ocrx_word' id='word_1_11' title='bbox 1627 539 1897 605; x_wconf 85' lang='lat' dir='ltr'><strong>pasceret,</strong></span> <span class='ocrx_word' id='word_1_12' title='bbox 1952 546 2076 586; x_wconf 91' lang='lat' dir='ltr'><strong>eum</strong></span> <span class='ocrx_word' id='word_1_13' title='bbox 2136 527 2293 584; x_wconf 87' lang='lat' dir='ltr'><strong>valde</strong></span> 
     </span>
    </p>
   </div>
   <div class='ocr_carea' id='block_1_5' title="bbox 2421 524 3965 605">
    <p class='ocr_par' dir='ltr' id='par_1_5' title="bbox 2421 524 3965 598">
     <span class='ocr_line' id='line_1_5' title="bbox 2421 524 3965 598; baseline 0.005 -22"><span class='ocrx_word' id='word_1_14' title='bbox 2421 524 2499 594; x_wconf 80' lang='grc' dir='ltr'><strong>’ὴν</strong></span> <span class='ocrx_word' id='word_1_15' title='bbox 2527 526 2635 595; x_wconf 75' lang='grc' dir='ltr'><strong>πόᾳ</strong></span> <span class='ocrx_word' id='word_1_16' title='bbox 2681 526 2743 578; x_wconf 80' lang='grc' dir='ltr'>τὸ</span> <span class='ocrx_word' id='word_1_17' title='bbox 2790 525 3039 596; x_wconf 80' lang='grc' dir='ltr'><strong>ποίμνιον</strong></span> <span class='ocrx_word' id='word_1_18' title='bbox 3090 528 3358 593; x_wconf 67' lang='grc' dir='ltr'>ἑστιῶντι,</span> <span class='ocrx_word' id='word_1_19' title='bbox 3395 524 3565 591; x_wconf 72' lang='grc' dir='ltr'>ὕπνος</span> <span class='ocrx_word' id='word_1_20' title='bbox 3608 527 3763 598; x_wconf 83' lang='grc' dir='ltr'><strong>αὒτῷ</strong></span> <span class='ocrx_word' id='word_1_21' title='bbox 3816 529 3965 598; x_wconf 75' lang='grc' dir='ltr'>μάλα</span> 
     </span>
    </p>
   </div>
   <div class='ocr_carea' id='block_1_6' title="bbox 723 620 2289 689">
    <p class='ocr_par' dir='ltr' id='par_1_6' title="bbox 723 620 2289 689">
     <span class='ocr_line' id='line_1_6' title="bbox 723 620 2289 689; baseline -0.001 -15"><span class='ocrx_word' id='word_1_22' title='bbox 723 629 1062 689; x_wconf 87' lang='lat' dir='ltr'><strong>opportunus</strong></span> <span class='ocrx_word' id='word_1_23' title='bbox 1106 632 1161 676; x_wconf 83' lang='lat' dir='ltr'><strong>et</strong></span> <span class='ocrx_word' id='word_1_24' title='bbox 1197 624 1377 676; x_wconf 85' lang='lat' dir='ltr'><strong>suavis</strong></span> <span class='ocrx_word' id='word_1_25' title='bbox 1434 638 1665 675; x_wconf 90' lang='lat' dir='ltr'><strong>somnus</strong></span> <span class='ocrx_word' id='word_1_26' title='bbox 1738 622 1953 685; x_wconf 84' lang='lat' dir='ltr'><strong>invasit,</strong></span> <span class='ocrx_word' id='word_1_27' title='bbox 2005 630 2059 676; x_wconf 90' lang='lat' dir='ltr'><strong>et</strong></span> <span class='ocrx_word' id='word_1_28' title='bbox 2107 620 2289 675; x_wconf 82' lang='lat' dir='ltr'><strong>divina</strong></span> 
     </span>
    </p>
   </div>
   <div class='ocr_carea' id='block_1_7' title="bbox 722 711 2290 780">
    <p class='ocr_par' dir='ltr' id='par_1_7' title="bbox 722 711 2290 780">
     <span class='ocr_line' id='line_1_7' title="bbox 722 711 2290 780; baseline -0.001 -15"><span class='ocrx_word' id='word_1_29' title='bbox 722 714 969 780; x_wconf 64' lang='lat' dir='ltr'><strong>quaedam</strong></span> <span class='ocrx_word' id='word_1_30' title='bbox 991 714 1055 766; x_wconf 92' lang='lat' dir='ltr'><strong>ad</strong></span> <span class='ocrx_word' id='word_1_31' title='bbox 1086 729 1208 767; x_wconf 89' lang='lat' dir='ltr'><strong>eum</strong></span> <span class='ocrx_word' id='word_1_32' title='bbox 1248 715 1457 769; x_wconf 76' lang='lat' dir='ltr'><strong>accedit</strong></span> <span class='ocrx_word' id='word_1_33' title='bbox 1491 714 1646 767; x_wconf 84' lang='lat' dir='ltr'><strong>visio.</strong></span> <span class='ocrx_word' id='word_1_34' title='bbox 1727 711 1877 766; x_wconf 83' lang='lat' dir='ltr'><strong>Visio</strong></span> <span class='ocrx_word' id='word_1_35' title='bbox 1928 722 2110 765; x_wconf 90' lang='lat' dir='ltr'><strong>autem</strong></span> <span class='ocrx_word' id='word_1_36' title='bbox 2164 726 2290 765; x_wconf 91' lang='lat' dir='ltr'><strong>eum</strong></span> 
     </span>
    </p>
   </div>
   <div class='ocr_carea' id='block_1_8' title="bbox 725 803 2289 876">
    <p class='ocr_par' dir='ltr' id='par_1_8' title="bbox 725 803 2289 876">
     <span class='ocr_line' id='line_1_8' title="bbox 725 803 2289 876; baseline 0 -20"><span class='ocrx_word' id='word_1_37' title='bbox 725 804 897 876; x_wconf 67' lang='lat' dir='ltr'><strong>magis</strong></span> <span class='ocrx_word' id='word_1_38' title='bbox 933 803 1236 865; x_wconf 81' lang='lat' dir='ltr'><strong>confirmat.</strong></span> <span class='ocrx_word' id='word_1_39' title='bbox 1278 814 1331 858; x_wconf 89' lang='lat' dir='ltr'><strong>et</strong></span> <span class='ocrx_word' id='word_1_40' title='bbox 1366 806 1412 858; x_wconf 88' lang='lat' dir='ltr'><strong>ei</strong></span> <span class='ocrx_word' id='word_1_41' title='bbox 1452 806 1692 858; x_wconf 90' lang='lat' dir='ltr'><strong>animum</strong></span> <span class='ocrx_word' id='word_1_42' title='bbox 1728 805 1877 859; x_wconf 88' lang='lat' dir='ltr'><strong>addit</strong></span> <span class='ocrx_word' id='word_1_43' title='bbox 1923 806 1987 859; x_wconf 90' lang='lat' dir='ltr'><strong>ad</strong></span> <span class='ocrx_word' id='word_1_44' title='bbox 2014 804 2289 874; x_wconf 90' lang='lat' dir='ltr'><strong>pietatem.</strong></span> 
     </span>
    </p>
   </div>
   <div class='ocr_carea' id='block_1_9' title="bbox 730 893 2294 966">
    <p class='ocr_par' dir='ltr' id='par_1_9' title="bbox 730 893 2294 966">
     <span class='ocr_line' id='line_1_9' title="bbox 730 893 2294 966; baseline 0.003 -23"><span class='ocrx_word' id='word_1_45' title='bbox 730 893 932 948; x_wconf 80' lang='lat' dir='ltr'><strong>Deinde</strong></span> <span class='ocrx_word' id='word_1_46' title='bbox 967 897 1128 949; x_wconf 88' lang='lat' dir='ltr'><strong>etiam</strong></span> <span class='ocrx_word' id='word_1_47' title='bbox 1165 898 1365 951; x_wconf 84' lang='lat' dir='ltr'><strong>revelat</strong></span> <span class='ocrx_word' id='word_1_48' title='bbox 1390 898 1640 965; x_wconf 76' lang='lat' dir='ltr'><strong>gratiam,</strong></span> <span class='ocrx_word' id='word_1_49' title='bbox 1676 912 1797 966; x_wconf 63' lang='lat' dir='ltr'><strong>qua:</strong></span> <span class='ocrx_word' id='word_1_50' title='bbox 1827 897 1892 951; x_wconf 89' lang='lat' dir='ltr'><strong>ad</strong></span> <span class='ocrx_word' id='word_1_51' title='bbox 1928 897 2107 951; x_wconf 91' lang='lat' dir='ltr'><strong>locum</strong></span> <span class='ocrx_word' id='word_1_52' title='bbox 2176 904 2294 949; x_wconf 89' lang='lat' dir='ltr'><strong>erat</strong></span> 
     </span>
    </p>
   </div>
   <div class='ocr_carea' id='block_1_10' title="bbox 726 987 2295 1057">
    <p class='ocr_par' dir='ltr' id='par_1_10' title="bbox 726 987 2295 1057">
     <span class='ocr_line' id='line_1_10' title="bbox 726 987 2295 1057; baseline 0.001 -19"><span class='ocrx_word' id='word_1_53' title='bbox 726 987 960 1054; x_wconf 78' lang='lat' dir='ltr'><strong>desuper</strong></span> <span class='ocrx_word' id='word_1_54' title='bbox 1018 988 1352 1043; x_wconf 80' lang='lat' dir='ltr'><strong>devolatura.</strong></span> <span class='ocrx_word' id='word_1_55' title='bbox 1428 989 1730 1052; x_wconf 81' lang='lat' dir='ltr'><strong>Eritenlm,</strong></span> <span class='ocrx_word' id='word_1_56' title='bbox 1766 989 1967 1057; x_wconf 80' lang='lat' dir='ltr'><strong>inquit,</strong></span> <span class='ocrx_word' id='word_1_57' title='bbox 2026 987 2113 1041; x_wconf 88' lang='lat' dir='ltr'><strong>hic</strong></span> <span class='ocrx_word' id='word_1_58' title='bbox 2160 1002 2295 1056; x_wconf 66' lang='lat' dir='ltr'><strong>pra:-</strong></span> 
     </span>
    </p>
   </div>
   <div class='ocr_carea' id='block_1_11' title="bbox 730 1079 2293 1151">
    <p class='ocr_par' dir='ltr' id='par_1_11' title="bbox 730 1079 2293 1151">
     <span class='ocr_line' id='line_1_11' title="bbox 730 1079 2293 1151; baseline 0.001 -21"><span class='ocrx_word' id='word_1_59' title='bbox 730 1093 856 1132; x_wconf 89' lang='lat' dir='ltr'><strong>sens</strong></span> <span class='ocrx_word' id='word_1_60' title='bbox 889 1080 1041 1131; x_wconf 78' lang='lat' dir='ltr'><strong>locus</strong></span> <span class='ocrx_word' id='word_1_61' title='bbox 1073 1082 1254 1134; x_wconf 89' lang='lat' dir='ltr'><strong>multis</strong></span> <span class='ocrx_word' id='word_1_62' title='bbox 1308 1082 1476 1143; x_wconf 87' lang='lat' dir='ltr'><strong>utilis,</strong></span> <span class='ocrx_word' id='word_1_63' title='bbox 1534 1091 1588 1135; x_wconf 88' lang='lat' dir='ltr'><strong>et</strong></span> <span class='ocrx_word' id='word_1_64' title='bbox 1642 1083 1785 1151; x_wconf 87' lang='lat' dir='ltr'><strong>apud</strong></span> <span class='ocrx_word' id='word_1_65' title='bbox 1829 1082 2003 1149; x_wconf 88' lang='lat' dir='ltr'><strong>ipsum</strong></span> <span class='ocrx_word' id='word_1_66' title='bbox 2065 1079 2293 1134; x_wconf 75' lang='lat' dir='ltr'><strong>salutem</strong></span> 
     </span>
    </p>
   </div>
   <div class='ocr_carea' id='block_1_12' title="bbox 729 1168 2297 1239">
    <p class='ocr_par' dir='ltr' id='par_1_12' title="bbox 729 1168 2297 1239">
     <span class='ocr_line' id='line_1_12' title="bbox 729 1168 2297 1239; baseline 0.004 -18"><span class='ocrx_word' id='word_1_67' title='bbox 729 1168 1030 1231; x_wconf 69' lang='lat' dir='ltr'><strong>invenient,</strong></span> <span class='ocrx_word' id='word_1_68' title='bbox 1059 1181 1111 1224; x_wconf 90' lang='lat' dir='ltr'><strong>et</strong></span> <span class='ocrx_word' id='word_1_69' title='bbox 1137 1172 1511 1239; x_wconf 71' lang='lat' dir='ltr'><strong>glorificabunt</strong></span> <span class='ocrx_word' id='word_1_70' title='bbox 1554 1173 1899 1227; x_wconf 72' lang='lat' dir='ltr'><strong>Trinitatem.</strong></span> <span class='ocrx_word' id='word_1_71' title='bbox 1952 1174 2092 1226; x_wconf 79' lang='lat' dir='ltr'><strong>Cum</strong></span> <span class='ocrx_word' id='word_1_72' title='bbox 2150 1173 2297 1227; x_wconf 78' lang='lat' dir='ltr'><strong>illinc</strong></span> 
     </span>
    </p>
   </div>
   <div class='ocr_carea' id='block_1_13' title="bbox 730 1264 2295 1334">
    <p class='ocr_par' dir='ltr' id='par_1_13' title="bbox 730 1264 2295 1334">
     <span class='ocr_line' id='line_1_13' title="bbox 730 1264 2295 1334; baseline 0.003 -21"><span class='ocrx_word' id='word_1_73' title='bbox 730 1271 910 1314; x_wconf 86' lang='lat' dir='ltr'><strong>autem</strong></span> <span class='ocrx_word' id='word_1_74' title='bbox 943 1264 1271 1318; x_wconf 76' lang='lat' dir='ltr'><strong>surrexisset</strong></span> <span class='ocrx_word' id='word_1_75' title='bbox 1308 1268 1557 1334; x_wconf 75' lang='lat' dir='ltr'><strong>egregius</strong></span> <span class='ocrx_word' id='word_1_76' title='bbox 1604 1266 1690 1318; x_wconf 91' lang='lat' dir='ltr'><strong>ille</strong></span> <span class='ocrx_word' id='word_1_77' title='bbox 1723 1275 1927 1334; x_wconf 80' lang='lat' dir='ltr'><strong>pastor,</strong></span> <span class='ocrx_word' id='word_1_78' title='bbox 1966 1265 2111 1321; x_wconf 79' lang='lat' dir='ltr'><strong>venit</strong></span> <span class='ocrx_word' id='word_1_79' title='bbox 2134 1265 2295 1319; x_wconf 80' lang='lat' dir='ltr'><strong>Pom-</strong></span> 
     </span>
    </p>
   </div>
   <div class='ocr_carea' id='block_1_14' title="bbox 730 1354 2296 1426">
    <p class='ocr_par' dir='ltr' id='par_1_14' title="bbox 730 1354 2296 1426">
     <span class='ocr_line' id='line_1_14' title="bbox 730 1354 2296 1426; baseline 0.004 -21"><span class='ocrx_word' id='word_1_80' title='bbox 730 1354 1043 1422; x_wconf 80' lang='lat' dir='ltr'><strong>pciopolitn,</strong></span> <span class='ocrx_word' id='word_1_81' title='bbox 1097 1366 1299 1412; x_wconf 92' lang='lat' dir='ltr'><strong>etcum</strong></span> <span class='ocrx_word' id='word_1_82' title='bbox 1342 1359 1395 1411; x_wconf 91' lang='lat' dir='ltr'><strong>in</strong></span> <span class='ocrx_word' id='word_1_83' title='bbox 1452 1374 1513 1411; x_wconf 88' lang='lat' dir='ltr'><strong>ea</strong></span> <span class='ocrx_word' id='word_1_84' title='bbox 1555 1360 1770 1426; x_wconf 87' lang='lat' dir='ltr'><strong>quidem</strong></span> <span class='ocrx_word' id='word_1_85' title='bbox 1828 1360 2051 1415; x_wconf 73' lang='lat' dir='ltr'><strong>vidisset</strong></span> <span class='ocrx_word' id='word_1_86' title='bbox 2101 1358 2296 1413; x_wconf 83' lang='lat' dir='ltr'><strong>ﬂorere</strong></span> 
     </span>
    </p>
   </div>
   <div class='ocr_carea' id='block_1_15' title="bbox 730 1448 2294 1521">
    <p class='ocr_par' dir='ltr' id='par_1_15' title="bbox 730 1448 2294 1521">
     <span class='ocr_line' id='line_1_15' title="bbox 730 1448 2294 1521; baseline 0.007 -22"><span class='ocrx_word' id='word_1_87' title='bbox 730 1448 1083 1516; x_wconf 77' lang='lat' dir='ltr'><strong>impietatem,</strong></span> <span class='ocrx_word' id='word_1_88' title='bbox 1122 1462 1484 1521; x_wconf 83' lang='lat' dir='ltr'><strong>comtemptas</strong></span> <span class='ocrx_word' id='word_1_89' title='bbox 1515 1464 1691 1508; x_wconf 88' lang='lat' dir='ltr'><strong>autem</strong></span> <span class='ocrx_word' id='word_1_90' title='bbox 1728 1471 1847 1511; x_wconf 84' lang='lat' dir='ltr'><strong>esse</strong></span> <span class='ocrx_word' id='word_1_91' title='bbox 1893 1471 1980 1508; x_wconf 85' lang='lat' dir='ltr'><strong>res</strong></span> <span class='ocrx_word' id='word_1_92' title='bbox 2031 1454 2294 1509; x_wconf 81' lang='lat' dir='ltr'><strong>Christia-</strong></span> 
     </span>
    </p>
   </div>
   <div class='ocr_carea' id='block_1_16' title="bbox 733 1545 2297 1615">
    <p class='ocr_par' dir='ltr' id='par_1_16' title="bbox 733 1545 2297 1615">
     <span class='ocr_line' id='line_1_16' title="bbox 733 1545 2297 1615; baseline 0.006 -25"><span class='ocrx_word' id='word_1_93' title='bbox 733 1555 948 1601; x_wconf 86' lang='lat' dir='ltr'><strong>norum,</strong></span> <span class='ocrx_word' id='word_1_94' title='bbox 979 1552 1033 1593; x_wconf 89' lang='lat' dir='ltr'><strong>et</strong></span> <span class='ocrx_word' id='word_1_95' title='bbox 1061 1546 1582 1613; x_wconf 82' lang='lat' dir='ltr'><strong>snnuneneglectas,</strong></span> <span class='ocrx_word' id='word_1_96' title='bbox 1647 1562 1752 1600; x_wconf 92' lang='lat' dir='ltr'><strong>non</strong></span> <span class='ocrx_word' id='word_1_97' title='bbox 1821 1547 2000 1615; x_wconf 85' lang='lat' dir='ltr'><strong>potuit</strong></span> <span class='ocrx_word' id='word_1_98' title='bbox 2062 1546 2113 1599; x_wconf 97' lang='lat' dir='ltr'><strong>id</strong></span> <span class='ocrx_word' id='word_1_99' title='bbox 2156 1545 2297 1603; x_wconf 77' lang='lat' dir='ltr'><strong>ferre</strong></span> 
     </span>
    </p>
   </div>
   <div class='ocr_carea' id='block_1_17' title="bbox 734 1630 2299 1706">
    <p class='ocr_par' dir='ltr' id='par_1_17' title="bbox 734 1630 2299 1706">
     <span class='ocr_line' id='line_1_17' title="bbox 734 1630 2299 1706; baseline 0.007 -25"><span class='ocrx_word' id='word_1_100' title='bbox 734 1630 986 1699; x_wconf 80' lang='lat' dir='ltr'><strong>placide;</strong></span> <span class='ocrx_word' id='word_1_101' title='bbox 1029 1636 1122 1688; x_wconf 90' lang='lat' dir='ltr'><strong>sed</strong></span> <span class='ocrx_word' id='word_1_102' title='bbox 1154 1650 1246 1688; x_wconf 91' lang='lat' dir='ltr'><strong>cor</strong></span> <span class='ocrx_word' id='word_1_103' title='bbox 1273 1636 1415 1689; x_wconf 79' lang='lat' dir='ltr'><strong>illius</strong></span> <span class='ocrx_word' id='word_1_104' title='bbox 1458 1647 1680 1705; x_wconf 89' lang='lat' dir='ltr'><strong>repente</strong></span> <span class='ocrx_word' id='word_1_105' title='bbox 1714 1637 1910 1690; x_wconf 78' lang='lat' dir='ltr'><strong>invasit</strong></span> <span class='ocrx_word' id='word_1_106' title='bbox 1954 1636 2201 1706; x_wconf 84' lang='lat' dir='ltr'><strong>impetus,</strong></span> <span class='ocrx_word' id='word_1_107' title='bbox 2246 1648 2299 1692; x_wconf 81' lang='lat' dir='ltr'><strong>et</strong></span> 
     </span>
    </p>
   </div>
   <div class='ocr_carea' id='block_1_18' title="bbox 734 1727 2298 1796">
    <p class='ocr_par' dir='ltr' id='par_1_18' title="bbox 734 1727 2298 1796">
     <span class='ocr_line' id='line_1_18' title="bbox 734 1727 2298 1796; baseline 0.007 -24"><span class='ocrx_word' id='word_1_108' title='bbox 734 1736 854 1774; x_wconf 90' lang='lat' dir='ltr'><strong>cum</strong></span> <span class='ocrx_word' id='word_1_109' title='bbox 888 1727 1122 1779; x_wconf 84' lang='lat' dir='ltr'><strong>venisset</strong></span> <span class='ocrx_word' id='word_1_110' title='bbox 1162 1727 1228 1780; x_wconf 86' lang='lat' dir='ltr'><strong>ad</strong></span> <span class='ocrx_word' id='word_1_111' title='bbox 1279 1728 1561 1796; x_wconf 82' lang='lat' dir='ltr'><strong>templum,</strong></span> <span class='ocrx_word' id='word_1_112' title='bbox 1624 1728 1678 1779; x_wconf 85' lang='lat' dir='ltr'><strong>in</strong></span> <span class='ocrx_word' id='word_1_113' title='bbox 1742 1741 1849 1794; x_wconf 91' lang='lat' dir='ltr'><strong>quo</strong></span> <span class='ocrx_word' id='word_1_114' title='bbox 1899 1729 2075 1781; x_wconf 83' lang='lat' dir='ltr'><strong>stabat</strong></span> <span class='ocrx_word' id='word_1_115' title='bbox 2136 1743 2298 1783; x_wconf 79' lang='lat' dir='ltr'><strong>aurea</strong></span> 
     </span>
    </p>
   </div>
   <div class='ocr_carea' id='block_1_19' title="bbox 735 1817 2296 1885">
    <p class='ocr_par' dir='ltr' id='par_1_19' title="bbox 735 1817 2296 1885">
     <span class='ocr_line' id='line_1_19' title="bbox 735 1817 2296 1885; baseline 0.006 -22"><span class='ocrx_word' id='word_1_116' title='bbox 735 1820 934 1875; x_wconf 83' lang='lat' dir='ltr'><strong>statua,</strong></span> <span class='ocrx_word' id='word_1_117' title='bbox 975 1817 1267 1885; x_wconf 84' lang='lat' dir='ltr'><strong>coulringit</strong></span> <span class='ocrx_word' id='word_1_118' title='bbox 1292 1834 1510 1869; x_wconf 88' lang='lat' dir='ltr'><strong>manum</strong></span> <span class='ocrx_word' id='word_1_119' title='bbox 1544 1817 1661 1885; x_wconf 83' lang='lat' dir='ltr'><strong>ejus</strong></span> <span class='ocrx_word' id='word_1_120' title='bbox 1690 1818 1965 1871; x_wconf 81' lang='lat' dir='ltr'><strong>dexteram</strong></span> <span class='ocrx_word' id='word_1_121' title='bbox 1997 1835 2011 1883; x_wconf 91' lang='lat'><strong>;</strong></span> <span class='ocrx_word' id='word_1_122' title='bbox 2070 1831 2125 1873; x_wconf 90' lang='lat' dir='ltr'><strong>et</strong></span> <span class='ocrx_word' id='word_1_123' title='bbox 2175 1837 2296 1874; x_wconf 85' lang='lat' dir='ltr'><strong>eum</strong></span> 
     </span>
    </p>
   </div>
   <div class='ocr_carea' id='block_1_20' title="bbox 736 1907 2297 1979">
    <p class='ocr_par' dir='ltr' id='par_1_20' title="bbox 736 1907 2297 1979">
     <span class='ocr_line' id='line_1_20' title="bbox 736 1907 2297 1979; baseline 0.008 -26"><span class='ocrx_word' id='word_1_124' title='bbox 736 1918 853 1954; x_wconf 89' lang='lat' dir='ltr'><strong>eam</strong></span> <span class='ocrx_word' id='word_1_125' title='bbox 887 1907 1236 1967; x_wconf 82' lang='lat' dir='ltr'><strong>vendidisset,</strong></span> <span class='ocrx_word' id='word_1_126' title='bbox 1280 1909 1767 1971; x_wconf 85' lang='lat' dir='ltr'><strong>succurritmultis,</strong></span> <span class='ocrx_word' id='word_1_127' title='bbox 1816 1912 1905 1979; x_wconf 85' lang='lat' dir='ltr'><strong>qui</strong></span> <span class='ocrx_word' id='word_1_128' title='bbox 1962 1912 2068 1965; x_wconf 88' lang='lat' dir='ltr'><strong>illic</strong></span> <span class='ocrx_word' id='word_1_129' title='bbox 2119 1922 2297 1977; x_wconf 84' lang='lat' dir='ltr'><strong>erant,</strong></span> 
     </span>
    </p>
   </div>
   <div class='ocr_carea' id='block_1_21' title="bbox 735 1996 2301 2074">
    <p class='ocr_par' dir='ltr' id='par_1_21' title="bbox 735 1996 2301 2074">
     <span class='ocr_line' id='line_1_21' title="bbox 735 1996 2301 2074; baseline 0.006 -28"><span class='ocrx_word' id='word_1_130' title='bbox 735 1996 1039 2061; x_wconf 82' lang='lat' dir='ltr'><strong>egentibus.</strong></span> <span class='ocrx_word' id='word_1_131' title='bbox 1084 1996 1199 2049; x_wconf 75' lang='lat' dir='ltr'><strong>Non</strong></span> <span class='ocrx_word' id='word_1_132' title='bbox 1230 1999 1385 2055; x_wconf 88' lang='lat' dir='ltr'><strong>latuit</strong></span> <span class='ocrx_word' id='word_1_133' title='bbox 1422 2001 1522 2054; x_wconf 92' lang='lat' dir='ltr'><strong>ltoc</strong></span> <span class='ocrx_word' id='word_1_134' title='bbox 1560 2002 1828 2061; x_wconf 59' lang='lat' dir='ltr'><strong>tdituos;</strong></span> <span class='ocrx_word' id='word_1_135' title='bbox 1864 2004 1954 2055; x_wconf 87' lang='lat' dir='ltr'><strong>sed</strong></span> <span class='ocrx_word' id='word_1_136' title='bbox 2008 2014 2301 2074; x_wconf 85' lang='lat' dir='ltr'><strong>propterea</strong></span> 
     </span>
    </p>
   </div>
   <div class='ocr_carea' id='block_1_22' title="bbox 737 2084 2303 2156">
    <p class='ocr_par' dir='ltr' id='par_1_22' title="bbox 737 2084 2303 2156">
     <span class='ocr_line' id='line_1_22' title="bbox 737 2084 2303 2156; baseline 0.006 -23"><span class='ocrx_word' id='word_1_137' title='bbox 737 2084 881 2150; x_wconf 89' lang='lat' dir='ltr'><strong>quod</strong></span> <span class='ocrx_word' id='word_1_138' title='bbox 914 2086 1322 2156; x_wconf 82' lang='lat' dir='ltr'><strong>nescirentqnis</strong></span> <span class='ocrx_word' id='word_1_139' title='bbox 1371 2089 1611 2146; x_wconf 85' lang='lat' dir='ltr'><strong>fecisset.</strong></span> <span class='ocrx_word' id='word_1_140' title='bbox 1685 2090 1836 2142; x_wconf 88' lang='lat' dir='ltr'><strong>multi</strong></span> <span class='ocrx_word' id='word_1_141' title='bbox 1904 2089 2088 2143; x_wconf 77' lang='lat' dir='ltr'><strong>statim</strong></span> <span class='ocrx_word' id='word_1_142' title='bbox 2154 2106 2303 2143; x_wconf 86' lang='lat' dir='ltr'><strong>com-</strong></span> 
     </span>
    </p>
   </div>
   <div class='ocr_carea' id='block_1_23' title="bbox 740 2177 2307 2245">
    <p class='ocr_par' dir='ltr' id='par_1_23' title="bbox 740 2177 2307 2245">
     <span class='ocr_line' id='line_1_23' title="bbox 740 2177 2307 2245; baseline 0.006 -20"><span class='ocrx_word' id='word_1_143' title='bbox 740 2177 1441 2242; x_wconf 82' lang='lat' dir='ltr'><strong>pt&#39;ebettdebanlurmiseri,</strong></span> <span class='ocrx_word' id='word_1_144' title='bbox 1476 2179 1563 2245; x_wconf 86' lang='lat' dir='ltr'><strong>qui</strong></span> <span class='ocrx_word' id='word_1_145' title='bbox 1591 2180 1726 2237; x_wconf 76' lang='lat' dir='ltr'><strong>nihil</strong></span> <span class='ocrx_word' id='word_1_146' title='bbox 1786 2182 1893 2237; x_wconf 79' lang='lat' dir='ltr'><strong>tale</strong></span> <span class='ocrx_word' id='word_1_147' title='bbox 1950 2182 2211 2242; x_wconf 74' lang='lat' dir='ltr'><strong>fecerant,</strong></span> <span class='ocrx_word' id='word_1_148' title='bbox 2252 2190 2307 2235; x_wconf 75' lang='lat' dir='ltr'><strong>et</strong></span> 
     </span>
    </p>
   </div>
   <div class='ocr_carea' id='block_1_24' title="bbox 739 2267 2303 2339">
    <p class='ocr_par' dir='ltr' id='par_1_24' title="bbox 739 2267 2303 2339">
     <span class='ocr_line' id='line_1_24' title="bbox 739 2267 2303 2339; baseline 0.007 -25"><span class='ocrx_word' id='word_1_149' title='bbox 739 2267 1133 2319; x_wconf 75' lang='lat' dir='ltr'><strong>accusabantur</strong></span> <span class='ocrx_word' id='word_1_150' title='bbox 1157 2269 1442 2339; x_wconf 79' lang='lat' dir='ltr'><strong>sacrilegii,</strong></span> <span class='ocrx_word' id='word_1_151' title='bbox 1476 2272 1705 2339; x_wconf 86' lang='lat' dir='ltr'><strong>reputati</strong></span> <span class='ocrx_word' id='word_1_152' title='bbox 1757 2272 2121 2326; x_wconf 81' lang='lat' dir='ltr'><strong>tnaleficorum</strong></span> <span class='ocrx_word' id='word_1_153' title='bbox 2184 2288 2303 2327; x_wconf 86' lang='lat' dir='ltr'><strong>0m-</strong></span> 
     </span>
    </p>
   </div>
   <div class='ocr_carea' id='block_1_25' title="bbox 740 2355 2306 2431">
    <p class='ocr_par' dir='ltr' id='par_1_25' title="bbox 740 2355 2306 2431">
     <span class='ocr_line' id='line_1_25' title="bbox 740 2355 2306 2431; baseline 0.007 -25"><span class='ocrx_word' id='word_1_154' title='bbox 740 2355 891 2407; x_wconf 85' lang='lat' dir='ltr'><strong>ttium</strong></span> <span class='ocrx_word' id='word_1_155' title='bbox 945 2359 1369 2425; x_wconf 84' lang='lat' dir='ltr'><strong>sceleratissimi,</strong></span> <span class='ocrx_word' id='word_1_156' title='bbox 1414 2374 1470 2415; x_wconf 93' lang='lat' dir='ltr'><strong>ut</strong></span> <span class='ocrx_word' id='word_1_157' title='bbox 1504 2364 1594 2431; x_wconf 87' lang='lat' dir='ltr'><strong>qui</strong></span> <span class='ocrx_word' id='word_1_158' title='bbox 1657 2364 1903 2419; x_wconf 79' lang='lat' dir='ltr'><strong>sulfurati</strong></span> <span class='ocrx_word' id='word_1_159' title='bbox 1960 2374 2144 2417; x_wconf 84' lang='lat' dir='ltr'><strong>essent</strong></span> <span class='ocrx_word' id='word_1_160' title='bbox 2220 2364 2306 2417; x_wconf 87' lang='lat' dir='ltr'><strong>dei</strong></span> 
     </span>
    </p>
   </div>
   <div class='ocr_carea' id='block_1_26' title="bbox 744 2447 2306 2524">
    <p class='ocr_par' dir='ltr' id='par_1_26' title="bbox 744 2447 2306 2524">
     <span class='ocr_line' id='line_1_26' title="bbox 744 2447 2306 2524; baseline 0.006 -26"><span class='ocrx_word' id='word_1_161' title='bbox 744 2447 1058 2517; x_wconf 75' lang='lat' dir='ltr'><strong>imaginem.</strong></span> <span class='ocrx_word' id='word_1_162' title='bbox 1088 2450 1256 2506; x_wconf 83' lang='lat' dir='ltr'><strong>Nemo</strong></span> <span class='ocrx_word' id='word_1_163' title='bbox 1290 2463 1471 2506; x_wconf 90' lang='lat' dir='ltr'><strong>autem</strong></span> <span class='ocrx_word' id='word_1_164' title='bbox 1496 2455 1575 2507; x_wconf 91' lang='lat' dir='ltr'><strong>eis</strong></span> <span class='ocrx_word' id='word_1_165' title='bbox 1601 2470 1758 2521; x_wconf 90' lang='lat' dir='ltr'><strong>opem</strong></span> <span class='ocrx_word' id='word_1_166' title='bbox 1796 2456 2003 2509; x_wconf 86' lang='lat' dir='ltr'><strong>ferebat</strong></span> <span class='ocrx_word' id='word_1_167' title='bbox 2037 2471 2051 2517; x_wconf 88' lang='lat'>;</span> <span class='ocrx_word' id='word_1_168' title='bbox 2092 2456 2185 2509; x_wconf 89' lang='lat' dir='ltr'><strong>sed</strong></span> <span class='ocrx_word' id='word_1_169' title='bbox 2215 2456 2306 2524; x_wconf 88' lang='lat' dir='ltr'><strong>qui</strong></span> 
     </span>
    </p>
   </div>
   <div class='ocr_carea' id='block_1_27' title="bbox 744 2543 2309 2611">
    <p class='ocr_par' dir='ltr' id='par_1_27' title="bbox 744 2543 2309 2611">
     <span class='ocr_line' id='line_1_27' title="bbox 744 2543 2309 2611; baseline 0.01 -22"><span class='ocrx_word' id='word_1_170' title='bbox 744 2549 903 2593; x_wconf 86' lang='lat' dir='ltr'><strong>erant</strong></span> <span class='ocrx_word' id='word_1_171' title='bbox 934 2543 1084 2609; x_wconf 86' lang='lat' dir='ltr'><strong>prius</strong></span> <span class='ocrx_word' id='word_1_172' title='bbox 1105 2543 1263 2598; x_wconf 88' lang='lat' dir='ltr'><strong>amici</strong></span> <span class='ocrx_word' id='word_1_173' title='bbox 1313 2560 1406 2600; x_wconf 90' lang='lat' dir='ltr'><strong>eos</strong></span> <span class='ocrx_word' id='word_1_174' title='bbox 1456 2548 1895 2611; x_wconf 86' lang='lat' dir='ltr'><strong>aversabantur;</strong></span> <span class='ocrx_word' id='word_1_175' title='bbox 1951 2556 2005 2601; x_wconf 91' lang='lat' dir='ltr'><strong>et</strong></span> <span class='ocrx_word' id='word_1_176' title='bbox 2056 2548 2309 2604; x_wconf 89' lang='lat' dir='ltr'><strong>custodes</strong></span> 
     </span>
    </p>
   </div>
   <div class='ocr_carea' id='block_1_28' title="bbox 746 2632 2309 2712">
    <p class='ocr_par' dir='ltr' id='par_1_28' title="bbox 746 2632 2309 2712">
     <span class='ocr_line' id='line_1_28' title="bbox 746 2632 2309 2712; baseline 0.008 -31"><span class='ocrx_word' id='word_1_177' title='bbox 746 2632 981 2685; x_wconf 83' lang='lat' dir='ltr'><strong>carceris</strong></span> <span class='ocrx_word' id='word_1_178' title='bbox 1016 2634 1108 2699; x_wconf 90' lang='lat' dir='ltr'><strong>(ita</strong></span> <span class='ocrx_word' id='word_1_179' title='bbox 1143 2634 1285 2688; x_wconf 92' lang='lat' dir='ltr'><strong>enim</strong></span> <span class='ocrx_word' id='word_1_180' title='bbox 1318 2638 1703 2692; x_wconf 79' lang='lat' dir='ltr'><strong>existimabant</strong></span> <span class='ocrx_word' id='word_1_181' title='bbox 1734 2654 1792 2693; x_wconf 89' lang='lat' dir='ltr'><strong>se</strong></span> <span class='ocrx_word' id='word_1_182' title='bbox 1824 2639 1927 2692; x_wconf 92' lang='lat' dir='ltr'><strong>diis</strong></span> <span class='ocrx_word' id='word_1_183' title='bbox 1956 2655 2078 2694; x_wconf 87' lang='lat' dir='ltr'><strong>esse</strong></span> <span class='ocrx_word' id='word_1_184' title='bbox 2144 2642 2309 2712; x_wconf 74' lang='lat' dir='ltr'><strong>grati-</strong></span> 
     </span>
    </p>
   </div>
   <div class='ocr_carea' id='block_1_29' title="bbox 746 2721 2311 2801">
    <p class='ocr_par' dir='ltr' id='par_1_29' title="bbox 746 2721 2311 2801">
     <span class='ocr_line' id='line_1_29' title="bbox 746 2721 2311 2801; baseline 0.01 -30"><span class='ocrx_word' id='word_1_185' title='bbox 746 2721 1025 2793; x_wconf 83' lang='lat' dir='ltr'><strong>licaturos)</strong></span> <span class='ocrx_word' id='word_1_186' title='bbox 1053 2726 1285 2793; x_wconf 78' lang='lat' dir='ltr'><strong>graviter</strong></span> <span class='ocrx_word' id='word_1_187' title='bbox 1314 2728 1624 2800; x_wconf 79' lang='lat' dir='ltr'><strong>allligebant</strong></span> <span class='ocrx_word' id='word_1_188' title='bbox 1673 2746 1790 2797; x_wconf 90' lang='lat' dir='ltr'><strong>eos,</strong></span> <span class='ocrx_word' id='word_1_189' title='bbox 1856 2733 1948 2801; x_wconf 88' lang='lat' dir='ltr'><strong>qui</strong></span> <span class='ocrx_word' id='word_1_190' title='bbox 2005 2734 2142 2801; x_wconf 86' lang='lat' dir='ltr'><strong>capti</strong></span> <span class='ocrx_word' id='word_1_191' title='bbox 2192 2733 2311 2787; x_wconf 87' lang='lat' dir='ltr'><strong>fue-</strong></span> 
     </span>
    </p>
   </div>
   <div class='ocr_carea' id='block_1_30' title="bbox 748 2824 893 2868">
    <p class='ocr_par' dir='ltr' id='par_1_30' title="bbox 748 2824 893 2868">
     <span class='ocr_line' id='line_1_30' title="bbox 748 2824 893 2868; baseline 0.021 -3"><span class='ocrx_word' id='word_1_192' title='bbox 748 2824 893 2868; x_wconf 84' lang='lat' dir='ltr'><strong>rant.</strong></span> 
     </span>
    </p>
   </div>
   <div class='ocr_carea' id='block_1_31' title="bbox 819 2927 2312 3007">
    <p class='ocr_par' dir='ltr' id='par_1_31' title="bbox 819 2927 2312 3007">
     <span class='ocr_line' id='line_1_31' title="bbox 819 2927 2312 3007; baseline 0.009 -27"><span class='ocrx_word' id='word_1_193' title='bbox 819 2927 909 2982; x_wconf 85' lang='grc' dir='ltr'><strong>ΙΙΙ.</strong></span> <span class='ocrx_word' id='word_1_194' title='bbox 942 2929 1251 2988; x_wconf 84' lang='lat' dir='ltr'><strong>Generosus</strong></span> <span class='ocrx_word' id='word_1_195' title='bbox 1279 2944 1459 2989; x_wconf 87' lang='lat' dir='ltr'><strong>autem</strong></span> <span class='ocrx_word' id='word_1_196' title='bbox 1493 2934 1671 2989; x_wconf 84' lang='lat' dir='ltr'><strong>Sozon</strong></span> <span class='ocrx_word' id='word_1_197' title='bbox 1701 2936 1869 2990; x_wconf 89' lang='lat' dir='ltr'><strong>libere</strong></span> <span class='ocrx_word' id='word_1_198' title='bbox 1902 2937 2087 2990; x_wconf 86' lang='lat' dir='ltr'><strong>volens</strong></span> <span class='ocrx_word' id='word_1_199' title='bbox 2154 2938 2312 3007; x_wconf 84' lang='lat' dir='ltr'><strong>proft-</strong></span> 
     </span>
    </p>
   </div>
   <div class='ocr_carea' id='block_1_32' title="bbox 751 3019 2313 3091">
    <p class='ocr_par' dir='ltr' id='par_1_32' title="bbox 751 3019 2313 3091">
     <span class='ocr_line' id='line_1_32' title="bbox 751 3019 2313 3091; baseline 0.009 -23"><span class='ocrx_word' id='word_1_200' title='bbox 751 3019 851 3070; x_wconf 84' lang='lat' dir='ltr'><strong>teri</strong></span> <span class='ocrx_word' id='word_1_201' title='bbox 893 3020 1172 3086; x_wconf 79' lang='lat' dir='ltr'><strong>pietatem,</strong></span> <span class='ocrx_word' id='word_1_202' title='bbox 1212 3033 1265 3076; x_wconf 89' lang='lat' dir='ltr'><strong>et</strong></span> <span class='ocrx_word' id='word_1_203' title='bbox 1293 3040 1385 3077; x_wconf 88' lang='lat' dir='ltr'><strong>eos</strong></span> <span class='ocrx_word' id='word_1_204' title='bbox 1425 3026 1677 3088; x_wconf 88' lang='lat' dir='ltr'><strong>liberare,</strong></span> <span class='ocrx_word' id='word_1_205' title='bbox 1710 3026 1798 3091; x_wconf 91' lang='lat' dir='ltr'><strong>qui</strong></span> <span class='ocrx_word' id='word_1_206' title='bbox 1858 3026 1994 3080; x_wconf 85' lang='lat' dir='ltr'><strong>nihil</strong></span> <span class='ocrx_word' id='word_1_207' title='bbox 2068 3030 2313 3083; x_wconf 88' lang='lat' dir='ltr'><strong>sciebant</strong></span> 
     </span>
    </p>
   </div>
   <div class='ocr_carea' id='block_1_33' title="bbox 748 3110 2315 3186">
    <p class='ocr_par' dir='ltr' id='par_1_33' title="bbox 748 3110 2315 3186">
     <span class='ocr_line' id='line_1_33' title="bbox 748 3110 2315 3186; baseline 0.008 -26"><span class='ocrx_word' id='word_1_208' title='bbox 748 3123 814 3161; x_wconf 82' lang='lat' dir='ltr'><strong>ex</strong></span> <span class='ocrx_word' id='word_1_209' title='bbox 850 3110 917 3163; x_wconf 84' lang='lat' dir='ltr'><strong>iis</strong></span> <span class='ocrx_word' id='word_1_210' title='bbox 950 3127 1068 3179; x_wconf 86' lang='lat' dir='ltr'><strong>qtne</strong></span> <span class='ocrx_word' id='word_1_211' title='bbox 1096 3114 1233 3168; x_wconf 82' lang='lat' dir='ltr'><strong>facta</strong></span> <span class='ocrx_word' id='word_1_212' title='bbox 1275 3114 1507 3182; x_wconf 87' lang='lat' dir='ltr'><strong>fuerant,</strong></span> <span class='ocrx_word' id='word_1_213' title='bbox 1561 3118 1797 3186; x_wconf 88' lang='lat' dir='ltr'><strong>seipsum</strong></span> <span class='ocrx_word' id='word_1_214' title='bbox 1849 3118 2041 3183; x_wconf 82' lang='lat' dir='ltr'><strong>defert,</strong></span> <span class='ocrx_word' id='word_1_215' title='bbox 2090 3123 2315 3173; x_wconf 82' lang='lat' dir='ltr'><strong>veniens</strong></span> 
     </span>
    </p>
   </div>
   <div class='ocr_carea' id='block_1_34' title="bbox 2328 1859 2376 1917">
    <p class='ocr_par' dir='ltr' id='par_1_34' title="bbox 2328 1859 2376 1917">
     <span class='ocr_line' id='line_1_34' title="bbox 2328 1859 2376 1917; baseline 0 0"><span class='ocrx_word' id='word_1_216' title='bbox 2328 1859 2376 1917; x_wconf 91' lang='lat' dir='ltr'><strong>B</strong></span> 
     </span>
    </p>
   </div>
   <div class='ocr_carea' id='block_1_35' title="bbox 2396 613 3964 687">
    <p class='ocr_par' dir='ltr' id='par_1_35' title="bbox 2396 613 3964 687">
     <span class='ocr_line' id='line_1_35' title="bbox 2396 613 3964 687; baseline 0.006 -23"><span class='ocrx_word' id='word_1_217' title='bbox 2396 613 2653 684; x_wconf 76' lang='grc' dir='ltr'>εῧκαιρος</span> <span class='ocrx_word' id='word_1_218' title='bbox 2688 617 2917 685; x_wconf 76' lang='grc' dir='ltr'>ἀφίκετο</span> <span class='ocrx_word' id='word_1_219' title='bbox 2949 619 3044 671; x_wconf 75' lang='grc' dir='ltr'>καὶ</span> <span class='ocrx_word' id='word_1_220' title='bbox 3074 617 3281 685; x_wconf 77' lang='grc' dir='ltr'>γλυκὺς</span> <span class='ocrx_word' id='word_1_221' title='bbox 3310 620 3404 671; x_wconf 79' lang='grc' dir='ltr'>καὶ</span> <span class='ocrx_word' id='word_1_222' title='bbox 3434 619 3558 687; x_wconf 73' lang='grc' dir='ltr'>ὄψις</span> <span class='ocrx_word' id='word_1_223' title='bbox 3590 620 3964 687; x_wconf 66' lang='grc' dir='ltr'>παραγίνεται</span> 
     </span>
    </p>
   </div>
   <div class='ocr_carea' id='block_1_36' title="bbox 2399 706 3962 783">
    <p class='ocr_par' dir='ltr' id='par_1_36' title="bbox 2399 706 3962 783">
     <span class='ocr_line' id='line_1_36' title="bbox 2399 706 3962 783; baseline 0.003 -24"><span class='ocrx_word' id='word_1_224' title='bbox 2399 706 2665 776; x_wconf 79' lang='grc' dir='ltr'>θειοτέρα.</span> <span class='ocrx_word' id='word_1_225' title='bbox 2714 710 2777 761; x_wconf 82' lang='lat' dir='ltr'><strong>&#39;H</strong></span> <span class='ocrx_word' id='word_1_226' title='bbox 2807 709 2864 762; x_wconf 86' lang='grc' dir='ltr'>δὲ</span> <span class='ocrx_word' id='word_1_227' title='bbox 2892 710 3016 779; x_wconf 79' lang='grc' dir='ltr'>δψις</span> <span class='ocrx_word' id='word_1_228' title='bbox 3049 710 3283 781; x_wconf 74' lang='grc' dir='ltr'>ρὡνυσί</span> <span class='ocrx_word' id='word_1_229' title='bbox 3312 727 3371 763; x_wconf 83' lang='grc' dir='ltr'><strong>τε</strong></span> <span class='ocrx_word' id='word_1_230' title='bbox 3402 711 3599 780; x_wconf 81' lang='grc' dir='ltr'>μᾶλλον</span> <span class='ocrx_word' id='word_1_231' title='bbox 3631 712 3799 766; x_wconf 73' lang='grc' dir='ltr'>αὐτὸν</span> <span class='ocrx_word' id='word_1_232' title='bbox 3826 713 3962 783; x_wconf 70' lang='grc' dir='ltr'>πρὸς</span> 
     </span>
    </p>
   </div>
   <div class='ocr_carea' id='block_1_37' title="bbox 2395 799 3958 872">
    <p class='ocr_par' dir='ltr' id='par_1_37' title="bbox 2395 799 3958 872">
     <span class='ocr_line' id='line_1_37' title="bbox 2395 799 3958 872; baseline 0.004 -23"><span class='ocrx_word' id='word_1_233' title='bbox 2395 799 2695 865; x_wconf 73' lang='grc' dir='ltr'>εὐσέϐειαν,</span> <span class='ocrx_word' id='word_1_234' title='bbox 2720 802 2811 852; x_wconf 81' lang='grc' dir='ltr'>καὶ</span> <span class='ocrx_word' id='word_1_235' title='bbox 2844 800 3043 869; x_wconf 76' lang='grc' dir='ltr'>θάρσος</span> <span class='ocrx_word' id='word_1_236' title='bbox 3077 803 3301 870; x_wconf 75' lang='grc' dir='ltr'>ἐνίησιν.</span> <span class='ocrx_word' id='word_1_237' title='bbox 3333 799 3466 855; x_wconf 73' lang='grc' dir='ltr'>Εἶτα</span> <span class='ocrx_word' id='word_1_238' title='bbox 3498 804 3592 855; x_wconf 76' lang='grc' dir='ltr'><strong>καὶ</strong></span> <span class='ocrx_word' id='word_1_239' title='bbox 3621 805 3788 872; x_wconf 83' lang='grc' dir='ltr'>χάριν</span> <span class='ocrx_word' id='word_1_240' title='bbox 3818 804 3958 856; x_wconf 76' lang='grc' dir='ltr'>ἄνω-</span> 
     </span>
    </p>
   </div>
   <div class='ocr_carea' id='block_1_38' title="bbox 2396 890 3957 965">
    <p class='ocr_par' dir='ltr' id='par_1_38' title="bbox 2396 890 3957 965">
     <span class='ocr_line' id='line_1_38' title="bbox 2396 890 3957 965; baseline 0.006 -23"><span class='ocrx_word' id='word_1_241' title='bbox 2396 890 2487 943; x_wconf 89' lang='grc' dir='ltr'><strong>θεν</strong></span> <span class='ocrx_word' id='word_1_242' title='bbox 2530 894 2875 960; x_wconf 69' lang='grc' dir='ltr'>καταπτῆναει</span> <span class='ocrx_word' id='word_1_243' title='bbox 2925 894 3003 963; x_wconf 84' lang='grc' dir='ltr'>τῷ</span> <span class='ocrx_word' id='word_1_244' title='bbox 3043 897 3191 965; x_wconf 81' lang='grc' dir='ltr'>τόπῳ</span> <span class='ocrx_word' id='word_1_245' title='bbox 3241 896 3542 964; x_wconf 83' lang='grc' dir='ltr'>μέλλουσαν</span> <span class='ocrx_word' id='word_1_246' title='bbox 3599 898 3957 951; x_wconf 60' lang='grc' dir='ltr'>ἐπικαλύπτει.</span> 
     </span>
    </p>
   </div>
   <div class='ocr_carea' id='block_1_39' title="bbox 2400 982 3958 1057">
    <p class='ocr_par' dir='ltr' id='par_1_39' title="bbox 2400 982 3958 1057">
     <span class='ocr_line' id='line_1_39' title="bbox 2400 982 3958 1057; baseline 0.003 -22"><span class='ocrx_word' id='word_1_247' title='bbox 2400 982 2596 1035; x_wconf 82' lang='grc' dir='ltr'>Ἔσται</span> <span class='ocrx_word' id='word_1_248' title='bbox 2626 984 2730 1053; x_wconf 84' lang='grc' dir='ltr'><strong>γὰρ</strong></span> <span class='ocrx_word' id='word_1_249' title='bbox 2758 984 2785 1035; x_wconf 81' lang='grc' dir='ltr'><strong>ὁ</strong></span> <span class='ocrx_word' id='word_1_250' title='bbox 2840 986 3029 1053; x_wconf 83' lang='grc' dir='ltr'>παρὼν</span> <span class='ocrx_word' id='word_1_251' title='bbox 3062 983 3234 1049; x_wconf 72' lang='grc' dir='ltr'>οὗτος,</span> <span class='ocrx_word' id='word_1_252' title='bbox 3272 988 3395 1057; x_wconf 80' lang='grc' dir='ltr'>ἔφη,</span> <span class='ocrx_word' id='word_1_253' title='bbox 3434 988 3593 1050; x_wconf 78' lang='grc' dir='ltr'>τόπος</span> <span class='ocrx_word' id='word_1_254' title='bbox 3624 989 3845 1051; x_wconf 76' lang='grc' dir='ltr'>πολλοῖς</span> <span class='ocrx_word' id='word_1_255' title='bbox 3884 991 3958 1051; x_wconf 83' lang='grc' dir='ltr'><strong>είς</strong></span> 
     </span>
    </p>
   </div>
   <div class='ocr_carea' id='block_1_40' title="bbox 2397 1074 3954 1149">
    <p class='ocr_par' dir='ltr' id='par_1_40' title="bbox 2397 1074 3954 1149">
     <span class='ocr_line' id='line_1_40' title="bbox 2397 1074 3954 1149; baseline 0.005 -24"><span class='ocrx_word' id='word_1_256' title='bbox 2397 1074 2687 1141; x_wconf 79' lang='grc' dir='ltr'>ὠφέλειαν,</span> <span class='ocrx_word' id='word_1_257' title='bbox 2738 1080 3016 1145; x_wconf 76' lang='grc' dir='ltr'><strong>σωτηρίαν</strong></span> <span class='ocrx_word' id='word_1_258' title='bbox 3058 1095 3114 1130; x_wconf 85' lang='grc' dir='ltr'><strong>τε</strong></span> <span class='ocrx_word' id='word_1_259' title='bbox 3158 1079 3285 1145; x_wconf 81' lang='grc' dir='ltr'>παρ’</span> <span class='ocrx_word' id='word_1_260' title='bbox 3327 1079 3473 1149; x_wconf 82' lang='grc' dir='ltr'><strong>αὑτῷ</strong></span> <span class='ocrx_word' id='word_1_261' title='bbox 3502 1080 3825 1149; x_wconf 82' lang='grc' dir='ltr'>εὑρήσουσι,</span> <span class='ocrx_word' id='word_1_262' title='bbox 3862 1080 3954 1133; x_wconf 77' lang='grc' dir='ltr'><strong>καὶ</strong></span> 
     </span>
    </p>
   </div>
   <div class='ocr_carea' id='block_1_41' title="bbox 2398 1165 3958 1235">
    <p class='ocr_par' dir='ltr' id='par_1_41' title="bbox 2398 1165 3958 1235">
     <span class='ocr_line' id='line_1_41' title="bbox 2398 1165 3958 1235; baseline 0.004 -18"><span class='ocrx_word' id='word_1_263' title='bbox 2398 1165 2495 1235; x_wconf 81' lang='grc' dir='ltr'>τὴν</span> <span class='ocrx_word' id='word_1_264' title='bbox 2525 1167 2729 1235; x_wconf 76' lang='grc' dir='ltr'>Τριάδα</span> <span class='ocrx_word' id='word_1_265' title='bbox 2780 1168 3094 1231; x_wconf 76' lang='grc' dir='ltr'><strong>δοξάζοντες</strong></span> <span class='ocrx_word' id='word_1_266' title='bbox 3140 1168 3375 1223; x_wconf 81' lang='grc' dir='ltr'>ἔσονται.</span> <span class='ocrx_word' id='word_1_267' title='bbox 3438 1170 3679 1223; x_wconf 81' lang='grc' dir='ltr'>Ἐκεῖθεν</span> <span class='ocrx_word' id='word_1_268' title='bbox 3718 1172 3903 1223; x_wconf 84' lang='grc' dir='ltr'>τοίνυν</span> <span class='ocrx_word' id='word_1_269' title='bbox 3932 1173 3958 1223; x_wconf 84' lang='grc' dir='ltr'><strong>ό</strong></span> 
     </span>
    </p>
   </div>
   <div class='ocr_carea' id='block_1_42' title="bbox 2400 1260 3960 1333">
    <p class='ocr_par' dir='ltr' id='par_1_42' title="bbox 2400 1260 3960 1333">
     <span class='ocr_line' id='line_1_42' title="bbox 2400 1260 3960 1333; baseline 0.004 -23"><span class='ocrx_word' id='word_1_270' title='bbox 2400 1260 2566 1322; x_wconf 80' lang='grc' dir='ltr'>καλὸς</span> <span class='ocrx_word' id='word_1_271' title='bbox 2594 1262 2800 1321; x_wconf 83' lang='grc' dir='ltr'>ἐκεῖνος</span> <span class='ocrx_word' id='word_1_272' title='bbox 2828 1261 3032 1331; x_wconf 77' lang='grc' dir='ltr'>ποιμὴν</span> <span class='ocrx_word' id='word_1_273' title='bbox 3074 1263 3314 1325; x_wconf 77' lang='grc' dir='ltr'>ἀναστὰς</span> <span class='ocrx_word' id='word_1_274' title='bbox 3343 1263 3421 1325; x_wconf 81' lang='grc' dir='ltr'><strong>είς</strong></span> <span class='ocrx_word' id='word_1_275' title='bbox 3449 1261 3547 1333; x_wconf 81' lang='grc' dir='ltr'>τὴν</span> <span class='ocrx_word' id='word_1_276' title='bbox 3578 1264 3960 1332; x_wconf 76' lang='grc' dir='ltr'>ιιομπειούποο</span> 
     </span>
    </p>
   </div>
   <div class='ocr_carea' id='block_1_43' title="bbox 2401 1347 3959 1423">
    <p class='ocr_par' dir='ltr' id='par_1_43' title="bbox 2401 1347 3959 1423">
     <span class='ocr_line' id='line_1_43' title="bbox 2401 1347 3959 1423; baseline 0.003 -22"><span class='ocrx_word' id='word_1_277' title='bbox 2401 1349 2481 1401; x_wconf 85' lang='grc' dir='ltr'><strong>λιν</strong></span> <span class='ocrx_word' id='word_1_278' title='bbox 2512 1347 2636 1422; x_wconf 77' lang='grc' dir='ltr'>ἧκε,</span> <span class='ocrx_word' id='word_1_279' title='bbox 2686 1353 2779 1402; x_wconf 69' lang='grc' dir='ltr'>καὶ</span> <span class='ocrx_word' id='word_1_280' title='bbox 2823 1352 3087 1405; x_wconf 77' lang='grc' dir='ltr'>ἀνθοῦντα</span> <span class='ocrx_word' id='word_1_281' title='bbox 3140 1354 3239 1423; x_wconf 82' lang='grc' dir='ltr'><strong>μὲν</strong></span> <span class='ocrx_word' id='word_1_282' title='bbox 3283 1355 3424 1407; x_wconf 76' lang='grc' dir='ltr'>οὕτω</span> <span class='ocrx_word' id='word_1_283' title='bbox 3458 1354 3525 1406; x_wconf 70' lang='grc' dir='ltr'><strong>τὰ</strong></span> <span class='ocrx_word' id='word_1_284' title='bbox 3560 1355 3659 1423; x_wconf 81' lang='grc' dir='ltr'>τῆς</span> <span class='ocrx_word' id='word_1_285' title='bbox 3710 1355 3959 1418; x_wconf 76' lang='grc' dir='ltr'>ἀσεϐείας</span> 
     </span>
    </p>
   </div>
   <div class='ocr_carea' id='block_1_44' title="bbox 2406 1443 3963 1515">
    <p class='ocr_par' dir='ltr' id='par_1_44' title="bbox 2406 1443 3963 1515">
     <span class='ocr_line' id='line_1_44' title="bbox 2406 1443 3963 1515; baseline 0.003 -20"><span class='ocrx_word' id='word_1_286' title='bbox 2406 1443 2527 1495; x_wconf 84' lang='grc' dir='ltr'>ίδὼν</span> <span class='ocrx_word' id='word_1_287' title='bbox 2556 1446 2613 1494; x_wconf 82' lang='grc' dir='ltr'>ἐν</span> <span class='ocrx_word' id='word_1_288' title='bbox 2647 1444 2804 1514; x_wconf 73' lang='grc' dir='ltr'>αὐτῇ,</span> <span class='ocrx_word' id='word_1_289' title='bbox 2836 1446 3240 1513; x_wconf 74' lang='grc' dir='ltr'>παρεωραμένα</span> <span class='ocrx_word' id='word_1_290' title='bbox 3268 1446 3323 1498; x_wconf 78' lang='grc' dir='ltr'>δὲ</span> <span class='ocrx_word' id='word_1_291' title='bbox 3363 1449 3429 1502; x_wconf 81' lang='grc' dir='ltr'>τὰ</span> <span class='ocrx_word' id='word_1_292' title='bbox 3468 1447 3840 1515; x_wconf 78' lang='grc' dir='ltr'><strong>Χριστιανῶν,</strong></span> <span class='ocrx_word' id='word_1_293' title='bbox 3874 1450 3963 1500; x_wconf 77' lang='grc' dir='ltr'>καὶ</span> 
     </span>
    </p>
   </div>
   <div class='ocr_carea' id='block_1_45' title="bbox 2402 1534 3964 1607">
    <p class='ocr_par' dir='ltr' id='par_1_45' title="bbox 2402 1534 3964 1607">
     <span class='ocr_line' id='line_1_45' title="bbox 2402 1534 3964 1607; baseline 0.005 -22"><span class='ocrx_word' id='word_1_294' title='bbox 2402 1537 2482 1595; x_wconf 77' lang='grc' dir='ltr'><strong>εἰς</strong></span> <span class='ocrx_word' id='word_1_295' title='bbox 2513 1534 2740 1603; x_wconf 80' lang='grc' dir='ltr'>ἔσχατον</span> <span class='ocrx_word' id='word_1_296' title='bbox 2788 1535 3163 1604; x_wconf 78' lang='grc' dir='ltr'>ἀμελούμενα,</span> <span class='ocrx_word' id='word_1_297' title='bbox 3207 1539 3303 1592; x_wconf 85' lang='grc' dir='ltr'>οὐκ</span> <span class='ocrx_word' id='word_1_298' title='bbox 3331 1538 3569 1607; x_wconf 68' lang='grc' dir='ltr'>ἠδυνήθη</span> <span class='ocrx_word' id='word_1_299' title='bbox 3619 1540 3811 1606; x_wconf 79' lang='grc' dir='ltr'>πράως</span> <span class='ocrx_word' id='word_1_300' title='bbox 3840 1539 3964 1593; x_wconf 78' lang='grc' dir='ltr'>ὑπε-</span> 
     </span>
    </p>
   </div>
   <div class='ocr_carea' id='block_1_46' title="bbox 2403 1626 3963 1699">
    <p class='ocr_par' dir='ltr' id='par_1_46' title="bbox 2403 1626 3963 1699">
     <span class='ocr_line' id='line_1_46' title="bbox 2403 1626 3963 1699; baseline 0.005 -23"><span class='ocrx_word' id='word_1_301' title='bbox 2403 1629 2636 1692; x_wconf 86' lang='grc' dir='ltr'>νεγκεῖν,</span> <span class='ocrx_word' id='word_1_302' title='bbox 2677 1626 2792 1678; x_wconf 81' lang='grc' dir='ltr'>ἀλλ’</span> <span class='ocrx_word' id='word_1_303' title='bbox 2841 1630 2983 1697; x_wconf 74' lang='grc' dir='ltr'>ὁρμή</span> <span class='ocrx_word' id='word_1_304' title='bbox 3029 1645 3087 1679; x_wconf 92' lang='grc' dir='ltr'><strong>τε</strong></span> <span class='ocrx_word' id='word_1_305' title='bbox 3138 1627 3234 1697; x_wconf 78' lang='grc' dir='ltr'>τὴν</span> <span class='ocrx_word' id='word_1_306' title='bbox 3271 1630 3474 1680; x_wconf 83' lang='grc' dir='ltr'>ἐκείνου</span> <span class='ocrx_word' id='word_1_307' title='bbox 3526 1630 3757 1699; x_wconf 77' lang='grc' dir='ltr'><strong>καρδίαν</strong></span> <span class='ocrx_word' id='word_1_308' title='bbox 3809 1630 3963 1694; x_wconf 74' lang='grc' dir='ltr'>εὐθὺς</span> 
     </span>
    </p>
   </div>
   <div class='ocr_carea' id='block_1_47' title="bbox 2405 1717 3965 1793">
    <p class='ocr_par' dir='ltr' id='par_1_47' title="bbox 2405 1717 3965 1793">
     <span class='ocr_line' id='line_1_47' title="bbox 2405 1717 3965 1793; baseline 0.006 -25"><span class='ocrx_word' id='word_1_309' title='bbox 2405 1717 2552 1782; x_wconf 71' lang='grc' dir='ltr'>ὀξεῖα</span> <span class='ocrx_word' id='word_1_310' title='bbox 2586 1720 2780 1783; x_wconf 83' lang='grc' dir='ltr'>είσὲδυ,</span> <span class='ocrx_word' id='word_1_311' title='bbox 2823 1720 2917 1771; x_wconf 74' lang='grc' dir='ltr'><strong>καὶ</strong></span> <span class='ocrx_word' id='word_1_312' title='bbox 2974 1721 3121 1789; x_wconf 69' lang='grc' dir='ltr'>παρὰ</span> <span class='ocrx_word' id='word_1_313' title='bbox 3167 1722 3257 1774; x_wconf 74' lang='grc' dir='ltr'>τὸν</span> <span class='ocrx_word' id='word_1_314' title='bbox 3294 1727 3417 1774; x_wconf 71' lang='grc' dir='ltr'>ναὸν</span> <span class='ocrx_word' id='word_1_315' title='bbox 3475 1722 3601 1775; x_wconf 82' lang='grc' dir='ltr'>ἔνθα</span> <span class='ocrx_word' id='word_1_316' title='bbox 3633 1723 3695 1775; x_wconf 84' lang='grc' dir='ltr'>τὸ</span> <span class='ocrx_word' id='word_1_317' title='bbox 3745 1723 3965 1793; x_wconf 71' lang='grc' dir='ltr'>ἄγαλμα</span> 
     </span>
    </p>
   </div>
   <div class='ocr_carea' id='block_1_48' title="bbox 2410 1812 3964 1885">
    <p class='ocr_par' dir='ltr' id='par_1_48' title="bbox 2410 1812 3964 1885">
     <span class='ocr_line' id='line_1_48' title="bbox 2410 1812 3964 1885; baseline 0.005 -24"><span class='ocrx_word' id='word_1_318' title='bbox 2410 1812 2654 1879; x_wconf 75' lang='grc' dir='ltr'><strong>εἱστήκει</strong></span> <span class='ocrx_word' id='word_1_319' title='bbox 2689 1814 2748 1864; x_wconf 84' lang='grc' dir='ltr'>τὸ</span> <span class='ocrx_word' id='word_1_320' title='bbox 2781 1812 3014 1881; x_wconf 78' lang='grc' dir='ltr'>χρυσοῦν</span> <span class='ocrx_word' id='word_1_321' title='bbox 3064 1815 3392 1882; x_wconf 61' lang='grc' dir='ltr'>ἀφικόμενος</span> <span class='ocrx_word' id='word_1_322' title='bbox 3446 1815 3543 1884; x_wconf 75' lang='grc' dir='ltr'>τὴν</span> <span class='ocrx_word' id='word_1_323' title='bbox 3567 1818 3724 1885; x_wconf 77' lang='grc' dir='ltr'>χεῖρα</span> <span class='ocrx_word' id='word_1_324' title='bbox 3782 1818 3964 1868; x_wconf 70' lang='grc' dir='ltr'>τούτου</span> 
     </span>
    </p>
   </div>
   <div class='ocr_carea' id='block_1_49' title="bbox 2407 1904 3968 1977">
    <p class='ocr_par' dir='ltr' id='par_1_49' title="bbox 2407 1904 3968 1977">
     <span class='ocr_line' id='line_1_49' title="bbox 2407 1904 3968 1977; baseline 0.002 -21"><span class='ocrx_word' id='word_1_325' title='bbox 2407 1904 2585 1967; x_wconf 70' lang='grc' dir='ltr'>δεξιὰν</span> <span class='ocrx_word' id='word_1_326' title='bbox 2617 1905 2934 1971; x_wconf 65' lang='grc' dir='ltr'>ἁποθραύει,</span> <span class='ocrx_word' id='word_1_327' title='bbox 2976 1909 3065 1958; x_wconf 69' lang='grc' dir='ltr'>καὶ</span> <span class='ocrx_word' id='word_1_328' title='bbox 3098 1908 3259 1974; x_wconf 71' lang='grc' dir='ltr'>τιμῆς</span> <span class='ocrx_word' id='word_1_329' title='bbox 3294 1908 3459 1976; x_wconf 72' lang='grc' dir='ltr'>αὐτὴν</span> <span class='ocrx_word' id='word_1_330' title='bbox 3489 1909 3822 1977; x_wconf 72' lang='grc' dir='ltr'><strong>ἀποδόμενος</strong></span> <span class='ocrx_word' id='word_1_331' title='bbox 3848 1911 3968 1962; x_wconf 81' lang='grc' dir='ltr'>πολ-</span> 
     </span>
    </p>
   </div>
   <div class='ocr_carea' id='block_1_50' title="bbox 2407 1996 3969 2066">
    <p class='ocr_par' dir='ltr' id='par_1_50' title="bbox 2407 1996 3969 2066">
     <span class='ocr_line' id='line_1_50' title="bbox 2407 1996 3969 2066; baseline 0.006 -21"><span class='ocrx_word' id='word_1_332' title='bbox 2407 1996 2519 2057; x_wconf 84' lang='grc' dir='ltr'>λοῖς</span> <span class='ocrx_word' id='word_1_333' title='bbox 2552 1998 2762 2048; x_wconf 72' lang='grc' dir='ltr'>ἐκεῖθεν</span> <span class='ocrx_word' id='word_1_334' title='bbox 2793 1998 2900 2049; x_wconf 79' lang='grc' dir='ltr'>τῶν</span> <span class='ocrx_word' id='word_1_335' title='bbox 2940 1999 3133 2049; x_wconf 79' lang='grc' dir='ltr'>ἐνδεῶν</span> <span class='ocrx_word' id='word_1_336' title='bbox 3165 2002 3414 2066; x_wconf 75' lang='grc' dir='ltr'>ἐπαρκεῖ.</span> <span class='ocrx_word' id='word_1_337' title='bbox 3465 2001 3579 2052; x_wconf 69' lang='grc' dir='ltr'>Οὐκ</span> <span class='ocrx_word' id='word_1_338' title='bbox 3612 2001 3775 2055; x_wconf 81' lang='grc' dir='ltr'>ἔλαθε</span> <span class='ocrx_word' id='word_1_339' title='bbox 3818 2002 3969 2055; x_wconf 75' lang='grc' dir='ltr'>τοῦτο</span> 
     </span>
    </p>
   </div>
   <div class='ocr_carea' id='block_1_51' title="bbox 2409 2090 3971 2162">
    <p class='ocr_par' dir='ltr' id='par_1_51' title="bbox 2409 2090 3971 2162">
     <span class='ocr_line' id='line_1_51' title="bbox 2409 2090 3971 2162; baseline 0.004 -20"><span class='ocrx_word' id='word_1_340' title='bbox 2409 2090 2535 2151; x_wconf 68' lang='grc' dir='ltr'>τοὺς</span> <span class='ocrx_word' id='word_1_341' title='bbox 2563 2090 2885 2159; x_wconf 76' lang='grc' dir='ltr'>νεωκόρους,</span> <span class='ocrx_word' id='word_1_342' title='bbox 2932 2091 3045 2143; x_wconf 80' lang='grc' dir='ltr'>ἀλλ’</span> <span class='ocrx_word' id='word_1_343' title='bbox 3076 2092 3268 2162; x_wconf 77' lang='grc' dir='ltr'>ἀγνοίᾳ</span> <span class='ocrx_word' id='word_1_344' title='bbox 3302 2092 3394 2143; x_wconf 79' lang='grc' dir='ltr'><strong>τοῦ</strong></span> <span class='ocrx_word' id='word_1_345' title='bbox 3435 2092 3533 2162; x_wconf 84' lang='grc' dir='ltr'>δρά</span> <span class='ocrx_word' id='word_1_346' title='bbox 3548 2112 3753 2159; x_wconf 71' lang='grc' dir='ltr'>ταντος,</span> <span class='ocrx_word' id='word_1_347' title='bbox 3789 2100 3971 2151; x_wconf 72' lang='grc' dir='ltr'>πολλοὶ</span> 
     </span>
    </p>
   </div>
   <div class='ocr_carea' id='block_1_52' title="bbox 2412 2181 3969 2259">
    <p class='ocr_par' dir='ltr' id='par_1_52' title="bbox 2412 2181 3969 2259">
     <span class='ocr_line' id='line_1_52' title="bbox 2412 2181 3969 2259; baseline 0.004 -26"><span class='ocrx_word' id='word_1_348' title='bbox 2412 2181 2607 2235; x_wconf 76' lang='grc' dir='ltr'>αὐτίκα</span> <span class='ocrx_word' id='word_1_349' title='bbox 2656 2184 3123 2251; x_wconf 67' lang='grc' dir='ltr'>συνελαμϐἀιοντο</span> <span class='ocrx_word' id='word_1_350' title='bbox 3179 2184 3373 2250; x_wconf 78' lang='grc' dir='ltr'>ἄθλιοι,</span> <span class='ocrx_word' id='word_1_351' title='bbox 3410 2186 3575 2255; x_wconf 81' lang='grc' dir='ltr'>μηδὲν</span> <span class='ocrx_word' id='word_1_352' title='bbox 3614 2187 3828 2240; x_wconf 80' lang='grc' dir='ltr'>τοιοῦτο</span> <span class='ocrx_word' id='word_1_353' title='bbox 3861 2192 3969 2259; x_wconf 78' lang='grc' dir='ltr'>εἰρ-</span> 
     </span>
    </p>
   </div>
   <div class='ocr_carea' id='block_1_53' title="bbox 2413 2274 3972 2348">
    <p class='ocr_par' dir='ltr' id='par_1_53' title="bbox 2413 2274 3972 2348">
     <span class='ocr_line' id='line_1_53' title="bbox 2413 2274 3972 2348; baseline 0.006 -24"><span class='ocrx_word' id='word_1_354' title='bbox 2413 2274 2699 2343; x_wconf 83' lang='grc' dir='ltr'>γασμὲνοι,</span> <span class='ocrx_word' id='word_1_355' title='bbox 2742 2278 2831 2326; x_wconf 73' lang='grc' dir='ltr'>καὶ</span> <span class='ocrx_word' id='word_1_356' title='bbox 2859 2276 3164 2343; x_wconf 74' lang='grc' dir='ltr'>ἱεροσυλίας</span> <span class='ocrx_word' id='word_1_357' title='bbox 3194 2277 3503 2348; x_wconf 78' lang='grc' dir='ltr'>ἁπῃτοῦντο</span> <span class='ocrx_word' id='word_1_358' title='bbox 3531 2279 3685 2343; x_wconf 81' lang='grc' dir='ltr'>δίκας</span> <span class='ocrx_word' id='word_1_359' title='bbox 3722 2280 3972 2334; x_wconf 78' lang='grc' dir='ltr'>ἁπάντων</span> 
     </span>
    </p>
   </div>
   <div class='ocr_carea' id='block_1_54' title="bbox 2408 2364 3972 2440">
    <p class='ocr_par' dir='ltr' id='par_1_54' title="bbox 2408 2364 3972 2440">
     <span class='ocr_line' id='line_1_54' title="bbox 2408 2364 3972 2440; baseline 0.006 -24"><span class='ocrx_word' id='word_1_360' title='bbox 2408 2366 2518 2416; x_wconf 80' lang='grc' dir='ltr'>τῶν</span> <span class='ocrx_word' id='word_1_361' title='bbox 2543 2366 2600 2415; x_wconf 81' lang='grc' dir='ltr'>ἐν</span> <span class='ocrx_word' id='word_1_362' title='bbox 2624 2364 2699 2433; x_wconf 82' lang='grc' dir='ltr'>τῷ</span> <span class='ocrx_word' id='word_1_363' title='bbox 2732 2365 3086 2435; x_wconf 75' lang='grc' dir='ltr'>δεσνωτηρίῳ</span> <span class='ocrx_word' id='word_1_364' title='bbox 3112 2368 3431 2436; x_wconf 75' lang='grc' dir='ltr'>κακούργων</span> <span class='ocrx_word' id='word_1_365' title='bbox 3466 2370 3801 2440; x_wconf 75' lang='grc' dir='ltr'><strong>μιαρώτατοι</strong></span> <span class='ocrx_word' id='word_1_366' title='bbox 3828 2372 3972 2440; x_wconf 82' lang='grc' dir='ltr'>λογι-</span> 
     </span>
    </p>
   </div>
   <div class='ocr_carea' id='block_1_55' title="bbox 2414 2454 3970 2533">
    <p class='ocr_par' dir='ltr' id='par_1_55' title="bbox 2414 2454 3970 2533">
     <span class='ocr_line' id='line_1_55' title="bbox 2414 2454 3970 2533; baseline 0.008 -28"><span class='ocrx_word' id='word_1_367' title='bbox 2414 2454 2651 2519; x_wconf 88' lang='grc' dir='ltr'>σθέντες,</span> <span class='ocrx_word' id='word_1_368' title='bbox 2706 2454 2781 2517; x_wconf 85' lang='grc' dir='ltr'>ὡς</span> <span class='ocrx_word' id='word_1_369' title='bbox 2842 2454 2936 2507; x_wconf 81' lang='grc' dir='ltr'>τοῦ</span> <span class='ocrx_word' id='word_1_370' title='bbox 3004 2456 3125 2509; x_wconf 77' lang='grc' dir='ltr'>θεοῦ</span> <span class='ocrx_word' id='word_1_371' title='bbox 3193 2459 3547 2528; x_wconf 78' lang='grc' dir='ltr'><strong>σεσυληκότες</strong></span> <span class='ocrx_word' id='word_1_372' title='bbox 3613 2463 3673 2515; x_wconf 77' lang='grc' dir='ltr'>τὸ</span> <span class='ocrx_word' id='word_1_373' title='bbox 3728 2465 3970 2533; x_wconf 77' lang='grc' dir='ltr'>ἄγαλμα.</span> 
     </span>
    </p>
   </div>
   <div class='ocr_carea' id='block_1_56' title="bbox 2426 2547 3973 2623">
    <p class='ocr_par' dir='ltr' id='par_1_56' title="bbox 2426 2547 3973 2623">
     <span class='ocr_line' id='line_1_56' title="bbox 2426 2547 3973 2623; baseline 0.004 -23"><span class='ocrx_word' id='word_1_374' title='bbox 2426 2547 2671 2616; x_wconf 78' lang='grc' dir='ltr'>Ἐὅοὴθει</span> <span class='ocrx_word' id='word_1_375' title='bbox 2698 2548 2752 2600; x_wconf 82' lang='grc' dir='ltr'>δὲ</span> <span class='ocrx_word' id='word_1_376' title='bbox 2789 2548 2983 2611; x_wconf 77' lang='grc' dir='ltr'>οὐδεὶς,</span> <span class='ocrx_word' id='word_1_377' title='bbox 3010 2548 3147 2600; x_wconf 79' lang='grc' dir='ltr'><strong>ἀλλὰ</strong></span> <span class='ocrx_word' id='word_1_378' title='bbox 3182 2551 3271 2602; x_wconf 77' lang='grc' dir='ltr'><strong>καὶ</strong></span> <span class='ocrx_word' id='word_1_379' title='bbox 3298 2551 3345 2602; x_wconf 80' lang='lat' dir='ltr'><strong>oi</strong></span> <span class='ocrx_word' id='word_1_380' title='bbox 3376 2552 3514 2612; x_wconf 82' lang='grc' dir='ltr'>τέως</span> <span class='ocrx_word' id='word_1_381' title='bbox 3550 2553 3755 2623; x_wconf 76' lang='grc' dir='ltr'>ἑταῖροι</span> <span class='ocrx_word' id='word_1_382' title='bbox 3784 2556 3973 2616; x_wconf 74' lang='grc' dir='ltr'>αὐτοὺς</span> 
     </span>
    </p>
   </div>
   <div class='ocr_carea' id='block_1_57' title="bbox 2413 2639 3973 2716">
    <p class='ocr_par' dir='ltr' id='par_1_57' title="bbox 2413 2639 3973 2716">
     <span class='ocr_line' id='line_1_57' title="bbox 2413 2639 3973 2716; baseline 0.005 -25"><span class='ocrx_word' id='word_1_383' title='bbox 2413 2639 2839 2710; x_wconf 76' lang='grc' dir='ltr'><strong>ἀπεστρέφοντο,</strong></span> <span class='ocrx_word' id='word_1_384' title='bbox 2889 2640 2983 2691; x_wconf 72' lang='grc' dir='ltr'>καὶ</span> <span class='ocrx_word' id='word_1_385' title='bbox 3025 2642 3073 2692; x_wconf 84' lang='grc' dir='ltr'><strong>οί</strong></span> <span class='ocrx_word' id='word_1_386' title='bbox 3116 2642 3209 2692; x_wconf 79' lang='grc' dir='ltr'><strong>ἐπὶ</strong></span> <span class='ocrx_word' id='word_1_387' title='bbox 3265 2642 3373 2693; x_wconf 83' lang='grc' dir='ltr'>τῶν</span> <span class='ocrx_word' id='word_1_388' title='bbox 3425 2642 3637 2712; x_wconf 78' lang='grc' dir='ltr'>δεσμῶν</span> <span class='ocrx_word' id='word_1_389' title='bbox 3674 2644 3841 2713; x_wconf 75' lang='grc' dir='ltr'>(οὕτω</span> <span class='ocrx_word' id='word_1_390' title='bbox 3875 2647 3973 2716; x_wconf 83' lang='grc' dir='ltr'>γὰρ</span> 
     </span>
    </p>
   </div>
   <div class='ocr_carea' id='block_1_58' title="bbox 2414 2729 3975 2803">
    <p class='ocr_par' dir='ltr' id='par_1_58' title="bbox 2414 2729 3975 2803">
     <span class='ocr_line' id='line_1_58' title="bbox 2414 2729 3975 2803; baseline 0.006 -22"><span class='ocrx_word' id='word_1_391' title='bbox 2414 2729 2582 2801; x_wconf 75' lang='grc' dir='ltr'>ᾤοντο</span> <span class='ocrx_word' id='word_1_392' title='bbox 2631 2730 2949 2800; x_wconf 77' lang='grc' dir='ltr'>χαρίζεσθαι</span> <span class='ocrx_word' id='word_1_393' title='bbox 2988 2730 3063 2800; x_wconf 83' lang='grc' dir='ltr'><strong>τῷ</strong></span> <span class='ocrx_word' id='word_1_394' title='bbox 3115 2732 3244 2802; x_wconf 76' lang='grc' dir='ltr'>θεῷ)</span> <span class='ocrx_word' id='word_1_395' title='bbox 3295 2733 3482 2803; x_wconf 82' lang='grc' dir='ltr'>βαρεῖς</span> <span class='ocrx_word' id='word_1_396' title='bbox 3540 2740 3648 2798; x_wconf 87' lang='grc' dir='ltr'>τοῖς</span> <span class='ocrx_word' id='word_1_397' title='bbox 3681 2737 3975 2790; x_wconf 80' lang='grc' dir='ltr'>ἑαλωκόσιν</span> 
     </span>
    </p>
   </div>
   <div class='ocr_carea' id='block_1_59' title="bbox 2411 2824 2736 2890">
    <p class='ocr_par' dir='ltr' id='par_1_59' title="bbox 2411 2824 2736 2890">
     <span class='ocr_line' id='line_1_59' title="bbox 2411 2824 2736 2890; baseline -0.003 -13"><span class='ocrx_word' id='word_1_398' title='bbox 2411 2824 2736 2890; x_wconf 73' lang='grc' dir='ltr'>ἐφεστῶτες.</span> 
     </span>
    </p>
   </div>
   <div class='ocr_carea' id='block_1_60' title="bbox 2485 2916 3975 2992">
    <p class='ocr_par' dir='ltr' id='par_1_60' title="bbox 2485 2916 3975 2992">
     <span class='ocr_line' id='line_1_60' title="bbox 2485 2916 3975 2992; baseline 0.005 -24"><span class='ocrx_word' id='word_1_399' title='bbox 2485 2916 2557 2970; x_wconf 83' lang='grc' dir='ltr'><strong>Γ¹.</strong></span> <span class='ocrx_word' id='word_1_400' title='bbox 2598 2916 2665 2969; x_wconf 83' lang='lat'>&#39;0</span> <span class='ocrx_word' id='word_1_401' title='bbox 2706 2935 2765 2983; x_wconf 84' lang='grc' dir='ltr'>γε</span> <span class='ocrx_word' id='word_1_402' title='bbox 2819 2924 2927 2989; x_wconf 83' lang='grc' dir='ltr'>μὴν</span> <span class='ocrx_word' id='word_1_403' title='bbox 2975 2923 3219 2985; x_wconf 83' lang='grc' dir='ltr'>γενναῖος</span> <span class='ocrx_word' id='word_1_404' title='bbox 3268 2920 3461 2985; x_wconf 81' lang='grc' dir='ltr'>Σώζων</span> <span class='ocrx_word' id='word_1_405' title='bbox 3497 2921 3975 2992; x_wconf 75' lang='grc' dir='ltr'>παῤῥησιάσασθαί</span> 
     </span>
    </p>
   </div>
   <div class='ocr_carea' id='block_1_61' title="bbox 2412 3010 3977 3080">
    <p class='ocr_par' dir='ltr' id='par_1_61' title="bbox 2412 3010 3977 3080">
     <span class='ocr_line' id='line_1_61' title="bbox 2412 3010 3977 3080; baseline 0.005 -19"><span class='ocrx_word' id='word_1_406' title='bbox 2412 3025 2471 3061; x_wconf 81' lang='grc' dir='ltr'><strong>τε</strong></span> <span class='ocrx_word' id='word_1_407' title='bbox 2488 3010 2585 3080; x_wconf 85' lang='grc' dir='ltr'>τὴν</span> <span class='ocrx_word' id='word_1_408' title='bbox 2614 3011 2915 3076; x_wconf 71' lang='grc' dir='ltr'>εὐσέϐειαν,</span> <span class='ocrx_word' id='word_1_409' title='bbox 2948 3016 3041 3065; x_wconf 73' lang='grc' dir='ltr'><strong>καὶ</strong></span> <span class='ocrx_word' id='word_1_410' title='bbox 3062 3013 3330 3067; x_wconf 82' lang='grc' dir='ltr'>ἀπολῦσαι</span> <span class='ocrx_word' id='word_1_411' title='bbox 3356 3015 3576 3077; x_wconf 71' lang='grc' dir='ltr'>τούτους</span> <span class='ocrx_word' id='word_1_412' title='bbox 3601 3015 3803 3068; x_wconf 76' lang='grc' dir='ltr'>ἐθέλων</span> <span class='ocrx_word' id='word_1_413' title='bbox 3830 3017 3977 3070; x_wconf 69' lang='grc' dir='ltr'>οὐδὲν</span> 
     </span>
    </p>
   </div>
   <div class='ocr_carea' id='block_1_62' title="bbox 2415 3100 3980 3176">
    <p class='ocr_par' dir='ltr' id='par_1_62' title="bbox 2415 3100 3980 3176">
     <span class='ocr_line' id='line_1_62' title="bbox 2415 3100 3980 3176; baseline 0.004 -25"><span class='ocrx_word' id='word_1_414' title='bbox 2415 3100 2525 3151; x_wconf 81' lang='grc' dir='ltr'><strong>τῶν</strong></span> <span class='ocrx_word' id='word_1_415' title='bbox 2554 3103 2934 3170; x_wconf 73' lang='grc' dir='ltr'><strong>γεγενημένων</strong></span> <span class='ocrx_word' id='word_1_416' title='bbox 2966 3105 3193 3167; x_wconf 75' lang='grc' dir='ltr'>εἰδότας,</span> <span class='ocrx_word' id='word_1_417' title='bbox 3231 3107 3625 3176; x_wconf 74' lang='grc' dir='ltr'>προσαγγέλλει</span> <span class='ocrx_word' id='word_1_418' title='bbox 3659 3110 3855 3161; x_wconf 76' lang='grc' dir='ltr'>ἑαυτὸν</span> <span class='ocrx_word' id='word_1_419' title='bbox 3899 3111 3980 3162; x_wconf 80' lang='grc' dir='ltr'><strong>ὲλ-</strong></span> 
     </span>
    </p>
   </div>
   <div class='ocr_carea' id='block_1_63' title="bbox 753 3191 2313 3279">
    <p class='ocr_par' dir='ltr' id='par_1_63' title="bbox 753 3202 2313 3279">
     <span class='ocr_line' id='line_1_63' title="bbox 753 3202 2313 3279; baseline 0.005 -24"><span class='ocrx_word' id='word_1_420' title='bbox 753 3202 817 3255; x_wconf 81' lang='lat' dir='ltr'><strong>ad</strong></span> <span class='ocrx_word' id='word_1_421' title='bbox 850 3203 1100 3266; x_wconf 55' lang='lat' dir='ltr'><strong>aedituos,</strong></span> <span class='ocrx_word' id='word_1_422' title='bbox 1132 3215 1185 3259; x_wconf 91' lang='lat' dir='ltr'><strong>ct</strong></span> <span class='ocrx_word' id='word_1_423' title='bbox 1215 3207 1402 3261; x_wconf 87' lang='lat' dir='ltr'><strong>dicens</strong></span> <span class='ocrx_word' id='word_1_424' title='bbox 1444 3224 1501 3261; x_wconf 85' lang='lat' dir='ltr'><strong>se</strong></span> <span class='ocrx_word' id='word_1_425' title='bbox 1532 3225 1652 3263; x_wconf 86' lang='lat' dir='ltr'><strong>eum</strong></span> <span class='ocrx_word' id='word_1_426' title='bbox 1692 3226 1831 3275; x_wconf 82' lang='lat' dir='ltr'><strong>esse,</strong></span> <span class='ocrx_word' id='word_1_427' title='bbox 1867 3214 1955 3279; x_wconf 86' lang='lat' dir='ltr'><strong>qui</strong></span> <span class='ocrx_word' id='word_1_428' title='bbox 1991 3211 2313 3263; x_wconf 89' lang='lat' dir='ltr'><strong>malclicium</strong></span> 
     </span>
    </p>
   </div>
   <div class='ocr_carea' id='block_1_64' title="bbox 2421 3191 3981 3279">
    <p class='ocr_par' dir='ltr' id='par_1_64' title="bbox 2421 3191 3981 3271">
     <span class='ocr_line' id='line_1_64' title="bbox 2421 3191 3981 3271; baseline 0.008 -28"><span class='ocrx_word' id='word_1_429' title='bbox 2421 3191 2527 3244; x_wconf 87' lang='grc' dir='ltr'><strong>θὼν</strong></span> <span class='ocrx_word' id='word_1_430' title='bbox 2555 3196 2634 3254; x_wconf 84' lang='grc' dir='ltr'>εὶς</span> <span class='ocrx_word' id='word_1_431' title='bbox 2664 3195 2788 3257; x_wconf 67' lang='grc' dir='ltr'>τοὺς</span> <span class='ocrx_word' id='word_1_432' title='bbox 2814 3198 3116 3264; x_wconf 85' lang='grc' dir='ltr'>νεωκόρους</span> <span class='ocrx_word' id='word_1_433' title='bbox 3159 3197 3235 3257; x_wconf 84' lang='grc' dir='ltr'><strong>ὡς</strong></span> <span class='ocrx_word' id='word_1_434' title='bbox 3282 3201 3364 3269; x_wconf 78' lang='grc' dir='ltr'><strong>εἴη</strong></span> <span class='ocrx_word' id='word_1_435' title='bbox 3403 3201 3703 3271; x_wconf 70' lang='grc' dir='ltr'>αὐτουργὸς</span> <span class='ocrx_word' id='word_1_436' title='bbox 3743 3205 3843 3271; x_wconf 79' lang='grc' dir='ltr'>τῆς</span> <span class='ocrx_word' id='word_1_437' title='bbox 3894 3206 3981 3255; x_wconf 76' lang='grc' dir='ltr'><strong>ἐπὶ</strong></span> 
     </span>
    </p>
   </div>
   <div class='ocr_carea' id='block_1_65' title="bbox 752 3292 2315 3369">
    <p class='ocr_par' dir='ltr' id='par_1_65' title="bbox 752 3292 2315 3369">
     <span class='ocr_line' id='line_1_65' title="bbox 752 3292 2315 3369; baseline 0.008 -26"><span class='ocrx_word' id='word_1_438' title='bbox 752 3292 969 3345; x_wconf 83' lang='lat' dir='ltr'><strong>admisit</strong></span> <span class='ocrx_word' id='word_1_439' title='bbox 1000 3294 1051 3346; x_wconf 93' lang='lat' dir='ltr'><strong>in</strong></span> <span class='ocrx_word' id='word_1_440' title='bbox 1104 3295 1407 3367; x_wconf 65' lang='lat' dir='ltr'><strong>imaginem.</strong></span> <span class='ocrx_word' id='word_1_441' title='bbox 1458 3298 1742 3369; x_wconf 82' lang='lat' dir='ltr'><strong>Postquam</strong></span> <span class='ocrx_word' id='word_1_442' title='bbox 1790 3312 1967 3353; x_wconf 83' lang='lat' dir='ltr'><strong>autem</strong></span> <span class='ocrx_word' id='word_1_443' title='bbox 2014 3301 2117 3356; x_wconf 90' lang='lat' dir='ltr'><strong>ltoc</strong></span> <span class='ocrx_word' id='word_1_444' title='bbox 2163 3302 2315 3367; x_wconf 81' lang='lat' dir='ltr'><strong>dixit,</strong></span> 
     </span>
    </p>
   </div>
   <div class='ocr_carea' id='block_1_66' title="bbox 754 3383 2320 3463">
    <p class='ocr_par' dir='ltr' id='par_1_66' title="bbox 754 3383 2320 3463">
     <span class='ocr_line' id='line_1_66' title="bbox 754 3383 2320 3463; baseline 0.008 -30"><span class='ocrx_word' id='word_1_445' title='bbox 754 3383 1021 3438; x_wconf 80' lang='lat' dir='ltr'><strong>abductus</strong></span> <span class='ocrx_word' id='word_1_446' title='bbox 1052 3388 1296 3454; x_wconf 87' lang='lat' dir='ltr'><strong>protinus</strong></span> <span class='ocrx_word' id='word_1_447' title='bbox 1335 3390 1435 3442; x_wconf 88' lang='lat' dir='ltr'><strong>fuit</strong></span> <span class='ocrx_word' id='word_1_448' title='bbox 1469 3392 1534 3443; x_wconf 89' lang='lat' dir='ltr'><strong>ad</strong></span> <span class='ocrx_word' id='word_1_449' title='bbox 1563 3388 1966 3445; x_wconf 77' lang='lat' dir='ltr'><strong>Maximianum.</strong></span> <span class='ocrx_word' id='word_1_450' title='bbox 2027 3392 2144 3463; x_wconf 90' lang='lat' dir='ltr'><strong>Ipse</strong></span> <span class='ocrx_word' id='word_1_451' title='bbox 2191 3408 2320 3445; x_wconf 83' lang='lat' dir='ltr'><strong>vero</strong></span> 
     </span>
    </p>
   </div>
   <div class='ocr_carea' id='block_1_67' title="bbox 753 3476 2322 3546">
    <p class='ocr_par' dir='ltr' id='par_1_67' title="bbox 753 3476 2322 3546">
     <span class='ocr_line' id='line_1_67' title="bbox 753 3476 2322 3546; baseline 0.009 -20"><span class='ocrx_word' id='word_1_452' title='bbox 753 3476 807 3526; x_wconf 91' lang='lat' dir='ltr'><strong>ln</strong></span> <span class='ocrx_word' id='word_1_453' title='bbox 848 3476 956 3530; x_wconf 91' lang='lat' dir='ltr'><strong>alto</strong></span> <span class='ocrx_word' id='word_1_454' title='bbox 986 3478 1183 3533; x_wconf 89' lang='lat' dir='ltr'><strong>sedens</strong></span> <span class='ocrx_word' id='word_1_455' title='bbox 1225 3481 1500 3546; x_wconf 86' lang='lat' dir='ltr'><strong>tribunali,</strong></span> <span class='ocrx_word' id='word_1_456' title='bbox 1539 3498 1659 3537; x_wconf 90' lang='lat' dir='ltr'><strong>cum</strong></span> <span class='ocrx_word' id='word_1_457' title='bbox 1692 3501 1811 3537; x_wconf 88' lang='lat' dir='ltr'><strong>enm</strong></span> <span class='ocrx_word' id='word_1_458' title='bbox 1838 3496 2078 3539; x_wconf 85' lang='lat' dir='ltr'><strong>curasset</strong></span> <span class='ocrx_word' id='word_1_459' title='bbox 2119 3485 2322 3539; x_wconf 89' lang='lat' dir='ltr'><strong>sisten-</strong></span> 
     </span>
    </p>
   </div>
   <div class='ocr_carea' id='block_1_68' title="bbox 753 3568 2320 3648">
    <p class='ocr_par' dir='ltr' id='par_1_68' title="bbox 753 3568 2320 3648">
     <span class='ocr_line' id='line_1_68' title="bbox 753 3568 2320 3648; baseline 0.009 -28"><span class='ocrx_word' id='word_1_460' title='bbox 753 3568 905 3632; x_wconf 88' lang='lat' dir='ltr'><strong>dutn,</strong></span> <span class='ocrx_word' id='word_1_461' title='bbox 963 3580 1017 3624; x_wconf 88' lang='lat' dir='ltr'><strong>et</strong></span> <span class='ocrx_word' id='word_1_462' title='bbox 1076 3586 1199 3625; x_wconf 92' lang='lat' dir='ltr'><strong>cum</strong></span> <span class='ocrx_word' id='word_1_463' title='bbox 1260 3585 1466 3642; x_wconf 76' lang='lat' dir='ltr'><strong>quanto</strong></span> <span class='ocrx_word' id='word_1_464' title='bbox 1533 3577 1705 3645; x_wconf 90' lang='lat' dir='ltr'><strong>potuit</strong></span> <span class='ocrx_word' id='word_1_465' title='bbox 1759 3576 1898 3631; x_wconf 83' lang='lat' dir='ltr'><strong>fastu</strong></span> <span class='ocrx_word' id='word_1_466' title='bbox 1957 3579 2320 3648; x_wconf 85' lang='lat' dir='ltr'><strong>apparuisset,</strong></span> 
     </span>
    </p>
   </div>
   <div class='ocr_carea' id='block_1_69' title="bbox 757 3661 2326 3740">
    <p class='ocr_par' dir='ltr' id='par_1_69' title="bbox 757 3661 2326 3740">
     <span class='ocr_line' id='line_1_69' title="bbox 757 3661 2326 3740; baseline 0.01 -29"><span class='ocrx_word' id='word_1_467' title='bbox 757 3661 991 3729; x_wconf 84' lang='lat' dir='ltr'><strong>primum</strong></span> <span class='ocrx_word' id='word_1_468' title='bbox 1055 3664 1273 3730; x_wconf 82' lang='lat' dir='ltr'><strong>quidem</strong></span> <span class='ocrx_word' id='word_1_469' title='bbox 1325 3681 1542 3729; x_wconf 84' lang='lat' dir='ltr'><strong>nomen,</strong></span> <span class='ocrx_word' id='word_1_470' title='bbox 1595 3669 1789 3720; x_wconf 87' lang='lat' dir='ltr'><strong>deinde</strong></span> <span class='ocrx_word' id='word_1_471' title='bbox 1861 3670 2196 3740; x_wconf 74' lang='lat' dir='ltr'><strong>religionem,</strong></span> <span class='ocrx_word' id='word_1_472' title='bbox 2270 3680 2326 3726; x_wconf 76' lang='lat' dir='ltr'><strong>el</strong></span> 
     </span>
    </p>
   </div>
   <div class='ocr_carea' id='block_1_70' title="bbox 757 3757 2325 3830">
    <p class='ocr_par' dir='ltr' id='par_1_70' title="bbox 757 3757 2325 3830">
     <span class='ocr_line' id='line_1_70' title="bbox 757 3757 2325 3830; baseline 0.008 -24"><span class='ocrx_word' id='word_1_473' title='bbox 757 3762 1033 3820; x_wconf 87' lang='lat' dir='ltr'><strong>postremo</strong></span> <span class='ocrx_word' id='word_1_474' title='bbox 1060 3757 1310 3822; x_wconf 87' lang='lat' dir='ltr'><strong>patriam,</strong></span> <span class='ocrx_word' id='word_1_475' title='bbox 1353 3771 1471 3825; x_wconf 72' lang='lat' dir='ltr'><strong>quae</strong></span> <span class='ocrx_word' id='word_1_476' title='bbox 1506 3771 1629 3810; x_wconf 86' lang='lat' dir='ltr'><strong>cum</strong></span> <span class='ocrx_word' id='word_1_477' title='bbox 1668 3758 1897 3821; x_wconf 85' lang='lat' dir='ltr'><strong>tulisset,</strong></span> <span class='ocrx_word' id='word_1_478' title='bbox 1955 3762 2177 3830; x_wconf 78' lang='lat' dir='ltr'><strong>rogavit.</strong></span> <span class='ocrx_word' id='word_1_479' title='bbox 2232 3762 2325 3819; x_wconf 90' lang='lat' dir='ltr'><strong>Ille</strong></span> 
     </span>
    </p>
   </div>
   <div class='ocr_carea' id='block_1_71' title="bbox 758 3846 2325 3929">
    <p class='ocr_par' dir='ltr' id='par_1_71' title="bbox 758 3846 2325 3929">
     <span class='ocr_line' id='line_1_71' title="bbox 758 3846 2325 3929; baseline 0.006 -30"><span class='ocrx_word' id='word_1_480' title='bbox 758 3854 972 3899; x_wconf 87' lang='lat' dir='ltr'><strong>autem:</strong></span> <span class='ocrx_word' id='word_1_481' title='bbox 1008 3846 1189 3901; x_wconf 85' lang='lat' dir='ltr'><strong>Patria</strong></span> <span class='ocrx_word' id='word_1_482' title='bbox 1213 3849 1429 3917; x_wconf 90' lang='lat' dir='ltr'><strong>quidem</strong></span> <span class='ocrx_word' id='word_1_483' title='bbox 1459 3849 1590 3902; x_wconf 77' lang='lat' dir='ltr'><strong>milii</strong></span> <span class='ocrx_word' id='word_1_484' title='bbox 1628 3860 1711 3903; x_wconf 88' lang='lat' dir='ltr'><strong>est</strong></span> <span class='ocrx_word' id='word_1_485' title='bbox 1741 3850 2025 3922; x_wconf 69' lang='lat' dir='ltr'><strong>Lycaonia,</strong></span> <span class='ocrx_word' id='word_1_486' title='bbox 2065 3869 2127 3906; x_wconf 90' lang='lat' dir='ltr'><strong>ea</strong></span> <span class='ocrx_word' id='word_1_487' title='bbox 2180 3856 2325 3929; x_wconf 81' lang='lat' dir='ltr'><strong>enim</strong></span> 
     </span>
    </p>
   </div>
   <div class='ocr_carea' id='block_1_72' title="bbox 758 3939 2328 4011">
    <p class='ocr_par' dir='ltr' id='par_1_72' title="bbox 758 3939 2328 4011">
     <span class='ocr_line' id='line_1_72' title="bbox 758 3939 2328 4011; baseline 0.006 -19"><span class='ocrx_word' id='word_1_488' title='bbox 758 3954 847 3993; x_wconf 86' lang='lat' dir='ltr'><strong>me</strong></span> <span class='ocrx_word' id='word_1_489' title='bbox 891 3939 1051 4006; x_wconf 87' lang='lat' dir='ltr'><strong>tulit;</strong></span> <span class='ocrx_word' id='word_1_490' title='bbox 1086 3952 1344 4011; x_wconf 81' lang='lat' dir='ltr'><strong>parentes</strong></span> <span class='ocrx_word' id='word_1_491' title='bbox 1385 3958 1509 3997; x_wconf 77' lang='lat' dir='ltr'><strong>vero</strong></span> <span class='ocrx_word' id='word_1_492' title='bbox 1543 3943 1610 3997; x_wconf 89' lang='lat' dir='ltr'><strong>ab</strong></span> <span class='ocrx_word' id='word_1_493' title='bbox 1638 3953 1758 3998; x_wconf 91' lang='lat' dir='ltr'><strong>ortu</strong></span> <span class='ocrx_word' id='word_1_494' title='bbox 1794 3944 1923 3997; x_wconf 84' lang='lat' dir='ltr'><strong>mihi</strong></span> <span class='ocrx_word' id='word_1_495' title='bbox 1964 3960 2161 3999; x_wconf 91' lang='lat' dir='ltr'><strong>nomen</strong></span> <span class='ocrx_word' id='word_1_496' title='bbox 2228 3947 2328 4001; x_wconf 84' lang='lat' dir='ltr'><strong>im-</strong></span> 
     </span>
    </p>
   </div>
   <div class='ocr_carea' id='block_1_73' title="bbox 760 4032 2327 4099">
    <p class='ocr_par' dir='ltr' id='par_1_73' title="bbox 760 4032 2327 4099">
     <span class='ocr_line' id='line_1_73' title="bbox 760 4032 2327 4099; baseline 0.008 -17"><span class='ocrx_word' id='word_1_497' title='bbox 760 4040 1087 4099; x_wconf 81' lang='lat' dir='ltr'><strong>posuerunt,</strong></span> <span class='ocrx_word' id='word_1_498' title='bbox 1119 4032 1414 4097; x_wconf 82' lang='lat' dir='ltr'><strong>Tarasius;</strong></span> <span class='ocrx_word' id='word_1_499' title='bbox 1453 4034 1740 4087; x_wconf 82' lang='lat' dir='ltr'><strong>Sozontem</strong></span> <span class='ocrx_word' id='word_1_500' title='bbox 1789 4045 1965 4089; x_wconf 88' lang='lat' dir='ltr'><strong>autem</strong></span> <span class='ocrx_word' id='word_1_501' title='bbox 2027 4039 2079 4091; x_wconf 93' lang='lat' dir='ltr'><strong>in</strong></span> <span class='ocrx_word' id='word_1_502' title='bbox 2145 4040 2327 4095; x_wconf 88' lang='lat' dir='ltr'><strong>divino</strong></span> 
     </span>
    </p>
   </div>
   <div class='ocr_carea' id='block_1_74' title="bbox 760 4122 2326 4195">
    <p class='ocr_par' dir='ltr' id='par_1_74' title="bbox 760 4122 2326 4195">
     <span class='ocr_line' id='line_1_74' title="bbox 760 4122 2326 4195; baseline 0.006 -23"><span class='ocrx_word' id='word_1_503' title='bbox 760 4134 847 4174; x_wconf 91' lang='lat' dir='ltr'><strong>me</strong></span> <span class='ocrx_word' id='word_1_504' title='bbox 874 4130 1135 4175; x_wconf 90' lang='lat' dir='ltr'><strong>vocarunt</strong></span> <span class='ocrx_word' id='word_1_505' title='bbox 1172 4122 1511 4192; x_wconf 88' lang='lat' dir='ltr'><strong>baptismate.</strong></span> <span class='ocrx_word' id='word_1_506' title='bbox 1576 4123 1704 4177; x_wconf 86' lang='lat' dir='ltr'><strong>Sum</strong></span> <span class='ocrx_word' id='word_1_507' title='bbox 1757 4124 1900 4177; x_wconf 88' lang='lat' dir='ltr'><strong>enim</strong></span> <span class='ocrx_word' id='word_1_508' title='bbox 1961 4126 2326 4195; x_wconf 83' lang='lat' dir='ltr'><strong>Christianus,</strong></span> 
     </span>
    </p>
   </div>
   <div class='ocr_carea' id='block_1_75' title="bbox 759 4208 2332 4285">
    <p class='ocr_par' dir='ltr' id='par_1_75' title="bbox 759 4208 2332 4285">
     <span class='ocr_line' id='line_1_75' title="bbox 759 4208 2332 4285; baseline 0.006 -21"><span class='ocrx_word' id='word_1_509' title='bbox 759 4208 1031 4265; x_wconf 81' lang='lat' dir='ltr'><strong>Christum</strong></span> <span class='ocrx_word' id='word_1_510' title='bbox 1063 4213 1239 4267; x_wconf 77' lang='lat' dir='ltr'><strong>solum</strong></span> <span class='ocrx_word' id='word_1_511' title='bbox 1279 4230 1471 4268; x_wconf 84' lang='lat' dir='ltr'><strong>verum</strong></span> <span class='ocrx_word' id='word_1_512' title='bbox 1502 4212 1672 4269; x_wconf 89' lang='lat' dir='ltr'><strong>Deum</strong></span> <span class='ocrx_word' id='word_1_513' title='bbox 1703 4216 1955 4282; x_wconf 91' lang='lat' dir='ltr'><strong>adorans,</strong></span> <span class='ocrx_word' id='word_1_514' title='bbox 1992 4216 2084 4285; x_wconf 90' lang='lat' dir='ltr'><strong>qui</strong></span> <span class='ocrx_word' id='word_1_515' title='bbox 2131 4221 2332 4275; x_wconf 87' lang='lat' dir='ltr'><strong>creavit</strong></span> 
     </span>
    </p>
   </div>
   <div class='ocr_carea' id='block_1_76' title="bbox 758 4304 2330 4381">
    <p class='ocr_par' dir='ltr' id='par_1_76' title="bbox 758 4304 2330 4381">
     <span class='ocr_line' id='line_1_76' title="bbox 758 4304 2330 4381; baseline 0.006 -26"><span class='ocrx_word' id='word_1_516' title='bbox 758 4304 959 4357; x_wconf 59' lang='lat' dir='ltr'><strong>caelum</strong></span> <span class='ocrx_word' id='word_1_517' title='bbox 988 4313 1043 4357; x_wconf 86' lang='lat' dir='ltr'><strong>et</strong></span> <span class='ocrx_word' id='word_1_518' title='bbox 1074 4314 1296 4358; x_wconf 85' lang='lat' dir='ltr'><strong>terram.</strong></span> <span class='ocrx_word' id='word_1_519' title='bbox 1333 4305 1631 4374; x_wconf 85' lang='lat' dir='ltr'><strong>anusnam</strong></span> <span class='ocrx_word' id='word_1_520' title='bbox 1657 4316 1835 4361; x_wconf 90' lang='lat' dir='ltr'><strong>autem</strong></span> <span class='ocrx_word' id='word_1_521' title='bbox 1866 4309 1941 4362; x_wconf 89' lang='lat' dir='ltr'><strong>rei</strong></span> <span class='ocrx_word' id='word_1_522' title='bbox 1974 4325 2123 4375; x_wconf 86' lang='lat' dir='ltr'><strong>usus,</strong></span> <span class='ocrx_word' id='word_1_523' title='bbox 2159 4311 2330 4381; x_wconf 88' lang='lat' dir='ltr'><strong>inquit</strong></span> 
     </span>
    </p>
   </div>
   <div class='ocr_carea' id='block_1_77' title="bbox 762 4395 2329 4472">
    <p class='ocr_par' dir='ltr' id='par_1_77' title="bbox 762 4395 2329 4472">
     <span class='ocr_line' id='line_1_77' title="bbox 762 4395 2329 4472; baseline 0.006 -24"><span class='ocrx_word' id='word_1_524' title='bbox 762 4395 1139 4460; x_wconf 77' lang='lat' dir='ltr'><strong>Maximianus,</strong></span> <span class='ocrx_word' id='word_1_525' title='bbox 1208 4407 1261 4452; x_wconf 89' lang='lat' dir='ltr'><strong>te</strong></span> <span class='ocrx_word' id='word_1_526' title='bbox 1315 4399 1419 4453; x_wconf 88' lang='lat' dir='ltr'><strong>huc</strong></span> <span class='ocrx_word' id='word_1_527' title='bbox 1475 4398 1745 4452; x_wconf 77' lang='lat' dir='ltr'><strong>adduxit?</strong></span> <span class='ocrx_word' id='word_1_528' title='bbox 1811 4399 2070 4463; x_wconf 70' lang='lat' dir='ltr'><strong>Prmsum,</strong></span> <span class='ocrx_word' id='word_1_529' title='bbox 2135 4403 2329 4472; x_wconf 76' lang='lat' dir='ltr'><strong>inquit,</strong></span> 
     </span>
    </p>
   </div>
   <div class='ocr_carea' id='block_1_78' title="bbox 762 4488 2332 4561">
    <p class='ocr_par' dir='ltr' id='par_1_78' title="bbox 762 4488 2332 4561">
     <span class='ocr_line' id='line_1_78' title="bbox 762 4488 2332 4561; baseline 0.006 -20"><span class='ocrx_word' id='word_1_530' title='bbox 762 4488 962 4551; x_wconf 84' lang='lat' dir='ltr'><strong>Sozon,</strong></span> <span class='ocrx_word' id='word_1_531' title='bbox 995 4490 1140 4559; x_wconf 75' lang='lat' dir='ltr'><strong>gregi</strong></span> <span class='ocrx_word' id='word_1_532' title='bbox 1168 4491 1349 4543; x_wconf 81' lang='lat' dir='ltr'><strong>mium</strong></span> <span class='ocrx_word' id='word_1_533' title='bbox 1380 4509 1394 4544; x_wconf 88' lang='lat'><strong>:</strong></span> <span class='ocrx_word' id='word_1_534' title='bbox 1426 4503 1478 4545; x_wconf 86' lang='lat' dir='ltr'><strong>et</strong></span> <span class='ocrx_word' id='word_1_535' title='bbox 1524 4506 1644 4561; x_wconf 73' lang='lat' dir='ltr'><strong>qua:</strong></span> <span class='ocrx_word' id='word_1_536' title='bbox 1686 4490 1815 4545; x_wconf 87' lang='lat' dir='ltr'><strong>mihi</strong></span> <span class='ocrx_word' id='word_1_537' title='bbox 1872 4492 1989 4546; x_wconf 91' lang='lat' dir='ltr'><strong>loca</strong></span> <span class='ocrx_word' id='word_1_538' title='bbox 2030 4492 2238 4557; x_wconf 82' lang='lat' dir='ltr'><strong>ﬂorida,</strong></span> <span class='ocrx_word' id='word_1_539' title='bbox 2278 4506 2332 4550; x_wconf 89' lang='lat' dir='ltr'><strong>et</strong></span> 
     </span>
    </p>
   </div>
   <div class='ocr_carea' id='block_1_79' title="bbox 765 4582 2330 4654">
    <p class='ocr_par' dir='ltr' id='par_1_79' title="bbox 765 4582 2330 4654">
     <span class='ocr_line' id='line_1_79' title="bbox 765 4582 2330 4654; baseline 0.006 -20"><span class='ocrx_word' id='word_1_540' title='bbox 765 4596 905 4650; x_wconf 87' lang='lat' dir='ltr'><strong>aqua</strong></span> <span class='ocrx_word' id='word_1_541' title='bbox 947 4582 1301 4648; x_wconf 89' lang='lat' dir='ltr'><strong>abundantia,</strong></span> <span class='ocrx_word' id='word_1_542' title='bbox 1332 4592 1386 4637; x_wconf 90' lang='lat' dir='ltr'><strong>et</strong></span> <span class='ocrx_word' id='word_1_543' title='bbox 1442 4586 1507 4637; x_wconf 87' lang='lat' dir='ltr'><strong>ad</strong></span> <span class='ocrx_word' id='word_1_544' title='bbox 1545 4588 1875 4654; x_wconf 90' lang='lat' dir='ltr'><strong>pascendum</strong></span> <span class='ocrx_word' id='word_1_545' title='bbox 1924 4587 2144 4643; x_wconf 87' lang='lat' dir='ltr'><strong>herbida</strong></span> <span class='ocrx_word' id='word_1_546' title='bbox 2204 4593 2330 4643; x_wconf 91' lang='lat' dir='ltr'><strong>anni</strong></span> 
     </span>
    </p>
   </div>
   <div class='ocr_carea' id='block_1_80' title="bbox 765 4675 2331 4746">
    <p class='ocr_par' dir='ltr' id='par_1_80' title="bbox 765 4675 2331 4746">
     <span class='ocr_line' id='line_1_80' title="bbox 765 4675 2331 4746; baseline 0.005 -19"><span class='ocrx_word' id='word_1_547' title='bbox 765 4682 1008 4743; x_wconf 87' lang='lat' dir='ltr'><strong>tempora</strong></span> <span class='ocrx_word' id='word_1_548' title='bbox 1039 4675 1417 4741; x_wconf 78' lang='lat' dir='ltr'><strong>ostenderunt,</strong></span> <span class='ocrx_word' id='word_1_549' title='bbox 1466 4677 1532 4730; x_wconf 90' lang='lat' dir='ltr'><strong>ad</strong></span> <span class='ocrx_word' id='word_1_550' title='bbox 1584 4692 1643 4730; x_wconf 84' lang='lat' dir='ltr'><strong>ea</strong></span> <span class='ocrx_word' id='word_1_551' title='bbox 1698 4693 1796 4746; x_wconf 85' lang='lat' dir='ltr'><strong>ago</strong></span> <span class='ocrx_word' id='word_1_552' title='bbox 1839 4692 1986 4734; x_wconf 73' lang='lat' dir='ltr'><strong>oves.</strong></span> <span class='ocrx_word' id='word_1_553' title='bbox 2060 4680 2263 4735; x_wconf 80' lang='lat' dir='ltr'><strong>Deinde</strong></span> <span class='ocrx_word' id='word_1_554' title='bbox 2318 4700 2331 4735; x_wconf 90' lang='lat'><strong>:</strong></span> 
     </span>
    </p>
   </div>
   <div class='ocr_carea' id='block_1_81' title="bbox 766 4763 2337 4842">
    <p class='ocr_par' dir='ltr' id='par_1_81' title="bbox 766 4763 2337 4842">
     <span class='ocr_line' id='line_1_81' title="bbox 766 4763 2337 4842; baseline 0.007 -26"><span class='ocrx_word' id='word_1_555' title='bbox 766 4763 1051 4830; x_wconf 89' lang='lat' dir='ltr'><strong>Quomodo</strong></span> <span class='ocrx_word' id='word_1_556' title='bbox 1107 4776 1310 4832; x_wconf 87' lang='lat' dir='ltr'><strong>autem,</strong></span> <span class='ocrx_word' id='word_1_557' title='bbox 1348 4768 1524 4836; x_wconf 88' lang='lat' dir='ltr'><strong>inquit</strong></span> <span class='ocrx_word' id='word_1_558' title='bbox 1586 4767 1959 4833; x_wconf 70' lang='lat' dir='ltr'><strong>Maximianus,</strong></span> <span class='ocrx_word' id='word_1_559' title='bbox 2000 4786 2064 4824; x_wconf 90' lang='lat' dir='ltr'><strong>eo</strong></span> <span class='ocrx_word' id='word_1_560' title='bbox 2120 4789 2337 4842; x_wconf 85' lang='lat' dir='ltr'><strong>proces-</strong></span> 
     </span>
    </p>
   </div>
   <div class='ocr_carea' id='block_1_82' title="bbox 767 4856 2055 4920">
    <p class='ocr_par' dir='ltr' id='par_1_82' title="bbox 767 4856 2055 4920">
     <span class='ocr_line' id='line_1_82' title="bbox 767 4856 2055 4920; baseline 0.001 -8"><span class='ocrx_word' id='word_1_561' title='bbox 767 4857 881 4912; x_wconf 82' lang='lat' dir='ltr'><strong>sisti</strong></span> <span class='ocrx_word' id='word_1_562' title='bbox 916 4856 1173 4920; x_wconf 67' lang='lat' dir='ltr'><strong>audaciaz,</strong></span> <span class='ocrx_word' id='word_1_563' title='bbox 1203 4866 1259 4911; x_wconf 86' lang='lat' dir='ltr'><strong>ut</strong></span> <span class='ocrx_word' id='word_1_564' title='bbox 1304 4859 1388 4912; x_wconf 91' lang='lat' dir='ltr'><strong>dei</strong></span> <span class='ocrx_word' id='word_1_565' title='bbox 1420 4859 1694 4912; x_wconf 81' lang='lat' dir='ltr'><strong>dexteram</strong></span> <span class='ocrx_word' id='word_1_566' title='bbox 1726 4858 2055 4913; x_wconf 86' lang='lat' dir='ltr'><strong>abstuleris?</strong></span> 
     </span>
    </p>
   </div>
   <div class='ocr_carea' id='block_1_83' title="bbox 842 4949 2335 5019">
    <p class='ocr_par' dir='ltr' id='par_1_83' title="bbox 842 4949 2335 5019">
     <span class='ocr_line' id='line_1_83' title="bbox 842 4949 2335 5019; baseline 0.005 -16"><span class='ocrx_word' id='word_1_567' title='bbox 842 4949 929 5004; x_wconf 77' lang='grc' dir='ltr'>ιν.</span> <span class='ocrx_word' id='word_1_568' title='bbox 963 4950 1248 5019; x_wconf 75' lang='lat' dir='ltr'><strong>Excipiens</strong></span> <span class='ocrx_word' id='word_1_569' title='bbox 1292 4966 1421 5006; x_wconf 82' lang='lat' dir='ltr'><strong>vero</strong></span> <span class='ocrx_word' id='word_1_570' title='bbox 1465 4949 1641 5003; x_wconf 86' lang='lat' dir='ltr'><strong>Sozon</strong></span> <span class='ocrx_word' id='word_1_571' title='bbox 1677 4971 1691 5005; x_wconf 90' lang='lat'><strong>:</strong></span> <span class='ocrx_word' id='word_1_572' title='bbox 1756 4952 1910 5018; x_wconf 85' lang='lat' dir='ltr'><strong>Quod</strong></span> <span class='ocrx_word' id='word_1_573' title='bbox 1969 4969 2075 5007; x_wconf 90' lang='lat' dir='ltr'><strong>non</strong></span> <span class='ocrx_word' id='word_1_574' title='bbox 2118 4956 2335 5012; x_wconf 82' lang='lat' dir='ltr'><strong>audacis</strong></span> 
     </span>
    </p>
   </div>
   <div class='ocr_carea' id='block_1_84' title="bbox 770 5040 2335 5115">
    <p class='ocr_par' dir='ltr' id='par_1_84' title="bbox 770 5040 2335 5115">
     <span class='ocr_line' id='line_1_84' title="bbox 770 5040 2335 5115; baseline 0.005 -23"><span class='ocrx_word' id='word_1_575' title='bbox 770 5040 985 5110; x_wconf 80' lang='lat' dir='ltr'><strong>quidem</strong></span> <span class='ocrx_word' id='word_1_576' title='bbox 1014 5044 1176 5110; x_wconf 72' lang='lat' dir='ltr'><strong>empti</strong></span> <span class='ocrx_word' id='word_1_577' title='bbox 1203 5044 1290 5105; x_wconf 88' lang='lat' dir='ltr'><strong>sit,</strong></span> <span class='ocrx_word' id='word_1_578' title='bbox 1346 5042 1491 5113; x_wconf 90' lang='lat' dir='ltr'><strong>quod</strong></span> <span class='ocrx_word' id='word_1_579' title='bbox 1523 5042 1724 5096; x_wconf 82' lang='lat' dir='ltr'><strong>factum</strong></span> <span class='ocrx_word' id='word_1_580' title='bbox 1765 5055 1867 5108; x_wconf 88' lang='lat' dir='ltr'><strong>est,</strong></span> <span class='ocrx_word' id='word_1_581' title='bbox 1906 5061 2083 5114; x_wconf 88' lang='lat' dir='ltr'><strong>neque</strong></span> <span class='ocrx_word' id='word_1_582' title='bbox 2131 5046 2181 5098; x_wconf 93' lang='lat' dir='ltr'><strong>id</strong></span> <span class='ocrx_word' id='word_1_583' title='bbox 2210 5063 2335 5115; x_wconf 81' lang='lat' dir='ltr'><strong>pec-</strong></span> 
     </span>
    </p>
   </div>
   <div class='ocr_carea' id='block_1_85' title="bbox 772 5133 2335 5206">
    <p class='ocr_par' dir='ltr' id='par_1_85' title="bbox 772 5133 2335 5206">
     <span class='ocr_line' id='line_1_85' title="bbox 772 5133 2335 5206; baseline 0.004 -19"><span class='ocrx_word' id='word_1_584' title='bbox 772 5142 892 5187; x_wconf 87' lang='lat' dir='ltr'><strong>cato</strong></span> <span class='ocrx_word' id='word_1_585' title='bbox 921 5133 1116 5188; x_wconf 88' lang='lat' dir='ltr'><strong>debeat</strong></span> <span class='ocrx_word' id='word_1_586' title='bbox 1143 5134 1415 5203; x_wconf 73' lang='lat' dir='ltr'><strong>imputari,</strong></span> <span class='ocrx_word' id='word_1_587' title='bbox 1455 5144 1577 5189; x_wconf 87' lang='lat' dir='ltr'><strong>tuus</strong></span> <span class='ocrx_word' id='word_1_588' title='bbox 1603 5150 1837 5205; x_wconf 84' lang='lat' dir='ltr'><strong>quoque.</strong></span> <span class='ocrx_word' id='word_1_589' title='bbox 1869 5144 1928 5189; x_wconf 93' lang='lat' dir='ltr'><strong>ut</strong></span> <span class='ocrx_word' id='word_1_590' title='bbox 1958 5138 2085 5189; x_wconf 80' lang='lat' dir='ltr'><strong>mihi</strong></span> <span class='ocrx_word' id='word_1_591' title='bbox 2118 5139 2335 5206; x_wconf 82' lang='lat' dir='ltr'><strong>quidem</strong></span> 
     </span>
    </p>
   </div>
   <div class='ocr_carea' id='block_1_86' title="bbox 775 5227 2337 5299">
    <p class='ocr_par' dir='ltr' id='par_1_86' title="bbox 775 5227 2337 5299">
     <span class='ocr_line' id='line_1_86' title="bbox 775 5227 2337 5299; baseline 0.001 -16"><span class='ocrx_word' id='word_1_592' title='bbox 775 5228 1008 5291; x_wconf 83' lang='lat' dir='ltr'><strong>videtur,</strong></span> <span class='ocrx_word' id='word_1_593' title='bbox 1049 5229 1185 5283; x_wconf 88' lang='lat' dir='ltr'><strong>deus</strong></span> <span class='ocrx_word' id='word_1_594' title='bbox 1216 5236 1467 5283; x_wconf 88' lang='lat' dir='ltr'><strong>testatur.</strong></span> <span class='ocrx_word' id='word_1_595' title='bbox 1508 5227 1693 5296; x_wconf 81' lang='lat' dir='ltr'><strong>Neque</strong></span> <span class='ocrx_word' id='word_1_596' title='bbox 1719 5230 1861 5282; x_wconf 91' lang='lat' dir='ltr'><strong>enim</strong></span> <span class='ocrx_word' id='word_1_597' title='bbox 1892 5243 2031 5299; x_wconf 65' lang='lat' dir='ltr'><strong>aegre</strong></span> <span class='ocrx_word' id='word_1_598' title='bbox 2066 5230 2192 5295; x_wconf 83' lang='lat' dir='ltr'><strong>fert,</strong></span> <span class='ocrx_word' id='word_1_599' title='bbox 2237 5246 2337 5285; x_wconf 90' lang='lat' dir='ltr'><strong>nec</strong></span> 
     </span>
    </p>
   </div>
   <div class='ocr_carea' id='block_1_87' title="bbox 776 5321 2336 5392">
    <p class='ocr_par' dir='ltr' id='par_1_87' title="bbox 776 5321 2336 5392">
     <span class='ocr_line' id='line_1_87' title="bbox 776 5321 2336 5392; baseline -0.001 -16"><span class='ocrx_word' id='word_1_600' title='bbox 776 5333 1033 5390; x_wconf 87' lang='lat' dir='ltr'><strong>tanquam</strong></span> <span class='ocrx_word' id='word_1_601' title='bbox 1061 5322 1256 5389; x_wconf 79' lang='lat' dir='ltr'><strong>injuria</strong></span> <span class='ocrx_word' id='word_1_602' title='bbox 1286 5321 1533 5385; x_wconf 82' lang='lat' dir='ltr'><strong>allectus,</strong></span> <span class='ocrx_word' id='word_1_603' title='bbox 1588 5338 1777 5391; x_wconf 85' lang='lat' dir='ltr'><strong>aspere</strong></span> <span class='ocrx_word' id='word_1_604' title='bbox 1804 5322 2102 5392; x_wconf 86' lang='lat' dir='ltr'><strong>quidquam</strong></span> <span class='ocrx_word' id='word_1_605' title='bbox 2160 5323 2336 5391; x_wconf 85' lang='lat' dir='ltr'><strong>loqui-</strong></span> 
     </span>
    </p>
   </div>
   <div class='ocr_carea' id='block_1_88' title="bbox 776 5414 2339 5483">
    <p class='ocr_par' dir='ltr' id='par_1_88' title="bbox 776 5414 2339 5483">
     <span class='ocr_line' id='line_1_88' title="bbox 776 5414 2339 5483; baseline -0.004 -11"><span class='ocrx_word' id='word_1_606' title='bbox 776 5427 893 5472; x_wconf 88' lang='lat' dir='ltr'><strong>tur..</strong></span> <span class='ocrx_word' id='word_1_607' title='bbox 923 5414 1077 5481; x_wconf 86' lang='lat' dir='ltr'><strong>Quod</strong></span> <span class='ocrx_word' id='word_1_608' title='bbox 1108 5414 1152 5466; x_wconf 90' lang='lat' dir='ltr'><strong>si</strong></span> <span class='ocrx_word' id='word_1_609' title='bbox 1182 5428 1282 5467; x_wconf 79' lang='lat' dir='ltr'><strong>vox</strong></span> <span class='ocrx_word' id='word_1_610' title='bbox 1312 5429 1529 5483; x_wconf 89' lang='lat' dir='ltr'><strong>quoque</strong></span> <span class='ocrx_word' id='word_1_611' title='bbox 1559 5414 1611 5466; x_wconf 89' lang='lat' dir='ltr'><strong>ei</strong></span> <span class='ocrx_word' id='word_1_612' title='bbox 1641 5414 1820 5482; x_wconf 85' lang='lat' dir='ltr'><strong>aliqua</strong></span> <span class='ocrx_word' id='word_1_613' title='bbox 1850 5414 2086 5476; x_wconf 83' lang='lat' dir='ltr'><strong>adesset,</strong></span> <span class='ocrx_word' id='word_1_614' title='bbox 2125 5416 2339 5467; x_wconf 78' lang='lat' dir='ltr'><strong>videtur</strong></span> 
     </span>
    </p>
   </div>
   <div class='ocr_carea' id='block_1_89' title="bbox 779 5508 2338 5579">
    <p class='ocr_par' dir='ltr' id='par_1_89' title="bbox 779 5508 2338 5579">
     <span class='ocr_line' id='line_1_89' title="bbox 779 5508 2338 5579; baseline -0.003 -17"><span class='ocrx_word' id='word_1_615' title='bbox 779 5510 909 5564; x_wconf 88' lang='lat' dir='ltr'><strong>mihi</strong></span> <span class='ocrx_word' id='word_1_616' title='bbox 942 5508 1122 5579; x_wconf 88' lang='lat' dir='ltr'><strong>potius</strong></span> <span class='ocrx_word' id='word_1_617' title='bbox 1152 5520 1249 5559; x_wconf 82' lang='lat' dir='ltr'><strong>vos</strong></span> <span class='ocrx_word' id='word_1_618' title='bbox 1281 5520 1401 5559; x_wconf 88' lang='lat' dir='ltr'><strong>esse</strong></span> <span class='ocrx_word' id='word_1_619' title='bbox 1431 5514 1883 5568; x_wconf 85' lang='lat' dir='ltr'><strong>accusaturus,ct</strong></span> <span class='ocrx_word' id='word_1_620' title='bbox 1912 5516 2098 5575; x_wconf 84' lang='lat' dir='ltr'><strong>aperte</strong></span> <span class='ocrx_word' id='word_1_621' title='bbox 2154 5519 2338 5572; x_wconf 88' lang='lat' dir='ltr'><strong>repre-</strong></span> 
     </span>
    </p>
   </div>
   <div class='ocr_carea' id='block_1_90' title="bbox 780 5594 2337 5669">
    <p class='ocr_par' dir='ltr' id='par_1_90' title="bbox 780 5594 2337 5669">
     <span class='ocr_line' id='line_1_90' title="bbox 780 5594 2337 5669; baseline -0.004 -13"><span class='ocrx_word' id='word_1_622' title='bbox 780 5604 1071 5663; x_wconf 76' lang='lat' dir='ltr'><strong>liensurus,</strong></span> <span class='ocrx_word' id='word_1_623' title='bbox 1114 5598 1256 5669; x_wconf 91' lang='lat' dir='ltr'><strong>quod</strong></span> <span class='ocrx_word' id='word_1_624' title='bbox 1284 5596 1469 5651; x_wconf 87' lang='lat' dir='ltr'><strong>relicto</strong></span> <span class='ocrx_word' id='word_1_625' title='bbox 1504 5598 1747 5653; x_wconf 89' lang='lat' dir='ltr'><strong>omnium</strong></span> <span class='ocrx_word' id='word_1_626' title='bbox 1780 5594 2004 5664; x_wconf 89' lang='lat' dir='ltr'><strong>Opilicc.</strong></span> <span class='ocrx_word' id='word_1_627' title='bbox 2048 5594 2337 5650; x_wconf 79' lang='lat' dir='ltr'><strong>inanimam</strong></span> 
     </span>
    </p>
   </div>
   <div class='ocr_carea' id='block_1_91' title="bbox 782 5689 2339 5763">
    <p class='ocr_par' dir='ltr' id='par_1_91' title="bbox 782 5689 2339 5763">
     <span class='ocr_line' id='line_1_91' title="bbox 782 5689 2339 5763; baseline -0.004 -16"><span class='ocrx_word' id='word_1_628' title='bbox 782 5691 1091 5763; x_wconf 69' lang='lat' dir='ltr'><strong>suapiciatis</strong></span> <span class='ocrx_word' id='word_1_629' title='bbox 1118 5689 1426 5749; x_wconf 87' lang='lat' dir='ltr'><strong>materiam,</strong></span> <span class='ocrx_word' id='word_1_630' title='bbox 1465 5701 1519 5742; x_wconf 89' lang='lat' dir='ltr'><strong>et</strong></span> <span class='ocrx_word' id='word_1_631' title='bbox 1545 5706 1665 5744; x_wconf 89' lang='lat' dir='ltr'><strong>eam</strong></span> <span class='ocrx_word' id='word_1_632' title='bbox 1697 5689 1855 5743; x_wconf 87' lang='lat' dir='ltr'><strong>deum</strong></span> <span class='ocrx_word' id='word_1_633' title='bbox 1896 5702 2017 5739; x_wconf 84' lang='lat' dir='ltr'><strong>esse.</strong></span> <span class='ocrx_word' id='word_1_634' title='bbox 2060 5689 2339 5741; x_wconf 80' lang='lat' dir='ltr'><strong>existime-</strong></span> 
     </span>
    </p>
   </div>
   <div class='ocr_carea' id='block_1_92' title="bbox 787 5778 2339 5848">
    <p class='ocr_par' dir='ltr' id='par_1_92' title="bbox 787 5778 2339 5848">
     <span class='ocr_line' id='line_1_92' title="bbox 787 5778 2339 5848; baseline -0.004 -9"><span class='ocrx_word' id='word_1_635' title='bbox 787 5786 874 5848; x_wconf 77' lang='lat' dir='ltr'><strong>tis,</strong></span> <span class='ocrx_word' id='word_1_636' title='bbox 908 5799 1005 5839; x_wconf 89' lang='lat' dir='ltr'><strong>vos</strong></span> <span class='ocrx_word' id='word_1_637' title='bbox 1032 5784 1085 5837; x_wconf 90' lang='lat' dir='ltr'><strong>in</strong></span> <span class='ocrx_word' id='word_1_638' title='bbox 1137 5783 1539 5837; x_wconf 85' lang='lat' dir='ltr'><strong>benefactorcm</strong></span> <span class='ocrx_word' id='word_1_639' title='bbox 1590 5780 1939 5835; x_wconf 87' lang='lat' dir='ltr'><strong>ostendentes</strong></span> <span class='ocrx_word' id='word_1_640' title='bbox 2003 5778 2243 5848; x_wconf 74' lang='lat' dir='ltr'><strong>ingratos</strong></span> <span class='ocrx_word' id='word_1_641' title='bbox 2286 5790 2339 5833; x_wconf 92' lang='lat' dir='ltr'><strong>et</strong></span> 
     </span>
    </p>
   </div>
   <div class='ocr_carea' id='block_1_93' title="bbox 784 5870 2325 5942">
    <p class='ocr_par' dir='ltr' id='par_1_93' title="bbox 784 5870 2325 5942">
     <span class='ocr_line' id='line_1_93' title="bbox 784 5870 2325 5942; baseline -0.007 -9"><span class='ocrx_word' id='word_1_642' title='bbox 784 5877 1149 5934; x_wconf 78' lang='lat' dir='ltr'><strong>immemores.</strong></span> <span class='ocrx_word' id='word_1_643' title='bbox 1192 5872 1297 5929; x_wconf 88' lang='lat' dir='ltr'><strong>Sed</strong></span> <span class='ocrx_word' id='word_1_644' title='bbox 1337 5874 1382 5931; x_wconf 82' lang='lat' dir='ltr'><strong>si</strong></span> <span class='ocrx_word' id='word_1_645' title='bbox 1415 5870 1514 5939; x_wconf 80' lang='lat' dir='ltr'><strong>vis,</strong></span> <span class='ocrx_word' id='word_1_646' title='bbox 1543 5872 1717 5941; x_wconf 87' lang='lat' dir='ltr'><strong>inquit</strong></span> <span class='ocrx_word' id='word_1_647' title='bbox 1752 5884 1967 5942; x_wconf 77' lang='lat' dir='ltr'><strong>praeses,</strong></span> <span class='ocrx_word' id='word_1_648' title='bbox 2008 5885 2114 5925; x_wconf 90' lang='lat' dir='ltr'><strong>non</strong></span> <span class='ocrx_word' id='word_1_649' title='bbox 2155 5872 2325 5928; x_wconf 80' lang='lat' dir='ltr'><strong>solum</strong></span> 
     </span>
    </p>
   </div>
   <div class='ocr_carea' id='block_1_94' title="bbox 2419 3286 3981 3359">
    <p class='ocr_par' dir='ltr' id='par_1_94' title="bbox 2419 3286 3981 3359">
     <span class='ocr_line' id='line_1_94' title="bbox 2419 3286 3981 3359; baseline 0.006 -22"><span class='ocrx_word' id='word_1_650' title='bbox 2419 3286 2478 3337; x_wconf 82' lang='grc' dir='ltr'>τὸ</span> <span class='ocrx_word' id='word_1_651' title='bbox 2509 3287 2729 3356; x_wconf 79' lang='grc' dir='ltr'>ἄγαλμα</span> <span class='ocrx_word' id='word_1_652' title='bbox 2777 3290 2979 3354; x_wconf 79' lang='grc' dir='ltr'>ἐκεῖνος</span> <span class='ocrx_word' id='word_1_653' title='bbox 3016 3291 3333 3359; x_wconf 72' lang='grc' dir='ltr'>ἐπιϐουλῆς.</span> <span class='ocrx_word' id='word_1_654' title='bbox 3382 3294 3467 3355; x_wconf 83' lang='grc' dir='ltr'>Ὠς</span> <span class='ocrx_word' id='word_1_655' title='bbox 3513 3292 3568 3344; x_wconf 83' lang='grc' dir='ltr'>δὲ</span> <span class='ocrx_word' id='word_1_656' title='bbox 3611 3293 3772 3345; x_wconf 71' lang='grc' dir='ltr'>τοῦτο</span> <span class='ocrx_word' id='word_1_657' title='bbox 3813 3292 3981 3357; x_wconf 72' lang='grc' dir='ltr'>εἶπεν,</span> 
     </span>
    </p>
   </div>
   <div class='ocr_carea' id='block_1_95' title="bbox 2422 3382 3981 3455">
    <p class='ocr_par' dir='ltr' id='par_1_95' title="bbox 2422 3382 3981 3455">
     <span class='ocr_line' id='line_1_95' title="bbox 2422 3382 3981 3455; baseline 0.007 -26"><span class='ocrx_word' id='word_1_658' title='bbox 2422 3383 2667 3446; x_wconf 74' lang='grc' dir='ltr'>ἀπήγετο</span> <span class='ocrx_word' id='word_1_659' title='bbox 2699 3382 2858 3443; x_wconf 73' lang='grc' dir='ltr'>εὐθὺς</span> <span class='ocrx_word' id='word_1_660' title='bbox 2887 3385 3020 3452; x_wconf 76' lang='grc' dir='ltr'>πρὸς</span> <span class='ocrx_word' id='word_1_661' title='bbox 3054 3384 3143 3434; x_wconf 72' lang='grc' dir='ltr'><strong>τὸν</strong></span> <span class='ocrx_word' id='word_1_662' title='bbox 3176 3384 3541 3452; x_wconf 76' lang='grc' dir='ltr'>Μαξιμιανόν.</span> <span class='ocrx_word' id='word_1_663' title='bbox 3579 3386 3689 3437; x_wconf 76' lang='grc' dir='ltr'><strong>Καὶ</strong></span> <span class='ocrx_word' id='word_1_664' title='bbox 3715 3388 3880 3449; x_wconf 65' lang='grc' dir='ltr'>αὐτὸς</span> <span class='ocrx_word' id='word_1_665' title='bbox 3902 3392 3981 3455; x_wconf 48' lang='grc' dir='ltr'><strong>ἐς*</strong></span> 
     </span>
    </p>
   </div>
   <div class='ocr_carea' id='block_1_96' title="bbox 2425 3469 3981 3545">
    <p class='ocr_par' dir='ltr' id='par_1_96' title="bbox 2425 3469 3981 3545">
     <span class='ocr_line' id='line_1_96' title="bbox 2425 3469 3981 3545; baseline 0.007 -26"><span class='ocrx_word' id='word_1_666' title='bbox 2425 3469 2629 3538; x_wconf 62' lang='grc' dir='ltr'>ὑψηλοῦ</span> <span class='ocrx_word' id='word_1_667' title='bbox 2662 3471 2899 3539; x_wconf 79' lang='grc' dir='ltr'>μάλιστα</span> <span class='ocrx_word' id='word_1_668' title='bbox 2929 3472 3021 3525; x_wconf 83' lang='grc' dir='ltr'>τοῦ</span> <span class='ocrx_word' id='word_1_669' title='bbox 3052 3472 3297 3542; x_wconf 79' lang='grc' dir='ltr'>βήματος</span> <span class='ocrx_word' id='word_1_670' title='bbox 3327 3475 3686 3545; x_wconf 77' lang='grc' dir='ltr'>προκαθίσας,</span> <span class='ocrx_word' id='word_1_671' title='bbox 3735 3478 3898 3530; x_wconf 73' lang='grc' dir='ltr'>αὐτόν</span> <span class='ocrx_word' id='word_1_672' title='bbox 3928 3496 3981 3531; x_wconf 77' lang='grc' dir='ltr'><strong>τε</strong></span> 
     </span>
    </p>
   </div>
   <div class='ocr_carea' id='block_1_97' title="bbox 2427 3562 3985 3639">
    <p class='ocr_par' dir='ltr' id='par_1_97' title="bbox 2427 3562 3985 3639">
     <span class='ocr_line' id='line_1_97' title="bbox 2427 3562 3985 3639; baseline 0.006 -27"><span class='ocrx_word' id='word_1_673' title='bbox 2427 3564 2914 3634; x_wconf 82' lang='grc' dir='ltr'>παραστησάμενος</span> <span class='ocrx_word' id='word_1_674' title='bbox 2969 3566 3062 3619; x_wconf 75' lang='grc' dir='ltr'><strong>καὶ</strong></span> <span class='ocrx_word' id='word_1_675' title='bbox 3099 3566 3173 3629; x_wconf 83' lang='grc' dir='ltr'>ὡς</span> <span class='ocrx_word' id='word_1_676' title='bbox 3217 3562 3325 3620; x_wconf 75' lang='grc' dir='ltr'>οἷόν</span> <span class='ocrx_word' id='word_1_677' title='bbox 3384 3584 3440 3619; x_wconf 88' lang='grc' dir='ltr'><strong>τε</strong></span> <span class='ocrx_word' id='word_1_678' title='bbox 3499 3568 3726 3638; x_wconf 62' lang='grc' dir='ltr'>σοϐαρδς</span> <span class='ocrx_word' id='word_1_679' title='bbox 3780 3572 3985 3639; x_wconf 73' lang='grc' dir='ltr'>ὀφθεὶς,</span> 
     </span>
    </p>
   </div>
   <div class='ocr_carea' id='block_1_98' title="bbox 2425 3655 3988 3730">
    <p class='ocr_par' dir='ltr' id='par_1_98' title="bbox 2425 3655 3988 3730">
     <span class='ocr_line' id='line_1_98' title="bbox 2425 3655 3988 3730; baseline 0.006 -27"><span class='ocrx_word' id='word_1_680' title='bbox 2425 3655 2616 3722; x_wconf 82' lang='grc' dir='ltr'>πρῶτα</span> <span class='ocrx_word' id='word_1_681' title='bbox 2644 3656 2741 3724; x_wconf 80' lang='grc' dir='ltr'>μὲν</span> <span class='ocrx_word' id='word_1_682' title='bbox 2766 3659 2861 3726; x_wconf 84' lang='grc' dir='ltr'>τὴν</span> <span class='ocrx_word' id='word_1_683' title='bbox 2889 3658 3098 3725; x_wconf 77' lang='grc' dir='ltr'>κλῆσιν,</span> <span class='ocrx_word' id='word_1_684' title='bbox 3127 3655 3243 3710; x_wconf 80' lang='grc' dir='ltr'>εἶτα</span> <span class='ocrx_word' id='word_1_685' title='bbox 3266 3661 3324 3717; x_wconf 79' lang='grc' dir='ltr'>τὸ</span> <span class='ocrx_word' id='word_1_686' title='bbox 3352 3659 3537 3725; x_wconf 74' lang='grc' dir='ltr'>σέϐας,</span> <span class='ocrx_word' id='word_1_687' title='bbox 3560 3661 3750 3712; x_wconf 81' lang='grc' dir='ltr'>ἔπειτα</span> <span class='ocrx_word' id='word_1_688' title='bbox 3776 3668 3869 3713; x_wconf 73' lang='grc' dir='ltr'>καὶ</span> <span class='ocrx_word' id='word_1_689' title='bbox 3898 3664 3988 3730; x_wconf 78' lang='grc' dir='ltr'>τὴν</span> 
     </span>
    </p>
   </div>
   <div class='ocr_carea' id='block_1_99' title="bbox 2426 3748 3990 3819">
    <p class='ocr_par' dir='ltr' id='par_1_99' title="bbox 2426 3748 3990 3819">
     <span class='ocr_line' id='line_1_99' title="bbox 2426 3748 3990 3819; baseline 0.004 -22"><span class='ocrx_word' id='word_1_690' title='bbox 2426 3748 2799 3815; x_wconf 80' lang='grc' dir='ltr'>ὲνεγκαμένην</span> <span class='ocrx_word' id='word_1_691' title='bbox 2833 3748 3182 3801; x_wconf 76' lang='grc' dir='ltr'>ἐπυνθάνετο.</span> <span class='ocrx_word' id='word_1_692' title='bbox 3248 3748 3307 3801; x_wconf 86' lang='lat'><strong>&#39;0</strong></span> <span class='ocrx_word' id='word_1_693' title='bbox 3345 3749 3399 3800; x_wconf 81' lang='grc' dir='ltr'>δὲ</span> <span class='ocrx_word' id='word_1_694' title='bbox 3424 3789 3437 3812; x_wconf 87' lang='grc'><strong>,</strong></span> <span class='ocrx_word' id='word_1_695' title='bbox 3480 3751 3553 3801; x_wconf 78' lang='grc' dir='ltr'>Τὸ</span> <span class='ocrx_word' id='word_1_696' title='bbox 3588 3752 3685 3819; x_wconf 80' lang='grc' dir='ltr'>μὲν</span> <span class='ocrx_word' id='word_1_697' title='bbox 3719 3756 3815 3818; x_wconf 75' lang='grc' dir='ltr'>τῆς</span> <span class='ocrx_word' id='word_1_698' title='bbox 3842 3756 3990 3819; x_wconf 83' lang='grc' dir='ltr'>γενέ-</span> 
     </span>
    </p>
   </div>
   <div class='ocr_carea' id='block_1_100' title="bbox 2430 3838 3992 3909">
    <p class='ocr_par' dir='ltr' id='par_1_100' title="bbox 2430 3838 3992 3909">
     <span class='ocr_line' id='line_1_100' title="bbox 2430 3838 3992 3909; baseline 0.004 -18"><span class='ocrx_word' id='word_1_699' title='bbox 2430 3856 2584 3904; x_wconf 79' lang='grc' dir='ltr'>σεως,</span> <span class='ocrx_word' id='word_1_700' title='bbox 2641 3838 2766 3909; x_wconf 82' lang='grc' dir='ltr'>ἐφη,</span> <span class='ocrx_word' id='word_1_701' title='bbox 2802 3840 3073 3908; x_wconf 82' lang='grc' dir='ltr'>Ταράσιον</span> <span class='ocrx_word' id='word_1_702' title='bbox 3108 3840 3155 3894; x_wconf 84' lang='lat' dir='ltr'><strong>ol</strong></span> <span class='ocrx_word' id='word_1_703' title='bbox 3210 3842 3457 3903; x_wconf 85' lang='grc' dir='ltr'>τεκόντες</span> <span class='ocrx_word' id='word_1_704' title='bbox 3494 3841 3707 3909; x_wconf 75' lang='grc' dir='ltr'>ἔθεσαν,</span> <span class='ocrx_word' id='word_1_705' title='bbox 3743 3844 3992 3904; x_wconf 71' lang='grc' dir='ltr'>Σὼξοντα</span> 
     </span>
    </p>
   </div>
   <div class='ocr_carea' id='block_1_101' title="bbox 2426 3931 3991 4005">
    <p class='ocr_par' dir='ltr' id='par_1_101' title="bbox 2426 3931 3991 4005">
     <span class='ocr_line' id='line_1_101' title="bbox 2426 3931 3991 4005; baseline 0.006 -21"><span class='ocrx_word' id='word_1_706' title='bbox 2426 3931 2481 3984; x_wconf 81' lang='grc' dir='ltr'>δέ</span> <span class='ocrx_word' id='word_1_707' title='bbox 2512 3948 2580 4001; x_wconf 85' lang='grc' dir='ltr'>με</span> <span class='ocrx_word' id='word_1_708' title='bbox 2611 3932 2685 4001; x_wconf 81' lang='grc' dir='ltr'>τῷ</span> <span class='ocrx_word' id='word_1_709' title='bbox 2711 3933 2840 4003; x_wconf 82' lang='grc' dir='ltr'>θείῳ</span> <span class='ocrx_word' id='word_1_710' title='bbox 2889 3932 3225 4004; x_wconf 81' lang='grc' dir='ltr'>βαπτίσματι</span> <span class='ocrx_word' id='word_1_711' title='bbox 3261 3937 3674 4005; x_wconf 80' lang='grc' dir='ltr'>μετωνόμασαν,</span> <span class='ocrx_word' id='word_1_712' title='bbox 3716 3940 3991 3993; x_wconf 63' lang='grc' dir='ltr'>Λυκαονία</span> 
     </span>
    </p>
   </div>
   <div class='ocr_carea' id='block_1_102' title="bbox 2426 4021 3993 4095">
    <p class='ocr_par' dir='ltr' id='par_1_102' title="bbox 2426 4021 3993 4095">
     <span class='ocr_line' id='line_1_102' title="bbox 2426 4021 3993 4095; baseline 0.005 -22"><span class='ocrx_word' id='word_1_713' title='bbox 2426 4021 2481 4073; x_wconf 87' lang='grc' dir='ltr'><strong>δέ</strong></span> <span class='ocrx_word' id='word_1_714' title='bbox 2513 4037 2603 4088; x_wconf 90' lang='grc' dir='ltr'><strong>μοι</strong></span> <span class='ocrx_word' id='word_1_715' title='bbox 2633 4024 2853 4089; x_wconf 70' lang='grc' dir='ltr'>πατρὶς,</span> <span class='ocrx_word' id='word_1_716' title='bbox 2880 4022 3019 4091; x_wconf 72' lang='grc' dir='ltr'>αὕτη</span> <span class='ocrx_word' id='word_1_717' title='bbox 3053 4024 3159 4091; x_wconf 83' lang='grc' dir='ltr'>γάρ</span> <span class='ocrx_word' id='word_1_718' title='bbox 3185 4042 3251 4091; x_wconf 89' lang='grc' dir='ltr'>με</span> <span class='ocrx_word' id='word_1_719' title='bbox 3281 4026 3373 4075; x_wconf 66' lang='grc' dir='ltr'>καὶ</span> <span class='ocrx_word' id='word_1_720' title='bbox 3404 4027 3599 4092; x_wconf 72' lang='grc' dir='ltr'>ἤνεγκε</span> <span class='ocrx_word' id='word_1_721' title='bbox 3622 4044 3635 4056; x_wconf 86' lang='grc'><strong>·</strong></span> <span class='ocrx_word' id='word_1_722' title='bbox 3669 4029 3993 4095; x_wconf 70' lang='grc' dir='ltr'>Χριστιανὸς</span> 
     </span>
    </p>
   </div>
   <div class='ocr_carea' id='block_1_103' title="bbox 2426 4112 3991 4187">
    <p class='ocr_par' dir='ltr' id='par_1_103' title="bbox 2426 4112 3991 4187">
     <span class='ocr_line' id='line_1_103' title="bbox 2426 4112 3991 4187; baseline 0.005 -22"><span class='ocrx_word' id='word_1_723' title='bbox 2426 4112 2482 4165; x_wconf 72' lang='grc' dir='ltr'>δέ</span> <span class='ocrx_word' id='word_1_724' title='bbox 2515 4114 2651 4182; x_wconf 87' lang='grc' dir='ltr'>είμι,</span> <span class='ocrx_word' id='word_1_725' title='bbox 2688 4114 2922 4182; x_wconf 78' lang='grc' dir='ltr'>Χριστὸν</span> <span class='ocrx_word' id='word_1_726' title='bbox 2956 4115 3120 4185; x_wconf 80' lang='grc' dir='ltr'>μόνον</span> <span class='ocrx_word' id='word_1_727' title='bbox 3147 4115 3236 4168; x_wconf 77' lang='grc' dir='ltr'>τὸν</span> <span class='ocrx_word' id='word_1_728' title='bbox 3273 4116 3445 4187; x_wconf 80' lang='grc' dir='ltr'>ἀληθῆ</span> <span class='ocrx_word' id='word_1_729' title='bbox 3482 4118 3615 4170; x_wconf 76' lang='grc' dir='ltr'>θεὸν</span> <span class='ocrx_word' id='word_1_730' title='bbox 3651 4123 3991 4186; x_wconf 80' lang='grc' dir='ltr'>προσκυνῶν,</span> 
     </span>
    </p>
   </div>
   <div class='ocr_carea' id='block_1_104' title="bbox 2428 4204 3993 4283">
    <p class='ocr_par' dir='ltr' id='par_1_104' title="bbox 2428 4204 3993 4283">
     <span class='ocr_line' id='line_1_104' title="bbox 2428 4204 3993 4283; baseline 0.008 -28"><span class='ocrx_word' id='word_1_731' title='bbox 2428 4204 2483 4266; x_wconf 80' lang='grc' dir='ltr'>ὃς</span> <span class='ocrx_word' id='word_1_732' title='bbox 2517 4206 2697 4258; x_wconf 76' lang='grc' dir='ltr'>ἔκτισε</span> <span class='ocrx_word' id='word_1_733' title='bbox 2726 4206 2816 4260; x_wconf 79' lang='grc' dir='ltr'>τὸν</span> <span class='ocrx_word' id='word_1_734' title='bbox 2843 4207 3075 4277; x_wconf 82' lang='grc' dir='ltr'>οὐρανὸν</span> <span class='ocrx_word' id='word_1_735' title='bbox 3105 4211 3197 4261; x_wconf 74' lang='grc' dir='ltr'><strong>καὶ</strong></span> <span class='ocrx_word' id='word_1_736' title='bbox 3216 4208 3315 4279; x_wconf 79' lang='grc' dir='ltr'>τὴν</span> <span class='ocrx_word' id='word_1_737' title='bbox 3336 4211 3459 4277; x_wconf 81' lang='grc' dir='ltr'>γῆν.</span> <span class='ocrx_word' id='word_1_738' title='bbox 3484 4210 3578 4273; x_wconf 87' lang='grc' dir='ltr'>Τίς</span> <span class='ocrx_word' id='word_1_739' title='bbox 3603 4211 3658 4264; x_wconf 78' lang='grc' dir='ltr'>δὲ</span> <span class='ocrx_word' id='word_1_740' title='bbox 3681 4211 3788 4281; x_wconf 76' lang='grc' dir='ltr'>ἄρα</span> <span class='ocrx_word' id='word_1_741' title='bbox 3821 4216 3993 4283; x_wconf 80' lang='grc' dir='ltr'>χρεία,</span> 
     </span>
    </p>
   </div>
   <div class='ocr_carea' id='block_1_105' title="bbox 2428 4296 3992 4375">
    <p class='ocr_par' dir='ltr' id='par_1_105' title="bbox 2428 4296 3992 4375">
     <span class='ocr_line' id='line_1_105' title="bbox 2428 4296 3992 4375; baseline 0.006 -26"><span class='ocrx_word' id='word_1_742' title='bbox 2428 4296 2771 4361; x_wconf 72' lang='grc' dir='ltr'>Μαξιμιανδς</span> <span class='ocrx_word' id='word_1_743' title='bbox 2794 4299 2921 4365; x_wconf 78' lang='grc' dir='ltr'>ἔφη,</span> <span class='ocrx_word' id='word_1_744' title='bbox 2954 4298 3191 4349; x_wconf 70' lang='grc' dir='ltr'>ἐνταῦθά</span> <span class='ocrx_word' id='word_1_745' title='bbox 3216 4317 3271 4350; x_wconf 90' lang='grc' dir='ltr'>σε</span> <span class='ocrx_word' id='word_1_746' title='bbox 3301 4303 3509 4369; x_wconf 72' lang='grc' dir='ltr'>ἧγαγες</span> <span class='ocrx_word' id='word_1_747' title='bbox 3541 4304 3807 4371; x_wconf 76' lang='grc' dir='ltr'>ιΙοίμνης,</span> <span class='ocrx_word' id='word_1_748' title='bbox 3844 4310 3992 4375; x_wconf 75' lang='grc' dir='ltr'>φησὶ,</span> 
     </span>
    </p>
   </div>
   <div class='ocr_carea' id='block_1_106' title="bbox 2432 4387 3997 4466">
    <p class='ocr_par' dir='ltr' id='par_1_106' title="bbox 2432 4387 3997 4466">
     <span class='ocr_line' id='line_1_106' title="bbox 2432 4387 3997 4466; baseline 0.006 -27"><span class='ocrx_word' id='word_1_749' title='bbox 2432 4387 2739 4457; x_wconf 70' lang='grc' dir='ltr'>προϐάτιον,</span> <span class='ocrx_word' id='word_1_750' title='bbox 2761 4388 2788 4439; x_wconf 77' lang='grc'>6</span> <span class='ocrx_word' id='word_1_751' title='bbox 2816 4387 3028 4456; x_wconf 75' lang='grc' dir='ltr'>Σώζων,</span> <span class='ocrx_word' id='word_1_752' title='bbox 3049 4390 3403 4459; x_wconf 77' lang='grc' dir='ltr'>προΐσταμαι,</span> <span class='ocrx_word' id='word_1_753' title='bbox 3435 4392 3524 4443; x_wconf 69' lang='grc' dir='ltr'><strong>καὶ</strong></span> <span class='ocrx_word' id='word_1_754' title='bbox 3548 4392 3689 4463; x_wconf 76' lang='grc' dir='ltr'>ἅπερ</span> <span class='ocrx_word' id='word_1_755' title='bbox 3714 4394 3778 4446; x_wconf 82' lang='grc' dir='ltr'>ἂν</span> <span class='ocrx_word' id='word_1_756' title='bbox 3803 4397 3997 4466; x_wconf 73' lang='grc' dir='ltr'>εὐανθῆ</span> 
     </span>
    </p>
   </div>
   <div class='ocr_carea' id='block_1_107' title="bbox 2434 4478 4000 4556">
    <p class='ocr_par' dir='ltr' id='par_1_107' title="bbox 2434 4478 4000 4556">
     <span class='ocr_line' id='line_1_107' title="bbox 2434 4478 4000 4556; baseline 0.008 -27"><span class='ocrx_word' id='word_1_757' title='bbox 2434 4478 2542 4529; x_wconf 81' lang='grc' dir='ltr'>τῶν</span> <span class='ocrx_word' id='word_1_758' title='bbox 2573 4480 2808 4548; x_wconf 82' lang='grc' dir='ltr'>χωρίων,</span> <span class='ocrx_word' id='word_1_759' title='bbox 2834 4482 2927 4532; x_wconf 80' lang='grc' dir='ltr'>καὶ</span> <span class='ocrx_word' id='word_1_760' title='bbox 2956 4480 3172 4552; x_wconf 79' lang='grc' dir='ltr'>ἔνυδρα,</span> <span class='ocrx_word' id='word_1_761' title='bbox 3198 4488 3291 4535; x_wconf 80' lang='grc' dir='ltr'>καὶ</span> <span class='ocrx_word' id='word_1_762' title='bbox 3321 4484 3541 4553; x_wconf 73' lang='grc' dir='ltr'>χλοερὸν</span> <span class='ocrx_word' id='word_1_763' title='bbox 3565 4486 3644 4548; x_wconf 85' lang='grc' dir='ltr'><strong>εἰς</strong></span> <span class='ocrx_word' id='word_1_764' title='bbox 3674 4490 3849 4556; x_wconf 77' lang='grc' dir='ltr'>νομὴν</span> <span class='ocrx_word' id='word_1_765' title='bbox 3877 4490 4000 4541; x_wconf 75' lang='grc' dir='ltr'>θάλ-</span> 
     </span>
    </p>
   </div>
   <div class='ocr_carea' id='block_1_108' title="bbox 2434 4569 3997 4649">
    <p class='ocr_par' dir='ltr' id='par_1_108' title="bbox 2434 4569 3997 4649">
     <span class='ocr_line' id='line_1_108' title="bbox 2434 4569 3997 4649; baseline 0.008 -26"><span class='ocrx_word' id='word_1_766' title='bbox 2434 4572 2593 4627; x_wconf 64' lang='grc' dir='ltr'>λοντα</span> <span class='ocrx_word' id='word_1_767' title='bbox 2629 4574 2874 4640; x_wconf 77' lang='grc' dir='ltr'>δείξωσιν</span> <span class='ocrx_word' id='word_1_768' title='bbox 2925 4577 2978 4628; x_wconf 79' lang='lat' dir='ltr'><strong>al</strong></span> <span class='ocrx_word' id='word_1_769' title='bbox 3009 4569 3169 4646; x_wconf 80' lang='grc' dir='ltr'>ὧραι,</span> <span class='ocrx_word' id='word_1_770' title='bbox 3204 4578 3382 4629; x_wconf 78' lang='grc' dir='ltr'>ἐκεῖσε</span> <span class='ocrx_word' id='word_1_771' title='bbox 3415 4577 3477 4647; x_wconf 77' lang='grc' dir='ltr'>δὴ</span> <span class='ocrx_word' id='word_1_772' title='bbox 3516 4578 3609 4631; x_wconf 78' lang='grc' dir='ltr'><strong>καὶ</strong></span> <span class='ocrx_word' id='word_1_773' title='bbox 3647 4580 3713 4631; x_wconf 70' lang='grc' dir='ltr'><strong>τὰ</strong></span> <span class='ocrx_word' id='word_1_774' title='bbox 3754 4582 3997 4649; x_wconf 74' lang='grc' dir='ltr'>πρόϐατα</span> 
     </span>
    </p>
   </div>
   <div class='ocr_carea' id='block_1_109' title="bbox 2435 4667 3997 4741">
    <p class='ocr_par' dir='ltr' id='par_1_109' title="bbox 2435 4667 3997 4741">
     <span class='ocr_line' id='line_1_109' title="bbox 2435 4667 3997 4741; baseline 0.005 -22"><span class='ocrx_word' id='word_1_775' title='bbox 2435 4668 2751 4720; x_wconf 73' lang='grc' dir='ltr'>είδελαύνω.</span> <span class='ocrx_word' id='word_1_776' title='bbox 2782 4667 2949 4733; x_wconf 79' lang='grc' dir='ltr'>Εἶτα,</span> <span class='ocrx_word' id='word_1_777' title='bbox 3012 4672 3115 4721; x_wconf 73' lang='grc' dir='ltr'><strong>Καὶ</strong></span> <span class='ocrx_word' id='word_1_778' title='bbox 3149 4672 3264 4733; x_wconf 77' lang='grc' dir='ltr'>πῶς</span> <span class='ocrx_word' id='word_1_779' title='bbox 3295 4672 3423 4741; x_wconf 83' lang='grc' dir='ltr'>ἄρα,</span> <span class='ocrx_word' id='word_1_780' title='bbox 3459 4673 3592 4739; x_wconf 76' lang='grc' dir='ltr'>φησὶ</span> <span class='ocrx_word' id='word_1_781' title='bbox 3632 4674 3997 4739; x_wconf 76' lang='grc' dir='ltr'>Μαξεμιανὸς,</span> 
     </span>
    </p>
   </div>
   <div class='ocr_carea' id='block_1_110' title="bbox 2437 4760 4000 4834">
    <p class='ocr_par' dir='ltr' id='par_1_110' title="bbox 2437 4760 4000 4834">
     <span class='ocr_line' id='line_1_110' title="bbox 2437 4760 4000 4834; baseline 0.003 -22"><span class='ocrx_word' id='word_1_782' title='bbox 2437 4761 2515 4822; x_wconf 83' lang='grc' dir='ltr'><strong>είς</strong></span> <span class='ocrx_word' id='word_1_783' title='bbox 2549 4760 2705 4811; x_wconf 80' lang='grc' dir='ltr'>τοῦτο</span> <span class='ocrx_word' id='word_1_784' title='bbox 2733 4760 2935 4828; x_wconf 81' lang='grc' dir='ltr'>τόλμης</span> <span class='ocrx_word' id='word_1_785' title='bbox 2965 4762 3271 4828; x_wconf 76' lang='grc' dir='ltr'>είλήλυθας,</span> <span class='ocrx_word' id='word_1_786' title='bbox 3303 4764 3379 4827; x_wconf 82' lang='grc' dir='ltr'>ὡς</span> <span class='ocrx_word' id='word_1_787' title='bbox 3415 4763 3508 4814; x_wconf 78' lang='grc' dir='ltr'>καὶ</span> <span class='ocrx_word' id='word_1_788' title='bbox 3565 4765 3662 4831; x_wconf 81' lang='grc' dir='ltr'>τὴν</span> <span class='ocrx_word' id='word_1_789' title='bbox 3691 4765 3872 4830; x_wconf 76' lang='grc' dir='ltr'>δεξιὰν</span> <span class='ocrx_word' id='word_1_790' title='bbox 3900 4768 4000 4834; x_wconf 56' lang='lat' dir='ltr'><strong>de.</strong></span> 
     </span>
    </p>
   </div>
   <div class='ocr_carea' id='block_1_111' title="bbox 2437 4849 2887 4915">
    <p class='ocr_par' dir='ltr' id='par_1_111' title="bbox 2437 4849 2887 4915">
     <span class='ocr_line' id='line_1_111' title="bbox 2437 4849 2887 4915; baseline -0.004 -12"><span class='ocrx_word' id='word_1_791' title='bbox 2437 4850 2579 4904; x_wconf 88' lang='grc' dir='ltr'>ελεῖν</span> <span class='ocrx_word' id='word_1_792' title='bbox 2611 4849 2705 4903; x_wconf 79' lang='grc' dir='ltr'>τοῦ</span> <span class='ocrx_word' id='word_1_793' title='bbox 2732 4849 2855 4903; x_wconf 79' lang='grc' dir='ltr'>θεοῦ</span> <span class='ocrx_word' id='word_1_794' title='bbox 2874 4868 2887 4915; x_wconf 87' lang='grc'>;</span> 
     </span>
    </p>
   </div>
   <div class='ocr_carea' id='block_1_112' title="bbox 2506 4940 3998 5011">
    <p class='ocr_par' dir='ltr' id='par_1_112' title="bbox 2506 4940 3998 5011">
     <span class='ocr_line' id='line_1_112' title="bbox 2506 4940 3998 5011; baseline 0.005 -17"><span class='ocrx_word' id='word_1_795' title='bbox 2506 4941 2579 4998; x_wconf 85' lang='grc' dir='ltr'><strong>Δ’.</strong></span> <span class='ocrx_word' id='word_1_796' title='bbox 2622 4942 2940 4995; x_wconf 79' lang='grc' dir='ltr'>’Υπολαὸὼν</span> <span class='ocrx_word' id='word_1_797' title='bbox 2964 4941 3140 4995; x_wconf 87' lang='grc' dir='ltr'>τοίνυν</span> <span class='ocrx_word' id='word_1_798' title='bbox 3165 4942 3192 4995; x_wconf 85' lang='grc' dir='ltr'>ὁ</span> <span class='ocrx_word' id='word_1_799' title='bbox 3218 4940 3412 5006; x_wconf 77' lang='grc' dir='ltr'>Σὼζων</span> <span class='ocrx_word' id='word_1_800' title='bbox 3431 4959 3444 4974; x_wconf 90' lang='grc'><strong>·</strong></span> <span class='ocrx_word' id='word_1_801' title='bbox 3472 4942 3597 4996; x_wconf 84' lang='grc' dir='ltr'><strong>Ὀτι</strong></span> <span class='ocrx_word' id='word_1_802' title='bbox 3631 4943 3729 5011; x_wconf 75' lang='grc' dir='ltr'>μὲν</span> <span class='ocrx_word' id='word_1_803' title='bbox 3756 4947 3859 5000; x_wconf 75' lang='grc' dir='ltr'><strong>οὐκ</strong></span> <span class='ocrx_word' id='word_1_804' title='bbox 3890 4948 3998 5001; x_wconf 79' lang='grc' dir='ltr'>ἔστι</span> 
     </span>
    </p>
   </div>
   <div class='ocr_carea' id='block_1_113' title="bbox 2436 5036 4001 5109">
    <p class='ocr_par' dir='ltr' id='par_1_113' title="bbox 2436 5036 4001 5109">
     <span class='ocr_line' id='line_1_113' title="bbox 2436 5036 4001 5109; baseline 0.003 -20"><span class='ocrx_word' id='word_1_805' title='bbox 2436 5041 2637 5109; x_wconf 77' lang='grc' dir='ltr'>τόλμης</span> <span class='ocrx_word' id='word_1_806' title='bbox 2674 5037 2733 5089; x_wconf 80' lang='grc' dir='ltr'>τὸ</span> <span class='ocrx_word' id='word_1_807' title='bbox 2764 5038 3150 5109; x_wconf 85' lang='grc' dir='ltr'>γεγενημένον,</span> <span class='ocrx_word' id='word_1_808' title='bbox 3184 5036 3310 5105; x_wconf 77' lang='grc' dir='ltr'>ἔφη,</span> <span class='ocrx_word' id='word_1_809' title='bbox 3351 5036 3458 5089; x_wconf 74' lang='grc' dir='ltr'>οὐδ’</span> <span class='ocrx_word' id='word_1_810' title='bbox 3503 5040 3561 5091; x_wconf 76' lang='grc' dir='ltr'>ἐν</span> <span class='ocrx_word' id='word_1_811' title='bbox 3607 5038 4001 5107; x_wconf 74' lang='grc' dir='ltr'>ἁμαρτήματος</span> 
     </span>
    </p>
   </div>
   <div class='ocr_carea' id='block_1_114' title="bbox 2436 5128 3999 5203">
    <p class='ocr_par' dir='ltr' id='par_1_114' title="bbox 2436 5128 3999 5203">
     <span class='ocr_line' id='line_1_114' title="bbox 2436 5128 3999 5203; baseline -0.001 -18"><span class='ocrx_word' id='word_1_812' title='bbox 2436 5134 2577 5203; x_wconf 80' lang='grc' dir='ltr'>λόγῳ</span> <span class='ocrx_word' id='word_1_813' title='bbox 2613 5134 2756 5185; x_wconf 84' lang='grc' dir='ltr'>θεῖτο</span> <span class='ocrx_word' id='word_1_814' title='bbox 2811 5131 2876 5185; x_wconf 78' lang='grc' dir='ltr'>ἄν</span> <span class='ocrx_word' id='word_1_815' title='bbox 2920 5150 3004 5194; x_wconf 82' lang='grc' dir='ltr'><strong>τις</strong></span> <span class='ocrx_word' id='word_1_816' title='bbox 3052 5129 3202 5193; x_wconf 82' lang='grc' dir='ltr'>αὐτὸ,</span> <span class='ocrx_word' id='word_1_817' title='bbox 3238 5130 3332 5182; x_wconf 75' lang='grc' dir='ltr'><strong>καὶ</strong></span> <span class='ocrx_word' id='word_1_818' title='bbox 3366 5131 3392 5181; x_wconf 87' lang='grc' dir='ltr'><strong>ό</strong></span> <span class='ocrx_word' id='word_1_819' title='bbox 3443 5128 3555 5199; x_wconf 80' lang='grc' dir='ltr'>σὸς,</span> <span class='ocrx_word' id='word_1_820' title='bbox 3604 5129 3792 5197; x_wconf 81' lang='grc' dir='ltr'>ἔμοιγε</span> <span class='ocrx_word' id='word_1_821' title='bbox 3841 5130 3999 5195; x_wconf 83' lang='grc' dir='ltr'>δοκεῖ,</span> 
     </span>
    </p>
   </div>
   <div class='ocr_carea' id='block_1_115' title="bbox 2440 5219 4001 5301">
    <p class='ocr_par' dir='ltr' id='par_1_115' title="bbox 2440 5219 4001 5301">
     <span class='ocr_line' id='line_1_115' title="bbox 2440 5219 4001 5301; baseline -0.008 -20"><span class='ocrx_word' id='word_1_822' title='bbox 2440 5231 2559 5291; x_wconf 79' lang='grc' dir='ltr'>θεὸς</span> <span class='ocrx_word' id='word_1_823' title='bbox 2612 5227 2897 5296; x_wconf 88' lang='grc' dir='ltr'>μαρτυρεῖ.</span> <span class='ocrx_word' id='word_1_824' title='bbox 2938 5222 3075 5275; x_wconf 75' lang='grc' dir='ltr'>Οΰτε</span> <span class='ocrx_word' id='word_1_825' title='bbox 3126 5220 3236 5301; x_wconf 83' lang='grc' dir='ltr'>γὰρ</span> <span class='ocrx_word' id='word_1_826' title='bbox 3286 5224 3526 5293; x_wconf 80' lang='grc' dir='ltr'>νεμεσᾷ,</span> <span class='ocrx_word' id='word_1_827' title='bbox 3570 5219 3682 5273; x_wconf 69' lang='grc' dir='ltr'>οὗθ’</span> <span class='ocrx_word' id='word_1_828' title='bbox 3721 5219 3800 5284; x_wconf 80' lang='grc' dir='ltr'><strong>ὡς</strong></span> <span class='ocrx_word' id='word_1_829' title='bbox 3852 5241 4001 5292; x_wconf 82' lang='grc' dir='ltr'>περι-</span> 
     </span>
    </p>
   </div>
   <div class='ocr_carea' id='block_1_116' title="bbox 2442 5314 4004 5393">
    <p class='ocr_par' dir='ltr' id='par_1_116' title="bbox 2442 5314 4004 5393">
     <span class='ocr_line' id='line_1_116' title="bbox 2442 5314 4004 5393; baseline -0.009 -16"><span class='ocrx_word' id='word_1_830' title='bbox 2442 5320 2767 5393; x_wconf 74' lang='grc' dir='ltr'>υϐρισμένος</span> <span class='ocrx_word' id='word_1_831' title='bbox 2790 5316 2962 5369; x_wconf 74' lang='grc' dir='ltr'>δεινὸν</span> <span class='ocrx_word' id='word_1_832' title='bbox 3004 5314 3140 5376; x_wconf 82' lang='grc' dir='ltr'>ὅλως</span> <span class='ocrx_word' id='word_1_833' title='bbox 3186 5314 3519 5383; x_wconf 75' lang='grc' dir='ltr'>φθέγγεταιο</span> <span class='ocrx_word' id='word_1_834' title='bbox 3558 5315 3605 5365; x_wconf 88' lang='grc' dir='ltr'><strong>εί</strong></span> <span class='ocrx_word' id='word_1_835' title='bbox 3629 5314 3686 5365; x_wconf 80' lang='grc' dir='ltr'>δέ</span> <span class='ocrx_word' id='word_1_836' title='bbox 3715 5331 3862 5378; x_wconf 88' lang='grc' dir='ltr'>τινος</span> <span class='ocrx_word' id='word_1_837' title='bbox 3903 5318 4004 5386; x_wconf 74' lang='grc' dir='ltr'>ἄρα</span> 
     </span>
    </p>
   </div>
   <div class='ocr_carea' id='block_1_117' title="bbox 2440 5402 4004 5479">
    <p class='ocr_par' dir='ltr' id='par_1_117' title="bbox 2440 5402 4004 5479">
     <span class='ocr_line' id='line_1_117' title="bbox 2440 5402 4004 5479; baseline -0.006 -16"><span class='ocrx_word' id='word_1_838' title='bbox 2440 5414 2532 5463; x_wconf 68' lang='grc' dir='ltr'>καὶ</span> <span class='ocrx_word' id='word_1_839' title='bbox 2572 5407 2753 5479; x_wconf 71' lang='grc' dir='ltr'>φωνῆς</span> <span class='ocrx_word' id='word_1_840' title='bbox 2785 5407 3130 5475; x_wconf 79' lang='grc' dir='ltr'>εὐπορήσειε,</span> <span class='ocrx_word' id='word_1_841' title='bbox 3189 5404 3341 5455; x_wconf 81' lang='grc' dir='ltr'>δοκεῖ</span> <span class='ocrx_word' id='word_1_842' title='bbox 3396 5420 3486 5471; x_wconf 89' lang='grc' dir='ltr'><strong>μοι</strong></span> <span class='ocrx_word' id='word_1_843' title='bbox 3545 5402 3745 5472; x_wconf 84' lang='grc' dir='ltr'>μᾶλλον</span> <span class='ocrx_word' id='word_1_844' title='bbox 3778 5405 3845 5457; x_wconf 79' lang='grc' dir='ltr'>ἂν</span> <span class='ocrx_word' id='word_1_845' title='bbox 3884 5407 4004 5474; x_wconf 80' lang='grc' dir='ltr'>ὑμῖν</span> 
     </span>
    </p>
   </div>
   <div class='ocr_carea' id='block_1_118' title="bbox 2440 5492 4004 5566">
    <p class='ocr_par' dir='ltr' id='par_1_118' title="bbox 2440 5492 4004 5566">
     <span class='ocr_line' id='line_1_118' title="bbox 2440 5492 4004 5566; baseline -0.004 -9"><span class='ocrx_word' id='word_1_846' title='bbox 2440 5503 2599 5564; x_wconf 74' lang='grc' dir='ltr'>αὐτὸς</span> <span class='ocrx_word' id='word_1_847' title='bbox 2632 5497 2924 5566; x_wconf 66' lang='grc' dir='ltr'>ἐγκαλέσαι</span> <span class='ocrx_word' id='word_1_848' title='bbox 2973 5498 3061 5549; x_wconf 68' lang='grc' dir='ltr'><strong>καὶ</strong></span> <span class='ocrx_word' id='word_1_849' title='bbox 3109 5494 3359 5561; x_wconf 81' lang='grc' dir='ltr'>φανερῶς</span> <span class='ocrx_word' id='word_1_850' title='bbox 3408 5492 3750 5565; x_wconf 63' lang='grc' dir='ltr'>μέμψασθαι,</span> <span class='ocrx_word' id='word_1_851' title='bbox 3798 5498 3881 5549; x_wconf 83' lang='grc' dir='ltr'>ὃτι</span> <span class='ocrx_word' id='word_1_852' title='bbox 3921 5498 4004 5552; x_wconf 73' lang='grc' dir='ltr'>τὸν</span> 
     </span>
    </p>
   </div>
   <div class='ocr_carea' id='block_1_119' title="bbox 2444 5584 4006 5659">
    <p class='ocr_par' dir='ltr' id='par_1_119' title="bbox 2444 5584 4006 5659">
     <span class='ocr_line' id='line_1_119' title="bbox 2444 5584 4006 5659; baseline -0.004 -17"><span class='ocrx_word' id='word_1_853' title='bbox 2444 5588 2783 5659; x_wconf 81' lang='grc' dir='ltr'>Δημιουργδν</span> <span class='ocrx_word' id='word_1_854' title='bbox 2837 5587 2947 5637; x_wconf 84' lang='grc' dir='ltr'><strong>τῶν</strong></span> <span class='ocrx_word' id='word_1_855' title='bbox 2999 5586 3134 5637; x_wconf 77' lang='grc' dir='ltr'>ὅλων</span> <span class='ocrx_word' id='word_1_856' title='bbox 3169 5584 3400 5652; x_wconf 76' lang='grc' dir='ltr'>ἀφέντες</span> <span class='ocrx_word' id='word_1_857' title='bbox 3458 5586 3592 5656; x_wconf 84' lang='grc' dir='ltr'>πρὸς</span> <span class='ocrx_word' id='word_1_858' title='bbox 3647 5588 3747 5654; x_wconf 80' lang='grc' dir='ltr'>τὴν</span> <span class='ocrx_word' id='word_1_859' title='bbox 3807 5588 4006 5655; x_wconf 63' lang='grc' dir='ltr'>ἄψυχον</span> 
     </span>
    </p>
   </div>
   <div class='ocr_carea' id='block_1_120' title="bbox 2445 5674 4007 5751">
    <p class='ocr_par' dir='ltr' id='par_1_120' title="bbox 2445 5674 4007 5751">
     <span class='ocr_line' id='line_1_120' title="bbox 2445 5674 4007 5751; baseline -0.006 -18"><span class='ocrx_word' id='word_1_860' title='bbox 2445 5681 2577 5751; x_wconf 76' lang='grc' dir='ltr'>ὓλην</span> <span class='ocrx_word' id='word_1_861' title='bbox 2615 5679 2903 5745; x_wconf 72' lang='grc' dir='ltr'>ἑπτόησθε,</span> <span class='ocrx_word' id='word_1_862' title='bbox 2938 5679 3029 5731; x_wconf 72' lang='grc' dir='ltr'>καὶ</span> <span class='ocrx_word' id='word_1_863' title='bbox 3059 5674 3259 5744; x_wconf 81' lang='grc' dir='ltr'>ταύτην</span> <span class='ocrx_word' id='word_1_864' title='bbox 3287 5678 3506 5749; x_wconf 77' lang='grc' dir='ltr'>ἡγεῖσθε</span> <span class='ocrx_word' id='word_1_865' title='bbox 3548 5676 3693 5739; x_wconf 79' lang='grc' dir='ltr'>θεὸν,</span> <span class='ocrx_word' id='word_1_866' title='bbox 3731 5679 4007 5747; x_wconf 82' lang='grc' dir='ltr'>ἀχάριστοι</span> 
     </span>
    </p>
   </div>
   <div class='ocr_carea' id='block_1_121' title="bbox 2446 5767 4009 5843">
    <p class='ocr_par' dir='ltr' id='par_1_121' title="bbox 2446 5767 4009 5843">
     <span class='ocr_line' id='line_1_121' title="bbox 2446 5767 4009 5843; baseline -0.006 -18"><span class='ocrx_word' id='word_1_867' title='bbox 2446 5774 2645 5843; x_wconf 80' lang='grc' dir='ltr'>δηλαδὴ</span> <span class='ocrx_word' id='word_1_868' title='bbox 2680 5770 2771 5823; x_wconf 75' lang='grc' dir='ltr'><strong>καὶ</strong></span> <span class='ocrx_word' id='word_1_869' title='bbox 2802 5770 3118 5838; x_wconf 78' lang='grc' dir='ltr'>ἀγνώμονες</span> <span class='ocrx_word' id='word_1_870' title='bbox 3166 5771 3293 5841; x_wconf 56' lang='grc' dir='ltr'><strong>περὶ¹</strong></span> <span class='ocrx_word' id='word_1_871' title='bbox 3346 5771 3437 5823; x_wconf 75' lang='grc' dir='ltr'>τὸν</span> <span class='ocrx_word' id='word_1_872' title='bbox 3483 5767 3783 5839; x_wconf 83' lang='grc' dir='ltr'>εὐεργέτην</span> <span class='ocrx_word' id='word_1_873' title='bbox 3814 5769 4009 5833; x_wconf 81' lang='grc' dir='ltr'>ἀναφα-</span> 
     </span>
    </p>
   </div>
   <div class='ocr_carea' id='block_1_122' title="bbox 2446 5850 4010 5929">
    <p class='ocr_par' dir='ltr' id='par_1_122' title="bbox 2446 5850 4010 5929">
     <span class='ocr_line' id='line_1_122' title="bbox 2446 5850 4010 5929; baseline -0.01 -10"><span class='ocrx_word' id='word_1_874' title='bbox 2446 5865 2647 5927; x_wconf 78' lang='grc' dir='ltr'>νέντες.</span> <span class='ocrx_word' id='word_1_875' title='bbox 2698 5859 2834 5912; x_wconf 82' lang='grc' dir='ltr'>Ἀλλ’</span> <span class='ocrx_word' id='word_1_876' title='bbox 2862 5860 2975 5929; x_wconf 74' lang='grc' dir='ltr'>εἴγε</span> <span class='ocrx_word' id='word_1_877' title='bbox 3006 5857 3203 5928; x_wconf 75' lang='grc' dir='ltr'>βούλει,</span> <span class='ocrx_word' id='word_1_878' title='bbox 3239 5860 3402 5929; x_wconf 70' lang='grc' dir='ltr'>φησὶν</span> <span class='ocrx_word' id='word_1_879' title='bbox 3432 5858 3461 5910; x_wconf 80' lang='grc' dir='ltr'><strong>δ</strong></span> <span class='ocrx_word' id='word_1_880' title='bbox 3491 5851 3738 5924; x_wconf 79' lang='grc' dir='ltr'>ἡγεμὼν.</span> <span class='ocrx_word' id='word_1_881' title='bbox 3776 5850 3853 5922; x_wconf 73' lang='grc' dir='ltr'>μὴ</span> <span class='ocrx_word' id='word_1_882' title='bbox 3886 5866 4010 5919; x_wconf 79' lang='grc' dir='ltr'>συγ-</span> 
     </span>
    </p>
   </div>
  </div>
