4158 6480
188 459 294 521 637

1343 453 1811 516 MARTYRIUM
1848 453 1910 514 9.
1955 451 2336 521 SOZONTIS.

3341 466 3443 533 638

187 570 423 641 γνώμης
480 569 642 638 μόνον
691 569 892 640 τυχεῖν,
933 568 1070 624 ἀλλὰ
1116 585 1257 632 τινος
1316 550 1618 639 ἀξιωθῆναι
1667 569 1754 624 καῖ

1867 570 2128 640 consequi
2191 571 2426 637 veniam,
2489 571 2594 645 sed,
2633 573 2866 645 aliquam
2919 576 3080 632 etiam
3125 591 3447 638 remunera-

191 660 458 732 ἀμοιϐῆς,
495 660 604 713 τῶν
638 660 820 732 λήρων
852 661 1057 716 τούτων
1096 662 1387 732 ἀφέμενος,
1424 661 1620 727 σῶσον,
1655 661 1770 714 Σώο

189 755 321 816 ζων,
348 751 605 818 σεαυτὸν,
627 754 722 806 καὶ
747 751 1060 822 προσελθὼν
1081 752 1240 806 θῦσον
1261 755 1372 816 τοῖς
1395 753 1558 818 θεοῖς.
1593 752 1652 806 '0
1677 753 1734 806 δέ
1750 768 1765 784 ·

186 845 298 916 Καί
319 844 442 908 πῶς
472 845 533 898 οὐ
566 845 760 915 μακρῷ
791 846 883 898 καὶ
917 844 1082 898 αὑτοῦ
1113 862 1176 914 γε
1209 846 1274 899 ἃν
1307 846 1427 917 εἴην
1448 847 1768 916 ἀναισθητό-

185 953 349 1007 τερος
389 936 488 989 τοῦ
521 937 788 1008 ὑμετέρου
831 937 974 1004 οεοῦ,
1014 939 1141 1009 ἔφη,
1179 937 1344 992 τοῦτο
1377 940 1543 1010 τιμᾷν
1576 940 1768 1010 ἐλόμε-

188 1046 296 1095 νος,
323 1029 386 1091 ὃς
410 1029 534 1082 ούδέ
556 1029 716 1091 αὐτὸς
742 1029 984 1098 πάσχων,
1011 1031 1240 1098 ἀμύνειν
1257 1029 1368 1095 οἷός
1390 1049 1449 1085 τε
1467 1029 1537 1104 ἦν
1562 1033 1763 1104 ἐαυτῷ,

189 1121 309 1174 οὐδὲ
341 1125 530 1192 φωνήν
560 1140 680 1176 τινα
711 1122 991 1191 προέσθαι,
1021 1125 1140 1178 οὐδὲ
1165 1123 1392 1179 καλέσαι
1411 1127 1538 1189 τοὺς
1563 1127 1762 1197 βοηθή-

192 1231 408 1277 σοντας,
446 1215 568 1268 ούδέ
602 1254 616 1278 ,
652 1215 713 1266 τὸ
745 1217 962 1269 πάντων
996 1217 1128 1285 γοῦν
1154 1217 1506 1281 ἀθλιώτατον,
1544 1215 1630 1271 οἷα
1657 1220 1765 1273 πά·

192 1307 275 1362 θοι
300 1305 815 1376 διαμαρτύρασθαι;
854 1307 994 1378 Ὦρα
1014 1308 1142 1376 γοῦν
1175 1326 1257 1362 σοι
1286 1309 1511 1362 τοιαῦτα
1532 1310 1760 1379 τιμῶντι

191 1391 283 1442 καὶ
314 1391 574 1445 πλάττειν
601 1391 837 1464 ἑκάστης
871 1396 1085 1467 ἡμέρας
1125 1397 1299 1462 Θεοὺς,
1331 1399 1423 1452 καὶ
1453 1401 1761 1469 μεταπλάτ-

189 1497 301 1534 τειν
329 1481 546 1546 ἄλλους,
588 1484 644 1535 ἐν
680 1487 746 1554 τῇ
773 1486 881 1540 τῶν
912 1490 1110 1559 χειρῶν
1153 1490 1317 1564 τέχνῃ
1360 1492 1459 1563 τὴν
1503 1493 1763 1565 δημιουρ-

191 1574 314 1643 γίαν
349 1576 461 1627 τῶν
489 1575 627 1628 Θεῶν
654 1577 945 1649 τιθεμένῳ.

260 1669 337 1719 Ε’.
378 1667 605 1732 Τούτοις
653 1670 855 1741 θερμὸν
893 1673 1054 1738 ζέσας
1080 1675 1108 1725 ὁ
1148 1678 1490 1749 Μαξιμιανδς
1537 1683 1760 1749 πικραῖς

191 1762 276 1812 τὸν
303 1760 561 1831 μάρτυρα
598 1764 936 1834 παραδίδωσι
969 1767 1280 1837 τιμωρίαις,
1312 1772 1408 1825 καὶ
1433 1773 1624 1843 πρῶτα
1661 1774 1761 1842 μὲν

192 1851 426 1920 σιδηροῖς
457 1851 606 1916 ὄνυξι
635 1853 912 1917 ὃιαξαίνει.
957 1857 1180 1929 Ἐπειδὴ
1206 1861 1262 1912 δὲ
1305 1864 1336 1931 η
1395 1864 1491 1930 μὲν
1529 1865 1758 1934 βάσανος
1795 1910 1831 1960 Β

192 1958 199 1960 _
234 1941 272 1960 γε
313 1942 378 1960 _..
458 1942 470 1960 ,
562 1944 572 1960 .
730 1946 741 1960 .
797 1946 820 1957 -
973 1948 995 1960 η
1126 1954 1146 1960 -
1286 1955 1297 1960 -
1365 1954 1404 1960 μ
1517 1956 1528 1960 -

190 1941 278 1991 καὶ
308 1942 419 1994 τῶν
448 1942 654 1995 ὀστέων
682 1946 862 1998 αὐτῶν
895 1948 1222 2012 καθικνεῖτο,
1274 1955 1301 2005 6
1359 1954 1414 2006 δὲ
1466 1956 1756 2027 σύμμαχον

187 2035 390 2100 ἀγαθὸν
417 2037 476 2088 τὸ
517 2035 670 2087 Θεῖον
710 2039 914 2105 ἐκάλει,
957 2043 1050 2094 καί
1094 2045 1342 2118 καθάπερ
1377 2049 1483 2102 ἀπὸ
1534 2051 1753 2120 σιδήρου

188 2128 550 2193 συγκείμενον
607 2125 743 2195 ἔχων
792 2129 853 2181 τὸ
895 2130 1074 2200 σῶμα,
1129 2134 1270 2187 οὕτω
1320 2139 1536 2205 κούφως
1593 2141 1754 2212 ἔφερε

186 2213 278 2265 καὶ
305 2213 417 2265 τῶν
454 2214 688 2276 ζεόντων
718 2218 1095 2290 ἁπαθέστερος
1125 2219 1214 2294 ἦν,
1253 2227 1340 2294 ἐφ’
1371 2227 1532 2298 ἕτερα
1577 2232 1756 2295 trag:-

194 2305 384 2372 μιανὸς
411 2305 576 2358 πάλιν
605 2309 880 2378 ἐτρέπετο,
906 2316 1001 2367 καὶ
1032 2316 1373 2387 ὑποδήμασιν
1401 2322 1550 2392 ἥλοις
1578 2323 1754 2387 ὃξεσιν

189 2397 643 2466 ἐμπεπαρμένοις
673 2401 762 2454 τὸν
783 2403 1020 2474 ἀθλητὴν
1057 2409 1261 2472 ὑποδεῖ,
1298 2413 1387 2464 καὶ
1412 2414 1619 2477 τούτοις
1653 2417 1753 2484 ἑμ-

185 2492 732 2557 περιπατεῖναῦτδν
788 2497 1110 2562 ἀναγκάζει.
1156 2501 1214 2552 '0
1267 2502 1321 2554 δὲ
1364 2504 1440 2567 ὡς
1488 2507 1580 2558 ἐπὶ
1633 2508 1757 2577 ῥόδα

186 2580 390 2647 μᾶλλον
415 2582 630 2664 ἐτρεχε,
668 2588 762 2637 καὶ
785 2586 996 2655 ῥύακας
1025 2589 1166 2658 ὀρῶν
1195 2593 1420 2660 αἵματος
1446 2597 1551 2648 τῶν
1582 2599 1756 2651 ποδῶν

185 2671 425 2723 κατιόντι
457 2689 495 2734 ;,
555 2676 932 2744 περιρρεῖσθαί
959 2696 1066 2731 τινι
1099 2682 1206 2736 τῶν
1238 2684 1407 2753 ἡδέων
1441 2687 1635 2753 ἐδόκει,
1662 2691 1755 2743 καὶ

183 2761 308 2822 τοὺς
337 2762 433 2813 τοῦ
460 2764 728 2833 τυράννου
755 2771 848 2821 καὶ
873 2769 983 2821 τῶν
1011 2775 1389 2843 περιεστώτων
1415 2779 1757 2850 χλευασμοὺς

183 2853 463 2923 εὐφημίαν
491 2858 695 2924 ἠγεῖτο.
731 2862 838 2916 Καὶ
871 2863 1271 2931 ἐκαλλωπίζετο
1302 2871 1472 2943 ταύτῃ
1503 2873 1702 2941 μᾶλλον
1728 2877 1755 2927 ό

182 2945 428 3016 ἀθλητὴς
468 2947 498 3016 ἢ
528 2953 592 3019 τῇ
622 2951 852 3022 χλαμύδι
891 2958 1102 3020 ἐκεῖνος
1127 2960 1221 3011 τοῦ
1263 2963 1593 3031 ἀξιώματος.
1624 2963 1754 3020 Εἶτα

183 3042 720 3109 κατειρωνευόμενος
798 3047 964 3100 αὐτοῦ
1039 3051 1415 3121 Μαξιμιανόςδ
1485 3057 1750 3127 Λῦλησον,

185 3131 341 3197 φησὶ,
392 3130 612 3199 Σώζων,
659 3135 847 3202 αὔριον
893 3140 1144 3214 ἐξιούσης
1177 3145 1277 3214 τῆς
1315 3147 1552 3217 μεγάλης
1600 3150 1748 3217 θεᾶς,

1872 658 2095 726 tionem,
2125 663 2306 719 missis
2345 664 2431 721 his
2478 665 2655 736 nugis,
2688 683 2844 724 serva
2884 676 2938 724 te
2995 669 3194 741 ipsum,
3239 671 3441 739 Sozon,

1871 761 1926 807 et
1973 755 2242 811 accedens
2293 756 2402 812 diis
2445 758 2712 813 sacriﬁca.
2764 759 2834 814 Et
2891 760 3183 829 quomodo,
3240 763 3441 831 inquit,

1869 858 1979 898 non
2020 859 2196 900 essem
2234 848 2318 902 vel
2361 848 2479 917 ipso
2526 857 2710 904 vestro
2739 850 2842 904 deo
2877 851 3062 905 minus
3093 867 3257 907 sensu
3299 867 3440 922 prae-

1869 935 2036 1002 ditus,
2074 938 2117 992 si
2185 955 2307 994 eum
2372 949 2666 996 statuerem
2698 944 2898 1010 colere,
2926 943 3016 1013 qui
3045 958 3146 1002 nec
3177 946 3221 998 si
3261 947 3310 1000 ei
3348 946 3444 998 ali-

1867 1030 1999 1099 quid
2028 1030 2141 1098 ﬁat,
2175 1047 2234 1087 se
2280 1042 2460 1103 potest
2511 1035 2828 1100 defendere,
2885 1052 3058 1106 neque
3110 1052 3295 1092 vocem
3340 1037 3442 1089 ali-

1866 1139 2028 1193 quam
2075 1126 2348 1191 emittere,
2385 1141 2561 1195 neque
2605 1142 2804 1182 vocare
2840 1143 2933 1183 eos
2975 1128 3068 1197 qui
3110 1129 3221 1181 sint
3282 1143 3441 1197 opem

1865 1215 2048 1280 laturi,
2081 1232 2278 1287 neque,
2320 1219 2463 1288 quod
2505 1227 2588 1272 est
2623 1219 2863 1272 omnium
2889 1219 3278 1281 miserrimum,
3306 1233 3440 1288 qua-

1865 1305 1935 1361 lia
1969 1309 2224 1377 patiatur,
2303 1309 2634 1378 protestari?
2673 1310 2765 1364 Est
2801 1309 3009 1377 itaquc'
3035 1309 3088 1362 in
3135 1317 3226 1362 tua
3283 1317 3440 1378 pote-

1869 1408 2033 1461 state,
2066 1403 2156 1470 qui
2187 1401 2301 1454 hac
2327 1399 2476 1464 colis,
2501 1400 2631 1454 deos
2659 1401 2902 1470 quotidie
2957 1399 3180 1470 ﬁngere.
3207 1408 3262 1454 et
3305 1399 3442 1453 alios

1865 1501 2054 1540 rursus
2082 1488 2362 1558 reﬁngerc,
2394 1502 2515 1541 eum
2546 1488 2598 1541 in
2639 1497 2753 1543 arte
2780 1503 3040 1541 manuum
3097 1501 3266 1557 ponas
3309 1485 3440 1540 deo-

1865 1593 1984 1632 rum
2021 1579 2457 1634 fabricationem.

1939 1691 2004 1746 V.
2041 1691 2417 1756 Maximianus,
2446 1709 2567 1746 cum
2606 1693 2690 1747 his
2712 1694 2760 1747 ei
2806 1693 3157 1748 ell‘erhuisset
3191 1690 3433 1753 animus,

1865 1787 2034 1841 tradit
2088 1799 2377 1857 martyrem
2426 1787 2680 1856 gravibus
2723 1795 2777 1840 et
2824 1785 3035 1840 acerbis
3084 1784 3433 1839 cruciatibus.

1867 1879 1931 1932 Et
1962 1878 2199 1947 primum
2235 1880 2450 1946 quidem
2478 1878 2668 1934 ferreis
2723 1894 2848 1932 eum
2915 1878 3084 1931 laniat
3143 1876 3434 1945 unguibus.

1860 1969 2122 2035 Quoniam
2151 1982 2330 2025 autem
2390 1970 2590 2033 Solon,
2659 1972 2758 2025 etsi
2814 1979 3142 2024 tormentum
3217 1968 3434 2038 quidem

1859 2063 1923 2116 ad
1965 2064 2077 2133 ipsa
2118 2079 2287 2132 usque
2345 2079 2466 2116 ossa
2515 2062 2860 2132 perradebat,
2921 2061 3009 2114 Dei
3049 2070 3222 2115 tamen
3281 2060 3434 2112 inro-

1858 2171 1989 2217 cans
2040 2156 2321 2219 auxilium,
2381 2157 2450 2209 ita
2508 2154 2712 2209 ferebat
2789 2153 3003 2217 leviter,
3051 2161 3109 2206 ut
3161 2151 3437 2204 videretur

1858 2247 2058 2300 habere
2097 2262 2295 2315 corpus
2327 2263 2391 2300 ex
2426 2245 2572 2299 lerro
2631 2243 3033 2314 compositum;
3097 2242 3437 2296 convertitur

1859 2353 2050 2392 rursus
2090 2338 2155 2390 ad
2188 2339 2288 2390 alia
2332 2338 2712 2400 Maximianus,
2746 2345 2800 2390 et
2827 2337 3023 2390 calceis
3047 2335 3222 2388 acutis
3263 2333 3433 2387 claris

1857 2428 2088 2484 conﬁxis
2117 2428 2293 2482 induit
2320 2429 2600 2494 athletam,
2633 2439 2684 2482 et
2753 2444 2877 2483 eum
2917 2426 3048 2496 ipsis
3107 2441 3232 2480 eum
3290 2426 3436 2496 cogit

1858 2520 2158 2574 ambulare.
2211 2519 2304 2574 Ille
2359 2528 2541 2574 autem
2598 2521 2875 2583 currebat,
2933 2529 3185 2587 tanquam
3272 2531 3436 2585 super

1858 2629 2008 2666 rosas
2048 2611 2337 2675 incedens;
2377 2625 2428 2664 et
2470 2610 2665 2666 videns
2697 2611 2843 2664 rivos
2871 2609 3155 2678 sanguinis
3207 2607 3434 2661 descen-

1857 2704 2051 2758 dentes
2080 2719 2155 2772 ex.
2181 2703 2432 2771 pedibus,
2465 2701 2750 2755 videbatur
2785 2701 3044 2756 suavibus
3110 2699 3272 2753 rebus
3326 2698 3433 2751 cir-

1858 2794 2195 2859 cumlluere;
2229 2795 2548 2864 tyrannique
2590 2803 2644 2847 et
2672 2809 2858 2848 eorum
2881 2794 3429 2872 quicircumstahant,

1858 2887 2144 2940 irrisioncs
2194 2886 2427 2939 ducebat
2475 2900 2596 2940 esse
2659 2885 3068 2949 laudationem;
3137 2894 3190 2938 et
3245 2899 3307 2937 ea
3374 2898 3432 2937 re

1857 2979 2028 3048 magis
2058 2976 2387 3051 gloriabatur
2409 2976 2631 3041 athleta,
2660 2992 2820 3045 quam
2852 2977 2939 3030 ille
2957 2978 3234 3047 chlamyde
3257 2977 3431 3043 digni.

1860 3069 2004 3122 tatis.
2068 3067 2272 3121 Deinde
2321 3083 2443 3120 eum
2476 3067 2710 3122 illudens
2764 3065 3118 3120 Maximianus
3176 3081 3190 3116 :
3252 3063 3427 3127 Tibia,

1859 3159 2053 3228 inquit,
2090 3174 2244 3222 cane,
2281 3159 2478 3222 Sozon,
2530 3174 2652 3212 cras
2705 3174 2894 3228 magna
2928 3157 3257 3225 procedente
3306 3155 3427 3218 dea,

184 3222 277 3318 καλ.
306 3223 478 3294 αὐτὴν
501 3226 716 3294 ἐκείνην
758 3230 981 3301 ὄμνυμι,
1044 3237 1222 3306 πάσης
1269 3239 1499 3311 εὖούνης
1547 3245 1744 3297 αὐτίκα

1863 3222 2037 3318 ριροτ
2076 3249 2216 3302 illam
2247 3249 2420 3318 ipsam
2450 3248 2597 3317 juro,
2635 3222 2896 3316 quod'ab
2929 3222 3100 3300 _omni
3152 3245 3429 3299 examina-

183 3315 278 3368 καὶ
327 3319 605 3387 τιμωρίας
642 3319 968 3395 ἀπολελύσῃ.
1011 3327 1120 3378 Καὶ
1173 3331 1200 3379 6
1237 3331 1478 3398 μάρτυς·
1525 3335 1597 3385 Σὺ
1650 3336 1750 3403 μὲν

182 3410 531 3476 καταγελῶν,
593 3412 717 3481 ἔφη.
771 3418 865 3468 καὶ
897 3416 1198 3483 διαπαίζων
1228 3422 1376 3490 ἡμᾶς
1411 3424 1478 3475 τὰ
1526 3425 1751 3478 τοιαῦτα

181 3498 423 3570 φθέγγῃ,
481 3501 571 3554 τοῦ
636 3507 1001 3573 συμπνέοντός
1064 3527 1145 3562 σοι
1212 3513 1449 3582 πονηροῦ
1503 3515 1755 3585 δαίμονος

179 3593 354 3646 ταῦτα
390 3595 514 3646 καθ’
545 3597 702 3665 ἡμῶν
737 3599 1193 3671 ὑποϐεϐληκότος.
1244 3604 1384 3673 Ἐγὼ
1409 3607 1466 3660 δὲ
1498 3611 1589 3660 καὶ
1619 3611 1754 3678 πρό-

178 3700 338 3750 τερον
372 3683 473 3751 μέν
503 3685 563 3735 τὸ
603 3686 760 3737 καλὸν
787 3688 998 3755 ηὗλησα
1038 3693 1118 3752 είς
1151 3694 1342 3760 ἀγρὸν,
1381 3699 1628 3762 συνάγων
1660 3700 1754 3752 καὶ

179 3774 474 3827 ἀνακαλῶν
506 3777 574 3828 τΞι
616 3777 723 3847 ἐμὰ
770 3778 1048 3849 πρόδατα³
1083 3784 1176 3836 καὶ
1199 3783 1292 3836 νῦν
1318 3786 1374 3838 δὲ
1399 3786 1507 3858 ᾄδω
1533 3789 1608 3856 τῷ
1642 3791 1749 3840 Ku-

184 3863 285 3932 Ρίῳ
344 3881 448 3932 μου
500 3861 652 3937 ᾆσμα
707 3869 912 3932 καινὸν.
971 3871 1459 3942 ε’)α’ί’ίελίξδί·¹·εν⁰ἶ
1521 3878 1654 3931 πᾶσι
1691 3881 1750 3933 τδ

179 3957 372 4008 τούτου
407 3960 698 4026 σωτήριον.
743 3960 803 4011 Ἣ
823 3963 877 4012 δὲ
897 3963 959 4029 σὴ
987 3961 1105 4023 Osi);
1139 3964 1258 4025 ὄνος
1279 3966 1350 4018 ἂν
1387 3969 1468 4037 εἴη
1504 3971 1743 4038 πάντως,

178 4049 238 4098 τὸ
262 4045 358 4098 τοῦ
389 4046 572 4113 λόγου,
605 4049 737 4118 πρὸς
760 4051 850 4102 τὸν
881 4051 1062 4116 αὐλὸν,
1091 4053 1296 4123 ἄψυχός
1315 4072 1372 4107 τε
1392 4054 1527 4113 οὖσα
1555 4079 1752 4114 παντε-

179 4140 287 4205 λῶς
321 4143 415 4194 καὶ
451 4141 798 4210 ἀναίσθητος.

248 4237 342 4301 ς’.
380 4235 524 4305 Πρὸς
576 4237 746 4290 ταῦτα
799 4239 962 4293 πλέον
1012 4244 1042 4295 6
1078 4245 1418 4314 Μαξιμιανὸς
1464 4247 1544 4316 τῷ
1593 4248 1750 4319 Θυμῷ

179 4327 303 4381 κατ’
344 4329 511 4382 αὐτοῦ
544 4329 903 4400 διανίσταται,
944 4335 1038 4388 καὶ
1071 4337 1435 4408 σφοδροτέρας
1466 4339 1614 4410 αὑτῷ
1643 4342 1748 4410 μά-

177 4436 373 4488 στιγας
412 4422 522 4474 τῶν
553 4426 834 4494 προτέρων
858 4427 1074 4496 ἐπάγει,
1111 4431 1177 4483 ἵν’
1205 4430 1370 4490 οὕτω.
1401 4435 1584 4501 φησὶν,
1620 4436 1750 4487 ἀνα-

177 4509 453 4578 μοχλευθῇ
489 4510 592 4577 μὲν
627 4511 773 4580 αὐτῷ
795 4514 862 4565 τὰ
904 4515 1106 4584 ἄρθρα,
1141 4520 1424 4590 παρεοὼσι
1467 4523 1522 4575 δὲ
1557 4525 1646 4576 καὶ
1691 4526 1746 4578 αἱ

172 4599 454 4668 ἁρμονίαι,
486 4601 582 4655 καὶ
622 4601 855 4676 διαρῤυῇ
897 4605 963 4657 τὰ
995 4606 1204 4674 ἔγκατα⁴
1235 4610 1365 4663 ὡσεὶ
1412 4613 1576 4682 ὕδωρ.
1611 4613 1742 4668 Εἶτα

172 4693 263 4745 καὶ
291 4692 405 4763 πῦρ
445 4693 686 4762 ἁνάψας,
727 4698 852 4751 εἴτι
885 4698 993 4751 τῶν
1027 4699 1204 4770 μελῶν
1233 4703 1607 4774 ύπολειφθείη,
1652 4725 1749 4761 κα-

171 4786 470 4840 τακαύσειν
517 4788 617 4839 καὶ
658 4787 819 4840 τούτο
845 4792 1082 4860 ἠπείλει,
1125 4796 1200 4857 ὠς
1231 4797 1297 4848 ἂν
1329 4799 1461 4868 μηδὲ
1494 4801 1592 4870 τῆς
1630 4818 1747 4855 κοι-

170 4881 264 4945 νῆς
305 4882 574 4933 ἁπάντων
615 4879 765 4950 τύχοι
814 4883 1009 4952 ταφῆς.
1068 4887 1412 4955 Μαξιμιανδς
1467 4887 1562 4944 οὖν
1603 4891 1748 4947 οὕτω

169 4973 652 5039 παρεσκεύασατο,
677 4976 770 5026 καὶ
816 4976 987 5038 οὓτως
1024 4978 1227 5030 ἐποίει·
1272 4984 1362 5033 καὶ
1395 4981 1469 5052 τῷ
1503 4985 1740 5056 μάρτυρι

170 5061 261 5129 μὲν
292 5064 349 5117 αἱ
383 5062 602 5132 σάρκες
630 5067 747 5126 ταῖς
775 5067 1010 5136 πληγαῖς
1045 5068 1408 5135 διεκόπτοντο,
1446 5079 1540 5126 καὶ
1582 5079 1612 5144 η
1657 5078 1743 5128 ἓν·

165 5153 250 5206 δον
275 5155 592 5226 ἐγυεινοῦτο
641 5154 948 5220 διάπλασις.
1001 5164 1057 5213 '0
1101 5162 1156 5213 δὲ
1185 5162 1376 5233 ὥσπερ
1423 5168 1481 5217 ἐν
1513 5167 1742 5236 λειμῶνι

166 5245 372 5316 χλοερῷ
437 5248 770 5319 διατρίϐων,
802 5254 912 5305 ,καὶ
973 5253 1156 5321 ἠρέμα
1204 5257 1540 5326 δρεπόμενος
1575 5261 1732 5332 ἄνθη,

169 5336 312 5391 οὕτω
344 5339 601 5407 διέκειτο,
635 5343 726 5397 καὶ
756 5343 970 5416 ¹¹χαίρων
1011 5344 1301 5401 ἀποδίδωσι
1331 5350 1429 5421 τὴν
1458 5352 1634 5422 ψυχὴν
1663 5354 1742 5424 τῷ

168 5429 306 5502 Θιῷ.

238 5524 315 5578 Z’.
361 5522 450 5574 Ὠς
477 5521 536 5576 δέ
558 5525 652 5576 καὶ
687 5527 718 5594 ἡ
743 5524 879 5594 φλὸξ
905 5527 998 5579 ἐπὶ
1024 5529 1166 5597 μέγα
1196 5531 1359 5599 ἤρετο
1381 5533 1503 5603 ἤδη,
1539 5534 1736 5610 βροντὴ

171 5613 375 5669 ἄνωθεν
423 5615 702 5684 φρικῶδές
745 5634 798 5670 τι
840 5619 934 5684 καὶ
966 5621 1195 5689 φοϐερὸν
1239 5622 1593 5693 ἁπηχήσασα,
1644 5634 1736 5686 καὶ

174 5708 337 5766 πολὺν
371 5707 584 5778 ὄμϐρον
632 5711 724 5760 καὶ
773 5710 1016 5778 χάλαζαν
1060 5718 1592 5784 συγκατενεγκοῦσα,
1628 5723 1732 5776 διε-

175 5801 400 5852 σκέδασε
435 5801 536 5867 μὲν
563 5797 690 5861 τοὺς
722 5800 946 5869 δημίους
987 5809 1080 5856 καὶ
1116 5806 1178 5856 ἐκ
1218 5807 1381 5877 μέσον
1415 5812 1727 5883 πεποίηκεν,

174 5887 315 5945 om
347 5893 755 5962 φιλομάρτνρις
811 5896 902 5944 καὶ
940 5895 1174 5962 μάλιστα
1218 5898 1418 5954 τούτων
1467 5903 1515 5955 οί
1555 5921 1716 5958 σπονο

1860 3341 2005 3394 tione
2043 3350 2099 3394 et
2124 3340 2365 3394 cruciatu
2395 3340 2574 3393 statim
2610 3337 2943 3392 liberaberis.
2975 3335 3175 3405 Martyr
3205 3345 3383 3386 autem
3414 3349 3428 3385 :

1857 3430 1937 3483 Tu
1969 3445 2076 3494 me,
2108 3430 2303 3498 inquit,
2340 3430 2574 3482 irridens
2618 3429 2736 3482 haec
2785 3429 3044 3496 loqueris,
3078 3441 3140 3480 ea
3189 3425 3432 3494 maligno

1855 3522 2102 3577 daemone
2151 3521 2204 3575 in
2263 3536 2366 3574 nos
2419 3520 2514 3574 tibi
2574 3529 2919 3589 suggerente.
2979 3518 3091 3589 Ego
3147 3526 3326 3570 autem
3373 3524 3430 3570 et

1857 3614 2008 3684 prius
2039 3613 2254 3683 quidem
2284 3613 2413 3666 tibia
2455 3613 2509 3666 in
2543 3627 2672 3681 agro
2721 3622 2868 3664 recte
2927 3610 3125 3671 cecini,
3185 3622 3424 3677 congre-

1855 3719 1988 3774 gans
2018 3714 2071 3757 ει
2101 3717 2363 3757 revocans
2401 3716 2548 3754 meas
2578 3715 2728 3763 OVCS,
2763 3707 2818 3753 ει
2846 3713 2992 3752 nunc
3022 3711 3238 3766 quoque
3287 3709 3428 3750 cauo

1855 3793 2084 3846 Domino
2121 3809 2241 3846 meo
2273 3794 2546 3847 canticum
2585 3807 2808 3853 novum,
2841 3791 2961 3858 ejus
2980 3790 3215 3843 salutare
3251 3786 3428 3842 omni—

1853 3884 1954 3938 bus
1986 3884 2339 3938 annuntians.
2373 3883 2486 3935 Tua
2520 3893 2699 3935 autem
2744 3884 2844 3935 dea
2867 3882 3027 3934 fuerit
3071 3883 3315 3944 omnino,
3366 3888 3426 3934 ut

1855 3988 1939 4037 est
1976 3979 2029 4032 in
2070 3977 2376 4048 proverbio,
2414 3976 2599 4030 asinus
2621 3975 2687 4030 ad
2714 3975 2924 4039 tibiam,
2957 3983 3017 4030 ut
3031 3988 3149 4044 quae
3167 3974 3235 4029 sit
3268 3973 3424 4043 plane

1855 4069 2117 4133 inanima,
2152 4077 2207 4122 et
2239 4068 2389 4120 nullo
2421 4083 2592 4121 sensu
2621 4067 2870 4136 praedita.

1928 4271 2012 4325 Vl.
2040 4270 2132 4325 l-lis
2170 4268 2526 4322 Maximianus
2566 4267 2737 4335 magis
2784 4265 2840 4318 in
2867 4278 2991 4318 eum
3043 4263 3308 4328 irritatur,
3367 4272 3424 4318 et

1853 4360 2125 4431 prioribus
2143 4358 2575 4415 vehementiores
2597 4356 2646 4410 ei
2674 4355 2862 4425 plagas
2884 4352 3126 4422 imponit
3155 4370 3168 4407 :
3233 4361 3294 4405 ut
3342 4351 3424 4406 sic

1853 4452 2070 4521 quidem
2096 4451 2145 4505 ei
2174 4457 2519 4504 moverentur
2566 4445 2802 4508 articuli,
2876 4454 2930 4498 et
2981 4443 3424 4498 dissolverentur

1830 4558 2161 4618 compages,
2193 4551 2247 4596 et
2301 4540 2554 4594 intestina
2598 4547 2856 4604 tanquam
2886 4551 3027 4604 aqua
3087 4533 3417 4589 dililuerent.

1852 4636 2056 4690 Deinde
2085 4649 2207 4687 cum
2227 4635 2402 4702 ignem
2431 4631 2597 4684 etiam
2633 4627 2994 4685 accendisset.
3035 4627 3080 4682 si
3105 4625 3247 4697 quod
3286 4626 3421 4681 reli-

1848 4739 2015 4796 quum
2045 4731 2188 4778 esset
2245 4721 2573 4784 membrum,
2634 4721 2687 4776 id
2738 4733 2954 4789 quoque
2991 4733 3051 4772 se
3109 4717 3421 4771 minabatur

1849 4817 2284 4876 combusturum,
2316 4821 2375 4867 ut
2412 4827 2480 4866 ne
2520 4811 2742 4880 quidem
2783 4809 3032 4864 omnium
3065 4821 3418 4864 communem

1845 4915 2227 4974 assequeretur
2262 4903 2618 4972 sepulturam.
2656 4900 2747 4954 Sic
2775 4915 2906 4971 ergo
2940 4916 2999 4955 se
3032 4901 3262 4971 parabat
3305 4899 3419 4953 Ma-

1845 5000 2136 5059 ximianus.
2167 5006 2222 5052 et
2251 4999 2327 5050 sic
2345 4994 2580 5048 faciebat
2616 5011 2628 5046 :
2658 5003 2714 5048 et
2736 4994 2956 5064 martyri
2979 4993 3198 5062 quidem
3224 5006 3419 5046 carnes

1843 5092 2012 5164 plagis
2035 5089 2398 5148 laniabantur,
2423 5093 2476 5138 et
2506 5086 2719 5140 interna
2751 5084 3138 5155 aperiebantur
3167 5083 3410 5149 viscera;

1845 5184 1936 5238 ille
1983 5190 2165 5234 autem
2215 5188 2472 5246 tanquam
2512 5177 2565 5229 in
2595 5177 2820 5231 herbido
2849 5183 3005 5244 prato
3048 5190 3296 5240 versans,
3361 5181 3417 5230 et

1844 5286 2040 5327 vernos
2067 5269 2229 5323 ﬂores
2257 5268 2577 5336 decerpens,
2608 5279 2722 5322 erat
2745 5267 2994 5330 allectus,
3029 5277 3085 5322 et
3119 5266 3277 5321 laetus
3302 5265 3414 5320 Deo

1844 5361 2021 5418 reddit
2047 5362 2308 5416 animam.

1910 5541 2023 5597 Vll.
2053 5541 2187 5598 Cum
2214 5551 2395 5598 autem
2421 5536 2531 5606 jam
2561 5540 2771 5594 ﬂamma
2808 5537 2860 5590 in
2892 5539 3058 5594 altum
3095 5546 3239 5593 esset
3281 5536 3412 5593 sub-

1840 5637 1970 5699 lata,
2001 5636 2244 5690 terribile
2294 5633 2699 5688 etliorrendum
2727 5631 2926 5685 tonitru
2954 5644 3241 5692 resonans,
3269 5632 3410 5683 mul-

1841 5736 2063 5797 tumque
2112 5727 2340 5780 imbrem
2391 5733 2448 5779 et
2520 5724 2838 5794 grandinem
2897 5718 3058 5776 simul
3121 5721 3406 5789 dejiciens,

1845 5819 2064 5875 lictores
2096 5820 2313 5887 quidem
2350 5818 2559 5886 depulit
2589 5827 2648 5872 ct
2684 5819 2978 5886 dispersit;
3018 5815 3177 5868 amici
3230 5822 3408 5866 autem

1841 5923 2156 5980 martyrum,
2186 5922 2238 5965 et
2268 5911 2499 5965 maxime
2565 5910 2602 5964 ii
2666 5911 2753 5982 qui
2809 5917 2974 5967 erant
3029 5904 3409 5979 diligentiores,
