4158 6504
696 445 805 511 639

1921 444 2204 504 MENSIS
2242 443 2718 503 SEPTEMBER.

3846 445 3946 510 640

699 573 889 613 secure
955 557 1278 628 colligebant
1340 557 1592 628 martyris
1687 558 1964 628 reliquias.
2041 559 2263 612 Interim

2398 561 2666 626 ἰαιοτεροι,
2726 555 2906 621 ἁδείας
2945 557 3234 626 λαϐόμενοι
3278 557 3374 628 τῆς
3423 557 3531 613 ἀπὸ
3572 557 3684 613 τῶν
3713 560 3944 629 δημίων,

700 660 881 703 autem
908 665 1028 704 cum
1057 664 1162 702 nox
1190 663 1406 718 quoque
1440 647 1777 715 advenisset,
1810 666 1915 702 non
1943 650 2041 703 fuit
2089 661 2265 705 retar-

700 741 884 794 datum
922 740 1136 792 illorum
1170 748 1481 808 promptum
1505 747 1559 794 et
1582 739 1761 795 alacre
1787 741 2048 795 studium.
2082 739 2268 809 Neque

700 835 845 888 enim
874 841 988 885 erat
1014 847 1114 885 nox
1146 832 1399 900 amplius,
1434 831 1528 885 sed
1559 832 1646 886 lux
1678 833 1983 887 clarissima
2022 835 2271 902 protinus

704 922 1052 980 illucescens.
1127 937 1187 974 ea
1257 923 1518 976 reddebat
1595 923 1906 985 manifesta,
1967 940 2085 992 qua:
2161 940 2268 978 non

702 1010 989 1076 oportebat
1015 1009 1204 1069 latere,
1241 1020 1294 1061 et
1327 1011 1615 1079 praestabat
1649 1020 1790 1063 utea
1812 1009 1967 1064 facile
2018 1011 2273 1065 tolleren-

702 1110 790 1152 tur
826 1110 880 1152 et
906 1098 1285 1172 colligerentur
1307 1116 1334 1152 a
1358 1101 1478 1167 piis.
1504 1102 1633 1166 Quae
1652 1101 1872 1169 quidem
1891 1102 2068 1153 omnia
2089 1111 2274 1156 sancte

703 1189 925 1242 collecta
962 1189 1190 1256 septimo
1223 1188 1580 1256 Septembris,
1616 1191 1928 1258 prmelaram
1978 1199 2032 1243 ct
2063 1191 2271 1260 magni-

711 1281 867 1333 ficam
942 1292 1190 1333 assecuta
1243 1290 1371 1334 sunt
1423 1282 1782 1350 sepulturam.
1836 1283 1950 1337 Lux
1995 1283 2139 1336 enim
2190 1285 2274 1336 illa

706 1373 866 1422 etiam
895 1387 1066 1439 usque
1095 1371 1158 1425 ad
1191 1372 1368 1440 ipsum
1393 1373 1541 1426 venit
1573 1375 1906 1442 sepulcrum,
1944 1384 1997 1427 et
2021 1391 2273 1444 perman-

704 1466 775 1518 sit
819 1466 871 1518 in
897 1467 1174 1534 sepultura
1226 1467 1609 1535 reliquiarum.
1677 1468 1880 1522 Deinde
1932 1484 2147 1522 reversa
2194 1477 2278 1522 est

706 1571 808 1607 nox
842 1557 905 1606 ad
943 1571 1092 1608 suam
1117 1565 1362 1613 naturam
1393 1574 1407 1621 ;
1441 1567 1494 1611 et
1528 1559 1725 1627 ubique
1758 1559 1859 1612 fuit
1895 1560 2074 1617 Sozon
2135 1577 2278 1628 prae-

706 1646 917 1698 dicatus
945 1645 1116 1697 victor
1151 1645 1442 1711 praeclarus
1475 1647 1541 1700 ad
1568 1648 1790 1718 gloriam
1829 1649 1919 1702 Dei
1976 1649 2173 1710 Patris,
2227 1660 2282 1703 et

708 1736 918 1788 Domini
954 1738 1121 1789 uestri
1149 1735 1278 1790 Jesu
1329 1737 1556 1800 Christi,
1633 1753 1795 1806 quem
1867 1738 2021 1791 decet
2090 1739 2281 1803 honor,

707 1827 872 1895 gloria
903 1839 957 1882 et
985 1829 1223 1898 potentia
1263 1829 1316 1882 in
1352 1829 1546 1883 saecula
1583 1830 1927 1884 saeculorum.
1958 1831 2148 1883 Anien.

1363 2111 1646 2130 .—

2374 649 2600 716 ἄσμενοι
2633 650 2701 700 τὶι
2758 650 3069 720 μαρτυρτκὰ
3115 648 3400 718 συνέλεγον
3439 649 3670 721 λείψανα
3703 669 3718 682 ·
3766 640 3946 706 ἐν’το-

2376 740 2552 808 σούτῳ
2583 742 2675 792 καὶ
2711 742 2742 809 ἡ
2778 742 2871 807 νὺξ
2904 743 3266 811 ἐπιγενομένη
3295 741 3392 812 τὴν
3419 743 3644 797 ἐκείνων
3676 745 3778 798 οὐκ
3819 746 3943 798 ἐπέ·

2375 850 2540 885 κοπτε
2561 832 2886 902 προθυμίαν,
2919 834 3097 886 οὐκέτι
3122 834 3226 905 γὰρ
3260 834 3376 886 ούδέ
3409 835 3544 904 αὑτὴ
3571 838 3667 903 νὺξ
3689 834 3777 905 ἦν,
3811 837 3940 890 ἀλλὰ

2377 926 2489 994 φῶς
2519 925 2900 995 λαμπρότατον
2943 920 3053 978 οἷον
3088 926 3284 979 αὐτίκα
3316 926 3604 996 ἐκλάμψαν
3628 928 3764 994 δῆλά
3796 944 3852 980 τε
3877 929 3941 980 τὰ

2382 1018 2455 1084 μὴ
2487 1016 2578 1069 τοῦ
2611 1018 2790 1069 λαθεῖν
2824 1017 2949 1081 ἄξια
2985 1018 3178 1078 ἐποίει,
3213 1020 3303 1070 καὶ
3345 1018 3689 1086 ἀναιρεῖσθαι
3719 1021 3833 1080 τοῖς
3860 1019 3941 1069 εύο

2381 1107 2560 1160 σεϐἑσι
2597 1109 2792 1180 ῥαδίως
2823 1110 2962 1164 αὐτὰ
2997 1111 3091 1163 καὶ
3133 1109 3407 1176 συλλέγειν
3447 1111 3813 1180 παρεῖχεν.⁶Ἀ
3849 1111 3940 1178 δή·

2381 1217 2483 1252 που
2515 1201 2692 1253 πάντα
2717 1203 2808 1253 καὶ
2834 1202 2992 1271 ἱερῶς
3017 1200 3344 1269 συλλεγέντα
3367 1202 3565 1272 ἐϐδόμῃ
3589 1202 3685 1254 τοῦ
3705 1203 3945 1269 Σεπτεμ-

2381 1293 2533 1361 ϐρίου
2561 1293 2839 1362 φιλοτίμου
2875 1295 3050 1361 ταφῆς
3089 1294 3246 1361 ἔτυχε
3301 1292 3394 1345 καὶ
3416 1293 3699 1362 λαμπρᾶς.
3734 1294 3805 1345 Τὸ
3838 1293 3946 1361 φῶς

2382 1385 2490 1453 γὰρ
2525 1386 2697 1436 ἐκεῖνο
2749 1385 2842 1436 καὶ
2885 1384 3018 1453 πρὸς
3052 1384 3214 1437 αὑτὸν
3247 1380 3377 1454 ἦλθε
3415 1386 3506 1436 τὸν
3555 1387 3729 1452 τάφον
3758 1386 3852 1436 καὶ
3886 1386 3944 1452 τῇ

2381 1475 2491 1529 τῶν
2531 1476 2797 1544 λειψάνων
2849 1479 2989 1546 ταφῇ
3018 1479 3314 1546 παρέμεινε
3367 1478 3626 1540 πάντων,
3682 1473 3804 1529 εἶτα
3859 1477 3946 1526 καὶ

2383 1569 2589 1620 οἰκείαν
2623 1569 2784 1623 πάλιν
2819 1569 2964 1639 ήνῦξ
2993 1569 3243 1622 ἀνείλετο
3275 1571 3457 1636 φύσιν,
3493 1571 3585 1622 καὶ
3618 1570 3704 1621 διὰ
3730 1569 3943 1620 πάντων

2383 1663 2410 1712 ὁ
2449 1660 2698 1729 λαμπρὸς
2728 1661 3128 1729 ἀνεκηρύττετο
3158 1661 3511 1727 στεφανίτης,
3556 1664 3636 1720 είς
3668 1658 3828 1723 δόξαν
3858 1657 3943 1709 τοῦ

2387 1750 2520 1803 Θεοῦ
2573 1751 2800 1820 Πατρδς,
2829 1753 2924 1804 καὶ
2973 1752 3177 1820 Κυρίου
3214 1750 3369 1820 ἡμῶν
3412 1749 3586 1818 Ἰησοῦ
3621 1749 3880 1820 Χριστοῦ,
3905 1742 3946 1816 ᾧ

2393 1843 2593 1909 πρέπει
2623 1843 2778 1912 τιμὴ,
2829 1842 3028 1913 κράτος
3062 1845 3141 1905 είς
3177 1842 3301 1906 τοὺς
3333 1839 3535 1903 αἰῶνας
3571 1841 3681 1892 τῶν
3713 1843 3942 1893 αἰώνων.

2394 1934 2448 1985 Ἀ
2462 1941 2585 2002 μὴν.

1650 2108 3926 2134 mw

1107 2267 1734 2353 ΜΑΡΤΥΡΙΟΝ
1809 2269 2035 2353 ΤΟΥ
2108 2269 2441 2354 ΛΓΙΟΥ
2520 2270 3550 2355 ΜΕΓΑΛΟΜΑΡΤΥΡΟΣ

1787 2459 2885 2595 ΣΕΥΗΡΙΑΝΟΥ.

979 2883 1513 2975 MARTYRI
1544 2885 1700 2974 UM

3711 2660 3726 2704 ἓ

1823 2884 2233 2970 SANCTI
2345 2881 2494 2969 ET
2593 2879 2967 2972 MAGNI
3087 2876 3699 2969 MARTYHIS

1942 3092 2750 3208 SEVERIANI.

1171 3322 1364 3374 (Grece
1404 3331 1468 3368 ex
1497 3320 1605 3367 cod.
1631 3331 1722 3369 ms.
1767 3316 1928 3366 Paris.
1962 3329 2011 3364 n.
2043 3315 2184 3376 1525,
2214 3329 2328 3366 sec.
2355 3329 2448 3376 xn;
2483 3315 2658 3368 Latine
2681 3319 2806 3380 apud
2835 3318 3032 3368 Surium
3055 3319 3114 3367 ad
3141 3320 3270 3367 diem
3295 3319 3324 3365 9
3355 3317 3523 3378 Sept.)

2300 3494 2374 3511 β

795 3626 836 3678 1.
867 3622 1073 3676 Licinio
1099 3621 1265 3687 impio
1288 3621 1614 3686 imperante,
1669 3615 1879 3685 Lysias,
1910 3616 1999 3683 qui
2030 3625 2157 3670 tunc
2184 3627 2295 3672 erat

2471 3622 2549 3675 A'.
2575 3617 2848 3672 Λικιννίου
2879 3615 2972 3670 τοῦ
2993 3614 3290 3678 δυσσεϐοῦς
3307 3613 3709 3687 βασιλεύοντος,
3745 3615 3968 3684 Λυσίας,

726 3716 857 3778 dux,
894 3715 1220 3782 properabat
1253 3725 1282 3764 e
1316 3711 1560 3763 Caesarea
1597 3709 1782 3763 venire
1826 3707 2112 3764 Sebasten.
2157 3709 2293 3764 Eum

729 3806 877 3861 enim
917 3804 1145 3858 vocabat
1181 3811 1396 3871 tempus
1431 3809 1730 3872 martyrum
1770 3801 1977 3856 Christi
2014 3821 2028 3856 :
2058 3803 2293 3868 illorum,

730 3903 973 3968 inquam,
1008 3895 1230 3949 Victoria
1267 3893 1556 3963 insignium
1585 3893 1962 3960 quadraginta.
2006 3892 2298 3959 Postquam

729 4001 912 4042 autem
957 3987 1065 4038 illis
1097 3986 1162 4038 ad
1203 3985 1364 4036 linem
1401 3980 1650 4050 pervenit
1682 3981 2021 4052 martyrium,
2054 3980 2298 4036 Severia-

732 4095 836 4133 nus
884 4091 1102 4147 quoque
1142 4075 1208 4130 ad
1260 4074 1450 4129 ducem
1507 4073 1767 4128 defertur.
1828 4075 1953 4130 Fuit
1989 4085 2166 4130 autem
2208 4076 2299 4130 hic

734 4173 815 4225 vir
863 4170 1090 4240 insignis
1144 4169 1364 4220 virtute.
1414 4165 1783 4218 Nuntiabatur
1836 4180 1988 4228 vero,
2023 4168 2166 4234 quod
2215 4168 2303 4220 hic

735 4263 1062 4316 Severianus
1092 4273 1198 4310 non
1233 4257 1406 4310 solum
1441 4253 1807 4310 Christianam
1841 4264 2053 4310 teneret
2086 4255 2302 4325 religio-

735 4367 884 4415 nem,
934 4360 989 4405 et
1045 4349 1246 4403 cultum
1287 4349 1529 4419 gentium
1585 4346 1802 4416 probris
1856 4363 1919 4403 ac
1957 4349 2304 4404 contumeliis

736 4451 924 4511 aperte
981 4439 1254 4503 alliceret;
1311 4437 1407 4491 sed
1461 4437 1626 4490 etiam
1683 4436 1880 4488 inultos
1936 4453 2000 4490 ex
2053 4438 2306 4506 gentibus

737 4532 1034 4600 decipiens,
1087 4532 1156 4583 ad
1205 4545 1364 4582 suum
1400 4527 1570 4582 Deum
1607 4526 1920 4581 adduceret.
1957 4526 2159 4581 Praeter
2193 4527 2309 4583 haec

740 4622 903 4684 etiam
955 4621 1088 4674 alias
1137 4620 1477 4674 intentabant
1525 4619 1573 4673 ei
1624 4618 2056 4684 criminationes,
2114 4632 2309 4689 nempe

738 4714 881 4784 quod
914 4712 1272 4785 quadraginta
1315 4711 1557 4769 illorum.
1606 4711 1697 4777 qui
1728 4710 1888 4778 paulo
1922 4717 2049 4764 ante
2083 4711 2310 4764 viriliter

740 4809 1174 4869 decertaverant,
1211 4813 1265 4857 et
1304 4817 1482 4872 neque
1513 4809 1906 4856 tormentorum
1941 4801 2306 4870 experientia,

741 4911 914 4965 neque
956 4897 1222 4951 honorum
1258 4894 1544 4964 promissis
1589 4895 1904 4955 cessissent,
1937 4893 2029 4948 sed
2063 4895 2310 4948 eumdem

743 4997 942 5042 statum
977 5003 1146 5057 usque
1174 4987 1241 5040 ad
1269 4995 1500 5040 mortem
1529 4999 1638 5055 pm
1667 5000 1724 5039 se
1757 4986 2030 5045 tulissent,
2065 4984 2312 5038 Severia-

745 5092 849 5131 nus
900 5077 1062 5131 fuerit
1116 5077 1386 5145 praecipua
1437 5091 1598 5129 causa
1633 5091 1822 5128 eorum
1873 5075 2173 5130 tolerantiae
2208 5091 2222 5127 :
2263 5086 2318 5129 et

743 5168 886 5240 quod
926 5183 1048 5223 cum
1091 5168 1285 5221 multas
1320 5166 1543 5220 haberet
1587 5165 1892 5229 facultates,
1930 5166 2137 5219 nullum
2169 5165 2316 5220 sine-

744 5270 830 5316 ret
857 5276 1014 5332 egere
1040 5276 1106 5315 ex
1149 5261 1217 5316 iis
1241 5261 1332 5329 qui
1364 5267 1521 5312 erant
1549 5256 1792 5327 ejusdem
1826 5257 2147 5320 sententiae;
2181 5256 2314 5326 quin

747 5352 909 5407 etiam
941 5367 1034 5406 eos
1062 5351 1154 5420 qui
1199 5349 1617 5405 includebantur
1646 5349 1700 5402 in
1729 5348 2010 5410 custodiis,
2038 5359 2319 5418 propterea

746 5438 893 5507 quod
948 5437 1212 5491 mutarint
1265 5437 1604 5506 religionem,
1659 5451 1768 5488 non
1819 5436 2045 5499 sineret,
2100 5449 2319 5506 propter

746 5544 930 5584 rerum
981 5526 1414 5582 necessariarum
1451 5527 1825 5596 indigentiam,
1880 5528 2162 5582 meliorum
2199 5544 2319 5582 sus-

748 5621 934 5691 cipere
970 5623 1296 5676 sententiam
1335 5634 1350 5671 :
1383 5620 1476 5672 sed
1525 5620 1733 5672 affatim
1813 5620 1894 5672 eis
1947 5621 2319 5689 suppeditans,

749 5713 1000 5768 redderet
1051 5711 1505 5782 impudentiores.
1555 5712 1618 5765 Et
1667 5712 1780 5766 haec
1829 5711 2043 5780 quidem
2099 5714 2321 5778 invidia,

754 5822 820 5861 ex
851 5809 1086 5864 veritate
1119 5822 1238 5862 sum

2397 3713 2457 3766 τὸ
2486 3711 2782 3782 τηνικαῦτα
2811 3709 2933 3776 δοῦξ
2966 3709 3062 3775 ὢν,
3088 3715 3153 3764 ἐκ
3177 3709 3513 3778 Καισαρείας
3539 3708 3799 3776 γενέσθαι
3834 3709 3970 3761 κατὰ

2397 3805 2495 3872 τὴν
2539 3801 2867 3855 Σεϐαστείαν
2920 3798 3183 3850 ἔσπευδεν
3204 3815 3217 3828 ⁸
3247 3797 3430 3849 ἐκάλει
3481 3800 3587 3866 γὰρ
3616 3799 3782 3850 αὑτὸν
3806 3803 3833 3852 δ
3859 3818 3972 3852 καιο

2402 3893 2493 3963 pb;
2516 3893 2622 3943 τῶν
2650 3891 2885 3959 Χριστοῦ
2920 3887 3236 3958 μαρτύρων,
3271 3886 3382 3938 τῶν
3425 3887 3779 3950 καλλινίκων,
3806 3895 3968 3960 φημὶ,

2399 3983 2825 4054 τεσσαράκοντα.
2867 3981 2952 4043 Ὠς
2987 3975 3079 4034 οῦν
3114 3978 3344 4042 ἐκείνοις
3371 3979 3432 4032 τὸ
3464 3978 3765 4049 μαρτύριον
3807 3984 3973 4050 πέρας

2402 4072 2536 4145 εἶχε,
2561 4074 2816 4146 γνώριμα
2848 4074 2923 4142 τῷ
2967 4072 3123 4126 δουκὶ
3151 4073 3244 4126 καὶ
3266 4070 3336 4123 τὰ
3370 4072 3499 4140 περὶ
3531 4071 3863 4142 Σευηριανοῦ
3896 4074 3974 4141 γί-

2402 4185 2568 4222 νεται.
2601 4168 2764 4238 Ἀνὴρ
2789 4167 2844 4219 δὲ
2865 4164 3018 4228 οὗτος
3049 4166 3149 4236 τὴν
3177 4164 3375 4237 ἀρετὴν
3404 4165 3710 4232 διαϐόητος.
3751 4167 3976 4233 Ἠγγέλ-

2401 4260 2524 4310 ).ετο
2546 4259 2600 4309 δὲ
2623 4261 2703 4310 ὅτι
2735 4260 3058 4328 Σευηριανὸς
3088 4253 3244 4318 οὗτος
3272 4257 3329 4307 ού
3366 4257 3528 4324 μόνον
3550 4257 3618 4307 τὰ
3635 4258 3979 4325 Χριστιανῶν

2405 4351 2490 4420 εἴη
2540 4349 2886 4420 πρασσεύων,
2936 4348 3238 4416 ἐξυϐρίζων
3292 4346 3348 4398 δέ
3409 4346 3544 4415 πρὸς
3599 4347 3666 4396 τὰ
3709 4338 3976 4414 Ἑλλήνων

2407 4444 2833 4512 ἐπιφανέστατα,
2889 4439 3003 4494 ἀλλ’
3061 4440 3148 4493 ὅτι
3205 4438 3297 4493 καὶ
3336 4439 3572 4500 πολλοὺς
3602 4430 3739 4493 ὅσαιχ
3780 4439 3977 4509 ἡμέραι

2407 4534 2512 4584 τῶν
2543 4535 2827 4603 ἡμετέρων
2852 4530 3143 4596 ἐξαπατῶν
3178 4530 3254 4599 τῷ
3285 4530 3483 4583 ἑαυτοῦ
3521 4531 3793 4598 προσάγει
3854 4531 3980 4599 Χρι⁶

2412 4625 2545 4695 στῷ.
2570 4625 2710 4694 Πρὸς
2740 4624 2946 4684 τούτοις
2977 4622 3068 4673 καὶ
3097 4622 3265 4681 ἄλλας
3300 4619 3451 4687 αὐτῷ
3487 4620 3822 4687 κατηγορίας
3853 4623 3983 4690 ἐπῆ-

2411 4732 2528 4784 γον,
2569 4716 2650 4766 ὅτι
2681 4729 2763 4777 τε,
2803 4713 2910 4763 τῶν
2935 4712 3040 4782 πρὸ
3075 4708 3275 4781 μικροῦ
3299 4707 3708 4779 τεσσαράκοντα
3731 4712 3984 4775 γενναίως

2412 4805 2843 4878 ἁνδρισαμένων,
2875 4803 2966 4856 καὶ
3002 4805 3140 4874 μήτε
3184 4801 3438 4873 βασάνων
3471 4801 3653 4872 πείρᾳ,
3684 4801 3824 4869 μήτε
3855 4801 3985 4865 ἀγα-

2415 4894 2521 4946 Θῶν
2550 4893 2902 4960 ἐπαγγελίαις
2967 4889 3518 4956 ἐνδεδωκότων,ἀλλά
3545 4889 3711 4960 μέχρι
3751 4889 3986 4944 Θανάτου

2414 4986 2797 5053 διενεγκόντων
2819 4987 2918 5054 τὴν
2945 4985 3215 5049 ἔνστασιν,
3247 4983 3579 5056 Σευηριανὸς
3604 4982 3688 5047 εἴη
3723 4986 3827 5050 τῆς
3851 5001 3985 5055 καρο

2411 5080 2595 5150 τερίας
2648 5079 2846 5146 ταύτης
2877 5079 2904 5129 ὁ
2943 5076 3286 5141 αἰτιώτατος,
3310 5079 3403 5129 καί
3434 5077 3538 5135 ὃτι,
3581 5079 3737 5144 φησι,
3777 5077 3987 5128 πολλῶν

2415 5171 2706 5240 χρημάτων
2742 5169 2928 5240 κύριος
2964 5168 3038 5220 ὢν
3067 5169 3255 5220 οὐδένα
3287 5167 3393 5218 τῶν
3420 5165 3696 5236 ὁμοδόξων
3723 5168 3983 5220 πένεσθαι

2416 5261 2653 5330 παρορᾷ,
2681 5260 2817 5312 ἀλλὰ
2873 5257 2967 5310 καὶ
2997 5260 3122 5319 τοὺς
3158 5259 3216 5309 ἐν
3250 5257 3522 5325 φυλακαῖς
3585 5255 3988 5326 κατακλειομέ-

2417 5371 2537 5416 νους
2575 5351 2664 5403 διὰ
2713 5351 2813 5417 τὴν
2860 5353 2923 5403 ἐκ
2964 5349 3059 5418 τῆς
3116 5348 3412 5420 Θρησκείας
3461 5347 3643 5399 αὐτῶν
3697 5347 3988 5414 μετάθεσιν

2415 5446 2514 5497 οῦκ
2552 5445 2616 5512 ἐᾷ
2647 5445 2712 5513 τῇ
2745 5443 2922 5514 ἐνδείᾳ
2965 5441 3073 5493 τῶν
3119 5441 3436 5507 ἀναγκαίων
3483 5436 3758 5506 φρονῆσαί
3794 5457 3846 5492 τι
3875 5439 3991 5506 sei.-

2417 5552 2552 5598 τιον,
2571 5533 2706 5584 ἀλλὰ
2734 5532 2966 5602 δαψιλῶς
2990 5531 3242 5600 παρέχων
3267 5526 3646 5599 ἰταμωτέρους
3671 5529 3983 5595 καθίστησι.

2421 5629 2529 5678 Καὶ
2555 5625 2724 5677 ταῦτα
2744 5626 2838 5693 μὲν
2869 5627 2895 5676 ὁ
2927 5622 3121 5692 φθόνος
3156 5623 3219 5674 ἐκ
3261 5620 3362 5689 τῆς
3387 5618 3653 5690 ἀληθείας
3685 5619 3984 5688 λαμϐάνων

2422 5721 2516 5780 τὰς
2551 5718 2824 5800 ἀφορμάς.
