4158 6546
187 474 283 535 641
1291 470 1752 532 MARTYRIUM
1794 470 1835 529 S
1898 469 2334 532 SEVERIANI.

252 582 324 639 [ι’.
370 581 437 636 Ἦ
466 582 519 634 δὲ
544 582 631 633 τοῦ
659 584 849 646 dou-4h;
886 581 1029 653 ἀκοὴ
1083 581 1295 650 ιδέχετο
1322 583 1391 635 τὰ
1415 580 1760 648 προσαγγε)...

1938 579 2005 636 ll.
2038 579 2166 646 Quae
2204 595 2338 635 vero
2368 581 2783 646 nuntiabantur,
2837 582 2946 638 dux
2987 582 3179 648 audiit,
3235 583 3431 653 partim

183 675 407 744 λόμενα,
443 673 603 727 τοῦτο
635 674 732 743 μὲν
764 674 1025 743 ήδομένη,
1049 671 1209 726 τοῦτο
1226 670 1281 724 δὲ
1310 671 1404 724 καὶ
1428 672 1565 740 πρὸς
1591 671 1761 739 ὀργὴν

1869 672 2077 741 quidem
2111 673 2285 736 hctus,
2319 674 2516 743 partim
2564 677 2743 728 autem
2773 674 2837 728 ad
2876 675 3008 727 iram
3065 675 3316 744 protinus
3350 672 3435 728 iu-

3325 472 3430 535 642

184 766 344 827 εὐθὺς
400 764 783 835 ἑρεθιζομένη.
845 766 1042 819 “Hac-r0
1105 763 1203 834 μὲν
1224 762 1333 832 γάρ
1360 758 1440 823 οἷς
1474 765 1566 814 καὶ
1602 760 1760 824 αὖθις

184 855 437 920 κολάζειν
456 855 705 925 ἔμελλεν,
725 857 861 926 ὅπερ
884 852 952 925 ἦν
975 854 1124 925 αύτῷ
1153 854 1222 908 δι’
1245 853 1526 923 ὠμότητος
1546 844 1762 922 περιου-

190 946 315 999 σίαν
368 945 432 999 τὸ
487 946 880 1018 χαριέστατον·
929 946 1152 1021 ἐξήγετο
1182 945 1238 999 δὲ
1272 948 1409 1014 πρὸς
1464 945 1634 1014 ὀργὴν
1679 940 1760 1006 οἷς

183 1037 320 1099 ὅλως
359 1037 670 1106 ἐμάνθανεν
700 1033 841 1090 εἷναί
861 1054 982 1091 τινα
999 1036 1092 1090 τὸν
1120 1036 1428 1107 θαρροῦντα
1444 1038 1541 1105 τῆς
1564 1036 1761 1088 τοσαύ-

182 1144 282 1195 της
353 1128 523 1183 αύτοῦ
581 1129 775 1199 μανίας
830 1128 1124 1199 ὑπεριδεῖν.
1188 1128 1466 1181 Ἐϐούλετο
1501 1129 1629 1198 γὰρ
1667 1128 1760 1181 καὶ

186 1217 325 1288 μόνῃ
357 1219 424 1287 τῇ
473 1218 630 1288 φήμῃ
676 1218 774 1289 τῆς
826 1217 1151 1288 ἀγριότητος
1208 1218 1335 1279 τοὺς
1385 1217 1475 1269 τὸν
1524 1218 1759 1283 Χριστὸν

183 1308 629 1377 προσκυνοῦντας
653 1310 1021 1380 ὑποπτήσσειν
1046 1308 1226 1373 αὐτὸν,
1249 1310 1344 1361 καὶ
1369 1310 1447 1369 είς
1498 1310 1757 1377 ἐσχάτους

187 1402 396 1469 μυχοὺς
425 1400 872 1470 ἀποκρύπτεσθαι
900 1416 912 1429 ·
946 1402 1030 1453 ἵνα
1057 1399 1114 1452 δὲ
1142 1404 1234 1452 καὶ
1258 1401 1331 1469 μὴ
1357 1400 1534 1469 μάτην
1555 1400 1757 1464 Λυσίας

184 1494 620 1564 κατονομάζοιτο
643 1495 859 1565 (ὲλύττα
884 1497 994 1563 γάρ
1027 1494 1165 1547 κατὰ
1190 1494 1532 1564 Χριστιανῶν
1559 1492 1758 1547 λύτταν

184 1584 447 1662 ἄμαχον),
483 1585 802 1638 ἀποστέλλει
823 1585 975 1646 τινάς
999 1585 1138 1655 μετά
1164 1585 1395 1655 φοϐεροῦ
1450 1584 1542 1637 τοῦ
1576 1586 1761 1637 κελεύ-

188 1694 397 1745 σματος
431 1681 782 1751 ἀνάρπαστον
851 1681 1052 1735 αὐτίκα
1112 1683 1440 1752 Σευηριανὸν
1510 1682 1757 1746 ἄξοντας.

182 1769 247 1821 Τί
276 1769 336 1821 δὲ
372 1770 528 1823 δτοῦ
582 1771 823 1843 Χριστοῦ
883 1773 1260 1843 στρατιώτηςς
1311 1757 1444 1825 ossi
1508 1774 1759 1842 ἀνέμεινε

180 1862 306 1922 τοὺς
353 1862 734 1931 πεμφθέντας,
764 1863 904 1917 ἀλλὰ
938 1866 1150 1931 φθάσας
1198 1864 1375 1918 αὐτῶν
1421 1864 1519 1933 τὴν
1576 1864 1758 1931 ἄφιξιν

182 1951 259 2021 τῷ
312 1954 471 2007 δουκὶ
504 1956 775 2025 παρέστη,
812 1958 906 2008 καὶ
944 1956 1254 2025 παρρησίας
1285 1952 1423 2008 εἶναι
1449 1955 1539 2008 τὸν
1569 1956 1760 2025 καιρὸν

183 2040 549 2111 λογισάμενος
586 2081 601 2106 ,
638 2039 708 2094 Ὠ
743 2045 936 2106 Λυσία,
989 2046 1173 2113 φησιν,
1224 2044 1319 2113 οὐχ
1357 2046 1537 2098 ἱκανόν
1571 2062 1652 2098 00:.
1702 2046 1761 2098 τὸ

184 2134 351 2202 μόνον
376 2133 713 2187 ἀπόλλυσθαι
744 2136 836 2188 καὶ
870 2136 1012 2188 κατά
1054 2136 1280 2191 σεαυτοῦ
1312 2137 1371 2191 τὸ
1396 2138 1545 2206 ξίφος
1578 2135 1762 2202 ὠθεῖν,

181 2225 321 2276 ἀλλά
362 2228 457 2277 καὶ⁵
487 2226 583 2288 τὰς
610 2228 880 2297 ἡμετέρας
908 2227 1082 2296 βούλει
1138 2230 1514 2299 παραπολέσαι
1562 2230 1759 2299 ψυχὰς,

179 2318 273 2368 καὶ
303 2314 381 2377 ὡς
411 2315 647 2386 ἕρμαιόν
698 2336 750 2371 τι
808 2319 1009 2383 ταύτας
1066 2323 1176 2381 τοῖς
1235 2321 1457 2389 δαίμοσι
1487 2324 1597 2383 τοῖς
1648 2324 1762 2383 σοῖς

178 2409 525 2476 παρασχεῖνς
574 2409 716 2462 Ἀλλ’
754 2411 864 2463 ἴσθι
905 2413 1001 2482 μὲν
1030 2414 1103 2475 ὡς
1158 2413 1259 2465 οὐκ
1304 2412 1589 2481 ἀγεννέσιν
1644 2411 1761 2464 οὐδὲ

181 2499 545 2568 μικροψύχοις
601 2503 944 2572 περιτύχοις·
979 2506 1103 2572 ἐμοὶ
1162 2506 1270 2573 γὰρ
1326 2504 1470 2557 κατά
1510 2506 1601 2557 τὸν
1632 2505 1764 2573 ἐμὸν

177 2590 505 2646 διδάσκαλον
562 2594 771 2647 Παῦλον
846 2597 910 2647 τὸ
971 2594 1078 2661 ζῆν
1134 2596 1407 2661 Χριστὸς,
1465 2598 1556 2648 καὶ
1591 2598 1658 2647 τὸ
1690 2596 1762 2648 δι’

179 2681 423 2735 ἐκεῖνον
449 2683 777 2737 ἀποθανεῖν
809 2683 1021 2751 κέρδος
1048 2684 1358 2752 μέγιστον.

250 2854 327 2909 1".
351 2856 578 2921 Τούτοις
607 2860 634 2911 δ
651 2859 892 2932 ἀθλητὴς
916 2862 1010 2913 τὸν
1036 2864 1133 2933 τῆς
1158 2864 1417 2925 ἀπονοίας
1436 2863 1647 2934 πύργον
1676 2867 1767 2918 εν-

182 2945 280 3009 θὺς
317 2949 565 3003 ἐνέσεισε
597 2951 690 3004 τοῦ
725 2952 1049 3024 ἀλάστορος,
1080 2954 1238 3007 τοῦτο
1267 2956 1364 3023 μὲν
1393 2956 1475 3007 ὅτι
1527 2958 1659 3025 παρ’
1682 2957 1760 3007 ελ.

181 3039 315 3094 πίὸα
349 3041 533 3094 πᾶσαν
574 3042 710 3111 μηδὲ
751 3043 1019 3112 κληθῆναι
1067 3046 1393 3112 περιμείνας
1445 3046 1763 3112 ἀπήντησε·

180 3131 347 3184 τοῦτο
379 3132 439 3185 δὲ
477 3133 559 3185 ὅτι
601 3134 694 3185 καὶ
720 3134 932 3203 ἀπίστῳ
956 3134 1125 3205 τόλμῃ
1169 3135 1302 3205 παρ’
1333 3134 1466 3188 αὐτὸ
1496 3133 1559 3187 τὸ
1587 3135 1766 3205 φανῇ·

182 3240 275 3275 ναι
311 3223 477 3292 μόνον
506 3223 795 3293 ἐχρήσατο.
841 3224 1084 3279 Ἐσιώπα
1133 3227 1266 3295 γοῦν
1302 3227 1387 3295 ἐφ’
1417 3227 1601 3282 ἱκανὸν
1653 3233 1765 3291 τοῖς

182 3314 334 3375 ὅλοις
367 3312 671 3382 διαπορῶν.
725 3312 861 3369 Εἶτα
901 3316 1073 3368 δεινὸν
1128 3316 1407 3385 ἐμϐλέψας
1453 3319 1565 3379 τοῖς
1626 3336 1767 3387 παρ-

186 3402 418 3465 εστῶσι,
445 3402 539 3455 καὶ
558 3406 622 3473 τῇ
646 3405 790 3474 χειρὶ
818 3404 1148 3476 παραδείξας
1177 3404 1268 3458 τὸν
1304 3407 1561 3477 μάρτυρα
1583 3421 1597 3436 ο
1631 3406 1771 3459 Nati-

184 3514 329 3567 ροις,
363 3494 545 3561 εἶπεν,
608 3498 777 3569 ὠμοῖς
802 3498 875 3562 ὼς
914 3499 1075 3567 τάχος
1098 3498 1528 3563 καταξαινέσθω,
1549 3497 1636 3551 ἵνα
1666 3499 1771 3551 κᾶν

180 3589 360 3652 οὕτως
395 3588 656 3658 αἴσθηται
686 3590 813 3641 οἴων
853 3588 1003 3657 αύτῷ
1052 3590 1312 3658 πρόξενον
1372 3589 1433 3642 τὸ
1482 3594 1773 3661 πεπαρρη-

182 3668 419 3731 σιάσθαὶ
466 3680 541 3747 μὴ
588 3680 727 3730 κατά
779 3680 972 3748 καιρὸν
1006 3678 1234 3745 γίνεται.
1296 3677 1355 3732 Ὀ
1392 3681 1489 3749 μὲν
1517 3680 1581 3749 δὴ
1626 3680 1769 3732 οὕτω

181 3770 532 3837 τυπτόμενος
562 3769 778 3840 ἔχαιρεν
804 3764 883 3833 οἷς
912 3770 1051 3839 ὑπὲρ
1077 3769 1312 3839 Χριστοῦ
1346 3771 1446 3834 τὰς
1500 3770 1771 3841 βασάνους

185 3862 465 3930 ὑπέφερε,
495 3861 589 3914 καὶ
639 3861 698 3914 τὺ
747 3861 1024 3932 ψαλμικδν
1083 3863 1261 3914 ἐκεῖνο
1316 3862 1567 3933 καθάπερ
1628 3863 1771 3935 ᾠδὴν

184 3951 520 4018 ἀλεξίκακον
546 3953 711 4023 ἐπῇδε
743 3956 849 4017 τοίς
878 3953 1191 4025 τραύμασιν
1212 3994 1227 4020 ,
1260 3954 1385 4007 Ἐπὶ
1418 3954 1536 4007 τῶν
1568 3957 1772 4008 νώτων

178 4063 326 4114 μου,
347 4045 547 4113 λέγων,
576 4044 916 4098 ἐτέκταινον
945 4049 999 4098 οι
1035 4046 1391 4113 ἁμαρτωλοὶ,
1425 4044 1770 4113 ἐμάκρυναν

183 4137 306 4203 τὴν
330 4136 590 4202 ἀνομίαν
622 4132 848 4188 αὐτῶνθ
880 4134 975 4188 καὶ
1004 4134 1101 4195 τὰς
1134 4134 1347 4205 πληγάς
1376 4138 1615 4189 ἐποιεῖτο
1670 4137 1770 4207 τῆς

183 4231 329 4299 πρδς
363 4226 600 4296 Χριστὸν
630 4226 847 4298 ἀγάπης
888 4228 1249 4296 ὑπέκκαυμα.
1291 4226 1349 4280 Ὀ
1404 4227 1663 4299 τύραννος
1714 4229 1771 4282 δὲ

184 4320 316 4373 ἐπεὶ
354 4321 484 4382 τοὺς
519 4320 877 4390 μαστίζοντας
910 4318 1062 4389 ἐώρα
1096 4320 1407 4391 κάμνοντας
1431 4323 1655 4393 μᾶλλον,
1678 4322 1770 4374 τὸν

189 4411 456 4483 μάρτυρα
490 4412 546 4464 δὲ
572 4412 650 4482 τῷ
706 4413 934 4483 πάσχειν
975 4412 1339 4483 φαιδροτέραν
1393 4413 1490 4482 τὴν
1519 4412 1643 4481 δψιν
1694 4413 1772 4485 τῷ

187 4506 339 4571 φωτὶ
369 4503 659 4557 δεικνύντα
692 4504 785 4555 τοῦ
810 4504 1147 4572 πνεύματος,
1174 4504 1284 4557 τῶν
1327 4504 1607 4575 μαστίγων
1633 4506 1763 4558 ἀνε-

1864 762 2079 813 citutus.
2124 760 2259 815 Nam
2312 762 2595 816 laetabatur
2645 764 2890 832 quidem,
2940 764 3082 833 quod
3126 780 3245 818 mox
3288 773 3437 819 esset

1864 850 2169 918 puniturus,
2227 854 2370 921 quod
2431 863 2652 923 propter
2710 870 2983 909 summam
3052 855 3434 910 crudelitatem

1861 950 1982 995 erat
2027 941 2074 994 ei
2116 942 2575 1009 jucundissimum
2622 961 2638 999 :
2692 943 2771 997 ira
2802 951 2981 996 autem
3038 944 3435 1004 concitabatur.

1863 1032 2006 1100 quod
2060 1032 2381 1103 intelligeret
2431 1035 2652 1088 omnino
2686 1050 2806 1089 esse
2836 1035 3095 1104 aliquem,
3131 1036 3223 1104 qui
3261 1037 3434 1091 aude-

1864 1133 1946 1177 ret
1974 1125 2255 1193 despicere
2302 1133 2504 1179 tantam
2543 1127 2663 1195 ejus
2702 1128 2992 1181 insaniam.
3028 1125 3263 1183 Volebat
3293 1130 3434 1183 enim

1863 1213 1948 1265 \‘el
1981 1215 2092 1267 sola
2147 1215 2288 1268 fama
2328 1217 2622 1271 auditionis
2653 1232 2746 1272 eos
2784 1219 2874 1288 qui
2908 1218 3186 1273 Christum
3240 1221 3437 1275 adora-

1863 1304 2014 1364 bant.
2048 1306 2224 1371 ipsum
2276 1308 2590 1372 formidare,
2636 1318 2689 1362 et
2737 1310 2793 1363 in
2843 1314 3103 1367 extremis
3143 1314 3307 1368 latere
3348 1331 3439 1384 pc-

1863 1394 2160 1452 netralibus
2212 1406 2265 1450 et
2317 1398 2578 1456 latibulis.
2617 1399 2694 1456 Ne
2739 1410 2920 1456 autem
2959 1412 3165 1459 temere
3212 1407 3439 1477 appella-

1862 1494 2012 1540 retur
2072 1486 2257 1557 Lysias
2289 1488 2446 1560 (erat
2484 1492 2628 1547 enim
2668 1494 2976 1550 vehementi
3006 1497 3154 1552 rabie
3198 1499 3439 1568 percitus

1862 1578 2124 1635 adversus
2168 1579 2569 1653 Christianos),
2606 1586 2774 1641 mittit
2820 1589 3081 1657 quosdam
3121 1604 3247 1647 cum
3280 1590 3436 1660 jussu

1864 1673 2113 1737 terribili,
2172 1675 2264 1744 qui
2317 1673 2672 1731 Severianum
2713 1694 2840 1733 mox
2873 1681 3197 1748 arriperent,
3266 1691 3321 1735 et
3368 1683 3433 1735 ad

1863 1780 1922 1819 se
1983 1767 2338 1823 adducerent.
2398 1769 2539 1834 Quid
2602 1781 2784 1825 autem
2846 1770 3053 1826 Christi
3115 1771 3305 1827 miles?
3358 1772 3437 1829 Ne

1862 1856 2200 1923 exspectavit
2258 1858 2475 1925 quidem
2534 1874 2628 1913 eos
2682 1860 2773 1928 qui
2835 1860 2988 1914 missi
3043 1860 3281 1925 fuerant,
3342 1864 3439 1917 sed

1863 1961 2053 1999 eorum
2106 1948 2399 2002 adventum
2443 1950 2769 2019 auticipans,
2820 1954 3053 2007 accessit
3103 1954 3168 2006 ad
3216 1953 3436 2016 ducem,

1862 2047 1917 2093 et
1957 2044 2213 2108 reputans
2249 2053 2372 2093 esse
2426 2050 2642 2107 tempus
2682 2041 2937 2109 loquendi
2978 2044 3146 2097 libere
3182 2043 3268 2098 :0
3331 2043 3438 2115 Ly-

1863 2130 1965 2193 sia,
2013 2130 2209 2198 inquit,
2254 2144 2362 2183 non
2409 2129 2605 2185 suilicit
2656 2130 2748 2184 tibi
2792 2131 2969 2187 solum
3019 2132 3199 2201 perire
3277 2142 3333 2187 et
3381 2134 3435 2187 in

1865 2224 2097 2291 teipsum
2133 2237 2321 2277 ensem
2356 2222 2657 2293 impellere,
2706 2222 2803 2277 sed
2851 2234 3066 2279 nostras
3112 2225 3193 2279 vis
3226 2240 3441 2294 quoque

1862 2314 2089 2379 perdere
2140 2316 2370 2375 animas,
2411 2322 2465 2367 et
2516 2329 2607 2367 eas
2650 2322 2902 2381 tanquam
2958 2317 3165 2369 lucrum
3220 2314 3438 2384 aliquod

1867 2405 1972 2459 tuis
2012 2405 2253 2474 praebere
2287 2404 2625 2459 daemonibus
2652 2404 2675 2457 ἲ
2702 2403 2810 2459 Sed
2842 2404 2983 2460 scias
3029 2422 3172 2460 nunc
3209 2416 3260 2460 te
3299 2408 3442 2461 inci-

1865 2496 2013 2553 disse
2060 2497 2113 2550 iu
2161 2497 2305 2551 viros
2350 2495 2542 2560 fortes,
2594 2503 2648 2551 et
2692 2496 2784 2566 qui
2832 2511 2941 2550 non
2988 2508 3117 2551 sunt
3160 2498 3341 2567 pusilli
3386 2510 3443 2554 et

1866 2591 2064 2659 ahjecti
2120 2590 2307 2644 animi.
2368 2588 2493 2642 Mihi
2556 2591 2703 2643 enim
2759 2591 2858 2651 (ut
2911 2590 2988 2642 ait
3040 2574 3478 2647 οπεος-ἀρείον’

1865 2679 2093 2749 Paulus)
2138 2681 2304 2733 vivere
2344 2689 2419 2733 est
2464 2679 2723 2743 Christus,
2774 2689 2827 2733 et
2874 2690 3096 2749 propter
3126 2682 3275 2735 illum
3307 2683 3442 2736 mori

1868 2772 2069 2825 lucrum
2100 2781 2182 2825 est
2214 2772 2504 2825 maximum
2530 2772 2573 2823 ⁸.

1940 2866 2029 2921 Ill.
2074 2864 2170 2919 His
2200 2866 2402 2919 athleta
2430 2862 2678 2919 amentiae
2706 2859 2891 2918 arc'em
2928 2863 3111 2918 statim
3146 2862 3444 2918 labefacta-

1874 2958 1953 3010 vit
2012 2956 2175 3023 hujus
2240 2954 2660 3017 cacodzemonis,
2732 2954 2925 3024 partim
2989 2955 3237 3024 quidem,
3299 2954 3444 3025 quod

1870 3056 2067 3115 praeter
2112 3061 2263 3113 spem
2314 3061 2555 3107 onmem,
2603 3058 2672 3099 ne
2728 3047 3061 3115 exspectavit
3113 3047 3333 3115 quidem
3386 3057 3446 3103 ut

1869 3146 2183 3202 vocaretur;
2237 3137 2429 3205 partim
2484 3145 2665 3190 autem
2738 3137 2881 3204 quod
2934 3137 3062 3191 dum
3120 3139 3444 3206 comparuit,

1878 3228 2178 3284 incredibili
2212 3243 2343 3284 usus
2378 3237 2459 3283 est
2486 3226 2731 3283 audacia.
2777 3227 2943 3283 Siluit
2980 3229 3162 3299 itaque
3202 3228 3447 3301 aliquan-

1877 3321 2068 3384 tulum,
2103 3325 2258 3386 plane
2302 3320 2468 3373 animi
2521 3319 2721 3373 dubius
2768 3329 2824 3373 et
2872 3320 3182 3388 perplexas.
3236 3318 3444 3376 Deinde

1872 3427 1967 3467 eos
1994 3412 2085 3480 qui
2118 3412 2364 3473 aderant,
2395 3409 2725 3464 horribiliter
2752 3410 2992 3475 intuens,
3025 3418 3079 3465 et
3108 3425 3270 3465 manu
3301 3426 3446 3465 mar-

1872 3515 2045 3576 tyrem
2096 3501 2389 3562 ostendens
2417 3517 2432 3555 :
2464 3499 2677 3563 Crudis,
2711 3500 2904 3572 inquit,
2938 3502 3121 3557 nervis
3151 3502 3437 3573 quampri-

1874 3612 2021 3651 mum
2054 3596 2347 3657 laceretur,
2393 3602 2451 3647 ut
2492 3592 2651 3658 sciat,
2696 3592 2956 3662 quidnam
2988 3592 3247 3647 conciliet
3278 3593 3445 3647 libere

1872 3686 2019 3755 loqui
2055 3701 2164 3739 non
2201 3686 2256 3738 in
2290 3695 2557 3752 tempore.
2597 3688 2774 3754 Atque
2808 3684 2896 3739 ille
2933 3684 3173 3754 quidem,
3203 3684 3330 3738 dum
3364 3685 3443 3739 sic

1873 3779 2286 3842 verberabatur,
2314 3776 2601 3831 laetabatur
2648 3779 2956 3840 tormentis,
2986 3790 3105 3845 qua
3144 3775 3447 3831 sustinebat

1874 3880 2097 3943 propter
2138 3868 2440 3931 Christum,
2488 3876 2543 3922 et
2590 3866 2717 3921 illud
2767 3866 3106 3935 psalmicum,
3157 3874 3417 3933 tanquam

1873 3964 2107 4019 salutare
2143 3959 2466 4021 remedium,
2511 3958 2750 4013 alIerens
2798 3973 3043 4023 carmen,
3090 3959 3342 4013 cantabat
3369 3958 3439 4014 ad

1871 4056 2095 4110 vulnera
2126 4070 2140 4105 :
2172 4051 2348 4118 Supra
2391 4050 2605 4103 dorsum
2646 4065 2843 4113 meum,
2890 4050 3096 4112 dicens,
3141 4047 3442 4117 fabricave-

1873 4153 1993 4197 runt
2024 4149 2335 4212 peccatores,
2377 4138 2814 4208 prolongaveruut
2848 4138 3179 4207 iniquitatem
3203 4152 3354 4189 suam
3384 4137 3442 4201 ';

1874 4245 1930 4291 et
1967 4236 2147 4304 plagas
2199 4231 2434 4286 ducebat
2481 4244 2600 4283 esse
2653 4231 3065 4283 incitamentum
3122 4228 3188 4282 ad
3242 4226 3442 4282 Christi

1878 4326 2254 4383 dilectionem.
2317 4321 2601 4388 Tyrannus
2664 4329 2845 4375 autem
2911 4335 3035 4374 cum
3090 4319 3298 4373 videret
3348 4333 3444 4373 eos

1873 4421 2091 4491 quidem
2136 4431 2260 4473 esse
2303 4416 2493 4479 fessos,
2538 4413 2629 4484 qui
2678 4412 2860 4484 ﬂagris
2896 4412 3175 4468 caedebant
3202 4426 3217 4465 ι
3249 4420 3446 4481 marty-

1875 4527 1993 4566 rem
2053 4524 2184 4565 vero
2236 4523 2358 4563 esse
2412 4507 2563 4561 vultu
2635 4506 2953 4560 alacriorem
3008 4504 3128 4557 luce
3195 4504 3442 4571 spiritus,

189 4595 357 4663 θῆναι
388 4592 789 4648 διακελεύεται.
841 4589 971 4645 Εἶτα
999 4594 1134 4664 πρὸς
1164 4596 1225 4647 τὸ
1254 4597 1555 4667 πραότερον
1610 4599 1767 4669 δῆθεν

1871 4602 2027 4672 jubet
2070 4614 2195 4654 eum
2231 4595 2464 4651 relaxari
2492 4611 2520 4648 a
2571 4594 2914 4672 verberibus.
2946 4588 3150 4646 Deinde
3178 4607 3300 4645 cum
3332 4600 3445 4644 tra-

192 4688 530 4755 μεταϐαλών
554 4705 565 4717 ·
591 4687 705 4740 Ούκ
739 4685 993 4756 ἀσθενὴς,
1023 4687 1152 4756 ἔφη,
1178 4684 1229 4739 εἷ
1256 4688 1621 4759 στρατιώτης,
1646 4692 1771 4744 ὅσον

191 4778 306 4831 ἀπὸ
333 4776 435 4844 τῆς
470 4777 694 4845 πρώτης
740 4778 933 4846 πείρας
987 4775 1201 4846 μαθεῖν,
1256 4777 1392 4830 ἀλλὰ
1442 4779 1778 4850 ἐρρωμένως

192 4871 338 4941 ἔχων
371 4868 470 4921 καὶ
501 4866 791 4937 ἀνδρικῶς,
822 4871 913 4921 καὶ
962 4871 1099 4937 πρὸς
1148 4868 1393 4924 κίνδυνον
1428 4871 1779 4941 παραϐαλέσ-

198 4963 293 5015 θαῖ
324 4962 651 5030 δυνάμενος.
686 4958 904 5021 Ἔξεστι
934 4958 992 5010 δέ
1018 4975 1101 5010 σοι
1146 4964 1255 5023 τοῖς
1294 4960 1530 5030 παροῦσι
1587 4962 1780 5029 μαθεῖν

197 5047 275 5109 ὡς
298 5050 404 5100 οὐκ
437 5042 772 5115 εὐφροσύνης
812 5048 973 5111 τινὸς,
1020 5045 1141 5097 οὐδὲ
1175 5046 1356 5110 δεξιάς
1380 5048 1550 5118 τύχης
1581 5050 1609 5101 ὁ
1640 5050 1776 5119 Χρι.

199 5142 325 5202 στός
369 5155 456 5191 σοι
514 5138 823 5206 καθέστηκε
884 5138 1168 5208 πρόξενος.
1210 5139 1270 5191 '0
1291 5139 1347 5191 δὲ
1397 5140 1604 5209 μάρτυς
1648 5141 1776 5201 ἀνα-

198 5232 490 5302 θαρσήσας
524 5231 746 5299 μᾶλλον,
772 5229 862 5281 καὶ
896 5226 1011 5281 οἷον
1031 5230 1343 5299 εύστομωτέ
1355 5247 1453 5299 ραν
1484 5231 1581 5300 τὴν
1607 5231 1778 5297 γλῶτ-

196 5342 300 5380 ταν
320 5325 391 5391 τῇ
425 5324 599 5392 πείρᾳ
644 5322 752 5374 τῶν
776 5320 1041 5387 ἀλγεινῶν
1072 5322 1440 5391 ποιησάμενος
1459 5336 1474 5353 ο
1498 5320 1567 5373 Εἰ
1585 5337 1680 5373 σου
1712 5321 1779 5374 τὰ

198 5421 299 5486 τῆς
328 5414 539 5485 ψυχῆς.
568 5410 985 5483 εἷπενῶμματα
1028 5413 1103 5479 μὴ
1136 5414 1213 5481 τῷ
1249 5414 1429 5466 σκότει
1460 5413 1557 5482 τῆς
1588 5413 1779 5465 δυσσε-

200 5505 351 5567 Gala;
410 5499 740 5570 ἠμαύρωτο,
770 5502 954 5567 ἔδειξα
1003 5501 1072 5554 ἄν
1126 5516 1208 5552 σοι
1252 5503 1389 5554 ὅσων
1436 5501 1655 5568 ἀγαθῶν
1687 5518 1777 5569 μοι

199 5602 443 5665 κατέστη
475 5591 737 5661 πρόξενος
770 5593 837 5663 ἣν
869 5594 1146 5661 ἐπήγαγες
1176 5592 1470 5662 τιμωρίαν.
1498 5592 1612 5644 Νῦν
1635 5592 1691 5644 δὲ
1728 5592 1780 5645 τί

200 5689 265 5741 ἂν
296 5689 533 5757 πάθοιμι
566 5684 677 5750 πρὸ
709 5685 909 5753 τυφλοῦ
938 5687 1142 5755 φαίνων
1167 5688 1262 5740 καὶ
1293 5685 1433 5756 ᾄδων
1459 5685 1550 5738 ἐπὶ
1572 5685 1737 5755 κωφῷ
1762 5701 1777 5751 ;

307 5868 321 5895 ³
364 5862 609 5931 Philipp.
640 5876 681 5927 i,
709 5858 800 5918 2|.
913 5864 933 5894 ³
964 5862 1108 5920 Psal.
1140 5876 1365 5930 curm,
1394 5864 1448 5919 3.

1874 4670 2072 4749 ductus
2117 4698 2262 4746 esset
2308 4688 2377 4743 ad
2432 4670 2908 4742 mansuetudinem
2941 4699 2956 4739 :
2988 4684 3105 4739 Non
3135 4699 3213 4749 es,
3269 4685 3447 4753 inquit

1873 4786 2005 4847 dux,
2065 4784 2219 4838 miles
2270 4786 2516 4853 ignavus,
2563 4789 2827 4848 quantum
2884 4786 3065 4846 potest
3103 4778 3327 4847 intelligi
3379 4793 3447 4830 ex

1873 4876 2047 4945 prima
2099 4872 2463 4942 experientia,
2514 4868 2608 4922 sed
2654 4867 2812 4922 l'ortis
2856 4876 2911 4921 et
2956 4877 3236 4927 strenuus,
3265 4875 3319 4919 et
3350 4866 3443 4933 qui

1876 4975 2031 5034 putes
2072 4962 2333 5016 audacter
2376 4958 2527 5012 adire
2575 4957 2839 5027 pericula.
2870 4954 3033 5011 Potes
3077 4970 3258 5009 autem
3300 4954 3444 5007 scire

1878 5070 1944 5109 ex
2005 5051 2389 5123 praesentibus,
2454 5048 2597 5118 quod
2662 5049 2869 5102 nullam
2944 5046 3208 5107 laetitiam,
3271 5054 3446 5113 neque

1881 5158 2199 5213 prosperam
2249 5143 2481 5210 aliquam
2528 5138 2805 5194 fortunam
2843 5138 2939 5193 tibi
2975 5138 3228 5193 Christus
3260 5136 3447 5191 conci—

1878 5235 1999 5290 liet.
2044 5233 2239 5303 Martyr
2290 5242 2472 5286 autem
2519 5232 2701 5286 animo
2750 5230 2920 5299 magis
2969 5230 3343 5289 conlirmatus,
3390 5238 3446 5281 et

1878 5334 1938 5380 ut
1970 5324 2062 5394 qui
2109 5338 2293 5377 rerum
2327 5338 2639 5393 asperarum
2673 5321 3027 5392 perpessione
3061 5321 3298 5387 linguam
3331 5334 3445 5372 rna-

1880 5416 1961 5486 gis
2009 5414 2248 5469 acuisset
2302 5432 2315 5467 :
2372 5411 2428 5465 Si
2477 5410 2642 5475 oculi,
2692 5411 2892 5481 inquit,
2945 5412 3138 5466 anima:
3188 5418 3291 5462 tua:
3337 5424 3444 5463 non

1885 5514 2073 5563 essent
2130 5504 2367 5560 hebetati
2425 5504 2669 5559 tenebris
2717 5503 3032 5575 impietatis,
3085 5490 3443 5559 ostendissern

1888 5599 2007 5659 tibi.
2048 5611 2209 5668 quam
2255 5595 2424 5650 multa
2468 5596 2610 5650 bona
2662 5596 2796 5650 mihi
2843 5595 3191 5650 conciliasset
3217 5594 3267 5648 id
3299 5593 3445 5661 quod

1888 5689 2021 5745 mihi
2062 5688 2300 5745 intulisti
2342 5686 2691 5759 supplicium.
2736 5685 2895 5742 Nunc
2923 5696 3104 5743 autem
3134 5685 3260 5754 quid
3292 5698 3447 5755 agam
