4158 6472
709 412 818 481 6‘3

1937 394 2219 456 MENSIS
2260 392 2740 454 SEPTEMBER.

3864 382 3971 447 6U.

708 540 853 582 careo
900 521 1222 594 praelucens,
1270 525 1324 571 ct
1374 514 1541 569 surdo
1575 509 1817 565 canens?
1848 508 1903 560 Si
1958 508 2104 559 enim
2164 521 2270 559 non

2406 509 2434 562 Il
2476 510 2582 576 γὰρ
2613 497 2876 568 οὖτως,ὦ
2902 501 3151 562 haud,
3176 499 3249 570 μὴ
3298 497 3558 560 διέκεισο,
3596 495 3847 557 συνειδες
3900 496 3969 548 ἄν

709 622 789 674 sic
823 616 1047 672 allectus
1065 625 1233 673 esses,
1267 625 1300 663 o
1324 607 1514 677 judcx,
1548 600 1913 657 intellexisses
1939 598 2135 651 Christi
2158 613 2276 664 gra-

711 711 843 765 tiam
878 717 936 763 et
973 706 1254 763 virtutem,
1289 714 1408 768 quae
1443 711 1529 749 me
1572 692 1874 746 conﬁrmat.
1936 689 2073 742 Num
2135 688 2277 741 enim

711 813 871 873 putas
902 800 1017 853 sine
1051 812 1113 850 ea
1144 807 1252 849 tam
1290 790 1449 847 facile
1480 786 1731 839 allectum
1760 782 1823 835 iri
1854 797 1977 850 erga
2012 789 2280 834 tormenta

711 908 930 950 carnem
960 899 1018 944 et
1040 880 1408 956 sanguinem?
1441 877 1497 930 Si
1527 890 1651 942 ergo
1677 874 1754 927 sic
1781 870 1973 935 sentis,
2004 870 2046 922 si
2075 886 2136 923 ea
2165 884 2283 937 quae

712 995 839 1040 sunt
888 998 1000 1054 pra:
1058 979 1310 1048 pedibus,
1364 987 1471 1025 non
1525 978 1679 1037 potes
1730 966 1954 1024 intueri,
2009 962 2282 1031 quomodo

716 1095 826 1134 non
880 1053 1011 1128 sunt
1063 1068 1243 1125 omnia
1294 1074 1383 1119 tua
1436 1062 1620 1124 Surda,
1655 1065 1710 1112 ct
1759 1070 1922 1122 caeca,
1959 1062 2014 1108 et
2041 1053 2142 1108 diis
2177 1053 2283 1105 tuis

713 1166 955 1225 similia?

782 1261 868 1316 ιν.
908 1260 1020 1313 Dux
1070 1268 1250 1311 autem
1294 1251 1444 1306 valde
1480 1249 1685 1310 ridens,
1726 1244 1827 1299 etsi
1868 1249 2076 1310 martyr
2144 1253 2285 1292 non-

712 1358 839 1411 dum
874 1360 1144 1407 cessasset
1173 1349 1354 1401 dicere
1385 1363 1400 1399 :
1427 1343 1659 1396 Tantum
1697 1338 1867 1403 abest,
1904 1334 2103 1403 inquit,
2141 1340 2196 1385 ut
2233 1340 2284 1384 te

712 1457 856 1502 recte
898 1444 1102 1500 sentire
1134 1439 1461 1500 existimem,
1492 1442 1547 1488 et
1590 1432 1805 1486 credam
1858 1429 1922 1482 iis
1971 1442 2093 1495 quae
2146 1440 2174 1478 a
2230 1434 2283 1476 te

712 1543 988 1600 dicuntur,
1042 1544 1102 1589 ut
1154 1532 1354 1587 futuris
1390 1525 1678 1583 tormentis
1711 1524 1811 1576 sim
1863 1521 2174 1578 ellecturns,
2228 1527 2285 1567 ut

714 1632 1007 1688 modestior
1042 1625 1286 1680 reddaris
1319 1632 1372 1676 et
1402 1619 1721 1689 sapientior.
1751 1613 1957 1667 Rursus
1987 1622 2167 1667 autem
2201 1607 2288 1660 di-

714 1730 787 1783 cit
832 1732 1031 1792 martyr
1065 1739 1077 1774 :
1110 1718 1233 1773 Haec
1274 1715 1437 1769 verba
1480 1722 1531 1766 te
1576 1725 1788 1780 magna:
1829 1714 2067 1774 arguunt
2100 1715 2289 1754 amen-

716 1821 841 1882 tiae;
882 1816 974 1870 sed
1010 1811 1268 1882 quoniam
1309 1806 1539 1862 confidis
1575 1804 1628 1856 in
1674 1799 1978 1861 tormentis,
2014 1805 2068 1850 et
2110 1794 2288 1849 credis

720 1859 841 1882 "Ws
882 1859 974 1870 υνδ-
1012 1859 1268 1882 Ίν-ν---ν--ν
1316 1859 1389 1862 νη
1970 1859 1974 1861 ,

720 1911 836 1966 ﬁeri
883 1920 1045 1977 posse
1077 1913 1133 1956 ut
1166 1902 1251 1955 his
1281 1914 1368 1953 me
1403 1894 1756 1966 persuadeas,
1789 1906 1886 1960 ego
1918 1889 2133 1958 quidem
2170 1900 2286 1939 sum
2322 1859 2366 1913 Β

719 2015 935 2072 prope:
969 2010 1166 2050 manus
1206 2006 1388 2045 autem
1444 1989 1695 2041 lictorum
1749 1998 1857 2038 non
1910 1989 2037 2035 sunt
2077 1977 2286 2048 procul.

719 2094 915 2149 Libere
948 2104 1075 2159 ergo
1110 2088 1301 2154 loquar
1339 2083 1389 2135 in
1423 2079 1751 2134 necessitate
1787 2076 2016 2142 spiritus
2047 2072 2177 2135 mei,
2214 2081 2288 2135 et,

720 2196 777 2241 ut
808 2186 883 2238 ait
912 2182 1131 2239 divinus
1165 2177 1267 2232 Job
1298 2177 1339 2237 ³,
1372 2175 1612 2242 aperiam
1641 2186 1701 2223 os
1736 2183 1938 2229 meum,
1971 2166 2112 2235 quod
2141 2179 2292 2218 ama-

719 2274 964 2331 ritudine
1016 2268 1212 2322 anima:
1253 2270 1563 2318 coarctatur
1596 2278 1608 2314 :
1642 2267 1695 2312 et
1724 2257 1933 2311 videbis
1984 2270 2069 2308 me
2104 2255 2293 2324 quavis

719 2373 896 2421 statua
941 2359 1275 2419 solidiorem,
1330 2363 1385 2408 et
1440 2350 1647 2421 patibili
1701 2357 1893 2401 natura
1929 2346 2292 2413 superiorem.

719 2457 873 2527 Apud
898 2454 1065 2507 Deum
1095 2450 1241 2505 enim
1272 2460 1454 2499 meum
1487 2454 1569 2496 est
1596 2442 1769 2494 virtus
1800 2448 1853 2491 et
1883 2436 2122 2505 potentia
2154 2448 2293 2498 mea,

720 2561 777 2604 et
816 2550 869 2602 in
914 2549 1031 2617 ipso
1081 2551 1164 2597 est
1212 2554 1337 2610 spes
1371 2551 1489 2591 mea
1541 2543 1597 2589 et
1653 2530 1937 2586 auxilium.
1988 2528 2123 2582 Cum
2184 2527 2295 2580 haec

724 2643 889 2697 verba
931 2637 1233 2706 accepisset
1302 2632 1533 2700 Lysias:
1563 2625 1657 2691 Es,
1711 2624 1904 2694 inquit,
1945 2622 2118 2675 audax
2161 2634 2295 2674 con-

727 2735 998 2794 cionator,
1039 2727 1180 2782 etin
1229 2738 1328 2778 nos
1377 2720 1553 2775 ﬂuens
1603 2732 1797 2787 magna
1851 2715 2061 2769 dicendi
2119 2713 2293 2781 copia,

725 2833 780 2877 et
852 2822 1122 2874 adversus
1192 2816 1323 2869 deos
1375 2810 1613 2881 glorians
1658 2818 1711 2861 te
1762 2807 1991 2875 jactitas.
2055 2802 2299 2856 Tuamne

728 2924 965 2968 mentem
1008 2908 1166 2978 fugit,
1210 2917 1261 2961 te
1306 2904 1503 2972 alloqui
1552 2898 1861 2969 praesidem.
1908 2895 1999 2965 qui
2036 2904 2140 2947 tute
2176 2893 2299 2946 vita:

727 3007 895 3063 habet
932 3009 1280 3074 potestatem,
1310 3013 1434 3055 cum
1467 2995 1542 3050 sis
1578 3007 1717 3047 unus
1744 3007 1807 3045 ex
1838 2989 2045 3051 multis,
2079 2996 2133 3041 ct
2162 2988 2303 3040 rela-

731 3112 820 3156 tus
874 3099 948 3153 sis
1002 3097 1058 3149 in
1115 3106 1408 3147 numerum
1465 3087 1743 3143 militum?
1802 3083 1893 3135 Ille
1949 3096 2122 3135 vero:
2183 3078 2302 3133 Non

2385 606 2482 672 τὴν
2513 600 2867 673 ἐνισχύουσάν
2899 614 2966 668 με
2998 597 3088 648 τοῦ
3128 592 3364 665 Χριστοῦ
3396 594 3555 661 χάριν
3586 590 3681 643 καὶ
3714 587 3967 655 δύναμιν.

2389 689 2531 762 Ἀρα
2559 694 2667 762 γὰρ
2698 691 2796 743 οἴει
2822 688 3025 755 ταύτης
3057 685 3224 755 χωρὶς
3264 684 3393 755 ῥᾷον
3426 681 3571 734 οὕτω
3618 680 3760 751 πρὸς
3798 676 3970 747 βασά-

2388 801 2509 844 νους
2537 778 2675 850 αἷμα
2708 780 2803 833 καὶ
2842 780 3019 848 σάρκα
3046 774 3359 844 διατεθῆναι
3386 790 3399 839 ;
3433 774 3494 825 El
3527 770 3673 824 οὕτω
3720 770 3965 841 φρονεῖς,

2389 876 2436 927 εἰ
2464 878 2532 927 τὶ
2581 875 2637 925 ὲν
2678 871 2804 924 ποσὶ
2862 869 3032 922 ταῦτα
3089 868 3309 937 βλέπειν
3362 865 3670 925 ἁδυνατεῖς,
3700 862 3819 921 πῶς
3848 860 3970 928 οὐχὶ

2391 966 2567 1017 πάντα
2606 980 2698 1015 σου
2730 961 2889 1029 κωᾳὰ
2914 960 3006 1012 καὶ
3029 958 3205 1025 τυφλὰ
3234 955 3329 1009 καὶ
3369 958 3482 1017 τοῖς
3514 955 3658 1015 θεοῖς
3688 956 3807 1014 τοῖς
3857 952 3967 1011 σοῖς

2392 1072 2589 1124 opma;

2463 1240 2534 1289 A'.
2573 1236 2630 1287 Ὀ
2666 1234 2722 1287 δὲ
2759 1234 2902 1304 μάλα
2959 1231 3195 1299 γελάσας
3221 1228 3249 1279 6
3275 1225 3419 1291 δοὺξ.
3453 1225 3623 1296 μήπω
3657 1222 3751 1275 τοῦ
3788 1220 3971 1287 λέγειν

2397 1329 2748 1397 παυσαμένου
2784 1326 2876 1379 τοῦ
2911 1326 3186 1394 μάρτυρος
3208 1362 3222 1387 ,
3246 1318 3532 1381 Τοσοῦτον,
3566 1316 3757 1385 φησιν,
3777 1313 3969 1380 ἀπέχω

2394 1422 2486 1474 τοῦ
2527 1420 2708 1481 καλῶς
2754 1436 2812 1470 σε
2868 1419 3086 1487 φρονεῖν
3148 1413 3380 1475 οἴεσθαι,
3410 1411 3501 1464 καὶ
3531 1411 3644 1468 τοῖς
3683 1405 3837 1473 πσρὰ
3875 1401 3968 1454 σοῦ

2394 1513 2707 1581 λεγομένοις
2756 1509 3069 1577 πεισθῆναι,
3097 1506 3178 1558 ὅτι
3212 1504 3309 1557 καὶ
3352 1502 3425 1556 σὲν
3455 1498 3661 1570 μᾶλλον
3698 1494 3969 1565 ἀγωνιοῦ-

2398 1625 2497 1680 μαι
2539 1610 2659 1669 ταῖς
2697 1602 3017 1674 μελλούσαις
3059 1599 3312 1669 βασάνοις
3356 1594 3681 1663 μεταϐαλεῖν
3730 1590 3872 1658 πρὸς
3910 1587 3972 1639 τδ

2396 1694 2984 1769 σωφρονέστερον.Κα“ι
3010 1694 3037 1745 6
3074 1694 3285 1762 μάρτυς
3338 1684 3495 1748 αὖθις
3545 1699 3680 1753 φησι
3706 1698 3721 1713 ’
3768 1680 3972 1747 Πολλὴν

2398 1796 2582 1849 ἄνοιαν
2611 1809 2702 1845 σου
2734 1789 3034 1859 κατηγορεῖ
3059 1786 3125 1837 τὰ
3161 1784 3381 1854 ῥήματα
3412 1778 3614 1832 ταῦτα·
3647 1775 3793 1843 πλὴν
3852 1772 3973 1824 ἐπεὶ

2397 1885 2652 1957 βασάνοις
2682 1882 2741 1934 τὸ
2773 1880 2997 1950 θαρρεῖν
3043 1877 3208 1943 ἔχεις,
3231 1872 3323 1923 καὶ
3372 1868 3596 1928 ταύταις
3625 1864 3729 1917 οἴει
3769 1879 3835 1929 με
3882 1875 3974 1927 με·

2393 1949 2699 2034 ταπείσειν,
2732 1949 2895 2037 ὲγγῦς
2942 1968 3037 2037 μὲν
3082 1962 3229 2031 ἐγὼ,
3262 1962 3318 2013 αἱ
3350 1959 3406 2012 δὲ
3435 1956 3642 2026 δημίων
3687 1954 3871 2021 χεῖρες
3910 1949 3969 1999 οὐ

2396 2066 2701 2138 πόρρωθεν.
2731 2059 3191 2131 Παρῤησιάσομαι
3218 2053 3344 2121 γοῦν
3378 2054 3434 2102 ὲν
3458 2049 3673 2117 ἀνάγκῃ
3690 2044 3784 2096 τοῦ
3812 2043 3970 2095 πνεύ-

2398 2161 2563 2232 ματός
2596 2174 2719 2227 μου,
2748 2156 2863 2218 καὶ,
2890 2152 3031 2205 κατὰ
3053 2150 3141 2199 τὸν
3171 2145 3313 2210 Ἰὼϐ,
3342 2141 3538 2207 ἀνοίξω
3554 2138 3613 2190 τὸ
3653 2136 3830 2203 στόμα
3872 2151 3968 2202 μου

2395 2256 2591 2323 πικρίᾳ
2624 2253 2796 2320 τύχης
2826 2244 3181 2315 συνεχόμενος
3206 2254 3222 2269 ·
3259 2238 3379 2305 ὕψει
3406 2253 3470 2305 με
3500 2230 3698 2292 παντὸς
3720 2227 3972 2296 tib/Epida-

2395 2364 2484 2408 τος
2549 2344 2928 2412 στερρότερον,
2961 2336 3053 2389 κα)⁵
3100 2332 3349 2400 παθητῆς
3403 2324 3679 2394 ἀνώτερον
3736 2320 3969 2388 φύσεως.

2398 2440 2555 2507 Παρὰ
2594 2441 2702 2506 γὰρ
2742 2434 2818 2503 τῷ
2862 2429 2981 2501 Θεῷ
3025 2429 3188 2500 μουὴ
3227 2424 3376 2493 ἰσχῦς
3404 2420 3499 2473 καὶ
3518 2422 3582 2470 τὸ
3609 2417 3811 2486 κράτος
3849 2429 3970 2482 μου,

2397 2505 2499 2587 και
2526 2532 2652 2600 παρ’
2678 2505 2827 2596 αὑτῷ
2860 2527 2893 2596 ή
2943 2523 3095 2584 ὲλπίς
3140 2537 3240 2590 μου
3286 2516 3381 2569 καὶ
3411 2515 3443 2583 ἡ
3479 2509 3730 2581 βοήθεια.
3774 2505 3973 2557 Τοῦτον

2399 2629 2427 2680 6
2459 2593 2662 2686 Λυσίας
2696 2593 2977 2687 τὸν-λόγον
3007 2610 3344 2685 παραλαϐών
3372 2623 3385 2637 ’
3425 2604 3643 2676 Θρασύς
3679 2618 3763 2662 τις
3806 2593 3853 2648 εἶ
3878 2596 3973 2663 δη-

2404 2719 2664 2790 μηγόρος,
2693 2714 2819 2783 ἔφη,
2851 2686 2945 2764 καὶ
2980 2707 3100 2762 καθ’
3131 2704 3288 2774 ἡμῶν
3323 2699 3491 2759 πολὺς
3521 2692 3838 2765 ρἐν,κατὰ
3866 2686 3973 2739 τῶν

2404 2780 2564 2863 θεῶν-
2586 2780 3018 2877 φρυαττόμενος.
3053 2801 3124 2853 Ἢ
3148 2791 3482 2862 διαπέφευγέ
3506 2806 3600 2841 σου
3623 2786 3714 2837 τὸν
3744 2780 3867 2835 νοῦν
3893 2782 3973 2831 ότι

2403 2875 2643 2974 ἄρχοντι
2675 2899 2902 2970 διαλέγῃ
2932 2897 3029 2964 τῆς
3057 2892 3155 2962 σῆς
3187 2886 3431 2959 κεφαλῆς
3476 2875 3973 2942 κατεξουσιάζοντι,

2403 2998 2543 3067 ἀνὴρ
2594 2993 2702 3047 τῶν
2740 2990 2951 3044 πολλῶν
2986 2987 3083 3052 ὢν,
3134 2984 3232 3038 καὶ
3264 2982 3513 3049 τάγμασι
3558 2967 3977 3041 στρατιωτικοῖς

2407 3057 2756 3157 ινα’ρίθμιος;
2807 3085 2917 3134 Καὶ
2946 3081 3040 3145 ὃς,
3094 3079 3210 3131 Οὐκ
3248 3071 3447 3140 ἀγνοῶ,
3478 3067 3605 3136 ἔφη,
3636 3061 3773 3116 ἀλλὰ
3803 3061 3861 3111 τι
3899 3057 3981 3118 εις

728 3195 942 3263 ignoro,
994 3184 1190 3253 inquit,
1242 3183 1336 3237 sed
1382 3181 1438 3233 in
1485 3176 1767 3232 Christum
1824 3174 1998 3244 pictas
2043 3172 2135 3224 dat
2166 3169 2299 3223 mihi

2409 3149 2640 3251 Χριστόν
2684 3172 2905 3236 εὐσεϐὲς
2932 3170 3076 3223 οὕτω
3103 3166 3328 3238 θαρρεῖν
3359 3162 3456 3215 καὶ
3503 3149 3980 3228 παρρησιάζεσθαι

732 3289 935 3335 tantam
986 3273 1290 3334 audaciam,
1343 3279 1400 3325 et
1448 3268 1701 3339 loquendi
1745 3267 2073 3320 libertatem.
2123 3264 2304 3333 Angor

729 3382 911 3427 autem
943 3371 1147 3432 animo,
1177 3364 1319 3435 quod
1354 3378 1465 3417 non
1503 3363 1571 3415 sit
1599 3360 1793 3428 aliquis
1835 3358 1952 3411 sine
1992 3355 2300 3422 aﬂcctione,

736 3463 901 3519 simul
970 3471 1023 3515 et
1079 3459 1353 3526 sapienter
1418 3454 1781 3523 judicalurus.
1839 3449 1999 3504 Forte
2055 3452 2223 3511 enim,
2271 3463 2304 3501 ο

734 3553 913 3626 Lysia,
979 3550 1067 3604 Dei
1098 3549 1343 3603 omnium
1379 3543 1654 3600 eﬂectoris
1682 3542 1995 3613 agnovisses
2022 3543 2303 3599 virtutem,

735 3657 792 3702 et
843 3647 974 3699 deos
1044 3642 1210 3696 lalsos
1267 3638 1712 3706 contempsisses.
1763 3634 1869 3687 Sed
1921 3649 2017 3686 cur
2066 3632 2305 3685 studium

742 3747 1001 3793 nostrum
1050 3733 1204 3786 nihili
1251 3729 1466 3782 fecisti?
1498 3729 1555 3779 In
1582 3741 1816 3795 quonam
1862 3732 2038 3779 autem
2070 3726 2184 3793 ipse
2214 3722 2307 3776 tibi

736 3832 939 3904 places,
970 3836 1025 3882 et
1065 3823 1321 3895 praeclare
1355 3822 1421 3876 de
1455 3829 1507 3874 te
1547 3817 1757 3875 sentis?
1790 3816 1859 3871 Es
1892 3817 2036 3872 enim
2086 3832 2305 3887 praeses,

738 3918 806 3979 ct'
840 3938 908 3976 ex
937 3913 1283 3974 sublimibus,
1320 3927 1429 3966 non
1472 3913 1522 3963 id
1570 3910 1920 3978 negaverint;
1960 3908 2095 3960 nihil
2129 3916 2308 3959 tamen

739 4032 769 4069 a
806 4023 991 4068 nostra
1026 4008 1214 4065 dlﬂers
1254 4003 1535 4061 communi
1569 4012 1783 4059 natura.
1832 3999 1963 4053 Nam
2000 4008 2055 4052 tu
2089 4012 2308 4068 quoque

741 4122 801 4162 es
832 4108 1014 4165 homo,
1049 4102 1103 4154 in
1146 4113 1306 4168 quem
1357 4112 1504 4149 mors
1534 4094 1681 4147 cadit
1723 4101 1779 4145 et
1814 4092 2086 4143 interitus.
2118 4091 2178 4143 In
2211 4104 2313 4143 nos

745 4208 930 4252 autem
1011 4190 1314 4246 absolutam
1389 4201 1499 4240 non
1537 4184 1705 4238 habes
1737 4190 2082 4252 potestatem,
2116 4191 2313 4250 praeter

748 4304 906 4359 quam
954 4287 1008 4338 in
1061 4283 1236 4337 solum
1286 4294 1506 4348 corpus.
1567 4276 1685 4346 lpsa
1738 4285 1919 4329 autem
1973 4290 2059 4327 me
2114 4273 2315 4328 docent

748 4382 932 4436 divina
968 4376 1193 4444 Eloquia
1221 4374 1262 4436 ⁸,
1296 4387 1406 4426 non
1438 4371 1630 4424 timere
1658 4385 1775 4432 eos,
1809 4370 1902 4437 qui
1935 4384 2134 4436 corpus
2165 4367 2313 4421 occi-

749 4477 907 4532 dunt,
955 4473 1191 4522 animam
1242 4472 1424 4518 autem
1460 4474 1568 4515 non
1620 4466 1849 4528 possunt
1897 4456 2164 4517 occidere,
2217 4454 2315 4509 sed

2408 3244 2608 3328 δίδωσι.
2642 3271 2861 3340 Πλήρης
2900 3266 2955 3317 δὲ
2990 3265 3214 3332 γίνομαι
3248 3258 3447 3325 λύπης,
3470 3256 3549 3307 ὃτι
3584 3251 3659 3321 μή
3692 3247 3808 3299 ἐστὶ
3850 3259 3929 3305 τις
3954 3244 3983 3293 6

2408 3367 2644 3421 δικάσων
2671 3366 2803 3433 ἡμῖν
2847 3357 3075 3419 ἀπαθῶς
3127 3356 3243 3425 ἅμα
3275 3352 3370 3404 καὶ
3404 3345 3642 3404 συνετῶς
3664 3357 3680 3373 ο
3708 3340 3830 3392 ἐπεὶ
3862 3336 3982 3404 τάχ’

2409 3450 2555 3520 ἂν,ὦ
2590 3454 2789 3515 Λυσία,
2813 3452 2906 3503 καὶ
2938 3444 3285 3515 παντουργοῦ
3317 3437 3459 3493 Θεοὲ
3482 3434 3787 3503 ὲγνώρισας
3821 3430 3985 3483 δύνει·-

2412 3566 2528 3619 μιν,
2591 3547 2685 3599 καλ¹
2716 3544 2931 3614 ψευδῶν
2978 3539 3119 3592 θεῶν
3179 3533 3617 3605 κατεφρόνησας.
3652 3528 3801 3596 Πλὴν
3830 3527 3904 3585 εἰς
3932 3523 3987 3574 τί

2410 3642 2507 3696 καὶ
2548 3641 2609 3694 τὸ
2644 3638 2985 3709 ἐπιτήδευμα
3026 3629 3235 3703 τούμὸν
3289 3627 3684 3693 ἐξουδένωσας;
3716 3621 3772 3672 ὲν
3801 3618 3903 3671 τίνι
3928 3616 3986 3667 δὲ

2411 3738 2505 3789 καὶ
2554 3733 2715 3794 αὐτὸς
2753 3708 3168 3800 μεγαφρονεῖς;
3226 3723 3447 3793 Ἄρχων
3507 3717 3604 3787 μὲν
3653 3714 3766 3781 γὰρ
3801 3708 3989 3773 εῐ,καὶ

2411 3829 2518 3879 τῶν
2559 3826 2805 3894 ὑψηλῶν,
2854 3823 2954 3872 οὐκ
2988 3820 3299 3889 ἀρνήσομαι
3328 3827 3342 3840 ⁸
3379 3810 3529 3862 οὐδὲν
3590 3807 3646 3858 δὲ
3698 3805 3763 3873 τῇ
3832 3802 3986 3869 κοινῇ

2414 3922 2574 3991 φύσει
2605 3916 3000 3991 παραλλάττων
3034 3913 3214 3985 ἡμῶνο
3251 3907 3373 3964 ἐπεὶ
3400 3907 3493 3960 καὶ
3518 3904 3681 3967 αὐτὸς
3702 3900 3993 3970 ἄνθρωπος

2414 4018 2631 4087 θανάτῳ
2648 4014 3006 4084 ὑποκείμενος
3040 4013 3133 4064 καὶ
3164 4010 3358 4080 φθορᾷ.
3409 4004 3777 4073 Ἐξουσιάζεις
3807 4001 3864 4054 δὲ
3893 4000 3989 4068 οὐχ

2413 4109 2571 4180 ἡμῶν
2606 4108 2813 4169 ἁπλῶς,
2872 4104 3007 4158 ἀλλὰ
3044 4105 3206 4173 μόνον
3237 4101 3330 4155 τοῦ
3377 4098 3667 4167 σώματος·
3694 4095 3834 4148 αὺτὰ
3887 4093 3989 4161 γάρ

2419 4219 2485 4273 με
2517 4202 2586 4253 τὰ
2615 4201 2734 4252 θεῖα
2768 4198 3081 4253 διδάσκουσι
3107 4196 3267 4263 λόγια
3322 4193 3399 4264 μὴ
3444 4189 3727 4261 φοόεἰσθαι
3754 4188 3867 4243 ἀπὸ
3888 4186 3991 4237 τῶν

2417 4292 2851 4345 ἀποκτεινόντων
2900 4288 2960 4339 τὸ
3011 4288 3197 4355 σῶμα,
3222 4288 3319 4355 τὴν
3352 4285 3408 4336 δὲ
3460 4283 3639 4353 ψυχὴν
3672 4281 3991 4333 ἀποκτεῖναι

2422 4384 2494 4457 μὴ
2519 4384 2867 4452 δυναμένων·
2892 4382 3106 4433 ἐκεῖνον
3139 4379 3195 4433 δὲ
3231 4375 3431 4448 μᾶλλον
3482 4373 3730 4444 φρίττειν
3783 4372 3879 4423 καὶ
3907 4370 3992 4422 6a-

2420 4475 2659 4528 δοικέναι
2692 4473 2781 4527 τὸν
2828 4472 2929 4525 καὶ
2974 4471 3157 4541 ψυχὴν
3210 4469 3305 4523 καὶ
3364 4468 3526 4535 σῶμα
3571 4464 3875 4532 δυνάμενον
3928 4463 3993 4530 τῇ

750 4564 901 4615 illum
943 4562 1123 4631 potius
1165 4559 1545 4617 extimescere,
1595 4552 1689 4621 qui
1731 4564 1931 4618 corpus
1976 4558 2030 4602 ct
2075 4549 2302 4601 animam

2422 4566 2614 4636 γεέννῃ
2642 4562 3054 4627 καταδικάζειν,
3078 4563 3204 4631 ilict;
3224 4557 3501 4620 ἐκδέξεταί
3538 4573 3595 4607 σε
3621 4557 3714 4606 τὶν
3738 4557 3993 4622 ἀμέτρως

751 4663 929 4724 potest
992 4651 1240 4721 gehenna
1299 4647 1717 4700 condemnare:
1774 4657 1893 4709 quae
1953 4651 2003 4693 te
2063 4640 2313 4708 accipiet,

752 4747 881 4799 licet
932 4757 1080 4797 nunc
1120 4738 1413 4794 immodice
1471 4735 1811 4807 gloriantem,
1863 4747 1985 4786 cum
2038 4731 2170 4800 ipsis
2212 4730 2318 4785 diis

753 4838 861 4889 tuis
895 4843 952 4888 et
980 4831 1321 4887 dannOnibus
1354 4834 1406 4881 in
1465 4841 1729 4881 aeternum
1761 4824 2119 4895 puniendum.

822 4925 893 4981 'V.
952 4926 1043 4980 His
1088 4922 1260 4994 magis
1288 4922 1351 4974 ad
1386 4921 1518 4973 iram
1561 4922 1867 4972 concitatus
1931 4916 2136 4985 Lysias,
2166 4913 2321 4982 jubet

756 5028 1047 5087 martyrem
1099 5016 1235 5069 trabi
1286 5026 1587 5083 appensum
1635 5010 1825 5064 ferreis
1861 5006 2053 5060 laniari
2086 5005 2318 5074 ungulis.

754 5109 1053 5176 Postquam
1086 5108 1265 5159 autem
1300 5112 1501 5171 martyr
1536 5101 1708 5155 sensit
1742 5100 2072 5153 tormentum
2105 5103 2322 5166 gravius

758 5196 1072 5273 (quomodo
1123 5198 1267 5249 enim
1320 5204 1507 5249 essent
1554 5207 1791 5255 coronae,
1850 5191 1950 5243 nisi
2007 5188 2324 5256 exciperent

760 5293 976 5346 labores
995 5298 1049 5343 et
1079 5286 1296 5341 dolores
1322 5287 1394 5352 ἲ),
1426 5285 1553 5341 Jesu
1588 5283 1823 5346 Christe,
1857 5280 2197 5343 exclamavit,
2232 5276 2325 5347 qui

768 5384 915 5438 solus
973 5382 1109 5436 facis
1167 5394 1196 5433 a
1258 5378 1459 5431 saeculo
1506 5376 1799 5439 mirabilia,
1870 5374 1961 5444 qui
2027 5385 2327 5441 suspensus

764 5474 914 5533 fuisti
955 5473 1010 5525 in
1048 5487 1230 5534 cruce,
1283 5477 1337 5524 et
1369 5469 1450 5521 sic
1486 5469 1781 5534 superbum
1815 5465 2060 5534 deiecisti
2096 5482 2109 5517 :
2148 5462 2239 5532 qui
2273 5462 2325 5514 in

769 5569 1102 5625 hodiernum
1136 5578 1309 5633 usque
1342 5562 1482 5616 diem
1513 5558 1764 5628 niagnilis
1797 5567 1853 5613 et
1886 5558 2162 5613 extolleris
2205 5569 2330 5622 pro-

767 5672 888 5733 pter
926 5670 1091 5728 opera
1140 5664 1231 5711 tua
1270 5653 1658 5708 admirabilia:
1705 5650 1828 5703 veni
1861 5650 1925 5702 ad
1991 5665 2075 5703 me
2108 5663 2329 5701 servan-

872 5865 892 5894 ⁸
923 5859 1023 5917 Job
1050 5875 1145 5927 vn,
1172 5857 1261 5913 11.
1396 5852 1419 5885 δ
1446 5852 1633 5910 Matth.
1664 5869 1719 5923 ι,
1749 5851 1835 5908 9.8.

2426 4659 2519 4712 νῦν
2574 4657 3007 4729 φρυαττόμενον,
3049 4655 3236 4718 αὐτοῖς
3290 4650 3430 4712 θεοῖς
3464 4664 3558 4700 σου
3607 4646 3703 4700 καὶ
3750 4645 3997 4715 δαίμοσιν

2426 4747 2661 4810 αἰωνίως
2698 4746 3193 4815 κολασθησόμενον.

2498 4931 2575 4985 E'.
2598 4928 2823 4994 Τούτοις
2853 4931 2933 4993 εἰς
2959 4927 3128 4999 ὀργὴν
3160 4925 3379 4981 πλείονα
3406 4927 3433 4979 6
3460 4924 3665 4986 Λυσίας
3694 4923 3995 4994 ἐξενεχθεὶς

2431 5024 2644 5079 κελεύει
2689 5026 2781 5079 τὸν
2817 5024 3072 5095 μάρτυρα
3127 5023 3284 5092 [κρίῳ
3337 5019 3712 5092 ἁναρτηθέντα
3756 5019 3906 5082 ὅνυξι
3946 5017 3997 5069 2’:

2433 5118 2591 5185 σῶμα
2660 5116 2899 5184 σιδηροῐς
2956 5112 3189 5177 ξέεσοαι.
3249 5112 3335 5177 Ὠς
3378 5109 3469 5166 οῦν
3497 5115 3525 5164 ὁ
3562 5118 3777 5181 μάρτυς
3812 5111 3997 5180 δριμυ-

2430 5211 2590 5279 τέρας
2625 5210 2825 5281 ⁴ᾔσθετο
2858 5208 2955 5278 τῆς
3011 5206 3245 5277 βασάνου
3278 5207 3392 5278 (καὶ
3424 5207 3539 5268 πῶς
3559 5207 3668 5271 γὰρ
3694 5206 3761 5255 ἂν
3784 5204 3997 5261 δικαίως

2432 5302 2482 5355 οι
2524 5303 2802 5367 στέφανοι,
2828 5302 2876 5354 εἰ
2923 5299 2999 5371 μὴ
3050 5300 3245 5363 πόνους
3295 5298 3587 5367 ὴμείὸοντο
3632 5298 3727 5349 καὶ
3756 5298 3996 5361 ὀδύνας)

2447 5384 2622 5455 Ἰησοῦ
2674 5388 2899 5457 Χριστὲ,
2946 5385 3197 5455 ἐϐόησεν,
3226 5386 3253 5435 ό
3300 5383 3469 5435 ποιῶν
3521 5384 3679 5452 μόνος
3725 5382 3786 5446 ἐξ
3819 5380 4002 5437 αἰῶνος

2438 5480 2737 5551 θαυμάσια,
2764 5480 2792 5532 6
2826 5480 2919 5532 ἐπὶ
2952 5478 3047 5530 τοῦ
3106 5475 3342 5547 σταυροῦ
3378 5477 3740 5547 κρεμασθεὶς,
3795 5474 3888 5525 καὶ
3918 5474 4002 5530 τὸν

2441 5575 2790 5646 ὑπερήφανον
2815 5572 2957 5625 οὕτω
2988 5568 3334 5635 καταόαλὼν,
3368 5570 3396 5623 6
3435 5586 3596 5640 μέχρι
3640 5569 3737 5620 καὶ
3768 5565 3863 5617 νῦν
3897 5568 3998 5622 τοῖς

2443 5666 2762 5737 παραδόξοις
2796 5663 2908 5719 τῶν
2960 5661 3139 5732 ἔργων
3192 5661 3649 5733 μεγαλυνόμενος,
3682 5656 3803 5711 ἐλθὲ
3837 5659 3912 5717 εἰς
3944 5656 3998 5702 τὸ
