4158 6478
196 416 301 478 645

1306 405 1777 469 MARTYRIUM
1818 403 1879 464 S.
1920 404 2355 471 SEVEBIANI.

3343 417 3445 479 646

196 520 371 577 σῶσαί
415 541 505 594 με,
524 523 621 578 καὶ
653 521 741 575 τὸν
781 522 878 592 μέν
905 522 1170 591 βραχιονα
1198 518 1293 571 τοῦ
1322 519 1647 590 ἀμαρτωλοῦ
1681 514 1758 568 κα

1884 514 2032 578 dum,
2088 524 2142 569 et
2194 516 2478 572 brachium
2532 516 2752 587 quidem
2792 519 3101 588 peccatoris
3141 530 3196 574 et
3239 520 3454 593 maligni

197 614 436 684 πονηροῦ
474 616 792 686 σύντριψον,
837 613 905 666 τά
933 613 991 665 δὲ
1025 612 1137 665 τῶν
1193 610 1343 681 ἐμῶν
1374 610 1551 680 ἄρθρα
1594 607 1774 678 μελῶν

196 706 467 776 λελυμένα
507 707 828 775 σύσφιγξον,
851 703 1045 772 ἀγαθὲ,
1090 704 1186 757 καὶ
1215 704 1301 765 δός
1338 720 1429 772 μοι
1459 703 1553 753 τὸν
1586 701 1775 768 ἀγῶνα

192 796 385 850 τοῦτον
443 798 695 852 διανῦσαι
730 798 825 850 τοῦ
864 797 1204 868 μαρτυρίοω
1240 796 1402 848 λῦσον
1436 795 1494 847 δὲ
1536 796 1634 847 καὶ
1674 794 1774 862 τὴν

193 889 557 962 ἐπικειμένην
607 890 683 960 τῷ
724 891 888 944 παντί
955 907 1050 943 σου
1109 888 1348 958 ποιμνίῳ
1380 886 1769 956 σκοτόμαιναν.

203 982 369 1053 Ὁρᾷς
398 986 479 1047 είς
508 986 812 1056 δσονῆρθη,
839 986 932 1039 καὶ
958 984 1107 1047 ὅπως
1141 984 1323 1037 πάντα
1359 982 1550 1053 σχεδὸν
1581 980 1771 1051 περιέ-

190 1073 375 1130 λαδεν.
408 1073 535 1146 Εἶχε
572 1078 670 1147 μὲν
706 1074 800 1132 οὖν
833 1075 1002 1139 οὕτως
1032 1076 1201 1146 εὐχῆς
1231 1078 1259 1128 δ
1304 1075 1519 1145 μάρτυς
1571 1070 1776 1143 κρεμά·

194 1184 357 1236 μενος
384 1182 401 1195 ⁸
436 1170 464 1220 ὁ
495 1169 755 1239 τύραννος
784 1169 840 1222 δέ
869 1169 1059 1231 ἄλλους
1086 1170 1174 1221 ἐπ’
1201 1168 1384 1228 ἄλλοις
1422 1168 1636 1234 ἔπεμπε
1659 1163 1769 1216 τῶν

189 1258 422 1329 δημίων,
458 1262 558 1324 τὰς
583 1262 774 1325 ὀδύνας
807 1264 871 1313 ἐκ
892 1262 1082 1314 τούτου
1111 1261 1444 1331 δριμυτέρας
1470 1256 1771 1327 ἐπιτεχνὼ·

193 1365 376 1415 μενος.
416 1351 570 1404 Ἐπεὶ
605 1352 661 1405 δὲ
696 1350 843 1423 ἐώρα
862 1354 953 1404 τὸν
981 1355 1142 1419 ἅγιον
1174 1352 1431 1421 ἀτρέπτῳ
1480 1350 1572 1402 καὶ
1616 1366 1773 1401 συνε-

192 1443 357 1503 στῶτι
387 1443 465 1513 τῷ
497 1445 768 1514 προσώπῳ
800 1445 868 1497 τά
898 1446 1220 1513 ἐπαγόμεναι
1236 1444 1489 1514 φέροντα,
1510 1442 1771 1512 διαπορηο

188 1534 299 1595 θεὶς
331 1535 586 1603 ἀνεθῆναι
616 1536 715 1604 μὲν
735 1536 841 1589 τῶν
867 1537 1149 1606 μαστίγων
1182 1537 1369 1601 αὑτὸν,
1401 1540 1465 1607 τῇ
1495 1538 1686 1604 εἱρκτῇ
1711 1534 1769 1587 δέ

187 1642 260 1676 πα
271 1626 969 1695 ραδοθῆναιδιακελεύεται.
983 1629 1042 1681 '0
1063 1632 1272 1701 μάρτυς
1286 1630 1378 1683 οὖν
1394 1630 1766 1698 ἀπαγόμενος,

185 1718 279 1767 καὶ
314 1710 403 1769 οἷα
459 1719 651 1781 αὑταῖς
708 1720 944 1788 πληγαῖς
998 1724 1402 1793 σεμνυνόμενος
1455 1722 1542 1775 διὰ
1598 1724 1764 1792 μέτου

184 1808 313 1862 ἐϐόα
344 1812 447 1879 τῆς
478 1813 707 1876 πόλεως’
756 1815 821 1865 Ol
849 1815 916 1866 τά
950 1815 1242 1885 τραύματα
1269 1817 1378 1867 τῶν
1407 1819 1498 1868 τοῦ
1526 1814 1763 1884 Χριστοῦ

1878 616 2120 672 contere,
2153 623 2400 662 meorum
2435 617 2617 664 autem
2652 610 3021 664 membrorum
3053 613 3310 667 articulos
3343 615 3457 670 dis-

1878 699 2083 752 solutos
2124 700 2319 769 colliga
2354 712 2408 755 et
2450 702 2569 765 uni,
2619 716 2653 756 ο
2688 702 2830 756 bone
2862 720 2872 753 :
2906 712 2962 756 et
3010 706 3251 760 concede
3301 708 3456 767 mihi.

1877 800 1938 845 ut
1977 792 2181 859 possim
2217 808 2477 863 peragere
2522 794 2628 849 hoc
2670 804 2953 849 certamen
2990 797 3260 866 martyrii.
3296 798 3456 852 Solve

1875 893 2059 937 autem
2103 884 2268 938 etiam
2301 902 2441 948 eam,
2490 902 2611 955 qua:
2647 895 2738 941 tuo
2769 888 2919 958 gregi
2966 888 3239 952 imminet,
3273 889 3456 960 caligi-

1877 988 2026 1029 nem.
2062 973 2226 1029 Vides
2251 991 2411 1044 quam
2444 977 2512 1028 sit
2542 975 2598 1028 in
2630 976 2800 1029 altum
2834 976 2997 1041 elata,
3026 986 3080 1030 et
3102 980 3456 1045 quemadmo-

1875 1065 2003 1120 dum
2035 1066 2217 1120 omnia
2251 1066 2365 1121 l'ere
2410 1068 2848 1137 comprehendit.
2900 1069 3082 1138 Atque
3129 1069 3208 1123 sic
3236 1070 3453 1139 quidem

1876 1159 2201 1227 precabatur
2254 1170 2462 1230 martyr
2528 1175 2849 1230 suspensus.
2922 1162 3212 1231 Tyrannus
3272 1173 3454 1217 autem

1876 1255 2015 1307 alios
2049 1263 2169 1322 post
2198 1253 2333 1307 alios
2372 1253 2619 1307 mittebat
2654 1254 2897 1315 lictores,
2930 1257 3210 1324 graviores
3242 1271 3303 1309 ex
3346 1258 3450 1312 hoc

1874 1345 2092 1400 dolores
2124 1346 2465 1400 maehinans.
2494 1346 2791 1415 Postquam
2823 1355 3008 1400 autem
3038 1347 3171 1402 vidit
3201 1357 3452 1403 sanctum

1874 1435 2201 1492 immutabili
2226 1449 2280 1491 et
2304 1442 2578 1492 constanti
2612 1438 2765 1491 vultu
2797 1437 3069 1492 ferentem
3102 1454 3166 1493 ea
3198 1454 3317 1509 qua
3365 1441 3451 1493 iu-

1876 1532 2252 1597 tentabantur,
2310 1532 2476 1585 animi
2535 1531 2759 1595 dubius,
2825 1532 2983 1601 jubet
3044 1547 3169 1585 eum
3231 1534 3451 1601 quidem

1875 1623 2104 1677 relaxari
2161 1639 2191 1676 a
2246 1622 2497 1684 vinculis,
2551 1624 2755 1691 conjici
2809 1635 2992 1679 autem
3041 1626 3097 1678 in
3147 1641 3449 1680 carcerem.

1871 1714 2070 1785 Martyr
2102 1730 2232 1787 ergo
2265 1716 2394 1769 dum
2422 1714 2820 1777 abducebatur,
2854 1722 2910 1769 et
2939 1714 3279 1785 gloriabatur
3309 1731 3450 1783 quo-

1871 1807 2161 1861 dummodo
2190 1806 2385 1877 plagis,
2428 1822 2526 1876 per
2554 1806 2789 1860 mediam
2826 1806 3097 1860 clamabat
3126 1806 3397 1860 civitatem
3432 1825 3447 1861 :

184 1900 478 1967 βλέποντες
511 1905 781 1972 ἀθλητῶν,
834 1906 1071 1955 ἐννοεῖτε
1129 1906 1336 1957 τούτων
1372 1907 1471 1968 τὰς
1526 1907 1758 1975 ἀμοιϐάς

1868 1898 1970 1965 Qui
2026 1899 2359 1953 athletarum
2423 1896 2632 1952 Christi
2694 1897 2889 1951 videtis
2945 1898 3192 1961 vulnera,
3257 1912 3448 1953 eorum

183 1994 276 2044 και
310 1994 375 2045 τά
398 1994 630 2046 ἔπαθλα,
652 1991 793 2046 Οὔτε
821 1994 927 2064 γὰρ
957 1994 1032 2064 νῷ
1057 1996 1259 2065 ληπτὰ,
1279 1994 1400 2047 οὕτε
1425 1996 1567 2065 λόγῳ
1595 1995 1756 2066 ῥητά,

182 2085 279 2136 ὃσα
307 2084 336 2137 δ
368 2084 636 2148 ἀθάνατος
670 2085 937 2149 Βασιλεὺς
975 2090 1085 2149 τοῖς
1120 2088 1260 2155 ὑπὲρ
1290 2089 1454 2140 αὑτοῦ
1489 2089 1760 2157 πάσχουσι

181 2179 271 2227 καὶ
302 2176 399 2229 νῦν
427 2177 609 2229 δίδωσι
647 2178 850 2246 ἀγαθά,
901 2179 998 2231 καὶ
1020 2182 1101 2242 είς
1143 2180 1205 2232 τὸ
1236 2180 1388 2232 ἐπιὸν
1421 2182 1477 2232 ἐν
1508 2182 1761 2251 οὐρανοῖς

180 2268 524 2337 ταμιεύεται.
556 2270 663 2321 Καὶ
692 2269 822 2322 αὐτὸ
856 2269 1015 2323 τοῦτο
1041 2272 1100 2323 τὸ
1145 2271 1285 2339 ὑπὲρ
1316 2270 1483 2322 αὐτοῦ
1525 2274 1757 2339 πάσχειν

180 2359 389 2427 γλυκύο
432 2362 493 2413 τὸ
544 2362 599 2414 δὲ
636 2364 729 2415 καὶ
762 2361 830 2414 δι’
871 2364 1035 2416 αὑτὸν
1089 2363 1387 2418 ἀποθανεῖν
1441 2363 1613 2433 ἥδιον.
1646 2363 1756 2416 Καὶ

179 2452 294 2521 ἅμα
347 2454 682 2524 παρείποντο
734 2456 921 2509 πολλοὶ
970 2457 1045 2527 τῷ
1090 2458 1266 2526 ἀνδρὶ,
1316 2459 1544 2529 ἐπέρρει
1570 2458 1624 2510 δὲ
1661 2460 1757 2509 καὶ

179 2546 384 2599 πλείων
410 2550 438 2600 ὁ
466 2548 622 2616 ὄχλος
655 2550 720 2601 τά
755 2551 997 2617 σωτήρια
1024 2549 1114 2600 ὑπ’
1141 2547 1308 2601 αὐτοῦ
1352 2550 1753 2617 διδασκόμενοι,

179 2639 283 2701 ἕως
311 2641 406 2709 τῆς
436 2640 683 2708 φυλακῆς
712 2639 880 2708 ἐπέϐη
908 2637 1001 2692 καὶ
1035 2641 1205 2711 αὐτῆς
1230 2641 1364 2694 εἵσω
1393 2641 1679 2711 γεγένητο.

251 2894 345 2960 ς’.
373 2894 610 2964 Πέμπτη
636 2893 815 2949 τοίνυν
848 2895 988 2964 μετά
1034 2894 1132 2965 τὴν
1179 2895 1420 2967 φρουρὰν
1460 2895 1756 2967 περιῆλθεν

178 2988 386 3056 ἡμέρα,
410 2988 507 3039 καὶ
560 2988 682 3055 άγει
730 2988 893 3042 πάλιν
921 2989 1011 3041 τὸν
1064 2988 1303 3059 ἀθλητὴν
1339 2991 1365 3041 ὁ
1402 2991 1632 3053 Λυσίας,
1657 2991 1754 3043 καὶ

176 3080 411 3141 ἀναιδῶς
442 3079 532 3130 τὸν
557 3082 730 3148 πρᾶον
785 3081 1245 3151 ὑποκρινάμενος,
1285 3082 1456 3155 ταύτῃ
1493 3099 1754 3152 μετενεγ-

1865 1993 2342 2046 remunerationes
2395 1993 2633 2059 cogitate
2684 1999 2740 2044 et
2788 1991 3031 2058 praemia.
3076 1990 3262 2059 Neque
3302 1995 3446 2046 enim

1865 2098 2049 2140 meme
2073 2084 2492 2154 comprehendi,
2523 2097 2705 2151 neque
2733 2084 2916 2137 verbis
2944 2084 3181 2151 exprimi
3218 2092 3447 2152 possunt

1863 2175 2028 2240 bona,
2092 2190 2213 2245 quae
2265 2174 2376 2229 Rex
2434 2175 2762 2229 immortalis
2812 2183 2867 2229 et
2919 2190 3064 2230 nunc
3103 2177 3196 2230 dat
3248 2177 3313 2231 iis
3353 2177 3444 2248 qui

1862 2283 1959 2336 pro
2007 2269 2124 2337 ipso
2162 2270 2468 2336 patiuntur,
2506 2276 2562 2321 et
2595 2269 2650 2320 in
2682 2267 2840 2321 caelis
2870 2273 3221 2320 reservantur
3252 2268 3305 2321 in
3346 2286 3445 2338 po-

1863 2370 2101 2413 sterum.
2142 2359 2281 2426 Quin
2317 2361 2480 2414 etiam
2528 2359 2710 2430 ipsum
2751 2375 2969 2430 quoque
3001 2376 3102 2429 pro
3149 2364 3264 2431 ipso
3310 2363 3441 2431 pati,

1861 2464 1946 2507 est
1971 2452 2303 2521 jucundum,
2352 2464 2575 2522 propter
2608 2453 2787 2521 ipsum
2831 2461 3012 2506 autem
3046 2455 3206 2515 mori,
3241 2464 3323 2507 est
3352 2454 3445 2523 ju-

1861 2545 2117 2599 cundius.
2167 2543 2301 2598 Eum
2345 2555 2527 2597 autem
2566 2545 2726 2598 multi
2761 2545 3149 2613 sequebantur,
3186 2556 3239 2599 et
3271 2547 3444 2615 major

1860 2635 2118 2689 adluebat
2152 2636 2332 2699 turba,
2374 2652 2496 2704 qua:
2530 2636 2601 2691 ab
2628 2652 2696 2691 eo
2735 2637 3035 2691 docebatur
3068 2653 3130 2690 ea
3162 2654 3281 2706 quae
3315 2651 3444 2693 sunt

1859 2729 2142 2791 salutaria,
2180 2729 2360 2784 donec
2399 2731 2651 2784 ascendit
2686 2730 2741 2783 iu
2778 2733 3111 2794 custodiam,
3165 2740 3221 2784 ct
3264 2732 3438 2801 ipsam

1858 2833 1942 2879 est
1975 2824 2269 2892 ingressus.

1931 2914 2018 2968 Vl.
2072 2913 2310 2979 Quintus
2344 2912 2462 2966 dies
2495 2914 2864 2980 praeterierat,
2899 2927 2964 2966 ex
3018 2928 3126 2982 quo
3157 2915 3439 2983 conjectus

1858 3006 2037 3060 fuerat
2094 3008 2146 3058 in
2207 3005 2539 3069 custodiam,
2602 3012 2657 3058 et
2695 3005 2955 3058 athletam
2999 3021 3191 3059 rursus
3228 3007 3439 3059 curavit

1858 3098 2241 3154 adducendum
2299 3095 2525 3166 Lysias;
2610 3107 2665 3151 et
2724 3098 3071 3165 impudenter
3128 3112 3187 3150 se
3247 3100 3433 3153 mitem

177 3174 293 3223 κεῖν
329 3172 497 3223 αὑτὸν
529 3170 626 3239 τῆς
671 3172 957 3234 εὐσεϐείας
1008 3176 1342 3242 ἐμηχανᾶτο.
1384 3175 1493 3229 Καὶ
1516 3215 1530 3239 ,
1561 3178 1753 3230 "latui-

1861 3207 1980 3248 esse
2018 3190 2324 3252 simulans,
2378 3188 2457 3244 sic
2504 3203 2635 3241 eum
2686 3189 3013 3242 moliebatur
3070 3191 3351 3245 traducere
3403 3206 3434 3244 a

179 3278 277 3314 σαν
320 3262 368 3313 οί
421 3259 535 3312 θεοὶ
582 3259 846 3324 ἅπαντες,
902 3261 1079 3329 ἔλεγε,
1118 3262 1438 3332 Σευηριανὲ,
1488 3265 1569 3314 ὃτι
1607 3268 1749 3316 πάνυ

177 3352 386 3423 σφόδρα
446 3351 842 3422 ἐκπλήττομαι,
902 3353 1360 3423 ἀναλογιζόμενος
1416 3356 1563 3417 ὅπως
1613 3354 1750 3427 ἀνὴρ

175 3445 317 3499 οὕτω
348 3445 447 3513 μὲν
488 3446 691 3511 ἀγαθὸς
720 3444 818 3517 τὴν
853 3444 1023 3515 ὤραν,
1050 3449 1143 3501 καὶ
1172 3447 1271 3499 ὅσα
1314 3448 1441 3501 ἰδεῖν
1469 3448 1749 3518 ἀνδρείως,

175 3538 317 3589 οὕτω
343 3538 403 3589 δέ
436 3540 758 3606 ἐμπειρίαις
794 3539 1139 3605 πραγμάτων
1164 3540 1608 3609 μεμελετημένος
1655 3542 1748 3594 θά-

174 3645 336 3682 νατον
375 3628 631 3698 προφανῆ
675 3628 769 3679 τοῦ
817 3626 974 3696 ἡδέος
1018 3628 1208 3680 τούτου
1259 3631 1498 3701 ἀλλάττῃ
1551 3632 1747 3694 φωτός.

185 3721 428 3776 Ἐπαινῶ
469 3736 565 3774 σου
596 3719 656 3772 τὸ
684 3718 968 3793 σταθερὸν,
998 3718 1112 3774 ἀλλ’
1145 3722 1194 3774 εἰ
1228 3721 1371 3774 κατὰ
1403 3722 1510 3774 τῶν
1538 3721 1750 3791 ἐχθρῶν

172 3817 446 3886 ἐκέχρησο
484 3814 563 3883 τῷ
598 3814 1056 3882 πλεονεκτήματι.
1077 3814 1151 3866 Τὸ
1182 3814 1237 3866 δὲ
1268 3817 1360 3867 καὶ
1393 3817 1621 3886 σιδήρῳ,
1656 3817 1750 3868 καὶ

172 3912 332 3980 πυρὶ,
357 3908 451 3961 καὶ
480 3908 665 3978 θηρσὶ,
686 3908 780 3959 καὶ
807 3906 975 3969 λίθοις
1012 3908 1265 3961 παλαίειν
1310 3909 1519 3977 ἠλίθιον
1552 3909 1747 3978 κομιδῇ

172 4006 264 4055 καὶ
313 4001 433 4052 οὐδὲ
470 3999 670 4065 μανίας
730 3998 1032 4067 ἐλεύθερον.
1089 4001 1160 4051 "ll
1191 4002 1285 4067 οὐχ
1330 4002 1460 4071 ὁρᾷς
1492 4004 1538 4053 εἱ
1588 4003 1661 4069 μή
1699 4019 1750 4053 τι

171 4096 325 4157 ἄλλο,
356 4094 432 4154 ὼς
463 4092 724 4161 παρεῖται
751 4089 849 4157 μέν
911 4105 995 4142 σοι
1041 4089 1102 4141 τὸ
1132 4094 1381 4159 γενναῖον
1414 4094 1514 4161 τῆς
1559 4095 1750 4164 ῥώμης

173 4190 268 4240 καὶ
294 4186 551 4250 λέλυται;
588 4183 802 4254 διαρρεῖ
828 4182 884 4236 δὲ
934 4184 1028 4236 καὶ
1076 4184 1342 4256 αὐτὸ.ἡδη
1376 4185 1435 4237 τὸ
1466 4186 1626 4256 σῶμα
1658 4188 1751 4240 καὶ

170 4284 422 4350 οῑχεταις
461 4278 673 4341 τούτοις
713 4280 740 4331 ὁ
766 4277 975 4341 Λυσίας
1026 4277 1257 4331 ἐκλῦσαι
1301 4278 1621 4348 πανούργως
1659 4281 1749 4331 τὸν

172 4376 327 4425 τόνον
360 4372 512 4441 αὐτῷ
541 4371 840 4440 ἐπεχείρει.
892 4370 952 4423 'O
977 4370 1060 4435 δὲ,
1103 4370 1195 4440 Μὴ
1223 4371 1359 4441 πρὸς
1382 4374 1479 4433 τάς
1511 4372 1753 4441 δαπανη-

171 4466 362 4527 θεὶσας
393 4466 513 4525 ταῖς
540 4463 760 4532 μάστιξι
793 4465 1001 4532 σάρκας
1026 4464 1243 4528 σκόπει,
1271 4463 1458 4532 φησίν·
1486 4463 1552 4531 ἃς
1581 4466 1628 4515 εἰ
1656 4464 1750 4515 καὶ

174 4558 249 4627 μὴ
320 4556 485 4617 αὐτὸς
543 4554 867 4617 ἀναλώσεις,
911 4556 1027 4606 ἀλλ’
1060 4558 1087 4607 ὁ
1116 4556 1346 4618 θάνατος
1396 4559 1640 4610 ἐπελθὼν
1687 4561 1746 4612 οὐ
1783 4557 1825 4613 D

170 4652 421 4718 φείσεται
452 4648 672 4711 πάντως
695 4664 709 4678 ο
734 4647 849 4700 ἀλλ’
872 4646 987 4701 ἐστί
1024 4664 1116 4718 μοι
1148 4650 1496 4718 προαίρεσις,
1524 4651 1591 4720 ἢν
1624 4652 1749 4704 οὔτε

169 4743 371 4815 ἀπειλὴ
405 4739 767 4812 καταπλήξει,
793 4739 918 4795 οὔτε
956 4742 1189 4812 βάσανος
1241 4742 1437 4812 ἆψεται
1461 4758 1473 4772 ο
1528 4743 1752 4796 τούναν-

170 4838 283 4889 τίον
316 4838 417 4905 μέν
446 4832 539 4888 οὖν
570 4835 717 4888 άπαν
745 4873 761 4900 ,
794 4834 888 4885 καὶ
921 4835 1156 4903 ῥώννυσι
1188 4837 1391 4909 μᾶλλον
1411 4837 1582 4905 αὐτὴν
1612 4838 1751 4906 ὑπὲρ

170 4928 413 4997 Χριστοῦ
458 4929 556 4979 καὶ
615 4926 1037 4996 προθυμοτέραν
1087 4927 1405 4997 ἐργάζεται.
1456 4928 1617 4983 Ὅθεν
1674 4932 1750 5000 μὴ

173 5018 434 5089 μάστιζε,
497 5016 634 5085 μηδέ
673 5017 910 5088 ἀνάρτα,
956 5017 1091 5089 μηδὲ
1130 5018 1367 5084 meme
1404 5020 1589 5090 μόνον,
1614 5021 1752 5073 ἀλλὰ

170 5114 266 5165 καὶ
292 5113 462 5174 λίθοις
492 5110 784 5182 βάλλε,καὶ
808 5114 939 5195 π.)ρὶ
966 5112 1128 5173 δίδου,
1169 5114 1263 5164 καὶ
1304 5114 1413 5164 πᾶν
1448 5114 1587 5181 ὅπερ
1618 5112 1685 5165 ἂν

173 5208 486 5277 βουλομένῳ
521 5223 605 5258 σοι
647 5205 893 5270 δυνατὸν,
934 5206 1163 5273 ἐπάγειν
1206 5207 1282 5277 μὴ
1325 5206 1622 5276 ἀναϐάλλῃ.
1666 5207 1751 5270 Ὠς

171 5300 371 5353 θᾶττον
406 5295 474 5349 ἂν
505 5300 569 5350 σὺ
629 5298 874 5373 κολάζων
934 5300 1353 5369 άπαγορεύσῃς,
1380 5299 1413 5368 ἢ
1443 5298 1606 5360 αὐτὸς
1663 5300 1753 5352 διά

171 5391 411 5461 Χριστὸν
457 5390 699 5457 ἐμαυτοῦ
747 5390 1028 5461 φείσομαι.
1068 5390 1291 5461 Ἐχθρὸς
1335 5391 1392 5443 δέ
1449 5393 1633 5453 ὁποῖος
1684 5392 1751 5444 ἂν

173 5487 363 5553 ἕτερος
416 5484 545 5552 ἐμοὶ
597 5482 694 5534 σοῦ
737 5483 1119 5553 χαλεπώτερος
1169 5485 1341 5547 ἔσται,
1374 5486 1605 5537 συνιδεῖν
1652 5485 1752 5537 οὐκ

174 5580 283 5646 ἐχω
305 5593 319 5607 ’
349 5578 409 5638 ὅς
432 5592 497 5642 γε
517 5576 577 5629 οὐ
604 5575 886 5644 πόρρωθεν
918 5557 1319 5648 άκροὸολίζείς,
1343 5577 1463 5631 οὐδὲ
1496 5578 1633 5630 κατὰ
1657 5576 1751 5629 τοῦ

175 5670 434 5739 σώματος
467 5667 636 5736 ἀφίης
669 5665 730 5719 τὸ
766 5665 940 5735 βέλος,
972 5669 1087 5721 ἀλλ’
1119 5670 1287 5739 αὐτὴν
1339 5668 1631 5721 σκυλεῦσαι
1660 5686 1751 5737 φις

170 5764 407 5817 λονεικεῖ
454 5762 554 5829 τῆς
580 5763 860 5823 εὐσεῆείας
886 5767 1065 5818 ὅπλων
1093 5768 1398 5837 γυμνῶσαι,
1420 5766 1516 5817 καὶ
1556 5764 1751 5835 δούλην

173 5848 492 5924 ἀπαγαγεῖν
528 5860 618 5907 καὶ
654 5856 1019 5929 αἰχμάλωτον.

1857 3289 2083 3353 pietate.
2110 3284 2193 3347 Et,
2253 3282 2440 3337 Sciant
2471 3297 2665 3335 omnes
2693 3281 2792 3345 dii,
2828 3282 3062 3345 diccbat,
3112 3287 3432 3349 Severiano,

1855 3376 2014 3431 valde
2051 3377 2241 3438 miror,
2280 3384 2544 3443 reputans
2580 3374 2728 3441 quod
2778 3376 2860 3427 vir
2890 3375 3110 3442 quidem
3142 3377 3279 3428 adeo
3326 3376 3436 3427 l‘or-

1856 3487 1942 3526 ma
1984 3471 2225 3541 elegans,
2264 3477 2320 3523 et
2370 3469 2515 3537 quod
2567 3468 2747 3523 videri
2796 3474 2993 3539 potest,
3030 3470 3205 3533 fortis,
3253 3478 3308 3522 et
3340 3470 3433 3537 qui

1856 3580 2037 3619 rerum
2109 3568 2313 3617 tantam
2375 3570 2572 3616 nactus
2636 3578 2696 3616 es
2755 3563 3179 3628 experientiam,
3243 3575 3430 3630 aperta

1855 3666 2089 3711 murtea
2151 3656 2305 3710 suavi
2365 3656 2467 3710 hac
2524 3655 2648 3711 luce
2707 3655 2978 3710 discedas.
3038 3653 3224 3708 Laudo
3282 3666 3429 3709 tuam

1854 3750 2207 3803 stabilitatem
2260 3759 2315 3804 et
2356 3752 2747 3812 constantiam,
2786 3749 2832 3803 si
2879 3764 2943 3803 ea
2981 3764 3111 3803 usus
3158 3765 3305 3807 esses
3338 3750 3433 3802 ad-

1854 3856 2047 3896 versus
2082 3844 2288 3894 hostes.
2335 3841 2473 3894 Cum
2528 3842 2677 3893 ferro
2725 3852 2928 3900 autem,
2960 3843 3104 3908 igne,
3150 3841 3342 3893 bestiis
3371 3851 3428 3893 et

1855 3935 2135 4004 lapidibus
2169 3934 2471 3999 decertare,
2506 3942 2594 3986 est
2643 3933 2806 4002 plane
2847 3932 3097 3995 stultum,
3134 3942 3187 3985 et
3230 3933 3426 3985 nonni-

1855 4024 1935 4079 hil
1982 4024 2142 4079 aliine
2196 4024 2442 4078 insaniae.
2500 4025 2586 4076 An
2635 4039 2745 4077 non
2795 4023 2949 4077 vides
2980 4025 3022 4078 si
3072 4023 3209 4075 nihil
3256 4025 3427 4084 aliud,

1853 4117 2021 4169 robur
2056 4112 2276 4184 quidem
2318 4122 2469 4166 tuum
2504 4127 2630 4167 esse
2668 4113 2902 4168 fractum
2971 4122 3028 4168 et
3080 4114 3429 4177 dissolutum,

1854 4209 2033 4277 ipsum
2070 4215 2252 4259 autem
2294 4219 2495 4272 corpus
2524 4205 2640 4266 jam
2688 4204 2935 4257 diﬂluere
2968 4218 3021 4258 et
3073 4206 3288 4274 perire?
3334 4207 3431 4257 His

1856 4300 2044 4371 Lysias
2126 4296 2321 4352 callide
2367 4293 2670 4349 conabatur
2709 4295 2829 4361 ejus
2872 4309 3134 4351 enervare
3174 4306 3430 4351 eonstan-

1855 4396 2007 4448 tiam.
2062 4394 2155 4445 Ille
2198 4402 2386 4445 autem
2422 4408 2435 4444 :
2465 4392 2546 4445 Ne
2596 4394 2936 4458 consideres,
2993 4395 3187 4462 inquit,
3238 4408 3430 4447 carnes

1853 4496 2212 4556 consumptas
2242 4485 2485 4554 ﬂagellis,
2532 4500 2666 4553 quas
2695 4485 2737 4537 si
2774 4494 2828 4535 tu
2858 4499 2966 4537 non
2998 4487 3427 4551 eonsuinpseris,

1854 4590 1906 4635 at
1941 4595 2086 4632 mors
2125 4579 2423 4632 adveniens
2456 4578 2680 4629 minime
2725 4576 2949 4629 omnino
2983 4576 3062 4629 eis
3108 4576 3426 4645 parcet.Sed

1852 4683 1935 4726 est
1967 4672 2099 4724 mihi
2143 4673 2316 4723 libera
2347 4668 2515 4721 animi
2550 4670 2819 4731 voluntas,
2858 4684 3019 4736 quam
3053 4684 3231 4735 neque
3266 4669 3429 4721 minae

1854 4765 2157 4826 terrebunt,
2191 4776 2369 4832 neque
2400 4770 2729 4817 tormentum
2779 4762 3010 4828 attinget
3043 4776 3057 4812 :
3090 4770 3279 4812 contra
3325 4775 3428 4817 au-

1855 4866 1961 4910 tem
2002 4871 2123 4909 eam
2178 4855 2352 4921 magis
2403 4852 2629 4903 omnino
2667 4866 2767 4919 pro
2818 4850 3036 4905 Christo
3084 4851 3425 4914 conﬁrmant,

1856 4946 2358 5018 promptioremque
2395 4942 2640 5004 alliciunt
2669 4954 2725 4997 et
2772 4943 3115 4997 alacriorem.
3162 4942 3427 5007 Quocirca

1854 5049 1962 5088 non
1994 5032 2173 5087 solum
2200 5030 2382 5099 ﬂagris
2426 5029 2595 5089 caede,
2644 5029 2919 5097 suspende
2953 5036 3008 5079 et
3053 5027 3233 5080 lacera
3287 5046 3300 5079 :
3331 5027 3426 5079 sed

1854 5125 2017 5181 etiam
2050 5127 2225 5178 obrue
2273 5122 2566 5189 lapidibus,
2603 5130 2658 5174 et
2689 5121 2803 5187 iace
2839 5120 2893 5171 iu
2943 5119 3148 5188 ignem,
3182 5129 3237 5172 et
3267 5121 3427 5188 quid-

1854 5218 2008 5287 quid,
2040 5215 2184 5285 quod
2222 5215 2305 5268 vis
2330 5223 2385 5267 et
2424 5222 2578 5282 potes
2608 5212 2809 5273 facere,
2845 5213 2902 5264 iu
2936 5227 3023 5265 me
3057 5227 3126 5263 ne
3155 5210 3426 5263 cunrteris

1854 5311 2142 5364 intentare.
2186 5306 2319 5360 Nam
2363 5316 2419 5359 tu
2459 5305 2567 5357 eris
2614 5304 2778 5357 citius
2818 5302 3071 5357 defessus
3122 5302 3425 5369 puniendo,

1853 5418 2015 5472 quam
2049 5418 2148 5471 ego
2203 5400 2339 5454 mihi
2392 5412 2610 5466 parcam
2661 5406 2887 5467 propter
2924 5396 3226 5455 Christum.
3266 5394 3427 5459 Quis-

1854 5509 1979 5547 nam
2026 5501 2209 5549 autem
2244 5504 2295 5547 te
2328 5491 2460 5544 mihi
2518 5493 2733 5559 gravior
2770 5489 2987 5544 futurus
3040 5490 3112 5540 sit
3145 5488 3421 5550 inimicus,

1853 5601 1963 5639 non
2014 5600 2234 5654 possum
2287 5586 2648 5653 perspicere:
2699 5582 2789 5650 qui
2830 5596 2939 5633 non
2991 5580 3165 5634 solum
3206 5583 3426 5633 eminus

1851 5678 2133 5748 jacularis,
2171 5692 2235 5729 ac
2269 5680 2433 5730 telum
2476 5678 2529 5730 in
2566 5690 2764 5743 corpus
2814 5674 3081 5729 immittis.
3110 5674 3204 5727 sed
3236 5673 3427 5726 Studes

1857 5772 2023 5838 ipsam
2062 5771 2295 5836 spoliare
2350 5771 2612 5827 animam,
2672 5779 2726 5821 et
2764 5784 2880 5819 eam
2934 5768 3157 5819 omnino
3208 5771 3417 5819 nudare

1859 5861 2025 5916 armis
2084 5864 2319 5931 pietatis,
2374 5869 2429 5916 et
2478 5876 2700 5918 servam
2736 5862 3004 5915 abducere
3043 5870 3100 5913 et
3130 5858 3418 5926 captivam.
