4158 6494
705 393 806 459 647

1933 389 2214 450 MENSIS
2256 389 2730 451 SEPTEMBER.

3859 396 3965 460 648

778 507 883 564 Vll.
918 505 1039 560 llaec
1074 520 1196 559 cum
1231 504 1337 558 dux
1382 505 1664 565 audiisset,
1698 503 1959 556 continuo
1989 518 2277 572 personam

2454 507 2527 558 Z'.
2559 504 2780 559 Τούτων
2804 508 2831 558 6
2863 504 2990 571 δοὺξ
3009 505 3271 572 ἀκούσας,
3292 508 3350 564 τὸ
3391 511 3739 578 προσωπεῖον
3799 512 3963 575 εὐθὺς

707 613 762 659 et
809 616 1023 658 scenam
1075 598 1288 666 abjicit.
1343 608 1398 651 et
1452 612 1646 651 rursus
1699 607 1815 650 erat
1869 596 2054 666 Lysias
2144 611 2266 648 cum

707 693 865 748 solita
903 691 1225 746 crudelitate
1251 700 1299 744 et
1337 690 1696 753 immanitate,
1724 699 1774 742 et
1811 689 1964 757 jubet
1993 687 2264 756 lapidibus

707 784 917 840 conteri
956 798 1018 836 os
1047 783 1317 853 martyris,
1359 792 1412 835 et
1446 782 1644 835 deinde
1692 781 1857 833 etiam
1896 780 1942 834 ei
1984 780 2224 834 dictitari
2256 797 2270 835 ε

706 878 829 932 Noli
887 876 1163 931 Christum
1218 875 1538 929 crucifixum
1581 875 1634 927 in
1676 873 1857 944 lingua
1898 871 2273 935 circumferre,

709 988 884 1040 neque
928 972 1077 1024 illum
1119 969 1602 1025 commemorando
1656 985 1778 1022 esse
1827 969 2085 1023 molestus
2119 969 2276 1023 ducis

707 1066 952 1117 auribus.
1012 1061 1116 1115 Sed
1185 1070 1441 1115 strenuus
1502 1060 1703 1114 athleta
1763 1061 1925 1114 etiam
1989 1061 2277 1115 decertans

709 1172 831 1211 cum
898 1154 987 1208 tali
1048 1152 1336 1222 supplicio,
1392 1162 1568 1204 tamen
1609 1152 2020 1220 responsionem
2061 1167 2277 1220 quoque

709 1247 910 1316 adjecit
956 1264 969 1300 :
1007 1247 1187 1307 Miser,
1229 1244 1444 1305 dicens,
1477 1245 1566 1312 qui
1623 1253 1766 1296 tuam
1812 1243 2054 1296 animam
2112 1244 2278 1297 semel

711 1341 885 1394 fecisti
913 1341 1214 1392 daemonum
1260 1337 1652 1394 habitaculum.
1690 1339 1882 1388 merito
1914 1350 1982 1389 ne
2013 1335 2128 1389 solo
2156 1336 2279 1404 qui-

711 1433 831 1485 dem
865 1429 1050 1483 auditu
1073 1438 1226 1497 potes
1252 1426 1401 1480 ferre
1433 1427 1631 1479 (Lhristi
1664 1426 1767 1477 mei
1808 1440 2028 1478 nomen.
2063 1425 2142 1478 Ad
2168 1426 2280 1479 lucc

713 1539 905 1580 rursus
934 1523 1037 1575 dux
1070 1538 1082 1573 :
1118 1521 1246 1589 Ego,
1275 1535 1307 1572 o
1334 1518 1646 1572 Severiane.
1678 1518 1987 1570 exisrimans
2011 1525 2060 1568 te
2086 1517 2278 1571 factum

713 1632 833 1668 esse
895 1613 1308 1666 moderatiorem
1367 1610 1655 1662 tormentis
1713 1609 2166 1677 praecedentibus.
2223 1617 2277 1662 et

714 1720 1020 1759 sermonem
1071 1701 1307 1769 imperii,
1342 1709 1395 1753 et
1434 1715 1551 1767 quae
1581 1715 1715 1764 Opus
1745 1710 1890 1760 sunt,
1923 1700 2065 1767 quod
2098 1703 2162 1751 ad
2198 1713 2283 1751 me

715 1799 932 1866 quidem
980 1795 1197 1855 attinet,
1246 1792 1410 1844 suasi.
1446 1792 1719 1855 Quoniam
1753 1801 1931 1844 autem
1967 1793 2078 1856 ipse
2116 1793 2284 1858 magis

717 1885 1003 1939 contendis
1049 1884 1265 1936 vincere
1303 1883 1481 1951 priora
1512 1882 1787 1942 secundis,
1820 1890 1874 1935 el
1903 1897 2020 1950 qua:
2051 1898 2283 1950 praeces-

719 1987 905 2032 serunt
933 1978 1332 2045 perpessiones,
1360 1975 1776 2043 exsuperatione
1803 1975 1982 2027 delere
2023 1975 2285 2042 posterio-

718 2086 863 2131 rum,
913 2077 973 2121 ut
1014 2069 1248 2134 aliquam
1276 2065 1479 2118 referas
1515 2066 1739 2134 gloriam
1765 2081 1790 2117 a
1819 2065 2165 2125 Christianis.
2193 2067 2284 2134 qui

719 2176 872 2229 atque
902 2174 964 2212 ac
999 2167 1054 2212 tu
1090 2166 1218 2210 sunt
1248 2157 1420 2220 stulti,
1462 2165 1511 2209 re
1541 2156 1856 2209 onmimodo
1885 2157 2090 2210 docebo
2121 2173 2285 2226 expe-

723 2253 939 2315 rientia,
972 2251 1114 2320 quod
1150 2262 1199 2304 te
1229 2260 1353 2304 tuus
1386 2249 1638 2304 Christus
1664 2265 1732 2304 ne
1768 2251 2037 2304 tantillum
2067 2252 2286 2320 quidem

717 2345 942 2414 juverit.
989 2341 1145 2394 Tunc
1175 2340 1527 2402 Severianus,
1571 2341 1660 2409 qui
1690 2341 1804 2410 ipse
1848 2356 2092 2408 quoque,
2150 2341 2291 2392 sicut

723 2436 938 2490 divinus
961 2433 1178 2497 Paulus,
1206 2442 1322 2487 erat
1351 2434 1542 2502 plenus
1568 2434 1750 2486 divino
1777 2433 1986 2501 Spiritu
2015 2449 2028 2484 :
2054 2432 2179 2493 Nos,
2210 2433 2292 2484 in-

723 2528 860 2596 quit.
883 2542 990 2579 non
1025 2541 1107 2585 ea,
1140 2541 1259 2593 qua:
1293 2525 1560 2583 videntur.
1602 2539 1634 2576 o
1659 2524 1846 2592 judex.
1874 2524 1968 2576 sed
2004 2539 2066 2576 ea
2098 2525 2288 2590 etiam,

725 2635 846 2690 qua:
877 2634 984 2671 non
1012 2618 1286 2678 videntur,
1331 2617 1746 2670 consideramus
1773 2617 1814 2668 ³.
1852 2616 2041 2669 Veniet
2074 2625 2280 2680 autem,

725 2714 815 2781 qui
850 2712 1064 2774 liberat,
1106 2721 1160 2763 et
1187 2721 1410 2762 sanctus
1436 2724 1466 2761 e
1493 2709 1629 2764 caelo
1652 2709 1910 2770 visitahit,
1945 2717 1999 2761 et
2031 2723 2150 2776 qua:
2178 2723 2209 2760 a
2241 2717 2292 2760 te

728 2803 780 2854 in
812 2814 896 2852 me
916 2799 1256 2852 intentantur
1273 2797 1556 2866 supplicia,
1579 2797 1760 2850 omnia
1795 2798 2207 2856 ellicietinauia.
2237 2803 2300 2848 ut

727 2900 855 2944 sunt
906 2905 1111 2942 revera.
1169 2887 1291 2942 llaec
1324 2903 1447 2941 cum
1498 2896 1698 2958 martyr
1745 2888 2140 2955 respondisset.
2187 2887 2294 2940 dux

730 2995 1030 3035 conversus
1085 2979 1150 3032 ad
1211 2980 1628 3032 circumstantes
1679 2995 1694 3030 :
1741 2978 2031 3042 Quoniam,
2095 2979 2294 3047 inquit,

731 3073 1059 3126 Severianus
1099 3070 1446 3140 praesentium
1489 3069 1750 3122 malorum
1786 3077 2080 3142 exspectat,
2110 3083 2295 3122 remu-

2375 598 2469 650 καὶ
2515 599 2614 668 τὴν
2647 599 2854 671 σκηνὴν
2901 598 3260 669 ἀπορρίπτει,
3323 603 3418 656 καὶ
3450 605 3656 667 Λυσίας
3692 600 3762 674 ἦν
3791 604 3960 669 αὖθις

2381 689 2517 758 μετὰ
2545 690 2647 758 τῆς
2698 689 2966 762 συνήθους
3020 692 3296 761 ἀπηνείας
3348 693 3442 745 καὶ
3497 694 3598 764 τῆς
3645 696 3959 766 ὠμότητος,

2376 782 2544 845 λίθοις
2565 799 2623 834 τε
2642 784 2702 834 τὸ
2732 784 3073 853 μαρτυρικὸν
3098 784 3320 837 ἐκέλευε
3349 787 3733 856 συντρίϐεσθαι
3756 791 3958 858 στόμα,

2379 872 2497 928 εἶτα
2533 875 2625 927 καὶ
2661 875 2935 943 ἐπιλέγειν
2968 876 3118 945 αύτῷ
3149 894 3162 908 ·
3201 878 3275 946 μὴ
3305 878 3395 928 ἐπὶ
3436 878 3531 946 τῆς
3575 879 3826 947 γλώττης
3862 899 3960 932 περ

2383 969 2628 1039 ριφέρειν
2658 968 2749 1020 τὸν
2791 971 3212 1040 ἐσταυρωμένον
3247 967 3505 1040 Χριστὸν,
3536 971 3672 1040 μηδέ
3705 976 3775 1042 τῇ
3807 975 3955 1025 ἐκεί-

2381 1079 2471 1114 νου
2535 1062 2723 1134 μνήμῃ
2760 1063 2860 1123 τὰς
2893 1061 2987 1113 τοῦ
3038 1061 3229 1123 δουκὸς
3285 1061 3475 1113 λυπεῖν
3522 1062 3711 1123 ἀκοάς.
3758 1062 3901 1114 Ἀλλ’
3936 1065 3962 1114 6

2381 1157 2626 1221 γενναῖος
2665 1147 2819 1214 οὗτος
2849 1154 3026 1205 καίτοι
3074 1153 3213 1220 αὐτῇ
3254 1153 3500 1205 παλαίων
3539 1153 3790 1215 κολάσει,
3814 1154 3962 1217 ὅμως

2384 1247 2476 1298 καὶ
2496 1247 2553 1298 τὸ
2571 1245 2744 1298 αἴτιον
2767 1243 3080 1314 προσετίθει
3111 1262 3123 1274 ’
3151 1243 3359 1308 ’Λθλιε,
3374 1245 3569 1311 λέγων,
3588 1244 3867 1312 δαιμόνων
3885 1244 3962 1295 oi-

2383 1338 2644 1406 κητήριον
2663 1337 2807 1401 Ξιπαξ
2828 1338 2924 1406 τὴν
2943 1335 3110 1389 αὑτοῦ
3125 1336 3303 1405 ψυχὴν
3321 1337 3713 1405 ποιησάμενος,
3731 1338 3960 1397 οἰκότως

2383 1431 2502 1480 ούδέ
2560 1432 2695 1498 ἀκοῇ
2733 1431 2868 1498 μόνῃ
2929 1430 2989 1481 τὸ
3017 1429 3111 1480 τοῦ
3173 1427 3310 1497 ἐμοῦ
3374 1428 3612 1498 Χριστοῦ
3645 1431 3821 1496 δνομα
3883 1427 3962 1479 δι-

2389 1525 2639 1588 ενεγκεῖν
2668 1521 2917 1573 δύνασαι.
2968 1521 3109 1589 Πρὸς
3166 1523 3336 1574 ταῦτα
3376 1522 3536 1574 πάλιν
3566 1525 3592 1573 ό
3623 1522 3780 1586 δούξ·
3825 1521 3961 1586 Ἐγὼ

2389 1610 2834 1680 σωφρονέστερον
2869 1625 2929 1660 σε
2963 1609 3225 1674 γενέσθαι
3254 1611 3373 1669 ταῖς
3426 1609 3828 1678 προλαδούσαις
3868 1606 3960 1676 βα·

2389 1705 2568 1764 σάνοις
2595 1701 2820 1770 οἰηθεὶς,
2841 1700 3164 1769 Σευηριανὲ,
3188 1700 3283 1750 καὶ
3307 1699 3468 1764 λόγου
3529 1701 3839 1764 μετέδωκα,
3873 1697 3963 1749 καὶ

2387 1797 2454 1847 τά
2483 1795 2669 1846 δέοντα
2700 1794 2759 1844 τό
2793 1811 2856 1861 γε
2890 1795 2968 1854 είς
3001 1793 3102 1860 ἐμὲ
3163 1786 3321 1860 ἧκον,
3369 1790 3653 1859 παρῄνεσα
3679 1804 3694 1818 ⁸
3749 1788 3875 1839 ἐπεὶ
3907 1788 3960 1838 δέ

2391 1887 2590 1956 μᾶλλον
2620 1884 2780 1947 αὐτὸς
2810 1887 3030 1952 νικῆσαι
3072 1885 3403 1952 φιλονεικείς
3448 1884 3557 1942 τοῖς
3589 1880 3867 1948 δευτέροις
3897 1895 3962 1928 τι

2389 1980 2652 2050 πρότερα,
2684 1978 2777 2028 καὶ
2815 1977 2882 2029 τά
2933 1976 3218 2043 φθάσαντα
3257 1974 3404 2042 πάθη
3451 1977 3513 2042 τῇ
3564 1972 3675 2023 τῶν
3715 1971 3960 2034 ὑστέρων

2391 2074 2663 2143 ὑπερϐολῇ
2695 2070 3043 2141 ἀμαυρῶσαι,
3069 2070 3216 2130 ὅπως
3245 2070 3366 2120 τινά
3385 2065 3651 2130 καὶδόξαν
3680 2063 3832 2134 παρὰ
3857 2063 3963 2114 τιὶν

2390 2164 2474 2216 ἐπ’
2506 2163 2624 2232 ἴσης
2656 2164 2740 2216 σοὶ
2785 2161 3028 2229 ἀνοήτων
3069 2159 3348 2227 ἀπενέγκῃ
3399 2155 3768 2226 Χριστιανῶν,
3799 2154 3965 2222 πείρᾳ

2393 2273 2450 2308 σε
2472 2253 2663 2317 διδάξω
2689 2253 2902 2313 πάντως
2925 2249 3129 2312 ώςοῦδὲ
3151 2248 3326 2316 βραχύ
3353 2266 3410 2299 σε
3435 2247 3541 2316 ἀρα
3562 2248 3590 2298 6
3617 2248 3707 2308 σὸς
3727 2245 3963 2316 Χριστὸς

2391 2347 2747 2413 ὠφελήσειεν.
2780 2341 3044 2394 Ἐνταῦθα
3072 2341 3420 2409 Σευηριανὸς,
3460 2341 3606 2393 θείου
3640 2340 3957 2407 Πνεύματος

2393 2440 2488 2493 καί⁵
2513 2439 2672 2500 αὐτὸς
2711 2437 2853 2490 κατά
2895 2436 3106 2489 Παῦλον
3138 2437 3402 2505 πλησθείς
3423 2452 3437 2466 ·
3482 2436 3700 2504 Ἡμεῖς,
3728 2435 3954 2502 ἔφησεν,

2393 2533 2456 2586 ού
2509 2532 2576 2586 τὰ
2633 2532 2940 2602 βλεπόμενα
2987 2529 3160 2583 ταῦτα
3207 2530 3536 2600 σκοποῦμεν,
3588 2529 3726 2582 ἀλλά
3771 2528 3839 2580 τά
3894 2527 3966 2595 μὴ

2397 2625 2730 2695 βλεπόμενα,
2789 2623 3055 2675 δικαστά·
3109 2622 3230 2692 ἥξει
3284 2622 3341 2674 δὲ
3401 2622 3428 2673 6
3481 2621 3769 2687 ῥυόμενος,
3799 2619 3892 2669 καὶ
3939 2620 3968 2668 6

2397 2720 2552 2784 ἆγιος
2591 2715 2652 2778 ἐξ
2678 2714 2906 2784 ούρανοῦ
2955 2710 3452 2779 ἐπισκέψεται,καὶ
3482 2709 3580 2767 τὰς
3615 2708 3964 2776 ἐπαγομένας

2401 2810 2525 2878 ἐμοὶ
2595 2807 2744 2874 παρά
2806 2802 2900 2856 σοῦ
2965 2802 3216 2864 κολάσεις
3275 2799 3509 2870 ματαίας
3559 2799 3854 2862 ἀποδείξει,
3879 2797 3967 2849 καὶ

2399 2901 2562 2964 κενάς
2610 2899 2847 2961 ἁπάσας,
2901 2898 3038 2966 ὅπερ
3083 2892 3220 2947 ἐστι.
3283 2893 3468 2947 Ταῦτα
3536 2890 3630 2944 τοῦ
3693 2893 3966 2960 μάρτυρος

2400 2993 2860 3064 ἀποκριναμένου,
2923 2993 2951 3044 6
3011 2990 3136 3053 δοῦξ
3207 2988 3345 3057 πρὸς
3407 2987 3532 3049 τοὺς
3590 2984 3964 3055 περιεστῶτας

2400 3084 2756 3154 ἐπιστραφείς
2777 3098 2789 3110 ·
2837 3082 3009 3141 Ἐπεὶ,
3049 3080 3203 3147 φησὶ,
3232 3077 3558 3146 Σευηριανδς
3579 3073 3968 3144 δαψιλεστέρας

731 3163 1062 3227 nerationes,
1112 3162 1332 3215 interim
1379 3160 1616 3230 pendeat
1659 3159 1908 3214 sublimis
1948 3161 2003 3214 in
2045 3160 2211 3230 ligno,
2245 3169 2294 3212 et

2401 3178 2506 3229 τῶν
2571 3175 2853 3242 παρόντων
2913 3171 3099 3224 κακῶν
3151 3171 3249 3232 τάς
3300 3170 3598 3231 ἀντιδόσεις
3663 3167 3963 3234 ἐκδέχεται,

735 3255 900 3323 huius
929 3253 1095 3306 latera
1129 3254 1340 3324 ungulae
1370 3253 1559 3307 ferreae
1588 3262 1937 3307 consumant.
1970 3251 2090 3303 Sint
2116 3258 2296 3302 autem

735 3349 899 3400 etiam
929 3347 1070 3400 circa
1100 3362 1220 3399 eum
1246 3345 1528 3406 satellites,
1558 3353 1615 3397 ut
1646 3344 2020 3396 vehementius
2049 3342 2298 3405 lanietur,

735 3448 790 3490 et
820 3440 975 3490 nobis
1005 3438 1212 3504 aliquas
1243 3436 1475 3488 fortasse
1506 3443 1626 3503 agat
1657 3434 1878 3504 gratias,
1913 3434 2002 3502 qui
2033 3437 2109 3488 sic
2137 3433 2298 3486 etiam

737 3529 988 3583 auctores
1023 3543 1211 3583 sumus
1237 3528 1474 3596 plurium
1505 3528 1795 3582 bonorum.

815 3731 948 3785 VIII.
987 3731 1109 3785 Haec
1145 3732 1233 3786 ille
1263 3733 1478 3801 quidem
1512 3730 1666 3794 dixit,
1709 3728 1874 3783 veluti
1926 3728 2300 3793 subsannans;

742 3823 1029 3880 multitudo
1068 3831 1245 3878 autem
1287 3825 1536 3878 lictorum
1574 3822 1757 3876 statim
1794 3824 2222 3886 circumsistens,
2251 3831 2306 3876 et

741 3935 866 3974 eum
911 3915 1140 3971 sublime
1188 3919 1402 3977 tollens,
1453 3919 1620 3970 latera
1670 3916 1940 3969 lacerabat
1992 3917 2302 3968 crudeliter.

742 4009 838 4064 Ille
871 4019 1050 4062 autem
1093 4029 1105 4061 :
1145 4008 1317 4062 Unam
1349 4007 1509 4067 hanc,
1551 4006 1787 4068 dicebat,
1837 4006 2043 4074 plagam
2087 4019 2304 4073 gravent

743 4101 1012 4161 existimo,
1054 4113 1174 4166 qua:
1210 4112 1293 4150 me
1334 4112 1361 4148 a
1403 4096 1621 4149 Christo
1675 4095 1954 4164 disjungit.
1994 4094 2130 4147 Sunt
2179 4109 2306 4148 vero

745 4191 828 4245 hae
866 4203 1054 4243 omnes
1096 4188 1226 4241 mihi
1266 4190 1444 4258 potius
1485 4187 1762 4258 voluptati.
1811 4187 1892 4240 Me
1929 4187 2072 4240 enim
2117 4187 2184 4240 ab
2239 4187 2304 4242 iis

746 4298 864 4352 quae
891 4291 1016 4336 sunt
1051 4283 1101 4335 in
1128 4293 1290 4343 terra,
1325 4291 1660 4350 separantes,
1693 4281 1792 4334 soli
1830 4281 2047 4333 Christo
2076 4281 2305 4346 coniun-

749 4385 904 4442 gunt.
957 4374 1177 4425 Interim
1225 4383 1406 4425 autent
1457 4373 1563 4425 dux
1615 4373 1832 4440 quidem
1895 4371 2107 4424 dicebat
2148 4387 2160 4422 :
2200 4370 2308 4423 Diis

747 4467 1016 4525 sacriﬁca.
1075 4464 1387 4528 Severiaue,
1423 4473 1477 4517 et
1537 4463 1766 4516 liberare
1803 4477 1832 4515 a
1859 4462 2161 4532 suppliciis.
2215 4461 2303 4516 Ille

2405 3265 2824 3337 μετεωρισθήτω
2845 3264 2979 3324 τέως
3009 3265 3102 3314 ἐπὶ
3144 3261 3238 3313 τοῦ
3275 3261 3459 3326 ξύλου,
3486 3262 3578 3311 καὶ
3623 3261 3718 3318 τὰς
3774 3258 3962 3307 τούτου

2402 3361 2644 3428 πλευρὰς
2697 3359 2882 3423 ὄνυχες
2929 3357 3139 3424 σ;δηροῖ
3169 3354 3564 3405 δαπανάτωσαν
3589 3367 3601 3379 °
3633 3351 3773 3400 ἔστω
3805 3348 3857 3398 δέ
3887 3364 3964 3408 τις

2405 3457 2529 3519 πῖρί
2564 3450 2723 3499 αὺτὶν
2757 3447 2850 3498 καὶ
2885 3446 3202 3513 δορυφορία,
3231 3447 3376 3504 ὅπως
3411 3442 3810 3509 συντονώτερον
3853 3440 3966 3503 Eui-

2406 3558 2564 3602 νοιτο,
2589 3540 2678 3591 καί
2717 3555 2867 3598 τινας
2901 3538 3029 3596 ἴσως
3073 3537 3205 3605 ήμίν
3240 3533 3529 3601 ὁμολογοίη
3575 3535 3666 3582 καί.
3714 3531 3964 3599 χάριτας,

2407 3631 2667 3684 πλειόνων
2707 3629 2874 3691 οὓτως
2917 3629 3109 3689 αἰτίοις
3146 3624 3366 3691 ἀγαθῶν
3385 3624 3534 3694 αὐτῷ
3565 3623 3895 3691 γινομένοις.

2478 3721 2556 3775 η’.
2589 3721 2772 3773 Ἰἀῦτα
2803 3721 2832 3773 6
2868 3721 2965 3789 μὲν
2995 3714 3105 3772 οἷον
3152 3718 3530 3787 ἐπιχλευάζων
3562 3712 3683 3768 εἶπε
3708 3731 3720 3743 ·
3756 3715 3965 3785 δημίων

2404 3818 2458 3870 δέ
2493 3816 2692 3882 πλῆθος
2727 3815 2885 3874 εὐθὺς
2927 3811 3306 3880 περιστάντες,
3343 3815 3438 3862 καὶ
3467 3810 3654 3862 τοῦτον
3709 3809 3969 3876 μετεωρί-

2408 3922 2620 3966 σαντες,
2643 3907 2735 3963 τάς
2787 3905 3020 3971 πλευράς
3075 3901 3355 3968 ὠμότερον
3390 3900 3764 3962 διεσπάθιζον.
3797 3900 3856 3950 Ὀ
3878 3901 3930 3952 δὲ
3951 3938 3964 3958 ,

2407 3999 2552 4050 Μίαν
2590 3993 2825 4063 πληγὴν,
2859 3992 3038 4060 ἔλεγε,
3072 3991 3277 4060 ταύτην
3311 3991 3580 4044 ἐπώδυνον
3608 3991 3850 4059 ἥγημαι,
3876 3993 3968 4056 τὴν

2406 4089 2513 4158 ἀπὸ
2548 4088 2785 4156 Χριστοῦ
2813 4086 3103 4138 διιστώσάν
3136 4102 3224 4155 με’
3249 4081 3406 4137 αὗται
3439 4084 3491 4136 δέ
3526 4099 3616 4152 μοι
3649 4082 3851 4152 μᾶλλον
3882 4086 3968 4134 καὶ

2408 4179 2742 4247 καθ’ήόονήν
2784 4179 2889 4228 εἰσι
2929 4177 3135 4228 πᾶσαν
3167 4177 3272 4227 τῶν
3313 4177 3404 4226 ἐπὶ
3447 4175 3548 4240 γῆς
3599 4176 3705 4243 γάρ
3739 4191 3808 4243 με
3856 4174 3968 4225 δια-

2407 4273 2699 4337 τὲμνουσιι
2731 4267 2951 4336 Χριστῷ
2976 4267 3308 4318 συνάπτουσι
3339 4265 3506 4332 μόνῳ.
3551 4263 3638 4313 Ἐν
3679 4265 3856 4332 τούτῳ
3879 4261 3970 4316 οὖν

2408 4359 2436 4410 6
2477 4358 2574 4425 μὲν
2609 4357 2731 4419 δοὺς
2756 4396 2769 4418 ,
2805 4355 3000 4418 θῦσον,
3027 4355 3199 4420 ἔλεγε,
3225 4356 3330 4413 τοῖς
3351 4351 3516 4416 θεοῖς,
3543 4353 3862 4422 Σευηριανέ,
3882 4356 3970 4405 καὶ

2411 4449 2517 4500 τών
2539 4447 2814 4501 κολάσεων
2833 4445 3202 4499 ἀπαλλάττου.
3232 4446 3289 4498 Ὀ
3319 4447 3398 4508 δέ,
3428 4446 3764 4498 τῶνέκείνου
3801 4447 3972 4516 ῥημά-

747 4574 878 4610 vero
911 4559 1077 4626 ipsius
1117 4557 1282 4608 verba
1315 4571 1382 4608 ne
1413 4555 1682 4608 tantillum
1719 4555 1934 4621 quidem
1965 4570 2182 4616 curans,
2215 4570 2294 4605 ne-

2413 4559 2519 4592 των
2541 4540 2659 4593 οὐδὲ
2684 4540 2740 4591 τὸ
2771 4539 2943 4610 βραχὺ
2971 4539 3290 4609 φροντίζων,
3317 4538 3434 4589 οὺδέ
3471 4555 3615 4600 τινος
3649 4537 3817 4590 αὑτὸν
3849 4539 3971 4590 ἀποο

746 4655 852 4719 due
883 4665 1004 4702 eum
1053 4649 1229 4716 aliqua
1261 4647 1491 4717 dignans
1537 4645 1906 4712 responsione,
1955 4647 2095 4709 apud
2125 4658 2184 4696 se
2221 4647 2308 4694 la-

746 4743 854 4794 cile
894 4742 1211 4808 loquebatur
1248 4757 1261 4792 :
1305 4737 1422 4792 Non
1458 4745 1587 4790 sunt
1631 4731 1803 4803 digna:
1844 4735 2126 4803 passiones
2170 4750 2313 4787 nunc

749 4827 1033 4896 temporis,
1071 4841 1190 4892 quae
1231 4824 1576 4877 conferantur
1607 4839 1727 4876 eum
1767 4821 1931 4892 gloria
1967 4820 2247 4876 revelanda
2272 4825 2309 4874 “.

749 4915 864 4968 Dux
908 4915 1088 4983 itaque
1122 4913 1372 4982 martyris
1406 4911 1703 4972 silentium,
1731 4919 2124 4978 contemptum,
2173 4913 2312 4964 sicut

747 5018 886 5070 erat,
935 5008 1250 5071 arbitratus,
1290 5007 1534 5076 graviora
1587 5007 1640 5056 in
1686 5017 1809 5054 eum
1845 5001 2183 5070 excogitahat
2216 5018 2230 5065 ;
2263 5012 2317 5055 et

749 5111 876 5149 cum
924 5110 1048 5149 eum
1099 5101 1164 5148 de
1211 5095 1356 5164 ligno
1403 5094 1770 5161 deposuisset,
1819 5093 2037 5147 deducit
2076 5094 2141 5147 ad
2199 5109 2316 5146 tnu-

750 5202 919 5252 rum;
971 5203 1201 5257 cumque
1253 5191 1391 5242 duos
1420 5185 1623 5256 lapides
1674 5189 1933 5239 maximos
1966 5196 2018 5240 et
2063 5186 2316 5255 gravissi-

754 5295 892 5342 mos,
945 5295 1109 5332 unum
1142 5280 1359 5348 quidem
1410 5281 1571 5342 collo,
1604 5277 1836 5331 alterum
1877 5285 2060 5329 autem
2101 5277 2316 5345 alligas-

753 5380 834 5425 set
870 5372 1121 5442 pedibus,
1159 5381 1523 5444 etmartyrem
1566 5373 1692 5424 futte
1715 5369 1988 5433 cinxisset,
2026 5369 2245 5423 dimittit
2283 5383 2313 5421 e

752 5479 910 5518 muro
927 5466 1154 5519 sublime
1179 5467 1524 5535 pendentem,
1546 5463 1854 5529 utlapidum
1887 5461 2122 5531 pondere
2147 5475 2316 5514 mem-

752 5561 870 5616 bris
906 5559 953 5612 ei
986 5557 1236 5632 divulsis,
1287 5556 1550 5610 violenter
1588 5557 1875 5622 abrumpat
1912 5553 2169 5606 animam.
2208 5551 2313 5606 Sed

755 5667 943 5708 revera
976 5650 1029 5705 in
1073 5659 1124 5704 te
1154 5646 1412 5718 speravit,
1449 5646 1698 5708 Domine,
1738 5653 1794 5698 et
1835 5659 1942 5700 non
1973 5653 2056 5699 est
2085 5642 2311 5698 affectus

756 5821 837 5875 'll
869 5821 992 5874 Cor.
1027 5836 1100 5885 tv,
1160 5818 1242 5874 l8.
1357 5819 1376 5849 '
1405 5816 1562 5873 Rom.
1595 5820 1716 5879 VIII,
1742 5810 1828 5868 18.

2412 4633 2643 4701 κρίσεως
2701 4631 3032 4692 ἀξιών,οὑκ
3091 4630 3315 4691 άξια,ἐν
3374 4631 3555 4697 ἐαυτῷ
3584 4631 3868 4694 ὑπελάλει,
3911 4631 3971 4680 τὰ

2410 4723 2716 4790 παθήματα
2765 4720 2860 4770 τοῦ
2913 4719 3007 4769 νῦν
3073 4718 3266 4784 καιροῦ
3320 4718 3455 4785 πρὸς
3511 4721 3608 4786 τὴν
3670 4721 3970 4786 μέλλουσαν

2409 4811 2864 4881 ἀποκαλυφθῆναι
2895 4809 3074 4873 δόξαν.
3121 4811 3177 4863 'U
3209 4810 3334 4876 δοῦξ
3371 4810 3553 4862 τοίνυν
3605 4811 3707 4882 τὴν
3772 4813 3972 4880 σιωπὴν

2411 4907 2505 4958 τοῦ
2542 4907 2819 4973 μάρτυρος
2852 4903 3432 4972 καταφρόνησιν,ὃπερ
3467 4898 3560 4973 ἦν,
3608 4902 3864 4973 νομίσας,
3884 4903 3973 4972 βα-

2418 5000 2619 5069 ρύτερα
2649 4998 2768 5054 κατ’
2801 4998 2968 5051 αὑτοῦ
3001 5000 3299 5059 ἐπενοεῖτο,
3327 4999 3420 5049 καὶ
3450 4998 3548 5050 τοῦ
3579 4999 3738 5062 ξύλου
3789 5001 3973 5054 τοῦτον

2415 5090 2764 5159 καταγαγὼν,
2785 5092 2875 5142 ἐπὶ⁸
2897 5091 2956 5142 τὸ
2972 5094 3148 5160 τεῖχος
3169 5090 3360 5157 ἀνάγει
3379 5091 3579 5144 καὶδύο
3600 5093 3756 5153 τινὰς
3779 5093 3970 5155 λίθους,

2412 5185 2471 5235 τὸ
2509 5183 2737 5254 μέγεθος
2769 5182 3079 5250 μεγίστους,
3105 5183 3284 5252 βαρεῖς
3312 5184 3406 5252 τὴν
3429 5183 3618 5251 ὁλκὴν,
3647 5184 3738 5236 τὸν
3765 5187 3865 5254 μὲν
3891 5185 3973 5238 τοῦ

2411 5275 2706 5344 τραχήλου,
2742 5275 2831 5325 τὸν
2869 5274 2924 5326 δὲ
2957 5274 3065 5325 τῶν
3098 5274 3278 5325 -ποὸών
3311 5274 3570 5338 ἐκδήσας,
3617 5276 3714 5329 καὶ⁸
3767 5278 3974 5347 σχοινίῳ

2421 5368 2580 5421 πάλιν
2611 5367 2701 5418 τὸν
2755 5367 3004 5437 μάρτυρα
3062 5366 3330 5428 διαζώσας
3387 5367 3664 5438 μετέωρον
3725 5371 3837 5423 ἀπὸ
3889 5370 3972 5422 τοῦ

2420 5461 2631 5529 τείχους
2683 5459 2929 5528 ἀφίησιν,
2954 5458 3099 5522 ὅπως
3126 5459 3200 5527 τῷ
3225 5457 3334 5509 τῶν
3369 5457 3531 5513 λίθων
3563 5461 3721 5528 βάρει
3742 5462 3854 5514 τῶν
3886 5479 3974 5532 μι-

2422 5551 2530 5603 λῶν
2557 5552 3003 5602 διασπασθέντων
3051 5547 3222 5617 αὐτῷ,
3262 5548 3448 5618 βιαίως
3483 5549 3782 5621 τὴνψυχὴν
3814 5554 3974 5620 ἀπορσ

2422 5645 2580 5714 pagg.
2607 5641 2742 5694 ‘A‘AX’
2761 5640 2928 5703 ὅντως
2955 5642 3048 5693 ἐπὶ
3068 5641 3169 5706 σοὶ,
3190 5639 3376 5710 Κύριε,
3396 5640 3617 5708 ἤλπισε,
3637 5643 3732 5694 καὶ
3752 5646 3816 5695 οὐ
3836 5657 3977 5708 autg-
