4158 6486
206 400 310 464 649

1318 402 1779 463 ΜΛΗἸὙΒΙΗΜ
1823 403 1882 470 S.
1922 402 2357 467 SEVERIANI.

3332 411 3436 477 650

206 519 430 589 σχύνθη.
476 521 541 573 'H
571 522 668 591 μὲν
706 524 813 591 γὰρ
862 525 967 575 τῶν
1007 524 1185 593 μελῶν
1237 526 1526 587 διάπλασις
1560 526 1659 595 τῆς
1696 524 1757 577 οίι

1875 525 2094 595 pudore.
2128 528 2260 583 Nam
2283 532 2647 586 membrorum
2676 534 2890 603 quidem
2921 535 3089 591 forma
3112 550 3140 590 a
3164 551 3259 590 sua
3289 553 3443 593 com—

202 610 356 672 κείας
391 613 663 680 ἀρμοσίας
696 615 955 669 διεσπᾶτο
987 616 1079 668 καὶ
1105 617 1171 669 τά
1207 618 1341 671 ὀστᾶ
1386 616 1496 669 τῶν
1552 618 1769 686 σαρκῶν

201 702 541 769 ἑγυμνοῦτο·
574 705 604 772 ἠ
636 705 692 757 δὲ
726 707 1045 776 προαίρεσις
1076 709 1211 771 ὅλως
1259 704 1326 777 ἦν
1373 709 1611 777 ἀπαθής.
1642 712 1767 762 Acan

200 791 414 856 παίζων
438 794 493 846 δὲ
527 796 689 847 αὐτὸν
735 798 940 851 ἄνωθεν
974 804 1065 850 καὶ
1093 801 1119 851 6
1145 800 1371 861 Λυσίας·
1422 798 1766 869 ’Υπόμεινον,

198 882 377 952 ἔλεγε,
409 886 729 955 Σευηριανὲ,
756 890 891 959 τάχα
919 890 1027 958 γὰρ
1058 889 1200 943 οὕτω
1235 889 1386 960 παρὰ
1415 890 1492 959 τῷ
1526 890 1601 958 σῷ
1634 891 1769 960 Χρι-

198 975 311 1045 στῷ
358 978 455 1030 καὶ
485 982 513 1031 6
551 980 739 1048 μισθός
770 999 850 1034 σοι
907 983 1111 1051 μείζων
1142 984 1526 1053 γενήσεται.⁹0
1560 983 1769 1052 μάρτυς

194 1064 250 1116 δὲ
281 1069 374 1117 καὶ
407 1068 676 1122 ἐκλείπων
708 1072 828 1141 ἤδη,
856 1075 950 1126 καὶ
982 1076 1119 1142 πρὸς
1142 1075 1459 1135 τελευταίας
1494 1074 1768 1133 ἀναπνοὰς

196 1153 306 1219 ὢν,
343 1158 403 1210 Εἰ
438 1159 607 1228 ᾔδεις,
646 1161 821 1230 ἔλεγε,
872 1163 1125 1233 τύραννε,
1153 1164 1276 1216 τίνα
1337 1181 1425 1233 μοι
1489 1165 1767 1233 προξενεῖς

193 1247 319 1300 ἀντὶ
346 1252 934 1324 τούτοι›,ἑπεθύμησας
976 1254 1041 1309 ἂν
1067 1256 1135 1308 τὰ
1179 1256 1271 1309 ἶσα
1305 1257 1397 1309 καὶ
1441 1256 1604 1318 αὐτὸς
1635 1256 1766 1307 67:0-

194 1340 415 1407 στῆναι*
452 1343 505 1394 τὶ
552 1342 731 1412 δηλῶν
783 1345 1054 1408 ἐντεῦθεν,
1088 1347 1169 1400 ὅτι
1227 1348 1322 1401 καὶ
1384 1348 1645 1416 μειζόνων
1678 1346 1764 1399 διὰ

191 1431 425 1499 Χριστὸν
457 1432 636 1487 ἄλλων
682 1434 890 1505 ἠφίετο.
938 1438 1247 1508 Θαυμάζων
1292 1439 1471 1491 τοίνυν
1504 1440 1532 1491 6
1562 1438 1766 1502 Λυσίας

190 1523 282 1573 ἐπὶ
314 1526 383 1591 τῇ
414 1526 659 1599 τοσαύτῃ
682 1528 774 1581 τοῦ
806 1530 997 1601 ἀνδρὸς
1026 1532 1271 1603 ὑπομονῇ
1307 1549 1366 1585 τε
1394 1534 1485 1584 καὶ
1520 1532 1764 1600 γενναιό-

188 1626 333 1681 τητι,
367 1616 464 1667 καὶ
499 1617 735 1685 μάλιστα
768 1622 854 1690 ἐφ’
887 1616 967 1684 οἷς
994 1622 1264 1692 εὐκαίρως
1322 1622 1486 1688 οὕτω,
1525 1624 1767 1690 καίτοιγε

186 1706 452 1771 τοιούτοις
481 1710 892 1783 ἀπειλημμένος
921 1717 1135 1779 κακοῖς,
1166 1717 1531 1786 ἀπεκρίνατο’
1562 1717 1759 1786 ᾭμην.

187 1797 315 1867 ἔφη,
348 1801 670 1873 Σευηριανὲ.
712 1805 931 1876 ἰδιώτην
962 1803 1123 1868 ,εἶναι
1166 1824 1246 1868 σε,
1278 1809 1370 1861 καὶ
1421 1809 1763 1879 γραμμάτων

188 1888 533 1956 ἀπαίδευτον,
561 1890 652 1945 οἷα
686 1896 991 1965 σρατιὼτην
1025 1897 1174 1959 ὄντα,
1206 1899 1300 1950 καὶ
1347 1900 1472 1967 περὶ
1505 1900 1761 1970 πολέμοις

185 1978 273 2030 ἀεὶ
310 1984 730 2053 γυμναζόμενον
748 2002 762 2016 ·
789 1986 904 2039 ἀλλ’
938 1986 1013 2050 ὡς
1041 1988 1175 2059 ὁρῶ,
1201 1989 1369 2052 πολὺς
1394 1987 1445 2042 εἴ
1467 1993 1565 2060 τὴν
1594 1994 1764 2060 γλῶτ-

184 2087 306 2136 ταν,
326 2075 423 2125 καὶ
449 2074 635 2143 λέγειν
667 2081 1129 2151 ρητορικώτατος.
1161 2083 1305 2151 Πρὸς
1328 2082 1501 2136 ταῦτα
1556 2086 1761 2137 ύπολα-

186 2162 298 2217 6th
319 2168 346 2218 6
371 2166 546 2236 ἅγιος·
597 2171 655 2223 Ὀ
684 2172 835 2238 Θεδς,
888 2175 1072 2243 φησὶν,
1108 2167 1152 2243 ᾧ
1185 2175 1294 2244 ἐγὼ
1326 2176 1591 2249 λατρεύω,
1631 2180 1761 2233 ὐπο-

188 2260 500 2330 στήσασθαι
537 2264 716 2319 πάντα
741 2265 962 2331 δυνατὸς
992 2268 1088 2332 ὢν,
1123 2268 1188 2322 ἂν
1236 2269 1453 2341 ίδιώτην
1483 2271 1641 2343 λάϐῃ,
1670 2289 1761 2323 σο-

184 2349 287 2416 φὸν
324 2352 729 2423 ἀπεργάζεται,
750 2357 817 2412 ἄν
849 2359 1041 2427 δειλὸν,
1062 2361 1509 2431 ἀνδρεῖονιποιεῖ,
1541 2366 1605 2417 ἂν
1634 2380 1761 2433 μογο

183 2442 409 2510 γιλάλον
473 2448 569 2500 καὶ
636 2450 1071 2518 βραδύγλωσσον,
1114 2454 1356 2522 εὔφωνον
1410 2458 1618 2527 ῥήτορα.
1668 2458 1764 2510 καὶ

184 2538 396 2604 κομψὸν
451 2540 823 2597 ἀναδείκνυσι.
872 2544 1060 2597 Ταῦτα
1111 2544 1253 2613 εἷπε,
1300 2552 1393 2602 καὶ
1448 2552 1619 2620 βραχύ
1667 2555 1763 2616 τὰς

183 2630 373 2700 χεῖρας
425 2631 777 2702 διανασχὼν,
816 2635 1141 2709 Εὐχαριστῶ
1178 2655 1280 2704 σοι,
1338 2640 1508 2711 Κύριε
1548 2644 1575 2694 6
1607 2643 1758 2706 Θεὸς,

184 2720 311 2791 ἔφη,
360 2724 443 2776 ὅτι
493 2725 788 2796 ἐνίσχυσὰς
847 2745 950 2798 με,
991 2732 1085 2784 καὶ
1137 2731 1259 2785 ἔθου
1321 2733 1472 2800 τόξον
1532 2734 1763 2805 χαλκοῦν

183 2813 311 2876 τούς
343 2814 647 2885 βραχίονας
678 2836 799 2888 μου,
848 2820 945 2872 καὶ
1003 2823 1224 2891 ἐρῤύσω
1276 2826 1373 2895 τὴν
1434 2828 1612 2896 ψυχήν
1663 2846 1762 2897 μου

185 2904 295 2957 ἀπὸ
330 2906 568 2971 ἀσεϐοῦς
602 2910 898 2980 ῥομφαίας,
931 2912 1038 2966 ἀπὸ
1068 2915 1277 2985 ἐχθρῶν
1307 2916 1407 2985 τῆς
1440 2920 1619 2987 χειρός
1645 2938 1759 2981 σου,

184 2995 282 3047 καὶ
320 2997 429 3049 ἀπὸ
463 2999 575 3051 τῶν
636 3003 1088 3075 ἐπανισταμένων
1140 3008 1226 3061 ἐπ’
1280 3008 1379 3078 ἐμὲ
1424 3008 1645 3078 Demsi;
1671 3029 1758 3079 με.

183 3085 295 3137 Καὶ
347 3087 442 3139 νῦν
490 3092 552 3141 ὲν
599 3093 721 3155 ταῖς
790 3094 983 3159 αὐλαῖς
1043 3115 1159 3164 σου,
1222 3101 1488 3165 Δέσποτα,
1541 3104 1599 3156 ἐν
1652 3107 1760 3167 τοῖς

1872 632 2003 688 page
2030 618 2417 683 divellebatur,
2442 631 2497 677 et
2521 639 2640 681 ossa
2677 625 3021 680 nudabantnr
3049 629 3434 693 carnibus,yo-

1872 709 2049 764 luntas
2085 720 2267 766 autem
2291 723 2345 768 et
2374 714 2607 769 liberum
2644 716 2809 771 animi
2842 718 3143 773 institutum
3178 731 3293 775 erat
3319 737 3439 776 om-

1870 801 2001 854 nino
2027 801 2343 870 impatibile.
2379 806 2511 861 Eum
2545 818 2722 861 autem
2760 824 2827 862 ex
2858 810 2966 863 alto
2995 810 3282 865 ludiﬁcans
3337 812 3441 883 Ly-

1872 892 1979 946 sias
2011 910 2023 946 :
2056 893 2302 959 Sustine,
2331 898 2887 963 dicebat,Severiane,
2922 901 3152 957 fortasse
3190 904 3335 957 enim
3360 907 3439 958 sic

1871 984 2010 1051 apud
2038 984 2311 1040 Christum
2346 990 2449 1043 erit
2488 990 2582 1044 tibi
2624 991 2793 1059 major
2834 1005 3063 1046 merces.
3095 992 3291 1064 Martyr
3340 1011 3436 1053 au-

1872 1083 1979 1127 tem
2014 1090 2135 1130 cum
2163 1077 2272 1145 jam
2312 1079 2588 1145 deﬁceret,
2634 1091 2687 1135 et
2714 1092 3013 1136 extremum
3050 1094 3233 1152 ageret
3270 1086 3433 1154 Spiri-

1873 1172 2008 1231 tum,
2045 1166 2100 1221 Si
2163 1169 2351 1234 scires,
2386 1179 2628 1241 tyranne,
2663 1173 2897 1235 dicebat,
2941 1189 3185 1242 quaenam
3223 1192 3321 1247 pro
3353 1178 3437 1233 his

1871 1259 2002 1311 mihi
2045 1260 2326 1324 concilies,
2380 1264 2495 1333 ipse
2541 1279 2759 1334 quoque
2803 1266 3140 1322 desiderares
3186 1268 3293 1338 pati
3342 1284 3435 1323 ea-

1870 1350 1991 1405 dem
2024 1369 2036 1404 :
2068 1352 2197 1420 quid
2228 1354 2374 1408 aliud
2418 1355 2543 1408 hinc
2587 1356 2918 1425 signiﬁcans.
2950 1373 3113 1426 quam
3146 1359 3290 1427 quod
3324 1374 3438 1413 ma-

1866 1442 1983 1509 jora
2030 1443 2285 1513 cupiebat
2317 1456 2539 1515 propter
2581 1445 2900 1502 Christum?
2929 1449 3214 1503 Admirans
3257 1450 3440 1519 itaque

1872 1530 2055 1601 Lysias
2102 1540 2306 1587 tantam
2334 1535 2454 1603 ejus
2487 1537 2828 1592 tolerantiam
2861 1548 2915 1593 et
2958 1540 3354 1607 fortitudinem,
3384 1553 3440 1596 et

1873 1625 2106 1678 maxime
2142 1625 2287 1694 quod
2324 1636 2429 1680 tam
2461 1639 2791 1697 opportune,
2820 1632 3029 1685 etiamsi
3072 1632 3268 1687 talibus
3299 1645 3442 1688 esset

1869 1713 2024 1767 malis
2045 1714 2371 1784 implicatus,
2391 1717 2794 1786 respondisset,
2836 1720 3243 1784 Existimabam,
3275 1721 3443 1776 Seve-

1868 1807 2039 1872 riane,
2074 1809 2267 1878 inquit,
2310 1820 2360 1865 te
2394 1826 2513 1865 esse
2542 1810 2819 1867 hominem
2856 1815 3043 1868 rudem
3075 1824 3130 1869 et
3187 1820 3434 1884 ignarum

1869 1899 2186 1963 litterarum,
2222 1910 2279 1955 ut
2312 1904 2402 1970 qui
2438 1903 2514 1957 sis
2567 1904 2743 1967 miles,
2776 1915 2830 1958 et
2864 1906 2916 1959 in
2949 1906 3089 1960 bello
3124 1918 3173 1961 te
3224 1923 3439 1977 semper

1866 1994 2177 2048 exercueris
2210 2011 2223 2047 :
2254 1995 2372 2059 sed,
2419 2005 2478 2050 ut
2511 1995 2687 2057 video,
2722 2011 2780 2050 es
2814 1997 3078 2051 facundus
3124 2009 3178 2052 et
3227 2015 3436 2056 summa

1865 2086 1916 2138 vi
1949 2085 2160 2140 dicendi
2202 2088 2479 2157 praeditus.
2522 2089 2599 2142 Ad
2640 2090 2751 2145 lucc
2785 2092 3122 2160 respondens
3164 2103 3383 2148 sanctus
3422 2115 3435 2149 :

1864 2180 2031 2241 Dens,
2079 2180 2277 2248 inquit,
2330 2182 2414 2233 cui
2453 2198 2555 2251 ego
2599 2183 2778 2236 servio
2818 2226 2831 2248 ,
2875 2184 2965 2253 qui
3034 2196 3209 2254 potest
3262 2186 3441 2241 facere

1864 2280 1924 2326 ut
1951 2274 2132 2327 omnia
2157 2273 2482 2335 consistant,
2516 2288 2638 2325 eum
2676 2276 2743 2327 sit
2773 2276 3148 2344 omnipotens,
3186 2279 3230 2331 si
3264 2279 3435 2332 virum

1863 2363 2053 2417 rudem
2090 2364 2381 2433 acceperit,
2405 2379 2527 2418 eum
2576 2364 2751 2419 reddit
2782 2366 3076 2435 sapientem
3106 2384 3120 2430 ;
3154 2368 3196 2419 si
3226 2378 3437 2422 mutum

1866 2458 2143 2526 tardzeque
2177 2466 2231 2512 et
2267 2457 2624 2526 impeditioris
2658 2457 2870 2528 lingute,
2910 2475 3033 2513 eum
3073 2458 3234 2515 eﬂicit
3262 2460 3436 2515 diser-

1868 2558 1982 2603 tum
2037 2560 2093 2602 et
2148 2549 2454 2619 elegantem
2514 2559 2807 2604 oratorem.
2870 2549 2993 2605 Haec
3033 2552 3165 2605 dixit
3216 2562 3436 2607 etcum

1865 2653 2057 2691 manus
2078 2640 2351 2705 paululum
2380 2641 2715 2695 extendisset
2739 2658 2755 2694 :
2782 2643 2895 2711 Ago
2930 2643 3047 2705 tibi,
3076 2644 3273 2712 inquit,
3310 2662 3434 2716 gra-

1865 2729 1988 2794 tias,
2021 2728 2248 2784 Domine
2274 2729 2431 2790 Deus.
2464 2733 2606 2799 quod
2635 2746 2720 2785 me
2752 2731 3103 2796 conﬁrmasti,
3123 2742 3177 2786 et
3208 2735 3432 2802 posuisti

1864 2836 2049 2878 arcum
2105 2837 2319 2877 aeneum
2353 2823 2574 2879 brachia
2618 2840 2758 2887 mea,
2796 2835 2850 2879 et
2901 2825 3149 2896 eripuisti
3195 2831 3433 2882 animam

1865 2930 2039 2969 meam
2066 2914 2133 2969 ab
2168 2916 2330 2986 impia
2372 2917 2703 2987 rhomphaaa,
2734 2918 2799 2971 ah
2833 2919 3067 2975 inimicis
3096 2936 3287 2975 manus
3312 2929 3434 2983 tuae,

1864 3014 1917 3059 et
1942 3008 2009 3059 ab
2031 3007 2094 3058 iis
2115 3007 2203 3075 qui
2236 3008 2587 3077 insurgebant
2627 3011 2887 3064 adversus
2944 3026 3030 3065 tne
3064 3012 3303 3065 extulisti
3332 3028 3434 3066 me.

1869 3097 1932 3151 Et
1970 3112 2116 3151 nunc
2170 3097 2224 3151 in
2266 3100 2421 3154 atriis
2447 3102 2575 3162 tuis,
2626 3100 2851 3156 Domine
2880 3145 2894 3166 ,
2947 3104 2999 3155 in
3040 3104 3198 3157 bonis
3243 3105 3433 3158 domus

183 3174 415 3242 ἀγαθοῖς
453 3178 547 3231 τοῦ
607 3182 756 3236 οἴκου
792 3200 885 3236 σου
926 3191 1355 3259 κατασκήνωσόν
1394 3211 1459 3261 με
1498 3211 1511 3224 ·
1549 3196 1629 3249 ὅτι
1658 3198 1757 3247 εὐ-

1869 3199 1972 3243 tuze
2005 3188 2210 3245 colloca
2257 3207 2363 3247 me.
2389 3190 2662 3257 Quoniam
2707 3193 3018 3250 lanamibus
3053 3195 3308 3251 omnibus
3340 3197 3437 3254 ha-

184 3269 569 3340 φραινομὲνων
649 3274 865 3329 πάντων
896 3279 928 3348 ἡ
965 3280 1221 3334 κατοικία
1274 3283 1332 3335 ὲν
1394 3284 1498 3337 σοί.
1544 3286 1762 3357 Ταύτην

183 3360 375 3432 Κυρίῳ
401 3363 503 3435 τὴν
533 3366 699 3436 εὐχὴν
735 3370 988 3436 ἀποδοὺς,
1012 3373 1173 3436 εὐθὺς
1196 3374 1346 3446 αὐτῷ
1374 3378 1761 3433 συναποδίδωσι

183 3454 281 3506 καὶ
337 3453 397 3507 τὸ
446 3457 689 3528 πνεῦμα,
744 3463 971 3534 ἐννάτην
1037 3466 1157 3519 τότε
1213 3467 1308 3521 τοῦ
1385 3469 1764 3543 Σεπτεμϐρίου

185 3544 357 3614 μηνὸς
385 3546 633 3615 ἄγοντος.

256 3635 335 3689 Θ¹.
363 3637 441 3705 Τῇ
474 3638 532 3690 δὲ
554 3640 714 3709 ἑξῆς,
744 3644 853 3698 τῶν
883 3647 1124 3701 εὐσεϐῶν
1154 3668 1317 3715 τινες,
1355 3652 1435 3715 οἷς
1456 3654 1653 3717 διαζῶν
1682 3656 1760 3709 ἔτι

183 3729 252 3784 τὰ
284 3728 413 3798 περὶ
443 3733 542 3802 τῆς
566 3735 743 3805 ταφῆς
769 3736 797 3788 6
829 3739 1039 3809 μάρτυς
1060 3742 1391 3813 ἐπέσκηψεν,
1418 3747 1507 3798 ἐπὶ
1539 3748 1597 3799 τὸ
1628 3750 1759 3801 αὐτὸ

185 3824 536 3890 συνελθόντες
564 3828 737 3881 καὶτὸ
757 3833 1095 3902 μαρτυρικδν
1122 3836 1328 3889 ἐκείνου
1349 3839 1510 3907 σῶμα
1532 3840 1758 3911 διαπρε-

186 3918 305 3979 πῶς
338 3920 817 3989 περιστείλαντες,
853 3925 949 3978 καὶ
985 3924 1189 3996 ὕμνους
1220 3930 1305 3981 ἐπ’
1332 3932 1500 4001 αὐτῷ,
1536 3938 1625 3983 καὶ
1658 3936 1757 3985 ὅσα

180 4008 537 4075 Χριστιανοτς
569 4012 729 4079 νόμος
763 4013 1194 4083 διατελέσαντες,
1226 4018 1518 4085 ποθούσαις
1549 4022 1665 4093 ἅμα
1702 4025 1757 4078 δὲ

182 4097 508 4169 σεϐομέναις
534 4103 723 4173 χερσὶν
749 4104 1082 4177 ἀνελόμενοι,
1120 4108 1210 4163 διὰ
1241 4112 1417 4183 μέσης
1456 4116 1649 4179 νυκτὸς
1677 4120 1757 4180 είς

178 4192 283 4263 τὴν
306 4194 545 4265 πατρίδα
568 4194 663 4248 τοῦ
690 4197 966 4270 μάρτυρος
988 4202 1332 4273 ἀνεκόμιζον.
1356 4205 1507 4258 Ἐπεὶ
1537 4206 1593 4258 δὲ
1617 4208 1755 4260 κατά

178 4300 232 4336 τι
264 4286 463 4354 χωρίον
487 4286 1059 4359 ἀφίκοντο,νμηνύεται
1084 4295 1181 4362 μὲν
1202 4299 1266 4367 τῇ
1299 4296 1518 4368 πατρίδι
1546 4298 1755 4355 ἐκεῖθεν

180 4378 211 4445 ἡ
236 4376 332 4428 τοῦ
356 4376 613 4446 λειψάνου
632 4379 897 4452 ἐπιδημία
914 4397 930 4412 ⁶
955 4386 1045 4437 καὶ
1067 4386 1297 4452 ἔκαστός
1318 4407 1374 4442 τε
1403 4395 1754 4463 προῦπαντᾷν

177 4468 415 4537 ἐνενόει,
454 4472 546 4523 καὶ
575 4472 709 4541 ὁμοῦ
744 4474 945 4538 πάντες
974 4474 1224 4547 ἐξῄεσαν,
1260 4479 1353 4530 καὶ
1386 4478 1555 4541 οὐδεὶς
1594 4476 1661 4549 ἦν
1693 4482 1751 4543 ὃς

174 4560 277 4611 οὐκ
304 4562 514 4629 ἐφοίτα,
540 4563 602 4614 οὐ
621 4564 816 4633 γέρων,
835 4567 893 4617 οὐ
924 4570 1069 4630 παῖς,
1099 4568 1198 4619 οὐκ
1224 4567 1472 4638 ἀσθενὴς,
1498 4569 1557 4622 οὐ
1589 4570 1749 4638 φύσει

176 4651 415 4721 βραδύςο
448 4652 564 4706 ἀλλ’
588 4655 815 4720 ἕκαστος
850 4659 1203 4729 προαρπάσαι
1236 4662 1334 4731 τὴν
1361 4663 1609 4731 εὐλογίαν
1639 4664 1754 4717 ὲνό-

175 4743 301 4813 μιζε
325 4783 341 4809 ,
382 4745 542 4814 μόνον
576 4748 624 4799 εἰ
661 4747 884 4817 φθάσειε
918 4749 995 4821 τῷ
1029 4752 1264 4822 λειψάνῳ
1299 4756 1747 4825 προῦπαντήσας.

174 4837 335 4891 Οὕτω
363 4839 543 4893 τοίνυν
588 4842 842 4894 ἁπάντων
894 4845 991 4896 σὺν
1025 4846 1303 4915 προθυμία
1334 4847 1703 4915 ἐπειγομένων
1729 4892 1745 4916 ,

171 4929 363 4982 δούλου
413 4932 708 4995 τεθνεῶτος
756 4931 987 4999 σύζυγος
1039 4934 1397 4989 ὑπολέλειπτο
1447 4938 1583 5006 μόνη
1634 4939 1746 5008 (τε-

174 5020 494 5089 τελευτήκει
524 5024 635 5095 γάρ
665 5043 748 5089 τις
785 5026 904 5078 κατ’
940 5027 1115 5079 ἐκεῖνο
1145 5026 1336 5099 καιροῦ
1367 5028 1474 5079 τῶν
1494 5028 1586 5081 τοῦ
1611 5029 1748 5100 μάρο

174 5130 338 5189 τυρος
372 5113 643 5182 οίκετῶν)·
679 5118 769 5168 καὶ
787 5112 855 5185 ἦν
883 5119 947 5185 τῇ
970 5118 1186 5185 γυναικὶ
1212 5120 1385 5190 πικρὰ
1400 5120 1595 5183 πάντα,
1618 5122 1652 5190 ἦ
1687 5139 1745 5174 τε

173 5204 263 5257 τοῦ
287 5205 480 5274 ἀνδρὸς
513 5204 685 5274 ζημία
723 5208 816 5258 καὶ
856 5211 888 5275 ὴ
918 5208 1012 5259 τοῦ
1047 5209 1485 5279 παρακαλοῦντος
1521 5214 1744 5283 ἐρημία,

174 5296 268 5348 καὶ⁵
288 5298 347 5348 τὸ
374 5296 450 5365 μὴ
474 5298 616 5365 ἔχειν
638 5298 783 5359 ὅπως
803 5300 883 5361 εἰς
915 5299 1211 5369 ὑπάντησιν
1230 5300 1320 5352 καὶ
1339 5300 1473 5368 αὐτὴ
1495 5304 1743 5366 συνεξέοι.

173 5387 327 5456 Μόνη
357 5389 531 5441 τοίνυν
557 5390 703 5442 ἔνδον
739 5391 1145 5459 ὑπολειφθεῖσα,
1169 5392 1355 5463 ἐπειδὴ
1396 5392 1626 5462 ἐζήτησε
1652 5397 1741 5447 τὸν

173 5480 620 5550 παρακαλοῦντα,
646 5482 737 5533 καὶ
759 5483 855 5551 οὐχ
882 5485 1113 5555 ὑπῆρξε,
1140 5486 1230 5538 καὶ
1255 5485 1345 5538 τὸν
1374 5484 1745 5557 συλλυπούμε-

172 5586 276 5633 νον,
300 5572 397 5622 καὶ
414 5573 511 5622 οὐκ
535 5568 681 5642 εὗρε,
707 5575 1058 5646 παραθεμὲνη
1080 5577 1169 5629 τὸν
1188 5576 1278 5629 τοῦ
1302 5578 1533 5645 συζύγου
1552 5582 1743 5649 νεκρὸν

166 5662 455 5718 ἐκόπτετο.
492 5664 741 5732 ἔστενεν,
773 5665 1103 5739 ὠλοφύρετο,
1140 5667 1224 5723 οἷα
1255 5671 1412 5737 ζῶντι
1448 5673 1523 5742 τῷ
1557 5676 1741 5745 τεθνη-

271 5804 290 5835 τ
321 5802 465 5857 l‘sal.
503 5820 634 5867 Χηι,
661 5805 730 5858 56
754 5820 903 5877 δθαίίο

491 5897 761 5961 Parnm.
805 5902 918 5963 Gtt.
954 5903 1126 5966 CXV.

1866 3282 2057 3335 bitatio
2099 3292 2181 3337 est
2230 3285 2281 3337 in
2321 3294 2371 3339 te
2397 3286 2439 3338 ".
2473 3286 2606 3340 Cum
2660 3286 2758 3341 has
2795 3303 2986 3357 preces
3016 3289 3280 3344 edidisset
3332 3289 3436 3344 Do-

1867 3371 2036 3432 mino,
2070 3373 2230 3425 simul
2262 3374 2423 3428 etiam
2452 3376 2498 3425 ei
2543 3375 2717 3430 reddit
2748 3378 2999 3445 spiritum
3039 3394 3180 3433 nona
3230 3379 3435 3433 mensis

1865 3462 2221 3532 Septembris.

1936 3652 2025 3708 IX.
2059 3650 2318 3724 Sequenti
2370 3663 2550 3709 autem
2603 3654 2689 3709 die
2717 3656 2931 3726 quidam
2962 3673 3024 3711 ex
3076 3659 3199 3727 piis,
3236 3661 3433 3730 quibus

1866 3755 2067 3812 martyr
2124 3746 2278 3798 vivus
2322 3760 2473 3798 suam
2526 3747 2807 3801 mandarat
2870 3748 3226 3818 sepulturam,
3272 3752 3435 3805 simul

1863 3831 2276 3899 convenientes,
2313 3848 2436 3887 cum
2466 3835 2815 3904 martyricum
2851 3838 2980 3890 illud
3004 3854 3205 3909 corpus
3229 3841 3436 3911 magni-

1863 3923 1959 3977 ﬁce
1988 3926 2437 3994 composuissent,
2465 3938 2519 3981 et
2553 3944 2714 3997 super
2737 3928 2787 3985 id
2818 3930 3046 4000 hymnos
3084 3934 3412 3989 cet-inissent

1860 4021 1916 4066 et
1968 4029 2306 4084 quaecunque
2337 4018 2515 4070 solent
2560 4018 2848 4073 Christiani
2881 4024 3217 4093 peregissent
3247 4066 3259 4089 ,
3292 4027 3438 4082 desi-

1860 4106 2177 4162 derantibus
2236 4109 2401 4163 simul
2459 4125 2512 4165 et
2552 4112 2858 4169 colentibus
2926 4118 3176 4172 manibus
3228 4122 3428 4177 elatum

1858 4199 2032 4253 media
2063 4210 2223 4253 nocte
2257 4203 2497 4255 tulerunt
2526 4204 2577 4256 in
2616 4207 2843 4271 patriam
2878 4212 3147 4281 martyris.
3178 4212 3311 4268 Cum
3337 4231 3432 4271 au-

1858 4298 1963 4345 tem
2009 4291 2291 4345 venissent
2320 4292 2374 4345 in
2420 4296 2707 4362 quemdam
2758 4298 2958 4362 locum,
3008 4303 3154 4357 illinc
3205 4307 3429 4374 quidem

1856 4384 2038 4453 patriae
2087 4385 2419 4455 signiﬁcatur
2469 4388 2736 4445 adventus
2803 4393 3175 4462 reliquiarum.
3212 4397 3426 4469 Cogita-

1855 4473 1944 4527 bat
1984 4489 2111 4528 vero
2147 4477 2517 4545 unusquisque
2560 4480 2639 4533 eis
2696 4481 2773 4533 ire
2815 4483 3031 4537 obviam
3083 4505 3096 4553 ;
3140 4500 3194 4542 et
3239 4505 3431 4546 omnes

1857 4566 2017 4620 simul
2068 4572 2271 4638 egressi
2320 4578 2464 4629 sunt.
2505 4587 2681 4641 neque
2716 4573 2819 4627 fuit
2862 4577 3020 4643 ullus,
3055 4580 3144 4648 qui
3186 4598 3293 4636 non
3337 4600 3432 4638 ve-

1856 4657 2001 4711 nerit
2033 4674 2047 4712 :
2082 4674 2190 4713 non
2246 4673 2437 4728 senex,
2489 4677 2597 4715 non
2639 4681 2795 4733 puer,
2838 4683 2946 4722 non
2994 4671 3263 4736 inﬁrmus,
3308 4691 3416 4729 non

1854 4758 2048 4805 natura
2108 4751 2341 4816 tardus;
2379 4754 2471 4807 sed
2537 4756 2886 4813 existimabat
2944 4765 3317 4834 unusquisque
3370 4784 3428 4823 se

1851 4852 2240 4912 prmrepturum
2287 4860 2407 4899 esse
2454 4846 2916 4916 benedictionem,
2974 4856 3016 4909 si
3070 4859 3232 4913 modo
3277 4863 3428 4929 prius

1849 4923 2181 4991 occurrisset
2211 4938 2476 5009 reliquiis.
2506 4941 2596 4998 Sic
2618 4958 2747 5012 ergo
2774 4948 3028 5003 omnibus
3068 4951 3319 5006 alacriter
3348 4954 3429 5007 fe-

1851 5024 2203 5093 stinantibus,
2241 5032 2440 5085 mortui
2478 5034 2616 5086 servi
2643 5036 2838 5105 conjux
2870 5039 2981 5092 sola
3028 5040 3210 5095 relicta
3246 5043 3423 5099 fuerat

1850 5117 2204 5185 (decesserat
2252 5124 2397 5175 enim
2448 5139 2513 5176 eo
2566 5135 2812 5196 tempore
2861 5130 3081 5198 quidam
3132 5147 3195 5186 ex
3246 5138 3423 5190 servis

1850 5209 2178 5281 martyris),
2212 5223 2474 5281 erantque
2541 5218 2696 5271 uxori
2742 5221 2934 5275 acerba
2982 5224 3186 5287 omnia,
3242 5229 3420 5281 mariti

1850 5300 2131 5369 damnum,
2164 5312 2218 5356 ct
2264 5304 2383 5373 ejus
2427 5309 2516 5377 qui
2558 5325 2677 5364 eam
2710 5314 3105 5380 consolaretur,
3139 5318 3373 5374 solitudo
3405 5339 3417 5375 :

1849 5402 1903 5448 et
1945 5396 2088 5463 quod
2126 5398 2360 5453 nesciret
2391 5416 2626 5469 quonam
2684 5406 2843 5460 modo
2874 5419 3051 5476 posset
3101 5411 3177 5463 ire
3209 5411 3418 5467 obviam

1850 5486 2092 5554 martyri.
2121 5485 2243 5542 Sola
2280 5507 2407 5561 ergo
2453 5494 2598 5549 intus
2645 5498 2851 5563 relicta,
2889 5500 3144 5567 quoniam
3182 5504 3419 5571 quaesiit.

1847 5578 1935 5645 qui
1990 5594 2108 5633 eam
2165 5585 2564 5651 consolaretur,
2612 5599 2812 5644 etnon
2862 5591 2981 5659 fuit,
3020 5604 3073 5647 et
3117 5596 3206 5664 qui
3260 5598 3417 5651 simul

1852 5671 2078 5738 doleret,
2114 5684 2165 5728 et
2211 5692 2317 5729 non
2372 5677 2601 5745 invenit,
2651 5685 2847 5740 mortui
2908 5687 3153 5757 conjugis
3194 5703 3424 5760 corpore

3035 5917 3103 5979 ‘21
