4158 6494
753 425 854 491 651

1974 427 2026 485 M
2042 423 2255 483 ENSIS
2296 423 2764 485 SEPTEMBER.

3884 431 3981 494 652

730 547 1019 616 'apposito,
1060 542 1363 616 plangebat.
1399 543 1662 615 gemebat,
1705 539 2125 601 lamentabatur,
2162 550 2290 589 mor-

2414 535 2529 586 κότι
2552 536 2933 604 συνδιελέγετο·
2959 538 3227 606 Ἕγειραι,
3248 533 3291 590 ὥ
3309 540 3455 608 ἄνερ,
3473 539 3709 609 ἐγείραι,
3733 538 3977 606 λέγουσαι

749 652 902 696 tuum
935 639 1158 708 perinde
1175 656 1238 694 ac
1270 641 1448 692 vivum
1481 633 1898 706 alloquebatur:
1926 631 2118 700 Surge,
2149 643 2311 682 oma-

748 731 869 796 rite,
904 745 1087 801 surge,
1123 730 1330 794 dicens,
1358 743 1548 782 camus
1583 724 1795 778 obviam
1838 722 2058 776 domino
2100 728 2310 779 nostro,

746 840 816 878 ne
855 825 1135 878 videamur
1182 825 1279 878 soli
1310 823 1442 892 pigri
1477 829 1531 873 et
1557 818 1790 880 desides,
1825 829 2001 880 neque
2036 813 2306 881 quispiam

744 931 846 969 nos
873 916 1212 986 negligentia:
1238 922 1456 968 accuset
1483 913 1536 963 in
1559 922 1798 962 nostrum
1839 907 2140 959 dominum.
2171 904 2308 956 Sen-

745 1007 846 1059 sim
887 1014 1066 1060 autem
1104 1015 1158 1060 et
1187 1006 1442 1074 tangebat
1486 1004 1744 1064 tunicam,
1788 1007 1841 1052 et
1882 1000 2147 1067 lacrymas
2184 1010 2307 1048 cum

741 1110 873 1149 voce
906 1096 1208 1148 emittebat.
1246 1093 1367 1146 Haec
1393 1103 1670 1162 postquam
1717 1089 1866 1142 brevi
1909 1098 2150 1155 tempore
2180 1102 2306 1154 sug-

741 1187 925 1254 gessit,
977 1195 1033 1239 et
1076 1185 1211 1239 dixit
1273 1184 1522 1253 conjugi,
1576 1182 1736 1234 etiam
1796 1194 1995 1247 corpus
2053 1177 2305 1246 martyris

739 1293 862 1331 mox
888 1284 1002 1330 erat
1029 1278 1386 1331 adventurum
1409 1287 1647 1342 repente,
1674 1275 1728 1337 (ο
1757 1271 2071 1324 miraculum
2093 1271 2128 1333 !)
2148 1269 2302 1322 vivus

739 1367 1004 1429 cernitur,
1054 1368 1146 1435 qui
1193 1374 1309 1419 erat
1361 1375 1626 1426 mortuus,
1686 1370 1740 1415 et
1783 1361 1849 1413 iis
1892 1358 2114 1428 abjectis
2178 1371 2299 1425 qua:

739 1468 895 1512 erant
923 1460 971 1512 ei
1010 1458 1282 1527 imposita,
1321 1471 1443 1511 cum
1502 1471 1561 1509 se
1594 1455 1839 1524 protinus
1873 1452 2153 1514 cinxisset,
2189 1450 2303 1517 ipse

735 1567 951 1622 quoque
999 1553 1147 1606 vadit
1194 1551 1407 1606 obviam
1460 1550 1703 1618 martyri.
1736 1547 1888 1612 Quod
1939 1547 2148 1615 insigne
2196 1545 2301 1597 mi—

737 1647 1070 1707 raculorum,
1095 1653 1150 1698 et
1185 1645 1307 1699 tulit
1337 1643 1551 1696 athletae
1594 1638 1964 1694 testimonium
1995 1640 2062 1691 de
2098 1638 2303 1705 majore

735 1739 852 1807 ejus
879 1737 1071 1791 ﬁducia
1106 1737 1170 1791 ad
1205 1736 1509 1793 Dominum.
1551 1741 1605 1787 et
1648 1732 1713 1786 ad
1745 1733 1918 1798 majus
1961 1729 2297 1783 desiderium

735 1828 982 1881 accendit
1017 1826 1260 1878 omnium
1297 1824 1524 1876 animos.
1562 1820 1680 1874 Non
1728 1823 1873 1874 enim
1912 1820 2053 1888 quod
2097 1820 2296 1872 factum

2422 625 2816 694 ύπαντήσωμεν
2841 627 2918 697 τῷ
2965 628 3214 697 ἡμετέρῳ
3237 629 3491 699 δεσπότῃ,
3522 631 3756 698 ἒπίειραι,
3789 630 3862 698 μὴ
3894 632 3982 700 μό-

2421 733 2497 768 νοι
2535 718 2790 787 φανῶμεν
2827 721 3019 782 νωθεῖς
3058 720 3189 789 μηδὲ
3227 720 3480 792 ρᾴθυμοι,
3521 722 3652 789 μηδὲ
3689 721 3980 790 ὀλιγωρίαν

2415 825 2496 869 τις
2537 810 2691 878 ἡμῶν
2748 810 2875 879 περὶ
2925 813 3015 861 τὸν
3063 812 3260 863 οἰκεῖον
3305 811 3634 877 καταγνώτω
3678 811 3976 881 δεσπότην

2416 902 2600 969 ἡρέμα
2629 901 2685 950 δὲ
2720 902 2811 951 καὶ
2843 899 3063 968 χιτῶνος
3089 903 3309 969 ἥπτετο,
3343 903 3436 953 καὶ
3469 902 3683 970 δάκρυα
3721 901 3862 969 μετά
3888 904 3977 968 τῆς

2415 993 2596 1060 φωνῆς
2648 990 2819 1058 ἠφίει.
2862 990 3047 1043 Ταῦτα
3087 993 3209 1042 ἐπεὶ
3255 993 3457 1062 βραχὺν
3503 991 3693 1060 ὥσπερ
3741 993 3978 1044 ὑπετίθει

2412 1085 2600 1153 χρόνον
2646 1085 2724 1152 τῷ
2766 1081 2984 1152 συζύγῳ
3026 1085 3121 1136 καὶ
3167 1084 3456 1150 διελέγετο,
3497 1085 3596 1155 ἤδη
3637 1087 3746 1154 γὰρ
3795 1086 3889 1137 καὶ
3926 1087 3978 1135 τὲ

2415 1175 2747 1245 μαρτυρικὸν
2796 1176 2955 1243 σῶμα
3001 1176 3122 1226 ὅσον
3169 1175 3379 1227 ούδέπω
3426 1177 3708 1244 ἐπιδημεῖν
3755 1177 3976 1245 ἔμελλε,

2415 1265 2520 1327 ζῶν
2577 1267 2639 1316 ὲκ
2700 1265 3119 1332 τοῦ.αἰφνιδίου,
3156 1263 3201 1316 ὣ
3233 1265 3328 1318 τοῦ
3376 1264 3680 1332 θαύματοςί
3731 1268 3759 1317 ὁ
3795 1269 3978 1333 νεκρὸς

2407 1359 2620 1427 ὁρᾶται,
2654 1357 2746 1409 καὶ
2772 1359 2840 1409 τὰ
2867 1357 3218 1424 περικείμενα
3254 1357 3436 1425 ῥίψας,
3463 1356 3869 1425 διαζωσάμενος
3900 1358 3978 1407 εύ-

2408 1449 2527 1511 οὺς,
2557 1450 2628 1517 τῷ
2658 1449 2895 1518 μάρτυρι
2923 1452 3014 1500 καὶ
3042 1448 3205 1510 αὐτὸς
3233 1450 3573 1518 προῦπήντα,
3604 1449 3699 1500 καὶ
3725 1449 3784 1498 τὸ
3814 1450 3974 1513 ὑπερ-

2407 1543 2598 1594 ϐάλλον
2629 1543 2779 1594 τοῦδε
2815 1541 2909 1594 τοῦ
2942 1539 3216 1608 θαύματος
3242 1540 3462 1614 πλείονα
3493 1540 3626 1609 πρὸς
3655 1541 3747 1592 τὸν
3779 1540 3976 1607 Κύριον

2405 1635 2716 1702 παρρησίαν
2760 1632 2839 1700 τῷ
2871 1631 3076 1701 ἀθλητῇ
3114 1631 3439 1700 ἐμαρτύρει,
3493 1632 3587 1684 καὶ
3625 1633 3708 1694 εἰς
3756 1630 3973 1700 μείζονα

2407 1726 2566 1777 πόθον
2624 1725 2719 1787 τὰς
2799 1724 3055 1777 ἁπάντων
3131 1723 3307 1792 ψυχὰς
3360 1723 3679 1790 ἁνέφλεγεν.
3741 1725 3816 1776 Οὔ
3870 1728 3974 1792 γὰρ

2403 1817 2844 1886 δυσπαράδεκτον
2878 1813 2943 1887 ἦν
2987 1816 3046 1866 τὸ
3081 1820 3301 1882 γεγονὸς
3335 1814 3443 1865 οὐδ’
3481 1815 3785 1884 ἀμφίϐολον
3809 1854 3822 1878 ,
3862 1814 3973 1868 ἀλλ’

731 1919 912 1973 fuerat
969 1923 1087 1968 erat
1135 1913 1401 1979 ejusmodi
1465 1922 1523 1965 ut
1560 1922 1744 1978 posset
1794 1911 1964 1976 rejici,
2013 1924 2189 1976 neque
2231 1908 2290 1960 de

2401 1906 2494 1968 οὒς
2523 1908 2621 1974 τῆς
2651 1906 2902 1975 τελευτῆς
2932 1907 3126 1964 θεατὰς
3159 1903 3292 1977 εἶχε,
3326 1906 3420 1960 καὶ
3448 1913 3575 1976 περὶ
3597 1908 3664 1959 τὰ
3692 1907 3970 1976 ἐπικήδεια

731 2022 794 2060 eo
829 2015 1041 2075 poterat
1087 2019 1210 2058 esse
1242 2005 1348 2057 ulla
1392 2004 1658 2057 dubitatio
1692 2019 1704 2052 :
1737 2001 1829 2054 sed
1873 2016 2007 2068 quos
2037 2000 2296 2053 decessus

730 2098 918 2151 habuit
948 2105 1302 2166 spectatores,
1329 2106 1379 2148 et
1408 2096 1497 2162 qui
1528 2108 1710 2146 curam
1743 2101 2026 2161 gesserant
2065 2087 2292 2153 funeris,

726 2190 945 2244 fuerunt
989 2190 1024 2242 ti
1059 2203 1272 2257 quoque
1314 2197 1476 2241 testes
1517 2187 1954 2241 resurrectionis.

797 2281 868 2334 X.
903 2280 1037 2335 Cum
1067 2280 1226 2349 longo
1259 2287 1438 2333 autem
1467 2287 1706 2347 tempore
1743 2278 2033 2333 assedisset
2057 2279 2295 2332 famulus

725 2372 977 2441 sepulcro
1034 2370 1310 2439 martyris,
1358 2368 1570 2422 decimo
1623 2370 1815 2436 quinto
1877 2384 2024 2422 anno
2080 2371 2146 2421 ab
2201 2369 2295 2421 illo

725 2475 987 2531 tempore,
1023 2470 1077 2514 et
1108 2460 1268 2528 paulo
1298 2459 1438 2528 plus,
1463 2459 1578 2527 ipse
1606 2473 1819 2526 quoque
1847 2457 2080 2512 excessit
2109 2473 2138 2511 e
2164 2458 2288 2510 vita.

722 2558 900 2620 Atque
947 2559 1074 2604 tunc
1115 2549 1332 2618 quidem
1382 2549 1850 2603 considerantibus
1894 2549 2166 2610 omnibus,
2197 2549 2288 2618 qui

721 2645 786 2699 ad
837 2644 938 2696 hoc
992 2639 1299 2709 congregati
1357 2639 1592 2704 fuerant,
1647 2639 1866 2692 ubinam
1915 2642 1980 2694 ab
2029 2641 2107 2694 eis
2144 2656 2283 2692 mar~

721 2733 955 2803 lyricum
989 2747 1187 2800 corpus
1228 2732 1610 2800 deponeretur,
1638 2731 1892 2799 quoniam
1936 2730 2290 2784 dubitationis

721 2836 828 2875 non
881 2823 1111 2876 dabatur
1159 2822 1378 2886 solutio,
1430 2822 1637 2875 meliori
1689 2831 1744 2875 et
1792 2823 2046 2877 diviniori
2105 2822 2290 2893 provi-

718 2914 915 2969 dentiae
961 2915 1013 2969 id
1054 2914 1397 2969 statuendum
1433 2914 1787 2982 reliquerunt,
1825 2925 1878 2968 et
1928 2930 2181 2969 coronam
2221 2931 2284 2969 ex

720 3006 948 3060 ﬂoribus
1013 3017 1324 3059 contextam
1375 3007 1664 3074 imponunt
1719 3006 1982 3074 reliquiis.
2034 3006 2286 3060 Protinus

718 3096 926 3161 autem,
957 3101 1212 3163 tanquam
1246 3096 1312 3147 ab
1340 3094 1522 3163 aliquo
1553 3094 1734 3159 missa,
1760 3096 1995 3166 desuper
2029 3097 2286 3150 advolans

2401 2004 2788 2067 πονουμένους,
2823 2001 3045 2065 τούτους
3081 2003 3174 2053 καὶ
3202 2001 3297 2071 τῆς
3331 2001 3684 2062 ἀναϐιώσεως
3711 2000 3970 2068 πεποίητο

2401 2096 2704 2164 μάρτυρας.

2477 2277 2542 2330 I'.
2578 2276 2783 2344 Χρόνον
2815 2275 2868 2327 δὲ
2913 2274 2991 2344 τῷ
3032 2273 3126 2327 τοῦ
3162 2275 3437 2346 μάρτυρος
3489 2274 3517 2324 ὁ
3561 2273 3778 2342 οίκέτης
3807 2288 3968 2341 προσ-

2395 2366 2657 2436 εδρεύσας
2696 2369 2873 2436 τάφῳ,
2910 2367 3045 2436 μετὰ
3076 2368 3323 2437 πέμπτον
3353 2367 3413 2430 ἐξ
3441 2367 3649 2419 ἐκείνου
3693 2367 3831 2434 πρὸς
3859 2366 3968 2424 τοῖς

2395 2459 2524 2510 δέκα
2564 2460 2702 2520 ἔτος,
2758 2463 2850 2510 καὶ
2894 2461 3059 2527 ὀλίγῳ
3096 2476 3149 2510 τι
3187 2459 3367 2522 πλέον,
3395 2460 3488 2510 καὶ
3531 2459 3690 2516 αὐτὸς
3734 2456 3965 2509 ἁπεεξω.

2397 2551 2528 2602 Τότε
2592 2553 2692 2619 μὲν
2742 2547 2834 2603 οὖν
2886 2551 3362 2620 διασκοπουμένων
3419 2550 3673 2603 ἁπάντων
3725 2548 3833 2598 τῶν
3877 2547 3970 2594 ἐπι

2393 2643 2567 2713 τούτῳ
2599 2645 3060 2712 συνειλεγμένων,
3097 2644 3230 2694 ὅπου
3265 2643 3372 2713 ἄρα
3412 2643 3502 2694 καὶ
3536 2641 3596 2694 τὸ
3630 2638 3966 2709 μαρτυρικὸν

2394 2735 2576 2796 αὐτοῖς
2610 2735 2996 2786 κατακείσεται
3028 2735 3189 2803 σῶμα
3211 2772 3232 2815 ,ο
3253 2735 3374 2785 ἐπεὶ
3405 2733 3499 2786 καὶ
3525 2732 3678 2792 λύσις
3706 2731 3804 2798 τῆς
3835 2734 3970 2783 ἀπο-

2395 2826 2516 2896 ρίας
2571 2827 2670 2879 οὐκ
2711 2823 2798 2897 ἦν,
2848 2826 3115 2896 κρείττονι
3162 2827 3258 2878 καὶ
3300 2825 3548 2894 θειοτέρα
3591 2822 3820 2891 προνοίᾳ
3868 2820 3966 2887 τὴν

2391 2919 2570 2988 ψῆφον
2598 2919 2878 2986 ἀνέθεσαν,
2900 2919 2992 2972 καὶ
3018 2919 3277 2987 στέφανον
3308 2918 3524 2972 ἄνθινον
3558 2914 3965 2980 διαπλέξαντες,

2389 3009 2465 3080 τῷ
2495 3011 2730 3080 λειψάνῳ
2764 3010 3118 3064 ὲπιτιθοῦσιν.
3156 3009 3366 3062 Αὐτίκα
3406 3009 3461 3060 δὲ
3499 3008 3689 3076 ὥσπερ
3723 3007 3786 3058 ἑκ
3819 3022 3966 3063 τινος

2389 3102 2694 3170 ἀποστολῆς
2723 3102 2876 3164 ἀετὸς
2912 3101 3118 3153 ἄνωθεν
3142 3102 3376 3161 ὲπιπτὰς
3404 3101 3496 3150 τὸν
3529 3101 3793 3164 στέφανον
3815 3098 3962 3164 εἰλή-

715 3189 920 3259 aquila,
961 3187 1170 3256 accepit
1212 3202 1492 3250 coronam,
1524 3197 1579 3241 et
1622 3189 1820 3242 sensim
1853 3188 2023 3242 movit
2057 3204 2284 3256 pennas,

2396 3210 2499 3261 φει,
2536 3193 2628 3246 καὶ
2657 3193 2838 3263 ἠρέμα
2866 3193 2924 3244 τὸ
2947 3192 3142 3263 πτερὸν
3168 3192 3356 3254 ἐκίνει,
3378 3194 3471 3244 καὶ
3499 3190 3799 3259 ἀργότερον
3827 3192 3962 3259 πρὸς

716 3288 774 3334 et
827 3293 918 3334 eas
961 3278 1141 3332 minus
1184 3280 1436 3346 pernices
1474 3278 1660 3331 habuit
1708 3278 1772 3331 ad
1823 3278 2134 3332 velandum.
2178 3277 2284 3331 Sed

716 3370 866 3424 illam
933 3368 1152 3440 quidem
1216 3369 1397 3424 statim
1469 3369 1795 3439 sequebatur
1854 3371 2110 3440 populus.
2162 3370 2283 3439 lpsa

713 3472 897 3517 autem
947 3463 1179 3532 quodam
1227 3465 1389 3518 modo
1437 3478 1561 3517 eum
1609 3465 1860 3529 ducebat,
1901 3473 2112 3519 tantum
2157 3474 2284 3517 ante

712 3570 805 3611 eos
843 3555 1050 3620 volans,
1085 3563 1144 3608 ut
1173 3570 1281 3608 non
1321 3564 1464 3609 esset
1491 3556 1718 3609 multum
1754 3566 1961 3610 remota
1992 3557 2058 3609 ab
2085 3556 2280 3609 oculis.

715 3645 784 3699 Et
845 3661 967 3701 cum
995 3645 1236 3700 venisset
1267 3647 1334 3700 ad
1381 3647 1736 3716 propinquam
1777 3646 1961 3699 silvam
1996 3655 2049 3701 et
2089 3648 2284 3702 deinde

710 3751 968 3793 coronam
993 3751 1056 3790 ex
1084 3735 1192 3790 alto
1223 3736 1531 3790 demisisset
1554 3737 1608 3790 in
1654 3737 1876 3806 pulchro
1909 3738 2026 3793 loco
2059 3741 2280 3804 montis,

710 3842 765 3884 et
819 3828 1005 3884 volare
1041 3826 1209 3899 cmpit
1251 3828 1506 3894 celerius,
1539 3838 1595 3884 et
1619 3831 1856 3899 profecta
1904 3840 1987 3885 est
2027 3832 2091 3884 ad
2129 3847 2280 3884 suam

711 3923 1127 3977 habitationem.
1186 3919 1301 3974 Hoc
1329 3922 1406 3974 illi
1458 3923 1814 3990 conjicientes
1865 3924 2104 3977 divinam
2163 3941 2282 3980 esse

709 4013 1119 4078 iudicationem,
1149 4026 1272 4067 cum
1299 4013 1574 4083 voluptate
1619 4024 1675 4069 et
1703 4031 1902 4087 magno
1931 4017 2111 4073 studio
2144 4033 2280 4073 con-

715 4113 1002 4160 currentes
1057 4120 1271 4160 sacrum
1317 4105 1451 4162 illud
1498 4116 1554 4162 et
1607 4108 1854 4163 divinum
1911 4125 2107 4180 corpus
2174 4113 2282 4165 illic

707 4203 893 4251 sancte
931 4202 986 4249 et
1010 4195 1191 4250 divine
1229 4195 1527 4265 deponunt.
1556 4197 1673 4264 Quo
1711 4200 1764 4252 in
1826 4201 1944 4254 loco
1975 4203 2027 4253 in
2065 4202 2279 4256 hodier-

709 4299 838 4340 num
883 4301 1054 4356 usque
1081 4286 1226 4342 diem
1268 4297 1493 4343 sanctus
1534 4289 1642 4342 illic
1687 4289 1998 4357 frequentes
2029 4302 2281 4360 operatur

709 4378 1043 4442 curationes,
1109 4386 1164 4433 et
1218 4379 1387 4433 multa
1449 4379 1732 4446 miracula,
1790 4381 2014 4437 cuilibet
2071 4382 2277 4454 roganti

710 4469 945 4540 benigne
978 4484 1268 4541 apparens,
1291 4479 1344 4525 et
1369 4471 1488 4540 ejus
1518 4488 1704 4528 curam
1738 4489 1951 4545 gerens,
1975 4475 2030 4529 in
2061 4475 2276 4531 Christo

2389 3285 2489 3355 τὴν
2524 3284 2723 3356 πτῆσιν
2770 3281 2933 3354 εἶχεν.
2983 3285 3140 3337 Ἀλλὰ
3188 3284 3267 3353 τῷ
3311 3286 3408 3354 μὲν
3447 3283 3508 3335 τὸ
3549 3282 3754 3352 πλῆθος
3801 3283 3963 3343 εὐθὺς

2389 3375 2603 3428 εἵποντο
2623 3388 2635 3402 ·
2663 3377 2690 3427 ὀ
2721 3374 2777 3426 δὲ
2801 3371 2909 3427 οἷον
2937 3374 3100 3435 αὐτὸς
3129 3375 3392 3442 ἀφηγεῖτο
3420 3373 3659 3443 τοσούτῳ
3687 3373 3962 3441 προῖπτά-

2391 3484 2550 3535 μενος
2602 3465 2830 3532 τούτων,
2879 3467 2988 3534 ὅσῳ
3037 3468 3112 3534 μὴ
3158 3465 3266 3517 τῶν
3302 3463 3480 3532 δψεων
3529 3466 3620 3516 ἐπὶ
3662 3465 3798 3516 πολὺ
3823 3464 3962 3514 διίσ-

2386 3559 2580 3613 τασθαι
2602 3575 2615 3588 ·
2648 3560 2744 3613 καὶ
2766 3559 2829 3630 δὴ
2865 3558 2999 3628 πρὸς
3026 3560 3091 3628 τῇ
3117 3555 3343 3626 πλησίον
3369 3555 3472 3629 ὕλῃ
3500 3557 3810 3627 γενόμενος,
3844 3551 3964 3608 εἶτα

2385 3652 2476 3706 τὸν
2527 3651 2790 3722 στέφανον
2843 3654 2900 3704 ὲν
2957 3651 3104 3722 καλῷ
3161 3649 3254 3705 τοῦ
3305 3650 3468 3722 ὅρους
3522 3650 3682 3721 ἀφεὶς
3728 3649 3960 3713 ἀνωθεν,

2384 3743 2632 3816 πτήσεως
2678 3761 2734 3796 τε
2771 3745 2974 3815 ἥπτετο
3021 3746 3346 3815 ταχυτέρας,
3395 3750 3494 3797 καὶ
3531 3747 3625 3797 ἐπὶ
3662 3745 3732 3798 τὰ
3779 3747 3961 3797 οἰκεῖα

2383 3836 2488 3906 ἢθη
2526 3835 2743 3906 ἐχώρει.
2770 3835 2938 3887 Τοῦτο
2975 3838 3173 3887 ἐκεῖνοι
3208 3836 3356 3887 θείαν
3389 3832 3531 3887 εἶναι
3583 3835 3962 3904 σ·.›μ6αλόντε;

2383 3928 2675 3992 ἐπίδειξιν,
2733 3928 2936 3998 σπουδῇ
2997 3927 3117 3999 μεθ’
3171 3929 3366 3998 ἡδονῆς
3422 3929 3964 4000 συνδραμόντες,τὸ

2383 4021 2527 4089 ἱερὸν
2553 4023 2728 4072 ἐκεῖνο
2764 4022 2858 4073 καὶ
2888 4022 3033 4074 θεῖον
3059 4019 3221 4090 σῶμα
3269 4020 3430 4091 ίερώς
3478 4022 3595 4073 ἐκεῖ
3648 4022 3746 4072 καὶ
3799 4019 3962 4080 θείως

2381 4114 2691 4168 κατέθεντο.
2733 4110 2805 4167 OB
2860 4115 2924 4185 δὴ
2979 4117 3074 4169 καὶ
3123 4115 3290 4177 πολύς
3335 4118 3456 4166 ἐστι
3507 4115 3672 4185 μέχρι
3714 4116 3812 4167 καὶ
3864 4115 3961 4166 νῦν

2380 4208 2409 4260 ὁ
2463 4209 2672 4278 μάρτυς
2725 4210 2846 4271 ταῖς
2915 4209 3089 4261 liceat
3143 4209 3239 4263 καὶ
3297 4210 3418 4272 ταῖς
3482 4207 3963 4279 θαυματουργίαις

2381 4299 2618 4368 δεομένῳ
2649 4302 2814 4353 παντὶ
2842 4301 3236 4372 φιλανθρώπως
3262 4302 3585 4370 ποιούμενος
3616 4303 3716 4364 τὰς
3750 4306 3958 4370 ἐπιφα-

2378 4390 2547 4454 νείας,
2591 4391 2685 4442 καὶ
2711 4390 3380 4463 θερμῶςπροῖστὰμενος,
3419 4399 3477 4450 ὲν
3507 4399 3732 4469 Χριστῷ
3777 4399 3959 4468 Ἰησοῦ

2379 4482 2455 4553 τῷ
2490 4481 2848 4553 Κυρίῳήμῶν
2871 4521 2884 4546 ,
2915 4479 2958 4552 ᾧ
2989 4488 3020 4555 ἡ
3059 4485 3183 4549 δόξα
3223 4488 3316 4540 καὶ
3348 4488 3409 4540 τὸ
3444 4490 3667 4561 κράτος,
3705 4495 3804 4547 σὺν
3841 4494 3960 4546 Πα-

705 4559 832 4615 Jesu
870 4558 1096 4614 Domino
1139 4568 1326 4616 nostro
1361 4577 1376 4614 :
1440 4563 1526 4617 cui
1567 4564 1736 4634 gloria
1767 4573 1823 4620 et
1857 4568 2122 4636 potentia,
2149 4584 2272 4624 cum

2396 4578 2468 4645 τρὶ
2500 4578 2593 4629 καὶ
2635 4576 2777 4647 ἁγίῳ
2817 4577 3119 4651 Πνεύματι,
3174 4580 3268 4635 νῦν
3297 4582 3391 4636 καὶ
3423 4555 3531 4649 ἀεὶ,
3574 4586 3668 4640 καὶ
3699 4589 3782 4651 είς
3831 4591 3961 4654 τοὺς

706 4643 869 4701 Patre
920 4657 975 4701 et
1028 4658 1219 4703 sancto
1271 4646 1495 4716 Spiritu,
1536 4665 1682 4706 nunc
1734 4659 1790 4708 et
1847 4669 2082 4726 semper,
2120 4666 2174 4712 et
2219 4658 2271 4713 in

709 4734 920 4791 inﬁnita
947 4736 1140 4793 saecula
1202 4738 1539 4796 saeculorum.
1595 4740 1769 4797 Amen

2378 4669 2764 4741 ἁτελευτήτους
2791 4672 2992 4738 αιῶνας
3017 4674 3124 4729 τῶν
3152 4677 3382 4733 αἰώνων.
3439 4678 3631 4744 Ἀμήν.
