4158 6514
172 494 270 561 653

1238 684 1533 694 ντες-υ...
1576 682 1678 693 ..σοι

924 684 1219 697 ..Μ

178 688 887 707 “Ψ“*η“.“-,ῌο-“συ

410 864 1273 988 ΜΑΡΓΥΡΙΟΝ
1386 865 1682 977 ΤΩΝ

976 485 1441 547 MAR’I‘YRIUM
1484 486 1541 545 S.
1589 481 2021 544 MENODORE
2061 484 2156 543 ΕΤ
2200 483 2611 545 SOCIARUM.

1813 864 2275 977 ΑΓΙΩΝ

3309 485 3419 549 654

2467 685 2503 693 .-
2514 684 2547 695 _
2565 684 3167 695 ww-“
3178 688 3343 705 ,ρ’-

2398 863 3172 980 ΓΥΝΑΙΚΩΝ

453 1131 1183 1222 ΜΗΝΟΔΩΡΑΣ,
1264 1126 1996 1215 ΜΗΤΡΟΔΩΡΑΣ
2072 1130 2259 1211 ΚΑΙ
2341 1126 3134 1216 ΝΥΜΦΟΔΩΡΑΣ*

417 1564 1289 1679 MARTYRIUM
1432 1563 2298 1680 SANCTABUM
2436 1564 3183 1679 MULIERUM

243 1833 1029 1935 MENODORZE,

1168 1825 1951 1920 METRODOBE
2106 1828 2254 1915 ET
2420 1825 3348 1920 NYMPHODOlUE.

765 2052 962 2111 (Latine
990 2050 1116 2113 apud
1142 2049 1339 2100 Surium
1364 2050 1422 2096 ad
1454 2048 1580 2095 diem
1617 2048 1843 2109 tOSept.;
1874 2047 2041 2096 Graece
2073 2061 2133 2096 ex
2175 2050 2281 2096 eod.
2308 2062 2395 2098 ms.
2426 2049 2582 2098 Paris.
2600 2060 2651 2103 η,
2679 2047 2840 2109 1526.)

247 2407 331 2459 A’.
364 2400 501 2456 Οὐδὲ
532 2395 775 2466 γυναιξὶν
799 2394 918 2448 οὐδὲ
954 2393 1142 2464 κόραις
1190 2392 1249 2446 τὸ
1299 2392 1397 2463 τῆς
1433 2391 1741 2462 μαρτυρίας
1774 2403 1813 2456 Α

174 2494 605 2550 ἁποκέκλεισται
640 2488 868 2551 στάδιον,
903 2486 1038 2540 ἀλλά
1082 2486 1175 2540 καὶ
1204 2479 1361 2539 αὗται
1391 2483 1622 2538 θανάτου
1654 2501 1747 2537 κα-

168 2586 527 2659 ταφρονοῦσι,
579 2583 972 2645 καταπαίζουσι
1012 2580 1264 2649 τελετῆς’
1307 2579 1507 2648 μᾶλλον
1540 2579 1596 2632 δὲ
1653 2578 1747 2632 καὶ

171 2683 410 2754 τιμῶσιν
442 2679 608 2748 αὐτὴν
641 2678 733 2730 καὶ
767 2674 1121 2737 ἀσπάζονται,
1153 2672 1324 2741 καλὴν
1350 2668 1603 2723 ἐντεῦθεν
1644 2672 1747 2740 ἐμ-

172 2776 376 2845 πορίαν
457 2770 554 2841 τὴν
610 2786 715 2820 των
768 2765 1017 2837 οὐρανῶν
1064 2764 1341 2835 βασιλείαν
1393 2762 1742 2831 ποιούμεναι.

170 2869 270 2918 Διά
303 2862 470 2916 τοῦτο
521 2860 613 2913 καὶ
656 2859 689 2929 ὴ
743 2857 1035 2928 θαυμαστὴ
1087 2857 1196 2910 τῶν
1231 2856 1521 2926 παρθένων
1565 2854 1744 2923 τριὰς,

172 2956 507 3022 Μηνοδώρα,
547 2952 711 3020 λέγω.
747 2952 841 3005 καὶ
873 2948 1223 3019 Νυμφοδώρα
1257 2948 1352 3003 καὶ
1384 2945 1747 3017 Μητροδώρα,

172 3050 241 3103 τά
265 3049 369 3115 τῆς
407 3042 703 3114 παρθενίας
732 3042 807 3103 ὡς
851 3037 1067 3109 ἀληθῶς
1092 3037 1242 3105 δῶρα
1269 3038 1363 3088 καὶ
1394 3036 1746 3106 ἀναθήματα,

176 3140 477 3211 προθύμως
508 3136 599 3189 ἐπὶ
627 3133 783 3186 τοῦτο
812 3129 975 3204 ἦλθον
1003 3131 1098 3185 καὶ
1126 3130 1222 3182 σὺν
1251 3130 1407 3199 ἡδονῇ
1440 3128 1499 3179 ea
1535 3128 1744 3197 κέρδος,

174 3232 268 3282 καὶ
301 3230 396 3279 τὸν
429 3227 658 3277 θάνατον
707 3223 1062 3291 ἀνδρειότατα
1095 3221 1322 3282 εἴλοντο,
1367 3220 1427 3270 οὺ
1460 3217 1613 3296 παρά
1654 3216 1747 3270 τὸν

170 3322 308 3394 ᾅδην
342 3316 514 3379 αὑτάς
548 3315 878 3382 κατάγοντα,
906 3311 1063 3381 οἵπερ
1101 3313 1163 3376 δὴ
1215 3312 1311 3362 καὶ
1364 3311 1592 3364 θανάτου
1621 3311 1747 3380 τρό-

174 3434 277 3480 πος
313 3412 488 3475 ἐστὶν,
541 3409 676 3464 ἀλλὰ
726 3409 863 3478 πρὸς
898 3407 1023 3469 τοὺς
1077 3404 1380 3468 ἀθανάτους
1421 3402 1743 3473 νυμφῶνας,

173 3509 313 3580 πρὸς
336 3508 439 3568 τὰς
475 3502 749 3564 παστάδας
781 3502 878 3563 τὰς
913 3498 1087 3570 ἱερὰς,
1119 3496 1251 3569 πρὸς
1285 3496 1442 3550 αὑτὸν
1480 3496 1570 3548 τὸν
1618 3512 1745 3565 φαι-

170 3602 297 3672 δρὸν
328 3596 567 3665 νυμφίον
591 3582 827 3663 Χριστὸν
852 3592 1131 3659 θυμότατα
1170 3588 1635 3659 παραπέμποντα.

246 3693 322 3744 Β’.
363 3689 715 3755 Ἐτράφησαν
763 3684 860 3750 μὲν
887 3685 997 3751 γάρ
1030 3681 1085 3731 ἐν
1129 3684 1194 3748 τῇ
1243 3680 1483 3732 Βιθυνῶν
1534 3679 1746 3747 σωφρό-

172 3800 279 3845 νως
324 3778 384 3834 εὖ
440 3777 587 3848 μάλα
639 3776 731 3826 καὶ
759 3772 1081 3843 ἐλευθερίως
1110 3769 1271 3841 (αὕτη
1309 3771 1417 3840 γάρ
1445 3769 1587 3823 κατά
1619 3768 1744 3830 τοὺς

171 3873 419 3942 εὐγενεῖς
446 3868 678 3927 κλάδους
703 3864 897 3936 ἤνεγκε
924 3864 1022 3925 τὰς
1054 3859 1405 3930 παρθένους),
1436 3859 1657 3928 χάριτες
1690 3858 1747 3910 δὲ

170 3963 346 4024 αὑτὰς
370 3957 703 4029 παρθενικαὶ
736 3951 1108 4025 περιίσταντο)
1134 3967 1149 3982 ο
1185 3949 1534 4003 συνανέτελλε
1570 3949 1627 4002 δὲ
1658 3948 1749 4000 καὶ

168 4055 231 4106 τὸ
258 4055 352 4104 ἐπὶ
384 4050 479 4101 τοῦ
510 4047 804 4114 προσώπου
833 4044 1016 4107 ἄνθος,
1047 4042 1141 4093 καὶ
1163 4041 1221 4092 τὸ
1241 4040 1333 4091 ἐπὶ
1364 4039 1470 4090 τῶν
1504 4037 1748 4108 παρειῶν

169 4143 453 4215 ἐρύθημα.
513 4137 881 4207 Φαιδροτάτην
926 4134 1021 4204 μὲν
1058 4132 1165 4200 γὰρ
1212 4130 1313 4199 τὴν
1367 4129 1497 4183 θέαν
1558 4128 1751 4199 παρεί-

170 4251 358 4308 χοντο,
390 4233 486 4285 καὶ
521 4229 609 4282 διὰ
646 4228 742 4298 τῆς
777 4224 872 4279 τοῦ
920 4222 1169 4292 σώματος
1210 4221 1381 4294 ὥρας,
1421 4222 1457 4291 ἡ
1502 4220 1748 4288 εὐγένεια

170 4333 269 4402 τῆς
311 4329 497 4397 ψυχῆς
522 4324 710 4384 αὐταῖς
742 4321 926 4389 ἠρέμα.
952 4315 1263 4383 ὑπαύγαζε,
1294 4317 1385 4367 καὶ
1403 4313 1747 4383 ἀπεριέργως

169 4420 320 4493 ἦσαν
350 4417 536 4473 καλαί.
572 4414 728 4467 Κατὰ
753 4411 925 4480 βραχὺ
948 4409 1003 4459 δὲ
1039 4408 1233 4467 αὑταῖς
1260 4405 1551 4473 ἀνέτρεχεν
1574 4402 1607 4471 ἠ
1630 4402 1749 4493 ῄλι-

168 4492 294 4578 κία,
324 4513 424 4565 καὶ
458 4505 757 4579 παρθενίας
784 4503 1011 4573 ἐρῶσαι,
1038 4498 1133 4566 τὴν
1159 4497 1268 4550 τῶν
1300 4494 1508 4565 ἀνδρῶν
1531 4492 1749 4564 ὁμιλίαν

171 4604 443 4671 ἔφευγον,
492 4579 585 4648 καὶ
626 4595 725 4665 τὴν
777 4592 1013 4661 ἐρημίαν
1064 4588 1314 4640 ἐπόθουν.
1368 4586 1464 4638 Διά
1515 4584 1749 4655 Χριστὸν

171 4698 362 4750 τοίνυν
392 4689 496 4759 τὴν
549 4686 924 4753 ἐνεγκαμένην
974 4677 1338 4732 ἀπολιποῦσαι
1389 4677 1748 4743 καταλαμϐά-

172 4805 328 4843 νουσι
362 4779 639 4854 γεώλοφόν
686 4794 738 4830 τι
766 4774 875 4829 τῶν
919 4771 1131 4825 Πυθίων
1176 4769 1393 4841 θερμῶν
1426 4769 1487 4822 οὺ
1537 4768 1749 4841 πόρρω,

172 4884 272 4938 καὶ
308 4872 643 4947 σωφροσύνῃ
668 4887 728 4923 τε
754 4871 811 4939 ἐν
843 4866 992 4935 αὑτῷ
1025 4863 1216 4926 διέζων
1241 4861 1336 4915 καὶ
1368 4862 1494 4930 περὶ
1532 4861 1629 4931 τὴν
1657 4861 1751 4913 ἄλ.

171 4975 272 5041 λην
296 4970 401 5038 τῆς
428 4966 629 5037 ἀρετῆς
652 4961 884 5028 ἄσκησιν
914 4955 1215 5041 <ριλοπόνως
1235 4952 1516 5002 διέκειντο.
1560 4951 1751 5019 Χρόνῳ

1920 2391 1963 2444 1.
1997 2391 2107 2445 Nec
2174 2390 2491 2445 mulieribus
2554 2388 2794 2459 quidem,
2834 2402 2937 2443 nec
2960 2389 3154 2457 puellis
3179 2391 3425 2448 clausum

1849 2493 1932 2539 est
1963 2483 2199 2539 stadium
2247 2481 2489 2553 martyrii
2546 2499 2560 2537 :
2611 2480 2705 2537 sed
2738 2486 2794 2536 et
2845 2495 2923 2537 eze
2955 2490 3184 2541 mortem
3238 2496 3425 2541 conte-

1850 2585 2064 2641 mnunt,
2088 2587 2144 2630 et
2163 2576 2445 2630 decessum
2468 2575 2668 2629 habent
2684 2590 2779 2645 pro
2795 2575 2922 2630 ludo
2948 2594 2960 2630 :
2981 2577 3087 2631 imo
3106 2577 3424 2648 veroipsum

1852 2670 2126 2725 honorant
2155 2678 2211 2723 et
2249 2670 2670 2739 amplectuntur.
2694 2682 2842 2723 exeo
2872 2670 3128 2740 pulchras
3160 2672 3261 2726 sibi
3283 2688 3427 2727 mer-

1848 2776 1942 2815 ces
1974 2770 2374 2829 comparantes,
2402 2776 2598 2831 nempe
2621 2776 2850 2831 regnum
2868 2762 3152 2817 caelorum.
3173 2762 3426 2835 Promer—

1861 2867 1923 2906 ea
1964 2852 2301 2907 admirabilis
2332 2867 2547 2921 quoque
2602 2853 2816 2908 trinitas
2867 2864 3185 2924 martyrum,
3227 2865 3282 2909 et
3312 2855 3423 2910 vir-

1849 2945 2056 3013 ginum,
2116 2945 2430 3007 Menodora,
2493 2946 2748 3016 inquam,
2801 2955 2856 3000 et
2921 2945 3301 3017 Nymphodora
3376 2962 3430 3003 et

1849 3034 2182 3093 Metrodona.
2273 3051 2394 3105 quas
2470 3051 2598 3090 vere
2659 3044 2819 3090 erant
2892 3036 3030 3091 dona
3102 3037 3423 3108 viginilatis.

1848 3140 2102 3198 prompto
2131 3142 2183 3183 et
2234 3129 2397 3183 alacri
2429 3129 2613 3183 animo
2669 3129 2735 3182 ad
2762 3129 2864 3182 hoc
2899 3139 3185 3195 venerunt,
3221 3141 3426 3185 etcum

1850 3218 2122 3287 voluptate
2146 3230 2375 3273 mortem
2433 3227 2789 3288 susceperunt
2840 3218 3155 3286 fortissime,
3189 3238 3431 3292 nonqua;

1848 3312 1913 3364 ad
1941 3310 2144 3366 inferos
2172 3311 2412 3378 deducit,
2442 3320 2500 3365 ut
2525 3327 2675 3367 mors
2698 3312 2836 3368 solet
2866 3312 3156 3383 impiorum
3194 3330 3207 3366 :
3240 3315 3334 3368 sed
3362 3309 3431 3369 ad

1846 3408 2080 3453 mternos
2111 3402 2378 3456 thalamos
2404 3412 2460 3456 et
2497 3418 2686 3459 sacros
2746 3403 3015 3472 porticus,
3046 3405 3112 3457 ad
3166 3415 3219 3457 et
3252 3407 3428 3474 ipsum

1845 3488 2143 3558 jucundum
2177 3507 2434 3561 sponsum
2469 3492 2749 3548 Christum
2792 3494 3106 3548 transmittit
3150 3493 3419 3550 alacriter.

1921 3687 1995 3740 ΙΙ.
2024 3685 2199 3755 Atque
2243 3688 2486 3743 modeste
2536 3688 2757 3758 quidem
2789 3698 2844 3743 et
2889 3688 3181 3743 liberaliter
3214 3688 3431 3743 fuerunt

1848 3774 2090 3828 educata:
2130 3778 2182 3829 in
2236 3777 2483 3847 Bithynia
2519 3779 2619 3845 (ea
2656 3781 2801 3833 enim
2832 3790 3085 3848 tanquam
3137 3795 3431 3850 generosos

1850 3867 2055 3935 aliquot
2078 3884 2258 3924 ramos
2295 3870 2394 3923 has
2421 3869 2542 3923 tulit
2573 3872 2855 3941 virgines),
2884 3882 2937 3924 et
2963 3887 3055 3926 eas
3076 3873 3433 3926 circumvola-

1850 3966 1977 4010 runt
2003 3958 2186 4025 gratia:
2238 3956 2565 4027 virginitatis
2601 3959 2808 4013 :simul
2858 3969 3039 4013 autem
3091 3970 3309 4015 exortus
3348 3970 3431 4034 est

1851 4046 2013 4098 etiam
2066 4045 2167 4099 ﬂos
2203 4049 2255 4100 in
2289 4048 2463 4121 vultu,
2532 4061 2590 4101 et
2632 4050 2798 4103 rubor
2852 4054 2904 4102 in
2954 4049 3127 4119 genis.
3220 4047 3353 4102 Nam
3376 4057 3431 4101 et

1851 4133 2305 4205 iucundissimum
2378 4135 2713 4194 exhibebant
2766 4140 3162 4205 spectaculum,
3217 4147 3274 4192 et
3332 4152 3430 4207 per

1854 4228 2093 4295 speciem
2142 4228 2387 4297 corporis
2426 4228 2621 4282 animae
2682 4227 2931 4283 nobilitas
2995 4226 3200 4282 sensim
3237 4229 3289 4282 in
3348 4228 3430 4282 eis

1854 4316 2126 4371 relucebat
2155 4335 2167 4370 :
2196 4328 2252 4371 et
2328 4328 2480 4371 erant
2518 4319 2758 4385 pulchra:
2812 4320 2948 4372 citra
3008 4319 3377 4373 curiositatem
3411 4359 3425 4375 .

1853 4405 2119 4461 Paulatim
2186 4411 2367 4463 autem
2406 4407 2485 4461 eis
2524 4408 2850 4462 excurrebat
2886 4418 3037 4472 astas,
3076 4415 3131 4463 et
3181 4420 3429 4466 amantes

1853 4500 2216 4571 virginitatem
2280 4500 2556 4571 fugiebant
2610 4501 2893 4557 hominum
2957 4500 3426 4567 consuetudinem.

1854 4605 1907 4649 et
1967 4592 2342 4645 desiderabant
2408 4593 2776 4647 solitudinem.
2852 4596 3077 4664 Propter
3149 4596 3426 4652 Christum

1852 4700 1999 4757 ergo,
2019 4684 2200 4737 relicta
2227 4696 2347 4752 qua:
2369 4698 2459 4738 eas
2476 4683 2671 4740 tulerat
2697 4686 2891 4756 patria,
2907 4686 3131 4741 veniunt
3160 4690 3214 4743 in
3235 4704 3426 4759 quem-

1853 4778 1975 4834 dam
2004 4779 2272 4834 tumulum
2312 4794 2424 4834 non
2453 4780 2642 4849 procul
2662 4780 2915 4852 aPythiis
2944 4783 3190 4848 thermis,
3209 4791 3266 4835 et
3288 4792 3429 4837 tem-

1854 4879 2109 4939 peranter
2165 4872 2221 4925 in
2286 4886 2353 4924 eo
2385 4870 2656 4935 vivebant,
2687 4882 2740 4926 et
2771 4874 2820 4924 in
2869 4874 3016 4926 omni
3078 4876 3179 4927 alia
3210 4876 3427 4928 virtutis

1854 4962 2240 5014 exercitatione
2304 4962 2557 5017 studiosae
2613 4972 2770 5018 erant
2818 4974 2873 5019 et
2929 4964 3238 5035 diligentes.
3286 4966 3423 5019 Cum

172 5028 239 5116 δέ
263 5028 584 5122 πᾶᾷαν’τὴν
614 5052 707 5102 τοῦ
740 5050 889 5102 θείου
923 5028 1258 5115 ’Πνεύματος
1314 5042 1743 5111 εἰσοικισάμεναι
1772 5084 1773 5097 χ

1851 5060 2027 5105 autem
2050 5052 2373 5121 procedente
2394 5064 2634 5123 tempore
2662 5056 3005 5111 admisissent
3048 5073 3264 5111 onmem
3311 5075 3426 5130 gra-

173 5155 363 5226 χάριν,
419 5140 716 5214 διέλαμπόν
774 5155 832 5191 τε
887 5139 998 5198 τοῖς
1049 5136 1234 5197 καλοῖς
1292 5134 1473 5206 ἔργοις
1512 5134 1603 5185 καὶ
1634 5135 1747 5197 τοῖς

175 5221 447 5312 θαόμασι,
480 5234 577 5288 καλ⁸
625 5234 689 5301 τῇ
738 5226 966 5297 ἀφθονία
1014 5224 1123 5277 τῶν
1157 5225 1395 5293 χαρίτων
1424 5224 1576 5287 πόλις
1608 5221 1749 5295 ἦσαν

172 5331 402 5401 ἀληθῶς
454 5325 639 5379 ἐπάνω
684 5322 845 5392 ὅρους
880 5316 1133 5386 κειμένη.
1171 5316 1281 5367 Καὶ
1331 5314 1417 5365 διὰ
1450 5315 1607 5367 τοῦτο
1658 5318 1751 5368 καὶ

172 5422 316 5491 ταχὺ
351 5417 513 5485 δῆλαι
548 5411 812 5481 γίνονται,
862 5409 957 5461 καὶ
1012 5405 1196 5458 πολλοὶ
1233 5407 1367 5475 πρὸς
1408 5406 1575 5468 αὑτὰς
1624 5410 1753 5477 cup-

176 5516 401 5585 ῥέοντες
432 5505 598 5575 ἦσαν,
643 5502 691 5555 οἳ
723 5502 783 5554 οὑ
823 5501 980 5569 μόνον
1015 5499 1183 5551 νόσων
1209 5513 1267 5548 τε
1297 5500 1391 5549 καὶ
1425 5498 1754 5566 πνευμάτων

176 5601 445 5673 πονηρῶν
490 5596 923 5664 ἀπηλλάττοντο,
973 5590 1107 5645 ἀλλὰ
1158 5588 1251 5642 καὶ
1298 5589 1413 5656 φῶς
1444 5587 1621 5660 ψυχῆς
1661 5590 1756 5642 καὶ

176 5692 466 5765 σωτηρίαν
494 5686 810 5741 ἐπλούτουν.
843 5682 1031 5737 Ταῦτα
1049 5684 1142 5735 καὶ
1166 5684 1243 5744 εἰς
1268 5681 1551 5749 Φρόντωνα
1575 5684 1753 5752 φοιτᾷ,

175 5788 237 5850 ac
281 5786 385 5852 τὴν
417 5780 598 5851 ἀρχὴν
646 5772 945 5845 τηνικειῦτέι
1016 5774 1115 5843 τῆς
1188 5772 1493 5844 περιχώρου
1559 5774 1758 5844 ταύτης

178 5878 552 5933 πεπίστευτο,
611 5864 949 5936 Μαξίμιανοῦ
997 5866 1096 5934 τὴν
1138 5864 1423 5934 Ῥωμαίων
1476 5864 1755 5935 βασιλείαν

1848 5145 1973 5198 tiam
1992 5144 2156 5197 divini
2174 5143 2429 5212 Spiritus,
2459 5145 2619 5200 bonis
2633 5146 3049 5215 reSplendebant
3070 5150 3353 5217 operibus,
3369 5161 3424 5205 et

1850 5231 2148 5295 miraculis,
2169 5241 2223 5286 et
2244 5233 2395 5303 copia
2413 5235 2699 5304 gratiarum
2716 5246 2871 5291 erant
2900 5254 3083 5293 revera
3106 5242 3296 5295 civitas
3318 5243 3423 5297 sita

1850 5339 2009 5393 supra
2045 5332 2304 5380 montem.
2342 5325 2404 5377 Et
2434 5324 2554 5380 ideo
2584 5328 2691 5381 cito
2722 5329 2957 5383 evadunt
2999 5330 3320 5397 manifestm,
3369 5347 3424 5387 et

1852 5416 2007 5469 multi
2024 5418 2088 5469 ad
2110 5430 2203 5470 eas
2222 5414 2567 5472 conﬂuebant
2589 5434 2602 5470 :
2624 5417 2713 5487 qui
2733 5434 2841 5473 non
2866 5421 3039 5476 solum
3056 5422 3425 5478 liberabantur

1853 5519 1881 5555 a
1923 5503 2128 5556 morbis
2157 5512 2206 5556 et
2245 5518 2274 5556 a
2311 5504 2468 5560 malis
2503 5506 2811 5573 Spiritibus,
2850 5509 2943 5564 sed
3013 5510 3212 5565 ﬁebant
3259 5513 3423 5566 etiam

1853 5594 2047 5649 divites
2081 5594 2200 5647 luce
2231 5596 2427 5649 anima:
2454 5603 2509 5649 et
2534 5597 2723 5651 salute.
2750 5596 2872 5653 Ha’e
2900 5603 3223 5669 perveniunt
3254 5604 3421 5656 etiam

1854 5687 1921 5741 ad
1954 5701 2113 5739 aures
2145 5684 2453 5752 Frontonis,
2474 5689 2629 5757 cujus
2666 5690 2785 5745 ﬁdei
2818 5695 3101 5748 commissa
3128 5695 3302 5748 fuerat
3334 5711 3421 5749 re-

1857 5778 2032 5847 gionis
2116 5777 2263 5832 illius
2322 5777 2747 5844 administratio,
2818 5780 3143 5837 Maximiano
3203 5793 3425 5838 tenente

1860 5868 2225 5924 Romanorum
2260 5869 2587 5931 imperium:
2617 5882 2671 5928 et
2698 5874 2968 5933 continuo
3024 5876 3191 5930 mittit
3236 5872 3427 5928 Fronto
