4158 6464
701 435 808 504 655

1933 427 1985 489 Μ
1999 427 2218 487 ENSIS
2259 425 2730 486 SEPTEMBER.

3853 414 3966 475 656

704 569 865 610 suum
914 565 1245 608 assessorem
1315 562 1438 604 cum
1520 545 1784 601 ministris
1847 555 1900 599 et
1953 545 2285 599 satellitibus

2425 546 2707 609 ιέποντο;’
2765 545 2857 599 καὶ
2890 543 3100 613 πέμπει
3132 542 3222 595 τὸν
3277 541 3666 613 συμπάρεδρον
3725 540 3888 603 εὐθὺς
3939 542 3970 593 6

699 645 901 718 iubens
919 654 974 699 ut
993 651 1259 712 quaereret
1285 640 1546 710 virgines.

779 933 885 990 Ill.
913 932 1047 987 Cum
1107 936 1290 984 autem
1345 927 1581 980 inventa:
1671 921 1897 975 fuissent
1930 957 1945 984 ,
1971 915 2278 979 Undenam,

709 1025 924 1083 dicebat
956 1021 1145 1091 iudex,
1176 1028 1323 1073 tanta
1355 1025 1436 1070 est
1490 1012 1642 1067 vobis
1683 1011 1931 1074 audacia,
1991 1018 2072 1068 ut,
2126 1004 2281 1058 mitto

711 1127 930 1181 caetera,
961 1115 1131 1171 Deum
1187 1109 1398 1173 colatis,
1450 1120 1611 1176 quem
1673 1117 1852 1172 neque
1903 1100 2015 1168 ipse
2051 1109 2280 1164 magnus

714 1208 1097 1266 Maximianus,
1139 1214 1315 1269 neque
1363 1212 1463 1249 nos
1488 1196 1821 1248 honorantes
1852 1190 1906 1243 in
1959 1183 2283 1239 hodiernum

715 1317 890 1372 usque
939 1298 1083 1353 diem
1130 1289 1409 1361 conspecti
1456 1283 1688 1340 sumus?
1719 1282 2068 1350 Nequaquam
2104 1281 2284 1326 autem

712 1392 1064 1466 perturbatae,
1120 1385 1213 1442 sed
1266 1385 1318 1436 in
1343 1379 1535 1435 eodem
1584 1376 1777 1430 animae
1835 1379 1982 1425 statu
2008 1375 2289 1420 manentes

713 1487 954 1557 virgines
990 1523 1003 1540 .
1033 1480 1166 1540 Nos,
1251 1490 1284 1531 ο
1325 1474 1514 1544 judex,
1568 1469 1844 1530 dixerunt,
1897 1478 2004 1517 non
2054 1462 2290 1514 humano

715 1581 940 1636 decreto
983 1573 1153 1626 Deum
1185 1581 1346 1622 nosse
1376 1563 1697 1624 didicimus;
1757 1555 1854 1610 sed
1908 1569 2034 1608 eum
2081 1550 2287 1620 utique,

715 1674 809 1744 qui
884 1680 1102 1736 semper
1139 1669 1242 1724 est,
1313 1666 1367 1712 et
1411 1655 1726 1710 universum
1777 1650 2038 1710 intuetur,
2065 1643 2295 1698 conﬁte-

715 1761 999 1833 murzqui
1054 1757 1216 1814 etiam
1259 1754 1402 1808 hunc
1471 1746 1715 1823 continet
1780 1739 2026 1798 ordinem
2075 1739 2296 1791 univer—

717 1872 923 1920 sorum,
955 1862 1011 1908 et
1043 1856 1328 1923 potestate,
1366 1857 1474 1896 non
1509 1838 1764 1896 essentia.
1795 1843 1980 1887 mente
2048 1840 2297 1895 compre-

2386 639 2631 707 Φρόντων
2661 639 2799 710 μετὰ
2833 636 3030 707 πολλῆς
3071 635 3170 706 τῆς
3213 636 3701 706 ὑπερασπισάντων
3734 633 3830 686 καὶ
3861 632 3972 684 τῶν

2388 729 2696 798 δορυφόρων
2755 726 2995 797 πληθύος
3042 726 3109 780 τὰ
3144 725 3283 780 κατὰ
3333 728 3430 790 τὰς
3478 725 3780 788 παρθένους
3821 722 3972 792 αὑτῴ

2388 820 2705 891 ἐπιτρέψας.

2461 909 2536 965 I".
2578 911 2636 967 '0
2668 912 2724 964 δὲ
2764 912 2852 966 διὰ
2901 910 3010 965 τῶν
3067 909 3528 980 ὑπηρετουμένων
3575 908 3726 978 αὐτῷ
3758 909 3976 978 δημίων

2394 1005 2887 1076 μεταστειλάμενος
2936 1003 3160 1068 ταύτας,
3194 1003 3366 1056 Πόθεν
3431 1003 3559 1072 ὑμῖν
3598 1004 3634 1072 ἡ
3690 1005 3954 1069 τοσαύτη,

2394 1098 2573 1166 ἔλεγε,
2600 1097 2798 1163 τόλμα,
2833 1096 2931 1161 ῶς,
2976 1097 3063 1149 ἴνα
3111 1095 3276 1150 τᾶλλα
3310 1093 3486 1154 παρῶ,
3517 1093 3648 1145 Θεὸν
3677 1094 3888 1156 σέϐειν,
3917 1093 3978 1144 ὃν

2393 1187 2514 1241 οὔτε
2549 1186 2893 1254 Μαξιμιανὸς
2919 1185 3078 1248 αὑτὸς
3101 1188 3127 1237 ὁ
3161 1185 3331 1253 μέγας
3376 1182 3486 1236 οὗθ’
3519 1185 3681 1252 ἡμεῖς
3705 1183 3978 1251 τιμῶντες

2396 1279 2522 1347 ἄχρι
2553 1278 2646 1330 καὶ
2686 1278 2780 1330 νῦν
2811 1277 3071 1344 (ἐνέϐημεν
3097 1293 3111 1340 ;
3160 1275 3300 1328 Ὑπὸ
3324 1273 3402 1343 τῷ
3433 1274 3583 1343 αὑτῷ
3627 1273 3814 1325 τοίνυν
3847 1271 3978 1324 καθα

2397 1369 2540 1438 άπερ
2569 1369 2664 1438 τῆς
2695 1367 2871 1438 ψυχῆς
2897 1367 3284 1437 παραστήματι
3335 1368 3388 1419 αί
3422 1365 3714 1434 παρθένοι,
3762 1365 3978 1432 Ἡμεῖς,

2397 1463 2441 1516 ὦ
2468 1466 2676 1533 ἅρχων,
2736 1464 2969 1534 ἔφησαν,
3007 1465 3110 1516 οὑκ
3144 1463 3471 1533 ἀνθρωπίνῳ
3511 1462 3747 1530 δόγματι
3779 1474 3981 1509 πεπαι-

2399 1554 2635 1624 δεύμεθα
2686 1555 2886 1607 εἰδέναι
2928 1553 3082 1616 Θεὸν,
3137 1551 3271 1606 ἀλλὰ
3297 1553 3487 1605 τοῦτον
3525 1552 3700 1620 δήπου
3752 1549 3844 1600 τον
3897 1548 3983 1599 ἀεὶ

2401 1648 2429 1700 δ
2445 1665 2529 1701 ιτα
2550 1648 2644 1700 καὶ
2666 1647 2724 1698 τὸ
2747 1648 2856 1698 πᾶν
2885 1644 3166 1715 ἐφορῶντα
3192 1644 3586 1713 ὁμολογοῦμεν,
3611 1644 3670 1704 ὃς
3693 1643 3792 1694 καὶ
3823 1642 3981 1710 τήνδε

2403 1741 2499 1810 τὴν
2530 1741 2636 1792 τῶν
2675 1739 2812 1793 ὅλων
2866 1740 3166 1807 συγκρατεῖ
3202 1737 3354 1800 τάξιν
3403 1737 3498 1788 καὶ
3551 1734 3784 1802 δυνάμει
3825 1735 3885 1786 οὑ
3914 1736 3982 1803 τῇ

2407 1833 2566 1902 οὐσίᾳ
2625 1833 2990 1891 κατανοεῖτοι,
3047 1830 3103 1892 ὂς
3160 1828 3378 1898 καθαρᾷ
3405 1843 3466 1879 τε
3514 1826 3704 1894 ἥδεται
3737 1825 3986 1895 πολιτείᾳ

721 1949 979 2008 henditur
1027 1905 1165 2012 :Iqui
1226 1935 1428 1992 munda
1473 1933 1581 1986 vita
1634 1929 1936 1983 delectatur
1988 1931 2043 1976 ct
2073 1921 2295 1979 virtute,

2421 1926 2498 1976 ιαὶ
2553 1924 2745 1990 ἀρετῇ,
2807 1923 2897 1973 καὶ
2959 1924 3071 1983 τοῖς
3128 1921 3271 1973 οὕτω
3329 1920 3428 1989 μὲν
3490 1917 3772 1987 καθαρῶς,
3845 1915 3989 1967 οὕτω

718 2053 774 2099 et
818 2044 883 2097 iis
943 2037 1034 2108 qui
1094 2034 1172 2088 sic
1216 2046 1280 2084 ex
1312 2028 1512 2081 virtute
1546 2023 1710 2075 vitam
1779 2023 1951 2086 agunt
2003 2026 2115 2066 sua:
2144 2005 2298 2062 boni-

721 2136 852 2191 tatis
905 2105 1078 2202 gr-atia
1159 2123 1298 2179 solet
1354 2127 1616 2187 apparere
1659 2131 1672 2166 :
1714 2118 1771 2165 et
1846 2105 1951 2161 sub
2000 2117 2108 2173 quo
2142 2112 2298 2169 reges

723 2190 1016 2295 imperant,
1066 2226 1120 2272 et
1168 2212 1388 2284 tyranni
1491 2219 1691 2261 terram
1754 2215 1849 2255 sua
1919 2197 2168 2250 obtinent
2215 2190 2290 2243 di-

726 2283 894 2374 tione.
933 2309 1182 2380 Virgines
1234 2305 1351 2358 haec
1407 2297 1563 2354 valde
1595 2301 1910 2358 constanter
1930 2297 1984 2342 et
2035 2283 2302 2339 concinne

729 2404 1126 2478 respondentes
1186 2408 1393 2468 praeses
1425 2393 1668 2453 intuens,
1699 2394 1754 2440 et
1802 2377 2122 2436 modestiam
2146 2372 2303 2425 valde

727 2461 1168 2556 est'admiratus,
1210 2492 1670 2550 etresponsorum
1708 2470 2046 2542 sapientiam.
2081 2461 2304 2516 Diuita-

729 2610 836 2666 que
927 2596 1134 2649 tacens,
1173 2589 1226 2633 et
1254 2577 1373 2631 haec
1440 2573 1646 2627 ducens
1694 2581 1794 2639 pro
1874 2557 2157 2619 miraculo,
2218 2552 2303 2604 vix

733 2652 952 2738 tandem
988 2669 1278 2731 secundam
1313 2662 1500 2719 intulit
1565 2652 2063 2726 interrogationem.
2112 2655 2308 2713 rogans

729 2784 979 2844 quasnam
1051 2769 1235 2819 essent
1288 2770 1475 2810 earum
1525 2749 1768 2809 nomina,
1823 2753 1877 2796 et
1936 2755 2055 2807 qua:
2110 2733 2306 2804 patria.

733 2831 840 2923 like
889 2871 1072 2916 autem
1105 2873 1118 2908 :
1157 2850 1400 2905 Primum
1459 2841 1699 2912 quidem,
1752 2852 1779 2889 a
1837 2831 2054 2888 Christo
2108 2833 2311 2880 vocatze

732 2969 945 3021 sumus,
980 2950 1254 3004 dixerunt.
1303 2937 1456 3005 Quod
1500 2934 1545 2986 si
1584 2933 1746 2986 etiam
1783 2917 2314 2986 nomenabaptismo

736 3006 1046 3119 impositum
1087 3041 1336 3108 oporteat
1365 3027 1586 3086 addere,
1620 3035 1728 3074 una
1766 3015 1982 3086 quidem
2003 3006 2314 3068 Menudora,

1581 3114 1592 3119 _
1635 3111 1645 3119 .
1712 3110 1724 3119 .
1832 3115 1841 3119 ,
1915 3106 1944 3119 _.
2045 3097 2284 3119 ,μη-,η

736 3097 906 3195 altera
961 3097 1145 3188 autern
1195 3121 1523 3179 Metrodora,
1563 3110 1762 3167 deinde
1829 3106 1984 3160 tertia
2043 3097 2316 3172 Nympho-

737 3238 894 3290 dora.
933 3225 1191 3281 dicimur.
1259 3212 1438 3268 Patria
1496 3219 1673 3262 autem
1729 3202 1887 3257 nobis
1925 3207 2006 3252 est
2035 3191 2317 3262 Bithynia.

743 3326 818 3378 Ex
874 3319 1066 3376 eodem
1127 3324 1258 3367 vero
1287 3304 1493 3361 semine
1533 3299 1809 3371 producta:
1877 3303 2085 3350 sumus,
2144 3292 2197 3336 et
2253 3281 2321 3334 ab

739 3415 928 3470 eadem
1009 3412 1181 3458 matre
1260 3409 1450 3452 sumus
1531 3390 1798 3447 educatae,
1843 3391 1897 3435 et
1943 3380 2011 3432 ab
2116 3372 2319 3428 eisdem

744 3502 1063 3578 parentibus
1115 3493 1325 3549 dilectae
1393 3496 1603 3546 sumus,
1647 3488 1696 3534 et
1762 3473 2008 3531 eamdem
2092 3476 2318 3522 matrem

743 3567 798 3660 et
825 3595 1077 3653 eumdem
1106 3596 1314 3658 patrem
1345 3575 1757 3649 appellavimus.
1814 3567 2072 3621 Eamdem
2106 3569 2321 3628 quoque

747 3691 869 3744 vitae
920 3683 1186 3738 rationem
1249 3679 1450 3727 secuta:
1523 3679 1735 3726 sumus,
1777 3669 1833 3714 et
1869 3654 2118 3710 eamdem
2146 3649 2324 3702 adhuc

747 3786 996 3835 tenemus
1049 3763 1399 3824 sententiam.

817 3888 884 3946 ιν
939 3885 1148 3941 Morum
1202 3878 1380 3945 itaque
1424 3883 1478 3927 et
1508 3868 1794 3927 verborum
1830 3855 2205 3914 liberalitatem
2235 3849 2324 3904 ille

745 3978 967 4040 silentio
1003 3973 1326 4034 admiratus,
1391 3967 1605 4020 curiose
1676 3955 1969 4013 admodum
2023 3963 2077 4006 et
2131 3948 2325 4005 callide

751 4081 900 4135 vafer
959 4073 1047 4128 ille
1081 4075 1307 4123 conatus
1337 4069 1420 4116 est
1453 4058 1702 4130 protinus
1737 4052 1975 4122 virgines
2025 4046 2324 4102 seducere:

741 4173 826 4229 Ne
857 4182 1004 4239 ergo,
1025 4163 1233 4223 dicens,
1262 4171 1381 4225 quae
1411 4154 1484 4206 dii
1514 4151 1580 4204 ad
1609 4147 1955 4202 concordiam
1987 4143 2129 4195 bona
2161 4137 2329 4192 dede-

750 4269 900 4321 runt,
919 4230 1056 4318 ⁷νος,
1087 4267 1120 4304 ο
1147 4249 1325 4302 chara:
1354 4241 1568 4313 puellae,
1599 4238 1838 4293 reddatis
1873 4247 2010 4290 vana
2033 4238 2087 4286 et
2124 4230 2328 4296 inania,

752 4351 847 4406 sed
886 4361 1050 4416 super
1112 4341 1228 4395 haec
1296 4337 1460 4391 etiam
1536 4333 1640 4386 alia
1733 4330 2013 4394 aediﬁcare,
2091 4336 2146 4382 et
2197 4325 2329 4381 mihi

752 4448 1032 4512 parentes,
1071 4434 1172 4486 diis
1244 4440 1462 4496 quoque
1523 4423 1880 4476 communiter
1952 4419 2252 4472 sacriﬁcate
2278 4423 2333 4467 et

757 4511 1014 4601 tanquam
1070 4534 1289 4578 sorores
1346 4518 1400 4571 in
1453 4511 1836 4570 benevolentia
1909 4526 2037 4582 erga
2080 4524 2176 4564 eos
2199 4520 2334 4561 con-

755 4628 954 4681 sentite
1046 4618 1323 4689 protinus,
1357 4626 1465 4666 nec
1524 4608 1785 4663 sustineat
1847 4605 2016 4659 altera
2101 4602 2328 4655 alteram
2365 4591 2407 4646 D

758 4726 1001 4770 sororem
1038 4707 1223 4761 videre
1259 4700 1596 4768 turpissima,
1651 4712 1684 4750 ο
1739 4697 1851 4750 dii!
1884 4705 1937 4748 et
1980 4692 2333 4748 acerbissima

762 4807 1077 4876 patientem,
1097 4797 1348 4859 estlorem
1370 4789 1792 4862 pulchritudinis
1817 4787 2030 4856 probris
2067 4795 2120 4838 et
2142 4791 2336 4837 contu-

763 4897 938 4951 tneliis
1035 4886 1418 4943 miserabiliter
1480 4883 1638 4936 allici.
1691 4882 1814 4936 Haec
1895 4893 2046 4948 ergo,
2107 4885 2165 4929 ut
2218 4876 2336 4944 qui,

763 5004 882 5056 qua!
915 4993 1150 5054 oportet,
1202 4979 1376 5034 dicam
1413 4983 1466 5030 et
1500 4973 1652 5028 vobis
1691 4974 1862 5034 utilia,
1893 4987 1924 5024 a
1972 4985 2056 5025 me
2079 4969 2335 5037 accipite,

767 5088 820 5130 cl
856 5077 985 5130 mihi
1033 5080 1240 5144 parete,
1298 5079 1554 5134 tanquam
1602 5064 1762 5138 patri,
1819 5061 1876 5116 in
1933 5075 2028 5114 vos
2059 5069 2337 5127 paternam

765 5137 1048 5212 servanti-
1119 5149 1486 5207 affectionem.
1562 5145 1658 5199 Sic
1761 5145 1906 5196 enim
2001 5137 2340 5210 imperatoris

764 5247 1200 5304 benevolentiam
1233 5239 1600 5313 assequemini
1628 5246 1682 5292 et
1713 5234 1960 5306 gloriam,
1984 5243 2039 5286 et
2075 5248 2171 5287 vos
2194 5231 2344 5287 exci-

769 5347 877 5412 piet
925 5339 1202 5395 allluentla
1237 5346 1291 5394 et
1327 5350 1476 5390 mare
1526 5331 1827 5393 bonorum;
1852 5338 1905 5382 et
1929 5323 2126 5379 merito
2157 5323 2342 5378 felices

768 5445 981 5500 semper
1040 5423 1507 5486 existimabimini,
1527 5431 1583 5476 et
1611 5418 1888 5473 memoriae
1913 5414 2341 5471 mandabimini:

769 5525 854 5575 sin
956 5519 1137 5573 minus
1213 5517 1452 5571 immane
1546 5519 1603 5566 et
1686 5505 1906 5562 crudele
2015 5503 2342 5574 supplicium

769 5617 1058 5668 consumet
1092 5607 1372 5677 pulchram
1402 5603 1635 5656 vestram
1681 5606 1736 5652 et
1777 5607 2020 5649 teneram
2082 5592 2342 5664 speciem.

772 5699 852 5752 Ad
913 5698 1028 5752 haec
1056 5695 1334 5765 excipiens
1402 5686 1840 5753 lllenodora,At
1899 5683 2078 5745 nobis,
2146 5683 2345 5752 inquit,

773 5807 806 5841 ο
854 5789 1042 5858 iudex,
1118 5801 1217 5842 nec
1286 5799 1408 5857 quae
1485 5792 1542 5850 tu
1603 5779 1877 5850 promittis
1933 5775 2183 5829 videntur
2226 5788 2348 5830 esse

777 5895 992 5953 magna,
1059 5893 1160 5934 nec
1223 5895 1345 5948 quae
1413 5887 1468 5933 tu
1561 5884 1754 5932 rursus
1828 5868 2054 5925 minaris
2119 5875 2347 5940 possunt

2399 2014 2454 2067 δὲ
2510 2013 2783 2082 ἐναρέτως
2845 2009 3045 2079 βιοῦσι,
3097 2015 3165 2081 τῇ
3218 2010 3317 2078 τῆς
3367 2010 3581 2072 οἰκείας
3644 2007 3989 2076 ἁγαθότητος

2399 2107 2580 2179 χάριτι
2612 2104 2758 2173 φιλεῖ
2796 2101 3198 2172 ἐπιφαίνεσθαι,
3265 2104 3358 2157 καὶ
3390 2103 3481 2170 ὑφ’
3511 2096 3576 2154 οὑ
3641 2100 3882 2169 βασιλεῖς
3931 2115 3990 2150 τε

2403 2201 2629 2269 ἄρχουσι
2660 2197 2755 2250 καὶ
2787 2196 3035 2265 τύραννοι
3065 2191 3326 2264 κρατοῦσι
3360 2195 3462 2265 τῆς
3487 2194 3612 2263 γῆς.
3663 2191 3855 2244 Ταῦτα
3893 2190 3990 2250 τὰς

2404 2289 2708 2360 παρθένους
2741 2286 3026 2359 ἀτρέπτως
3063 2285 3203 2340 πάνυ
3237 2286 3332 2339 καὶ
3383 2283 3638 2354 ἐμμελῶς
3679 2284 3987 2351 ἀποκρινα·

2409 2381 2579 2451 μένας
2613 2381 2642 2431 ὁ
2681 2381 2867 2449 ἄρχων
2913 2377 3212 2446 ἐμϐλέψας,
3262 2375 3620 2445 ὑπερηγάσθη
3673 2374 3776 2444 τήν
3815 2390 3874 2424 τε
3903 2388 3993 2423 κο-

2410 2471 2576 2539 σμίαν
2607 2471 2948 2539 παράστασιν
2979 2467 3071 2518 καὶ
3121 2465 3180 2517 τὸ
3225 2465 3334 2518 τῶν
3364 2467 3708 2534 ἀποκρίσεων
3744 2461 3992 2530 νουνεχές

2410 2562 2505 2615 καὶ
2536 2561 2843 2614 εὐσύνετον.
2880 2558 2990 2612 Καὶ
3022 2555 3196 2618 οὕτως
3227 2550 3295 2625 ἦν
3318 2555 3409 2608 ἐπὶ⁵
3441 2555 3578 2606 πολὺ
3615 2553 3862 2617 σιωπῶν,
3898 2551 3994 2600 καὶ

2408 2656 2468 2706 ἐν
2499 2650 2738 2720 θαύματι
2759 2651 2962 2710 ταύτας
2993 2647 3340 2718 ποιούμενος.
3370 2644 3500 2714 Ὀψὲ
3530 2644 3576 2697 δ’
3609 2639 3702 2695 οὖν
3723 2644 3872 2712 ὅμως
3899 2655 3995 2691 και

2413 2746 2678 2813 δευτέραν
2709 2741 2980 2812 ἐρώτησιν
3009 2741 3208 2806 ἐπῆγε,
3239 2741 3360 2792 τίνα
3397 2755 3460 2788 τε
3494 2737 3560 2788 τὰ
3591 2736 3859 2804 ὀνόματα,
3899 2733 3991 2782 καὶ

2415 2837 2535 2905 ἣτις
2564 2835 2753 2894 αὑταῖς
2808 2829 3210 2898 πυνθανόμενος
3257 2829 3290 2897 ἡ
3326 2828 3544 2893 πατρίς.
3583 2828 3648 2878 Αἰ
3680 2828 3760 2887 δέ,
3797 2825 3995 2892 Πρῶτα

2421 2927 2518 2996 μὲν
2565 2924 2672 2977 ἀπὸ
2718 2921 2960 2991 Χριστοῦ
3009 2918 3347 2988 κεκλήμεθα,
3381 2912 3556 2968 εἷπον.
3593 2916 3654 2966 Εἰ
3700 2917 3759 2967 δὲ
3811 2915 3905 2965 καὶ
3933 2913 3995 2964 τὸ

2417 3015 2526 3068 άπδ
2567 3014 2661 3068 τοῦ
2705 3012 3083 3083 βαπτίσματος
3117 3010 3288 3078 ὄνομα
3319 3007 3401 3060 δεῖ
3447 3005 3791 3074 προσθεῖναι,
3824 3005 3856 3070 ἡ
3898 3001 3998 3070 μὲν

2429 3107 2757 3179 Μηνοδώρα,
2794 3109 2828 3175 ἡ
2875 3105 2930 3156 δέ
2962 3103 3324 3173 Μητροδόκρα,
3373 3101 3465 3152 καὶ
3501 3102 3534 3168 ἡ
3567 3097 3682 3164 μετ’
3725 3095 3896 3166 αὐτὴν
3943 3093 4001 3146 δὲ

2421 3195 2808 3266 Νυμφοδώρα,
2866 3192 3157 3263 λεγόμεθα.
3214 3190 3478 3261 Πατρίδος
3530 3187 3837 3258 ὁρμώμεθα
3897 3185 3999 3253 τῆς

2423 3291 2688 3344 Βιθυνῶν.
2723 3289 2972 3356 Ἔφυμεν
2998 3287 3052 3339 δέ
3075 3285 3183 3338 ἀπὸ
3213 3282 3307 3336 τοῦ
3341 3281 3505 3336 αὑτοῦ
3538 3282 3880 3350 σπέρματος,
3906 3281 4002 3329 καὶ

2425 3387 2530 3440 ὑπὸ
2564 3387 2659 3455 τῆς
2684 3384 2850 3453 αὐτῆς
2884 3381 3088 3451 μητρὸς
3122 3381 3466 3447 ἐτράφημεν,
3503 3376 3598 3426 καὶ
3629 3374 3737 3426 ὑπὸ
3765 3374 3876 3423 τῶν
3907 3371 4007 3420 αὖ-

2427 3480 2534 3532 τῶν
2568 3476 2772 3544 γονέων
2802 3470 3164 3540 ὴγαπήμεθα,
3197 3470 3291 3521 καὶ
3320 3471 3420 3536 τὴν
3467 3469 3636 3533 αὑτὴν
3667 3464 3883 3533 μητέρα
3910 3464 4007 3514 καὶ

2426 3570 2516 3621 τον
2550 3566 2708 3621 αὑτὸν
2742 3563 2955 3632 πατέρα
2982 3560 3536 3632 προσηγορεὺσαμεν.
3572 3558 3681 3608 Kal.
3729 3553 4006 3612 πολιτείας

2427 3659 2486 3711 δὲ
2523 3655 2781 3728 ἡψάμεθα
2813 3655 2910 3725 τῆς
2953 3655 3150 3726 αὐτῆς,
3202 3652 3298 3707 καὶ
3352 3653 3451 3721 της
3493 3651 3613 3720 ἴσης
3653 3646 3735 3699 ἔτι
3767 3645 4006 3714 ἐχόμεθα

2427 3751 2672 3822 γνώμης·

2496 3848 2567 3898 Δν.
2621 3843 2694 3896 Τὸ
2744 3840 3055 3911 ἐλευθέριον
3085 3839 3266 3892 τοίνυν
3312 3836 3406 3892 τοῦ
3440 3852 3502 3888 τε
3531 3836 3740 3904 τρόπου
3770 3833 3872 3886 καὶ
3900 3830 4008 3883 τῶν

2429 3937 2696 4008 ῥημάτων
2719 3933 2901 4006 ἡσυχῆ
2936 3935 3144 3992 ἐκεῖνος
3174 3931 3486 3996 θαυμάσας,
3524 3928 3836 3998 περιέργως
3869 3926 4008 3991 ἄγαν

2430 4031 2458 4082 ὁ
2495 4029 2665 4092 δεινὸς
2695 4031 2788 4082 καὶ
2822 4025 3092 4090 ὑπούλως,
3133 4019 3464 4089 κλέψαι.τὰς
3507 4020 3812 4089 παρθένους
3849 4017 4009 4079 εὐθὺς

2430 4120 2745 4188 ἐπεχείρει,
2779 4119 2869 4188 Μὴ
2900 4116 2992 4169 οὖν
3023 4115 3058 4169 ἃ,
3109 4116 3158 4166 ot
3203 4113 3338 4177 θεοὶ,
3367 4111 3575 4180 λέγων,
3623 4111 3704 4172 είς
3754 4111 4010 4179 ὁμόνοιαν

2431 4213 2553 4274 ταῖς
2599 4209 2858 4279 ἀδελφαῖς
2891 4212 3163 4280 παρέσχον
3207 4209 3274 4261 τὰ
3305 4205 3509 4275 ἀγαθὰ,
3552 4203 3759 4275 μάταια
3833 4202 4013 4270 ὑμεῖς,

2431 4299 2476 4358 ὦ
2513 4304 2665 4374 φίλαι
2697 4306 2887 4375 κόραι,
2930 4306 3228 4372 ποιήσητε·
3269 4298 3388 4351 ἀλλ’
3423 4300 3518 4350 ἐπὶ
3550 4297 3722 4350 ταῦτα
3753 4297 3852 4348 καὶ
3881 4295 4010 4347 ἄλλα

2433 4393 2767 4462 οἰκοδομεῖτε
2796 4392 2986 4461 φιλικὰ
3019 4392 3178 4459 ἔργα,
3216 4389 3311 4440 καὶ
3339 4386 3547 4454 ἀδελφά
3588 4402 3679 4456 μοι
3715 4383 3864 4436 οὕτω
3915 4383 4008 4435 τοῦ

2432 4485 2624 4540 λοιποῦ
2676 4487 2922 4552 φρονεῖτε
2969 4500 2983 4514 ⁸
3046 4482 3141 4534 καὶ⁵
3190 4480 3458 4550 πειθήνιοί
3536 4495 3625 4551 μοι
3697 4477 4010 4549 γενόμεναι,

2438 4581 2591 4650 κοινῇ
2622 4575 2766 4632 οὑτω
2819 4575 2914 4628 καὶ
2974 4575 3087 4636 τοῖς
3141 4572 3282 4638 θεοῖς
3335 4573 3537 4626 θύσατε
3591 4572 3684 4624 καὶ
3715 4572 3793 4634 ὡς
3855 4571 4012 4623 ἀδελ-

2439 4675 2560 4743 φαὶ,
2595 4673 2688 4725 καὶ
2754 4670 2855 4740 μὲν
2912 4667 3044 4739 περὶ
3074 4668 3175 4735 τὴν
3224 4669 3304 4729 είς
3362 4665 3556 4720 αὐτοὺς
3597 4661 3812 4712 εὔνοιαν
3854 4659 4013 4718 εὐθὺς

2439 4764 2720 4817 διαστᾶσαι
2763 4759 3030 4826 ἀλλήλων,
3060 4755 3361 4827 ἀνάσχεσθε
3409 4751 3644 4820 ἀδελφὴν
3672 4749 3829 4818 ὑμῶν
3869 4747 4012 4807 ίδεῖν,

2440 4855 2508 4906 τὰ
2535 4854 2810 4920 ais/36:1,
2848 4843 2892 4900 ὦ
2921 4848 3058 4909 θεοὶ,
3105 4847 3202 4899 καὶ
3257 4843 3562 4915 πικρότατα
3608 4839 4010 4910 ὑπομένουσαν,

2443 4946 2535 4999 καὶ
2566 4945 2627 4998 τὸ
2676 4945 2776 5011 τῆς
2811 4939 2960 5013 ῶρας
2996 4937 3158 5002 ἄνθος
3208 4935 3457 5002 ἐλεεινῶς
3509 4933 3896 5006 ὑϐριζόμενον.
3933 4931 4012 4994 Ὦς

2442 5031 2534 5088 οὖν
2557 5036 2624 5087 τὰ
2651 5035 2836 5086 δέοντα
2879 5030 2976 5085 καὶ
3019 5029 3295 5100 λυσιτελῆ,
3349 5027 3601 5095 λέγοντος
3639 5025 3803 5094 ἐμοῦ,
3847 5022 4014 5083 οὑτως

2443 5124 2798 5196 ἀποδέχεσθε,
2843 5123 2937 5174 καί
2989 5139 3080 5191 μοι
3122 5122 3220 5175 ὅσα
3253 5119 3348 5173 καὶ
3389 5114 3775 5186 περιπείθεσθε
3826 5128 4011 5180 πατριε

2446 5220 2550 5288 κὴν
2609 5219 2744 5287 πρὸς
2802 5215 2946 5285 ὑμᾶς
3001 5212 3255 5282 τηροῦντι
3298 5210 3556 5266 διάθεσιν.
3613 5208 3774 5261 Οὕτω
3818 5207 3927 5278 γὰρ
3957 5205 4008 5258 ἃς

2447 5309 2734 5379 εὐμενείας
2771 5325 2830 5360 τε
2873 5302 3220 5375 ἀπολαύσητε
3259 5301 3542 5374 βασιλικῆς
3586 5299 3680 5351 καὶ
3705 5296 3895 5370 δόξης,
3931 5295 4011 5349 εὖ·

2452 5401 2571 5471 ροιά
2619 5416 2677 5451 τε
2728 5399 2846 5467 βίου
2893 5395 3038 5464 ὑμᾶς
3059 5395 3159 5448 καὶ
3202 5391 3422 5461 ἀγαθῶν
3446 5388 3728 5459 ἐκδέξηται
3757 5389 4015 5451 θάλασσα,

2448 5494 2544 5546 καὶ
2600 5489 2994 5563 μακαρίζοισθέ
3045 5505 3108 5556 γε
3158 5487 3381 5550 δικαίως
3409 5485 3501 5538 τὸν
3555 5485 3642 5540 ἀεὶ
3686 5485 3904 5555 χρόνον,
3935 5483 4018 5534 καὶ

2453 5587 2673 5655 μνήμης
2702 5581 3044 5651 τυγχάνοιτε.
3079 5580 3142 5632 Εἰ
3178 5579 3341 5644 δὀὒν,
3384 5576 3520 5631 ἀλλὰ
3540 5578 3662 5648 χεὶρ
3695 5577 3914 5646 ἀπηνὴς
3935 5576 4019 5628 καὶ

2451 5676 2671 5738 κόλασις
2705 5674 2982 5744 ὼμοτέρα,
3015 5673 3077 5726 τὸ
3104 5671 3286 5736 καλὸν,
3345 5669 3495 5739 οῐμοι
3536 5670 3634 5738 τῆς
3695 5667 3848 5738 ῶρας
3874 5668 4020 5724 scito

2451 5769 2545 5823 καὶ
2599 5766 2809 5822 ἁπαλὸν
2876 5764 3236 5820 ἀναλώσουσι.
3291 5763 3434 5833 Πρὸς
3487 5760 3662 5814 ταῦτα
3725 5758 4020 5832 Μηνοδώρα

2453 5863 2826 5929 ὑπολαϐοῦσα,
2887 5860 3028 5916 Ἀλλ’
3072 5859 3222 5932 ἡμῖν,
3249 5851 3293 5912 ὧ
3342 5857 3550 5929 ἄρχων,
3587 5852 3767 5924 εἶπεν,
3793 5856 3917 5910 οὔτε
3961 5852 4020 5909 τὰ
