4158 6518
171 456 274 521 657

973 447 1442 513 MARTYRIUM
1479 447 1541 509 S.
1584 442 2022 508 ΜΕΝΟΒΟΗᾸΞ
2062 448 2158 510 ΕΤ
2198 451 2614 515 SOCIARUM.

3309 451 3426 514 658.

170 564 317 634 παρὰ
359 563 455 619 σοῦ
496 563 904 634 ὑπισχνούμενα
960 564 1172 631 μεγάλα
1199 559 1363 619 ,εἷναι
1399 562 1569 626 δοκεῖ,
1611 559 1765 614 οὒτε.

1851 559 2009 620 ullum
2064 571 2327 620 terrorem
2369 563 2635 622 incutere.
2669 565 2800 620 Nam
2821 566 2922 621 frui
2950 567 3166 636 quidem
3186 566 3411 630 divitiis,

171 659 278 726 μὴν
306 657 473 710 πάλιν
496 656 565 710 τὰ
593 655 965 726 ἅπειλούμενα
1021 656 1185 726 φόϐον
1213 658 1463 724 ἐμποιεῖν
1488 656 1734 710 δύναται.

1841 661 1895 707 et
1911 654 2122 710 deliciis
2139 665 2192 710 et
2213 656 2380 725 gloria
2405 670 2458 713 et
2477 659 2885 731 aliisjucundis,
2909 673 3016 730 quo
3039 659 3296 728 majorem
3321 658 3441 712 Ιιει-Δ

170 747 414 800 Πλούτου
446 748 543 817 μὲν
573 748 704 816 γὰρ,
737 747 831 800 καὶ
859 747 1092 817 τρυφῆς,
1125 749 1219 800 καὶ
1242 747 1420 815 δόξης,
1451 749 1546 800 καὶ
1571 749 1604 818 ή
1630 746 1739 799 τῶν

1851 742 1930 795 bet
1956 745 2020 797 ad
2050 753 2266 816 tempus
2290 747 2647 818 voluptatem,
2685 766 2753 807 eo
2767 752 3083 807 stabiliusac
3101 751 3415 806 diuturnius

167 838 342 892 ἄλλων
373 840 546 908 ἡδέων
596 841 916 905 ἀπόλαυσις,
952 843 1061 911 ὅσῳ
1096 842 1430 912 πρόσκαιρον
1474 839 1588 910 ἔχει
1642 843 1742 911 τὴν

166 931 387 999 ἡδονὴν,
418 931 658 1000 τοσούτῳ
693 934 916 1002 μόνιμον
959 934 1168 986 ἐκεῖθεν
1197 934 1295 1004 τὴν
1344 935 1616 1004 τιμωρίαν
1637 950 1651 964 ·
1681 935 1740 987 αἱ

166 1019 514 1086 δὲ’κολάσεις
556 1025 649 1077 καὶ¹
702 1026 734 1094 ἡ
788 1025 880 1076 τοῦ
934 1025 1176 1095 φθαρτοῦ
1238 1027 1426 1080 τούτου
1487 1025 1740 1097 σώματος

169 1114 418 1177 κάκωσις
450 1114 753 1184 λυπήσουσι
801 1117 900 1185 μὲν
935 1118 1064 1182 ἴσως
1108 1118 1348 1173 ἐνταῦθα
1392 1121 1486 1172 καὶ
1543 1119 1739 1189 μικρέιν

167 1206 408 1276 ἀλγῆσαι
456 1211 1015 1276 παρασκευάσουσιν,
1087 1213 1430 1280 εὐφροσύνης
1487 1212 1540 1266 δὲ
1605 1215 1739 1280 ἡμῖν

167 1294 384 1350 ἔσονται
423 1300 669 1364 πρόξενοι
712 1300 980 1366 μηδέποτε
1009 1302 1341 1370 παυομένης.
1375 1303 1474 1356 Σοῦ
1503 1303 1601 1372 μὲν
1632 1303 1738 1372 γὰρ

167 1391 261 1442 καὶ
281 1389 342 1442 τὸ
364 1389 530 1443 κακὸν
559 1390 890 1459 πρόσκαιρον
929 1391 1024 1445 καὶ
1064 1392 1124 1444 τὸ
1154 1393 1360 1460 ἀγαθὸν
1397 1396 1742 1464 παρερχόμε-

167 1495 260 1530 νον
283 1493 296 1507 ⁶
327 1478 423 1530 τοῦ
457 1478 726 1550 ἡμετέρου
757 1478 813 1531 δὲ
849 1479 1124 1534 Δεσπότου
1157 1482 1250 1536 καὶ
1281 1483 1342 1534 τὸ
1375 1482 1580 1536 λυποῦν
1611 1481 1743 1535 aid)-

167 1585 283 1622 νιον
322 1571 421 1624 καὶ
459 1569 518 1624 τὸ
548 1571 842 1642 εὐφραῖνον
887 1574 974 1627 ἀεί
1006 1591 1134 1628 ποτε
1179 1575 1452 1643 διαμένον.
1478 1575 1664 1649 Ταύτῃ
1687 1576 1743 1629 δὲ

167 1661 271 1714 καὶ
294 1662 498 1730 μᾶλλον
527 1663 754 1733 ἀδελφαὶ
769 1665 1014 1734 δόξομεν,
1049 1667 1144 1720 καὶ
1176 1666 1402 1734 ἀδελφαὶ
1436 1666 1536 1729 τὰς
1564 1667 1742 1737 ψυχὰς

175 1753 382 1821 μᾶλλον
434 1755 468 1824 ἢ
517 1755 585 1808 τὰ
617 1754 867 1826 σώματα,
899 1758 948 1810 εί
984 1756 1174 1828 ὥσπερ
1210 1759 1306 1826 μία
1356 1760 1569 1829 γαστὴρ
1593 1761 1743 1830 ἡμᾶς

172 1845 385 1910 ὤδινεν,
421 1847 566 1900 οὕτω
592 1851 685 1901 καὶ
714 1850 942 1914 θάνατος
973 1848 1053 1912 εἷς
1078 1853 1215 1920 ὑπὲρ
1241 1853 1496 1918 ἀσεϐείας
1525 1853 1744 1908 τελειώ-

173 1953 285 1995 σει.
314 1938 411 1989 καὶ
444 1937 686 2006 θάλαμος
715 1941 742 1990 ὁ
772 1941 932 2002 αὐτὸς
957 1941 1292 2005 ὑποδέξεται.
1325 1944 1510 2009 Οὕτως
1554 1949 1615 1999 ού
1657 1949 1751 2000 λυ-

171 2025 403 2095 θήσεται
443 2029 576 2096 ἡμῖν
601 2029 632 2096 ἡ
683 2028 833 2096 φιλία
870 2029 992 2083 οὐδὲ
1015 2031 1108 2099 ἀφ’
1136 2031 1291 2101 ἡμῶν
1316 2030 1746 2102 διαστησόμεθα,

173 2118 312 2170 ἀλλὰ
341 2118 569 2188 διηνεκῆ
594 2117 689 2189 τὴν
711 2120 1050 2192 ἀδελφότητα
1081 2123 1302 2190 ἑαυταῖς
1332 2123 1425 2176 καὶ
1452 2124 1551 2193 τὴν
1586 2127 1748 2189 συζυ-

172 2212 300 2274 γίαν
332 2211 672 2283 τηρήσομεν,
725 2214 774 2266 εί
833 2213 911 2284 τῷ
965 2214 1204 2284 ἀδελφὰς
1283 2219 1432 2287 ἡμᾶς
1485 2217 1751 2272 πλάσαντι

171 2301 383 2371 ἀδελφὰ
405 2305 502 2356 καὶ
531 2304 600 2357 τὰ
629 2306 956 2376 φρονήματα
994 2307 1443 2378 παραστήσομεν.
1480 2307 1622 2364 Ἀλλ’
1651 2310 1752 2364 οὐκ

172 2396 528 2466 ἀρνησόμεθα
563 2413 642 2465 σε,
670 2398 868 2466 νυμφίε
913 2400 1140 2469 Χριστὲ,
1175 2399 1485 2471 ἔμπροσθεν
1507 2402 1616 2457 τῶν
1655 2406 1753 2458 ἀν-

175 2483 443 2553 θρώπων,
485 2485 558 2554 μὴ
613 2485 794 2537 τοίνυν
847 2485 983 2556 μηδὲ
1023 2487 1184 2550 αὐτὸς
1242 2490 1391 2558 ἡμᾶς
1439 2491 1753 2562 ἔμπροσθεν

172 2577 270 2628 τοῦ
304 2577 518 2646 Πατρός
555 2592 644 2628 σου
676 2575 768 2629 τοῦ
814 2578 874 2630 ἐν
921 2581 1038 2641 τοῖς
1080 2579 1350 2648 οὐρανοῖς.
1385 2581 1526 2651 Πρὸς
1556 2583 1750 2649 ταῦτα,

173 2661 218 2719 ὦ
256 2667 513 2730 δικαστὰ,
539 2665 734 2730 κόλαζε
758 2667 818 2728 τὸ
852 2667 1021 2721 καλόν
1051 2685 1143 2724 σου
1167 2667 1325 2722 τοῦτο
1361 2670 1456 2724 τοῦ
1492 2671 1754 2741 σώματος

173 2758 358 2825 ἄνθος,
380 2757 478 2812 καὶ
499 2759 850 2814 καταδαπάνα
867 2765 990 2824 ταῖς
1010 2763 1278 2831 μάστιξιν,
1300 2764 1473 2829 οὐδεὶς
1485 2769 1592 2834 γὰρ
1611 2766 1752 2820 οὕτω

175 2850 468 2913 κάλλιστος
504 2851 729 2919 κόσμος,
756 2851 876 2905 οῦδὲ
908 2853 1132 2920 χρυσὸς,
1154 2854 1273 2906 οὐδὲ
1301 2854 1588 2919 πολυτελὲς
1633 2858 1752 2911 ἐπί-

172 2945 362 3017 ϐλημα
381 2945 476 2998 καὶ
499 2945 732 2998 ποικίλον
753 2945 894 2998 οὕτω
911 2947 1232 3016 κοσμήσειεν
1248 2948 1322 3010 ὡς
1343 2950 1396 3000 αἱ
1419 2951 1505 3001 σαὶ
1524 2951 1750 3018 πληγαὶ,

175 3042 231 3091 αἱ
281 3039 374 3090 σαὶ
431 3038 718 3105 μάστιγες,
764 3039 830 3104 ἃς
874 3041 937 3093 ὲκ
969 3040 1166 3095 πολλοῦ
1204 3042 1366 3112 ἡμεῖς
1389 3041 1631 3114 διψῶμεν
1668 3045 1755 3100 διὰ

172 3130 434 3201 Χριστὸν,
469 3131 564 3185 καὶ
593 3125 666 3188 ὧν
699 3135 780 3188 ἔτι
804 3135 1122 3206 γλιχόμεθα.

1845 828 1950 884 illic
1981 831 2143 888 habet
2190 837 2541 904 supplicium.
2595 837 2870 910 Supplicia
2921 849 3124 906 autem,
3155 848 3210 895 et
3231 839 3415 909 hujus,

1845 921 1900 976 in
1970 926 2113 992 quod
2178 927 2324 982 cadit
2383 929 2657 994 interitus,
2732 932 2977 1001 corporis
3049 931 3289 995 aﬂlictio,
3316 945 3418 984 nos

1844 1015 2060 1082 quidem
2095 1017 2180 1074 hic
2207 1017 2433 1075 fortasse
2463 1024 2706 1077 molestia
2727 1025 2984 1089 afﬁciunt,
3021 1036 3073 1080 et
3095 1025 3334 1080 efficiunt
3361 1032 3419 1076 ut

1843 1103 1997 1162 dolor
2014 1108 2207 1180 aliquis
2237 1114 2535 1171 sentiatur:
2562 1115 2802 1172 laetitiam
2827 1125 3004 1172 autem
3029 1114 3415 1175 conciliabunt,

1843 1215 1963 1260 quae
2020 1220 2292 1275 nunquam
2341 1219 2424 1264 est
2454 1210 2717 1267 desitura.
2777 1210 2909 1265 Nam
2957 1208 3158 1262 malum
3194 1204 3414 1274 quidem

1845 1295 1985 1362 quod
2019 1312 2048 1349 a
2078 1307 2128 1351 te
2160 1297 2394 1353 infertur
2423 1309 2506 1355 est
2540 1301 2606 1355 ad
2635 1308 2872 1369 tempus,
2929 1307 2984 1354 et
3013 1299 3216 1353 bonum
3274 1294 3417 1363 quod

1847 1385 2120 1442 confertur
2151 1391 2407 1456 praeterit;
2462 1392 2630 1446 nostri
2665 1401 2844 1449 autem
2874 1390 3084 1446 Domini
3115 1399 3168 1442 et
3193 1388 3243 1443 id
3275 1387 3418 1455 quod

1849 1475 2005 1530 ali‘ert
2059 1477 2362 1533 molestiam
2395 1491 2479 1534 est
2526 1491 2812 1546 aeternum,
2844 1491 2899 1536 et
2947 1481 2998 1534 id
3031 1481 3173 1549 quod
3235 1478 3417 1532 laetitia

1849 1567 2009 1622 afficit
2060 1585 2273 1640 semper
2300 1583 2500 1626 manet.
2535 1572 2628 1628 Sic
2654 1585 2708 1627 et
2778 1572 2948 1646 magis
3003 1573 3304 1629 videbimur
3334 1586 3423 1626 so-

1849 1673 2022 1724 rores,
2057 1672 2112 1714 et
2156 1676 2374 1717 sorores
2417 1662 2616 1718 animis
2645 1664 2825 1734 potius
2887 1681 3050 1734 quam
3080 1665 3419 1743 corporibus.

1848 1751 1890 1806 si
1922 1751 2063 1806 sicut
2110 1769 2210 1808 nos
2245 1767 2433 1811 venter
2485 1772 2628 1812 unus
2681 1758 2910 1828 peperit,
2950 1759 3022 1813 ita
3059 1759 3220 1813 etiam
3274 1772 3421 1813 mors

1784 1883 1828 1940 Β
1853 1853 2140 1900 consumet
2167 1861 2264 1915 pro
2290 1846 2512 1916 pietate,
2559 1859 2614 1904 et
2663 1852 2802 1905 idem
2827 1850 3087 1923 suscipiat
3125 1851 3417 1907 thalamus.

1853 1935 1945 1992 Sic
1994 1951 2102 1991 non
2131 1937 2458 1994 dissolvetur
2486 1941 2645 1994 nobis
2680 1943 2937 2006 amicitia,
2984 1959 3162 2012 neque
3191 1960 3220 1997 a
3262 1944 3421 2001 nobis

1852 2027 2087 2083 invicem
2120 2031 2497 2099 separabimur
2529 2051 2542 2086 :
2579 2034 2674 2088 sed
2713 2043 3030 2104 perpetuam
3083 2035 3424 2093 servabimus

1851 2118 2014 2173 nobis
2067 2119 2461 2178 fraternitatem
2516 2134 2573 2179 et
2640 2126 3110 2196 conjunctionem.
3147 2126 3191 2182 si
3245 2127 3294 2182 ei
3328 2126 3420 2196 qui

1851 2223 1951 2263 nos
1985 2208 2140 2263 finxit
2169 2225 2386 2266 sorores
2443 2214 2805 2269 exhibeamus
2839 2217 3001 2271 etiam
3028 2218 3267 2272 sororias
3326 2234 3423 2271 vo-

1852 2299 2110 2356 luntates.
2143 2300 2250 2357 Sed
2299 2313 2351 2357 te.
2390 2319 2498 2358 non
2554 2307 2895 2376 negabimus,
2950 2323 3148 2377 sponse
3181 2308 3422 2373 Christe,

1853 2409 2035 2448 coram
2076 2395 2411 2452 hominibus.
2447 2395 2560 2452 Nec
2615 2407 2670 2453 tu
2722 2414 2851 2470 ergo
2886 2416 2988 2454 nos
3027 2416 3192 2470 neges
3237 2417 3421 2457 coram

1859 2487 2016 2543 Patre
2047 2499 2258 2554 nostro.
2296 2491 2388 2560 qui
2427 2497 2512 2546 est
2568 2491 2621 2546 in
2663 2492 2839 2547 caelis.
2880 2493 3097 2562 Castiga
3147 2495 3352 2563 itaque,
3388 2509 3421 2552 ο

1854 2580 2040 2648 judex,
2106 2581 2252 2635 hunc
2295 2583 2392 2636 tibi
2453 2583 2741 2650 pulchrum
2806 2584 2992 2639 liorem
3049 2588 3314 2656 corporis,
3367 2597 3422 2642 et

1856 2683 2120 2725 consume
2147 2669 2391 2741 ﬂagellis.
2442 2672 2658 2727 Nullum
2702 2676 2848 2728 enim
2887 2686 3276 2730 ornamentum
3304 2679 3426 2747 pui-

1854 2762 2216 2827 cherrimum,
2249 2779 2428 2836 neque
2461 2781 2679 2829 aurum,
2709 2781 2886 2836 neque
2935 2776 3304 2840 tegumentum
3338 2772 3422 2824 ul-

1858 2857 1969 2910 lum
2002 2855 2350 2928 magniﬁcum
2389 2865 2442 2912 et
2474 2858 2706 2922 varium,
2735 2857 2809 2912 ita
2862 2860 3144 2915 ornaverit
3201 2875 3422 2930 corpus,

1860 2957 1917 3000 ut
1948 2957 2052 3004 tua:
2075 2947 2266 3014 plagae,
2303 2959 2393 3001 tua
2421 2946 2652 3016 ﬂagella,
2681 2965 2804 3018 quae
2836 2965 2938 3005 nos
2960 2950 3169 3020 jamdiu
3204 2951 3423 3006 sitimus

1857 3046 2082 3107 prepter
2104 3037 2406 3106 Christum,
2437 3047 2494 3091 et
2540 3053 2661 3108 quae
2689 3040 2872 3094 adhuc
2917 3041 3088 3112 magis
3145 3042 3424 3098 desidera-

1857 3147 1998 3188 mus.

252 3222 329 3273 E’.
372 3221 560 3275 Ταῦτα
601 3225 698 3277 οὐκ
738 3225 935 3293 ἤνεγκε
993 3225 1185 3294 πράως
1232 3227 1259 3279 ὁ
1301 3227 1559 3294 δικάζων,
1613 3231 1747 3287 ἀλλὰ

1927 3223 1986 3277 ν.
2031 3223 2154 3279 Haec
2192 3239 2299 3279 non
2328 3224 2604 3281 moderate
2659 3225 2780 3281 tulit
2818 3227 3002 3297 judex.
3061 3228 3154 3283 sed
3205 3242 3422 3283 omnem

175 3311 360 3366 πάντα
415 3312 588 3383 θυμὸν
641 3315 781 3368 κατὰ
815 3316 912 3384 τῆς
957 3316 1226 3386 παρθένου
1278 3316 1482 3386 ταύτης
1532 3320 1746 3394 ἀφῆκεο

173 3407 274 3460 καὶ
306 3408 656 3479 παραχρῆμα
698 3409 912 3464 κελεύει
958 3409 1295 3481 Μηνοδώραν
1341 3413 1748 3483 περιδυθεῑσαν,

173 3499 284 3551 ὑπὸ
315 3499 582 3566 τέσσαρσι
624 3501 992 3567 διαξαίνεσθαι
1033 3507 1144 3569 τοῖς
1187 3505 1404 3576 δημίοις
1453 3509 1542 3560 καὶ
1577 3509 1750 3580 ταύτῃ

172 3593 268 3644 τον
301 3592 525 3660 κήρυκα
550 3591 756 3660 ἐμϐοᾶν
788 3612 802 3626 ο
833 3595 1000 3656 Θεοὺς
1046 3595 1202 3662 τίμα,
1237 3595 1460 3664 βασιλέα
1489 3598 1748 3667 εὐφημει,

175 3684 308 3747 τοὺς
357 3684 650 3754 κειμένους
690 3685 887 3755 νόμους
927 3686 1002 3758 μὴ
1034 3687 1245 3758 ὕϐριζε.
1293 3689 1356 3743 Ἠ
1385 3689 1440 3743 δὲ
1476 3691 1569 3744 καὶ
1593 3690 1752 3762 ὡρῶν

176 3777 276 3831 δύο
336 3782 462 3842 ταῖς
527 3778 760 3848 πληγαῖς
816 3779 1227 3852 διαξαινομένη,
1278 3783 1535 3852 οὐδεμιᾶς
1566 3784 1754 3855 ὥσπερ

176 3868 379 3936 ὀδύνης
458 3868 742 3939 ᾐσθάνετο,
797 3873 1088 3943 περιουσίᾳ
1140 3875 1326 3940 μέντοι
1375 3876 1754 3944 γενναιότητος

174 3960 288 4013 οὐδ’
322 3959 649 4024 ἐπεστέναξε
683 3963 801 4023 ταῖς
827 3960 1084 4031 πληγαῖς.
1134 3963 1207 4016 Τὸ
1229 3962 1285 4015 δὲ
1322 3964 1418 4032 τῆς
1456 3963 1631 4035 ὅψεως
1661 3966 1752 4036 ρό-

177 4053 268 4105 δον
293 4053 419 4106 οὐδὲ
448 4053 629 4120 ὀλίγον
661 4054 873 4128 ὠχρία·
935 4057 1042 4124 ὅλῳ
1093 4057 1201 4128 γὰρ
1249 4058 1458 4129 ὄμματι
1510 4060 1644 4131 πρὸς
1685 4063 1755 4116 τὰ

182 4145 453 4215 μέλλοντα
487 4147 650 4216 ἑώρα,
704 4150 794 4201 καὶ
828 4152 945 4212 ταῖς
988 4151 1209 4202 ἐκείνων
1244 4150 1422 4204 ἐλπίσι
1452 4151 1548 4222 τὴν
1578 4153 1754 4222 ψυχὴν

183 4241 544 4310 μετεώριστο.
594 4241 649 4293 '0
702 4241 886 4308 μέντοι
936 4241 1160 4310 ἀνόητος
1216 4242 1421 4314 ἄρχων,
1467 4243 1756 4314 διαϐλέψαι

182 4333 324 4402 πρὸς
365 4332 541 4384 ταῦτα
580 4334 680 4386 οὐκ
731 4333 894 4405 ἔχων,
945 4335 1258 4404 τετύφλωτο
1310 4336 1420 4404 γὰρ
1471 4337 1599 4400 τοὺς
1654 4338 1754 4408 τῆς

176 4425 362 4495 ψυχῆς
411 4424 724 4494 ὀφθαλμοὺς
779 4426 1144 4496 μαλακωτέρα
1194 4427 1300 4479 ὑπὸ
1330 4426 1438 4480 τῶν
1479 4429 1755 4498 μαστίγων

181 4515 537 4581 ιντεύεεσθαι
567 4519 629 4583 τῇ
672 4517 911 4585 μάρτυρι
939 4515 1098 4586 ᾤετο,
1131 4517 1224 4569 καὶ
1275 4517 1369 4570 ἐπὶ
1399 4518 1469 4572 τὰ
1513 4520 1752 4590 πρότερα

183 4605 492 4675 παρεκάλει
529 4606 622 4662 καὶ
643 4605 792 4659 θύειν
813 4602 968 4672 αὖθις
1001 4608 1270 4663 ἐκέλευεν.
1333 4609 1397 4663 Ἦ
1437 4610 1516 4676 δὲ,
1555 4613 1664 4666 Καὶ
1700 4615 1753 4668 τί

183 4699 335 4769 παρὰ
368 4695 528 4750 τοῦτο
546 4697 752 4768 ἕτερον,
790 4699 918 4769 ἔφη,
955 4698 1172 4769 μάταιε,
1224 4700 1285 4754 τὸ
1315 4701 1473 4774 ἔργον
1494 4703 1652 4772 spei;
1686 4705 1756 4758 Ἢ

180 4791 284 4861 οὐχ
309 4790 446 4860 ὁρᾷς
491 4788 566 4853 ὼς
610 4789 738 4859 ὅλην
773 4791 1020 4859 ἐμαυτὴν
1068 4790 1271 4845 τέθυκα
1316 4792 1393 4862 τῷ
1433 4793 1551 4863 ἐμῷ
1597 4794 1752 4864 Θεῷς

181 4881 279 4943 Τίς
311 4882 423 4949 γὰρ
452 4881 530 4949 τῷ
559 4881 750 4951 αἵματί
787 4898 887 4952 μου
920 4880 1157 4950 ὠφέλεια
1185 4883 1242 4934 ἐν
1288 4883 1366 4953 τῷ
1404 4883 1756 4941 καταϐαίνειν

186 4990 257 5042 με
289 4973 368 5033 είς
400 4969 726 5039 διαφθορὰν,
760 4975 808 5026 εί
842 4973 916 5042 μὴ
959 4971 1035 5042 τῷ
1066 4971 1183 5041 ἐμῷ
1210 4972 1366 5026 τοῦτο
1409 4974 1756 5045 προλαϐοῦσα

182 5063 482 5137 καταθύσω
536 5063 792 5134 νυμφξῳς
844 5064 1052 5130 Ταῦτα,
1090 5065 1282 5137 ὥσπερ
1308 5084 1388 5131 τις
1418 5068 1648 5139 σπινθὴρ
1680 5071 1758 5141 τῷ

182 5155 279 5208 τοῦ
323 5154 719 5225 συμπαρέδρου
760 5155 916 5227 θυμῷ
954 5163 1284 5230 ἐμπεσόντα,
1318 5165 1520 5236 ἐξῆπτε
1555 5166 1756 5234 μᾶλλον

183 5249 362 5321 αὐτὴν
395 5249 490 5302 καὶ
539 5249 831 5317 ἁνέφλεγε,
891 5252 983 5306 καὶ
1037 5235 1411 5327 σιροδροτέραν
1455 5261 1598 5315 κατὰ
1658 5264 1758 5331 τῆς

185 5341 343 5410 ἱερᾶς
379 5340 560 5412 ψυχῆς
613 5341 829 5409 ἐκείνης
868 5341 1072 5410 ὥπλιζε
1105 5345 1202 5416 τὴν
1249 5349 1468 5415 μανίαν,
1529 5355 1621 5404 καὶ
1665 5354 1757 5423 pa.

184 5431 334 5495 ϐδοις
373 5431 728 5504 συνετρίϐετο
760 5435 966 5488 ratem
994 5437 1026 5505 ἡ
1073 5438 1288 5504 γενναία
1325 5440 1416 5492 καὶ
1444 5442 1756 5502 συνεθλᾶτο.

188 5524 264 5595 μὴ
308 5530 617 5596 κινουμένη
675 5529 829 5592 ὅλως,
896 5529 971 5599 μὴ
1035 5532 1470 5599 μεταπίπτουσα.
1517 5533 1606 5602 Τῷ
1653 5537 1760 5602 γὰρ

187 5617 400 5691 ἰσχυρῷ
447 5619 546 5672 τοῦ
584 5621 820 5691 Χριστοῦ
862 5622 1009 5692 πόθῳ
1044 5623 1250 5677 ἐδέδετο
1294 5625 1579 5680 πάντοθεν.
1629 5622 1757 5680 Εἶτα

185 5714 262 5783 τῷ
292 5711 518 5781 νυμφίῳ
536 5711 631 5778 τὴν
647 5712 830 5780 ἄφιξιν
862 5714 1182 5785 προμηνύει.
1217 5716 1330 5782 καῖ,
1364 5716 1530 5784 Κύριε
1585 5719 1756 5786 Ἰησοῦ

191 5803 417 5874 Χριστὲ,
461 5800 604 5870 μέγα
642 5801 898 5871 βοήσασα.
947 5805 1006 5858 τὸ
1051 5807 1179 5875 ἐμὸν
1209 5805 1548 5874 ἁγαλλίαμα,
1573 5810 1599 5860 ό
1629 5809 1754 5876 ἐμὸς

191 5897 350 5978 ιρως,
407 5893 504 5947 ἐπὶ
564 5891 619 5945 σὲ
670 5893 769 5965 τὴν
822 5893 1009 5949 ἐλπίδα
1054 5896 1146 5964 τὴν
1198 5897 1329 5965 ἐμὴν
1403 5897 1750 5962 καταφεύγωο

1853 3313 1990 3366 iram
2031 3315 2084 3366 in
2135 3315 2272 3368 hanc
2312 3315 2536 3368 immisit
2580 3315 2843 3385 virginem
2879 3335 2892 3382 ;
2927 3327 2981 3371 et
3020 3319 3200 3374 statim
3248 3318 3425 3389 jubel,

1852 3407 1970 3461 aliis
1997 3406 2206 3461 duabus
2250 3406 2520 3472 abductis,
2564 3417 2782 3463 exutam
2821 3409 3166 3466 Menodoram
3225 3411 3355 3465 caedi
3393 3427 3424 3466 a

1852 3510 2084 3570 quatuor
2129 3499 2428 3566 lictoribus,
2476 3511 2529 3556 et
2577 3499 2654 3558 sic
2706 3503 3010 3558 exclamare
3069 3520 3424 3574 praeconem:

1856 3591 1992 3643 Deos
2059 3592 2218 3654 cole;
2257 3592 2412 3644 bonis
2467 3592 2644 3648 verbis
2696 3602 2753 3649 et
2796 3595 3044 3650 laudibus
3097 3611 3426 3668 prosequere

1854 3679 2232 3750 imperatorem
2269 3701 2282 3748 ;
2314 3682 2448 3738 latas
2479 3682 2620 3753 leges
2647 3687 2755 3740 noli
2807 3688 3009 3756 injuria
3068 3688 3298 3744 allicere.
3335 3689 3423 3742 Illa

1855 3785 2057 3838 autem,
2089 3791 2211 3829 cum
2248 3775 2457 3830 duabus
2481 3775 2630 3830 horis
2653 3779 2970 3839 caaderctur.
3019 3779 3224 3833 nullum
3254 3781 3425 3834 sensit

1854 3864 2116 3919 dolorem.
2156 3864 2286 3918 Nam
2329 3876 2548 3936 propter
2590 3868 2854 3938 insignem
2895 3870 3311 3940 generositatem
3357 3886 3426 3924 ne

1855 3957 2023 4029 plagis
2079 3957 2298 4027 quidem
2349 3959 2754 4028 ingemiscebat.
2793 3960 2986 4016 Vultus
3023 3971 3204 4017 autem
3263 3962 3428 4017 rubor

1854 4052 1990 4107 nihil
2020 4053 2242 4106 omnino
2282 4052 2570 4122 expalluit;
2607 4060 2721 4107 toto
2742 4053 2885 4106 enim
2942 4055 3098 4108 oculo
3131 4055 3427 4123 aspiciebat

1854 4146 1920 4200 ad
1956 4145 2156 4212 futura,
2185 4159 2387 4216 speque
2441 4159 2739 4215 suspensns
2777 4153 2830 4200 et
2887 4154 3103 4201 erectus
3165 4154 3282 4200 erat
3307 4147 3428 4216 ejus

1854 4240 2085 4293 animus.
2131 4235 2342 4292 Stultus
2370 4247 2550 4291 autem
2597 4237 2788 4303 judex,
2823 4237 2917 4302 qui
2949 4238 3064 4293 haec
3117 4238 3425 4306 perspicere

1855 4345 1961 4386 non
1982 4338 2193 4399 poterat
2208 4329 2527 4402 (occmcatos
2541 4327 2686 4384 enim
2705 4327 2939 4383 habebat
2959 4329 3145 4384 oculos
3186 4330 3424 4396 animae).

1853 4423 2198 4479 existimabat
2245 4438 2304 4478 se
2342 4431 2564 4493 propter
2612 4431 2881 4479 tormenta
2920 4423 3219 4478 molliorem
3271 4421 3425 4476 babi-

1856 4522 2036 4570 tur'um
2069 4523 2377 4584 martyrem.
2411 4523 2466 4567 et
2498 4514 2563 4567 ad
2597 4529 2678 4576 ea.
2711 4515 2777 4568 ad
2793 4529 2913 4581 quae
2944 4514 3108 4582 prius,
3145 4528 3264 4567 eam
3294 4513 3424 4566 hor-

1859 4607 2093 4669 tabatur,
2151 4612 2206 4658 et
2231 4603 2456 4672 jubebat
2506 4617 2697 4657 rursus
2754 4601 3081 4658 sacrificare.
3135 4603 3222 4657 Illa
3249 4619 3422 4657 vero:

1857 4699 1924 4752 Et
1953 4696 2246 4768 quodnam,
2281 4695 2477 4763 inquit,
2503 4695 2668 4760 aliud,
2700 4705 2897 4764 praeter
2934 4696 3054 4758 hoc,
3090 4711 3227 4765 opus
3274 4711 3304 4749 a
3341 4707 3425 4749 me

1854 4789 2058 4844 factum
2084 4789 2202 4842 est?
2229 4787 2417 4840 Annon
2470 4785 2640 4852 vides,
2676 4786 2817 4854 quod
2851 4802 2936 4841 ine
2970 4795 3136 4841 totam
3166 4785 3274 4840 Deo
3305 4801 3425 4840 meo

1858 4878 2192 4936 sacrificavi?
2221 4877 2476 4944 Quaenam
2505 4877 2649 4932 enim
2671 4887 2752 4933 est
2781 4893 2902 4933 meo
2923 4877 3171 4948 sanguini
3201 4877 3420 4941 utilitas,

1859 4973 1986 5028 dum
2026 4974 2295 5028 descendo
2323 4973 2375 5024 in
2406 4971 2706 5034 interitum,
2731 4971 2774 5026 si
2806 4985 2914 5024 non
2945 4984 3068 5025 eum
3115 4971 3263 5037 prius
3303 4981 3424 5021 meo

1859 5079 2058 5134 sponso
2112 5062 2527 5117 sacrificavero?
2578 5061 2701 5116 Hinc
2756 5076 2881 5116 cum
2948 5061 3112 5115 veluti
3177 5058 3422 5128 quaedam

1812 5177 1816 5180 ν
1859 5153 2092 5210 scintilla
2118 5152 2447 5208 cecidissent
2471 5154 2527 5208 in
2555 5153 2795 5207 animum
2817 5151 3129 5212 assessoris.
3157 5165 3279 5204 cum
3306 5165 3423 5204 ma-

1859 5247 1939 5318 gis
2005 5245 2388 5310 accenderunt,
2458 5253 2516 5298 et
2575 5245 2694 5315 ejus
2755 5244 2990 5297 furorem
3050 5242 3424 5322 vehementius

1859 5339 2260 5395 infiammarunt
2294 5346 2349 5391 et
2398 5345 2744 5390 armaverunt
2786 5343 2976 5388 contra
3026 5343 3232 5387 sacram
3277 5331 3420 5385 illam

1859 5437 2113 5490 animam.
2154 5430 2219 5485 Et
2250 5430 2412 5501 virgis
2435 5445 2555 5485 ossa
2611 5428 3050 5490 conterebantur,
3098 5435 3154 5480 et
3181 5425 3422 5482 confrin-

1861 5530 2120 5596 gebantur
2154 5534 2306 5594 genae
2338 5538 2506 5578 roseae
2536 5523 2776 5591 martyri,
2824 5534 2942 5589 quae
2969 5535 3074 5574 non
3107 5520 3423 5575 movebatur

1860 5619 2106 5679 omnino,
2140 5631 2239 5671 nec
2280 5613 2616 5670 concidebat.
2653 5614 2778 5666 Erat
2805 5612 2947 5666 enim
2983 5612 3129 5666 omni
3171 5627 3233 5665 ex
3269 5621 3421 5680 parte

1859 5716 2070 5785 alligata
2106 5714 2280 5769 valido
2307 5727 2368 5767 ac
2420 5709 2576 5765 firmo
2618 5708 2816 5764 Christi
2873 5707 3161 5764 desiderio.
3221 5707 3421 5762 Deinde

1861 5824 2061 5878 sponso
2091 5823 2245 5862 suum
2285 5805 2574 5860 adventum
2615 5803 2900 5873 signiﬁcat.
2956 5803 3021 5856 Et
3065 5815 3187 5856 cum
3231 5817 3420 5870 magna

1867 5916 1993 5958 voce
2025 5900 2309 5957 clamasset
2340 5917 2350 5954 :
2391 5897 2611 5954 Domine
2641 5895 2776 5954 Iesu
2817 5894 3044 5961 Christe,
3105 5910 3220 5950 mea
3247 5895 3416 5951 etsui-
