4158 6476
729 426 835 487 659

1958 420 2243 481 MENSIS
2282 418 2760 478 SEPTEMBER.

3872 409 3977 471 660

727 538 881 604 tatio,
911 553 1065 591 meus
1122 551 1293 599 amor,
1348 535 1414 589 ad
1475 546 1524 589 te
1573 551 1725 606 Spem
1799 551 1969 590 meam
2025 534 2297 600 confugio,

2404 531 2549 597 δέξαι
2593 549 2694 597 μου
2722 529 2819 601 τὴν
2856 529 3038 598 ψυχὴν
3074 526 3195 597 μετ’
3243 525 3492 595 εἰρήνης·
3539 522 3671 575 αὐτό
3699 539 3760 574 τε
3796 523 3976 591 ἀφῆκε

724 630 909 699 accipe
938 630 992 683 in
1019 644 1151 698 pace
1180 643 1350 681 meam
1378 628 1638 691 animam,
1675 638 1729 681 et
1758 630 1930 697 ipsum
1971 630 2148 682 emisit
2188 626 2299 695 spi-

724 721 909 783 ritum,
961 730 1016 774 et
1072 719 1325 788 praeclare
1378 718 1627 771 ascendit
1681 718 1746 770 ad
1806 731 2085 786 sponsum.
2139 733 2299 786 quem

723 812 997 882 diligebat,
1028 828 1120 882 pro
1151 812 1265 882 ipso
1284 810 1551 879 susceptis
1578 808 1915 879 stigmatibus
1938 820 1989 862 et
2015 812 2297 864 vulnerum

723 900 1063 956 cicatricibus
1091 909 1370 965 exornata,
1430 907 1482 954 et
1511 900 1701 969 quovis
1756 898 1885 952 ﬂore
1920 902 2218 969 speciosius
2248 912 2299 954 et

717 995 1013 1062 jucundius
1044 996 1273 1049 variata.

794 1088 881 1141 Vl.
913 1088 1042 1141 Post
1073 1098 1326 1155 quartum
1356 1095 1534 1141 autem
1567 1088 1708 1143 diem
1746 1103 1869 1143 cum
1906 1090 2044 1155 apud
2085 1103 2142 1141 se
2172 1102 2293 1142 con-

720 1177 978 1233 sultasset
1010 1192 1272 1239 assessor,
1307 1192 1373 1230 ne
1407 1177 1472 1231 ab
1494 1178 1613 1233 aliis
1638 1192 1857 1247 quoque
1879 1177 1997 1245 ejus
2022 1178 2301 1231 sororibus

721 1270 1048 1331 vinceretur,
1076 1278 1131 1322 et
1162 1270 1399 1322 animum
1436 1279 1705 1324 versasset
1740 1270 1794 1322 in
1819 1284 2032 1323 omnem
2066 1281 2293 1338 partem,

718 1370 774 1414 et
802 1360 999 1413 mentis
1059 1360 1459 1429 quodammodo
1529 1360 1718 1414 intima
1766 1360 2088 1430 explicasset
2126 1376 2293 1430 pene.

721 1453 898 1516 tralia,
924 1451 1281 1507 Metrodoram
1308 1453 1527 1521 quidem
1559 1460 1616 1507 et
1667 1450 2105 1523 Nymphodoram
2148 1453 2296 1508 ducit

720 1544 789 1598 ad
815 1544 1072 1599 tribuna'.
1106 1544 1210 1598 Eas
1246 1553 1425 1598 autem
1462 1544 1552 1598 ille
1577 1545 1797 1614 quidem
1826 1544 1991 1598 miser
2016 1545 2116 1599 sub
2139 1560 2295 1598 suum

719 1637 970 1706 producit
997 1648 1370 1706 conspectum,
1401 1647 1455 1691 et
1483 1638 1635 1705 ponit
1668 1645 1795 1690 ante
1826 1638 1991 1706 pedes
2016 1635 2301 1707 virginales

717 1729 1003 1798 pulchrum
1032 1727 1166 1783 illud
1198 1744 1397 1797 corpus
1438 1731 1662 1792 sororis,
1705 1730 1849 1797 quod
1907 1744 2013 1782 non
2069 1728 2301 1783 habebat

716 1821 996 1885 amictum,
1027 1834 1137 1873 non
1187 1819 1639 1886 integumentum,
1692 1826 1864 1876 totum
1921 1820 2185 1874 tumidum
2248 1829 2301 1873 et

2402 630 2462 679 τὸ
2492 627 2705 696 πνεῦμα
2747 626 2842 678 καὶ
2887 625 3024 694 πρὸς
3054 623 3114 676 ὃν
3164 621 3356 692 ἠγάπα
3416 622 3648 689 νυμφίον
3703 619 3977 688 λαμπρῶς

2403 720 2713 789 ἀνέρχεται,
2758 720 2871 781 τοῖς
2904 717 3044 787 ὑπὲρ
3076 713 3243 769 αὑτοῦ
3278 714 3541 782 στίγμασι
3583 712 3677 764 καὶ
3715 712 3839 775 ταῖς
3870 709 3981 763 τῶν

2403 814 2733 883 τραυμάτων
2784 812 2971 871 οὐλαῖς
3037 809 3299 862 κάλλιστα
3354 804 3827 872 διεσκευασμένη,
3883 804 3978 855 καὶ

2404 908 2605 966 παντὸς
2649 903 2843 966 ἄνθους
2899 900 3269 972 εὐχροώτερόν
3322 916 3379 952 τε
3441 895 3845 965 πεποικιλμένη
3886 895 3978 946 καὶ

2402 998 2778 1067 χαριέστερον.

2476 1086 2565 1155 (ζ’.
2600 1086 2753 1139 Μετά
2785 1086 2968 1157 μέντοι
2999 1084 3275 1155 τετάρτην
3313 1085 3529 1155 ἡμέραν
3560 1084 3911 1153 σκεψάμενος
3950 1082 3978 1133 ὁ

2405 1180 2787 1250 συμπάρεδρος
2822 1180 2970 1239 ὅπως
3021 1178 3086 1231 ἀν
3128 1176 3203 1248 μὴ
3261 1178 3355 1229 καὶ
3408 1177 3516 1229 τῶν
3572 1176 3751 1229 ἄλλων
3810 1175 3977 1242 αὐτῆς

2403 1272 2648 1339 ἀδελφῶν
2682 1270 2966 1340 ἡττηθείη,
3018 1270 3112 1322 καὶ
3156 1268 3498 1338 πανταχόθεν
3552 1268 3974 1337 συγκροτηθεὶς,

2405 1364 2499 1416 καὶ
2528 1363 2718 1433 ὥσπερ
2748 1363 2866 1415 τινα
2910 1362 3218 1431 βαθυτέραν
3248 1361 3564 1424 ἀναπτύξας
3593 1361 3791 1428 φρένα,
3824 1360 3954 1426 Νυμ

2403 1454 2655 1523 φοδώραν
2718 1454 2817 1522 μὲν
2870 1453 2994 1520 ἄγει
3033 1442 3129 1504 καὶ
3179 1449 3551 1521 Μητροδώραν
3605 1450 3685 1518 τῲ
3745 1450 3974 1519 βήματι·

2405 1546 2651 1615 παράγει
2683 1545 2737 1597 δὲ
2768 1547 2793 1598 ὁ
2833 1544 3016 1606 ἄθλιος
3066 1544 3169 1596 ὑπὸ
3198 1542 3297 1610 τὴν
3344 1541 3464 1608 ὄψιν
3504 1542 3697 1603 αὐταῖς
3733 1542 3829 1593 καὶ
3872 1541 3978 1609 πρὸ

2403 1639 2510 1690 τῶν
2546 1636 2721 1689 ποδῶν
2767 1637 2949 1705 τίθησι
2978 1636 3083 1688 τῶν
3111 1633 3459 1706 παρθενικῶν
3499 1633 3561 1685 τὸ
3594 1634 3765 1685 καλὸν
3801 1636 3978 1685 ἐκεῖνο

2404 1730 2501 1797 τῆς
2526 1728 2762 1797 ἀδελφῆς
2795 1728 2953 1797 σῶμα
2975 1742 2989 1756 ⁶
3023 1727 3124 1779 οὐκ
3153 1725 3430 1794 ἐπίϐλημα
3470 1724 3615 1791 ἔχον,
3650 1724 3711 1777 οὐ
3744 1724 3976 1792 περικά-

2404 1818 2613 1889 λυμμα,
2653 1818 2773 1873 ὅλον
2803 1818 3065 1888 ὃιῳδηκὸς
3112 1818 3227 1880 τοῖς
3284 1815 3509 1886 μὼλωψι
3538 1816 3632 1868 καὶ
3677 1830 3975 1883 κατειργα-

716 1910 1024 1966 confectum
1056 1912 1338 1975 vibicibus,
1367 1926 1666 1982 apertaque
1724 1912 2016 1982 ﬂagrorum
2079 1922 2131 1965 et
2187 1912 2299 1981 pla-

2405 1912 2625 1978 σμένον,
2666 1911 2812 1978 σαιρῆ
2845 1910 2912 1961 τὰ
2939 1909 3047 1961 τῶν
3082 1910 3361 1979 μαστίγων
3391 1908 3510 1977 ἴχνη
3549 1908 3643 1961 καὶ
3674 1906 3787 1959 τῶν
3836 1905 3978 1973 πλη-

716 2018 905 2071 garum
939 2004 1161 2073 vestigia
1204 2003 1386 2057 ferens
1418 2004 1470 2055 in
1509 2004 1656 2056 omni
1710 2004 1977 2064 membro,
2036 2012 2089 2057 et
2140 2003 2296 2071 quasi

715 2093 965 2148 sentibus
1012 2093 1251 2152 obsitum
1302 2093 1640 2156 vulneribus,
1713 2094 1961 2148 mirabile
2030 2095 2298 2163 quoddam

715 2183 1083 2251 spectaculum
1112 2194 1167 2238 et
1222 2199 1321 2239 nec
1350 2185 1481 2254 ipsis
1518 2185 1732 2253 quidem
1794 2184 1966 2239 oculis
2018 2182 2296 2242 credibile.

715 2273 804 2328 Sic
827 2274 972 2327 enim
1025 2274 1371 2328 existimabat
1413 2273 1546 2339 fore,
1584 2284 1641 2327 ut
1697 2289 1789 2329 eas
1840 2273 2297 2342 obstupefaceret.

714 2370 773 2421 et
800 2375 1005 2421 metum
1039 2366 1119 2421 eis
1174 2366 1414 2429 allerret,
1463 2366 1779 2420 timentibus
1813 2381 1880 2420 ne
1934 2367 2011 2419 eis
2041 2367 2143 2419 tale
2199 2365 2299 2417 ali-

716 2456 846 2526 quid
874 2457 1136 2512 eveniret.
1172 2458 1278 2512 bed
1341 2458 1487 2510 illius
1549 2456 1765 2525 quidem
1822 2473 2022 2525 corpus
2082 2456 2161 2511 sic
2203 2455 2301 2511 fuit

716 2550 1074 2618 propositum,
1105 2559 1158 2603 et
1216 2564 1410 2603 omnes
1462 2548 1553 2617 qui
1585 2548 2085 2611 circumsistebant,
2116 2548 2298 2601 animo

716 2643 1193 2711 perturbabantur,
1224 2652 1277 2695 et
1300 2643 1614 2697 manifestas
1635 2642 1985 2700 elTundcbant
2010 2644 2294 2714 lacrymas,

715 2747 858 2788 eteo
918 2734 1231 2803 spectaculo
1300 2736 1658 2789 movebantur
1721 2738 1787 2790 ad
1846 2736 2296 2799 misericordiam,

716 2834 912 2898 praeter
941 2843 1138 2883 saevam
1166 2838 1221 2882 et
1266 2828 1557 2882 immanem
1609 2828 1845 2881 animam
1881 2827 2101 2895 judicis.
2164 2828 2297 2879 Eum

717 2922 862 2975 enim
911 2937 1019 2976 non
1061 2920 1434 2976 misericordia
1498 2919 1591 2974 sed
1623 2918 1704 2974 ira
1750 2918 1929 2989 potius
1985 2918 2207 2973 subibat
2247 2929 2302 2972 et

716 3014 1038 3084 indignatio.
1082 3014 1188 3067 Illa:
1219 3023 1400 3067 autem
1451 3011 1805 3067 trahebantur
1850 3012 2071 3082 quidem
2101 3027 2131 3065 a
2170 3026 2298 3081 pro-

715 3107 850 3175 priis
880 3106 1178 3161 visceribus
1206 3106 1271 3160 ad
1297 3105 1736 3174 lacrymandnm;
1772 3104 1865 3157 sed
1900 3105 1950 3157 id
1975 3104 2057 3159 eis
2088 3118 2300 3171 nequa-

2402 2001 2513 2068 γῶν
2539 2002 2631 2054 ὲπί
2661 2002 2858 2062 παντὸς
2887 2000 3050 2066 φέρον
3081 2000 3277 2068 μέλους
3308 2002 3401 2051 καὶ
3437 1998 3834 2069 ὴκανθωμένον
3866 2000 3981 2057 τοῖς

2400 2093 2705 2163 τραύμασι,
2749 2091 3065 2159 παράλογόν
3104 2108 3155 2142 τι
3199 2090 3378 2159 θέαμα
3421 2091 3517 2143 καὶ
3556 2090 3676 2142 οὐδὲ
3709 2089 3859 2157 αὐτῷ
3890 2104 3981 2140 πι-

2404 2185 2528 2237 στὸν
2582 2184 2814 2255 ὄμματι.
2868 2183 3057 2254 Ταύτῃ
3107 2184 3213 2252 γάρ
3248 2182 3421 2251 αὑτὰς
3460 2181 3833 2251 καταπλήξειν
3882 2182 3983 2233 καὶ

2403 2277 2481 2339 εἰς
2510 2276 2628 2339 δέος
2675 2278 2936 2345 ἐμϐαλεῖν
2979 2274 3138 2346 ᾤετο,
3178 2276 3485 2339 δεδοικυίας
3536 2276 3611 2346 μὴ
3668 2277 3764 2327 καὶ
3806 2272 3980 2334 αὑτὰς

2405 2368 2476 2421 τὰ
2530 2370 2889 2438 παραπλήσια
2969 2369 3160 2420 παθεῖν
3232 2368 3463 2434 γένοιτο.
3536 2368 3696 2421 Ἀλλά
3764 2366 3823 2418 τὸ
3883 2364 3981 2433 μὲν

2404 2463 2618 2531 ὲκεῐνης
2683 2462 2842 2530 σῶμα
2903 2460 3047 2513 οὕτω
3121 2461 3429 2530 προέκειτο,
3491 2461 3583 2511 καὶ
3655 2459 3861 2519 πάντες
3928 2458 3979 2510 ol

2404 2556 2828 2625 περιεστηκότες
2878 2554 3213 2623 ἐπληροῦντο
3261 2551 3507 2617 πάθους,
3580 2551 3677 2605 καὶ
3743 2551 3822 2613 εἰς
3881 2548 3977 2601 δά-

2404 2666 2545 2720 κρυα
2596 2648 2807 2716 φανερά
2861 2648 3186 2715 κατήγοντο,
3221 2643 3333 2697 καί
3363 2644 3444 2706 εἰς
3515 2640 3694 2696 οἶκτον
3744 2641 3851 2694 ὑπὸ
3880 2640 3981 2709 τῆς

2404 2742 2534 2803 θέας
2564 2738 2841 2793 ἐκινοῦντο
2887 2739 3027 2807 πλὴν
3066 2738 3166 2806 τῆς
3194 2736 3288 2790 τοῦ
3343 2735 3602 2789 δικαστοῦ
3644 2734 3825 2802 ψυχῆς
3879 2734 3981 2801 τῆς

2402 2831 2647 2903 ἀπηνοῦς
2685 2850 2744 2887 τε
2803 2832 2895 2885 καὶ
2946 2831 3247 2900 ἀνημέρου.
3290 2827 3496 2881 Τοῦτον
3532 2829 3641 2898 γάρ
3681 2828 3781 2880 οὐκ
3832 2826 3982 2888 ἕλεος

2404 2926 2521 2979 ἀλλ’
2549 2927 2686 2995 ὀργὴ
2724 2922 2925 2993 μᾶλλον
2958 2922 3053 2976 καὶ
3104 2922 3325 2989 νέμεσις
3378 2920 3651 2991 ὑπεισῇει.
3692 2921 3758 2973 Αἱ
3793 2920 3849 2972 δὲ
3885 2920 3984 2972 δα-

2405 3019 2605 3091 κρύσαι
2640 3018 2739 3087 μὲν
2762 3018 2866 3069 ὑπὸ
2895 3016 3004 3067 τῶν
3030 3015 3248 3067 οἰκείων
3283 3014 3610 3085 σπλάγχνων
3640 3013 3982 3080 ἐφείλκοντο,

2404 3112 2464 3164 τὸ
2493 3109 2729 3170 συνειδδς
2774 3108 2829 3161 δὲ
2866 3108 3059 3169 αὑταῖς
3099 3106 3195 3158 οὐκ
3240 3105 3563 3175 ἐπέτρεπεν.
3600 3104 3841 3175 ’ῌδεσαν
3874 3104 3985 3173 γὰρ

716 3214 877 3270 quam
919 3197 1166 3268 permisit
1189 3195 1543 3251 conscientia.
1584 3194 1843 3249 Sciebant
1879 3195 2023 3248 enim
2063 3204 2120 3248 et
2152 3206 2296 3247 mar-

2408 3202 2661 3275 μάρτυρά
2683 3218 2741 3253 τε
2773 3201 2869 3271 τὴν
2897 3199 3132 3270 ἀδελφὴν
3167 3194 3327 3261 εἶναι,
3368 3196 3650 3251 καὶτοῦτο
3681 3196 3777 3249 καὶ
3810 3199 3985 3259 αὐτας

718 3301 890 3359 tyrem
945 3304 1067 3346 esse
1113 3304 1381 3354 sororem,
1429 3296 1483 3344 et
1530 3289 1675 3359 ipsas
1717 3303 1933 3358 quoque
1962 3288 2065 3342 hoc
2113 3296 2298 3357 postea

716 3384 1017 3447 futuras,et
1046 3381 1109 3435 ad
1143 3383 1314 3452 ipsam
1348 3396 1470 3435 mox
1490 3396 1610 3436 esse
1634 3391 1892 3436 venturas
1917 3396 2011 3450 per
2033 3396 2298 3436 consum-

718 3474 1032 3529 mationem.
1079 3473 1261 3543 Itaque
1309 3473 1389 3528 sic
1430 3472 1655 3528 fuerunt
1701 3472 1927 3537 affectae,
1976 3472 2209 3541 perinde
2243 3487 2305 3527 ac

720 3567 763 3618 si
790 3565 1061 3621 venissent
1093 3566 1158 3620 ad
1204 3564 1475 3620 thalamos
1520 3562 1771 3629 sororis;
1834 3573 2099 3633 erantque
2148 3562 2303 3619 valde

723 3660 858 3711 lata:
888 3667 944 3710 et
972 3656 1144 3726 plenae
1190 3655 1489 3725 voluptate,
1523 3664 1582 3711 ut
1633 3671 1753 3725 quae
1800 3672 1921 3710 eam
1968 3656 2303 3712 deducerent

724 3752 793 3805 ad
829 3749 1117 3813 thalamos,
1177 3750 1230 3804 in
1264 3764 1402 3818 quos
1451 3763 1558 3802 non
1618 3748 1761 3800 cadit
1810 3747 2082 3811 interitus,
2133 3757 2188 3797 et
2246 3756 2302 3801 ut

645 3844 653 3849 ’
722 3858 790 3896 ne
825 3842 955 3912 ipsa:
1002 3843 1069 3895 ab
1119 3843 1184 3896 iis
1230 3850 1415 3894 essent
1467 3848 1688 3893 remotae
1763 3848 2143 3909 prOperarent.
2194 3837 2298 3893 Sed

719 3934 885 4006 judex
912 3933 1123 3991 etiamsi
1154 3942 1260 3988 tam
1286 3932 1408 3988 forti
1448 3942 1503 3987 et
1537 3942 1641 3987 tant
1681 3933 1897 3989 excelso
1926 3932 2154 3988 fuissent
2181 3932 2300 3987 ani-

722 4041 812 4081 mo
841 4026 907 4081 ad
936 4035 1287 4095 conspectum
1308 4025 1531 4087 sororis,
1566 4042 1672 4080 non
1697 4026 2010 4093 desperavit
2040 4035 2219 4079 tamen
2242 4041 2300 4080 se

723 4134 815 4173 cas
844 4133 965 4173 esse
1014 4131 1443 4187 persuasurum;
1477 4115 1571 4170 sed
1624 4117 1707 4185 (ut
1744 4122 1830 4169 est
1876 4116 1931 4169 in
1984 4115 2297 4184 proverbio)

724 4226 943 4268 omnem
974 4207 1415 4279 movitlapidem,
1457 4209 1652 4279 partim
1704 4208 1922 4278 quidem
1972 4207 2136 4262 minis
2193 4217 2301 4262 tor-

726 4313 1033 4357 mentorum
1064 4311 1282 4357 tentans
1310 4316 1494 4355 earnm
1520 4301 1851 4357 labefactare
1873 4302 2139 4364 animum,
2174 4317 2300 4371 par-

725 4398 823 4450 tim
856 4405 1036 4449 autent
1069 4394 1333 4448 bonorum
1359 4392 1643 4463 promissis
1670 4392 1875 4447 illicere
1908 4410 1923 4459 ;
1953 4401 2027 4455 et,
2052 4392 2106 4446 Si
2135 4392 2301 4446 sacri-

727 4488 1047 4551 lit-averitis,
1070 4486 1263 4555 inquit,
1294 4484 1525 4541 scribam
1572 4486 1751 4540 statim
1785 4484 1851 4540 ad
1896 4485 2294 4556 imperatorem.

2411 3298 2609 3367 μικρὸν
2648 3294 2876 3364 ὕστερον
2905 3292 3147 3359 ἔσεσθαι,
3196 3291 3289 3344 καί¹
3332 3290 3472 3359 πρὸς
3512 3290 3684 3359 αὐτὴν
3722 3289 3847 3341 ὅσον
3894 3288 3988 3340 οὗ·

2406 3390 2554 3441 δέπω
2608 3387 2855 3454 χωρῆσαι
2908 3384 2997 3435 διὰ
3036 3383 3136 3451 τῆς
3185 3381 3353 3447 αὐτης
3400 3380 3740 3441 τελειώσεως
3789 3377 3985 3447 ἀμέλει

2405 3481 2500 3535 καὶ
2533 3480 2606 3541 ὼς
2639 3477 2729 3531 ἐπὶ
2770 3475 3049 3538 παστάδας
3094 3473 3190 3544 τῆς
3243 3472 3484 3541 ἀδελφῆς
3531 3470 3789 3523 ἐλθοῦσαι
3839 3468 3986 3523 οὕτω

2404 3576 2692 3633 διέκειντο,
2727 3572 2817 3624 καὶ
2847 3568 3069 3639 φαιδραὶ
3116 3585 3171 3619 τε
3211 3560 3352 3637 ἦσαν
3394 3564 3490 3618 καὶ
3521 3564 3715 3634 ἡδονῆς
3762 3561 3984 3632 μεσταὶ,

2403 3664 2490 3722 οἷα
2521 3667 2613 3719 ἐπὶ
2643 3667 2768 3727 τοὺς
2793 3666 3101 3733 ἀκηράτους
3129 3662 3427 3730 νυμφῶνας
3461 3663 3703 3725 ἐκείνους
3732 3660 3990 3729 προπέμ-

2405 3777 2605 3814 πουσαι
2643 3759 2873 3827 ταύτην,
2914 3749 2988 3810 ὧν
3027 3756 3162 3827 μηδὲ
3194 3756 3353 3806 αὑταὶ
3388 3753 3790 3821 ἀπολειφθῆναι
3822 3750 3989 3820 ὴπείυ

2402 3869 2580 3924 γοντο.
2627 3851 2767 3905 Ἀλλ’
2790 3850 3125 3921 ὀδικαστὴς,
3162 3848 3338 3902 καίτοι
3370 3848 3645 3916 γενναίως
3688 3844 3837 3897 οὕτω
3869 3844 3986 3897 δια-

2402 3945 2664 4000 τεθεισῶν
2700 3943 2808 3996 τῶν
2833 3940 3121 4012 παρθένων
3152 3940 3287 4009 πρὸς
3302 3938 3400 4008 τὴν
3427 3941 3527 4011 τῆς
3558 3936 3799 4006 ἀδελφῆς
3827 3935 3976 4004 ὄψιν,

2401 4040 2551 4106 ὅμως
2581 4036 2641 4089 τὸ
2673 4038 2883 4087 πείσειν
2914 4034 3083 4101 αὐτὴν
3110 4033 3209 4085 οὐκ
3241 4032 3490 4098 ἀπέγνω.
3539 4028 3683 4083 Ἀλλ’
3716 4029 3934 4097 (ὥσπερ
3957 4027 3983 4078 ὁ

2401 4128 2579 4197 λόγος)
2622 4128 2805 4180 πάντα
2838 4122 2988 4178 λίθον
3023 4121 3193 4177 ἐκίνει
3215 4135 3230 4150 ’
3256 4119 3420 4174 τοῦτο
3467 4121 3566 4192 μὲν
3599 4120 3859 4182 ἀπειλαῖς
3889 4117 3985 4189 βα-

2405 4220 2582 4273 σάνων
2629 4218 2943 4272 κατασείειν
2973 4215 3155 4270 αὐτῶν
3181 4214 3242 4268 τὺ
3282 4214 3516 4285 στερρὸν
3558 4210 3655 4265 τοῦ
3698 4214 3983 4282 φρονήμα-

2403 4329 2517 4375 τος,
2545 4311 2704 4364 τοῦτο
2749 4310 2805 4361 δὲ
2835 4310 2930 4361 καὶ
2967 4309 3187 4379 ἀγαθῶν
3222 4307 3580 4373 ἐπαγγελίαις
3620 4305 3982 4357 ὑποκλέπτειν

2405 4403 2597 4465 αὐταῖς
2623 4398 2999 4470 πειρώμενος·
3036 4401 3129 4453 καὶ
3159 4398 3232 4461 ὡς
3263 4396 3561 4465 Εἱθύσετε,
3596 4398 3752 4466 φησὶ,
3784 4394 3980 4465 γράψω

2406 4496 2751 4567 παραχρῆμα
2810 4491 2887 4563 τῷ
2940 4491 3172 4562 βασιλεῖ.
3242 4490 3302 4544 '0
3344 4489 3402 4543 δὲ
3446 4492 3541 4543 καὶ
3578 4490 3829 4559 χρήμασι
3889 4488 3977 4539 καὶ

726 4580 817 4635 llle
839 4590 1017 4634 autem
1046 4579 1293 4648 pecuniis
1322 4586 1376 4633 et
1428 4578 1625 4647 Opibus
1685 4578 1869 4632 multis
1914 4594 2007 4632 vos
2054 4579 2297 4640 donabit,

2408 4589 2626 4657 πλούτῳ
2660 4586 2843 4654 πολλῷ
2882 4589 3178 4655 χαριεῖται,
3207 4585 3303 4640 καλ
3332 4583 3561 4655 ἀνδράσι
3609 4583 3756 4652 γένει
3788 4583 3849 4635 τε
3886 4583 3977 4634 καὶ

726 4686 930 4741 vosque
994 4670 1127 4724 viris
1168 4683 1369 4741 genere
1410 4679 1466 4724 et
1505 4667 1770 4738 dignitate
1811 4669 2126 4722 clarissimis
2170 4683 2302 4723 con-

727 4762 914 4829 junaet
950 4760 1316 4823 matrimonio,
1364 4769 1418 4813 et
1474 4757 1763 4813 invenietis
1820 4773 2049 4829 sponsos
2113 4758 2305 4829 dignos

730 4862 907 4909 vestra
943 4850 1368 4920 pulchritudine.

802 4964 911 5018 Vll.
942 4968 1003 5017 Et
1021 4965 1068 5018 is
1081 4965 1297 5033 quidem
1322 4961 1457 5031 bam;
1474 4962 1576 5017 illa:
1600 4972 1801 5016 autem:
1823 4960 2138 5030 Quousque,
2162 4963 2303 5017 dice-

712 5043 882 5122 bant,
914 5071 1021 5111 non
1053 5056 1311 5123 cessabis,
1339 5057 1528 5121 miser,
1561 5071 1669 5110 non
1701 5066 1887 5111 nostro
1920 5056 2090 5111 solum
2116 5072 2301 5128 scapo,

731 5154 826 5206 sed
860 5152 1023 5207 etiam
1064 5150 1157 5205 tibi
1181 5150 1281 5221 ipsi
1309 5151 1491 5205 dicere
1516 5151 1816 5205 contraria?
1841 5163 2053 5204 etnune
2083 5152 2300 5218 quidem

733 5259 832 5297 nos
862 5258 1058 5297 vocare
1084 5258 1297 5298 sorores
1341 5242 1504 5311 hujus
1535 5242 1725 5303 beatae,
1762 5257 1907 5293 nunc
1962 5248 2146 5293 autem
2204 5253 2303 5298 nos

733 5336 968 5405 aggredi,
1004 5345 1257 5404 tanquam
1312 5335 1537 5395 alienas,
1593 5342 1649 5385 et
1699 5348 1815 5402 quae
1873 5333 2026 5386 facile
2078 5341 2305 5399 possunt

735 5429 905 5482 vinci?
944 5429 999 5483 Si
1038 5444 1138 5484 nos
1173 5442 1301 5499 ergo
1334 5425 1613 5482 credidisti
1649 5442 1766 5479 esse
1802 5442 2019 5479 sorores
2085 5440 2301 5495 genere,

736 5523 874 5577 hanc
906 5521 1073 5576 etiam
1101 5536 1197 5589 pro
1225 5523 1427 5590 pietate
1452 5517 1839 5575 constantiam,
1875 5527 1929 5568 et
1956 5510 2092 5569 nihil
2118 5515 2299 5581 abjec-

735 5626 881 5670 Ctum
906 5628 960 5671 et
1004 5612 1288 5675 illiberale.
1318 5627 1496 5682 neque
1525 5610 1613 5663 tali
1648 5622 1854 5667 sorore.
1888 5624 2059 5675 neque
2085 5607 2192 5669 illa,
2243 5625 2305 5663 ex

734 5724 837 5776 qua
868 5718 977 5763 tres
1000 5708 1141 5762 rami
1180 5706 1282 5760 orti
1320 5719 1533 5769 sumus,
1566 5702 1747 5759 radice
1780 5700 2060 5769 indignum
2114 5701 2305 5754 inven-

732 5805 911 5853 turum
936 5800 1209 5855 existima.
1240 5795 1337 5851 Siti
1366 5807 1543 5849 autem
1573 5792 1649 5843 κίε
1667 5792 1822 5854 scire,
1847 5789 2022 5861 qualis
2039 5790 2307 5845 sitnostra

734 5896 1064 5958 constantia,
1096 5908 1157 5948 ex
1185 5905 1252 5949 ea
1282 5903 1403 5962 qua
1453 5886 1729 5959 praecessit
1764 5892 2012 5943 accurate
2051 5884 2303 5955 intellige.

2406 4678 2679 4747 ἀξιώμασι
2734 4678 3222 4745 περιφανεστάτοις
3280 4678 3416 4747 πρὸς
3455 4679 3633 4745 γάμον
3672 4676 3819 4743 ὑμᾶς
3854 4692 3980 4725 συν-

2405 4772 2585 4839 άψειε,
2620 4769 2716 4822 καὶ
2754 4768 2938 4831 ἀξίους
2965 4765 3059 4820 τοῦ
3106 4768 3330 4830 κάλλους
3367 4768 3519 4837 ὑμῶν
3554 4767 3822 4834 εὑρήσετε
3858 4766 3984 4825 τοὺς

2404 4864 2697 4935 νυμφίους.

2476 4956 2551 5013 Ζ’.
2578 4956 2687 5009 Καὶ
2718 4957 2745 5009 ὁ
2780 4955 2878 5025 μὲν
2901 4954 3078 5009 ταῦτα
3097 4971 3110 4986 ⁸
3136 4956 3193 5006 αἱ
3221 4954 3299 5019 δὲ,
3327 4954 3504 5024 Μέχρι
3533 4953 3698 5017 τίνος,
3718 4950 3894 5017 εἷπον,
3922 4955 3981 5005 οὗ

2408 5052 2624 5120 παύσῃ,
2653 5047 2911 5112 ἀθλιε,οὑ
2966 5048 3043 5115 τῷ
3090 5046 3342 5116 ἡμετέρῳ
3389 5048 3548 5116 μόνον
3608 5044 3822 5115 σκοπῷ,
3850 5044 3984 5097 ἀλλά

2408 5144 2499 5193 καὶ
2541 5140 2753 5208 σεαυτῷ
2795 5139 2859 5190 τά
2891 5137 3108 5189 ἐναντία
3160 5137 3576 5205 διαλεγόμενος;
3622 5138 3719 5189 καὶ
3756 5136 3854 5188 νῦν
3888 5134 3984 5203 μὲν

2394 5233 2637 5301 ἀδελφὰς
2669 5232 2811 5299 ἡμᾶς
2846 5231 2942 5295 τῆς
2997 5231 3275 5301 μακαρίας
3325 5229 3525 5299 ταύτης
3560 5229 3770 5290 καλῶν,
3803 5226 3899 5281 νῦν
3925 5226 3981 5279 δὲ

2407 5327 2479 5387 ὡς
2512 5324 2823 5392 ἀλλοτρίαις
2883 5322 3072 5384 οὔσαις
3109 5319 3459 5391 εὐχειρώτοις
3495 5317 3893 5389 προσϐάλλωνς
3923 5321 3981 5372 El

2406 5419 2583 5469 τοίνυν
2605 5414 2841 5484 ἀδελφὰς
2871 5412 3011 5468 εἶναι
3042 5414 3101 5467 τὺ
3135 5415 3290 5481 γένος
3319 5414 3717 5472 πεπίστευκας,
3741 5411 3979 5479 ἀδελφὰς

2409 5511 2501 5563 καὶ
2534 5510 2632 5576 τὴν
2660 5510 2830 5578 καλὴν
2858 5508 3061 5577 ταύτην
3092 5508 3229 5573 ὑπὲρ
3268 5506 3364 5574 τῆς
3416 5504 3697 5566 εὐσεϐείας
3733 5506 3980 5558 ἔνστασιν

2410 5601 2901 5667 ὑπολέιμϐανε,καὶ
2953 5602 3121 5670 μηδὲν
3174 5592 3392 5663 ἀγεννὲς
3452 5599 3509 5649 ὲν
3546 5598 3675 5666 ἡμῖν
3725 5599 3981 5666 εὑρήσειν

2413 5694 2548 5763 μηδὲ
2611 5693 2846 5762 ἀδελφῆς
2918 5696 3170 5759 τοιαύτης
3231 5690 3361 5757 μηδὲ
3425 5690 3585 5760 ῥίζης
3642 5692 3861 5757 ἐκείνης
3922 5683 3983 5753 ἧς

2410 5789 2457 5839 οί
2507 5788 2654 5857 τρεῖς
2710 5787 2915 5857 ἔφυμεν
2967 5787 3149 5841 κλάδοι
3198 5784 3411 5849 ἀνάξιον
3495 5784 3557 5838 Εἰ
3615 5783 3669 5835 δὲ
3705 5782 3803 5833 καὶ
3854 5777 3975 5849 περὶ

2413 5878 2568 5951 ἡμῶν
2621 5879 2798 5947 βούλει
2832 5877 3025 5950 μαθεῖν
3057 5874 3210 5930 dmin
3236 5875 3300 5929 ἃν
3338 5875 3438 5945 τὴν
3492 5876 3743 5927 ἔνστασιν
3773 5872 3982 5940 εἴημεν,
