4158 6490
232 429 334 495 661

1037 430 1503 493 MARTYRIUM
1542 429 1605 490 s.
1646 413 2087 490 MENODORE
2130 431 2223 491 ET
2259 430 2675 494 somnum.

3377 426 3486 487 662

228 544 336 600 ἀπὸ
370 545 471 613 τῆς
500 542 880 613 προλασούσης
906 543 1152 613 ἀκριϐῶς
1187 545 1441 615 μάνθανε.
1474 546 1535 598 Εί
1570 547 1679 615 γάρ
1714 548 1805 598 καὶ

1914 544 1967 598 Si
1993 547 2138 599 enim
2163 562 2247 611 ea,
2279 562 2403 601 cum
2433 547 2639 600 nullum
2670 544 2899 599 haberet
2927 542 3202 613 exemplar
3242 543 3490 613 proposi‘

226 637 397 707 χωρὶς
420 635 815 705 ύποδείγματος
856 635 1157 707 τηλικαύτη
1188 637 1343 708 ὤφθη
1369 638 1466 708 τὴν
1501 640 1729 709 ἀρετὴν,
1758 640 1807 692 τί

226 716 360 781 ποτε
416 726 485 780 ἂν
510 728 674 798 ἡμεῖς
711 726 1017 797 δράσαιμεν
1059 729 1195 798 πρὸς
1239 729 1479 782 τοιοῦτον
1499 731 1808 801 ὑπόδειγμα

223 820 323 887 τὴν
381 819 620 887 ἀδελφὴν
684 817 1019 886 βλέπουσαι;
1047 822 1116 873 Ἢ
1142 821 1241 891 οὐχ
1286 823 1419 890 ὁρᾷς
1468 824 1618 885 ὅπως
1658 824 1807 892 ἡμᾶς

224 908 319 962 καὶ
340 909 570 978 κειμένη
600 910 990 979 προτρέπεται,
1013 912 1222 980 καὶτῆς
1252 915 1575 979 συγγενείας
1605 915 1807 984 ὑπομι-

227 1003 488 1070 μνήσκει,
536 1004 633 1053 καὶ
675 1003 809 1071 πρὸς
843 1004 934 1054 τὸν
964 996 1149 1071 ὃμῖοιον
1176 1006 1592 1075 παραθαῤῥύνει
1622 1006 1803 1076 ζῆλον,

222 1094 392 1146 καλὸν
431 1093 729 1162 ἀθλήσεται
769 1094 940 1147 τύπον
1002 1096 1201 1166 ἑαυτὴν
1240 1099 1641 1168 παρασχοῦσα;
1698 1093 1807 1163 Ἦς

222 1185 346 1237 οὐδὲ
382 1185 902 1256 άπολειφθησόμεθα
950 1189 1081 1252 ίσθι,
1111 1190 1231 1243 οὐδὲ
1263 1191 1362 1261 τὴν
1395 1191 1613 1262 ἐκείνης
1647 1193 1805 1261 εὐγέ-

224 1294 378 1329 νειαν
433 1278 800 1349 ἀτιμάσομεν.
843 1281 917 1333 Ού
972 1282 1289 1351 ψευσόμεθα
1335 1284 1463 1348 τοὺς
1519 1286 1803 1352 τεκόντας,

222 1371 444 1441 ἐκείνης
468 1374 713 1440 πατέρας
747 1368 887 1426 εἷναι
918 1375 1204 1429 πείθουσαι
1236 1378 1428 1447 μόνης,
1471 1380 1521 1431 εί
1556 1377 1686 1449 περὶ
1703 1379 1804 1451 τὴν

222 1462 486 1515 ἀσέϐειαν
523 1450 687 1531 ’ἡμᾶς
737 1465 1180 1537 κινδυνεύσομεν.
1248 1468 1490 1540 Ἐρῤέτω
1550 1450 1800 1537 πλοῦτος,

222 1558 438 1626 ἐρρέτω
470 1556 621 1621 δόξα,
653 1556 721 1609 τά
754 1558 849 1610 ἐπὶ
874 1561 975 1628 γῆς
1019 1559 1189 1613 ταῦτα
1222 1560 1316 1613 καὶ
1369 1562 1450 1625 είς
1490 1563 1594 1630 γῆν
1647 1561 1802 1626 αὖθις

226 1646 460 1714 ῥέονταο
518 1647 837 1717 ὲρῤέτωσαν
901 1650 1130 1719 φθαρτοὶ
1188 1651 1522 1722 μνηστῆρες.
1565 1653 1803 1723 Ἔχομεν

221 1740 461 1807 Χριστὸν
494 1741 659 1809 ἡμεῖς
705 1741 795 1793 τὸν
851 1745 1119 1812 ἡμέτερον
1166 1740 1419 1813 νυμφίύν,
1474 1743 1536 1799 οὗ
1594 1746 1801 1817 σφόδρα

223 1831 466 1898 ἐρῶμεν,
496 1826 538 1900 ᾦ
570 1835 667 1885 καὶ
710 1835 911 1903 προῖκα
941 1833 1103 1900 μόνον
1136 1834 1227 1887 τὸν
1253 1835 1391 1907 ὑπὲρ
1423 1836 1590 1890 αὑτοῦ
1614 1837 1800 1892 δοῦσαι

222 1919 480 1984 θάνατον,
496 1922 775 1984 παστάδας
794 1940 853 1974 τε
872 1924 1048 1991 ἱεράς,
1065 1926 1159 1978 καὶ
1181 1926 1454 1996 θαλάμους
1468 1927 1794 1995 ἀθανάτους,

224 2018 319 2067 καὶ
375 2015 670 2083 νυμφῶνας
730 2016 1003 2084 διηνεκεῖς
1056 2019 1460 2092 ἀντιλάϐοιμεν,
1516 2023 1612 2074 καὶ
1664 2024 1796 2093 παρ’

221 2105 374 2173 αὐτῷ
404 2105 671 2175 λαμπρῶς
706 2107 1125 2180 βασιλεύσομεν.

291 2192 376 2249 Η’.
408 2195 551 2264 Πρὸς
579 2196 751 2252 ταῦτα
780 2199 807 2250 ό
835 2199 1121 2271 δικαστὴς,
1147 2201 1301 2265 είδὼς
1336 2202 1410 2264 ὡς
1436 2202 1655 2257 ἀνύσειε
1694 2202 1795 2271 μὲν

221 2284 389 2337 πλέον
421 2286 594 2349 οὐδὲν,
621 2289 1017 2359 φλεγμαίνοντι
1051 2292 1107 2345 δὲ
1138 2294 1285 2363 ὅμως
1328 2293 1405 2364 τῷ
1436 2295 1592 2364 θυμῷ
1635 2313 1794 2367 χαρι-

219 2376 469 2445 ζόμενος,
500 2380 596 2448 τὴν
622 2382 883 2451 δευτέραν
912 2383 1024 2437 τῶν
1055 2386 1298 2453 ἀδελφῶν
1336 2386 1565 2458 δευτέρᾳ
1612 2388 1795 2441 δίδωσι

216 2470 337 2529 ταῖς
371 2467 650 2537 βασάνοις.
689 2473 796 2525 Καὶ
830 2476 1152 2544 μετεωρίζει
1180 2475 1281 2545 μὲν
1316 2477 1409 2528 ἐπὶ
1435 2477 1529 2530 τοῦ
1568 2477 1727 2543 ξύλου
1760 2481 1792 2550 ή

218 2562 447 2627 γενναία
502 2563 640 2631 γυνὴ
706 2564 1068 2635 Μητροδῶρα,
1137 2566 1417 2635 λαμπάδες
1490 2569 1548 2621 δὲ
1625 2570 1795 2638 πυρὸς

219 2653 471 2706 διέκαιον
505 2655 673 2725 αὐτὴν
704 2656 1005 2710 πάντοθεν’
1038 2659 1133 2711 καὶ¹
1157 2659 1316 2730 ὡρῶν
1358 2659 1453 2713 δύο
1495 2664 1563 2732 τῇ
1593 2662 1795 2731 ἀπηνεῖ

218 2745 401 2817 ταύτῃ
457 2747 757 2820 πιεζομένη
823 2750 1064 2814 κολάσει,
1094 2752 1185 2804 τὸν
1246 2751 1487 2823 ἐραστὴν
1529 2753 1796 2807 ὲπεὸοᾶτο

221 2837 409 2905 μόνον,
450 2840 546 2890 καὶ
604 2840 701 2908 τὴν
750 2841 961 2894 ἐκεῖθεν
1011 2841 1200 2894 ἐκάλει
1252 2842 1601 2914 ἐπικουρίαν.
1634 2842 1797 2898 Ἀλλά

222 2927 334 2993 μὴν
373 2926 497 2978 οὐδὲ
528 2927 627 2995 τῆς
662 2930 946 2998 εἰδωλικῆς
987 2930 1182 2998 ἡμέλει
1224 2931 1461 3001 ἀπάτης,
1507 2933 1622 2985 ἀλλ’
1664 2934 1797 3003 ὲμυ-

217 3012 450 3084 animi
473 3032 533 3067 τε
558 3018 724 3086 αὐτὴν
747 3018 860 3079 καὶ,
878 3020 1014 3087 ὅπερ
1031 3015 1098 3090 ἦν
1118 3020 1355 3091 ἀληθῶς,
1375 3020 1634 3091 αἰσχύνην
1659 3023 1795 3076 ἐδεί.

217 3127 315 3161 xw
347 3109 439 3159 καὶ
470 3108 706 3175 γέλωτα.
764 3110 957 3161 Ἔνθεν
983 3129 1066 3165 τοι
1108 3113 1203 3164 καὶ¹
1253 3114 1486 3181 κατάγει
1545 3114 1643 3183 μὲν
1695 3118 1793 3183 τὴν

216 3198 479 3267 γενναίαν
506 3200 716 3253 ἐκεῖθεν
738 3218 751 3230 ·
788 3201 1004 3268 μυλλοίς
1030 3200 1087 3252 δὲ
1114 3204 1353 3271 σιδηροῖς
1379 3204 1669 3258 ὑποϐάλλει
1702 3204 1795 3258 καὶ

213 3297 274 3345 τὸ
306 3295 417 3345 πᾶν
448 3293 618 3361 αὐτῆς
651 3294 822 3356 πιέζει
882 3293 1039 3363 σῶμα
1097 3295 1193 3347 καὶ
1239 3296 1506 3366 καταθλᾷ.
1569 3296 1785 3366 Ἐκείνη

213 3383 404 3453 μέντοι
433 3383 531 3452 τὴν
559 3383 720 3450 φύσιν
751 3384 848 3454 ἤδη
880 3384 1343 3456 άπαγορεύσασαν
1370 3386 1688 3457 αἰσθομένη,
1709 3386 1787 3458 τῷ

210 3475 797 3546 φιλουμένῳρυλλαλεί
818 3479 1079 3548 Νυμφίῳ,
1110 3477 1197 3533 οἷα
1226 3480 1290 3549 δὴ
1317 3479 1403 3532 διά
1429 3480 1519 3533 τοῦ
1547 3481 1782 3535 θανάτου

210 3567 353 3635 πρὸς
387 3568 554 3619 αὑτὸν
611 3567 1012 3633 πλησιάζουσα,
1060 3568 1158 3620 καὶ
1196 3570 1286 3621 τὸν
1317 3571 1583 3639 νυμφῶνα
1620 3573 1784 3641 ἑαυτῇ

214 3658 762 3726 προπαρασκευάζει.
794 3655 931 3715 Εἶτα
967 3660 1060 3714 καὶ
1098 3660 1198 3732 τὴν
1250 3661 1428 3732 ψυχὴν
1471 3664 1590 3726 ταῖς
1623 3663 1790 3731 ἀγγέ-

209 3748 319 3799 λων
348 3748 510 3817 χερσὶ
542 3747 809 3813 πιστεύει,
835 3752 929 3803 καὶ
952 3750 1047 3820 ὅλη
1082 3751 1217 3820 πρὸς
1237 3752 1404 3804 αὑτὸν
1440 3753 1688 3821 ὲκδημεῖ.
1728 3751 1787 3805 ’0

210 3842 535 3910 παράνομος
558 3841 615 3892 δὲ
640 3842 821 3911 ἄρχων
844 3845 1048 3905 ἐκεῖνος
1074 3846 1185 3906 τοῖς
1216 3844 1356 3906 ὅλοις
1380 3844 1785 3912 ἀπαγορεύσας,

207 3934 304 3984 καὶ
336 3933 398 3983 τὸ
428 3933 528 3999 τῆς
558 3933 818 3999 αἰσχύνης
863 3935 1137 4002 ὑπερφυὲς
1186 3936 1508 4001 ὑπενεγκεῖν
1539 3935 1596 3985 ού
1623 3934 1786 3988 δυνάο

211 4039 400 4091 μενος,
430 4023 725 4075 ὑπελίπετό
750 4040 872 4077 τινα
904 4026 1051 4092 ὅμως
1083 4026 1263 4095 ἑαυτῷ
1285 4028 1663 4097 παραμυθίαν,
1686 4030 1785 4100 τὴν

206 4117 406 4185 τρίτην
450 4115 562 4169 τῶν
594 4116 861 4185 ἀδελφῶν·
898 4120 990 4171 καὶ
1036 4119 1534 4190 παραστησάμενος
1565 4119 1791 4191 Νυμφο-

203 4210 389 4279 δώραν
413 4213 473 4264 τὸ
503 4213 675 4279 πρᾶον
697 4214 1072 4283 ἀναισχύντως
1096 4215 1192 4266 καὶ
1216 4215 1397 4286 ίλαρδν
1424 4216 1783 4286 ὑπεκρίνατο,

205 4306 324 4365 καὶ,
350 4302 617 4371 Πείσθητί
653 4320 742 4371 μοι
771 4305 875 4357 κᾶν
899 4305 1059 4374 αύτὴ,
1089 4306 1302 4373 ἔλεγεν,
1327 4301 1370 4358 ῶ
1406 4308 1545 4377 καλὴ
1578 4309 1782 4374 νεᾶνις,

206 4401 273 4462 ἣν
308 4393 423 4460 ἐγὼ
453 4394 614 4447 πλέον
636 4396 742 4449 τῶν
794 4397 992 4464 ἄλλων,
1033 4400 1089 4451 αἱ
1139 4399 1293 4468 φίλαι
1315 4399 1424 4454 τῶν
1457 4399 1591 4455 θεῶν
1634 4404 1783 4456 ίσασι

203 4485 457 4552 χάριτες,
508 4486 602 4536 καὶ
651 4486 743 4538 τού
777 4488 1011 4550 κάλλους
1046 4474 1259 4558 ἄγαμαι
1295 4493 1386 4545 καὶ
1422 4494 1520 4560 τῆς
1563 4494 1782 4565 ἡλικίας

1912 646 2047 700 tum,
2072 647 2275 695 tantam
2300 638 2544 694 ostendit
2578 638 2860 701 virtutem,
2889 636 3150 705 quidnam
3189 635 3487 691 fecerimus

1910 744 2013 784 nos
2042 730 2146 785 tale
2205 730 2503 802 exemplar,
2553 744 2749 798 nempe
2805 742 3067 793 sororem,
3116 724 3489 796 aspicientes?

1909 823 1990 874 An
2019 836 2125 875 non
2158 822 2328 888 vides,
2371 823 2825 892 quemadmodum
2855 821 2944 875 illa
2982 820 3065 874 vel
3118 820 3311 890 jacens
3388 834 3489 873 nos

1910 916 2245 981 adhortatur,
2306 925 2361 970 et
2427 914 2800 985 cognationem
2828 912 3121 967 revocatin
3146 910 3487 972 memoriam,

1909 1019 1963 1063 et
2010 1010 2075 1063 ad
2110 1010 2267 1063 talem
2322 1008 2495 1062 zelum
2551 1007 2711 1061 nobis
2752 1006 2901 1060 addit
2950 1004 3214 1064 animum,
3254 1004 3487 1072 seipéam

1911 1102 2157 1170 praebens
2212 1100 2496 1171 pulchrum
2551 1099 2828 1168 exemplar
2858 1095 3336 1152 decertationis?A
3381 1110 3486 1164 qua

1909 1180 2058 1247 certo
2096 1193 2236 1247 scias
2268 1208 2367 1247 nos
2395 1207 2503 1246 non
2559 1206 2683 1246 esse
2732 1191 3090 1251 discessuras,
3130 1202 3308 1257 neque
3344 1187 3487 1241 illius

1909 1284 2248 1338 nobilitatem
2308 1283 2594 1337 habituras
2650 1282 3012 1350 contemptui.
3079 1278 3195 1335 Non
3241 1279 3487 1334 fallcmus

1909 1387 2182 1446 parentes,
2233 1376 2375 1430 illius
2415 1375 2583 1430 solius
2614 1382 2866 1445 parentes
2920 1387 3038 1428 esse
3076 1374 3488 1442 persuadentes,

1907 1468 1954 1521 si
2009 1469 2061 1522 in
2118 1468 2417 1538 periculum
2486 1469 2767 1521 veniamus
2820 1466 2888 1520 de
2959 1465 3179 1535 pietate.
3251 1462 3478 1518 Valeant

1906 1559 2130 1623 divitiae,
2222 1560 2394 1614 valeat
2438 1558 2627 1629 gloria,
2681 1565 2737 1612 et
2793 1556 2910 1611 haec
2955 1572 3077 1625 quae
3104 1564 3294 1610 sunte
3342 1562 3488 1609 terra

1905 1661 1961 1705 et
2000 1665 2190 1704 rursus
2248 1650 2302 1704 in
2345 1660 2547 1704 terram
2600 1656 2969 1703 revertuntur.
3034 1646 3266 1702 Valeant
3314 1646 3483 1715 proci,

1905 1745 1960 1796 in
2019 1758 2154 1812 quos
2203 1741 2344 1796 cadit
2400 1741 2673 1796 interitus.
2725 1740 3000 1795 Habemus
3058 1754 3157 1795 nos
3206 1738 3484 1794 Christum

1906 1843 2149 1889 nostrum
2184 1850 2462 1903 sponsum,
2490 1850 2650 1901 quem
2681 1834 2833 1889 valde
2859 1848 3125 1898 amamus,
3161 1840 3216 1887 et
3245 1831 3332 1888 cui
3358 1847 3484 1886 cum

1905 1926 2083 1979 dotem
2104 1925 2277 1980 solum
2323 1926 2657 1990 dederimus,
2678 1942 2795 1981 eam
2813 1941 2974 1996 quam
2992 1924 3219 1994 proipso
3237 1923 3484 1979 subimus

1904 2027 2154 2081 mortem,
2177 2032 2359 2073 sacros
2380 2017 2710 2073 immortales
2743 2028 2799 2072 et
2834 2026 3068 2072 aeternos
3128 2016 3478 2084 accipiemus

1902 2106 2186 2173 thalamos,
2249 2118 2304 2163 ct
2373 2109 2628 2177 praeclare
2676 2109 2818 2179 apud
2889 2109 3065 2177 ipsum
3115 2108 3481 2178 regnabimus.

1978 2197 2105 2252 Vlll.
2128 2199 2205 2251 Ex
2230 2199 2313 2253 his
2337 2200 2648 2269 intelligens
2665 2200 2829 2269 judex
2854 2216 2913 2254 se
2933 2199 3071 2254 nihil
3107 2198 3325 2268 quidem
3352 2195 3484 2253 el'fe-

1901 2298 2142 2354 cturum,
2174 2289 2401 2345 ferventi
2456 2299 2635 2345 tamen
2689 2290 2783 2344 ira:
2840 2290 3144 2360 indulgens,
3186 2288 3483 2343 secundam

1902 2395 2145 2436 sororem
2171 2397 2415 2437 seorsum
2446 2381 2930 2439 datsecundoloco
2984 2380 3360 2450 torquendam.
3414 2379 3482 2435 Et

1903 2473 2137 2528 sublime
2175 2474 2393 2544 quidem
2432 2475 2487 2528 in
2541 2476 2687 2547 ligno
2730 2476 2930 2546 pendet
2956 2475 3245 2529 mulierum
3299 2473 3481 2529 fortis-

1904 2561 2042 2617 sima
2079 2562 2407 2629 Metrodora,
2430 2565 2708 2635 lampades
2736 2572 2918 2619 autem
2940 2564 3080 2635 ignis
3103 2578 3225 2618 eam
3253 2564 3482 2618 urebant

1901 2668 1967 2708 ex
1993 2656 2141 2708 omni
2178 2666 2351 2725 parte;
2386 2664 2441 2712 et
2469 2672 2592 2711 cum
2628 2657 2805 2725 spatio
2828 2656 3058 2710 duarum
3092 2657 3344 2710 horarum
3376 2655 3481 2709 hoc

1903 2746 2053 2818 gravi
2103 2758 2443 2817 premeretur
2480 2749 2770 2819 supplicio,
2800 2750 2976 2803 solum
3005 2763 3162 2803 suum
3212 2747 3481 2802 clamabat

1902 2848 2223 2908 amatorem,
2254 2851 2310 2896 et
2335 2842 2452 2913 ejus
2481 2842 2764 2897 invocabat
2822 2837 3243 2903 auxilium.'Sed
3300 2854 3479 2909 neque

1903 2928 2170 2985 idolorum
2200 2933 2506 3003 negligcbat
2535 2932 2938 3003 deceptionem,
2971 2931 3065 2987 sed
3101 2939 3157 2985 et
3184 2946 3304 2986 eam
3344 2931 3477 2985 sub-

1903 3024 2190 3088 sannabat,
2209 3034 2285 3089 et,
2306 3024 2357 3078 id
2386 3026 2528 3095 quod
2554 3034 2671 3080 erat
2693 3040 2903 3089 revera,
2928 3024 3139 3094 turpem
3156 3022 3478 3078 ostendebat

1901 3124 1958 3166 et
1991 3114 2293 3170 ridiculam.
2334 3115 2597 3185 Deinceps
2652 3125 2833 3171 autem
2882 3129 3203 3187 generosam
3258 3113 3476 3191 quidem

1903 3204 2049 3259 illam
2079 3206 2343 3277 virginem
2380 3209 2527 3263 illinc
2552 3208 2790 3271 deducit,
2822 3207 3021 3262 ferreis
3065 3221 3197 3261 vero
3226 3198 3477 3260 vectibus

1896 3298 2135 3365 subjicit,
2164 3308 2219 3354 et
2243 3300 2559 3353 universum
2580 3301 2699 3369 ejus
2725 3313 2923 3368 corpus
2943 3298 3139 3367 premit
3162 3305 3215 3350 et
3230 3293 3474 3350 confrin-

1890 3385 1985 3455 git.
2026 3385 2117 3440 Illa
2150 3398 2354 3453 autem,
2394 3389 2746 3457 defatigatam
2772 3390 2883 3457 jam
2919 3387 3161 3442 sentiens
3198 3393 3476 3453 naturam,

1891 3491 2153 3546 sponsum
2185 3477 2440 3532 dilectum
2480 3476 3003 3546 alloquitur,utqu:e
3023 3490 3118 3544 per
3148 3482 3378 3528 mortem
3407 3472 3464 3526 ei

1889 3569 2376 3638 appropinquaret,
2416 3579 2470 3625 ct
2521 3569 2621 3623 sibi
2679 3577 2833 3636 parat
2881 3567 3204 3621 thalamum.
3262 3564 3470 3620 Deinde

1889 3657 2126 3711 animam
2160 3674 2311 3712 suam
2338 3660 2513 3713 credit
2534 3661 2784 3714 manibus
2806 3658 3142 3729 angelorum,
3177 3666 3232 3710 et
3258 3664 3367 3709 tota
3401 3657 3469 3710 ad

1891 3750 2069 3818 ipsum
2099 3750 2330 3805 excedit.
2353 3749 2576 3819 Iniquus
2592 3760 2773 3803 autem
2800 3751 2886 3803 ille
2897 3751 3059 3819 iudex
3085 3762 3235 3812 spem
3249 3759 3469 3802 omnem

1891 3842 2175 3908 abjiciens.
2199 3851 2253 3894 et
2283 3858 2393 3895 non
2421 3842 2603 3895 valens
2620 3840 2763 3895 ferre
2787 3855 3056 3896 summum
3079 3840 3335 3907 dedecus,
3361 3840 3467 3897 sibi

1892 3939 2075 3985 tamen
2107 3932 2392 4001 quamdam
2421 3934 2761 4002 relinquebat
2792 3934 3241 4002 consolationem,
3267 3949 3467 4005 nempe

1895 4024 2113 4078 tertiam
2151 4038 2416 4079 sororem.
2481 4022 2545 4078 Et
2600 4039 2723 4079 cum
2780 4026 3183 4093 producendam
3221 4038 3466 4083 curasset

1892 4115 2355 4185 Nymphodoram,
2398 4116 2878 4172 mansuetudinem
2908 4125 2959 4171 et
2992 4116 3324 4174 hilaritatem
3350 4120 3456 4175 im-

1891 4208 2166 4275 pudenter
2191 4208 2485 4273 simulavit,
2507 4218 2562 4262 et
2587 4209 2637 4263 ei
2666 4210 2822 4263 dixit:
2853 4209 2983 4263 Mihi
3011 4226 3218 4267 morem
3246 4227 3397 4283 gere,
3429 4229 3463 4270 ο

1888 4297 2118 4366 pulchra
2148 4297 2568 4363 adulescentula,
2607 4316 2768 4367 quam
2811 4318 2911 4370 ego
2941 4304 3065 4371 plus
3117 4318 3279 4372 quam
3328 4305 3464 4359 alias

1891 4391 2137 4460 (deorum
2157 4392 2345 4444 amica:
2369 4392 2420 4444 id
2438 4390 2874 4461 sciuntGratize),
2901 4403 2956 4448 et
2978 4394 3217 4449 admiror
3239 4408 3462 4467 prapter

1890 4483 2376 4551 pulchritudinem,
2425 4494 2480 4538 et
2515 4486 2692 4540 aetatis
2732 4486 3010 4542 misereor.
3064 4488 3266 4544 Morem
3329 4492 3461 4545 mihi

200 4576 489 4645 οἰκτείρω*
518 4576 770 4645 πείσθητί
801 4595 892 4646 μοι
921 4579 998 4647 τῷ
1025 4580 1199 4642 οὕτως
1231 4580 1307 4641 ὡς
1339 4583 1527 4644 παιδὸς
1546 4583 1778 4653 γνησίας

1896 4589 2036 4644 gere,
2077 4574 2166 4645 qui
2202 4592 2309 4630 non
2348 4576 2545 4640 minus,
2578 4593 2742 4646 quam
2803 4594 3071 4647 germana:
3103 4581 3225 4635 lilia:
3258 4589 3353 4637 tuo
3378 4583 3462 4637 in-

204 4687 300 4723 σου
381 4670 823 4741 περικαιομένῳ,
891 4672 986 4724 καὶ⁵
1060 4672 1455 4742 προσελθοῦσα,
1513 4675 1565 4727 τί
1620 4675 1780 4729 τοῦτο

210 4762 389 4833 βαρύς
444 4761 837 4834 προσκύνησον
872 4766 984 4827 τοῖς
1042 4764 1186 4827 Θεοῖς
1220 4765 1397 4835 μόνον,
1428 4766 1524 4819 καὶ
1580 4766 1779 4820 αὐτίκα

202 4859 474 4926 μεγίστην
530 4857 636 4925 μὲν
686 4856 891 4909 εἴσεταί
946 4874 1027 4910 σοι
1080 4858 1781 4928 χάρινόβασιλεύςοδῶσει

197 4951 253 5000 δὲ
289 4951 381 5001 καὶ
418 4950 691 5016 χρήματα
722 4951 815 4998 καὶ
846 4948 1033 5016 τιμάς,
1085 4949 1177 5003 καὶ
1201 4951 1260 5002 τό
1288 4968 1350 5016 γε
1397 4951 1600 5019 μεῖζον,
1633 4953 1778 5022 παῤ-

200 5038 399 5109 ρησίαν
419 5040 524 5108 τὴν
550 5036 691 5107 πρὸς
716 5036 899 5091 αὐτόν.
923 5038 982 5089 Εἰ
1003 5038 1056 5089 δὲ
1083 5039 1178 5106 μὴ,
1204 5039 1340 5091 ἀλλὰ
1368 5040 1573 5105 κακῶς,
1590 5040 1737 5110 οἶμοι
1763 5042 1775 5094 l

200 5133 297 5186 καὶ
350 5130 496 5199 αὐτὴ
557 5129 773 5206 ἀπολεῖ,
818 5130 915 5181 καὶ
956 5127 1107 5181 οὐδὲν
1159 5128 1379 5191 πάντως
1425 5131 1523 5198 τῆς
1575 5132 1779 5201 πικρᾶς

198 5226 407 5293 ταύτης
436 5221 617 5292 ὀνήσῃ
650 5221 906 5298 τελευτῆς
960 5221 1148 5291 ὥσπερ
1204 5219 1296 5273 οὖν
1328 5222 1435 5274 οὐδ’
1464 5223 1518 5274 al
1551 5222 1780 5289 ἀδελφαὶ

198 5316 371 5385 αὐτῆς
400 5314 642 5366 ὤναντο.

270 5404 346 5463 6'.
378 5406 576 5466 Οὕτως
633 5397 723 5455 οὖν
756 5400 847 5455 τοῦ
870 5401 1131 5473 ἄρχοντος
1163 5404 1475 5472 εἰρηκότος,
1496 5403 1594 5456 ἐπὶ
1630 5405 1778 5458 τέλει

196 5500 253 5551 δὲ
288 5498 387 5549 καὶ
422 5497 696 5566 φρόνιμον
734 5495 829 5547 καὶ
876 5495 987 5548 τῶν
1018 5493 1261 5563 ἀδελφῶν
1298 5496 1668 5563 συνετωτέραν
1697 5499 1776 5549 εἰ·

198 5590 415 5652 πόντος,
437 5587 634 5650 ἐκείνη
663 5586 770 5638 τῶν
802 5586 976 5640 ἀλλων
1010 5586 1174 5641 αὐτοῦ
1220 5586 1397 5653 λόγων
1426 5588 1524 5638 εσα
1562 5587 1655 5640 καὶ
1681 5590 1775 5658 λή-

194 5701 308 5754 ρων
344 5678 695 5751 φροντίσασα
717 5692 732 5708 ⁶
754 5680 815 5730 τὸ
836 5681 1101 5748 φρόνιμον
1117 5680 1172 5731 δὲ
1202 5678 1363 5745 μόνον
1395 5679 1771 5741 ὑπολαϐοῦσα,

195 5772 330 5831 εἶτα
358 5779 463 5828 οὐκ
490 5768 746 5842 αἰσχύνῃ,
777 5771 903 5843 ἔφη,
930 5772 1050 5825 ούδὲ
1074 5772 1352 5841 ἐρυθριᾷς,
1384 5770 1477 5824 νῦν
1511 5774 1609 5842 μὲν
1641 5775 1773 5842 φρό-

197 5883 361 5938 νιμον
414 5861 723 5933 ὀνομάζων,
757 5861 849 5916 νῦν
901 5864 956 5917 δὲ
1006 5864 1096 5917 τὸν
1151 5862 1325 5933 ἀληθῆ
1360 5863 1768 5919 καταλιποῦσαν

1887 4668 2089 4721 cendor
2113 4682 2318 4732 amore;
2346 4676 2399 4721 et
2423 4668 2688 4723 accedens
2713 4668 2988 4739 (quidnam
3013 4680 3099 4725 est
3123 4672 3224 4726 hoc
3252 4676 3456 4743 grave?)

1885 4758 2013 4811 deos
2042 4759 2217 4813 solum
2246 4759 2429 4825 adora,
2461 4768 2517 4815 et
2554 4761 2737 4815 statim
2776 4764 3061 4818 maximam
3090 4765 3309 4835 quidem
3360 4768 3456 4822 tibi

1884 4850 2109 4918 gratiam
2146 4851 2694 4920 habebitimperator;
2715 4852 2861 4906 dabit
2889 4863 3070 4908 autem
3090 4857 3349 4925 pecunias
3398 4869 3456 4915 et

1884 4942 2138 5006 honores,
2173 4956 2225 4997 et
2275 4944 2416 5010 quod
2451 4952 2532 4997 est
2563 4943 2722 5016 longe
2766 4947 3081 5007 maximum,
3107 4950 3250 5017 apud
3271 4949 3450 5019 ipsum

1885 5033 2155 5087 ﬁduciam.
2188 5034 2281 5088 Sin
2310 5035 2510 5099 minus,
2541 5037 2627 5091 hei
2671 5038 2823 5105 mihi,
2854 5048 2908 5093 tu
2928 5056 3142 5109 quoque
3170 5042 3286 5112 ipsa
3310 5044 3452 5098 male

1884 5126 2125 5195 peribis;
2164 5144 2339 5198 neque
2383 5131 2495 5185 hac
2548 5148 2695 5188 mors
2749 5136 2941 5189 acerba
2996 5136 3092 5191 tibi
3123 5123 3445 5206 quidquam

1882 5218 2106 5274 omnino
2158 5223 2419 5291 proderit,
2474 5226 2745 5293 quomodo
2769 5242 2871 5281 nec
2924 5229 3026 5282 tuis
3050 5229 3258 5298 profuit
3291 5245 3444 5291 sore-

1883 5312 2054 5366 ribus.

1953 5402 2041 5457 IX.
2076 5403 2210 5459 Cum
2238 5408 2314 5463 sic
2346 5408 2571 5463 dixisset
2590 5409 2779 5477 judex,
2812 5422 3085 5480 postremo
3101 5425 3280 5471 autem
3323 5434 3443 5474 eam

1879 5504 1933 5548 et
1960 5497 2280 5565 prudentem
2308 5510 2363 5554 et
2391 5502 2602 5557 caeteris
2644 5514 2885 5560 vocasset
2913 5505 3319 5577 sapientiorem,
3354 5512 3442 5567 illa

1880 5588 1979 5641 alia
2007 5590 2123 5658 ejus
2158 5592 2321 5646 verba
2352 5609 2459 5647 non
2502 5599 2671 5662 magis
2704 5613 2921 5665 curans,
2954 5616 3117 5670 quam
3149 5618 3342 5674 nugas,
3386 5605 3441 5659 id

1877 5690 2054 5736 autem
2080 5683 2277 5745 solum,
2300 5686 2440 5753 quod
2461 5700 2578 5739 eam
2603 5690 2827 5745 vocabat
2875 5694 3216 5761 prudentem,
3289 5698 3439 5751 exci-

1879 5774 2049 5839 piens,
2068 5773 2182 5829 Non
2218 5785 2265 5828 te
2284 5779 2468 5845 pudet,
2488 5780 2683 5849 inquit,
2714 5798 2813 5840 nec
2835 5785 3129 5853 erubescis,
3153 5803 3296 5842 nunc
3319 5790 3441 5859 qui~

1876 5865 1994 5922 dom
2020 5866 2301 5923 nominare
2320 5872 2660 5943 prudenum,
2686 5892 2823 5931 nunc
2843 5887 3019 5932 autem
3046 5896 3230 5935 verum
3266 5880 3433 5939 Deum
