4158 6462
713 370 819 433 663

1943 382 2225 443 MENSIS
2267 384 2739 448 SEPTEMBEB.

3860 390 3965 457 666

716 478 1140 549 relinquentem,
1171 480 1363 549 jubere
1393 483 1460 537 ad
1482 492 1604 539 tuos
1631 484 1892 539 accedere
1918 486 2285 542 daemones‘?Et
2317 547 2318 551 η

2418 494 2631 546 ςελεύων
2694 495 2809 557 τοῖς
2864 492 3083 565 δαίμοσι
3142 494 3255 556 τοῖς
3293 495 3405 557 σοῖς
3463 495 3825 565 προσελθεῖν;
3863 500 3970 553 Καὶ

712 587 946 639 quonam
984 573 1162 635 modo,
1196 574 1394 644 inquit,
1434 584 1694 630 extrema:
1743 592 1848 629 non
1868 577 2031 631 fuerit
2059 578 2159 632 hoc
2195 581 2279 632 in-

723 666 913 726 saniur,
945 674 996 720 et
1020 668 1217 720 mentis
1246 668 1405 735 plane
1441 678 1656 729 emotae,
1688 684 1715 721 a
1746 670 2021 723 communi
2054 670 2282 723 Domino

716 762 770 807 et
797 754 1169 809 universorum
1233 756 1427 825 opiﬁce
1463 757 1801 811 deﬁcientem
1832 759 1984 828 sequi
2028 773 2284 813 manuum

714 858 901 914 opera,
932 861 1050 914 quae
1079 855 1265 899 carent
1287 861 1451 901 sensu
1473 856 1525 901 et
1548 846 1923 918 intelligentia,
1949 857 2003 903 et
2027 864 2089 902 ea
2111 848 2287 902 colere

718 947 971 1007 tanquam
1000 937 1165 991 deos?
1188 936 1446 1002 Quaenam
1484 952 1547 991 ex
1602 938 1682 991 eis
1721 940 1923 1006 possim
1964 952 2205 1006 sperare,
2238 944 2292 990 et

714 1043 961 1099 qurenam
994 1028 1333 1090 lucrifacere,
1372 1027 1458 1081 dic
1503 1025 1659 1091 mibi,
1689 1036 1742 1082 et
1791 1028 2023 1096 accipio.
2054 1026 2294 1082 Ostende

714 1121 852 1175 mihi
885 1119 1013 1189 quid
1065 1120 1193 1175 boni
1213 1122 1286 1174 sis
1331 1129 1659 1174 consecutus
1690 1135 1753 1174 ex
1801 1130 1891 1173 tua
1927 1120 1980 1173 in
2012 1121 2134 1175 illos
2164 1134 2294 1188 spe;

713 1223 770 1268 et
815 1214 1037 1283 parebo.
1088 1212 1195 1266 Sed
1244 1212 1380 1267 nihil
1446 1222 1601 1282 potes
1639 1213 1839 1271 dicere.
1895 1213 2104 1267 Revera
2153 1213 2297 1267 enim

709 1305 996 1359 simulacra
1029 1306 1258 1375 gentium
1308 1314 1581 1375 argentum
1618 1314 1667 1360 et
1706 1321 1920 1364 aurum.
1986 1320 2145 1373 opera
2187 1321 2299 1357 ma-

716 1412 876 1449 nuum
924 1396 1214 1448 hominum.
1258 1395 1472 1449 Similes
1525 1395 1633 1448 illis
1657 1394 1789 1463 ﬁant
1824 1395 1911 1463 qui
1953 1392 2125 1445 colunt
2167 1408 2228 1446 ea
2257 1392 2297 1446 ³.

714 1487 783 1542 Et
811 1487 929 1541 ideo
954 1502 1021 1540 ne
1060 1501 1249 1556 parcas
1278 1503 1341 1540 ea
1365 1502 1482 1555 quae
1508 1485 1642 1540 velis
1690 1485 1890 1539 facere.
1922 1484 2003 1537 En
2032 1484 2127 1538 tibi
2184 1499 2301 1537 car-

721 1593 819 1633 nes
862 1586 1061 1647 parata:
1100 1578 1208 1647 pati
1247 1588 1467 1647 propter
1494 1576 1798 1640 Christum,
1837 1582 1891 1630 et
1934 1575 2104 1644 magis
2136 1588 2299 1643 quam

717 1680 776 1722 tu
812 1684 911 1722 nos
944 1668 1161 1737 punire.
1196 1666 1351 1721 Tunc
1394 1666 1650 1737 ignorans
1682 1665 1972 1729 scelestus,
2002 1662 2132 1733 quid
2178 1677 2303 1733 age-

722 1773 824 1823 ret,
862 1775 916 1814 et
943 1773 1235 1829 quemnam
1283 1773 1432 1828 spem
1473 1755 1911 1827 apprehenderet
1958 1757 2075 1825 (per
2114 1754 2300 1807 omnia

716 1854 860 1907 cnim
882 1853 1057 1906 fuerat
1073 1850 1364 1920 repulsus),
1385 1850 1523 1903 hanc
1541 1862 1757 1917 quoque
1775 1846 2061 1900 sublimem
2083 1843 2135 1897 in
2150 1843 2295 1913 ligno
2335 1848 2375 1902 Β

717 1943 947 2005 extollit,
978 1951 1035 1996 et
1067 1940 1258 1995 ferreis
1280 1956 1400 1995 eam
1435 1940 1696 2008 discerpit
1759 1937 1992 2008 ungulis.
2051 1934 2159 1990 Sed
2212 1934 2305 1989 illa

718 2038 783 2090 ad
811 2037 911 2090 hoc
932 2035 1131 2089 nullam
1150 2047 1327 2102 neque
1340 2046 1549 2096 vocem,
1570 2044 1748 2099 neque
1835 2028 2092 2098 gemitum
2151 2024 2310 2079 emit‘

721 2128 887 2191 tebat;
926 2134 1110 2195 aperte
1139 2134 1317 2178 autem
1383 2123 1704 2177 ostendebat
1755 2135 1813 2175 se
1841 2136 1962 2175 cum
1995 2119 2105 2174 Deo
2136 2116 2306 2173 collo-

725 2221 840 2289 qui.
880 2216 945 2271 Et
978 2220 1078 2273 hoc
1110 2216 1378 2272 docebant
1410 2214 1629 2269 etlabra
1666 2228 1787 2283 quae
1839 2212 2220 2273 movebantur,
2252 2218 2308 2261 et

723 2312 867 2368 oculi
917 2326 1057 2380 quos
1089 2309 1151 2362 ad
1174 2308 1370 2364 coelum
1399 2306 1711 2360 extollebat.
1738 2305 1831 2356 llle
1864 2312 2047 2355 autem
2078 2298 2308 2353 stolidus

729 2418 920 2458 rursus
947 2415 1164 2472 quoque
1201 2398 1381 2454 verbis
1410 2411 1530 2452 eam
1555 2405 1640 2452 est
1669 2407 1977 2465 aggressus;
2036 2405 2147 2444 non
2174 2388 2307 2442 citra

727 2494 1067 2559 violentiam,
1097 2502 1150 2547 et
1187 2507 1281 2562 per
1306 2504 1609 2562 praeconem
1638 2488 1936 2559 jussiteam
1976 2481 2305 2544 sacriﬁcare,

726 2600 781 2643 et
807 2586 1024 2641 liberari
1049 2602 1078 2639 a
1106 2584 1409 2639 tormentis.
1436 2581 1525 2636 Illa
1549 2595 1678 2635 vero
1697 2578 1914 2634 dicebat
1935 2594 1947 2629 :
1975 2572 2059 2628 Me
2079 2571 2307 2626 Domino

731 2696 855 2735 meo
883 2677 1204 2742 sacriﬁcavi,
1238 2685 1463 2746 propter
1483 2688 1646 2742 quem
1672 2671 1761 2725 vel
1796 2669 1905 2740 pati
1933 2676 2017 2722 est
2034 2666 2305 2734 voluptas,

727 2783 783 2829 et
806 2772 941 2827 mori
991 2770 1221 2824 lucrum.
1268 2767 1400 2822 Illud
1432 2761 2021 2835 auteminjustojudici
2046 2758 2308 2826 majorem

730 2866 976 2922 accendit
1004 2865 1262 2921 furorem.
1290 2861 1489 2915 Deinde
1518 2867 1699 2913 autem
1732 2872 1850 2912 eam
1885 2868 2099 2923 quoque
2120 2849 2311 2903 ferreis

732 2959 990 3016 contrivit
1037 2967 1091 3010 et
1132 2954 1400 3023 confregit
1430 2953 1697 3016 vectibus.
1737 2948 1844 3003 Sed
1896 2947 2057 3017 hujus
2093 2956 2309 3013 quoque

732 3051 954 3107 omnino
988 3064 1170 3101 curam
1213 3045 1464 3100 similiter
1482 3044 1703 3115 gerebat
1746 3039 1888 3095 Deus
1909 3049 1968 3093 ut
2033 3049 2305 3096 sororum,

736 3153 791 3199 et
811 3142 1075 3198 efﬁciebat
1123 3149 1179 3195 ut
1208 3138 1443 3193 immane
1474 3139 1710 3191 vinceret
1740 3132 2093 3202 supplicium,
2117 3137 2173 3181 et
2218 3125 2311 3178 ad-

738 3250 927 3291 versus
982 3233 1152 3302 ipsam
1214 3230 1369 3284 fortis
1407 3236 1575 3282 staret
1614 3235 1888 3279 naturam.
1938 3219 2141 3275 Deinde
2190 3231 2309 3271 eam
2340 3200 2384 3259 Ο

736 3340 954 3397 quoque
977 3323 1041 3378 ad
1078 3337 1134 3377 se
1155 3320 1408 3385 accersit,
1445 3332 1500 3376 et
1522 3319 1670 3389 virgo
1690 3315 1921 3371 libenter
1939 3308 2168 3383 deponit
2190 3307 2311 3362 ani-

741 3433 884 3475 mam
918 3418 969 3472 in
1010 3415 1131 3472 sinu
1167 3413 1444 3469 amatoris.

827 3700 892 3755 Χ.
922 3697 1128 3768 Impius
1158 3702 1337 3748 autem
1367 3689 1555 3763 judex,
1583 3687 1677 3740 ira:
1709 3690 1869 3737 utens
1902 3678 2123 3736 auxilio,
2158 3674 2319 3727 etiam

750 3797 806 3851 in
832 3794 948 3865 ipsa
976 3797 1188 3845 mortua
1214 3796 1441 3852 corpora
1469 3779 1668 3831 bellum
1701 3771 1859 3845 gerit;
1889 3778 2098 3859 etcum
2127 3778 2321 3819 accen-

753 3859 925 3942 disset
975 3879 1278 3937 fornacem,
1353 3882 1581 3937 eamque
1632 3862 1854 3918 aluisset
1910 3859 2077 3913 multa
2096 3865 2151 3910 et
2200 3863 2324 3923 apta

752 3972 1002 4036 materia,
1060 3969 1116 4023 in
1178 3966 1348 4036 ipsam
1400 3958 1671 4030 iaculatur
1745 3963 1974 4018 corpora
2020 3942 2323 4013 martyrica.

756 4067 896 4121 Deus
922 4072 1101 4118 autem
1132 4033 1339 4112 amator
1365 4052 1694 4111 animarum,
1720 4057 1821 4096 nec
1855 4052 2077 4108 corpora
2112 4033 2329 4105 quidem

756 4150 1154 4229 ncglcxit;sed
1210 4158 1399 4216 magna
1450 4141 1529 4195 vis
1579 4144 1802 4206 repente
1843 4144 2136 4189 erumpens
2186 4125 2329 4181 toni-

763 4218 945 4305 truum
1004 4218 1059 4299 et
1109 4240 1381 4311 fulgurum
1433 4229 1696 4303 pmvenit
1738 4227 1915 4295 ignem
1975 4218 2333 4281 fornacisLet

761 4345 941 4413 ipsum
973 4309 1229 4407 iudicem,
1260 4340 1313 4384 et
1338 4341 1456 4395 qua:
1502 4322 1552 4377 ei
1611 4318 1879 4375 serviebat
1931 4309 2334 4367 multitudinem

762 4405 818 4485 in
874 4405 1109 4482 favillam
1136 4418 1327 4485 redigit
1348 4425 1402 4467 et
1440 4411 1739 4480 fuliginem.
1772 4405 1835 4458 Et
1861 4406 1964 4459 hoc
2012 4405 2337 4457 invenerunt

768 4516 1091 4592 prommium
1120 4510 1402 4582 gebennm,
1458 4516 1577 4573 quae
1637 4512 1911 4567 nunquam
1942 4490 2163 4556 desinit,
2244 4489 2334 4559 qui

766 4620 925 4669 erant
986 4607 1071 4661 Illa
1130 4604 1243 4658 sola
1265 4613 1453 4655 revera
1534 4592 1699 4664 digni.

767 4708 991 4772 repente
1038 4704 1330 4761 erumpens
1364 4687 1541 4759 pluvia
1599 4681 1895 4751 exstinguit
1925 4679 2195 4731 fornacem
2229 4692 2242 4727 :
2285 4681 2338 4726 et

770 4808 893 4850 cum
926 4789 1103 4845 statim
1135 4784 1306 4839 avidis
1337 4779 1588 4835 manibus
1646 4774 1915 4845 virginum
1975 4783 2204 4837 corpora
2266 4764 2339 4834 pii

772 4884 1142 4944 sustulissent,
1170 4874 1560 4948 magnificoque
1586 4877 1870 4923 ornassent
1899 4877 1953 4920 et
2004 4860 2341 4930 composuis-

774 4982 915 5035 sent,
941 4970 1191 5025 foderunt
1215 4966 1293 5021 eis
1319 4963 1627 5033 sepulcrum
1660 4960 1713 5013 in
1735 4959 1851 5011 loco
1874 4970 2062 5009 earum
2087 4965 2343 5005 consum-

777 5062 1030 5122 mationis
1057 5102 1071 5115 .
1105 5060 1211 5115 Deo
1258 5057 1362 5112 hoc
1391 5067 1607 5124 quoque
1650 5048 1969 5120 providente
2012 5038 2342 5099 admirabili-

779 5171 880 5221 ter,
918 5163 974 5208 ut
997 5167 1132 5223 quas
1192 5166 1331 5204 unus
1390 5152 1674 5216 pepererat
1726 5151 1932 5204 uterus,
1992 5136 2069 5190 eis
2129 5146 2346 5203 quoque

780 5264 947 5305 unum
978 5246 1195 5300 daretur
1224 5240 1531 5311 sepulcrum
1566 5252 1579 5299 ;
1614 5242 1667 5288 et
1711 5246 1937 5301 quarum
1970 5230 2160 5281 animae
2182 5239 2348 5277 unum

780 5353 838 5398 et
859 5338 1109 5395 eumdem
1145 5341 1270 5390 sunt
1324 5330 1620 5385 thalamum
1678 5328 2003 5383 consecutae,
2053 5330 2236 5371 earum
2284 5329 2352 5367 ne

782 5434 977 5491 surdus
1009 5430 1230 5502 quidem
1280 5426 1420 5481 cinis
1476 5430 1839 5491 separaretur,
1893 5414 1988 5468 sed
2034 5423 2249 5466 sorores
2296 5408 2351 5461 in

788 5532 921 5591 vita,
947 5538 1167 5579 sorores
1196 5522 1247 5574 in
1277 5517 1457 5579 caelis,
1490 5526 1707 5568 sorores
1729 5510 1890 5563 etiam
1922 5508 1974 5560 in
2011 5510 2149 5558 terra
2173 5510 2355 5555 osten-

787 5621 1064 5675 derentur.
1128 5610 1415 5680 Templum
1456 5610 1637 5659 autem
1692 5601 1745 5655 in
1796 5598 2122 5653 hodiernum
2185 5604 2352 5658 usque

865 5873 877 5905 '
918 5868 1050 5925 Psal.
1086 5880 1236 5931 cxiii,
1262 5862 1314 5929 ι,
1345 5863 1401 5919 8.

2389 588 2550 649 ποίας
2603 588 2703 678 οὐκ
2744 588 2981 657 ἐσχάτης
3030 586 3196 642 τοῦτο
3249 588 3451 656 μανίας
3508 589 3603 642 καὶ
3666 589 3970 661 διαφθορᾶς

2388 679 2498 731 τῶν
2531 679 2765 749 φρενῶν,
2794 683 2969 733 Δεσπό
2982 699 3065 734 του
3100 680 3285 734 κοινοῦ
3312 681 3404 733 καὶ
3428 680 3521 733 τοῦ
3544 680 3653 733 τῶν
3680 682 3821 734 ὅλων
3844 682 3968 734 τού-

2388 788 2497 823 των
2535 771 2851 825 ἀποστᾶσαν
2886 775 3261 843 Δημιουργου,
3294 771 3494 842 χειρῶν
3552 772 3757 841 ἔργοις,
3781 772 3972 844 αἰσθή-

2393 862 2531 926 σεώς
2565 879 2623 916 τε
2673 864 2767 917 καὶ
2806 864 3018 934 φρενῶν
3063 866 3297 936 ἐρήμοις
3328 862 3719 932 ἀκολουθῆσαι,
3756 864 3855 916 καὶ
3878 865 3973 915 αὐ-

2392 959 2506 1018 τοῖς
2543 956 2634 1008 ῖσα
2656 956 2749 1009 καὶ
2773 956 2909 1009 θεῶν
2929 959 3328 1028 προσανέχειν;
3355 956 3475 1009 Ἵνα
3502 954 3622 1007 τίνα
3661 955 3797 1023 γοῦν
3834 956 3975 1008 ἐκεῖ-

2397 1046 2489 1099 θεν
2536 1047 2743 1101 ἐλπίσω
2768 1063 2781 1111 ;
2812 1046 2992 1101 ’Ἰνατί
3016 1048 3071 1100 δὲ
3098 1047 3372 1116 κερδάνω;
3401 1045 3559 1109 Είπὲ,
3584 1046 3677 1097 καὶ
3705 1043 3967 1113 δέχομαι·

2397 1139 2570 1205 δεῖξόν
2605 1157 2695 1210 μοι
2733 1139 2785 1193 τί
2816 1139 3053 1210 χρηστὸν
3083 1138 3183 1206 τῆς
3214 1140 3299 1191 ἐπ’
3331 1135 3475 1191 αὐτὰ
3522 1137 3584 1188 σὺ
3640 1134 3972 1203 προσδοκίας

2400 1233 2728 1296 ἁπέλαυσας,
2758 1233 2852 1285 καὶ
2888 1232 3169 1299 πείθομαι.
3208 1230 3345 1284 Ἀλλ’
3368 1227 3475 1283 οὐκ
3498 1226 3560 1280 ἂν
3592 1226 3737 1297 ἔχοις
3769 1228 3972 1278 εἰπεῖν·

2402 1327 2617 1399 ἀληθῶς
2654 1328 2766 1396 γὰρ
2790 1326 2861 1379 τὰ
2899 1325 3119 1379 εἴδωλα
3166 1323 3285 1379 τῶν
3328 1321 3525 1379 ἐθνῶν
3560 1320 3851 1390 ἀργύριον
3880 1318 3975 1373 καί

2404 1420 2681 1488 χρυσίον,
2711 1419 2853 1488 ἔργα
2880 1416 3091 1487 χειρῶν
3116 1416 3462 1485 ἀνθρώπων.
3492 1412 3723 1482 Ὅμοιοι
3770 1411 3975 1477 αὐτοῖς

2404 1514 2670 1583 γένοιντο
2696 1516 2749 1567 οἱ
2780 1510 3061 1580 τιμῶντες
3113 1510 3452 1579 αὐτά.Πρδς
3508 1506 3686 1562 ταῦτα
3750 1505 3978 1576 μηδενὸς

2405 1606 2609 1675 ἀπέχου
2642 1599 2716 1657 ὧν
2749 1604 2951 1674 βούλει.
2986 1603 3117 1657 Ἰδού
3156 1620 3239 1656 σοι
3267 1604 3357 1655 καὶ
3391 1601 3597 1672 σάρκες
3629 1598 3863 1667 πάσχειν
3893 1597 3977 1650 διὰ

2406 1696 2639 1768 Χριστὸν
2677 1696 2909 1766 ἕτοιμοι,
2962 1696 3053 1749 καὶ
3090 1695 3291 1766 μᾶλλον
3323 1694 3356 1766 ἢ
3389 1692 3455 1745 σὺ
3493 1689 3750 1753 κολάζειν
3812 1690 3975 1757 ἡμᾶς.

2424 1788 2687 1841 Ἐνταῦθα
2744 1790 2819 1860 μὴ
2855 1788 2993 1858 ἔχων
3028 1790 3055 1842 ὁ
3089 1787 3290 1859 μιαρὸς
3328 1789 3354 1840 ὃ
3376 1803 3429 1839 τι
3474 1785 3569 1837 καὶ⁵
3618 1780 3865 1851 δρᾶσειε,
3891 1780 3980 1831 καὶ

2420 1881 2581 1945 ποίας
2603 1882 2710 1953 ἄρα
2739 1885 2837 1954 τῆς
2868 1882 3081 1945 ἐλπίδος
3130 1880 3409 1944 ἀνθέξεται
3470 1876 3581 1947 (διὰ
3612 1875 3834 1928 πάντων
3856 1887 3980 1940 τρο-

2414 1976 2531 2029 πῶν
2555 1975 2949 2046 ἀπεκρούσθη),
2984 1973 3078 2028 καὶ
3111 1972 3308 2041 ταύτην
3329 1973 3421 2025 ἐπὶ
3451 1969 3546 2022 τοῦ
3584 1967 3746 2032 ξύλου
3778 1978 3980 2033 μετεω-

2416 2069 2579 2137 ρίζει,
2603 2068 2699 2122 καὶ
2742 2066 3007 2133 διαξαίνει
3038 2064 3274 2132 σιδηροῖς
3303 2062 3504 2127 ὄνυξιν.
3543 2060 3685 2115 Ἀλλ’
3726 2056 3980 2125 οὐδεμίαν

2414 2162 2550 2229 πρὸς
2583 2161 2754 2214 ταῦτα
2777 2159 2959 2228 ἐκείνη
2977 2157 3096 2210 οὐδὲ
3120 2155 3303 2225 φωνὴν
3322 2154 3441 2206 οὐδὲ
3476 2150 3787 2218 στεναγμὸν
3810 2148 3979 2217 ἠφίει,

2415 2254 2628 2325 φανερὰ
2683 2254 2739 2306 δὲ
2770 2250 2838 2324 ἦν
2886 2248 3228 2305 συλλαλοῦσα
3281 2247 3419 2317 Θεῷ.
3494 2246 3603 2299 Καὶ
3639 2242 3802 2297 τοῦτο
3847 2242 3978 2309 αὐτῇ

2415 2347 2482 2399 τά
2514 2362 2576 2413 γε
2612 2343 3016 2411 ὑποκινούμενα
3064 2341 3219 2411 χείλη
3248 2338 3548 2399 ἐδίδασκον,
3600 2336 3695 2387 καὶ
3751 2334 3802 2385 οἱ
3850 2333 3981 2401 πρὸς

2413 2437 2677 2507 οὐρανοὺς
2727 2436 3006 2506 αἱρόμενοι
3052 2431 3340 2503 ὀφθαλμοί.
3395 2429 3455 2482 '0
3500 2426 3681 2480 τοίνυν
3728 2422 3982 2482 ἀσύνετος

2415 2532 2619 2595 ἐκεῖνος
2663 2530 2875 2598 λόγους,
2901 2528 3039 2599 αὐτῇ
3064 2528 3158 2580 καὶ
3194 2524 3355 2579 πάλιν
3375 2522 3477 2575 οὐκ
3498 2519 3771 2578 ἁὸιάστως
3790 2512 3981 2582 ἐπῆγε.

2416 2626 2509 2679 καὶ
2543 2623 2690 2677 θύειν
2716 2622 2804 2675 διὰ
2849 2620 2943 2673 τοῦ
2995 2622 3234 2691 κήρυκος
3274 2615 3520 2678 ἐκέλευε,
3564 2613 3659 2663 καί
3709 2606 3986 2661 ἀπαλλάτο

2416 2716 2605 2771 τεσθαι
2634 2714 2740 2768 τῶν
2765 2713 3040 2783 βασάνων.
3079 2710 3141 2763 ἸΙ
3167 2708 3245 2772 δὲ,
3273 2707 3494 2761 Τέθυκα
3511 2700 3782 2773 ἐμαυτὴν,
3814 2699 3983 2765 ἔλεγε,

2417 2809 2574 2878 κάγὼ
2602 2808 2681 2879 τῷ
2728 2807 2920 2878 Κυρίῳ
2955 2821 3080 2876 μου,
3114 2802 3181 2857 δι’
3211 2800 3271 2855 ὃν
3305 2801 3398 2853 καὶ
3438 2799 3501 2851 τὸ
3557 2793 3750 2848 παθεῖν
3804 2790 3984 2863 ἡδονὴ,

2417 2901 2511 2956 καὶ
2536 2902 2594 2954 τὸ
2619 2899 2910 2953 ἀποθανεῖν
2933 2895 3144 2968 κέρδος.
3168 2893 3240 2947 Τὸ
3258 2892 3313 2946 δὲ
3335 2891 3445 2961 ἄρα
3471 2887 3696 2960 μείζονα
3718 2884 3798 2955 τῷ
3820 2884 3985 2953 ἀδίκῳ

2416 2996 2577 3064 κριτῇ
2605 2994 2703 3062 τὴν
2734 2991 2931 3063 μανίαν
2956 2988 3227 3057 ὑφῆπτεν.
3245 2984 3409 3039 Ὅθεν
3434 2983 3531 3037 καὶ⁵
3566 2980 3787 3051 μοχλοῖς
3816 2977 3984 3045 αὐτὴν

2419 3061 2957 3154 σιδηροῖςσυνὲτριδε
2978 3080 3073 3132 καὶ
3102 3075 3353 3130 συνέθλα.
3386 3071 3551 3126 Ἀλλὰ
3574 3074 3672 3124 καὶ⁸
3695 3068 3901 3138 ταύτης
3921 3061 3985 3135 ἦν

2420 3178 2635 3239 πάντως
2667 3175 2694 3226 ὀ
2724 3176 2833 3228 τῶν
2862 3172 3109 3242 ἀδελφῶν
3141 3168 3274 3230 Θεὸς
3309 3165 3518 3236 ὁμοίως
3564 3162 3868 3232 κηδόμενος
3899 3159 3990 3210 καὶ

2414 3272 2587 3340 τῆςτε
2613 3266 2849 3337 βασάνου
2870 3264 3093 3333 κρατεῖν
3120 3258 3292 3311 ἐποίει
3314 3256 3410 3321 τῆς
3442 3250 3714 3320 ἀπηνοῦς,
3735 3248 3833 3301 καὶ
3858 3244 3988 3314 πρὸς

2417 3361 2585 3428 αὐτὴν
2620 3356 2873 3409 ἵστασθαι
2906 3354 3171 3420 γενναίως
3204 3350 3302 3419 τὴν
3343 3343 3509 3415 φύσιν
3530 3357 3546 3372 °
3579 3339 3700 3395 εἶτα
3728 3340 3824 3393 καὶ
3854 3336 3987 3408 πρὸς

2420 3450 2611 3503 ἑαυτὸν
2674 3446 3090 3518 μετακαλεῖται,
3131 3446 3228 3497 καὶ
3282 3441 3377 3511 τὴν
3411 3438 3595 3509 ψυχὴν
3634 3438 3669 3507 ἡ
3719 3432 3990 3504 παρθένος

2418 3545 2530 3605 τοῖς
2562 3540 2783 3603 κόλποις
2810 3537 2983 3608 ἡδέως
3009 3542 3107 3590 τοῦ
3141 3532 3372 3604 ἐραστοῦ
3399 3528 3751 3584 ἀποτίθεται.

2490 3632 2544 3688 l'.
2601 3632 2659 3683 Ὀ
2695 3631 2877 3689 ἄδικος
2931 3628 3112 3680 τοίνυν
3167 3625 3381 3695 κριτὴς,
3415 3622 3516 3690 τὴν
3561 3622 3626 3671 ὲκ
3672 3616 3769 3670 τοῦ
3824 3613 3993 3682 θυμοῦ

2426 3724 2744 3795 συμμαχίαν
2768 3740 2839 3774 πα
2850 3718 3120 3791 ραλαὸὼν,
3145 3716 3240 3770 καὶ
3262 3714 3444 3773 αὐτοῖς
3470 3708 3858 3777 ἐπιστρατεύει
3889 3708 3996 3765 τοῖς

2424 3822 2638 3889 νεκροῖς
2686 3816 2926 3886 σώμασι,
2974 3815 3071 3866 καὶ
3105 3812 3333 3878 κάμινον
3388 3805 3626 3874 ἀνάψας,
3680 3801 3778 3854 καὶ
3830 3797 3996 3866 πολλῇ

2426 3914 2629 3983 ταύτην
2662 3910 2763 3982 ὕλῃ
2802 3908 2895 3961 καὶ⁸
2950 3903 3229 3976 ἐπιτηδεία
3285 3898 3513 3969 θρέψας,
3565 3892 3840 3958 ἀκοντίζει
3885 3895 3997 3943 κατ’

2430 4007 2597 4073 αὐτῆς
2634 4006 2701 4059 τὰ
2731 4000 3048 4074 μαρτυρικά
3100 3998 3347 4067 σώματα.
3374 3993 3509 4054 Θεὸς
3540 3992 3595 4044 δὲ
3625 3992 3653 4044 ὁ
3681 3988 3791 4042 τῶν
3817 3985 3999 4055 ψυχῶν

2432 4097 2667 4168 ἐραστὴς
2706 4096 2825 4147 οὐδὲ
2857 4093 2967 4144 τῶν
3023 4090 3290 4157 σωμάτων
3324 4085 3521 4153 ἡμέλει
3547 4098 3560 4111 ⁸
3586 4081 3726 4135 ἀλλά
3762 4076 3999 4148 βροντῶν

2436 4192 2618 4261 μέντοι
2658 4186 2847 4257 χρῆμα
2877 4182 2972 4236 καὶ
2995 4178 3293 4252 ἀστραπῶν
3317 4175 3518 4242 ἀθρόον
3568 4172 3999 4239 καταρῥαγεῖσαι

2434 4281 2803 4352 προφθάνουσι
2842 4280 2904 4331 τὸ
2947 4277 3047 4345 τῆς
3106 4270 3338 4342 καμίνου
3400 4264 3535 4335 πῦρ,
3574 4262 3671 4315 καὶ
3722 4260 3887 4314 αὑτὸν
3918 4260 4003 4310 τὸν

2436 4374 2725 4436 δικάζοντα
2759 4374 2855 4422 καὶ
2884 4371 2945 4421 τὸ
2978 4362 3419 4435 ὑπηρετοὺμενον
3470 4354 3621 4423 αὐτῷ
3674 4350 3903 4423 πλῆθος,
3926 4350 4003 4405 αἱ·

2441 4466 2607 4534 θάλην
2639 4462 2949 4516 δεικνύουσι
2981 4459 3075 4511 καὶ
3100 4453 3354 4523 ἀσϐὁλην.
3389 4451 3502 4504 Kal.
3540 4446 3700 4501 τοῦτό
3730 4463 3797 4513 γε
3828 4442 4005 4514 προοί-

1777 4538 2163 4567 ιμυ.....ν-....-,
2249 4538 2315 4559 Ἰ-

1777 4584 2084 4643 Vehemens
2156 4591 2318 4638 auten

2446 4578 2565 4630 μιον
2590 4558 2687 4627 τῆς
2730 4553 3090 4624 ἀτελευτήτου
3145 4548 3372 4618 γεέννης
3404 4538 3590 4615 εὗρον,
3634 4542 3684 4595 οἱ
3718 4539 3816 4593 καὶ
3849 4538 4005 4609 μόνης

2439 4654 2654 4721 ἐκείνης
2724 4651 2798 4711 ὡς
2857 4646 3073 4716 ἀληθῶς
3120 4644 3279 4707 ἄξιοι.
3347 4638 3537 4693 ’Υετδς
3568 4636 3626 4687 δὲ
3665 4633 3811 4686 κατά
3846 4630 4006 4690 πόδας

2444 4747 2696 4817 ῥαγδαῖος
2751 4737 3032 4794 ἐπιπεσὼν
3072 4730 3316 4788 σόεννύει
3350 4728 3449 4798 τὴν
3484 4728 3736 4795 κάμινον,
3782 4723 3878 4774 καὶ
3917 4736 4006 4771 πο-

2442 4812 2664 4899 θούσαις
2702 4834 2903 4887 αὐτίκα
2938 4828 3097 4899 χερσὶ
3122 4824 3192 4879 τὰ
3228 4818 3541 4889 παρθενικά
3584 4814 3821 4885 λείψανα
3849 4812 3899 4866 οῖ
3927 4812 4010 4863 εὑ-

2448 4932 2625 4993 σεόεῖς
2674 4926 3017 4995 ἀνελόμενοι,
3051 4919 3148 4974 καὶ
3192 4912 3517 4995 διαπρεπῶς
3549 4906 3934 4980 κοσμήσαντές
3957 4919 4010 4956 τε

2442 5026 2536 5078 καὶ
2572 5038 2635 5074 πε
2647 4994 3039 5087 ριστείλαντες,
3071 5014 3239 5081 τάφον
3270 4994 3457 5068 αὐτοῖς
3488 5009 3546 5058 ὲν
3567 5001 3642 5072 τῷ
3666 5000 3771 5069 τῆς
3803 4996 4011 5052 τελειώ-

2446 5134 2581 5178 σεως
2613 5114 2823 5184 ἔχωσαν
2852 5112 3024 5177 τόπῳ,
3046 5105 3181 5160 Θεοῦ
3214 5103 3306 5154 καὶ
3337 5097 3513 5152 ταῦτα
3536 5092 4013 5166 Θαυματουργοῦν-

2448 5228 2559 5273 τος,
2598 5208 2746 5269 ὅπως
2779 5205 2843 5267 ἀς
2880 5205 2981 5271 μία
3029 5199 3241 5267 γαστὴρ
3265 5194 3443 5256 ῶδινε,
3473 5192 3680 5254 ταύτας
3725 5188 3822 5241 καὶ⁸
3854 5189 4010 5255 τάφος

2450 5301 2527 5365 εἷς
2565 5301 2825 5367 πιστευθῇ
2847 5314 2860 5328 ·
2894 5296 2986 5347 καὶ
3030 5289 3105 5347 ῶν
3139 5291 3233 5344 ἕνα
3270 5289 3361 5341 καὶ
3406 5286 3503 5338 τὸν
3534 5281 3699 5336 αὑτὸν
3740 5282 3932 5351 ἔλαχον
3964 5280 4010 5331 αἱ

2451 5396 2618 5469 ψυχαὶ
2650 5392 2937 5462 νυμφῶνα,
2963 5387 3168 5456 τούτων
3202 5382 3335 5453 μηδὲ
3367 5382 3398 5448 ἡ
3431 5376 3591 5449 κωφὴ
3616 5376 3814 5445 διαστῇ
3840 5376 4008 5435 κόνις·

2414 5541 2427 5552 ,
2454 5468 2564 5546 ἀλλ’
2608 5480 2715 5539 εἷεν
2748 5481 2977 5548 ἀδελφαὶ
3010 5481 3111 5532 κάν
3147 5475 3220 5545 τῷ
3248 5473 3369 5543 βίῳ,
3395 5470 3625 5539 ἀδελφαὶ
3656 5471 3763 5522 κάν
3801 5471 3912 5531 τοῖς
3935 5468 4015 5519 οὗ.

2457 5582 2659 5653 ρανοῖς,
2690 5573 2918 5643 ἀδελφαί,
2952 5572 3052 5623 κάν
3090 5571 3155 5639 τῇ
3210 5569 3277 5634 γῇ
3329 5563 3739 5634 ὃεικνυόμεναι.
3785 5559 4012 5630 Titi.st
