4158 6484
206 405 315 468 665

1133 414 1315 476 νΙΤΑ
1352 416 1416 478 S.
1448 417 1887 482 THEODOR/E
1930 425 2534 491 ALEXANDRINIE.

3354 440 3460 506 666

204 539 261 575 τι
282 524 361 582 εις
379 519 539 591 δεῦρο
564 524 677 594 πρὸ,
697 522 774 593 τῷ
794 524 946 597 τάφῳ
969 527 1149 583 αὐτῶν
1183 530 1325 601 ἱερὸν
1357 532 1593 603 ἵδρυται,
1622 536 1768 589 οίον-

1875 540 2017 595 diem
2047 546 2283 611 positum
2313 557 2396 601 est
2424 548 2476 601 in
2509 563 2695 603 earnm
2765 552 3042 624 sepulcro,
3072 556 3248 615 instar
3276 563 3463 633 cujus-

201 613 253 665 εί
300 627 423 665 τινα
463 617 723 684 ποταμὸν,
752 618 896 672 ἔνδον
928 622 1225 692 προχέοντι
1263 624 1538 694 θαύματα.

271 707 375 761 IA'.
414 708 831 764 Ἀκουσάτωσαν
858 713 1030 768 ταῦτα
1066 717 1160 768 καὶ
1193 717 1430 787 ἀδελφαὶ
1479 722 1576 775 καὶ
1640 740 1777 795 παρ-

201 796 366 861 θένοι,
402 800 493 851 καί¹
517 801 638 853 ὅσαι
674 802 777 854 ὑπὸ
822 804 1005 872 ζυγόν.
1035 809 1145 861 Καὶ
1174 814 1229 862 αἱ
1262 812 1362 879 μὲν
1396 812 1572 876 οὕτως
1612 815 1775 887 ἀλλή-

200 889 299 949 λας
331 890 680 957 φιλείτωσαν,
710 896 765 946 αἱ
796 894 852 947 δὲ
889 895 959 966 μὴ
991 898 1090 964 τῆς
1116 902 1328 965 οἰκείας
1365 911 1776 971 καταγινωσκὲ-

198 997 382 1033 τωσαν
422 983 637 1051 φύσεως
671 985 945 1055 ’Ἀνέῳγε
1002 990 1109 1059 γὰρ
1170 994 1264 1044 καὶ
1325 995 1569 1061 γυναιξὶν
1618 998 1769 1064 ήτοῦ

202 1074 508 1143 μαρτυρίου
559 1074 699 1143 θύρα
719 1091 733 1107 ο
788 1078 957 1130 πᾶσαι
989 1078 1044 1130 δὲ
1068 1080 1269 1149 ὁμοίως
1296 1084 1389 1135 καὶ
1417 1085 1653 1140 θανάτου
1683 1088 1773 1142 διὰ

198 1163 438 1231 Χριστὸν
473 1166 566 1218 καὶ
603 1169 820 1229 πάντως
851 1173 1389 1242 καταφρονείτωσαν,
1427 1176 1517 1230 ἵνα
1549 1180 1644 1232 καὶ
1665 1182 1773 1234 τῶν

198 1254 403 1321 ὁμοίων
433 1258 583 1321 παρὰ
612 1258 710 1326 τῆς
744 1260 907 1311 αὐτοῦ
942 1261 1357 1333 φιλανθρωπίας
1390 1268 1485 1319 καὶ
1515 1269 1615 1337 τῆς
1639 1288 1773 1340 χρη-

202 1348 461 1414 στότητος
481 1350 868 1414 ἀπολαύσειαν,
903 1345 979 1404 ὦν
1012 1354 1222 1421 γένοιτο
1251 1358 1462 1422 πάντας
1484 1363 1627 1430 ἡμᾶς
1651 1363 1775 1416 ἑπι-

196 1441 383 1507 τυχεῖν
428 1442 615 1508 χάριτι
663 1444 756 1493 καὶ
818 1442 1204 1517 φιλανθρωπίᾳ
1237 1448 1330 1501 τοῦ
1377 1451 1582 1521 Κυρίου
1615 1443 1772 1521 ἡμῶν

211 1529 388 1596 ’1ησοῦ
448 1530 705 1598 Χριστοῦ,
773 1534 890 1600 μεθ’
949 1530 1010 1588 οὗ
1041 1536 1118 1606 τῷ
1150 1538 1326 1608 Πατρὶ
1380 1539 1497 1608 ἅμα
1525 1540 1603 1609 τῷ
1631 1542 1769 1612 ἁγίῳ

200 1617 483 1687 Πνεύματι
541 1620 690 1687 δόξα,
729 1624 885 1694 τιμὴ,
915 1629 1117 1695 κράτος
1165 1630 1261 1681 νῦν
1294 1630 1388 1682 καὶ
1422 1630 1533 1693 ἀεὶ,
1557 1634 1651 1685 καὶ
1688 1636 1767 1694 εἰς

196 1710 324 1774 τοὺς
356 1712 561 1776 αἰῶνας
581 1713 689 1766 τῶν
720 1717 956 1770 αίὼνων.
999 1718 1191 1788 Ἀμήν.

869 1908 1167 1919 -————_

1878 632 2000 686 dam
2033 633 2181 689 ﬂuvii
2210 638 2356 693 intus
2388 639 2674 696 eﬂ'undens
2705 642 2989 699 miracula.

1948 723 2038 779 XI.
2070 726 2194 783 Haec
2230 731 2454 784 audiant
2500 748 2740 796 sorores,
2776 746 2829 790 et
2880 738 3149 796 universa
3178 744 3457 811 mulieres,

1879 823 1988 869 tam
2016 817 2267 888 virgines,
2305 837 2467 889 quam
2503 840 2624 893 quae
2656 836 2781 882 sunt
2816 831 3124 898 conjunctae
3169 836 3456 892 matrimo-

1876 906 1990 960 nio.
2059 908 2123 962 Et
2168 911 2507 981 illeqnidem
2559 916 2637 970 sic
2677 932 2736 972 se
2777 919 3008 975 invicem
3047 924 3314 993 diligant;
3342 927 3459 983 haec

1874 1008 2055 1052 autem
2092 1015 2243 1056 suam
2281 1020 2387 1057 non
2419 1007 2784 1064 condemnent
2836 1022 3108 1070 naturam.
3140 1016 3270 1070 Nam
3298 1019 3459 1089 femi-

1870 1090 1957 1144 nis
1988 1106 2200 1161 quoque
2230 1106 2413 1163 aperta
2441 1108 2523 1151 est
2546 1100 2703 1166 ianua
2744 1105 3002 1172 martyrii.
3035 1106 3237 1163 Omnes
3267 1120 3450 1168 autem

1872 1180 2132 1235 similiter
2159 1192 2213 1237 et
2244 1193 2474 1239 mortem
2503 1197 2557 1241 et
2586 1190 3152 1261 omniacontemnant,
3181 1208 3237 1252 ut
3260 1200 3456 1254 similia

1868 1286 2083 1342 qunque
2114 1286 2521 1343 consequantur
2553 1279 2621 1332 ab
2662 1281 2781 1349 ejus
2817 1283 3058 1339 b0nilate
3086 1295 3140 1340 et
3200 1289 3455 1361 benigni-

1876 1373 2003 1419 tate.
2038 1365 2167 1430 Qua:
2193 1367 2355 1420 detur
2387 1369 2547 1422 nobis
2587 1372 2841 1426 omnibus
2887 1379 3145 1443 consequi
3198 1382 3364 1449 gratia
3402 1394 3459 1437 et.

1873 1456 2204 1525 benignitate
2238 1458 2448 1512 Domini
2491 1462 2660 1515 nostri
2706 1462 2832 1517 Jcsu
2874 1466 3101 1532 Christi,
3166 1486 3287 1524 cum
3347 1489 3454 1542 quo

1868 1541 2010 1595 Patri
2045 1547 2207 1605 simul
2241 1562 2364 1601 cum
2394 1561 2585 1605 sancto
2651 1553 2854 1623 Spiritu
2911 1558 3100 1626 gloria,
3166 1562 3339 1616 honor
3369 1541 3375 1542 ί
3401 1575 3458 1619 et

1865 1636 2128 1703 potentia,
2161 1654 2305 1693 nunc
2338 1651 2390 1693 et
2412 1656 2645 1713 semper,
2683 1656 2738 1700 et
2772 1648 2827 1700 in
2882 1652 3078 1704 saecula
3110 1654 3455 1711 szeculorum.

1866 1729 2068 1782 Amen.

213 1877 3441 1952 mm

1287 2054 1534 2139 ΒΙοΣ
1608 2054 1804 2138 ΚΑΙ
1878 2054 2423 2146 ΠΟΛΙΤΕΙΑ

1346 2232 1484 2286 ΤΗΣ
1526 2235 1726 2289 ΟΣΙΑΣ
1773 2239 2059 2294 ΜΗΤΡΟΣ
2097 2240 2292 2295 ΗΜΩΝ

330 2396 1235 2539 ΘΕΟΔΩΡΑΣ
1347 2416 1688 2542 ΤΗΣ
1808 2423 2016 2548 ΕΝ
2135 2409 3335 2551 ΑΛΕΞΑΝΔΡΕΙΑ.

1087 2839 1362 2927 VITA
1467 2841 1617 2929 ΕΤ
1722 2840 2559 2937 CONVERSATIO

1464 3029 1523 3087 S.
1577 3030 1838 3087 MATRIS
1883 3030 2182 3091 NOSTRA‘]

418 3209 1525 3367 THEODORZE

1727 3215 2506 3375 ALEXAN
2517 3227 2977 3380 DRIN
2988 3229 3219 3379 1E.

976 3480 1171 3543 (Latine
1200 3483 1328 3547 apud
1356 3484 1559 3534 Surium
1593 3484 1734 3547 Sept.
1764 3484 1845 3546 ll,
1883 3486 2054 3539 Graece
2087 3501 2153 3540 ex
2177 3502 2271 3540 ms.
2313 3490 2467 3541 Paris.
2499 3490 2654 3554 15:6.)

1750 3661 1818 3679 -ι

242 3814 326 3871 A'.
367 3816 557 3885 Ζήνων
602 3815 700 3887 μὲν
743 3817 845 3890 ἤδη
890 3818 990 3890 τὴν
1021 3820 1403 3892 αὐτοκράτορα
1442 3820 1743 3892 Ῥωμαίοις
1778 3832 1785 3885 1

1919 3819 2064 3876 Zeno
2101 3823 2318 3890 quidem
2352 3826 2659 3883 Romanum
2701 3829 2810 3900 jam
2867 3829 3086 3891 tenebat
3126 3830 3435 3901 imperium.

167 3907 381 3962 διεῖπεν
440 3907 649 3981 ἀρχὴν,
709 3911 1017 3982 Γρηγόριος
1077 3914 1134 3968 δὲ
1184 3916 1284 3984 τὴν
1343 3914 1437 3967 τοῦ
1494 3915 1745 3985 ὑπάρχου

167 4000 426 4067 ἐξουσίαν
474 4002 531 4053 ἑν
572 4005 637 4070 τῇ
682 4004 803 4055 κατ’
833 4004 1106 4066 Αἴγυπτον
1161 4000 1307 4074 εἶχεν
1340 4005 1742 4076 Ἀλεξανδρείᾳ.

184 4095 250 4147 Ἡ
288 4094 346 4146 δὲ
378 4092 439 4145 οὺ
470 4094 725 4147 τοσοῦτον
758 4094 847 4145 ἐπ’
879 4095 1027 4167 ἄλλῳ
1055 4097 1164 4149 τῶν
1206 4097 1465 4152 ἁπάντων
1492 4096 1744 4162 Ἀλεξάν-

164 4186 325 4255 δρεια
392 4186 518 4239 ὅσον
578 4187 674 4240 ἐπὶ
749 4187 1002 4260 Θεοδώρᾳ
1050 4190 1253 4257 μᾶλλον
1301 4190 1740 4254 ἐκαλλωπίζετο,

163 4280 283 4345 οἵας
346 4280 553 4351 μητρὸς
614 4282 786 4352 αὐτῆς
848 4281 1145 4353 ὑπάρξασα
1205 4283 1301 4337 καὶ
1358 4285 1599 4354 πατρὶς,
1648 4286 1744 4340 καὶ

161 4372 417 4427 τοιοῦτον
443 4372 617 4439 ἀγενῆ
649 4374 844 4428 κλάδον
869 4376 1164 4442 άναδοῦσα,
1203 4377 1300 4429 καὶ
1344 4375 1488 4430 οὕτω
1536 4378 1742 4442 πάσαις

168 4465 415 4534 βρύοντα
438 4462 676 4533 χάρισιν.
729 4466 820 4518 Ἐν
866 4468 1006 4539 αὐτῇ
1045 4469 1155 4537 γὰρ
1203 4471 1237 4539 ή
1277 4469 1454 4541 σεμνὴ
1484 4470 1561 4540 τῷ
1602 4469 1740 4534 ὄντι,

161 4557 254 4611 καὶ
318 4555 526 4626 κοσμία
573 4559 688 4622 τοῖς
734 4558 914 4629 ἢθεσι,
968 4560 1067 4623 τὰς
1121 4561 1178 4612 ἐν
1229 4562 1420 4630 κόσμῳ
1454 4562 1741 4632 διατριϐάς

160 4649 444 4701 ἐποιεῖτοθ
472 4647 637 4719 ἁνδρὶξ
690 4649 791 4719 μὲν
866 4652 1142 4704 συνοικεῖν
1182 4651 1425 4724 λαχοῦσα
1467 4653 1739 4724 συναφεῖς,

158 4740 343 4810 γάμου
385 4742 452 4811 τῇ
488 4742 631 4794 κατὰ
657 4743 844 4813 νόμον,
878 4744 1055 4816 ταύτῃ
1086 4745 1141 4799 δὲ
1174 4748 1270 4799 καὶ
1300 4747 1476 4810 ἄλλως
1509 4747 1610 4818 μὲν
1640 4748 1738 4818 τὴν

155 4834 525 4903 ὀφειλομένην
544 4837 658 4897 τοῖς
681 4836 908 4904 ἀνδράσι
934 4839 1100 4906 τιμὴν
1122 4842 1474 4911 ἀπονέμουσα
1502 4842 1737 4912 μάλιστα

154 4925 213 4976 δὲ
268 4924 350 4991 τῷ
388 4926 823 4995 σωφρονεστάτη
868 4944 928 4980 τε
984 4927 1124 4981 εἶναι
1158 4945 1172 4961 ·
1212 4932 1318 4983 τῶν
1364 4934 1420 4985 ἐν
1461 4938 1526 5004 τῇ
1580 4936 1734 4987 πόλει

155 5014 352 5071 πασῶν
377 5016 599 5077 οἰκείως
628 5036 684 5071 τε
718 5020 854 5089 πρὸς
892 5019 1085 5075 τοῦτον
1125 5024 1219 5076 καὶ
1273 5026 1478 5090 πιστῶς
1530 5027 1733 5081 διακεῖ-

156 5109 308 5174 σθαι,
341 5108 438 5162 καὶ
462 5108 714 5179 καθαρὰν
748 5113 897 5183 αὐτῷ
920 5114 1017 5185 τὴν
1052 5116 1288 5187 στοργὴν
1318 5118 1610 5185 φυλάττειν
1643 5121 1733 5171 καὶ

154 5201 346 5263 πόθοις
398 5204 672 5273 ῥυπαροῖς
713 5203 1096 5273 ἀνεπίμικτον.
1154 5208 1371 5281 Ἐπειδὴ
1427 5212 1482 5265 δὲ
1535 5216 1732 5266 ἀνεπι-

150 5294 375 5363 λήπτως
398 5292 728 5360 ἀγαπῶντας
760 5296 909 5366 βιοῦν
946 5298 1045 5351 οὐκ
1078 5298 1158 5353 ἔτι
1203 5304 1277 5373 μὴ
1307 5304 1514 5368 καὶτὰς
1544 5306 1606 5359 ἐκ
1635 5305 1732 5358 τοῦ

1850 3914 2141 3987 Gregorius
2188 3927 2369 3972 autem
2435 3922 2678 3989 pnel'ecti
2711 3924 2930 3993 gerebat
2960 3923 3330 3993 magistratum
3377 3926 3433 3980 in

1849 4006 2210 4064 Alexandrina
2235 4009 2447 4081 Αἴθῃ)ιί
2474 4011 2718 4067 civitate.
2746 4014 3068 4074 Alexandria
3086 4027 3266 4071 autem
3287 4019 3436 4073 nullo

1848 4116 1912 4155 ex
1969 4104 2224 4159 omnibus
2292 4105 2413 4161 aliis
2476 4114 2687 4162 tantum
2734 4109 3089 4180 gloriabatur,
3170 4122 3432 4181 quantum

1848 4191 2152 4255 Theodora,
2208 4204 2266 4247 ut
2291 4211 2412 4264 quae
2438 4207 2587 4250 esset
2622 4201 2740 4267 ejus
2772 4212 2963 4276 mater,
3005 4212 3059 4255 et
3133 4218 3254 4271 qua?
3310 4219 3428 4257 eam

1846 4294 2128 4355 pepererat
2152 4287 2345 4355 patria.
2379 4297 2434 4342 et
2468 4304 2679 4344 ramum
2713 4291 2973 4347 edidisset
2999 4303 3107 4347 tam
3141 4293 3428 4363 pulchrum

1846 4388 1899 4433 et
1928 4379 2180 4434 omnibus
2205 4380 2340 4434 adeo
2366 4392 2666 4438 scatentem
2703 4386 2910 4455 gratiis.
2936 4386 2993 4440 In
3022 4402 3083 4441 ea
3102 4388 3246 4441 enim
3275 4403 3429 4443 suam

1877 4468 2210 4522 mundanam
2278 4471 2511 4524 habebat
2568 4478 3035 4529 conversationem
3132 4478 3233 4530 ista
3304 4495 3430 4534 vere

1843 4560 2169 4625 veneranda,
2195 4569 2249 4615 et
2279 4571 2473 4617 ornata
2509 4564 2772 4631 moribus,
2802 4582 2927 4620 cum
2979 4568 3101 4623 viro
3133 4571 3426 4639 conjuncta

1844 4652 2084 4722 legitimo
2117 4653 2501 4717 matrimonio,
2556 4657 2603 4709 ei
2644 4658 2863 4724 quidem
2915 4675 3037 4713 eum
3088 4661 3179 4729 qui
3216 4662 3427 4715 maritis

1841 4748 2073 4801 debetur
2130 4748 2397 4805 honorem
2452 4748 2723 4813 tribuens;
2756 4752 2987 4806 maxime
3015 4764 3196 4806 autem
3256 4753 3327 4807 ab
3357 4768 3425 4808 eo

1841 4839 2055 4901 dilecta.
2085 4840 2236 4909 quod
2302 4853 2450 4896 esset
2486 4841 2793 4897 castissima
2850 4846 3094 4900 omnium
3122 4864 3241 4917 qua:
3267 4858 3425 4903 erant

1841 4929 1894 4984 in
1942 4931 2181 4996 civitate.
2244 4932 2614 5002 benevoleque
2660 4944 2716 4989 et
2754 4936 2987 4991 ﬁdeliter
3019 4938 3073 4991 in
3121 4956 3247 4996 eum
3277 4956 3425 4999 esset

1838 5022 2050 5084 aﬂ‘ccta,
2080 5032 2135 5076 et
2165 5039 2362 5091 purmn
2418 5024 2467 5079 ei
2533 5036 2779 5080 servaret
2828 5042 3093 5095 amorem,
3136 5040 3191 5086 et
3256 5034 3421 5088 nullis

1840 5112 2089 5183 turpibus
2110 5112 2409 5169 immistum
2440 5116 2748 5171 desideriis.
2772 5116 3040 5183 Quoniam
3066 5137 3197 5177 vero
3231 5124 3263 5176 ii
3295 5127 3419 5194 qui-

1836 5206 1939 5260 bus
1988 5206 2164 5271 placct
2198 5208 2375 5262 vivere
2408 5210 2545 5263 citra
2617 5212 3099 5280 reprehensionem
3143 5216 3256 5269 ﬁeri
3305 5233 3417 5273 non

1836 5306 2030 5367 potest,
2059 5308 2116 5353 ut
2144 5314 2249 5354 non
2280 5316 2663 5373 oppugnentur
2714 5306 2934 5377 maligni
2965 5308 3197 5374 insidiis,
3230 5315 3414 5380 gravis

148 5382 399 5455 πονηροῦ
434 5384 741 5454 προσϐολὰς
769 5389 1067 5460 δέχεσθαι,
1100 5395 1406 5465 πειρασμὸς
1451 5396 1733 5466 ἐγείρεται

1854 5405 2049 5459 [noque
2085 5392 2137 5445 in
2166 5408 2285 5447 eam
2320 5394 2388 5449 ab
2414 5395 2532 5465 ipso
2565 5396 2834 5453 excitatur
2861 5401 3111 5456 tentatio.
3147 5402 3238 5458 Ille
3266 5406 3410 5460 enim

150 5477 241 5529 καὶ
301 5475 482 5548 ταύτῃ
527 5475 719 5541 δεινός.
812 5481 1048 5545 Ἐκεῖνος
1081 5483 1189 5553 γάρ
1222 5487 1283 5538 τό
1316 5504 1373 5539 τε
1407 5487 1502 5540 τοῦ
1537 5489 1731 5555 ἀνδρὸς

1854 5497 1964 5536 uno
1994 5483 2190 5539 videns
2217 5486 2380 5554 hujus
2425 5488 2602 5543 mariti
2643 5490 3098 5553 moderationem.
3141 5507 3197 5549 et
3245 5497 3409 5567 hujus

148 5567 375 5638 σῶφρον
397 5568 562 5640 ὀρῶν,
590 5572 656 5641 τῇ
709 5588 768 5623 τε
812 5573 1105 5645 σεμνότητι
1126 5579 1223 5645 τῆς
1249 5576 1401 5641 ὁσίας
1423 5578 1727 5648 διαφθονῶν

1854 5582 2030 5628 anet-.e
2070 5576 2316 5632 invidens
2352 5580 2641 5644 honestati,
2674 5582 2926 5639 adhibuit
2963 5600 3126 5640 omne
3153 5588 3396 5643 studium

149 5660 315 5731 ἔργον
364 5660 522 5712 ἔθετο
578 5661 671 5713 καὶ
724 5663 965 5735 σπουδὴν
1017 5666 1115 5735 τὴν
1167 5667 1428 5737 τοιαύτην
1460 5671 1725 5739 συζυγίαν

1854 5674 1882 5717 τι
1905 5663 2262 5736 diligentiam,
2306 5679 2363 5724 ut
2393 5671 2533 5726 hanc
2569 5674 2906 5731 rescinderet
2935 5678 3399 5746 conjunctionem.

142 5752 455 5821 διατεμεῖν.

214 5840 289 5893 B'.
330 5842 439 5893 Καὶ
488 5842 550 5909 δή
608 5862 727 5898 τινα
783 5844 1019 5924 ῥεόντων
1070 5848 1313 5918 χρήμασι
1354 5849 1448 5902 καὶ
1496 5850 1713 5923 πλούτῳ

1897 5850 1961 5904 ll.
1989 5850 2286 5917 Quemdam
2324 5855 2504 5928 itaque
2527 5861 2813 5935 juvenem,
2846 5864 3083 5933 pecuniis
3114 5875 3166 5921 et
3200 5866 3395 5935 opibus
