4158 6466
718 427 824 495 66Ἱ

1959 408 2009 469 Μ
2021 408 2117 469 EN
2125 405 2242 467 SIS
2282 401 2749 463 SEPTEMBER.

3861 392 3969 458 668

719 548 998 604 onustum,
1030 537 1231 606 quibus
1265 548 1449 590 rerum
1489 531 1645 600 copia
1700 523 2080 597 suppeditabat
2132 523 2302 574 mate-

2413 515 2811 585 βαρυνομένων,
2843 506 2926 577 οἷς
2957 512 3055 584 ὕλη
3075 509 3211 583 πρὸς
3234 504 3450 581 οἶστρον
3484 510 3516 577 ἡ
3548 505 3802 575 ιῦθηνίσ,
3829 505 3969 574 πρδς

720 635 855 687 riam
888 629 954 685 ad
986 628 1265 684 stimulum
1327 622 1551 685 amoris,
1588 617 1833 675 incitavit
1864 613 1929 669 ad
1966 626 2085 667 eam
2108 621 2296 662 aman-

718 730 839 779 dam
869 731 1090 794 propter
1116 722 1398 774 florentem
1430 717 1548 786 ejus
1575 713 1830 783 speciem.
1852 708 1943 762 Illa
1975 715 2152 760 autem
2186 716 2293 755 non

721 831 937 879 nutum,
993 829 1100 869 non
1152 820 1387 881 gestum,
1426 822 1529 862 nec
1577 805 1869 876 quidquam
1922 799 2025 854 tale
2073 795 2297 850 omnino

722 911 1048 968 sustinente.
1080 904 1265 958 nullus
1301 917 1409 955 non
1470 899 1603 968 lapis
1636 898 1701 950 ab
1727 912 1793 949 eo
1842 891 2187 949 movebatur.
2239 896 2297 942 ut

724 1003 789 1059 ad
819 1000 1075 1054 effectum
1132 995 1356 1049 omnino
1385 992 1674 1047 deduceret
1713 988 1761 1040 id
1815 984 1959 1055 quod
2021 982 2300 1037 desidera-

724 1096 900 1155 batur;
937 1091 1070 1143 adco
1096 1097 1153 1141 ut
1179 1089 1295 1155 ejus
1330 1084 1624 1139 familiares
1656 1090 1705 1134 et
1740 1079 1970 1139 vicinas.
2009 1076 2074 1129 ad
2104 1076 2205 1128 hoc
2246 1074 2298 1126 ei

725 1183 1107 1241 inservientes,
1165 1178 1384 1233 assidue
1442 1173 1832 1228 transmitteret
1875 1165 2134 1236 quidquid
2186 1171 2301 1218 erat

723 1274 1079 1329 desiderabile
1143 1280 1197 1324 et
1266 1268 1545 1322 blandiens
1595 1262 1873 1332 cupiditati
1927 1276 1984 1313 se
2050 1260 2298 1312 daturum

728 1366 1009 1435 pollicens.
1053 1363 1142 1416 Illa
1172 1371 1352 1414 autem
1412 1359 1494 1411 his
1535 1357 1711 1409 verbis
1740 1365 1793 1409 et
1829 1352 2098 1406 illecebris
2133 1364 2299 1418 oppo-

726 1460 887 1513 nebat
913 1457 1054 1509 diem
1086 1452 1272 1523 judicii
1303 1462 1355 1505 et
1384 1452 1629 1502 timorem
1648 1447 1943 1517 gehennae:
1975 1443 2114 1508 Quin
2140 1442 2301 1496 etiam

731 1553 1019 1606 erubesco.
1056 1548 1290 1609 dicebat,
1322 1547 1405 1600 vel
1448 1545 1622 1612 ipsum
1656 1542 1823 1595 solem
1876 1538 2077 1593 habere
2109 1543 2299 1590 testem

730 1645 850 1698 talis
881 1642 1086 1713 flagitii.
1121 1642 1274 1706 Quod
1306 1640 1523 1709 quidem
1550 1637 1773 1691 verbum
1832 1649 1955 1688 cum
1997 1629 2302 1701 apprehen-

728 1738 897 1795 disset
929 1752 1035 1788 una
1066 1749 1130 1788 ex
1160 1732 1318 1794 lenis,
1339 1732 1461 1784 mali
1498 1730 1867 1783 accessionem
1903 1725 2109 1779 habens
2130 1730 2302 1776 artem

729 1830 1014 1894 magicam,
1068 1827 1168 1879 hoc
1203 1824 1251 1877 ei
1291 1821 1577 1891 prOposuit
1610 1819 1961 1888 probabiliter
1992 1832 2005 1868 :
2037 1813 2145 1866 Sed
2200 1813 2305 1865 hoc
2341 1848 2380 1901 Β

730 1916 1003 1986 inquiens,
1036 1932 1066 1969 a
1101 1927 1151 1971 te
1184 1916 1277 1969 flat
1316 1924 1435 1983 post
1460 1912 1590 1967 solis
1624 1924 1874 1963 occasum
1910 1916 1966 1961 et
1996 1905 2178 1959 nullus
2207 1901 2309 1957 erit

727 2009 821 2075 qui
862 2016 912 2061 te
944 2014 1229 2075 cognoscat
1262 2020 1276 2058 :
1305 2018 1483 2072 neque
1538 2000 1756 2054 futurus
1796 2006 1878 2052 est
1914 1997 2055 2051 ullus
2084 1993 2308 2049 omnino

732 2096 883 2149 testis
907 2096 1046 2165 apud
1084 2096 1270 2156 Deum.
1299 2106 1390 2147 aut
1423 2092 1565 2162 apud
1622 2090 1890 2145 homines.
1945 2086 2067 2141 Haec
2100 2084 2309 2140 audivit

728 2202 783 2240 et
809 2188 909 2241 fuit
942 2203 1034 2239 cor
1059 2186 1175 2255 ejus
1206 2187 1454 2254 protinus
1495 2185 1729 2236 illectum
1763 2191 1816 2233 et
1842 2179 2146 2234 seductum.
2180 2178 2310 2231 Erat

732 2281 878 2333 enim
900 2280 1096 2333 mulier
1124 2296 1242 2346 qua:
1271 2288 1463 2331 natura
1488 2275 1645 2330 facile
1673 2275 1791 2344 capi
1819 2282 2070 2343 potestet
2106 2271 2306 2339 decipi,

734 2384 789 2427 et
811 2372 1042 2426 maxime
1071 2371 1214 2440 quod
1243 2372 1478 2426 futurum
1515 2380 1660 2423 esset
1681 2378 1739 2422 ut
1761 2368 1960 2420 factum
1982 2366 2154 2417 Deum
2179 2362 2313 2414 late-

736 2481 838 2531 ret,
878 2483 977 2537 per
1007 2467 1251 2521 fraudem
1285 2466 1569 2519 audiverat
1600 2476 1655 2520 et
1684 2463 2011 2520 crediderat.
2043 2460 2108 2513 Et
2135 2457 2213 2516 sic
2244 2456 2312 2513 ad

734 2559 983 2613 effectum
1015 2557 1302 2612 deductum
1334 2566 1416 2612 est
1455 2558 1652 2612 malum
1688 2558 1808 2635 ejus
1848 2555 2166 2611 consilium.

807 2651 897 2704 lll.
932 2649 1214 2718 Postquam
1242 2660 1419 2705 autem
1454 2668 1511 2706 re
1544 2650 1685 2705 facta
1706 2666 1866 2718 quam
1922 2649 2100 2719 turpis
2125 2656 2181 2703 et
2217 2646 2305 2700 in-

737 2744 933 2797 decora
953 2758 1038 2796 res
1073 2742 1141 2796 sit
1172 2754 1477 2810 peccatum.
1511 2744 1774 2814 agnoscit.
1804 2743 2029 2798 acerbos
2104 2742 2313 2797 habens

739 2837 989 2889 stimulos
1019 2844 1071 2889 et
1115 2838 1270 2893 valde
1322 2848 1644 2908 compuncta
1679 2838 2017 2892 conscientia
2082 2835 2313 2890 cruciari

739 2931 921 2987 animo
950 2929 1117 2996 coepit
1166 2938 1221 2982 et
1259 2946 1442 2985 amara
1498 2930 1621 2983 duci
1674 2929 1994 2998 poenitentia
2056 2928 2244 2982 dicens
2296 2943 2310 2979 :

742 3020 817 3071 Ex
870 3021 1010 3087 quali
1048 3020 1254 3074 honore
1277 3021 1342 3074 ad
1378 3031 1634 3090 quantam
1673 3020 1863 3073 transii
1930 3019 2309 3088 ignominiam!

747 3108 1106 3164 «Putruerunt
1135 3119 1188 3164 et
1220 3120 1486 3179 corruptae
1516 3120 1643 3165 sunt
1667 3112 1945 3165 cicatrices
1964 3123 2094 3165 mea:
2122 3126 2153 3164 a
2180 3110 2316 3164 facie

2397 608 2488 661 τὸν
2550 607 2752 676 ταύτης
2798 604 2887 659 διὰ
2942 605 3042 676 τὴν
3093 600 3435 658 ἐπανθοῦσαν
3501 599 3653 670 ὥραν
3709 597 3966 663 ἐκίνησεν

2399 700 2601 769 ἔρωτα.
2640 698 2887 768 Ἐκείνης
2939 697 2996 751 δὲ
3052 697 3128 767 μὴ
3182 696 3380 766 νεῦμα,
3437 693 3510 764 μὴ
3540 692 3751 762 σχῆμα,
3798 686 3963 760 μηδὲν

2398 793 2533 854 ὅλως
2562 792 2670 844 τῶν
2711 791 2972 844 τοιούτων
3026 787 3386 858 ἀνεχομένης,
3428 785 3575 846 λίθος
3617 782 3770 848 αύτῷ
3818 781 3965 840 ἅπας

2400 886 2636 936 ἐκινεῖτο
2663 883 2763 936 τοῦ
2794 882 3015 944 πάντως
3054 884 3137 942 είς
3179 880 3341 949 ἔργον
3372 878 3599 944 ἀγαγεῖν
3634 874 3694 925 τὸ
3731 869 3967 924 ὑποθού-

2403 993 2604 1045 μενον’
2638 976 2713 1039 ὠς
2772 975 2867 1028 καὶ
2922 975 3023 1035 τὰς
3084 972 3337 1041 συνήθεις
3390 969 3553 1037 αὐτῇ,
3611 964 3709 1017 καὶ
3749 964 3852 1024 τὰς
3901 963 3966 1013 ὲκ

2402 1068 2663 1135 γειτόνων
2744 1065 2883 1135 πρὸς
2944 1063 3100 1116 τοῦτο
3177 1058 3647 1129 διακοσμουμένας
3726 1050 3967 1119 συνεχῶς

2400 1161 2808 1229 διαπέμπεσθαι
2837 1162 2945 1213 πᾶν
2973 1161 3110 1230 ὅπερ
3136 1158 3324 1225 ὲφετδν
3344 1155 3438 1208 καὶ
3458 1156 3640 1207 σαῖνον
3668 1148 3970 1217 ἐπιθυμίαν

2400 1255 2593 1308 δώσειν
2625 1253 3118 1323 ἐπαγγελλόμενος.
3158 1252 3225 1304 Ἠ
3254 1248 3312 1303 δὲ
3344 1250 3463 1309 τοῖς
3509 1246 3723 1316 ῥήμασι
3756 1242 3971 1301 τούτοις

2404 1345 2500 1396 καὶ
2553 1342 2925 1409 ὑποκνίσμασι
2980 1340 3079 1410 τὴν
3138 1337 3240 1407 τῆς
3314 1336 3547 1406 κρίσεως
3600 1331 3825 1402 ἡμέραν
3877 1328 3975 1380 καὶ

2401 1438 2492 1489 τὸν
2527 1436 2627 1502 τῆς
2673 1436 2897 1502 γεέννης
2959 1430 3227 1485 ἀντετίθει
3273 1429 3480 1498 φόϐον*
3528 1425 3669 1480 ἀλλὰ
3709 1422 3812 1493 μὲν
3854 1418 3969 1480 καὶ,

2404 1528 2508 1580 Τὸν
2537 1526 2689 1597 ἥλιον
2724 1524 3071 1595 αἰσχύνομαι,
3107 1523 3262 1591 φησὶ,
3297 1522 3547 1592 μάρτυρα
3592 1516 3689 1569 τοῦ
3723 1514 3972 1567 τοιούτου

2409 1625 2829 1696 μιάσματος.....
2857 1621 3168 1692 δραξαμένη
3210 1619 3460 1689 ῥήματος
3492 1616 3599 1667 τῶν
3626 1609 3975 1683 προαγωγῶν

2411 1720 2509 1786 μία
2546 1717 2871 1786 προσθήκην
2910 1713 3007 1767 τοῦ
3048 1711 3218 1767 κακοῦ
3270 1711 3364 1764 καλ⁸
3403 1709 3503 1776 τὴν
3552 1706 3728 1775 μάγον
3774 1703 3975 1771 ἔχουσα

2408 1809 2627 1878 τέχνην.
2699 1806 2944 1869 πιθανῶς
3000 1804 3163 1877 δῆθεν
3214 1804 3353 1874 αὐτῇ
3405 1801 3722 1870 προέτεινεν
3764 1816 3779 1831 ο
3811 1793 3976 1847 Ἀλλὰ

2415 1905 2553 1973 μετά
2577 1903 2783 1971 δυσμὰς
2813 1900 2985 1972 ἡλίου,
3014 1901 3260 1965 λέγουσα,
3286 1898 3404 1950 τόδε
3432 1912 3514 1947 σοι
3535 1889 3858 1963 πραχθήτω,
3882 1888 3977 1938 καὶ

2411 1993 2535 2047 οὗτε
2575 1994 2700 2046 τινὰ
2735 1993 2828 2046 τὸν
2872 1992 3316 2060 συγγινώσκοντα
3340 1989 3504 2053 ἕξεις,
3536 1985 3660 2038 οὔτε
3696 1983 3806 2052 μὴν
3838 1981 3975 2050 πρὶς

2408 2088 2541 2141 Θεὸν
2595 2086 2627 2157 ἢ
2685 2087 2821 2157 πρὸς
2874 2085 3217 2156 ἀνθρώπους,
3282 2083 3535 2153 μάρτυρα
3590 2079 3650 2132 τὸ
3709 2077 3978 2146 παράπαν

2410 2181 2693 2250 ἐσόμενον.
2732 2181 2920 2233 Ταῦτα
2956 2180 3157 2250 ἢκουσέ
3194 2194 3253 2230 τε
3278 2218 3292 2240 ,
3340 2176 3434 2227 καὶ
3482 2172 3581 2241 τὴν
3613 2171 3845 2239 καρδίαν
3890 2168 3981 2220 εύ-

2412 2270 2508 2332 θὺς
2544 2269 2919 2322 ὑποϐλέπει-αι
2945 2285 2959 2299 ο
2995 2268 3133 2333 γυνὴ
3170 2267 3279 2334 γὰρ
3313 2259 3380 2332 ἦν
3426 2262 3587 2329 φύσις
3632 2257 3981 2325 εὐεξαπάτη-

2411 2377 2502 2423 τος
2548 2362 2644 2413 καὶ
2690 2359 2988 2428 ἁλώσιμος,
3047 2357 3141 2411 καὶ
3197 2356 3433 2424 μάλιστα
3472 2355 3554 2405 ὅτι
3608 2352 3704 2403 καὶ
3753 2351 3887 2402 Θεὸν
3920 2348 3984 2402 τὸ

2413 2451 2660 2521 πραχθὲν
2684 2450 2839 2503 λάθοι
2870 2448 3105 2518 δολερῶς
3136 2448 3336 2517 ἤκουσε
3373 2446 3467 2498 καὶ
3510 2443 3804 2497 ἐπίστευσε
3837 2456 3851 2471 °
3886 2440 3985 2492 καὶ

2411 2543 2587 2607 οὕτως
2617 2544 2697 2607 είς
2733 2542 2894 2613 ἔργον
2929 2540 3090 2611 ἐξέϐη
3122 2538 3181 2592 τὸ
3213 2535 3448 2607 πονηρὸν
3480 2533 3750 2604 βούλημα.

2486 2636 2561 2693 Γ.
2624 2636 2779 2688 Ἐπεὶ
2829 2636 2906 2700 δὲ,
2963 2633 3104 2703 μετά
3145 2631 3243 2701 τὴν
3291 2627 3511 2696 πρᾶξιν,
3562 2626 3711 2682 ὅπως
3754 2618 3984 2687 αἰσχρὸν

2415 2728 2511 2781 καὶ
2542 2728 2781 2796 ἄσεμνον
2808 2728 2841 2795 ἡ
2867 2723 3115 2793 ἁμαρτία
3153 2716 3506 2787 γνωρίζεται,
3539 2712 3744 2782 πικρὰς
3783 2710 3988 2777 ἔχουσα

2415 2822 2512 2885 τὰς
2535 2820 2728 2882 ἀκίδας
2758 2818 2852 2871 καὶ
2895 2814 3137 2889 ἰσχυρῶς
3166 2812 3225 2865 τὸ
3264 2810 3508 2873 συνειδὸς
3550 2806 3983 2872 καταξαίνουσα,

2416 2914 2511 2967 καὶ
2563 2912 2798 2982 μάλιστα
2840 2909 2934 2963 τοῦ
2980 2907 3289 2980 πράξαντος
3336 2905 3533 2972 σεμνὸν
3601 2902 3662 2954 τὸ
3713 2900 3985 2968 πρότερον

2422 3006 2852 3077 μεταδιώκοντος
2922 3002 3035 3073 βίον
3100 3003 3194 3055 καὶ
3257 2998 3546 3070 φιλοσοφία
3615 2996 3985 3066 προσέχοντος

2417 3098 2653 3166 ἤρξαντο
2708 3095 2804 3146 καὶ
2856 3093 2994 3159 αὐτὴ
3054 3089 3475 3160 σπαράττεσθαι
3514 3087 3612 3157 τὴν
3661 3086 3845 3155 ψυχὴν
3892 3082 3987 3136 καὶ

743 3201 1069 3270 insipientize
1101 3218 1238 3257 meae
1277 3206 1331 3268 ¹;
1366 3222 1382 3252 ι
1414 3211 1469 3258 et
1504 3222 1515 3256 :
1550 3224 1567 3251 ι
1598 3204 1873 3259 Conversa
1924 3221 2042 3259 sum
2084 3204 2139 3256 in
2173 3216 2313 3256 seru.

2420 3187 2613 3263 πικρὸν
2656 3180 2768 3237 οἷον
2813 3184 2902 3236 τὸν
2937 3183 3240 3253 μετάμελον
3285 3181 3541 3251 δέχεσθαι
3566 3197 3580 3212 ο
3632 3180 3729 3241 El;
3771 3178 3892 3231 οἵαν
3927 3176 3985 3240 ἐξ

745 3310 946 3357 mnam,
991 3296 1119 3351 dum
1167 3297 1331 3353 inﬁxa
1361 3306 1447 3352 est
1480 3297 1611 3353 mihi
1639 3299 1817 3368 Spina.
1860 3315 1878 3347 ι
1918 3296 2040 3350 ﬂare
2101 3295 2315 3351 dicebat

742 3397 797 3439 et
827 3388 1181 3457 lacrymarum
1228 3391 1513 3444 emittebat
1569 3390 1748 3441 fontes
1805 3386 2030 3469 calidos,
2071 3387 2149 3442 sic
2191 3400 2317 3455 pec-

743 3482 849 3531 cati
880 3480 1199 3549 abstergens
1252 3481 1499 3535 faetorem
1554 3491 1608 3535 et
1655 3475 2077 3536 deformitatem.
2105 3479 2315 3546 Conjux

742 3576 924 3623 autent
954 3572 1211 3641 ignorans
1243 3587 1471 3627 causam
1511 3574 1629 3641 ejus
1672 3572 1927 3631 tristitiie.
1955 3570 2136 3623 omnia
2162 3569 2316 3621 dice-

744 3657 836 3709 bat
861 3668 914 3709 et
935 3656 1191 3721 faciebat.
1244 3674 1364 3711 eam
1405 3661 1695 3712 consolans
1725 3667 1780 3710 et
1810 3672 1907 3726 pro
1956 3657 2169 3709 viribus
2193 3668 2315 3708 eam

742 3764 949 3803 conans
1007 3764 1273 3803 recreare.
1321 3748 1426 3804 Sed
1473 3749 1582 3813 illa,
1612 3757 1839 3819 peccato
1881 3756 2133 3817 tanquam
2183 3762 2318 3816 quo-

742 3842 868 3895 dain
937 3843 1115 3896 ulcere
1177 3844 1383 3895 interna
1434 3849 1761 3911 depasccnte
1810 3852 1865 3895 et
1942 3840 2315 3912 cogitationem

745 3946 854 3985 non
878 3934 1094 3987 sinente
1124 3934 1427 4003 quiescere,
1461 3941 1579 3986 erat
1625 3933 2052 3996 inconsolabilis,
2108 3942 2163 3985 et
2196 3932 2317 3983 nul-

744 4024 848 4077 lam
906 4026 1224 4080 attendebat
1284 4025 1615 4087 orationem.
1679 4040 1798 4092 quae
1846 4037 1967 4077 eam
2019 4028 2317 4075 recrearet.

744 4116 1043 4183 Propterea
1069 4117 1261 4169 statuit
1297 4117 1482 4169 venire
1517 4114 1583 4167 ad
1609 4129 1772 4167 unum
1823 4130 1888 4167 ex
1926 4114 2095 4168 sacris
2129 4128 2316 4167 mona-

747 4206 952 4271 steriis,
995 4206 1050 4260 in
1086 4223 1195 4276 quo
1257 4208 1359 4278 piae
1398 4206 1802 4261 exercebantur
1833 4205 2066 4266 feminae.
2129 4215 2185 4259 et
2237 4204 2317 4258 sic

747 4299 928 4366 aliqua
992 4300 1203 4353 ratione
1261 4315 1453 4369 parare
1509 4300 1612 4353 sibi
1673 4300 2120 4353 consolationem.
2177 4295 2315 4350 Cum

747 4404 876 4459 ergo
907 4390 1150 4455 abiisset,
1194 4400 1249 4444 et
1298 4390 1417 4459 ejus
1466 4403 1587 4458 qua:
1639 4397 1868 4458 praeerat
1918 4388 2085 4457 pedes
2118 4400 2315 4455 appre-

2416 3278 2531 3338 οἵας
2560 3276 2723 3347 τιμῆς
2749 3275 2846 3345 τὴν
2895 3272 3159 3344 αἰσχύνην
3200 3273 3401 3342 μετέϐη
3443 3272 3456 3324 ι
3492 3268 3854 3340 Προσώζεσαν
3893 3266 3983 3315 καὶ

2416 3370 2699 3435 ὲσάπησαν
2726 3369 2774 3417 oi
2807 3368 3073 3435 μώλωπές
3104 3384 3230 3433 μου,
3258 3365 3515 3429 λέγουσα,
3548 3360 3653 3412 ἀπὸ
3692 3356 3983 3425 προσώπου

2417 3466 2516 3532 τῆς
2543 3460 2857 3531 ἀφροσύνης
2876 3462 3014 3529 μου,
3068 3458 3164 3512 καὶ
3195 3459 3277 3508 ὅτι
3312 3455 3558 3526 ἐτράφην
3590 3453 3670 3513 εἰς
3702 3450 3983 3503 ταλαιπω-

2424 3554 2567 3624 ρίαν,
2612 3554 2667 3605 ὲν
2695 3552 2770 3621 τῷ
2799 3550 3119 3622 ἐμπαγῆναι
3153 3567 3238 3619 μοι
3270 3546 3535 3601 ἄκανθαν.
3615 3544 3804 3596 Ταῦτα
3834 3544 3985 3609 ἐλεγέ

2418 3662 2476 3699 τε
2541 3645 2633 3698 καὶ
2670 3645 2879 3714 θερμὰς
2911 3641 3167 3712 δακρύων
3198 3640 3349 3711 ἠφίει
3392 3639 3603 3709 πηγὰς,
3658 3636 3719 3688 τὸ
3751 3635 3985 3697 δυσῶδες

2417 3738 2559 3792 οῦτω
2602 3741 2698 3792 καὶ
2740 3738 2976 3799 ἀκαλλὲς
3022 3739 3122 3806 τῆς
3169 3733 3450 3805 ἁμαρτίας
3510 3729 3985 3799 ἀποκαθαίρουσα.

2439 3823 2496 3876 Ὀ
2527 3826 2711 3893 μέντοι
2750 3824 3020 3885 σύνοικος,
3048 3824 3145 3893 τὴν
3187 3824 3367 3876 αίτίαν
3399 3822 3499 3887 τῆς
3528 3819 3987 3890 σκυθρωπότητος

2418 3915 2648 3983 ἀγνοῶν,
2705 3915 2883 3968 πάντα
2934 3929 2995 3966 τε
3053 3914 3208 3980 ἔλεγε
3263 3914 3357 3964 καὶ
3415 3914 3591 3964 ἐποίει
3647 3913 3987 3981 παρηγορῶν

2418 4008 2603 4079 αὐτὴν,
2648 4010 2740 4063 καὶ
2774 4010 2872 4080 ὅση
2897 4007 3148 4077 δύναμις,
3184 4006 3591 4076 ἀναλαμϐάνειν
3618 4006 3983 4074 πειρώμενοςο

2415 4103 2534 4157 ἀλλ’
2567 4103 2753 4173 ἐκείνη
2777 4102 2966 4171 ὥσπερ
3002 4103 3146 4166 τινὸς
3178 4101 3369 4164 ἕλκους
3408 4100 3511 4170 τῆς
3543 4100 3828 4170 ἁμαρτίας
3873 4100 3986 4152 δια-

2417 4196 2757 4264 ϐοσκομένης
2808 4194 2875 4246 τὰ
2918 4192 3089 4255 ἔνδον,
3156 4194 3249 4246 καὶ
3296 4194 3387 4244 τον
3431 4191 3692 4258 λογισμὸν
3757 4193 3985 4262 ἠρεμεῖν

2415 4285 2514 4336 οὐκ
2570 4285 2775 4351 ἐώσης,
2809 4282 3198 4352 ἀπαράκλητος
3234 4278 3302 4351 ἦν
3340 4280 3435 4331 καὶ
3467 4280 3642 4331 οὐδενὶ
3676 4279 3820 4346 λόγῳ
3849 4298 3986 4347 παρ-

2418 4376 2712 4445 ηγοροῦντι
2752 4377 3116 4443 προσέχουσα.
3148 4374 3245 4426 Διά
3274 4370 3447 4423 ταῦτα
3487 4372 3585 4423 καὶ
3635 4373 3717 4432 εἰς
3750 4371 3809 4421 ἓν
3849 4373 3986 4436 ἔγνω

750 4457 1053 4546 hendisset.
1092 4497 1212 4538 eam
1248 4457 1404 4538 val-de
1440 4481 1667 4553 rogabat
1691 4492 1744 4536 et
1777 4480 2019 4552 petebat,
2050 4488 2312 4548 utquam-

2419 4471 2527 4525 τῶν
2568 4469 2729 4540 ίερῶν
2763 4466 3060 4537 ἀφικέσθαι
3094 4462 3545 4538 φροντιστηρίων,
3578 4464 3635 4515 ἐν
3657 4457 3702 4529 ᾧ
3731 4464 3987 4529 γυναῖκες

749 4578 991 4645 primum
1050 4576 1341 4629 aflerretur
1392 4575 1637 4629 divinum
1704 4573 2073 4642 Evangelium.
2138 4575 2314 4626 Causa

751 4672 934 4716 autem
964 4671 1102 4727 erat,
1130 4670 1187 4716 ut
1222 4661 1349 4715 hinc
1375 4660 1575 4715 certior
1605 4659 1777 4723 fieret.
1814 4674 1881 4712 an
1911 4659 2056 4727 quod
2087 4672 2318 4727 vespere

752 4753 801 4807 ei
841 4758 1045 4807 factum
1100 4756 1298 4814 fuerat.
1331 4752 1593 4806 evasisset
1616 4751 1841 4806 evidens
1886 4749 1980 4804 Dei
2033 4750 2223 4806 oculis.
2252 4749 2322 4803 Et

756 4844 909 4915 quid,
942 4845 1018 4897 ait
1061 4844 1111 4899 ei
1170 4844 1445 4913 praelecta,
1481 4854 1566 4898 est
1602 4843 1713 4898 Deo
1752 4842 2129 4912 incognitum?
2177 4841 2318 4895 Nutu

754 4936 903 4990 enim
938 4934 1103 5007 (sicut
1133 4935 1209 4990 ait
1249 4934 1468 4990 divinus
1507 4935 1673 4989 David
1706 4935 1748 5001 ³)
1784 4935 1877 5007 qui
1928 4933 2193 5003 plantavit
2218 4950 2315 4988 au-

753 5044 868 5082 rem
891 5046 1001 5084 non
1040 5029 1236 5085 audit?
1281 5043 1375 5083 aut
1411 5030 1501 5099 qui
1538 5029 1693 5084 ﬁnxit
1751 5029 1969 5084 oculum
2019 5043 2131 5083 non
2182 5043 2319 5083 con-

756 5120 983 5184 siderat.
1021 5120 1107 5174 cui
1147 5121 1233 5175 vel
1259 5122 1375 5191 ipse
1404 5123 1611 5191 primus
1658 5130 1713 5177 et
1750 5121 1908 5176 exilis
1938 5120 2119 5175 cordis
2149 5120 2321 5176 nostri

756 5221 941 5265 motus
1001 5213 1187 5267 evadit
1240 5214 1606 5268 manifestus?
1642 5215 1747 5268 Sed
1784 5215 1829 5268 si
1876 5215 2118 5270 dolorem
2183 5214 2323 5269 nolis

760 5303 960 5361 lubere
1023 5304 1408 5369 intensiorem,
1470 5306 1604 5361 mihi
1662 5319 1871 5375 expone
1914 5306 2169 5373 quidnam
2230 5307 2322 5372 sit.

758 5395 906 5466 quod
950 5404 1102 5450 tuum
1135 5396 1349 5451 mordet
1369 5398 1656 5464 animum;
1695 5410 1746 5453 et
1782 5397 2015 5453 fortasse
2036 5398 2193 5453 nobis
2210 5415 2320 5453 non

756 5486 927 5541 deerit
990 5489 1312 5544 remedium.
1370 5488 1467 5543 Illa
1523 5499 1703 5543 autem
1759 5489 2134 5543 recordatione
2183 5490 2320 5557 ejus,

758 5586 905 5649 quod
942 5581 1143 5636 factum
1193 5582 1395 5647 fuerat,
1446 5592 1715 5637 commota
1761 5582 1829 5635 ad
1854 5582 2142 5651 lacrymas,
2180 5584 2323 5651 quod

758 5674 828 5725 ab
855 5672 1009 5726 initio
1035 5673 1282 5742 petierat,
1311 5674 1492 5728 denuo
1520 5666 1906 5741 petiitChristi
1943 5671 2317 5741 Evangelium.

834 5847 846 5875 ‘
881 5845 1013 5899 Psal.
1046 5860 1246 5905 xxvvu.
1278 5847 1333 5901 6.
1410 5849 1428 5877 ’
1466 5844 1607 5900 Psal.
1639 5858 1780 5905 xui,
1814 5843 1863 5895 «ί.
1944 5842 1961 5873 ³
1989 5838 2132 5894 Psal.
2169 5854 2317 5904 xcm,
2346 5840 2398 5894 9.

2418 4564 2684 4633 ἠσκοῦντο
2710 4561 3005 4625 θεοσεϐεῖς,
3031 4562 3129 4613 καὶ
3162 4556 3309 4614 οὕτω
3341 4558 3544 4627 τρόπον
3574 4557 3699 4609 τινὰ
3728 4554 3991 4625 παραψυ-

2418 4657 2521 4725 χῆς
2582 4657 2754 4725 ἑαυτῇ
2807 4654 3250 4724 μηχανήσασθαι.
3299 4647 3642 4702 ’Δπελθοῦσα
3694 4646 3829 4714 γοῦν
3898 4646 3991 4700 καὶ

2415 4747 2526 4802 τῶν
2556 4746 2655 4816 τῆς
2691 4744 3048 4815 προεστώσης
3078 4740 3354 4809 λαϐομένη
3404 4739 3582 4791 ποδῶν
3606 4777 3622 4802 ,
3701 4740 3878 4808 πολλὴ
3909 4756 3992 4802 τις

2415 4836 2486 4911 ἦν
2534 4841 2762 4911 δεομένη
2805 4839 3030 4906 ταύτης,
3063 4836 3158 4889 καὶ
3195 4834 3255 4887 τὸ
3290 4834 3435 4887 θεῖον
3470 4830 3807 4901 Εὐαγγέλιον
3852 4848 3991 4902 παρο

2416 4932 2653 5003 αχθῆναι
2708 4930 2771 4983 τὸ
2820 4929 2985 5000 τάχος
3033 4926 3261 4981 αἰτοῦσα
3292 4941 3305 4954 ·
3357 4924 3451 4978 καὶ
3494 4925 3558 4977 τὸ
3615 4924 3793 4976 αἴτιον
3852 4920 3991 4975 ὥστε

2418 5026 2800 5095 πληροφορίαν
2852 5021 3068 5074 ἐκεῖθεν
3124 5018 3349 5081 λαϐεῖν,
3422 5017 3471 5068 εί
3526 5016 3588 5068 τὸ
3646 5015 3990 5084 διαπραχθὲν

2419 5119 2659 5188 ἑσπέρας
2677 5119 2817 5184 αὐτῇ
2842 5116 2953 5176 τοῖς
2972 5113 3067 5166 τοῦ
3088 5109 3223 5165 Θεοῦ
3241 5109 3399 5178 δῆλον
3422 5111 3642 5178 γέγονεν
3665 5107 3841 5176 ὀφθαλ
3850 5110 3986 5177 μοῖς.

2420 5211 2530 5265 Καὶ
2562 5210 2635 5273 τί,
2676 5209 2838 5277 φησὶν
2888 5210 2921 5277 ἡ
2967 5204 3353 5272 καθηγουμένη
3383 5202 3521 5272 πρὸς
3552 5199 3745 5271 αὐτὴν,
3793 5202 3989 5271 ἠγνόη.

2422 5316 2511 5353 ται
2544 5298 2619 5368 τῷ
2673 5298 2833 5368 Sed};
2874 5296 2966 5363 Μὴ
3025 5296 3136 5365 γὰρ
3172 5292 3265 5362 (ὡς
3321 5292 3348 5343 ὸ
3403 5290 3543 5353 θεῖος
3589 5288 3694 5361 ἔφη
3739 5288 3927 5357 Δαυῒδ)
3965 5291 3991 5340 ὀ

2422 5390 2696 5459 φυτεύσας
2748 5390 2807 5442 τδ
2851 5384 2943 5450 οῦς
2987 5388 3108 5454 οὐχὶ
3164 5383 3390 5445 ἀκούεις
3442 5381 3475 5451 ἢ
3542 5381 3570 5434 ὁ
3639 5381 3862 5443 πλάσας
3902 5384 3989 5433 τὸν

2422 5480 2701 5549 ὀφθαλμὸν
2730 5478 2854 5547 οὐχὶ
2898 5476 3195 5536 κατανοεῖ,
3344 5470 3442 5522 καὶ
3474 5470 3609 5538 αὑτὴ
3654 5466 3852 5537 πρώτη
3900 5468 3988 5541 καὶ

2425 5572 2596 5644 λεπτὴ
2659 5573 2873 5641 κίνησις
2925 5570 3023 5637 τῆς
3083 5564 3310 5636 καρδίας
3362 5561 3523 5633 ἡμῶν
3570 5557 3710 5629 δήλη
3757 5559 3990 5627 γίνεται,

2429 5668 2595 5738 πλὴν,
2627 5668 2674 5721 εί
2725 5664 2797 5737 μὴ
2853 5662 3067 5735 μέλλοις
3117 5658 3407 5714 ἐπιτείνειν
3456 5656 3516 5710 τὸ
3563 5652 3833 5724 ἄλγημα,
3871 5650 3993 5721 ιμοὶ
